code,internal_code,name,manufacturer_name,manufacture_country,manufacturer_item_description,unit_qty,quantity,unit_of_measure,weighted,qty_in_package,price,unit_of_measure_price,allow_discount,status,item_id
30095434,false,לק גוון 41 יח',לוריאל,DE,לק גוון 41,יחידה,1.00,יחידה,false,1,41.90,41.90,true,1,
30139077,false,אססי ג'ל קוטור COAT TOP,,FR,אססי ג'ל קוטור T,יחידה,1.00,יחידה,false,0,49.90,49.90,true,1,
30145436,false,מסקרה קולוסאל באונס יח',,IT,מסקרה קולוסאל בא,יחידה,1.00,יחידה,false,1,45.00,45.00,true,1,
30148109,false,שפתון אינק וויניל  45 יח,סופרוג'ם,FR,שפתון אינק וויני,יחידה,1.00,יחידה,false,1,45.00,45.00,true,1,
30152830,false,סקיי היי מסקרה קוסמיק יח,סייפו,IT,סקיי היי מסקרה ק,יחידה,1.00,יחידה,false,1,45.00,45.00,true,1,
30153332,false,אבסולו ריצ'  קרם עשיר 15,,FR,אבסולו ריצ'  קרם,מיליליטרים,15.00,"100 מ""ל",false,1,49.90,332.67,true,1,
30166967,false,מסקרה HIGH SKY,סייפו,IT,מסקרה HIGH SKY,יחידה,1.00,יחידה,false,1,45.00,45.00,true,1,
30166974,false,מייבלין מסקרה קולוסל 36,,IT,מייבלין מסקרה קו,יחידה,1.00,יחידה,false,1,40.00,40.00,true,1,
30167131,false,ג'ל קוטור 484 יח',,ES,ג'ל קוטור 484,יחידה,1.00,יחידה,false,1,49.90,49.90,true,1,
30173408,false,לק ג'ל קוטור יח' 514,לוריאל,ES,לק ג'ל קוטור514,יחידה,1.00,יחידה,false,1,49.90,49.90,true,1,
30173422,false,קונסילר אינפליבל 332,לוריאל,IL,קונסילר אינפליבל,יחידה,1.00,יחידה,false,1,67.90,67.90,true,1,
30173484,false,קונסילר אינפליבל 338 11,לוריאל,FR,קונסילר אינפליבל,יחידה,1.00,יחידה,false,1,67.90,67.90,true,1,
30173583,false,קונסילר אינפלבל 323 יח',,IL,קונסילר אינפלבל,יחידה,1.00,יחידה,false,1,67.90,67.90,true,1,
30174078,false,שפתון עפרון אינק 30 יח',,FR,שפתון עפרון אינק,יחידה,1.00,יחידה,false,1,29.90,29.90,true,1,
30174122,false,שפתון עפרון אינק 55יח',,FR,שפתון עפרון אינק,יחידה,1.00,יחידה,false,1,29.90,29.90,true,1,
30174139,false,שפתון עפרון אינק 60יח',,FR,שפתון עפרון אינק,יחידה,1.00,יחידה,false,1,29.90,29.90,true,1,
30175525,false,"קונסילר סופר סטיי 05 מ""ל",,IL,קונסילר סופר סטי,יחידה,1.00,יחידה,false,1,19.90,19.90,true,1,
30175587,false,קונסילר סופר סטיי 30 6 מ,,IL,קונסילר סופר סטי,מיליליטרים,6.00,"100 מ""ל",false,1,19.90,331.67,true,1,
30179493,false,מסקרה מגה ווליום יח',,IT,מסקרה מגה ווליום,יחידה,1.00,יחידה,false,1,50.00,50.00,true,1,
40052403,false,חטיף קיט קאט אצבעות41ג,נסטלה,DE,חטיף קיט קאט,גרמים,41.00,100 גרם,false,1,4.90,11.95,true,1,
40144061,false,חטיף וופל קנופרס 25 גרם,שטורק,DE,חטיף וופל,גרמים,25.00,100 גרם,false,1,3.60,14.40,true,1,
42207443,false,"קרם ניוואה סופט 50 מ""ל",ביירסדורץ,IL,קרם ניוואה סופט,מיליליטרים,50.00,"100 מ""ל",false,0,8.90,17.80,true,1,
42299363,false,"דאוOCEAN. ניוואה 50מ""ל",ביירסדורץ,IL,דאודורנט ניוואה,מיליליטרים,50.00,"100 מ""ל",false,1,13.90,27.80,true,1,
50120000,false,דאודורנט רול-און אינביזי,יוניליוור אנגליה,GB,דאו רול אינביזיב,מיליליטרים,50.00,"100 מ""ל",false,1,12.90,25.80,true,1,
50398904,false,"קרם חמצן6% בקבוק 60 מ""ל",גדעון קוסמטיקס,IL,קרם חמצן 6%,מיליליטרים,60.00,"100 מ""ל",false,0,4.90,8.17,true,1,
59079798,false,דאו רול און שאוור פרש50מ,"יוניליוור אנגליה, דרך קו",GB,דאו.רקסונה,מיליליטרים,50.00,"100 מ""ל",false,1,17.90,35.80,true,1,
59082637,false,דאו רול און אקסטרה 50ג,---,GB,רקסונה רול און,מיליליטרים,50.00,"100 מ""ל",false,1,17.90,35.80,true,1,
80001287,false,חטיף גרדנה אגוז 38 גרם,---,AT,חטיף גרדנה,גרמים,38.00,100 גרם,false,0,4.90,12.89,true,1,
80050025,false,סוכריות טיק-טק תפוז16גרם,פררו,ZA,טיק טק תפוז,גרמים,16.00,100 גרם,false,0,3.90,24.38,true,1,
80050124,false,טיק טק סוכריות מנטה16גרם,פררו,ZA,סוכריות טיק טק,גרמים,16.00,100 גרם,false,0,3.90,24.38,true,1,
80052760,false,קינדר בואנו 2 * 21.5 גרם,פררו,PL,קינדר בואנו זוג,גרמים,43.00,100 גרם,false,0,5.00,11.63,true,1,
80136194,false,הפי היפו אגוזי לוז 23*5ג,פררו,DE,חטיף הפי היפו5יח,גרמים,115.00,100 גרם,false,1,13.90,12.09,true,1,
80310167,false,קינדר מקסי שישיה126( גר),פררו,DE,קינדר מקסי,גרמים,126.00,100 גרם,false,0,10.90,8.65,true,1,
80761761,false,קינדר בואנו לבן 19.5*2גר,פררו,PL,קינדר בואנו לבן,גרמים,39.00,100 גרם,false,0,5.00,12.82,true,1,
80762362,false,מנטוס וויט מנטה אקליפט60,פרפטי ואן מלה,TR,מנטוס וויט,גרמים,60.00,100 גרם,false,1,8.90,14.84,true,1,
80769699,false,מנטוס וויט פירות מנטה60ג,פרפטי ואן מלה,TR,מנטוס וויט,גרמים,60.00,100 גרם,false,0,8.90,14.84,true,1,
80773429,false,מסטיק מנטוס בקבוק תות60ג,"פרפטי ואן מלה ג'\ידה,סאן",TR,מנטוס בקבוק,גרמים,60.00,100 גרם,false,1,8.90,14.83,true,1,
80773443,false,מסטיק  מנטה עדינה בקבוק,"פרפטי ואן מלה ג'\ידה,סאן",TR,מסטיק מנטוס,גרמים,60.00,100 גרם,false,1,8.90,14.83,true,1,
80776307,false,מסטיק פירות מנטה בקבוק90,---,TR,מסטיק מנטוס,גרמים,90.00,100 גרם,false,1,19.90,22.11,true,1,
80790990,false,מסטיק פירות מנטה בקבוק,"פרפטי ואן מלה ג'\ידה,סאן",TR,מסטיק מנטוס,גרמים,60.00,100 גרם,false,1,8.90,14.83,true,1,
80831402,false,"סוכ.מנטה עדינה לל""ס21ג",פרפטי ואן מלה,NL,סוכריות מנטה,גרמים,21.00,100 גרם,false,1,6.90,32.86,true,1,
80850885,false,מנטוס וויט מנטה עדינה60ג,פרפטי ואן מלה,TR,מנטוס וויט,גרמים,60.00,100 גרם,false,0,8.90,14.84,true,1,
80854753,false,"סוכ.מנטוס מנטה לל""ס21גרם",פרפטי ואן מלה,NL,סוכריות מנטוס,גרמים,21.00,100 גרם,false,1,6.90,32.86,true,1,
80874652,false,קינדר קארדס 25.6 גרם,---,IT,קינדר קארדס,גרמים,26.00,100 גרם,false,1,4.30,16.54,true,1,
80896081,false,מסטיק מנטוס אבטיח60גרם,"פרפטי ואן מלה ג'\ידה,סאן",TR,מנטוס בקבוק,גרמים,60.00,100 גרם,false,1,8.90,14.83,true,1,
80913467,false,מסטיק מנטוס מנטה בקבוק60,פרפטי ואן מלה,TR,מסטיק מנטוס,גרמים,60.00,100 גרם,false,1,8.90,14.83,true,1,
80926481,false,מסטיק מנטוס אבטיח90גרם,"פרפטי ואן מלה ג'ידה,סאן",TR,מסטיק מנטוס,גרמים,90.00,100 גרם,false,1,19.90,22.11,true,1,
80945468,false,מנטוס פיורוויט מנטה מתוק,"פרפטי ואן מלה ג'ידה,סאן",TR,מנטוס פיור וויט,גרמים,60.00,100 גרם,false,1,8.90,14.84,true,1,
80986348,false,מנטוס פיור וויט מנטה60ג,"פרפטי ואן מלה ג'ידה,סאן",TR,מנטוס פיור וויט,גרמים,60.00,100 גרם,false,1,8.90,14.84,true,1,
87108712,false,מנטוס טעם פירות4יח37.5Xג,פרפטי ואן מלה,NL,מנטוס פירות 4,גרמים,150.00,100 גרם,false,0,11.90,7.93,true,1,
87311396,false,מנטוס ריינבאו גליל 37.50,פרפטי ואן מלה,NL,מנטוס ריינבאו,גרמים,37.00,100 גרם,false,0,3.90,10.54,true,1,
16000548503,false,נייטשר וואלי מייפל 5יח,ג'נרל מילס סאן אדריאן,ES,חטיף נייטשר ואלי,גרמים,210.00,100 גרם,false,0,14.90,7.10,true,1,
20714004507,false,שפתון מראה טבעי שחור דבש,אסתי לאודר,BE,שפתון מראה טבעי,יחידה,1.00,יחידה,false,1,149.00,149.00,true,1,
20714080310,false,"הפי אדט לגבר 100 מ""ל",קליניק בישום,US,הפי אדט לגבר,מיליליטרים,100.00,"100 מ""ל",false,0,159.00,159.00,true,1,
20714139193,false,דיפ קומפורט בודי 200מל,קליניק,GB,דיפ קומפורט ב,מיליליטרים,200.00,"100 מ""ל",false,0,169.00,84.50,true,1,
20714215552,false,"מסיר איפור באלם 125 מ""ל",קליניק,JP,מסיר איפור באלם,מיליליטרים,125.00,"100 מ""ל",false,0,165.00,132.00,true,1,
20714227661,false,סבון פנים לעור מעורב200מ,קליניק,BE,סבון פנים לעור,מיליליטרים,200.00,"100 מ""ל",false,0,115.00,57.50,true,1,
20714251055,false,קל.סומ.בלאשינג בלאש20,קליניק,US,קל.סומ.בלאשינג ב,יחידה,1.00,יחידה,false,0,189.00,189.00,true,1,
20714462765,false,מי הסרה עור יבש עד מעורב,קליניק,GB,מי הסרה שלב 2,מיליליטרים,200.00,"100 מ""ל",false,0,115.00,57.50,true,1,
20714462772,false,מי הסרה-מעורב עד שמן200מ,קליניק,GB,מי הסרה-עור מעור,מיליליטרים,200.00,"100 מ""ל",false,0,115.00,57.50,true,1,
20714598907,false,תחליב לחות עור יבש125מל,קליניק,GB,תחליב לחות DDML,מיליליטרים,125.00,"100 מ""ל",false,0,259.00,207.20,true,1,
20714776114,false,קרם הגנה מינרלי לפנים30מ,קליניק,BE,קרם הגנה מינרלי,מיליליטרים,30.00,"100 מ""ל",false,0,125.00,416.67,true,1,
20714899851,false,שפתון די די ליפ 01 יח',קליניק,CA,שפתון די די ליפ,יחידה,1.00,יחידה,false,1,119.00,119.00,true,1,
20714968908,false,קונסילר טיפולי  Ch Cream,,CA,קונסילר טיפולי,יחידה,1.00,יחידה,false,1,145.00,145.00,true,1,
27131043317,false,Pleasures אדפ לאשה 100מל,אסתי לאודר בישו,CN,Pleasures אדפ לא,מיליליטרים,100.00,"100 מ""ל",false,0,269.00,269.00,true,1,
27131187066,false,WEAR DOUBLE מייק אפ 3C2,אסתי לאודר,BE,WEAR DOUBLE מייק,מיליליטרים,30.00,"100 מ""ל",false,0,159.00,530.00,true,1,
27131187073,false,WEAR DOUBLE מייק אפ 4N1,אסתי לאודר,BE,WEAR DOUBLE מייק,מיליליטרים,30.00,"100 מ""ל",false,0,159.00,530.00,true,1,
27131669029,false,עפרון שפתיים דאבל סטיי01,אסתי לאודר,DE,עפרון שפתיים דאב,יחידה,1.00,יחידה,false,0,120.00,120.00,true,1,
27131969853,false,WEAR DOUBLE מייק אפ 2W2,אסתי לאודר,BE,מייק אפ 2W2,מיליליטרים,30.00,"100 מ""ל",false,0,159.00,530.00,true,1,
35000689535,false,2 קולגייט מקס וייט סופט,"ש. שסטוביץ בע""\מ",CN,מברשות שיניים2X,יחידה,1.00,יחידה,false,0,23.90,23.90,true,1,
36000516890,false,קלינקס לושן 3 שכבות120יח,חוגלה קימברלי,US,קלינקס לושן,יחידה,1.00,יחידה,false,1,19.90,19.90,true,1,
38000232176,false,פרינגלס שמנת בצל 158 גרם,פרינגלס מנופקצ'ורינג קונ,US,פרינגלס שמנת בצל,גרמים,158.00,100 גרם,false,1,8.90,5.64,true,1,
38000232183,false,פרינגלס אורגינל 149 גרם,פרינגלס מנופקצ'ורינג קונ,US,פרינגלס אורגינל,גרמים,149.00,100 גרם,false,1,8.90,5.97,true,1,
40000512943,false,מ&מ'ס שוקולד 303 גרם,מרס,US,עדשים מ&מ'ס,גרמים,303.00,100 גרם,false,1,25.90,8.55,true,1,
40000513056,false,מ&מ'ס בוטנים 303 גרם,מרס,US,עדשים מ&מ'ס,גרמים,303.00,100 גרם,false,1,25.90,8.55,true,1,
40000513568,false,עדשים מ&מ'ס שוקולד 156 ג,מרס,US,עדשים מ&מ'ס,גרמים,156.00,100 גרם,false,1,12.50,8.01,true,1,
40000513582,false,עדשים מ&מ'ס בוטנים 156 ג,מרס,US,עדשים מ&מ'ס,גרמים,156.00,100 גרם,false,1,12.50,8.01,true,1,
40000514480,false,עדשי מ&מ'ס שוקולד 48 גרם,מרס,US,עדשי מ&מ'ס,גרמים,48.00,100 גרם,false,1,5.00,10.42,true,1,
70970471254,false,סוכ.ג'לי בטעם פירות 141ג,ג'\אסט בורן,US,סוכריות ג'לי,גרמים,141.00,100 גרם,false,1,11.90,8.44,true,1,
71249290415,false,שפתון אינפליבל עמיד209יח,לוריאל,US,שפתון אינפליבל ע,יחידה,1.00,יחידה,false,1,63.90,63.90,true,1,
77975094778,false,שברי בייגלה דבש חרדל340ג,סניידרס אוף האנובר,US,סניידרס דבש חרדל,גרמים,340.00,100 גרם,false,1,13.90,4.09,true,1,
79625014112,false,מברשת אקספרט להנחת מייק,,IL,מברשת אקספרט להנ,יחידה,1.00,יחידה,false,1,45.00,45.00,true,1,
79625014624,false,מארז שתי ספוגיות מייק אפ,,IL,מארז שתי ספוגיות,יחידה,1.00,יחידה,false,1,65.00,65.00,true,1,
79625017045,false,מברשת מיני רב שימוש לאפו,,IL,מברשת מיני רב שי,יחידה,1.00,יחידה,false,1,35.00,35.00,true,1,
79625017861,false,מארז סט מברשות,,IL,מארז סט מברשות,יחידה,1.00,יחידה,false,1,99.00,99.00,true,1,
85715165688,false,מארז אינסטינקט אדפ לאישה,,US,אינסטינקט אדפ סט,יחידה,1.00,יחידה,false,1,299.00,299.00,true,1,
85715168023,false,"אותניק נייט אדט 100 מ""ל",,US,אותניק נייט אדט,מיליליטרים,100.00,"100 מ""ל",false,1,269.00,269.00,true,1,
85715169303,false,אברקרומבי אוי טונייט100מ,אינטר פרמיום,US,אברקרומבי AWAY,מיליליטרים,100.00,"100 מ""ל",false,1,299.00,299.00,true,1,
85715169709,false,אברקרומבי AWAY ג אדט100מ,אינטר פרמיום,US,אברקרומבי AWAY ג,מיליליטרים,100.00,"100 מ""ל",false,1,319.00,319.00,true,1,
85715326508,false,גאס בלה ויטה אדט רוז100מ,אינטר פרמיום,FR,גאס בלה ויטה אדט,מיליליטרים,100.00,"100 מ""ל",false,1,209.00,209.00,true,1,
85805557331,false,וויט טי א.אדט100,אלפא בישום,US,וויט טי א.אדט100,מיליליטרים,100.00,"100 מ""ל",false,0,199.00,199.00,true,1,
192333042809,false,מויסטר סרג 72שעות 50מל,,GB,מויסטר סרג אינטנ,מיליליטרים,50.00,"100 מ""ל",false,1,155.00,310.00,true,1,
192333051894,false,מארז לחות וניקוי אנטי אי,,GB,מארז לחות וניקוי,יחידה,1.00,יחידה,false,1,249.00,249.00,true,1,
192333066935,false,מויסטר סרג' 100 שעות 50מ,,US,מויסטר סרג' 100,מיליליטרים,50.00,"100 מ""ל",false,1,155.00,310.00,true,1,
192333077863,false,איבן בטר קליניקל 40 מייק,,FR,איבן בטר קליניקל,מיליליטרים,30.00,"100 מ""ל",false,1,220.00,733.33,true,1,
192333119921,false,מתנת תיק עם 4 פר,,,מתנת תיק עם 4 פר,יחידה,1.00,יחידה,false,0,49.00,49.00,true,1,
305210256712,false,וזלין לשפתיים אורגינל,יוניליוור,US,וזלין לשפתיים או,יחידה,1.00,יחידה,false,1,14.90,14.90,true,1,
305210416383,false,קרם גוף וזלין לגבר600,"יוניליוור, ג'פרסון סיטי,",US,קרם גוף וזלין,מיליליטרים,600.00,"100 מ""ל",false,1,25.90,4.32,true,1,
309970093631,false,פוטורדי פריימר פלוס 30מל,,US,פוטורדי פריימר פ,מיליליטרים,30.00,"100 מ""ל",false,1,99.00,330.00,true,1,
309971879258,false,שפתון קיס באלם30 יח',רבלון,US,שפתון קיס באלם30,יחידה,1.00,יחידה,false,0,20.90,20.90,true,1,
309973174108,false,ק.סטיי שפתון אולטימט 10,רבלון,US,שפתון אולטימט,יחידה,1.00,יחידה,false,0,74.90,74.90,true,1,
309975410020,false,מייק אפ קולורסטיי 150,רבלון,US,מייק אפ קולורסטי,מיליליטרים,30.00,"100 מ""ל",false,0,104.90,349.67,true,1,
309975410075,false,מייק אפ קולורסטיי 250,רבלון,US,מייק אפ קולורסטי,מיליליטרים,30.00,"100 מ""ל",false,0,104.90,349.67,true,1,
309975410112,false,מייק אפ Tan Natural 330,רבלון,US,מייק אפ,מיליליטרים,30.00,"100 מ""ל",false,0,104.90,349.67,true,1,
309975410174,false,מייק אפ קולורסטיי 400,רבלון,US,מייק אפ קולורסטי,מיליליטרים,30.00,"100 מ""ל",false,0,104.90,349.67,true,1,
309975415063,false,מייק אפ קולורסטיי 240,רבלון,US,מייק אפ קולורסטי,מיליליטרים,30.00,"100 מ""ל",false,0,104.90,349.67,true,1,
309977563014,false,מסקרה סופיירס שחורה יח',,US,מסקרה סופיירס שח,יחידה,1.00,יחידה,false,1,69.90,69.90,true,1,
309979380145,false,שפתון ק.סטיי אוברטיים014,רבלון,US,שפתון ק.סטיי אוב,יחידה,1.00,יחידה,false,0,72.90,72.90,true,1,
309979380367,false,שפתון ק.סטיי אוברטיים036,רבלון,US,שפתון ק.סטיי אוב,יחידה,1.00,יחידה,false,0,72.90,72.90,true,1,
608940543313,false,Fleur Reb'l אדפ לאשה100מ,אלפא בישום,US,Fleur Reb'l לאשה,מיליליטרים,100.00,"100 מ""ל",false,0,99.00,99.00,true,1,
608940574706,false,ALWAYS LOVE Reb'lאדפ100מ,,US,ALWAYS LOVE RRF,מיליליטרים,100.00,"100 מ""ל",false,1,99.00,99.00,true,1,
608940577752,false,רוז ראש פרגרנס מיסט236מל,,US,רוז ראש,מיליליטרים,236.00,"100 מ""ל",false,0,44.90,19.02,true,1,
608940579572,false,פלטינום פרגרנס מיסט236מל,,US,פלטינום פרגרנס,מיליליטרים,236.00,"100 מ""ל",false,0,49.90,21.14,true,1,
608940580554,false,לוקס ראש אדפ אשה100מל,,US,לוקס ראש אדפ,מיליליטרים,100.00,"100 מ""ל",false,0,109.00,109.00,true,1,
608940583890,false,בילי אייליש אדפ מארז,,US,בילי אייליש אדפ,מיליליטרים,110.00,"100 מ""ל",false,1,249.00,226.36,true,1,
651080161510,false,35 קיסם עם חוט ג'ורדן,קלרו,CN,קיסם עם חוט,יחידה,1.00,יחידה,false,1,13.50,13.50,true,1,
651080366519,false,"פלאקרס ""טווין ליין""",ג'ורדן,IL,פלאקרס טווין ליי,יחידה,1.00,יחידה,false,0,13.90,13.90,true,1,
651080647519,false,36קיסם +חוט מנטה ג'ורדן,קלרו,US,קיסם עם חוט,יחידה,1.00,יחידה,false,1,13.50,13.50,true,1,
667548099219,false,אמבר רומנס פרגרנס 250מל,ויקטוריה סיקרט,IL,אמבר רומנס,מיליליטרים,250.00,"100 מ""ל",false,1,49.00,19.60,true,1,
693102300019,false,קונסילר נוזליים Dawn יח',,IL,קונסילר נוזליים,יחידה,1.00,יחידה,false,1,96.00,96.00,true,1,
693102300033,false,קונסילר נוזליים Sunset י,,IL,קונסילר נוזליים,יחידה,1.00,יחידה,false,1,96.00,96.00,true,1,
693102300040,false,קונסילר נוזליים Dusk יח',,IL,קונסילר נוזליים,יחידה,1.00,יחידה,false,1,96.00,96.00,true,1,
693102400092,false,פריימר אבסולוט קאוור 30,OFRA,IL,פריימר אבסולוט ק,מיליליטרים,30.00,"100 מ""ל",false,1,119.00,396.67,true,1,
693102500372,false,שפתון נוזלי-לגונה ביץ',OFRA,US,שפתון-לגונה ביץ',יחידה,1.00,יחידה,false,0,89.00,89.00,true,1,
693102500563,false,שפתון נוזלי-סאו פאולו,OFRA,US,שפתון-סאו פאולו,יחידה,1.00,יחידה,false,0,89.00,89.00,true,1,
693102500631,false,שפתון נוזלי-מיאמי פיבר,OFRA,US,שפתון-מיאמי פיבר,יחידה,1.00,יחידה,false,0,89.00,89.00,true,1,
693102500778,false,שפתון נוזלי-אריס יח',OFRA,US,שפתון-אריס,יחידה,1.00,יחידה,false,0,89.00,89.00,true,1,
693102500785,false,שפתוןו נוזלי-צ'ארמד,OFRA,US,שפתוןו-צ'ארמד,יחידה,1.00,יחידה,false,0,89.00,89.00,true,1,
693102500952,false,שפתון נוזלי-ניוד פושן,OFRA,US,שפתון-ניוד פושן,יחידה,1.00,יחידה,false,0,89.00,89.00,true,1,
693102531192,false,פאלטת סמקים  ושי,,,פאלטת סמקים  ושי,יחידה,1.00,יחידה,false,0,160.00,160.00,true,1,
693102594708,false,פודרה שקופה באבן יח',,IL,פודרה שקופה באבן,יחידה,1.00,יחידה,false,1,184.00,184.00,true,1,
693102660007,false,פלקסי/ ליפ גלוס יח',,IL,פלקסי/ ליפ גלוס,יחידה,1.00,יחידה,false,1,80.00,80.00,true,1,
693102660076,false,פלקסי ליפ גלוס יח',,IL,פלקסי ליפ גלוס,יחידה,1.00,יחידה,false,1,80.00,80.00,true,1,
693102711488,false,פודרה שקופה דחוסה,,IL,פודרה שקופה דחוס,יחידה,1.00,יחידה,false,1,178.00,178.00,true,1,
693102800076,false,פאלטת גלואו אפ יח',OFRA,US,פאלטת גלואו אפ,יחידה,1.00,יחידה,false,0,205.00,205.00,true,1,
693102800113,false,Palette Soul פלטה יח',,IL,Palette Soul פלט,יחידה,1.00,יחידה,false,1,280.00,280.00,true,1,
693102800250,false,פלטת מיני מיקס סולסטיס י,,IL,פלטת מיני מיקס ס,יחידה,1.00,יחידה,false,1,185.00,185.00,true,1,
693102800359,false,מארז חגיגי פלטת היילטרים,,IL,פלטת 5 היילטרים,יחידה,1.00,יחידה,false,1,224.00,224.00,true,1,
693102800403,false,פלטה מידי  סמקים יח',,IL,פלטה מידי  סמקים,יחידה,1.00,יחידה,false,1,185.00,185.00,true,1,
719346022705,false,וויט דימונט אדט אשה100מל,אליזבט ארדן,US,וויט דימונט,מיליליטרים,100.00,"100 מ""ל",false,0,199.00,199.00,true,1,
783320402852,false,אומניה קריסטלין אדט 65מל,,FR,CRYSTALLIN OMNIA,מיליליטרים,65.00,"100 מ""ל",false,1,259.00,398.46,true,1,
809217830864,false,מייבש לק מיני טופקוט 3.5,,US,מייבש לק טופקוט,יחידה,1.00,יחידה,false,1,5.90,5.90,true,1,
812256022381,false,סוויט לייק קנדי 236מל,,US,סוויט לייק קנדי,מיליליטרים,236.00,"100 מ""ל",false,1,49.90,21.14,true,1,
812256024279,false,"טנקיו נקסט אדפ 100 מ""ל",,IL,טנקיו נקסט אדפ,מיליליטרים,100.00,"100 מ""ל",false,1,299.00,299.00,true,1,
815151024405,false,"בושם לשיער 30 מ""ל",,IL,בושם לשיער,מיליליטרים,30.00,"100 מ""ל",false,1,109.00,363.33,true,1,
815151025488,false,"דריי שמפו  232 מ""ל",,IL,דריי שמפו  232 מ,מיליליטרים,232.00,"100 מ""ל",false,1,99.00,42.67,true,1,
815151028106,false,סט דוגמיות color-l VAULT,,IL,סט דוגמיות VAULT,יחידה,1.00,יחידה,false,1,5.00,5.00,true,1,
840117804661,false,"שמן טיפולי 50 מ""ל",,IL,שמן טיפולי,מיליליטרים,50.00,"100 מ""ל",false,1,109.00,218.00,true,1,
840117805712,false,"שמפו משקם סילבר 275 מ""ל",HMS,US,שמפו משקם סילבר,מיליליטרים,275.00,"100 מ""ל",false,1,109.00,39.64,true,1,
840117807976,false,Brush Blow מברשת פן חשמל,,IL,Brush Blow מברשת,יחידה,1.00,יחידה,false,1,469.00,469.00,true,1,
841058006633,false,ג'ל גילוח אדג'רעננות200מ,אנרג'ייזר,US,ג'ל גילוח,מיליליטרים,200.00,"100 מ""ל",false,1,18.90,9.45,true,1,
883991072047,false,רבל פלור פרגרנס מיסט236מ,,US,רבל פלור פרגרנס,מיליליטרים,236.00,"100 מ""ל",false,1,44.90,19.03,true,1,
887167188877,false,משאבה למייק אפ דאבל וור,אסתי לאודר,FR,משאבה למייק אפ ד,יחידה,1.00,יחידה,false,0,50.00,50.00,true,1,
888066075145,false,LEATHER OMBREאדפ100מל,,US,ED LEATHER OMBRE,מיליליטרים,100.00,"100 מ""ל",false,1,685.00,685.00,true,1,
3014260007867,false,מ. שיניים סופט FLEX PRO,פרוקטר & גמבל,IL,מ. שיניים סופט P,יחידה,1.00,יחידה,false,1,34.90,34.90,true,1,
3014260100667,false,מברשת השיניים לילדים3-5,פרוקטר אנד גמבל,IE,מברשת השיניים,יחידה,1.00,יחידה,false,1,15.90,15.90,true,1,
3014260214692,false,ג'ל גילוח סירייס 200מל,ג'\ילט,GB,ג'ל גילוח סירייס,מיליליטרים,200.00,"100 מ""ל",false,0,16.90,8.45,true,1,
3014260240226,false,קצף גילוח ג'ילט רגיש200מ,ג'\ילט,GB,קצף גילוח ג'ילט,מיליליטרים,200.00,"100 מ""ל",false,0,14.90,7.45,true,1,
3014260262709,false,סכיני גילוח ונוס 4 יח,---,DE,סכיני גילוח ונ,יחידה,1.00,יחידה,false,0,49.90,49.90,true,1,
3014260283254,false,5 סכיני גילוח בלו2- פלוס,פרוקטר & גמבל,IL,"סכיני גילוח ח""פ",יחידה,1.00,יחידה,false,0,19.90,19.90,true,1,
3014260289287,false,5 סכיני גילוח בלו2 לאשה,פרוקטר אנד גמבל,RU,סכיני גילוח,יחידה,1.00,יחידה,false,0,15.90,15.90,true,1,
3059944021197,false,ויט קרם להסרת שיער 400מל,רקיט בנקיזר,FR,מסיר שיער ויט,מיליליטרים,400.00,"100 מ""ל",false,0,58.90,14.73,true,1,
3145891073607,false,CHANEL DE  BLEU אדפ 100,שאנל בישום,FR,CHANEL DE  BLEU,מיליליטרים,100.00,"100 מ""ל",false,1,565.00,565.00,true,1,
3274872395503,false,"Pi א.ד.ט לגבר 100 מ""ל",,FR,Pi א.ד.ט לגבר,מיליליטרים,100.00,"100 מ""ל",false,1,219.00,219.00,true,1,
3348900012219,false,פרנהייט א.ד.ט לגבר 100מל,כריסטיאן דיור,FR,פרנהייט א.ד.ט,מיליליטרים,100.00,"100 מ""ל",false,0,429.00,429.00,true,1,
3348901250146,false,SAUVAGE Dior א.ד.ט לגבר,,FR,SAUVAGE Dior,מיליליטרים,100.00,"100 מ""ל",false,1,420.00,420.00,true,1,
3349668508587,false,MILLION Lady א.ד.פ לאשה,PUIG בישום,IL,MILLION Lady,מיליליטרים,80.00,"100 מ""ל",false,0,309.00,386.25,true,1,
3349668528677,false,OLYMPEA א.ד.פ לאשה 80מל,PUIG בישום,IL,OLYMPEA א.ד.פ,מיליליטרים,80.00,"100 מ""ל",false,0,359.00,448.75,true,1,
3349668588732,false,VICTORY INVICTUS אדפ100מ,,FR,VICTORY INVICTUS,מיליליטרים,100.00,"100 מ""ל",false,1,289.00,289.00,true,1,
3355991004597,false,סילבר סנט דיפ אדט100מל,אלפא בישום,FR,scent silver,מיליליטרים,100.00,"100 מ""ל",false,1,99.00,99.00,true,1,
3360373016334,false,נואה אדט 30 מל,לנקום בישום,FR,נואה אדט,מיליליטרים,30.00,"100 מ""ל",false,0,89.00,296.67,true,1,
3386460032681,false,"LEGEND א.ד.ט לגבר100 מ""ל",מונבלאן,FR,LEGEND אדט לגבר,מיליליטרים,100.00,"100 מ""ל",false,1,259.00,259.00,true,1,
3386460032735,false,מונבלאנק לג'נד דאוסטיק75,רבלון בישום,FR,מונבלאנק לג'נד ד,מיליליטרים,75.00,"100 מ""ל",false,0,49.90,66.53,true,1,
3386460087940,false,NIGHT LEGEND א.ד.פ לגבר,רבלון בישום,IL,NIGHT LEGEND,מיליליטרים,100.00,"100 מ""ל",false,1,298.00,298.00,true,1,
3386460101035,false,Explorer א.ד.פ לגבר 100,אינטר פרמיום,FR,Explorer א.ד.פ,מיליליטרים,100.00,"100 מ""ל",false,1,269.00,269.00,true,1,
3386460101066,false,אפטר שייב מונבלאן150מל,,IL,א.שייב מונבלאן,מיליליטרים,150.00,"100 מ""ל",false,1,99.00,66.00,true,1,
3386460113724,false,קואץ בלו אדפ,אינטר פרמיום,,קואץ בלו אדפ,יחידה,1.00,יחידה,false,0,219.00,219.00,true,1,
3386460125482,false,מארז רושס לגבר 100+50מל,אינטר פרמיום,FR,מארז רושס לגבר,יחידה,1.00,יחידה,false,1,199.00,199.00,true,1,
3386460126625,false,קואץ' אופן רוד לגבר100מל,אינטר פרמיום,FR,קואץ' אופן רוד א,מיליליטרים,100.00,"100 מ""ל",false,1,299.00,299.00,true,1,
3390150562945,false,"ג'ל ניקוי מקציף 400 מ""ל",,IL,ג'ל ניקוי מקציף,מיליליטרים,400.00,"100 מ""ל",false,1,89.00,22.25,true,1,
3423222015565,false,לימפטריס מס' 3 אדט 100 מ,,FR,לימפטריס מס' 3 א,מיליליטרים,100.00,"100 מ""ל",false,1,139.00,139.00,true,1,
3423222047962,false,מיאקי דרופ דיסי אדפ מארז,פרסטיג' שיסיידו,FR,מיאקי דרופ דיסי,יחידה,1.00,יחידה,false,1,289.00,289.00,true,1,
3423222047986,false,מיאקי ל.דיסי  אדט לגבר,פרסטיג' שיסיידו,FR,מיאקי ל.דיסי מאר,יחידה,1.00,יחידה,false,1,339.00,339.00,true,1,
3423222055882,false,נרסיסו פור הר אדט מארז,פרסטיג' שיסיידו,FR,מארז נרסיסו פור,יחידה,1.00,יחידה,false,1,479.00,479.00,true,1,
3423474846054,false,איסימיאקי פיור נקטר 50מל,איסימיאקי.,IL,איסימיאקי פיור,מיליליטרים,50.00,"100 מ""ל",false,1,299.00,598.00,true,1,
3423474891856,false,IS THIS א.ד.פ לאשה,זדיג&וולטייר,FR,IS THIS א.ד.פ,מיליליטרים,100.00,"100 מ""ל",false,0,289.00,289.00,true,1,
3430750004558,false,מארז אמבטיה שמן ארגן יח',פארמה דיל,IL,מארז אמבטיה שמן,יחידה,1.00,יחידה,false,1,59.90,59.90,true,1,
3439600056921,false,"אליאן א.ד.פ לאשה 60 מ""ל",,FR,אליאן א.ד.פ,מיליליטרים,60.00,"100 מ""ל",false,1,329.00,548.33,true,1,
3494800028031,false,מרינה רויאל דיימונדס100מ,רבלון בישום,FR,מרינה רויאל דיימ,מיליליטרים,100.00,"100 מ""ל",false,0,129.00,129.00,true,1,
3508441001053,false,סילבר מאונטיין ווטר 100מ,,IL,סילבר מאונטיין ו,מיליליטרים,100.00,"100 מ""ל",false,1,999.00,999.00,true,1,
3562700373084,false,"יגואר אדט לגבר 100 מ""ל",לילית בישום,FR,יגואר אדט לגבר,מיליליטרים,100.00,"100 מ""ל",false,0,89.00,89.00,true,1,
3574660089547,false,טמפוני או בה נורמל 32 יח,ג'\ונסון אנד ג'\ונסון,GR,טמפוני או בה,יחידה,1.00,יחידה,false,0,30.90,30.90,true,1,
3574660234428,false,או-בה פרו קומפורט נורמל,,GR,או-בה נורמל,יחידה,1.00,יחידה,false,1,14.90,14.90,true,1,
3574660239829,false,קרם ידיים ניוטרוג'ינה 75,ג'ונסון,FR,קרם ידיים קליל,מיליליטרים,75.00,"100 מ""ל",false,0,24.90,33.20,true,1,
3574660240030,false,או-בה נורמל פרו קומפור32,ג'ונסון,GR,או-בה נורמל פרו,יחידה,1.00,יחידה,false,1,19.90,19.90,true,1,
3574660514643,false,"קרם רב""ש ניוטרוג'ינה 300",ג'ונסונס בייבי,FR,"קרם רב""ש",מיליליטרים,300.00,"100 מ""ל",false,0,29.90,9.97,true,1,
3574661098531,false,תח.גוף ניוטרוג'ינה מ400,"ש. שסטוביץ בע""\מ",GR,תחליב גוף,מיליליטרים,400.00,"100 מ""ל",false,1,29.90,7.48,true,1,
3574661114637,false,"ליסטרין זירו 500 מ""ל",ג'\ונסון אנד ג'\ונסון,IT,מי פה ליסטרין,מיליליטרים,500.00,"100 מ""ל",false,1,19.90,3.98,true,1,
3574661200019,false,תח.ניוטרוג'ינה ויזבלי400,ג'ונסון,GR,תחליב גוף,מיליליטרים,400.00,"100 מ""ל",false,1,29.90,7.48,true,1,
3574661287201,false,BOOST HYDRO ג'ל מים 50 מ,,FR,ג'ל מים,מיליליטרים,50.00,"100 מ""ל",false,1,81.90,163.80,true,1,
3574661332581,false,ויזבלי קליר תחליב לחות50,ג'ונסון,FR,תחליב לחות,מיליליטרים,50.00,"100 מ""ל",false,1,68.90,137.80,true,1,
3574661352275,false,מי פה ליסטרין ילדים 250מ,ג'\ונסון אנד ג'\ונסון,IT,מי פה ליסטרין,מיליליטרים,250.00,"100 מ""ל",false,1,18.90,7.56,true,1,
3574661363998,false,"ליסטרין גרין תה 500 מ""ל",ג'\ונסון אנד ג'\ונסון,IT,מי פה ליסטרין,מיליליטרים,500.00,"100 מ""ל",false,1,38.90,7.78,true,1,
3574661391373,false,תחליב גוף הידרובוסט400מל,---,GR,תחליב גוף הידרו,מיליליטרים,400.00,"100 מ""ל",false,1,43.90,10.98,true,1,
3574661425696,false,ג'ונסון בייבי תחליב 500מ,ג'ונסון,IT,ג'ונסון תחליב,מיליליטרים,500.00,"100 מ""ל",false,1,31.90,6.38,true,1,
3574661458748,false,טלק לתינוקות,ג'ונסון,IT,טלק לתינוקות,גרמים,200.00,100 גרם,false,1,19.90,9.95,true,1,
3574661487618,false,קרפרי מגן מקסי מבושם48יח,ג'\ונסון אנד ג'\ונסון,GR,קרפרי מגני תחתון,יחידה,1.00,יחידה,false,1,12.90,12.90,true,1,
3574661487625,false,קרפרי 48מגן תחתון מקסיL,ג'\ונסון אנד ג'\ונסון,GR,מגן תחתון קרפרי,יחידה,1.00,יחידה,false,1,12.90,12.90,true,1,
3574661491806,false,מי פה ליסטרין וייט 500מל,ג'ונסון,IT,מי פה ליסטרין,מיליליטרים,500.00,"100 מ""ל",false,1,38.90,7.78,true,1,
3574661500355,false,מגן קרפרי לונג רגיל 40יח,ג'ונסון,GR,מגני תחתון קרפרי,יחידה,1.00,יחידה,false,1,12.90,12.90,true,1,
3574661552576,false,56 קרפרי מגן רגיל טנגו,ג'\ונסון אנד ג'\ונסון,GR,מגני תחתון קרפרי,יחידה,1.00,יחידה,false,1,12.90,12.90,true,1,
3574661552811,false,קרפרי כותון אוורירי 56יח,ג'\ונסון אנד ג'\ונסון,GR,מגן תחתון קרפרי,יחידה,1.00,יחידה,false,1,12.90,12.90,true,1,
3574661554877,false,קרפרי כותון מבושם 56 יחי,"ש. שסטוביץ בע""\מ",GR,מגני תחתון קרפרי,יחידה,1.00,יחידה,false,1,12.90,12.90,true,1,
3574661554884,false,56קרפרי רגיל טנגה ריחני,ג'\ונסון אנד ג'\ונסון,GR,מגני תחתון קרפרי,יחידה,1.00,יחידה,false,1,12.90,12.90,true,1,
3574661643359,false,מי פה ליסטרין נטורל 500מ,ג'\ונסון אנד ג'\ונסון,IT,מי פה ליסטרין,מיליליטרים,500.00,"100 מ""ל",false,1,38.90,7.78,true,1,
3574661646510,false,קליר&דפנד סרום יומי 30מל,ג'ונסון,FR,קליר&דפנד סרום,מיליליטרים,30.00,"100 מ""ל",false,1,59.90,199.67,true,1,
3574661650760,false,קליר&דפנד ניקוי אקנה200מ,ג'ונסון,GR,קליר דפנד+ניקוי,מיליליטרים,200.00,"100 מ""ל",false,1,59.90,29.95,true,1,
3574669907392,false,ג'ונסון שמפו לתינוק 750,ג'ונסון,IT,ג'ונסון שמפו לתי,מיליליטרים,750.00,"100 מ""ל",false,1,28.90,3.85,true,1,
3574669907880,false,"שמפו בייבי 300 מ""ל",ג'ונסון,IT,שמפו בייבי,מיליליטרים,300.00,"100 מ""ל",false,1,12.90,4.30,true,1,
3574669907972,false,ג'ונסון שמפו ברק 750מל,ג'ונסון,IT,ג'ונסון שמפו,מיליליטרים,750.00,"100 מ""ל",false,1,28.90,3.85,true,1,
3574669908146,false,ג'ונסון תחליב לפ.שינה500,ג'ונסון,IT,ג'ונסון תחליב,מיליליטרים,500.00,"100 מ""ל",false,1,31.90,6.38,true,1,
3574669908481,false,ג'ונסון אל סבון אמבט750מ,ג'ונסון,IT,ג'ונסון אל סבון,מיליליטרים,750.00,"100 מ""ל",false,1,24.90,3.32,true,1,
3595471065421,false,סט מרצדס אינטנס לגבר,מרצדס,FR,מרצדס אינטנס גבר,יחידה,1.00,יחידה,false,1,99.00,99.00,true,1,
3600010018278,false,PURE מי פנים 200מל,"קוסמופול, פולין",PL,PURE מי פנים,מיליליטרים,200.00,"100 מ""ל",false,0,35.00,17.50,true,1,
3600520297262,false,מן אקספרט היידרה אנרגט,KARLSRUHE,DE,היידרה לחות 5 ב1,מיליליטרים,50.00,"100 מ""ל",false,1,49.90,99.80,true,1,
3600520772011,false,MATCH TRUE פודרה W1,סייפו,IT,פודרה דחוסה,יחידה,1.00,יחידה,false,0,80.90,80.90,true,1,
3600520881799,false,TELESCOPIC מסקרה שחורה,לוריאל,IT,TELESCOPIC מסקרה,יחידה,1.00,יחידה,false,0,63.90,63.90,true,1,
3600521094358,false,קסטינג קרם גלוס מס210',לוריאל פריז,BE,צבע שיער קסטינג,יחידה,1.00,יחידה,false,0,35.90,35.90,true,1,
3600522150497,false,קסטינג קרם גלוס מס100',לוריאל פריז,BE,קסטינג קרם גלוס,יחידה,1.00,יחידה,false,0,35.90,35.90,true,1,
3600522337003,false,שפתון עמיד אינפיילבל 121,סופרוג'ם,FR,שפתון עמיד,יחידה,1.00,יחידה,false,0,63.90,63.90,true,1,
3600522337119,false,שפתון עמיד אינפיילבל 312,לוריאל,FR,שפתון עמיד,יחידה,1.00,יחידה,false,1,63.90,63.90,true,1,
3600522337195,false,INFAILLIBLE 507,סופרוג'ם,FR,INFAILLIBLE 507,יחידה,1.00,יחידה,false,0,63.90,63.90,true,1,
3600522862390,false,MATCH TRUE מייק אפ N2,לוריאל,FR,N2 MATCH TRUE,מיליליטרים,30.00,"100 מ""ל",false,1,92.90,309.67,true,1,
3600522862413,false,MATCH TRUE מייק אפ N4,לוריאל,FR,N4 MATCH TRUE,מיליליטרים,30.00,"100 מ""ל",false,1,92.90,309.67,true,1,
3600523193165,false,מג'יק ריטאצ' 3 חום בהיר,לוריאל ליברמו,BE,ספריי צבע לשיער,מיליליטרים,75.00,"100 מ""ל",false,1,31.90,42.53,true,1,
3600523201303,false,REVITALIFT קרם לילה,קרלסרו,DE,קרם לילה,מיליליטרים,50.00,"100 מ""ל",false,1,109.00,218.00,true,1,
3600523206834,false,"REVITALIFT קרם יום50מ""ל","קרלסרו, גרמניה",DE,קרם יום,מיליליטרים,50.00,"100 מ""ל",false,1,109.00,218.00,true,1,
3600523216086,false,קרם יום גולדן אייג' 50מל,"קרלסרו, גרמניה",DE,קרם יום,מיליליטרים,50.00,"100 מ""ל",false,1,124.00,248.00,true,1,
3600523337712,false,מג'יק ריטאצ' חום מהגוני,---,BE,מג'יק ריטאצ' חום,מיליליטרים,75.00,"100 מ""ל",false,1,31.90,42.53,true,1,
3600523428663,false,REVITALIFT קרם יום50מל,"קרלסרו, גרמניה",DE,REVITALIFT קרם,מיליליטרים,50.00,"100 מ""ל",false,1,79.90,159.80,true,1,
3600523430925,false,פיור קלי תרחיץ אדום150מ,סופרוקוס,FR,תרחיץ פיור קלי,מיליליטרים,150.00,"100 מ""ל",false,1,35.90,23.93,true,1,
3600523430932,false,פיור קלי תרחיץ שחור150מל,סופרורל,FR,תרחיץ פיור קלי,מיליליטרים,150.00,"100 מ""ל",false,1,35.90,23.93,true,1,
3600523448760,false,חלב פנים עור רגיש פרח400,"קרלסרו, גרמניה",DE,חלב פנים,מיליליטרים,400.00,"100 מ""ל",false,1,41.90,10.48,true,1,
3600523500185,false,קונסילר טרו מאץ 1N יח',לוריאל,IL,קונסילר טרו מאץ,יחידה,1.00,יחידה,false,1,64.90,64.90,true,1,
3600523500239,false,קונסילר טרו מאץ 4N יח',לוריאל,IL,קונסילר טרו מאץ,יחידה,1.00,יחידה,false,1,64.90,64.90,true,1,
3600523516919,false,פיור קלי מסכה כחולה50מל,לוריאל,FR,מסכה לפנים,מיליליטרים,50.00,"100 מ""ל",false,1,59.90,119.80,true,1,
3600523526130,false,מן אקספרט ברבר ג'ל ניקו,SP.Z.O.O KOSMEPOL,PL,ברבר ג'\ל ניקוי,מיליליטרים,200.00,"100 מ""ל",false,1,34.90,17.45,true,1,
3600523605972,false,קרם לשיער אלביב קוקוס,kozmetik canan,DK,מסכה אלביב,מיליליטרים,300.00,"100 מ""ל",false,1,28.90,9.63,true,1,
3600523651887,false,אלביב שמפו טוטל ריפר550מ,קוסמטיקס,TR,שמפו אלביב,מיליליטרים,550.00,"100 מ""ל",false,1,15.90,2.89,true,1,
3600523652242,false,"שמפו אלביב קולור 550 מ""ל",קוסמטיקס,TR,אלביב שמפו,מיליליטרים,550.00,"100 מ""ל",false,1,15.90,2.89,true,1,
3600523708000,false,מן אקספרט פיור פאוור פיל,AULNAYS SOPROREAL-,FR,פיור פאוור פילינ,מיליליטרים,100.00,"100 מ""ל",false,1,29.90,29.90,true,1,
3600523718214,false,מן אקספרט היידרה ג'ל ני,AULNAYS SOPROREAL-,FR,מן אקספרט היידרה,מיליליטרים,100.00,"100 מ""ל",false,1,29.90,29.90,true,1,
3600523755660,false,לוריאל אקסלנס קרם צבע לש,לוריאל פריז,BE,קרם צבע לשיער ח,מיליליטרים,192.00,"100 מ""ל",false,1,35.90,18.69,true,1,
3600523755806,false,שמפו אלביב שמן קוקוס,קוסמטיקס,TR,שמפו אלביב,מיליליטרים,550.00,"100 מ""ל",false,1,15.90,2.89,true,1,
3600523782574,false,מסכה אלביב דרים לונג,קוסמטיקס,DE,מסכה לשיער אלביב,מיליליטרים,300.00,"100 מ""ל",false,1,28.90,9.63,true,1,
3600523782581,false,מרכך אלביב דרים לונג,קוסמטיקס,FR,אלביב מרכך,מיליליטרים,500.00,"100 מ""ל",false,1,15.90,3.18,true,1,
3600523794874,false,שפתון בריליאנט 305 יח',,FR,שפתון בריליאנט 3,יחידה,1.00,יחידה,false,1,60.00,60.00,true,1,
3600523816699,false,ACTIVE TRIPLE ג'ל קרם50מ,"קרלסרו, גרמניה",DE,קרם לחות,מיליליטרים,50.00,"100 מ""ל",false,1,49.90,99.80,true,1,
3600523951291,false,פודרה עמידה אינפליבל 20,,IT,פודרה עמידה אינפ,יחידה,1.00,יחידה,false,1,65.00,65.00,true,1,
3600523951444,false,פודרה עמידה אינפליבל 120,,IT,פודרה עמידה אינפ,יחידה,1.00,יחידה,false,1,65.00,65.00,true,1,
3600523953554,false,דרמו פרחים מגבונים ורוד,,CN,דרמו פרחים מגבונ,יחידה,1.00,יחידה,false,1,15.90,15.90,true,1,
3600523970698,false,"אלביב וונדר ווטר 200 מ""ל",LIBRAMONT,BE,אלביב וונדר ווטר,מיליליטרים,200.00,"100 מ""ל",false,1,34.90,17.45,true,1,
3600523985326,false,קרם אנטי אייגינג 50מל,לוריאל פריס,DE,קרם אנטי אייגינג,מיליליטרים,50.00,"100 מ""ל",false,1,79.90,159.80,true,1,
3600523989928,false,לוריאל סרום טרו מאץ' 4-5,,FR,לוריאל סרום טרו,מיליליטרים,30.00,"100 מ""ל",false,1,79.90,266.33,true,1,
3600524013455,false,PERFECT AGE קרם לילה50מל,KARLSRUHE,DE,PERFECT AGE קרם,מיליליטרים,50.00,"100 מ""ל",false,1,124.00,248.00,true,1,
3600524019587,false,רויטליפט טונר לפנים,קוסמפול,PL,רויטליפט טונר לפ,מיליליטרים,180.00,"100 מ""ל",false,1,40.00,22.22,true,1,
3600524051334,false,אלביב מרכך היאלורונית400,RAMOUILLET,FR,אלביב מרכך,מיליליטרים,400.00,"100 מ""ל",false,1,14.90,3.73,true,1,
3600524051570,false,אלביב מסכה היאלורונית300,DEUT PRODUKTION L\'OREAL,DE,אלביב מסכה,מיליליטרים,300.00,"100 מ""ל",false,1,28.90,9.63,true,1,
3600530695904,false,STAY SUPER שפתון 510 יח',סופרוג'ם,FR,STAY510 SUPER,יחידה,1.00,יחידה,false,1,43.90,43.90,true,1,
3600531143459,false,SENSATIONAL LASH מסקרה,סייפו,IT,מסקרה,יחידה,1.00,יחידה,false,1,39.90,39.90,true,1,
3600531342265,false,מייק אפ מאסטר סטרובנג100,ווקרל,DE,מייק אפ,יחידה,1.00,יחידה,false,0,34.90,34.90,true,1,
3600531384029,false,פודרה פיט מי יח',לוריאל,IL,פודרה פיט מי,יחידה,1.00,יחידה,false,1,36.90,36.90,true,1,
3600531396855,false,קונסילר אנטי איג'ינג06 י,,IL,קונסילר אנטי איג,יחידה,1.00,יחידה,false,1,45.90,45.90,true,1,
3600531411114,false,שפתון סופר סטיי מאט205,,IL,שפתון סופר סטיי,יחידה,1.00,יחידה,false,1,43.90,43.90,true,1,
3600531411176,false,שפתון סופר סטיי מאט50,,IL,שפתון סופר סטיי,יחידה,1.00,יחידה,false,1,43.90,43.90,true,1,
3600531411183,false,שפתון סופר סטיי מאט10,,IL,שפתון סופר סטיי,יחידה,1.00,יחידה,false,1,43.90,43.90,true,1,
3600531465193,false,קונסילר ספוג 08,מייבלין,IL,קונסילר ספוג 08,יחידה,1.00,יחידה,false,1,45.90,45.90,true,1,
3600531465230,false,קונסילר ספוג 00 יח',מייבלין,IL,קונסילר ספוג 00,יחידה,1.00,יחידה,false,1,45.90,45.90,true,1,
3600531465254,false,קונסילר ספוג 11,מייבלין,IL,קונסילר ספוג 11,יחידה,1.00,יחידה,false,1,45.90,45.90,true,1,
3600531469467,false,שפתון מאט אינק 60 יח',מייבלין,IL,שפתון מאט אינק 6,יחידה,1.00,יחידה,false,1,43.90,43.90,true,1,
3600531469498,false,שפתון מאט אינק 65 יח',מייבלין,IL,שפתון מאט אינק 6,יחידה,1.00,יחידה,false,1,43.90,43.90,true,1,
3600531469504,false,שפתון מאט אינק 95 יח',מייבלין,IL,שפתון מאט אינק 9,יחידה,1.00,יחידה,false,1,43.90,43.90,true,1,
3600531531065,false,טאטו ליינר ג'ל שחור יח',,DE,טאטו ליינר ג'ל ש,יחידה,1.00,יחידה,false,1,20.00,20.00,true,1,
3600531591359,false,"סומק צ'יק היט 20 10 מ""ל",,CN,סומק צ'יק היט 20,מיליליטרים,10.00,"100 מ""ל",false,1,42.00,420.00,true,1,
3600531592974,false,פלטת צלליות ניו יורק יח',,IL,פלטת צלליות ניו,יחידה,1.00,יחידה,false,1,50.00,50.00,true,1,
3600531609733,false,שפתון ליפטר גלוס 05 יח',,FR,שפתון ליפטר גלוס,יחידה,1.00,יחידה,false,1,40.00,40.00,true,1,
3600531631116,false,מאט אינק ספייס 325 יח',,FR,מאט אינק ספייס 3,יחידה,1.00,יחידה,false,1,43.90,43.90,true,1,
3600531631390,false,פריימר פיט מי לומינס,,FR,מייב פריימר פיט,יחידה,1.00,יחידה,false,1,40.00,40.00,true,1,
3600540308665,false,צבע קולור נטורלס בלונד 8,לוריאל ישראל קוסמטיקס בע,PL,צבע לשיער גרנייה,יחידה,1.00,יחידה,false,0,22.90,22.90,true,1,
3600541029323,false,ESSENTIALS מסיר איפור,סופרויאל,FR,ESSENTIALS מסיר,מיליליטרים,200.00,"100 מ""ל",false,0,24.90,12.45,true,1,
3600541402270,false,"דאודורנט ספריי פרש 150מ""",סופרוקוס,FR,דאו.גרנייה,מיליליטרים,150.00,"100 מ""ל",false,0,16.90,11.27,true,1,
3600541448476,false,"דאו.רול קונטרול 50 מ""ל",---,FR,דאודורנט גרנייה,מיליליטרים,50.00,"100 מ""ל",false,1,17.90,35.80,true,1,
3600541928169,false,ניקוי נגזרת פחם פיור,"קרלסרו, גרמניה",DE,ג'יל ניקוי פיור,יחידה,1.00,יחידה,false,1,35.00,35.00,true,1,
3600541928275,false,מים מיסלריים דו-פאזי400מ,"קוסמופול, פולין",PL,מים מיסלריים דו,מיליליטרים,400.00,"100 מ""ל",false,1,35.00,8.75,true,1,
3600541940574,false,"מים מיסלריים 700 מ""ל",קוסמופול,PL,מים מיסלריים,מיליליטרים,700.00,"100 מ""ל",false,0,45.00,6.43,true,1,
3600542052788,false,בוטניקל200חלב פנים ורדים,קוסמופול,PL,חלב פנים ורדים,מיליליטרים,200.00,"100 מ""ל",false,1,25.00,12.50,true,1,
3600542097253,false,מסכת טישו פחם אצות,ביוטיקוס אינטרנשיונאל,CN,מסכת טישו פחם,יחידה,1.00,יחידה,false,1,14.90,14.90,true,1,
3600542154772,false,טישו עיניים קוקוס יח',,CN,טישו עיניים קוקו,יחידה,1.00,יחידה,false,1,12.90,12.90,true,1,
3600542154789,false,טישו עיניים תפוז  יח',,CN,טישו עיניים תפוז,יחידה,1.00,יחידה,false,1,12.90,12.90,true,1,
3600542216647,false,דאו. גרנייה קונטרול150מל,לוריאל,FR,דאו.ספריי גרנייה,מיליליטרים,150.00,"100 מ""ל",false,1,16.90,11.27,true,1,
3600542245500,false,צבע לשיער אוליה  6.3 חום,גרנייה,PL,אוליהמיני 6.3חום,יחידה,1.00,יחידה,false,1,25.90,25.90,true,1,
3600542267953,false,"פיור מי מיסלר 400 מ""ל",גרנייה-קוסמטיקה,IL,פיור מי מיסלר,מיליליטרים,400.00,"100 מ""ל",false,1,35.00,8.75,true,1,
3600542326339,false,גרנייה מיסלר ורדים 400 מ,קוסמופול,PL,גרנייה מיסלר ורד,מיליליטרים,400.00,"100 מ""ל",false,1,35.00,8.75,true,1,
3600542365710,false,"PURE ג'ל ניקוי 200 מ""ל",לוריאל,PL,PURE ג'ל ניקוי,מיליליטרים,200.00,"100 מ""ל",false,1,35.00,17.50,true,1,
3600542365796,false,בוטניקל ג'ל ניקוי 200 מל,לוריאל,PL,בוטניקל ג'ל ניקו,מיליליטרים,200.00,"100 מ""ל",false,1,24.90,12.45,true,1,
3600542368896,false,פיור אקטיב טישו יח',,CN,פיור אקטיב טישו,יחידה,1.00,יחידה,false,1,14.90,14.90,true,1,
3600542385251,false,דאו רול פרו. 6 ורוד 50מל,---,FR,רול און גרנייה,מיליליטרים,50.00,"100 מ""ל",false,1,17.90,35.80,true,1,
3600542385268,false,דאו רול אינביזיבל BWC 50,לוריאל ישראל קוסמטיקס בע,PL,גרנייה רול און,מיליליטרים,50.00,"100 מ""ל",false,1,17.90,35.80,true,1,
3600542413626,false,מסכת טישו דובדבן שפתיים.,,CN,מסכת טישו דובדבן,יחידה,1.00,יחידה,false,1,12.90,12.90,true,1,
3600542415071,false,BB קרם לחות ללא שמן,לוריאל,FR,BB קרם לחות ללא,מיליליטרים,50.00,"100 מ""ל",false,1,60.00,120.00,true,1,
3600542421676,false,פרוקטיס היירפוד מרכך בננ,"אינטרביוטי קוסמטיק בע""\מ",IL,פרוקטיס היירפוד,מיליליטרים,350.00,"100 מ""ל",false,1,13.50,3.86,true,1,
3600542421683,false,פרוקטיס היירפוד שמפו בננ,"אינטרביוטי קוסמטיק בע""\מ",IL,פרוקטיס היירפוד,מיליליטרים,350.00,"100 מ""ל",false,1,13.50,3.86,true,1,
3600542431866,false,קולור נטורלס 6,קוסמפול,PL,קולור נטורלס 6,יחידה,1.00,יחידה,false,1,22.90,22.90,true,1,
3600542431873,false,צבע שיער קולור נטורלס 7,לוריאל ישראל קוסמטיקס בע,PL,קולור נטורלס 7,יחידה,1.00,יחידה,false,1,22.90,22.90,true,1,
3600542431934,false,קולור נטורלס 6.25,לוריאל ישראל קוסמטיקס בע,PL,קולור נטורלס6.25,יחידה,1.00,יחידה,false,1,22.90,22.90,true,1,
3600542431972,false,צבע שיער קולור נטורלס111,לוריאל ישראל קוסמטיקס בע,PL,קולור נטורלס 111,יחידה,1.00,יחידה,false,1,22.90,22.90,true,1,
3600542432962,false,גרנייה סרום אלוורה 30 מל,KARLSRUHE,DE,גרנייה סרום אלוו,מיליליטרים,30.00,"100 מ""ל",false,1,59.90,199.67,true,1,
3600542433266,false,גרנייה סרום ויטמין סי30מ,KARLSRUHE,DE,גרנייה סרום ויטמ,מיליליטרים,30.00,"100 מ""ל",false,1,59.90,199.67,true,1,
3600542449915,false,צבע לשיער אוליה גוון5.12,גרנייה,PL,צבע לשיער אוליה,יחידה,1.00,יחידה,false,1,25.90,25.90,true,1,
3605521172525,false,אקווה דה ג'ויה אדפ א100מ,לנקום בישום,FR,אקווה דה ג'ויה,מיליליטרים,100.00,"100 מ""ל",false,1,359.00,359.00,true,1,
3605521816658,false,si Armani א.ד.פ 100 מל,לנקום בישום,FR,si Armani לאשה,מיליליטרים,100.00,"100 מ""ל",false,1,359.00,359.00,true,1,
3605522040588,false,E.D.T You With Stronger,אינטרביוטי-בישו,FR,u With Stronger,מיליליטרים,100.00,"100 מ""ל",false,0,298.00,298.00,true,1,
3605530931663,false,BOCAGE דאודורנט רול און,לנקום,IL,BOCAGE דאודורנט,מיליליטרים,50.00,"100 מ""ל",false,0,100.00,200.00,true,1,
3605532612768,false,belle est vie La אדפ50מל,לנקום בישום,FR,belle est vie La,מיליליטרים,50.00,"100 מ""ל",false,1,259.00,518.00,true,1,
3605532972152,false,BX ABSOLUE קרם עיניים,לנקום,IL,BX ABSOLUE קרם,מיליליטרים,15.00,"100 מ""ל",false,0,489.00,3260.00,true,1,
3605532973623,false,BX ABSOLUE קרם לילה 75מל,לנקום,IL,BX ABSOLUE קרם,מיליליטרים,75.00,"100 מ""ל",false,0,829.00,1105.33,true,1,
3607345264356,false,ספריי גוף דינמיק פולס150,COLEPCCL,PL,ספריי גוף אדידס,מיליליטרים,150.00,"100 מ""ל",false,0,22.90,15.27,true,1,
3607345264912,false,ספריי גוף אייס דייב 150מ,COLEPCCL,ES,ספריי גוף אדידס,מיליליטרים,150.00,"100 מ""ל",false,0,22.90,15.27,true,1,
3607347733508,false,"paradiso א.ד.פ לאשה75מ""ל",לילית בישום,GR,paradiso לאשה,מיליליטרים,75.00,"100 מ""ל",false,0,279.00,372.00,true,1,
3614223736485,false,"דא.אדידס אדיפיור 200 מ""ל",קוטי HFC,PT,דאו.אדידס,מיליליטרים,200.00,"100 מ""ל",false,1,14.90,7.45,true,1,
3614224056537,false,דאו.אדידס אדיפאוור150 מל,COLEPCCL,PT,דאו.אדידס,מיליליטרים,150.00,"100 מ""ל",false,1,14.90,9.93,true,1,
3614226754301,false,וולה דלוקס מוס לנפח200מ,וולה,FR,וולה מוס לנפח,מיליליטרים,200.00,"100 מ""ל",false,1,39.90,19.95,true,1,
3614228865760,false,וולה סופט קולור 7/1,"HFC פרסטיג,'\ שטיינברג,",DE,וולה סופט קולור,יחידה,1.00,יחידה,false,1,24.90,24.90,true,1,
3614228865869,false,וולה סופט קולור 3/0,"HFC פרסטיג,'\ שטיינברג,",DE,וולה סופט קולור,יחידה,1.00,יחידה,false,1,24.90,24.90,true,1,
3614229717051,false,וולה דלוקס שמן לשיער100מ,אונדל,FR,וולה שמן לשיער,מיליליטרים,100.00,"100 מ""ל",false,1,39.90,39.90,true,1,
3614229717082,false,וולה מוס למגע משי 200מ,אינטרספריי,FR,וולה מוס מגע משי,מיליליטרים,200.00,"100 מ""ל",false,1,39.90,19.95,true,1,
3614229717105,false,וולה דלוקס ספרי לחות150מ,אונדל,FR,ספריי לחות וולה,מיליליטרים,150.00,"100 מ""ל",false,1,19.90,13.27,true,1,
3614271430304,false,טיינט איידול אולטרה  35,לנקום,FR,טיינט איידול35,מיליליטרים,30.00,"100 מ""ל",false,1,179.00,596.67,true,1,
3614272491359,false,מונפאריז פלורל אדפ 90 מל,לנקום בישום,IL,מונפאריז פלורל א,מיליליטרים,90.00,"100 מ""ל",false,1,409.00,454.44,true,1,
3614272761438,false,ROMA IN BORN אדפ אשה50מל,,FR,ROMA IN BORN אדפ,מיליליטרים,50.00,"100 מ""ל",false,1,299.00,598.00,true,1,
3614272828063,false,טיינט מייק אפ סטיק 05 יח,,FR,טיינט מייק אפ סט,יחידה,1.00,יחידה,false,1,179.00,179.00,true,1,
3614272860377,false,"רנרג'י טריפל סרום 50 מ""ל",,FR,רנרג'י טריפל סרו,מיליליטרים,50.00,"100 מ""ל",false,1,539.00,1078.00,true,1,
3614273250764,false,311 שפתון נוזלי אבסולו י,,FR,311 שפתון נוזלי,יחידה,1.00,יחידה,false,1,159.00,159.00,true,1,
3614273313162,false,"סי אדפ אינטנס 100 מ""ל",,FR,סי אדפ אינטנס,מיליליטרים,100.00,"100 מ""ל",false,1,399.00,399.00,true,1,
3614273347846,false,מיי וואיי אינטנס אדפ50מל,,FR,מיי וואיי אינטנס,מיליליטרים,50.00,"100 מ""ל",false,1,289.00,578.00,true,1,
3614273694797,false,"לה ויה בל א.ד.פ150מ""ל",לנקום,FR,לה ויה בל א.ד.פ.,מיליליטרים,150.00,"100 מ""ל",false,1,479.00,319.33,true,1,
3614273882491,false,מארז קרם פנים רנרג'י יחי,לנקום,IL,מארז קרם פנים רנ,יחידה,1.00,יחידה,false,1,499.00,499.00,true,1,
3614273882569,false,מארז מסקרה היפנוז דרמה,לנקום,FR,מארז היפנוז דרמה,יחידה,1.00,יחידה,false,1,159.00,159.00,true,1,
3616302026371,false,לקוסט 12.12.Lאדט גבר100מ,,DE,לקוסט 12.12.Lאדט,מיליליטרים,100.00,"100 מ""ל",false,1,199.00,199.00,true,1,
3616302076819,false,סופט קולור 5/35 חום180ג,וולה,DE,סופט קולור 5/35,גרמים,180.00,100 גרם,false,1,24.90,13.83,true,1,
3616302931866,false,הוגו מן רפלקטיב אדט125מל,,FR,הוגו מן רפלקטיב,מיליליטרים,125.00,"100 מ""ל",false,1,219.00,175.20,true,1,
3661163970448,false,דאו.אדידס A3 פרש לגבר200,COLEPCCL,PT,דאודורנט אדידס,מיליליטרים,200.00,"100 מ""ל",false,0,14.90,7.45,true,1,
3661163990545,false,דאו.אדידס A3 אינטנסיב200,אגריפק אס איי,PT,דאודורנט אדידס,מיליליטרים,200.00,"100 מ""ל",false,0,14.90,7.45,true,1,
3760060761880,false,"Red Nitro א.ד.פ 100 מ""ל",,FR,Red Nitro א.ד.פ,מיליליטרים,100.00,"100 מ""ל",false,1,149.00,149.00,true,1,
3760096760987,false,עטיפת זוהר 30 גרם,,KR,עטיפת זוהר,גרמים,30.00,100 גרם,false,1,18.90,63.00,true,1,
3760096761526,false,קירינס עטיפת לחויות 30 ג,,KR,קירינס עטיפת לחו,גרמים,30.00,100 גרם,false,1,18.90,63.00,true,1,
3760096763681,false,מסכת לחות לכפות 14 גרם,,FR,מסכת לחות לכפות,גרמים,14.00,100 גרם,false,1,24.90,177.86,true,1,
3760260450003,false,"רוזס מאסק אדפ 100 מ""ל",,FR,רוזס מאסק אדפ,מיליליטרים,100.00,"100 מ""ל",false,1,369.00,369.00,true,1,
3838824127149,false,צבע סמי קיט פלטה מס1-1',הנקל סוד,SI,צבע לשיער פלטה,יחידה,1.00,יחידה,false,0,29.90,29.90,true,1,
3838824127262,false,צבע סמי קיט פלטה מס6-0',הנקל סוד,SI,צבע לשיער פלטה,יחידה,1.00,יחידה,false,0,29.90,29.90,true,1,
4000417019004,false,שוק.ריטר חלב אגוז שלם100,אלפרד ריטר,DE,שוקולד ריטר,גרמים,100.00,100 גרם,false,0,10.90,10.90,true,1,
4001683011525,false,או-בה מיני פרו קומפורט32,ג'ונסון,GR,או-בה מיני פרו ק,יחידה,1.00,יחידה,false,1,19.90,19.90,true,1,
4005808148837,false,ג'ל ניקוי גרגירים 150מל,ביירסדורץ,DE,ג'ל ניקוי פנים,מיליליטרים,150.00,"100 מ""ל",false,0,29.90,19.93,true,1,
4005808293469,false,ניוואה דאודורנט ספריי דר,ביירסדורץ,DE,ניוואה דאודורנט,מיליליטרים,150.00,"100 מ""ל",false,1,13.90,9.26,true,1,
4005808366392,false,לבלו שפתון לחות כחול,ביירסדורץ,IL,שפתון לבלו כחול,יחידה,1.00,יחידה,false,1,10.00,10.00,true,1,
4005808368280,false,לבלו דובדבן בליסטר,HELLAS BEIERSDORF,DE,שפתון לבלו,יחידה,1.00,יחידה,false,1,10.00,10.00,true,1,
4005808571246,false,מסיר איפור עיניים דו פאז,HELLAS BEIERSDORF,DE,מסיר איפור,מיליליטרים,125.00,"100 מ""ל",false,1,38.90,31.12,true,1,
4005808650002,false,שפתון לבלו כחול,ביירסדורץ,IL,שפתון לבלו,יחידה,1.00,יחידה,false,0,10.00,10.00,true,1,
4005808650200,false,שפתון לבלו,,,שפתון לבלו,יחידה,1.00,יחידה,false,0,10.00,10.00,true,1,
4005808650712,false,לבלו שפתון לחות דובדבן,HELLAS BEIERSDORF,DE,לבלו דובדבן,יחידה,1.00,יחידה,false,0,10.00,10.00,true,1,
4005808801046,false,"קרם רב שימושי 150 מ""ל",HELLAS BEIERSDORF,DE,קרם רב שימושי,מיליליטרים,150.00,"100 מ""ל",false,1,14.90,9.93,true,1,
4005808812875,false,"Q10 קרם יום 50 מ""ל",ביירסדורץ,PL,קרם ויסאז' Q10,מיליליטרים,50.00,"100 מ""ל",false,0,69.90,139.80,true,1,
4005808812882,false,"Q10 קרם עיניים 15 מ""ל",ביירסדורץ,DE,קרם עיניים,מיליליטרים,15.00,"100 מ""ל",false,0,69.90,466.00,true,1,
4005808812899,false,"Q10 קרם לילה 50 מ""ל",ביירסדורץ,PL,קרם נגד קמטים,מיליליטרים,50.00,"100 מ""ל",false,0,69.90,139.80,true,1,
4005808827220,false,"סלולר סרום 40 מ""ל",ניוואה ויסאז',PL,סלולר סרום,מיליליטרים,40.00,"100 מ""ל",false,0,125.00,312.50,true,1,
4005808827268,false,"סלולר קרם לילה 50מ""ל",ניוואה ויסאז',PL,סלולר קרם לילה,מיליליטרים,50.00,"100 מ""ל",false,0,125.00,250.00,true,1,
4005808827336,false,סלולר קרם עיניים 15 מל,ניוואה ויסאז',PL,סלולר קרם עיניים,מיליליטרים,15.00,"100 מ""ל",false,0,125.00,833.33,true,1,
4005808827770,false,"סלולר קרם יום 50 מ""ל",ניוואה ויסאז',PL,CELLULAR קרם יום,מיליליטרים,50.00,"100 מ""ל",false,0,125.00,250.00,true,1,
4005808851515,false,לבלו גבר בליסטר,---,DE,לבלו גבר בליסטר,יחידה,1.00,יחידה,false,0,10.00,10.00,true,1,
4005900036483,false,דאו.ניוואה בלק&וייט 150מ,ביירסדורף,DE,דאודורנט ניוואה,מיליליטרים,150.00,"100 מ""ל",false,0,13.90,9.26,true,1,
4005900036568,false,דאו.ניוואה בלק&וויט 150מ,ביירסדורץ,DE,דאודורנט ניוואה,מיליליטרים,150.00,"100 מ""ל",false,0,13.90,9.26,true,1,
4005900037909,false,דאו.ניוואה איניויסיבל150,ביירסדורץ,DE,דאודורנט ניוואה,מיליליטרים,150.00,"100 מ""ל",false,0,13.90,9.26,true,1,
4005900274304,false,"דאו.ניוואה  150מ""ל OCEAN",ביירסדורץ,DE,דאודורנט ניוואה,מיליליטרים,150.00,"100 מ""ל",false,1,13.90,9.26,true,1,
4005900488459,false,דאו.רול דרי פרש לאישה50מ,ביירסדורץ,DE,דאו.רול ניוואה,מיליליטרים,50.00,"100 מ""ל",false,1,13.90,27.80,true,1,
4005900494900,false,ניוואה דאו ספריי לגבר150,BEIERSDORF,DE,ניוואה דאו ספריי,מיליליטרים,150.00,"100 מ""ל",false,1,13.90,9.26,true,1,
4005900547316,false,"דאו. ניוואה לאשה 150 מ""ל",ביירסדורף,DE,דאודורנט ניוואה,מיליליטרים,150.00,"100 מ""ל",false,1,13.90,9.26,true,1,
4005900555915,false,תחליב רחצה קוקוס 750 מל,BEIERSDORT,DE,תחליב רחצה,מיליליטרים,750.00,"100 מ""ל",false,1,15.90,2.12,false,1,
4005900623553,false,מסכת בד לעור זוהר,,FR,מסכת בד לעור זוה,יחידה,1.00,יחידה,false,1,15.90,15.90,true,1,
4005900639554,false,דאו.רול און פרש נטורל50מ,---,DE,דאודורנט ניוואה,מיליליטרים,50.00,"100 מ""ל",false,1,13.90,27.80,true,1,
4005900683908,false,לבלו סקראב רוז,ביירסדורף,DE,לבלו סקראב סופר,יחידה,1.00,יחידה,false,1,10.00,10.00,true,1,
4005900730275,false,דאו.בלק&וויט ספריי 150מל,ביירסדורף AG,DE,ניוואה דאודורנט,מיליליטרים,150.00,"100 מ""ל",false,1,13.90,9.26,true,1,
4005900777263,false,קיו 10 אנרג'י קרם לילה 5,,PL,קיו 10 אנרג'י קר,מיליליטרים,50.00,"100 מ""ל",false,1,110.00,220.00,true,1,
4005900823489,false,היידרה סקין אפקט לילה 50,---,PL,היידרה סקין אפקט,מיליליטרים,50.00,"100 מ""ל",false,1,49.90,99.80,true,1,
4005900825278,false,היידרה סקין אפקט מסכה100,---,DE,היידרה סקין אפקט,מיליליטרים,100.00,"100 מ""ל",false,1,49.90,49.90,true,1,
4005900826749,false,היידרה סקין אפקט לחות50מ,---,PL,היידרה סקין אפקט,מיליליטרים,50.00,"100 מ""ל",false,1,49.90,99.80,true,1,
4005900978950,false,לבלו דובדבן אריאל יחידה,HELLAS BEIERSDORF,DE,לבלו אריאל,יחידה,1.00,יחידה,false,1,10.00,10.00,true,1,
4005900978967,false,לבלו וניל אלזה יחידה,HELLAS BEIERSDORF,DE,לבלו אלזה,יחידה,1.00,יחידה,false,1,10.00,10.00,true,1,
4005900978974,false,לבלו סופט רוז יסמין יחיד,HELLAS BEIERSDORF,DE,לבלו סופט יסמין,יחידה,1.00,יחידה,false,1,10.00,10.00,true,1,
4006000002576,false,סט טיפוח גבר fresh cool,ביירסדורץ,DE,טיפוח לגבר cool,יחידה,1.00,יחידה,false,1,79.90,79.90,true,1,
4009900013581,false,מסטיק סטיקס ספירמינט 5יח,ריגלי צרפת,FR,מסטיק סטיקס,גרמים,65.00,100 גרם,false,0,9.90,15.23,true,1,
4009900379564,false,הובה בובה טייפ פירות56גר,מרס,GB,מסטיק הובה בובה,גרמים,56.00,100 גרם,false,0,7.20,12.86,true,1,
4009900385824,false,מסטיק סטיקס פפרמינט 5 יח,ריגלי צרפת,FR,מסטיק סטיקס,גרמים,65.00,100 גרם,false,0,9.90,15.23,true,1,
4009900403023,false,מסטיק אורביט ויט מנטה64ג,ריגלי פולין,PL,אורביט בקבוקון,גרמים,64.00,100 גרם,false,0,8.90,13.90,true,1,
4009900406918,false,הובה בובה טריפל מיקס56ג,ריגלי,GB,מסטיק הובה בובה,גרמים,56.00,100 גרם,false,0,7.20,12.86,true,1,
4009900455299,false,סוכריות סקיטלס פירות174ג,ריגלי ממתקים,CZ,סוכריות סקיטלס,גרמים,174.00,100 גרם,false,0,8.90,5.11,true,1,
4009900465304,false,סוכריות סקיטלס חמוץ174גר,ריגלי ממתקים,CZ,סוכריות סקיטלס,גרמים,174.00,100 גרם,false,0,8.90,5.11,true,1,
4009900479998,false,אורביט אוכמניות בקבוק64ג,ריגלי פולין,PL,אורביט בקבוקון,גרמים,64.00,100 גרם,false,0,8.90,13.90,true,1,
4009900482417,false,אורביט באבל מינט בקבוק64,ריגלי פולין,PL,אורביט באבל מינט,גרמים,64.00,100 גרם,false,0,8.90,13.90,true,1,
4009900483803,false,איירוויבז מנטה M 84 גרם,---,PL,מסטיק איירוויבז,גרמים,84.00,100 גרם,false,1,14.90,17.74,true,1,
4009900487283,false,מסטיק סטיקס פירות 5 יח',ריגלי צרפת,FR,מסטיק סטיקס,גרמים,65.00,100 גרם,false,0,9.90,15.23,true,1,
4009900496247,false,מסטיק בקבוק M בבלמינט84ג,---,PL,אורביט בקבוק,גרמים,84.00,100 גרם,false,1,12.90,15.36,true,1,
4009900504218,false,אורביט תפוז בקבוקון64ג,ריגלי,PL,אורביט בקבוקון,גרמים,64.00,100 גרם,false,1,8.90,13.90,true,1,
4009900534918,false,סוכריות סקיטלס,---,CZ,סוכריות סקיטלס,יחידה,1.00,יחידה,false,0,8.90,8.90,true,1,
4009900535823,false,אורביט רפרשרס בטעם15.6ג,---,PL,מסטיק אורביט,גרמים,15.00,100 גרם,false,1,4.30,28.67,true,1,
4009900536257,false,אורביט רפרשרס ספירמינט67,ריגלי פולין,PL,אורביט רפרשרס,גרמים,67.00,100 גרם,false,1,8.90,13.28,true,1,
4009900539685,false,מסטיק פייב באונס מנטה61ג,ריגלי בעמ רוסיה,PL,מסטיק פייב,גרמים,61.00,100 גרם,false,1,8.90,14.59,true,1,
4009900539746,false,פייב באונס ט.אבטיח61.8,ריגלי בעמ רוסיה,PL,מסטיק פייב,גרמים,61.00,100 גרם,false,1,8.90,14.59,true,1,
4009900540551,false,אורביט רפרשרס טרופיקל67ג,---,PL,אורביט רפרשרס,גרמים,67.00,100 גרם,false,1,8.90,13.28,true,1,
4011700425501,false,"טבק אדק 300 מ""ל",טאבק,IL,טבק אדט,מיליליטרים,300.00,"100 מ""ל",false,0,79.00,26.33,true,1,
4011700432301,false,"טבק אפטר שייב 150 מ""ל",לילית בישום,FR,טבק אפטר שייב,מיליליטרים,150.00,"100 מ""ל",false,0,48.90,32.60,true,1,
4011800567613,false,קורני סנדוויץ שחור לבן4י,Schwartauer,DE,קורני סנדוויץ,גרמים,120.00,100 גרם,false,0,15.90,13.25,true,1,
4011800628512,false,קורני חט.דגנים+שוקולד6יח,Schwartauer,DE,קורני חטיף דגנים,גרמים,150.00,100 גרם,false,0,15.90,10.60,true,1,
4011800630515,false,קורני 6חט.דגנים+שוק+בננה,Schwartauer,DE,קורני חטיף דגנים,גרמים,150.00,100 גרם,false,0,15.90,10.60,true,1,
4011800632519,false,קורני חטיפי קוקוס שוק6יח,Schwartauer,DE,קורני חטיף דגנים,גרמים,150.00,100 גרם,false,0,15.90,10.60,true,1,
4011800633516,false,6קורני+שוק.מריר58% קקאו,Schwartauer,DE,קורני חטיף דגנים,גרמים,138.00,100 גרם,false,0,15.90,11.52,true,1,
4014400904390,false,סוכ.ממולאות טעם חלב325גר,אוגוסט שטורק,DE,סוכר.ממולאות,גרמים,325.00,100 גרם,false,0,21.80,6.71,true,1,
4014400907902,false,סוכ.וורטר ל.סוכר בוקס42ג,שטורק,DE,סוכריות וורטר,גרמים,42.00,100 גרם,false,0,7.90,18.81,true,1,
4014400914924,false,סוכ.וורטר ללא סוכר קפה80,אוגוסט שטורק,DE,סוכריות וורטר,גרמים,80.00,100 גרם,false,0,11.90,14.88,true,1,
4014400920857,false,"סוכ.וורטר לל""ס שוקולד70ג",אוגוסט שטורק,DE,סוכריות וורטר,גרמים,70.00,100 גרם,false,1,11.90,17.00,true,1,
4014400923711,false,טופיפי 125 גרם,אוגוסט שטורק,DE,טופיפי,גרמים,125.00,100 גרם,false,1,15.90,12.72,true,1,
4014400925319,false,ורטר פופקורן קרמל 140גר,---,DE,ממתק קרמל ורטר,גרמים,140.00,100 גרם,false,1,16.50,11.79,true,1,
4015000280372,false,דאו.רול און FA ספורט 50,הנקל סוד,DE,דאודורנט FA,מיליליטרים,50.00,"100 מ""ל",false,0,9.90,19.80,true,1,
4015000519915,false,דאו.ספריי פינק פשיין 200,הנקל סוד,TR,דאודורנט FA,מיליליטרים,200.00,"100 מ""ל",false,0,9.90,4.95,true,1,
4015000615921,false,דאו.ספרי FA ספורט גבר200,הנקל סוד,TR,דאודורנט FA,מיליליטרים,200.00,"100 מ""ל",false,0,9.90,4.95,true,1,
4015000995122,false,דאו. פה כח המשיכה 200 מל,הנקל סוד,DE,דאודורנט פה,מיליליטרים,200.00,"100 מ""ל",false,0,9.90,4.95,true,1,
4015001004168,false,גליס מרכך ללא שטיפה200מ,הנקל סוד,SI,ספריי מרכך גליס,מיליליטרים,200.00,"100 מ""ל",false,1,33.90,16.95,true,1,
4015100438239,false,צבע לשיער פאלטה קיט 5-5,שוורצקופף & הנקל דיסלדור,DE,צבע לשיער פאלטה,יחידה,1.00,יחידה,false,1,38.90,38.90,true,1,
4015400681670,false,18תחב.אולוייז לילה בטוח,פרוקטר אנד גמבל,UA,תחבושות אולוייז,יחידה,1.00,יחידה,false,0,19.90,19.90,true,1,
4015400690313,false,18טמפקס קומפאק פרל רגולר,פרוקטר אנד גמבל,HU,טמפקס,יחידה,1.00,יחידה,false,1,23.90,23.90,true,1,
4015400690405,false,18טמפקס קומפאק פרל סופר,פרוקטר אנד גמבל,HU,טמפקס,יחידה,1.00,יחידה,false,1,23.90,23.90,true,1,
4015400690498,false,18טמפקס קומפאק פרל סופר+,פרוקטר אנד גמבל,HU,טמפקס,יחידה,1.00,יחידה,false,1,23.90,23.90,true,1,
4015400824749,false,טמפקס פלאש סופר פלוס30יח,פרוקטר אנד גמבל,HU,טמפקס פלאש,יחידה,1.00,יחידה,false,0,29.90,29.90,true,1,
4015400990482,false,אב.כביסה אריאל קולור 3קג,פרוקטר אנד גמבל,TR,אבקת אריאל קולור,קילוגרמים,3.00,"ק""ג",false,1,29.90,9.96,true,1,
4015600763251,false,שמפו הד&שולדרס קלאסי600מ,פרוקטר אנד גמבל,RO,שמפו הד&שולדרס,מיליליטרים,600.00,"100 מ""ל",false,0,25.90,4.32,true,1,
4015600763299,false,"הד&שולדרס 2ב1- 600 מ""ל",פרוקטר אנד גמבל,RO,שמפו הד&שולדרס,מיליליטרים,600.00,"100 מ""ל",false,0,25.90,4.32,true,1,
4015600763411,false,שמפו הד&שולדרס מנטול 600,פרוקטר אנד גמבל,RO,שמפו הד&שולדרס,מיליליטרים,600.00,"100 מ""ל",false,0,25.90,4.32,true,1,
4015600763459,false,שמפו הד&שולדרס תפוח600מל,פרוקטר אנד גמבל,RO,שמפו הד&שולדרס,מיליליטרים,600.00,"100 מ""ל",false,0,25.90,4.32,true,1,
4015600763534,false,הד&שולדרס מגע משי 600מ,פרוקטר אנד גמבל,RO,שמפו הד&שולדרס,מיליליטרים,600.00,"100 מ""ל",false,0,25.90,4.32,true,1,
4015600766658,false,שמפו הד&שולדרס 2ב1- 600,פרוקטר אנד גמבל,RO,שמפו הד&שולדרס,מיליליטרים,600.00,"100 מ""ל",false,0,25.90,4.32,true,1,
4015600807436,false,דאו.ג'ל - PB-CW גילט75מל,---,PL,דאודורנט ג'ל,מיליליטרים,75.00,"100 מ""ל",false,0,21.90,29.20,true,1,
4017100198151,false,עוג.סנדוויץ היט וניל220ג,באלסן,PL,עוגיות סנדוויץ,גרמים,220.00,100 גרם,false,1,8.90,4.05,true,1,
4017100219900,false,גלילי ופל חלב וופלטן100ג,חברת באלסן,DE,בלזן וופלטן,גרמים,100.00,100 גרם,false,0,10.90,10.90,true,1,
4045787068245,false,פרוטאין קולור מס1000.0',הנקל סוד,DE,פרוטאין קולור,יחידה,1.00,יחידה,false,0,14.90,14.90,true,1,
4045787068344,false,פרוטאין קולור מס5.4',הנקל סוד,DE,פרוטאין קולור,יחידה,1.00,יחידה,false,0,14.90,14.90,true,1,
4045787068467,false,פרוטאין קולור מס7',הנקל סוד,DE,פרוטאין קולור,יחידה,1.00,יחידה,false,0,14.90,14.90,true,1,
4056800762873,false,קולסטון מיני קיט 4/0 חום,HFC פרסטיג',DE,קולסטון מיני קיט,יחידה,1.00,יחידה,false,1,25.90,25.90,true,1,
4056800943739,false,"קרם חמצן וולה 6% 60 מ""ל",אונדל,FR,חמצן וולה,מיליליטרים,60.00,"100 מ""ל",false,0,5.90,9.83,true,1,
4059729028693,false,סומק 40 יח',CATRICE,DE,סומק 40,יחידה,1.00,יחידה,false,0,16.00,16.00,true,1,
4059729028709,false,סומק 50 יח',CATRICE,DE,סומק 50,יחידה,1.00,יחידה,false,0,15.00,15.00,true,1,
4059729030559,false,עיפרון גבות 35,CATRICE,DE,עיפרון גבות 35,יחידה,1.00,יחידה,false,0,11.00,11.00,true,1,
4059729036742,false,עיפרון גבות סלים 40,CATRICE,DE,עיפרון גבות סלים,יחידה,1.00,יחידה,false,0,14.00,14.00,true,1,
4059729049520,false,קטריס שפתון ג'ל 010,,DE,קטריס שפתון ג'ל,יחידה,1.00,יחידה,false,1,17.00,17.00,true,1,
4059729053107,false,לק ניוד 02 יח',,DE,לק ניוד 02,יחידה,1.00,יחידה,false,1,10.00,10.00,true,1,
4059729191380,false,מסקרה גלאם& דול לריסים 9,,DE,מסקרה גלאם& דול,יחידה,1.00,יחידה,false,1,21.00,21.00,true,1,
4059729191762,false,עפרון גבות סלים 50,,IL,עפרון גבות סלים,יחידה,1.00,יחידה,false,1,14.00,14.00,true,1,
4059729203250,false,קונסילר  נוזלי 036 יח',,IL,קונסילר  נוזלי 0,יחידה,1.00,יחידה,false,1,15.00,15.00,true,1,
4059729203274,false,קונסילר נוזלי 048 יח',,FR,קונסילר נוזלי,יחידה,1.00,יחידה,false,1,15.00,15.00,true,1,
4059729215758,false,לק גולד אפקט 01 יח',,IL,לק גולד אפקט 01,יחידה,1.00,יחידה,false,1,10.00,10.00,true,1,
4059729215789,false,לק גולד אפקט 04 יח',,IL,לק גולד אפקט 04,יחידה,1.00,יחידה,false,1,10.00,10.00,true,1,
4059729220141,false,פריימר לשפתיים יח',,IL,פריימר לשפתיים,יחידה,1.00,יחידה,false,1,21.00,21.00,true,1,
4059729222077,false,צללית הארה 050,,IL,צללית הארה 050,יחידה,1.00,יחידה,false,1,13.00,13.00,true,1,
4059729222916,false,פלטת סומק 010 יח',,IL,פלטת סומק 010,יחידה,1.00,יחידה,false,1,17.00,17.00,true,1,
4059729222923,false,פלטת סומק 020 יח',,IL,פלטת סומק 020,יחידה,1.00,יחידה,false,1,17.00,17.00,true,1,
4059729244444,false,קטריס סומק 025 יח',,IL,קטריס סומק 025,יחידה,1.00,יחידה,false,1,15.00,15.00,true,1,
4059729244512,false,קונסילר אינסטנט אוויק 00,,IL,קונסילר אינסטנט,יחידה,1.00,יחידה,false,1,21.00,21.00,true,1,
4059729244536,false,קונסילר אינסטנט אוויק 02,,IL,קונסילר אינסטנט,יחידה,1.00,יחידה,false,1,21.00,21.00,true,1,
4059729244604,false,פריימר נגד אדמומיות יח',,IL,פריימר נגד אדמומ,יחידה,1.00,יחידה,false,1,20.00,20.00,true,1,
4059729246219,false,צללית לאיפור העיניים 280,,IL,צללית לאיפור העי,יחידה,1.00,יחידה,false,1,13.00,13.00,true,1,
4059729246271,false,מסקרה ריסים עבים,,IL,מסקרה ריסים עבים,יחידה,1.00,יחידה,false,1,17.00,17.00,true,1,
4059729248336,false,באלם לשפתיים יח',,IL,באלם לשפתיים,יחידה,1.00,יחידה,false,1,21.00,21.00,true,1,
4059729248343,false,שפתון מט פרו נוזלי010,,FR,שפתון מט פרו נוז,יחידה,1.00,יחידה,false,1,21.00,21.00,true,1,
4059729248404,false,שפתון מט פרו נוזלי 070 י,,FR,שפתון מט פרו נוז,יחידה,1.00,יחידה,false,1,21.00,21.00,true,1,
4059729248411,false,שפתון מט פרו נוזלי 080 י,,FR,שפתון מט פרו נוז,יחידה,1.00,יחידה,false,1,21.00,21.00,true,1,
4059729248428,false,שפתון מט פרו נוזלי 090 י,,FR,שפתון מט פרו נוז,יחידה,1.00,יחידה,false,1,21.00,21.00,true,1,
4059729250285,false,באלם לשפתיים מלאות יח',,IL,באלם לשפתיים מלא,יחידה,1.00,יחידה,false,1,20.00,20.00,true,1,
4059729250322,false,בוסטר אקסטרים לשפתיים יח,,IL,בוסטר אקסטרים לש,יחידה,1.00,יחידה,false,1,17.00,17.00,true,1,
4059729250551,false,לק ניוד יח',,IL,לק ניוד יח',יחידה,1.00,יחידה,false,1,10.00,10.00,true,1,
4059729250575,false,לק ניוד 08 יח',,IL,לק ניוד יח08',יחידה,1.00,יחידה,false,1,10.00,10.00,true,1,
4059729251480,false,לאבס פטה שפתון ג'ל 03יח,,IT,לאבס פטה שפתון ג,יחידה,1.00,יחידה,false,1,21.00,21.00,true,1,
4059729276711,false,עיפרון תוחם שפתיים 060,,FR,עיפרון תוחם שפת,יחידה,1.00,יחידה,false,1,11.00,11.00,true,1,
4059729276797,false,שפתון מאט לשפתיים,,TW,שפתון מאט,יחידה,1.00,יחידה,false,0,21.00,21.00,true,1,
4059729277114,false,קונסילר ל18- שעות,,IT,קונסילר ל18-שעות,יחידה,1.00,יחידה,false,0,17.00,17.00,true,1,
4059729277404,false,לק ניוד 10 יח',,FR,לק ניוד 10 יח',יחידה,1.00,יחידה,false,1,10.00,10.00,true,1,
4059729277411,false,לק ניוד 11 יח',,FR,לק ניוד 11 יח',יחידה,1.00,יחידה,false,1,10.00,10.00,true,1,
4059729281005,false,גו ביג גו בולד מסקרה יח',,FR,גו ביג גו בולד מ,יחידה,1.00,יחידה,false,1,20.00,20.00,true,1,
4059729282026,false,מייקאפ טרו סקין 033 30מ,,FR,מייקאפ טרו סקין,מיליליטרים,30.00,"100 מ""ל",false,1,29.00,96.67,true,1,
4059729282033,false,מייקאפ טרו סקין 033 30,,FR,מייקאפ טרו סקין,מיליליטרים,30.00,"100 מ""ל",false,1,29.00,96.67,true,1,
4059729282040,false,מייקאפ טרו סקין 046 30,,FR,מייקאפ טרו סקין,מיליליטרים,30.00,"100 מ""ל",false,1,29.00,96.67,true,1,
4059729298485,false,"סרום לפנים 30מ""ל",,IT,סרום לפנים,מיליליטרים,30.00,"100 מ""ל",false,0,25.00,83.33,true,1,
4059729298508,false,באלם מזין לשפתיים יבשות,S.R COSMETICS .ANCOROTTI,IT,באלם מזין לשפתיי,יחידה,1.00,יחידה,false,1,21.00,21.00,true,1,
4059729298522,false,"סרום פנים 28 מ""ל",S.R COSMETICS .ANCOROTTI,IT,סרום פנים,מיליליטרים,28.00,"100 מ""ל",false,1,29.00,103.57,true,1,
4059729311351,false,מסקרה עם אפקט הרמה,,IT,מסקרה עם אפקט,יחידה,1.00,יחידה,false,0,21.00,21.00,true,1,
4059729312235,false,ג'ל לגבות,,CA,ג'ל לגבות,יחידה,1.00,יחידה,false,0,21.00,21.00,true,1,
4059729312242,false,ג'ל לגבות,,CA,ג'ל לגבות,יחידה,1.00,יחידה,false,0,21.00,21.00,true,1,
4059729312631,false,שפתון +חומצה היאלרונית,,IT,שפתון עם חומצה,יחידה,1.00,יחידה,false,0,15.00,15.00,true,1,
4059729312686,false,לק טופ,,LU,לק טופ,יחידה,1.00,יחידה,false,0,10.00,10.00,true,1,
4059729313317,false,מסקרה לגבות יח',,PL,מסקרה לגבות,יחידה,1.00,יחידה,false,0,15.00,15.00,true,1,
4059729313393,false,צללית עמידה לאורך זמן,,IT,צללית לעיניים,יחידה,1.00,יחידה,false,0,13.00,13.00,true,1,
4059729320261,false,קטריס HD מיני מייק אפ 40,,IT,קטריס HD מיני מי,מיליליטרים,10.00,"100 מ""ל",false,1,15.00,150.00,true,1,
4059729329783,false,מסקרה לעיניים רגישות,,LU,מסקרה לעיניים,יחידה,1.00,יחידה,false,0,17.00,17.00,true,1,
4059729330277,false,צללית עמידה לאורך זמן,,IT,צללית לעיניים,יחידה,1.00,יחידה,false,0,13.00,13.00,true,1,
4059729330314,false,צללית עמידה לאורך זמן,,IT,צללית לעיניים,יחידה,1.00,יחידה,false,0,13.00,13.00,true,1,
4059729330697,false,סומק,,PL,סומק,יחידה,1.00,יחידה,false,0,17.00,17.00,true,1,
4059729331991,false,"מייקאפ 30 מ""ל",,IT,מייקאפ,מיליליטרים,30.00,"100 מ""ל",false,0,27.00,90.00,true,1,
4059729332912,false,פודרה,,IT,פודרה,יחידה,1.00,יחידה,false,0,15.00,15.00,true,1,
4059729333629,false,אודם למראה מאט,,IT,אודם למראה מאט,יחידה,1.00,יחידה,false,0,17.00,17.00,true,1,
4059729333704,false,אודם למראה מאט,,IT,אודם למראה מאט,יחידה,1.00,יחידה,false,0,17.00,17.00,true,1,
4059729343116,false,קטריס גלובס לקירור הפנים,,CN,קטריס גלובס לקיר,יחידה,1.00,יחידה,false,1,29.00,29.00,true,1,
4059729343192,false,מברשת מרית למסיכת פנים,,CN,מברשת מרית למסיכ,יחידה,1.00,יחידה,false,1,21.00,21.00,true,1,
4059729343239,false,סרום לחידוש עור הפנים יח,,FR,סרום לחידוש עור,יחידה,1.00,יחידה,false,1,25.00,25.00,true,1,
4059729343314,false,קטריס מסכה לשפתיים יח',,PL,קטריס מסכה לשפתי,יחידה,1.00,יחידה,false,1,17.00,17.00,true,1,
4059729343352,false,מדבקות לשפתיים הידרוג'ל,,KR,מדבקות לשפתיים ה,יחידה,1.00,יחידה,false,1,15.00,15.00,true,1,
4084500065536,false,פנטן קרם לחות מוגברת 300,פרוקטר אנד גמבל,FR,קרם לשיער פנטן,מיליליטרים,300.00,"100 מ""ל",false,0,23.90,7.97,true,1,
4084500065598,false,פנטן קרם לחות לתלתלים300,פרוקטר אנד גמבל,FR,קרם לשיער פנטן,מיליליטרים,300.00,"100 מ""ל",false,0,23.90,7.97,true,1,
4084500081314,false,"אורל בי פרואקספרט 75 מ""",פרוקטר אנד גמבל,DE,משחת אורל בי,מיליליטרים,75.00,"100 מ""ל",false,1,14.90,19.87,true,1,
4084500471832,false,ג'ילט ג'ל קול וייב לגבר,OPERATION PROCTER&GAMBLE,PL,ג'ילט ג'ל קול,מיליליטרים,70.00,"100 מ""ל",false,1,16.90,24.14,true,1,
4084500471900,false,ג'ילט דאו קליר ג'ל ספורט,ג'\ילט פרוקטר אנד גמבל,PL,ג'ילט דאו קליר ג,מיליליטרים,70.00,"100 מ""ל",false,1,16.90,24.14,true,1,
4084500739253,false,אורל בי White 3Dלובן75מל,פרוקטר אנד גמבל,DE,משחת אורל בי,מיליליטרים,75.00,"100 מ""ל",false,1,20.90,27.87,true,1,
4103330017369,false,חוט דנטלי לניקוי גשרים,פרוקטר & גמבל,IE,חוט דנטלי לניקוי,יחידה,1.00,יחידה,false,1,28.90,28.90,true,1,
4210201078128,false,מברשת חשמלית PRO 800,B ORAL,DE,אורל בי נטענת,יחידה,1.00,יחידה,false,0,169.00,169.00,true,1,
4210201154686,false,מברשת נטענת- ילדים פרוזן,בראון,DE,מברשת אורל בי,יחידה,1.00,יחידה,false,1,89.90,89.90,true,1,
4210201176688,false,4 ראשים חשמלי סנסטיב,בראון,DE,ראש חשמלי 4 יח,יחידה,1.00,יחידה,false,1,89.90,89.90,true,1,
4210201176831,false,ראשי מילוי סנסיטיב מארז,בראון,DE,ראשי מילוי סנסיט,יחידה,1.00,יחידה,false,1,219.90,219.90,true,1,
4210201181538,false,4 ראשי מילוי- מכוניות,בראון,DE,ראש חשמלי 4 יח,יחידה,1.00,יחידה,false,0,89.90,89.90,true,1,
4210201262183,false,מברשת חשמלית נטענת-מבוגר,בראון,DE,מברשת נטענת,יחידה,1.00,יחידה,false,1,89.90,89.90,true,1,
4210201354369,false,ראש חשמלי קרוס אקשן מארז,בראון,IE,ראש חשמלי קרוס א,יחידה,1.00,יחידה,false,1,89.90,89.90,true,1,
4250035261877,false,פלטת קונסילרים יח',CATRICE,DE,פלטת קונסילרים,יחידה,1.00,יחידה,false,0,16.00,16.00,true,1,
4250035288157,false,עפרון קז'אל 10,CATRICE,DE,עפרון קז'אל 10,יחידה,1.00,יחידה,false,0,9.00,9.00,true,1,
4250035288188,false,עפרון קז'אל 40,CATRICE,DE,עפרון קז'אל 40,יחידה,1.00,יחידה,false,0,9.00,9.00,true,1,
4250338474363,false,איילנר נוזלי,CATRICE,DE,איילנר נוזלי,יחידה,1.00,יחידה,false,0,15.00,15.00,true,1,
4250338474400,false,איילנר נוזלי עמיד במים,CATRICE,DE,איילנר נוזלי עמי,יחידה,1.00,יחידה,false,0,16.00,16.00,true,1,
4250338487752,false,עיפרון  גבות 20,CATRICE,DE,עיפרון גבות 20,יחידה,1.00,יחידה,false,0,11.00,11.00,true,1,
4250338487769,false,עיפרון  גבות 30,CATRICE,DE,עיפרון גבות 30,יחידה,1.00,יחידה,false,0,11.00,11.00,true,1,
4250338487783,false,מסקרה לאשס טו קיל למים,CATRICE,DE,מסקרה לאשס טו קי,יחידה,1.00,יחידה,false,0,17.00,17.00,true,1,
4250587723588,false,מסקרה לנפח ריסים,CATRICE,DE,מסקרה לנפח ריסים,יחידה,1.00,יחידה,false,0,17.00,17.00,true,1,
4250587723779,false,ג'ל לעיצוב הגבות,CATRICE,DE,ג'ל לעיצוב הגבות,יחידה,1.00,יחידה,false,0,14.00,14.00,true,1,
4250587754230,false,פודרה דחוסה מט 10,CATRICE,DE,פודרה מט 10,יחידה,1.00,יחידה,false,0,15.00,15.00,true,1,
4250587792119,false,באלם  לשפתיים,CATRICE,DE,באלם לשפתיים,יחידה,1.00,יחידה,false,0,21.00,21.00,true,1,
4250587793338,false,פודרה דחוסה מט 25,CATRICE,DE,פודרה מט 25,יחידה,1.00,יחידה,false,0,15.00,15.00,true,1,
4250947544662,false,קונסילר  נוזלי 10,CATRICE,DE,קונסילר  נוזלי 1,יחידה,1.00,יחידה,false,0,15.00,15.00,true,1,
4250947562277,false,מסקרה גלאם&דול מלאכותיים,CATRICE,DE,מסקרה גלאם&דול,יחידה,1.00,יחידה,false,0,17.00,17.00,true,1,
4250947563618,false,קונסילר  נוזלי 05,CATRICE,DE,קונסילר  נוזלי 0,יחידה,1.00,יחידה,false,0,15.00,15.00,true,1,
4250947598306,false,מייק אפ 30-HD,CATRICE,DE,מייק אפ 30-HD,מיליליטרים,30.00,"100 מ""ל",false,0,29.00,96.67,true,1,
4250947598313,false,מייק אפ 40-HD,CATRICE,DE,מייק אפ 40-HD,מיליליטרים,30.00,"100 מ""ל",false,0,29.00,96.67,true,1,
4251232227284,false,עיפרון גבות סלים 30,CATRICE,DE,עיפרון גבות סלים,יחידה,1.00,יחידה,false,0,14.00,14.00,true,1,
4251232255904,false,צללית הארה  10,CATRICE,DE,צללית הארה  10,יחידה,1.00,יחידה,false,0,14.00,14.00,true,1,
4251232284324,false,קונסילר נוזלי 15,CATRICE,DE,קונסילר נוזלי 15,יחידה,1.00,יחידה,false,0,15.00,15.00,true,1,
4511428200010,false,חלאבין ספריי לנעל,חלאבין,IL,חלאבין ספריי לנע,מיליליטרים,250.00,"100 מ""ל",false,0,19.90,7.96,true,1,
4710068001739,false,מאסטר קפה,,TW,מאסטר קפה,מיליליטרים,240.00,"100 מ""ל",false,0,7.90,3.29,true,1,
4800888150080,false,דאו.דאב רול און ירוק 50,יוניליוור,PH,דאודורנט דאב,מיליליטרים,50.00,"100 מ""ל",false,0,12.90,25.80,true,1,
4800888214904,false,דאודורנט סטיק קקאו 50גרם,יוניליוור,PH,דאודורנט דאב,מיליליטרים,150.00,"100 מ""ל",false,1,17.90,11.94,true,1,
4800888219510,false,"דאו סטיק מלפפונים50 מ""ל",יוניליוור,PH,דאודורנט דאב,גרמים,50.00,100 גרם,false,1,17.90,35.80,true,1,
4800888219527,false,דאו.דאב סטיק אינביזיבל50,יוניליוור,PH,דאודורנט דאב,גרמים,50.00,100 גרם,false,1,17.90,35.80,true,1,
4800888219534,false,דאודורנט סטיק אורגינל 50,יוניליוור,PH,דאו.דאב,מיליליטרים,50.00,"100 מ""ל",false,1,17.90,35.80,true,1,
4800888219541,false,דאו.סטיק רקסונה פאודר50ג,יוניליוור,PH,דאודורנט רקסונה,מיליליטרים,50.00,"100 מ""ל",false,1,16.90,33.80,true,1,
4891228308025,false,היידרו סילק ידית4+סכינים,ארץ ייצור סכינים: ארהבn\,US,היידרו סילק מארז,יחידה,1.00,יחידה,false,1,64.90,64.90,true,1,
4891228308032,false,אינטואישן ידית5+ סכינים,ארץ ייצור סכינים: ארהבn\,US,שיק אינטואישן5+ס,יחידה,1.00,יחידה,false,1,64.90,64.90,true,1,
4891228430092,false,4סכינ.גילוח אקסטרים3 אשה,שיק,CN,סכיני גילוח,יחידה,1.00,יחידה,false,0,19.90,19.90,true,1,
4902430905183,false,מב.שיניים אורל בי ילד3יח,פארמה דיל,IL,מברשות שיניים,יחידה,1.00,יחידה,false,1,17.90,17.90,true,1,
5000159376655,false,סוכריות סקיטלס פירות38ג,ריגלי ממתקים,CZ,סוכריות סקיטלס,גרמים,38.00,100 גרם,false,0,2.90,7.63,true,1,
5000159442572,false,מיני טוויקס בשקית 403גרם,מרס,DE,מיני טוויקס,גרמים,403.00,100 גרם,false,0,22.90,5.68,true,1,
5000159459228,false,חטיף טוויקס 50 גרם,מרס,NL,חטיף טוויקס,גרמים,50.00,100 גרם,false,0,3.90,7.80,true,1,
5000204153903,false,גלייד מילוי ריח מרכך269מ,"קוסטר אירוסול ואלף סאן,",TR,גלייד מילוי,מיליליטרים,269.00,"100 מ""ל",false,1,17.90,6.65,true,1,
5000204181296,false,גלייד אוטומט מוקטן לבנדר,יצרן אירוסול: קוסטר אירו,TR,גלייד אוט. מוקטן,יחידה,1.00,יחידה,false,1,42.90,42.90,true,1,
5000394002562,false,4 סוללות דורסל AAאולטרה,דורסל,BE,סוללות דורסל,יחידה,1.00,יחידה,false,1,19.90,19.90,true,1,
5000394019171,false,סוללות דורסל D פלוס 2 יח,דורסל,US,סוללות דורסל 2יח,יחידה,1.00,יחידה,false,1,29.90,29.90,true,1,
5000394141179,false,דורסל שמיניות AAA פלוס,---,BE,דורסל שמיניות AA,יחידה,1.00,יחידה,false,1,19.90,19.90,true,1,
5000394203921,false,דורסל סוללות ליתיום 2 יח,דורסל,CN,דורסל זוג סוללות,יחידה,1.00,יחידה,false,1,19.90,19.90,true,1,
5010123703431,false,ליסטרין פרש בורסט 250 מל,ג'ונסון,IL,ליסטרין פרש בורס,מיליליטרים,250.00,"100 מ""ל",false,1,10.00,4.00,true,1,
5010123730222,false,"ליסטרין טוטל קר 500 מ""ל",ג'ונסון,IT,מי פה ליסטרין,מיליליטרים,500.00,"100 מ""ל",false,1,19.90,3.98,true,1,
5010182997918,false,דאק ג'ל אסלה ניחוח ים 55,DEOFLOR,IT,דאק ג'ל לאסלה,מיליליטרים,55.00,"100 מ""ל",false,0,8.90,16.18,true,1,
5010182998847,false,טואלט דאק נוזל כחול 750מ,אס.סי.ג'ונסון מידרכט,NL,טואלט דאק,מיליליטרים,750.00,"100 מ""ל",false,0,10.90,1.45,true,1,
5010415225207,false,"זוג בקבוקים 260 מ""ל",הכי טבעי-הנסיך,IL,זוג בקבוקים260מל,יחידה,1.00,יחידה,false,0,89.90,89.90,true,1,
5010415333582,false,מוצצים איורי חיות6-18זוג,הכי טבעי-הנסיך,IL,טבעי מוצצים מעוצ,יחידה,1.00,יחידה,false,0,44.90,44.90,true,1,
5010622005012,false,חוט אורל בי ללא שעווה50מ,פרוקטר אנד גמבל,IE,חוט דנטלי,מטרים,50.00,מטר,false,0,9.90,0.20,true,1,
5010622005029,false,חוט דנטלי אורלBמנטה50מטר,,IL,חוט דנטלי אורל ב,מטרים,50.00,מטר,false,1,9.90,0.20,true,1,
5010724527375,false,בטיסט שמפו פריחהאביב200מ,צ'\רצ'\ אנד דיוויט,GB,בטיסט שמפו,מיליליטרים,200.00,"100 מ""ל",false,1,29.90,14.95,true,1,
5010724527481,false,"בטיסט שמפו קלאסי200 מ""ל",צ'\רצ'\ אנד דיוויט,GB,בטיסט שמפו,מיליליטרים,200.00,"100 מ""ל",false,1,29.90,14.95,true,1,
5011408017526,false,אלנט ספריי חזק מאוד200מ,SOPROCOS,FR,אלנט ספריי חזק,מיליליטרים,200.00,"100 מ""ל",false,0,39.90,19.95,true,1,
5011408027990,false,"אלנט ספריי לשיער ח""מ400",kozmetik canan,FR,אלנט ספריי לשיער,מיליליטרים,400.00,"100 מ""ל",false,0,54.90,13.73,true,1,
5012251012645,false,מדבקות להוצאת שחורים אף,---,GB,מדבקות להוצאת שח,יחידה,1.00,יחידה,false,1,15.90,15.90,true,1,
5012251012850,false,רטיות זהב הידרו ג'ל 6 יח,,IL,רטיות זהב הידרו,יחידה,1.00,יחידה,false,1,29.90,29.90,true,1,
5029053032658,false,ממחטות קלינקס 9*8 יחידות,חוגלה קימברלי,IT,קלינקס שמיניה,יחידה,1.00,יחידה,false,1,7.90,7.90,true,1,
5029053510828,false,קוטקס תחבושות סופר 22 יח,חוגלה קימברלי,CZ,תחבושות קוטקס,יחידה,1.00,יחידה,false,0,17.90,17.90,true,1,
5029053527574,false,10תח.ספיגה לילה בנים4-7,חוגלה קימברלי,CZ,10 תחתוני ספיגה,יחידה,1.00,יחידה,false,0,36.90,36.90,true,1,
5029053527581,false,10תח.ספיגה לילה בנות4-7,חוגלה קימברלי,CZ,10 תחתוני ספיגה,יחידה,1.00,יחידה,false,0,36.90,36.90,true,1,
5029053527598,false,9תח.ספיגה לילה בנים8-15,חוגלה קימברלי,CZ,תחתוני ספיגה האג,יחידה,1.00,יחידה,false,0,36.90,36.90,true,1,
5029053534589,false,32 טמפוני קוטקס מיני,קימברלי קלארק,CZ,טמפוני קוטקס,יחידה,1.00,יחידה,false,0,27.90,27.90,true,1,
5029053534596,false,32 טמפוני קוטקס נורמל,קימברלי קלארק,CZ,טמפוני קוטקס,יחידה,1.00,יחידה,false,0,27.90,27.90,true,1,
5029053534602,false,32 טמפוני קוטקס סופר,קימברלי קלארק,CZ,טמפוני קוטקס,יחידה,1.00,יחידה,false,0,27.90,27.90,true,1,
5029053535227,false,16טמפו.קוטקס מוליך נורמ.,קימברלי קלארק,CZ,טמפוני קוטקס,יחידה,1.00,יחידה,false,0,18.90,18.90,true,1,
5029053535234,false,16טמפונ.קוטקס מוליך סופר,חוגלה קימברלי,CZ,טמפוני קוטקס,יחידה,1.00,יחידה,false,0,18.90,18.90,true,1,
5029053574110,false,20 האגיס גמילה יום בנים,---,CZ,האגיס גמילה בנים,יחידה,1.00,יחידה,false,1,48.90,48.90,true,1,
5029053574158,false,18 האגיס גמילה לילה בנים,---,CZ,האגיס גמילה בנים,יחידה,1.00,יחידה,false,1,48.90,48.90,true,1,
5029053576114,false,ג'ל הייגיני לידיים,חוגלה קימברלי,IT,ג'ל אלכוהול,מיליליטרים,220.00,"100 מ""ל",false,1,18.90,8.59,true,1,
5029053578309,false,קלינקס אולטרה סופט 48 דף,---,GB,קלינקס אולטרה,יחידה,1.00,יחידה,false,1,8.90,8.90,true,1,
5029054220085,false,מגבונים לרך נולד 56*4 יח,חוגלה קימברלי,GB,מגבונים לרך נולד,יחידה,1.00,יחידה,false,1,31.90,31.90,true,1,
5056357903834,false,חטיף חלבון באונטי 52 גרם,פארם אקספרס,GB,חטיף חלבון באונט,גרמים,52.00,100 גרם,false,1,17.90,34.42,true,1,
5060022300590,false,"מוס שיזוף עצמי 200 מ""ל",ST.TROPEZ,GB,מוס שיזוף עצמי,מיליליטרים,200.00,"100 מ""ל",false,1,171.00,85.50,true,1,
5060103310029,false,"molecule 01 לאשה 100 מ""ל",טרי מוגלר בישום,GB,molecule 01 לאשה,מיליליטרים,100.00,"100 מ""ל",false,1,359.00,359.00,true,1,
5060402908248,false,חטיף חלבון  סניקרס,פארם אקספרס,IL,חטיף חלבון סניקר,גרמים,55.00,100 גרם,false,1,17.90,32.55,true,1,
5060420230284,false,בקבוק האכלה לתינוק 240מל,ISRAEL INDIVIOR,IL,בקבוק האכלה לתינ,יחידה,1.00,יחידה,false,1,44.90,44.90,true,1,
5060424705511,false,חטיף חלבון קראנץ' 64 גרם,"KBF תעשיות בע""מ UK",GB,חטיף חלבון קראנץ,גרמים,64.00,100 גרם,false,1,14.90,23.28,true,1,
5201100872602,false,אקסלנס בלונד אפרפ מס9.1',לוריאל פריז,BE,צבע שיער אקסלנס,יחידה,1.00,יחידה,false,0,35.90,35.90,true,1,
5201100872640,false,אקסלנס בלונד אפור מס03',ליברמו,BE,צבע לשיער אקסלנס,יחידה,1.00,יחידה,false,0,35.90,35.90,true,1,
5201263006340,false,DAY EVERYתחבושות נורמל18,---,GR,תחבושות נורמל,יחידה,1.00,יחידה,false,1,12.90,12.90,true,1,
5201263006357,false,DAY EVERYתחבושות סופר18י,---,GR,תחבושות סופר,יחידה,1.00,יחידה,false,1,12.90,12.90,true,1,
5201347400545,false,ויט 20רצועות שעווה לפנים,רקיט בנקיזר,FR,רצועות שעווה ויט,יחידה,1.00,יחידה,false,0,38.90,38.90,true,1,
5201583751111,false,סוכריות אספרסו+סטיביה32ג,---,GR,סוכריות זירו,גרמים,32.00,100 גרם,false,1,7.50,23.44,true,1,
5201583751418,false,סוכ.אייס בלו+סטיביה32גרם,---,GR,סוכריות זירו,גרמים,32.00,100 גרם,false,1,7.50,23.44,true,1,
5202300043007,false,קולסטון 7/7 חום שטני,HFC פרסטיג',DE,קולסטון שפופרת,יחידה,1.00,יחידה,false,0,25.90,25.90,true,1,
5202300043168,false,קולסטון 7/0 בלונד בינוני,HFC פרסטיג',DE,קולסטון,יחידה,1.00,יחידה,false,0,25.90,25.90,true,1,
5202300043199,false,קולסטון 4/0 חום בינוני,HFC פרסטיג',DE,קולסטון שפופרת,יחידה,1.00,יחידה,false,0,25.90,25.90,true,1,
5202300043212,false,"קולסטון 2/0 שחור 60 מ""ל",HFC פרסטיג',DE,קולסטון שפופרת,יחידה,1.00,יחידה,false,0,25.90,25.90,true,1,
5202300043281,false,קולסטון 7/1 בלונד אפרפר,HFC פרסטיג',DE,קולסטון שפורפרת,יחידה,1.00,יחידה,false,0,25.90,25.90,true,1,
5202300043724,false,קולסטון 6/75 חום אגוז בי,HFC פרסטיג',DE,קולסטון שפורפרת,יחידה,1.00,יחידה,false,0,25.90,25.90,true,1,
5391523057936,false,סימילאק גולד שלב 2 700 ג,ABBOT,IE,סימילאק גולד,גרמים,700.00,100 גרם,false,1,69.90,9.99,true,1,
5391523057943,false,סימילאק גולד שלב 3 700 ג,ABBOT,IE,סימילאק גולד,גרמים,700.00,100 גרם,false,1,69.90,9.99,true,1,
5391523058063,false,סימילאק אדבנס+ שלב1 700ג,ABBOT,IE,סימילאק אדבנס,גרמים,700.00,100 גרם,false,1,64.90,9.27,true,1,
5391523058070,false,סימילאק אדבנס+ שלב3 700ג,ABBOT,IE,סימילאק אדבנס,גרמים,700.00,100 גרם,false,1,64.90,9.27,true,1,
5391523058087,false,סימילאק אדבנס+ שלב2 700ג,ABBOT,IE,סימילאק אדבנס,גרמים,700.00,100 גרם,false,1,64.90,9.27,true,1,
5410076933129,false,אריאל שושן צחור 3קג,P&G,CZ,אריאל שושן צחור,קילוגרמים,3.00,"ק""ג",false,0,29.90,9.96,true,1,
5410091708955,false,ספריי סאיוס ווליום 400מל,הנקל סוד,DE,ספרי עיצוב סאיוס,מיליליטרים,400.00,"100 מ""ל",false,0,46.90,11.73,true,1,
5410103161518,false,ACTIVE TRIPLE קרם לחות,"קרלסרו, גרמניה",DE,קרם לחות,מיליליטרים,50.00,"100 מ""ל",false,0,49.90,99.80,true,1,
5410103161617,false,ACTIVE TRIPLE קרם לחות,"קרלסרו, גרמניה",DE,קרם לחות עור יבש,מיליליטרים,50.00,"100 מ""ל",false,0,49.90,99.80,true,1,
5410126666038,false,ביסקוויט לוטוס קרמל279ג,לוטוס ביקרי,BE,ביסקוויט לוטוס,גרמים,279.00,100 גרם,false,1,14.90,5.34,true,1,
5413548040479,false,בונ.רפאלו 240 גרם,פררו,PL,בונבוניירה רפאלו,גרמים,240.00,100 גרם,false,0,30.50,12.71,true,1,
5601036205589,false,צבע שיער אקסלנס 5 חום,ליברמו,BE,צבע לשיער אקסלנס,יחידה,1.00,יחידה,false,0,35.90,35.90,true,1,
5601036205626,false,צבע שיער 6 בלונד כהה,ליברמו,BE,צבע שיער אקסלנס,יחידה,1.00,יחידה,false,0,35.90,35.90,true,1,
5601036205695,false,אקסלנס בלונד בהיר מס8.1',ליברמו,BE,צבע שיער אקסלנס,יחידה,1.00,יחידה,false,0,35.90,35.90,true,1,
5900017042343,false,קרם גוף ניוואה  יבש625מ,ביירסדורף,ES,קרם גוף ניוואה,מיליליטרים,625.00,"100 מ""ל",false,1,45.90,7.34,true,1,
5900017062419,false,"תחליב רחצה רוז 750 מ""ל",ביירסדורף,DE,תחליב רחצה רוז,מיליליטרים,750.00,"100 מ""ל",false,1,15.90,2.12,true,1,
5900017062884,false,סופט מיקס פירות יער200מל,ביירסדורץ,DE,סופט מיקס,מיליליטרים,200.00,"100 מ""ל",false,1,39.90,19.95,true,1,
5900617035929,false,חטיף חלבון פרוטאין 33 60,סיטי תוספי מזון,IL,חטיף חלבון פרוטא,גרמים,60.00,100 גרם,false,1,9.90,16.50,true,1,
5901887001737,false,"קרם פנים ליום 50 מ""ל",,PL,קרם פנים ליום,מיליליטרים,50.00,"100 מ""ל",false,1,19.90,39.80,true,1,
5901887001744,false,"קרם עיניים  50 מ""ל",,PL,קרם עיניים,מיליליטרים,15.00,"100 מ""ל",false,1,14.90,99.33,true,1,
5901887001751,false,"טונר ניקוי לפנים 200 מ""ל",,PL,טונר ניקוי לפנים,מיליליטרים,200.00,"100 מ""ל",false,1,17.90,8.95,true,1,
5901887010326,false,"קרם פנים לילה 50 מ""ל",,PL,קרם פנים לילה,מיליליטרים,50.00,"100 מ""ל",false,1,19.90,39.80,true,1,
5901887010593,false,קרם ידיים וציפורניים 80,,PL,קרם ידיים וציפור,מיליליטרים,80.00,"100 מ""ל",false,1,11.90,14.88,true,1,
5901887018223,false,קרם גוף חלב עיזים 400 מל,,PL,קרם גוף חלב עיזי,מיליליטרים,400.00,"100 מ""ל",false,1,21.90,5.48,true,1,
5901887018230,false,חמאת גוף חלב עיזים 200 מ,,PL,חמאת גוף חלב עיז,מיליליטרים,200.00,"100 מ""ל",false,1,24.90,12.45,true,1,
5901887026792,false,יסמין סרום לגיל +50 30 מ,,PL,יסמין סרום לגיל,מיליליטרים,30.00,"100 מ""ל",false,1,24.90,83.00,true,1,
5901887026808,false,יסמין ק.עיניים15מ גיל+50,,PL,יסמין ק.עיניים,מיליליטרים,15.00,"100 מ""ל",false,1,21.90,146.00,true,1,
5901887026815,false,יסמין מים מיסלריים +50 2,,PL,יסמין מים מיסלרי,מיליליטרים,200.00,"100 מ""ל",false,1,18.90,9.45,true,1,
5901887029649,false,מנוקה מי פנים מטהרים 200,,PL,מנוקה מי פנים,מיליליטרים,200.00,"100 מ""ל",false,1,15.90,7.95,true,1,
5901887029656,false,מנוקה ג'ל לניקוי פנים 20,,PL,מנוקה ג'ל לניקוי,מיליליטרים,200.00,"100 מ""ל",false,1,18.90,9.45,true,1,
5901887029670,false,"מנוקה קרם לילה 50 מ""ל",,PL,מנוקה קרם לילה,יחידה,1.00,יחידה,false,1,19.90,19.90,true,1,
5901887029687,false,מנוקה משחת פילינג לניקוי,,PL,מנוקה משחת פילינ,מיליליטרים,75.00,"100 מ""ל",false,1,19.90,26.53,true,1,
5901887043751,false,"סרום ממריץ ומחליק 50 מ""ל",,PL,סרום ממריץ ומחלי,מיליליטרים,50.00,"100 מ""ל",false,1,24.90,49.80,true,1,
5901887043768,false,"תרחיץ ג'ל לפנים 200 מ""ל",,PL,תרחיץ ג'ל לפנים,מיליליטרים,200.00,"100 מ""ל",false,1,14.90,7.45,true,1,
5901887043775,false,פיליניג פנים וצוואר,,PL,פיליניג פנים וצו,מיליליטרים,75.00,"100 מ""ל",false,1,19.90,26.53,true,1,
5901887043782,false,"מיקרו פילינג לפנים 75 מ""",,PL,מיקרו פילינג לפנ,מיליליטרים,75.00,"100 מ""ל",false,1,14.90,19.87,true,1,
5901888020508,false,חט.דגנים+קינואה צ'ילי70,---,PL,חטיף קינואה,גרמים,70.00,100 גרם,false,1,10.00,14.29,true,1,
5901888020560,false,חטיף קינואה עשבי תיבול70,---,PL,חטיף קינואה,גרמים,70.00,100 גרם,false,1,10.00,14.29,true,1,
5902198160403,false,משקה אנרגיה TEN XL,"טמפו משקאות בע""\מ",IL,משקה אנרגיה,מיליליטרים,250.00,"100 מ""ל",false,1,5.90,2.36,true,1,
5906485301012,false,משקה אנרגיה XL,,IL,משקה אנרגיה XL,מיליליטרים,250.00,"100 מ""ל",false,0,5.90,2.36,true,1,
5907245715414,false,תיק מתנה יולי-אוקטובר 22,לנקום,FR,תיק מתנה יולי-או,יחידה,1.00,יחידה,false,1,59.00,59.00,true,1,
5907699482252,false,מארז זהב מהודר,ניקנור,IL,מארז זהב מהודר,יחידה,1.00,יחידה,false,0,79.90,79.90,true,1,
6001051002320,false,לבלו בטעם וניל,ביירסדורף,DE,לבלו וניל,יחידה,1.00,יחידה,false,0,10.00,10.00,true,1,
6085010044712,false,קלאב דה נואי אדט גבר105מ,פרפיום קוסמטיקס,FR,NUIT DE CLUB,מיליליטרים,105.00,"100 מ""ל",false,1,129.00,122.86,true,1,
6085010094151,false,nuit de club אדפ אשה105מ,,FR,nuit de club א.ד,מיליליטרים,105.00,"100 מ""ל",false,1,99.00,94.28,true,1,
6085010094977,false,קלאב דה נואי אינטנס105מ,,IL,קלאב דה נואי אינ,מיליליטרים,105.00,"100 מ""ל",false,1,129.00,122.85,true,1,
6291100130122,false,אמבר אוד גולד אדפ100מל,,AE,אמבר אוד גולד אד,מיליליטרים,100.00,"100 מ""ל",false,1,199.00,199.00,true,1,
6291100130153,false,אמבר אוד בלו אדישן 60 מל,,AE,אמבר אוד בלו אדי,מיליליטרים,60.00,"100 מ""ל",false,1,249.00,415.00,true,1,
6294015102642,false,קלאב דה נואי אורבן105מל,,AE,קלאב דה נואי אור,מיליליטרים,105.00,"100 מ""ל",false,1,115.00,109.53,true,1,
6294015131024,false,קלאב דה נואי אינ.אדפ200מ,,IL,קלאב דה נואי אינ,מיליליטרים,200.00,"100 מ""ל",false,1,219.00,109.50,true,1,
6295124006111,false,OASIS GARDEN מארז ספא,,IL,סט ספא,יחידה,1.00,יחידה,false,1,40.00,40.00,true,1,
6295124030369,false,rave Sapil אדט גבר100מל,,AE,rave Sapil אדט ל,מיליליטרים,100.00,"100 מ""ל",false,1,49.00,49.00,true,1,
6937266700785,false,שיק אינטואישן 3 סכינים,---,CN,שיק 3 סכינים,יחידה,1.00,יחידה,false,1,37.90,37.90,true,1,
6937266703472,false,שיק היידרו סילק נשים רבי,ארץ ייצור סכינים: ארהבn\,US,שיק היידרו סילק,יחידה,1.00,יחידה,false,1,54.90,54.90,true,1,
6973350163388,false,מסיכות כירורגיות 3 שכ50י,,IL,מסכת פנים חד פעמ,יחידה,1.00,יחידה,false,1,12.90,12.90,true,1,
7038513908400,false,קיסם ג'ורדן מבריש 20יח,ג'ורדן,,קיסם ג'ורדן,יחידה,1.00,יחידה,false,0,25.90,25.90,true,1,
7038513909117,false,קיסמי שיניים ג'ורדן רגיל,ג'ורדן,,קיסמי שיניים,יחידה,1.00,יחידה,false,0,22.90,22.90,true,1,
7038516140357,false,4מברשת ג'ורדן טוטל סופט,קלרו,NO,מברשת שיניים,יחידה,1.00,יחידה,false,0,19.90,19.90,true,1,
7046110064535,false,2מברשות ג'ורדן לילדים0-2,קלרו,MY,מברשות שיניים,יחידה,1.00,יחידה,false,0,19.90,19.90,true,1,
7046110071519,false,משחה לשיני חלב2-6 50מל,---,IL,משחת שיניים,מיליליטרים,50.00,"100 מ""ל",false,1,11.90,23.80,true,1,
7290000066141,false,ביסלי גריל 70 גרם,"אסם השקעות בע""\מ",IL,ביסלי גריל,גרמים,70.00,100 גרם,false,0,4.90,7.00,true,1,
7290000066264,false,דובונים-חטיפים מלוחים40ג,"אסם השקעות בע""\מ",IL,חטיפי דובונים,גרמים,40.00,100 גרם,false,0,5.30,13.25,true,1,
7290000066318,false,במבה 80 גרם,"אסם השקעות בע""\מ",IL,במבה,גרמים,80.00,100 גרם,false,0,5.90,7.38,true,1,
7290000066332,false,אפרופו 50 גרם,"אסם השקעות בע""\מ",IL,חטיף אפרופו,גרמים,50.00,100 גרם,false,0,5.90,11.80,true,1,
7290000066431,false,פופקו בטעם חמאה ודבש80גר,"אסם השקעות בע""\מ",IL,חטיף פופקו,גרמים,80.00,100 גרם,false,0,7.90,9.88,true,1,
7290000068770,false,"במבה יום הולדת 80ג בד""צ","אסם השקעות בע""\מ",IL,במבה יום הולדת,גרמים,80.00,100 גרם,false,0,5.90,7.38,true,1,
7290000074252,false,קרקר שומשום 250 גרם,"אסם השקעות בע""\מ",IL,קרקר שומשום אסם,גרמים,250.00,100 גרם,false,0,10.90,4.36,true,1,
7290000074481,false,לחמית אגוזים 160 גרם,"אסם השקעות בע""\מ",IL,לחמית אגוזים,גרמים,160.00,100 גרם,false,0,11.90,7.44,true,1,
7290000076126,false,בייגלה שמיניות קטנות80גר,"אסם השקעות בע""\מ",IL,בייגלה שמיניות,גרמים,80.00,100 גרם,false,0,3.30,4.13,true,1,
7290000078762,false,חטיפי פריכונים עם דבש80ג,הרטו,GB,חטיפי פריכונים,גרמים,80.00,100 גרם,false,0,9.90,12.38,true,1,
7290000135113,false,TEN XL נענע ליים ללתס250,"טמפו משקאות בע""\מ",IL,TEN XL נענע ליים,מיליליטרים,250.00,"100 מ""ל",false,1,5.90,2.36,true,1,
7290000143194,false,"שמפו + מרכך הוואי 700מ""ל",טרופיקל דגיל בעמ,IL,שמפו+מרכך הוואי,מיליליטרים,700.00,"100 מ""ל",false,0,8.90,1.27,true,1,
7290000143200,false,מרכך הוואי לשיער יבש700מ,טרופיקל דגיל,IL,מרכך שיער הוואי,מיליליטרים,700.00,"100 מ""ל",false,0,8.90,1.27,true,1,
7290000143217,false,שמפו הוואי שיער יבש 700מ,טרופיקל דגיל,IL,שמפו הוואי,מיליליטרים,700.00,"100 מ""ל",false,0,8.90,1.27,true,1,
7290000143255,false,שמפו הוואי לשיער רגיל700,טרופיקל דגיל,IL,שמפו הוואי,מיליליטרים,700.00,"100 מ""ל",false,0,8.90,1.27,true,1,
7290000143262,false,"הוואי שמפו לילדים 700מ""ל",טרופיקל דגיל,IL,הוואי שמפו ילדים,מיליליטרים,700.00,"100 מ""ל",false,0,8.90,1.27,true,1,
7290000143279,false,"הוואי שמפו אדום 700 מ""ל",טרופיקל דגיל,IL,שמפו הוואי,מיליליטרים,700.00,"100 מ""ל",false,0,8.90,1.27,true,1,
7290000143286,false,"הוואי מרכך ירוק 700 מ""ל",טרופיקל דגיל,IL,מרכך הוואי,מיליליטרים,700.00,"100 מ""ל",false,0,8.90,1.27,true,1,
7290000143293,false,הוואי מרכך שיער לילד700מ,הנקל סוד,IL,הוואי מרכך שיער,מיליליטרים,700.00,"100 מ""ל",false,0,8.90,1.27,true,1,
7290000146928,false,משחת טום וג'רי ענבים 50מ,טרופיקל דגיל,IL,משחת טום וג'רי,מיליליטרים,50.00,"100 מ""ל",false,0,7.90,15.80,true,1,
7290000178707,false,תפוצ'יפס בטעם טבעי 50 גר,"שטראוס פריטו ליי בע""\מ )",IL,חטיף תפוצ'יפס,גרמים,50.00,100 גרם,false,0,4.30,8.60,true,1,
7290000187860,false,לילי נ.טואלט לח פיור56יח,חוגלה קימברלי,IL,נייר טואלט לח,יחידה,1.00,יחידה,false,0,8.90,8.90,true,1,
7290000188591,false,קוטקס מגן תחתון יאנג,חוגלה קימברלי,CN,מגן תחתון קוטקס,יחידה,1.00,יחידה,false,0,17.90,17.90,true,1,
7290000190853,false,נייר טואלט לילי פיור30גל,חוגלה קימברלי,IL,נייר טואלט לילי,מטרים,537.00,100 מטר,false,0,44.90,8.36,true,1,
7290000191225,false,האגיס אקסטרה קר מידה 2,חוגלה קימברלי,IL,האגיס ליטל בייבי,יחידה,1.00,יחידה,false,1,33.90,33.90,true,1,
7290000191539,false,מגבוני לילי צבעוני90*5יח,חוגלה קימברלי,IL,מגבוני לילי 90*5,יחידה,1.00,יחידה,false,0,16.90,16.90,true,1,
7290000191645,false,האגיס אקסטרה קר מידה NB,חוגלה קימברלי,US,חיתולי האגיס,יחידה,1.00,יחידה,false,0,33.90,33.90,true,1,
7290000191652,false,קלינקס מעוצב 90*3 יחידות,חוגלה קימברלי,IL,קלינקס מעוצב 3יח,יחידה,1.00,יחידה,false,0,12.90,12.90,true,1,
7290000192581,false,מגבות נייר 6 גליל כפול,קימברלי-קלארק,IL,מגבות נייר,מטרים,129.00,מטר,false,1,24.90,0.19,true,1,
7290000193083,false,תחבושות נובה לי 28 יח',חוגלה קימברלי,CZ,תחבושות נובה לי,יחידה,1.00,יחידה,false,0,9.90,9.90,true,1,
7290000193205,false,20 תחבושות לילי ללילה,חוגלה קימברלי,BE,תחבושות לילי,יחידה,1.00,יחידה,false,0,14.90,14.90,true,1,
7290000193472,false,לילי מגן תחתון נורמל,חוגלה קימברלי,ES,פדיות לילי,יחידה,1.00,יחידה,false,0,14.90,14.90,true,1,
7290000193540,false,לילי מגן תחתון לונג,חוגלה קימברלי,ES,פדיות לילי,יחידה,1.00,יחידה,false,0,14.90,14.90,true,1,
7290000193618,false,62 פדיות נטורל LIGHT,חוגלה קימברלי,ES,פדיות לילי נטורל,יחידה,1.00,יחידה,false,0,14.90,14.90,true,1,
7290000193649,false,24 תחבושות לילי נורמל+,חוגלה קימברלי,ES,תחבושות לילי,יחידה,1.00,יחידה,false,0,14.90,14.90,true,1,
7290000193656,false,לילי תחבושות סופר פלוס,חוגלה קימברלי,ES,תחבושות לילי,יחידה,1.00,יחידה,false,0,14.90,14.90,true,1,
7290000194288,false,משטח החתלה 10 יחידות,אונטקס,BE,משטח החתלה האגיס,יחידה,1.00,יחידה,false,0,19.90,19.90,true,1,
7290000195537,false,מגב.האגיס ללא בישום 64*4,חוגלה קימברלי,IL,מגבונים האגיס 4י,יחידה,1.00,יחידה,false,0,24.90,24.90,true,1,
7290000195773,false,מגבוני האגיס אלוורה 64*4,חוגלה קימברלי,IL,מגבונים האגיס 4י,יחידה,1.00,יחידה,false,0,24.90,24.90,true,1,
7290000197425,false,האגיס פרידום דריי מידה 3,חוגלה קימברלי,IL,חיתולי האגיס,יחידה,1.00,יחידה,false,0,47.90,47.90,true,1,
7290000197456,false,האגיס פרידום דריי מידה 4,חוגלה קימברלי,IL,חיתולי האגיס,יחידה,1.00,יחידה,false,0,47.90,47.90,true,1,
7290000197463,false,האגיס פרידום דריי +4,חוגלה קימברלי,IL,חיתולי האגיס,יחידה,1.00,יחידה,false,0,47.90,47.90,true,1,
7290000197548,false,האגיס פרידום דריי מידה 5,חוגלה קימברלי,IL,חיתולי האגיס,יחידה,1.00,יחידה,false,0,47.90,47.90,true,1,
7290000197678,false,האגיס פרידום דריי מידה 6,חוגלה קימברלי,IL,חיתולי האגיס,יחידה,1.00,יחידה,false,0,47.90,47.90,true,1,
7290000201818,false,52טיטולים פרימיום שלב 2,חוגלה קימברלי,IL,טיטולים פרימיום,יחידה,1.00,יחידה,false,1,33.90,33.90,true,1,
7290000201832,false,50טיטולים פרימיום שלב 3,חוגלה קימברלי,IL,טיטולים פרימיום,יחידה,1.00,יחידה,false,1,33.90,33.90,true,1,
7290000201856,false,38 טיטולים פרימיום שלב+4,חוגלה קימברלי,IL,טיטולים פרימיום,יחידה,1.00,יחידה,false,1,33.90,33.90,true,1,
7290000201863,false,34טיטולים פרימיום שלב 5,חוגלה קימברלי,IL,טיטולים פרימיום,יחידה,1.00,יחידה,false,1,33.90,33.90,true,1,
7290000201870,false,30 טיטולים פרימיום שלב 6,---,IL,טיטולים פרימיום,יחידה,1.00,יחידה,false,1,33.90,33.90,true,1,
7290000203560,false,סדיניה שקמה 15 יחידות,חוגלה קימברלי,IL,סדיניה שקמה,יחידה,1.00,יחידה,false,0,51.90,51.90,true,1,
7290000205915,false,האגיס אקסטרה קר מידה 4,חוגלה קימברלי,CZ,חיתולי האגיס,יחידה,1.00,יחידה,false,1,57.90,57.90,true,1,
7290000244143,false,קרם הוואי לאחר גילוח120ג,טרופיקל דגיל,IL,קרם לאחר גילוח,גרמים,120.00,100 גרם,false,0,19.90,16.58,true,1,
7290000245294,false,"אבקת כביסה פרסיל 2.5 ק""ג","הנקל סוד בע""\מ",IL,אבקת כביסה פרסיל,קילוגרמים,2.50,"ק""ג",false,0,21.90,8.76,true,1,
7290000262413,false,האגיס אקסטרה קר מידה 5,חוגלה קימברלי,CZ,חיתולי האגיס,יחידה,1.00,יחידה,false,1,57.90,57.90,true,1,
7290000263359,false,האגיס אקסטרה קר שלב1,חוגלה קימברלי,IL,חיתולי האגיס,יחידה,1.00,יחידה,false,0,33.90,33.90,true,1,
7290000288079,false,סנו ג'אוול לימון 2 ליטר,"סנו מפעלי ברונוס בע""מ",IL,סנו JAVEL מלבין,ליטרים,2.00,ליטר,false,0,13.90,6.95,true,1,
7290000288291,false,סנומט קוטל יתוש/זבוב30טב,סנו,IT,סנומט נגד יתוש,יחידה,1.00,יחידה,false,0,14.90,14.90,true,1,
7290000288307,false,סנומט מכשיר + 30 טבליות,סנו,IT,מכשיר סנומט+טבל,יחידה,1.00,יחידה,false,0,30.00,30.00,true,1,
7290000288727,false,א.כביסה מקסימה מאסק1.25ק,סנו,IL,אבקת כביסה,קילוגרמים,1.25,"ק""ג",false,0,12.90,10.32,true,1,
7290000289069,false,סנו ג'אוול מרסס לימון 1ל,"סנו מפעלי ברונוס בע""מ",IL,סנו ג'אוול מרסס,ליטרים,1.00,ליטר,false,0,19.90,19.90,true,1,
7290000295558,false,2רדידי אלומיניום0.3*7.5מ,סנו,TR,צמד רדידי אלומינ,מטרים,15.00,מטר,false,0,15.90,1.06,true,1,
7290000347752,false,תה ירוק+לימונ.ולואיזה25ש,ויסוצקי,IL,תה ירוק לימונית,גרמים,37.00,100 גרם,false,0,24.90,67.30,true,1,
7290000412481,false,"מנקה אסלות ""00"" 1 ליטר",סנו מפעלי ברונוס בעמ,IL,"מנקה אסלות 00""",ליטרים,1.00,ליטר,false,0,9.90,9.90,true,1,
7290000420325,false,גרע.תירס טבעי-מיקרו100*5,פרסטון פארמס,US,פופקורן למיקרו,גרמים,500.00,100 גרם,false,0,12.90,2.58,true,1,
7290000442044,false,"פמינה חמוציות 220 מ""ל",כצט,IL,פמינה חמוציות,מיליליטרים,220.00,"100 מ""ל",false,0,29.90,13.59,true,1,
7290000442310,false,בייביסקין קרם לתינוק100ג,כצט,IL,בייביסקין משחה,גרמים,100.00,100 גרם,false,0,16.90,16.90,true,1,
7290000480107,false,קוואקר שיבולת שועל פח500,קואקר אוטס,GB,קוואקר שיבולת,גרמים,500.00,100 גרם,false,0,16.90,3.38,true,1,
7290000518336,false,"מוש צמר גפן ללת""ס100גרם",מתוק וקל בעמ,IL,צמר גפן מתוק,גרמים,10.00,100 גרם,false,1,5.90,59.00,true,1,
7290000560540,false,אדג' פרו ג'ל רגיש 198 גר,אנרג'ייזר,US,אדג' ג'ל לגילוח,גרמים,198.00,100 גרם,false,0,18.90,9.55,true,1,
7290000560588,false,אדג' ג'ל גילוח,,US,אדג' ג'ל גילוח,גרמים,78.00,100 גרם,false,0,13.90,17.82,true,1,
7290000679631,false,אל סבון קמיל קלאסיק500מ,פישר מעבדות פרמצבטיות בע,IL,קמיל בלו אלסבון,מיליליטרים,500.00,"100 מ""ל",false,0,16.90,3.38,true,1,
7290000689180,false,בליסטיק סטיק,,IL,בליסטיק סטיק,יחידה,1.00,יחידה,false,0,14.90,14.90,true,1,
7290000802909,false,עדינול משחה לתינוק 100גר,אמיליה קוסמטיקס,IL,עדינול לתינוק,גרמים,100.00,100 גרם,false,0,15.90,15.90,true,1,
7290000803180,false,שטיפה דנטלית מרידול 400מ,קולגייט פלמוליב,CH,שטיפה מרידול,מיליליטרים,400.00,"100 מ""ל",false,0,26.90,6.73,true,1,
7290001136683,false,"מרכך נקה 7 ס""ש 750 מ""ל",אמיליה קוסמטיקס בעמ,IL,קונדישינר נקה 7,מיליליטרים,750.00,"100 מ""ל",false,0,13.90,1.85,true,1,
7290001713020,false,"שקיות אשפה 85*75 ס""מ25יח",קומפלקס כימיקלים בעמ,TR,שקיות אשפה 85*75,יחידה,1.00,יחידה,false,1,8.90,8.90,true,1,
7290001713167,false,סנט מוריץ קצף ניקוי 1 לי,קומפלקס כימיקלים בעמ,IL,קצף ניקוי,ליטרים,1.00,ליטר,false,1,8.90,8.90,true,1,
7290001713242,false,שקיות אשפה עם ידיות90*75,---,TR,שקיות אשפה עם יד,יחידה,1.00,יחידה,false,1,17.90,17.90,true,1,
7290001713662,false,מ. כביסה בניחוח ב.מלון1ל,---,TR,מרכך כביסה בניחו,מיליליטרים,1000.00,"100 מ""ל",false,1,11.90,1.19,true,1,
7290001713815,false,מ. כביסה בניחוח ב.מלון1ל,---,TR,מרכך כביסה בניחו,מיליליטרים,1000.00,"100 מ""ל",false,1,11.90,1.19,true,1,
7290001713860,false,מ. כביסה בניחוח ב.מלון1ל,---,TR,מרכך כביסה בניחו,מיליליטרים,1000.00,"100 מ""ל",false,0,11.90,1.19,true,1,
7290001865453,false,סבון פמלי סגול+משאבה 1ל',אינטרקוסמא,TR,סבון נוזלי פמלי,ליטרים,1.00,ליטר,false,0,12.90,12.90,true,1,
7290001973233,false,מגבונים מילוי+דיספנסר120,פישר מעבדות פרמצבטיות,IL,מגבונים +דיספנסר,יחידה,1.00,יחידה,false,0,13.90,13.90,true,1,
7290002000266,false,שעוות תפוח משי למיקרו500,ש.שוורץ,IL,שעוות מגע משי,גרמים,500.00,100 גרם,false,0,27.90,5.58,true,1,
7290002000310,false,מאסק אויל אדפ לאשה,,IL,מאסק אויל אדפ,מיליליטרים,15.00,"100 מ""ל",false,0,129.00,860.00,true,1,
7290002003168,false,"קרם ידיים  פנג'ל 80*3מ""ל",אינטרקוסמא,IL,קרם יד.פנג'ל 3יח,מיליליטרים,240.00,"100 מ""ל",false,0,20.90,8.71,true,1,
7290002041009,false,קרם דאו.לגוף 10 מל,תעשיות שיק,IL,דאו.חלאבילין,מיליליטרים,10.00,"100 מ""ל",false,0,49.90,499.00,true,1,
7290002041023,false,רעננה קרם דאו.לכף הרגל,תעשיות שיק,IL,קרם דאו לכף הרגל,מיליליטרים,10.00,"100 מ""ל",false,0,39.90,399.00,true,1,
7290002041818,false,"דאו.רול און מידנייט80מ""ל",תעשיות שיק,IL,דאודורנט מידנייט,מיליליטרים,80.00,"100 מ""ל",false,0,22.90,28.63,true,1,
7290002041832,false,דאו.רול און לאב ליין80מ,חלאבין,IL,דאו.רול און,מיליליטרים,80.00,"100 מ""ל",false,0,22.90,28.63,true,1,
7290002132011,false,עוגיות מזרחיות שומשום400,מאפיית יוסף ושמחה עבאדי,IL,עוגיות מזרחיות,גרמים,400.00,100 גרם,false,0,18.90,4.73,true,1,
7290002269953,false,בלוז מסיר איפור 2 פאזות,קרליין,IL,בלוז מסיר איפור,מיליליטרים,260.00,"100 מ""ל",false,0,44.90,17.27,true,1,
7290002515333,false,אל סבון קמיל סנסיטיב500,פישר מעבדות פרמצבטיות בע,IL,אלסבון קמיל בלו,מיליליטרים,500.00,"100 מ""ל",false,0,19.90,3.98,true,1,
7290002515371,false,אל סבון קמיל קלאסיק 1ליט,פישר מעבדות פרמצבטיות בע,IL,קמיל בלו לתינוק,ליטרים,1.00,ליטר,false,0,27.90,27.90,true,1,
7290002730538,false,80פדים להסרת איפור בלונס,"ש. שסטוביץ בע""\מ",GR,פדים להסרת איפור,יחידה,1.00,יחידה,false,0,9.90,9.90,true,1,
7290002730675,false,"משחת קולגייט אדום 100מ""ל",קולגייט פלמוליב,PL,משחת שיניים,מיליליטרים,100.00,"100 מ""ל",false,0,9.90,9.90,true,1,
7290002730811,false,משחה קולגייט ג'ל 100 גרם,קולגייט פלמוליב,PL,משחת קולגייט ג'ל,מיליליטרים,100.00,"100 מ""ל",false,0,13.90,13.90,true,1,
7290002730941,false,"צמר גפן פרוס ""בלונס100""ג",ספטונה,GR,צמר גפן פרוס,גרמים,100.00,100 גרם,false,0,9.90,9.90,true,1,
7290002752332,false,סוכ.מנטוס טעם פירות37.5ג,מנטוס,NL,סוכריות מנטוס,גרמים,37.00,100 גרם,false,0,3.90,10.54,true,1,
7290002752349,false,סוכ. מנטוס מנטה 37.5 גרם,פרפטי ואן מלה,NL,סוכריות מנטוס,גרמים,37.00,100 גרם,false,0,3.90,10.54,true,1,
7290002814016,false,סנט מוריץ מסיר שומ.קר750,קומפלקס כימיקלים,IL,מסיר שומנים קר,מיליליטרים,750.00,"100 מ""ל",false,0,15.90,2.12,true,1,
7290002814290,false,קצף אקונומיקה בלאנקו 1 ל,קומפלקס כימיקלים בעמ,IL,קצף אקונומיקה,ליטרים,1.00,ליטר,false,1,9.90,9.90,true,1,
7290002814528,false,נוזל לאסלה מס' 1 1 ליטר,קומפלקס כימיקלים בעמ,IL,נוזל לאסלה מס' 1,ליטרים,1.00,ליטר,false,0,6.90,6.90,true,1,
7290002814542,false,אשפתון עבה במיוחד 25 יח,קומפלקס כימיקלים בעמ,CN,אשפתון,יחידה,1.00,יחידה,false,1,9.90,9.90,true,1,
7290002814825,false,כדוריות לאסלה יחידה50*3ג,---,TR,כדוריות לאסלה3*,גרמים,150.00,100 גרם,false,1,9.90,6.60,true,1,
7290002814887,false,מטליות רצפה סנט מוריץ10י,קומפלקס כימיקלים,CN,מטליות רצפה 10יח,יחידה,1.00,יחידה,false,1,12.90,12.90,true,1,
7290002904694,false,דאו.טיטניום תרסיס 180 מל,אמיליה קוסמטיקס בעמ,IL,דאודורנט טיטניום,מיליליטרים,180.00,"100 מ""ל",false,0,16.90,9.39,true,1,
7290003026029,false,שמפו אל דמע קמיל בלו,פישר מעבדות פרמצבטיות בע,IL,שמפו קמיל בלו,מיליליטרים,500.00,"100 מ""ל",false,0,19.90,3.98,true,1,
7290003026036,false,אל סבון סנסיטיב קמיל 1 ל,פישר מעבדות פרמצבטיות בע,IL,אל סבון קמיל בלו,ליטרים,1.00,ליטר,false,0,28.90,28.90,true,1,
7290003026227,false,שמפו אל דמע קמיל בלו 1לי,פישר מעבדות פרמצבטיות בע,IL,שמפו קמיל בלו,ליטרים,1.00,ליטר,false,0,28.90,28.90,true,1,
7290003026234,false,קרם גוף קמיל בלו 500 גרם,פישר מעבדות פרמצבטיות בע,IL,קרם גוף לתינוק,גרמים,500.00,100 גרם,false,0,32.90,6.58,true,1,
7290003026319,false,משחה לתינוק קמיל בלו120ג,פישר מעבדות פרמצבטיות בע,IL,משחת החתלה סנסטי,גרמים,120.00,100 גרם,false,0,19.90,16.58,true,1,
7290003047642,false,ליפטון ילו לייבל100ש1.5*,יוניליוור,RU,תה ילו לייבל,גרמים,150.00,100 גרם,false,0,18.40,12.27,true,1,
7290003227136,false,ביוטי פיט ג'ל רגליים100מ,חלאבין,IL,ביוטי פיט ג'ל רג,מיליליטרים,100.00,"100 מ""ל",false,0,26.90,26.90,true,1,
7290003227402,false,"קרם גוף מדנייט 275 מ""ל",חלאבין,IL,קרם גוף מידנייט,מיליליטרים,275.00,"100 מ""ל",false,0,36.90,13.42,true,1,
7290003320806,false,2 פצירות רכות שחורות קיי,מג'יק,IL,2 פצירות רכות שח,יחידה,1.00,יחידה,false,0,19.90,19.90,true,1,
7290003320813,false,משייף גדול ידית לבנה יח',"מג'יק שיווק מתנות בע""מ",CH,משייף גדול ידית,יחידה,1.00,יחידה,false,1,19.90,19.90,true,1,
7290003387205,false,דאו.ספיד סטיק לגבר 56 גר,קולגייט פלמוליב,US,דאודורנט סטיק,גרמים,56.00,100 גרם,false,0,17.90,31.96,true,1,
7290003387373,false,דאו.ספיד סטיק ספורט50גרם,קולגייט פלמוליב,US,דאודורנט,גרמים,50.00,100 גרם,false,0,17.90,35.80,true,1,
7290003401369,false,קרם לחות לשיער חוחובה400,קרליין,IL,קרם לחות לשיער,מיליליטרים,400.00,"100 מ""ל",false,0,16.90,4.23,true,1,
7290003401376,false,קרם לחות אלוורה לשיער400,קרליין,IL,קרם לחות לשיער,מיליליטרים,400.00,"100 מ""ל",false,0,16.90,4.23,true,1,
7290003401420,false,ק.לחות סיליקון לשיער400מ,קרליין,IL,קרם לחות לשיער,מיליליטרים,400.00,"100 מ""ל",false,0,16.90,4.23,true,1,
7290003401635,false,קרם לחות ש.צבוע ברגע 400,קרליין,IL,קרם לחות לשיער,מיליליטרים,400.00,"100 מ""ל",false,0,25.90,6.48,true,1,
7290003401642,false,קר.לחות לתלתלים נטורל400,קרליין,IL,קרם לחות לשיער,מיליליטרים,400.00,"100 מ""ל",false,0,25.90,6.48,true,1,
7290003423909,false,חטיף שוק.לבן שברי עוג43.,---,US,חטיף שוקולד לבן,גרמים,43.00,100 גרם,false,0,4.90,11.40,true,1,
7290003444009,false,חט.שוקו.חלב+חמאת בוטנ42ג,הרשי,US,חטיף שוקולד חלב,גרמים,42.00,100 גרם,false,0,3.90,9.29,true,1,
7290003521166,false,קרם רוזמרין לילדים סרקל,פישר מעבדות פרמצבטיות בע,IL,סרקל קרם רוזמרין,מיליליטרים,325.00,"100 מ""ל",false,0,25.90,7.97,true,1,
7290003917082,false,תיק רחצה כסף/זהב,ניקנור,IL,תיק רחצה כסף/זהב,יחידה,1.00,יחידה,false,0,44.90,44.90,true,1,
7290003917150,false,מגש 2 כדים שוואר+קרם גוף,ניקנור,IL,מגש 2 כדים,יחידה,1.00,יחידה,false,0,84.90,84.90,true,1,
7290004043205,false,עדשי שוק.מ&מ'ס בוטנים90ג,מרס,US,עדשי מ&מ'ס,גרמים,90.00,100 גרם,false,1,6.80,7.56,true,1,
7290004078942,false,ליידי ס.סטיק ג'ל מרענן,קולגייט פלמוליב,US,דאודורנט,גרמים,65.00,100 גרם,false,0,17.90,27.54,true,1,
7290004464851,false,קרם גוף מידנייט משאבה400,חלאבין,IL,קרם גוף מידנייט,מיליליטרים,400.00,"100 מ""ל",false,0,36.90,9.23,true,1,
7290004731083,false,אל סבון כיף ג'ינסנג1ליטר,קוסמופארם בע'\'\מ,IL,אל סבון כיף,ליטרים,1.00,ליטר,false,0,12.90,12.90,true,1,
7290004731472,false,אלסבון כיף צבעוני 500*3מ,קוסמופארם בע'\'\מ,IL,אלסבון כיף 3 יח,ליטרים,1.50,ליטר,false,0,19.90,13.27,true,1,
7290005084355,false,משח.סנסודיין דואל קייר75,MICLEN DE,GB,משחת שיניים,מיליליטרים,75.00,"100 מ""ל",false,0,18.90,25.20,true,1,
7290005124686,false,בליסטיק סטיק,,IL,בליסטיק סטיק,יחידה,1.00,יחידה,false,0,14.90,14.90,true,1,
7290005418891,false,ג'ל לשיער עיצוב רטוב500מ,מיוצר עי : אמיליה קוסמטי,IL,ג'ל לעיצוב שיער,מיליליטרים,500.00,"100 מ""ל",false,0,22.90,4.58,true,1,
7290005423253,false,"מקסימה למייבש פרש 750מ""ל","סנו מפעלי ברונוס בע""\מ",IL,מקסימה למייבש,מיליליטרים,750.00,"100 מ""ל",false,0,15.90,2.12,true,1,
7290005423369,false,"סנו די קידס תחליב 100מ""ל","קוסמופארם בע""\מ",IL,סנו די תחליב,מיליליטרים,100.00,"100 מ""ל",false,1,21.90,21.90,true,1,
7290005423567,false,40מטליות לניקוי סנו סושי,סנו,IL,מטליות לניקוי,יחידה,1.00,יחידה,false,0,19.90,19.90,true,1,
7290005424403,false,אל סבון כיף אצות ים1ליטר,קוסמופארם בע'\'\מ,IL,אל סבון כיף,ליטרים,1.00,ליטר,false,0,12.90,12.90,true,1,
7290005425646,false,סנוקליר ניקוי חלונות 1ל',"סנו מפעלי ברונוס בע""\מ",IL,סנוקליר 1 ליטר,ליטרים,1.00,ליטר,false,0,14.90,14.90,true,1,
7290005426575,false,ק.לחות קרמה שיער יבש400מ,קוסמופארם בע'\'\מ,IL,קרם לחות קרמה,מיליליטרים,400.00,"100 מ""ל",false,0,24.90,6.23,true,1,
7290005427787,false,ק.לחות קרמה ש.מתולתל400מ,קוסמופארם בע'\'\מ,IL,קרם לשיער קרמה,מיליליטרים,400.00,"100 מ""ל",false,0,24.90,6.23,true,1,
7290005500688,false,"מסיכה לשיער פנינה 1 ק""ג",א.ל ארמן,IL,מסיכה לשיער,קילוגרמים,1.00,"ק""ג",false,0,26.90,26.90,true,1,
7290005680052,false,טמפוני או-בה סופר + 32יח,ג'ונסון,GR,טמפוני או-בה,יחידה,1.00,יחידה,false,0,30.90,30.90,true,1,
7290006185501,false,סבון נוזלי פנינה ורוד 1ל,סאסא קוסמטיקס,IL,סבון נוזלי ורוד,ליטרים,1.00,ליטר,false,0,13.90,13.90,true,1,
7290006287106,false,קרם אלסטי מראה מודרני120,מיוצר עי : אמיליה קוסמטי,IL,ווקס עיצוב שיער,מיליליטרים,120.00,"100 מ""ל",false,0,31.90,26.58,true,1,
7290006287328,false,"מסכה לשיער צבוע 400 מ""ל",קרליין,,מסכה לשיער צבוע,מיליליטרים,400.00,"100 מ""ל",false,0,34.90,8.73,true,1,
7290006712684,false,דאו.ספיד סטיק-24/7- כחול,קולגייט פלמוליב,US,דאודורנט,גרמים,50.00,100 גרם,false,0,17.90,35.80,true,1,
7290006712981,false,"קולגייט סמיילס +6 50 מ""ל",קולגייט פלמוליב,PL,משחת שיניים,מיליליטרים,50.00,"100 מ""ל",false,0,14.90,29.80,true,1,
7290006784018,false,מטהר אוויר בלהבלהבלה 250,קומפלקס כימיקלים בעמ,TR,מטהר אוויר בלהבל,מיליליטרים,250.00,"100 מ""ל",false,1,14.90,5.96,true,1,
7290006784360,false,מרסס חלונית ס.מוריץ1ליטר,קומפלקס כימיקלים,IL,מרסס חלונית,ליטרים,1.00,ליטר,false,0,4.90,4.90,true,1,
7290006784438,false,LOVE PUREמרכך כביסה 1 לי,קומפלקס כימיקלים בעמ,TR,LOVE PUREמרכך כב,ליטרים,1.00,ליטר,false,1,11.90,11.90,true,1,
7290006784575,false,"מטהר אוויר לואס 250 מ""ל",קומפלקס כימיקלים בעמ,TR,מטהר אוויר לואס,מיליליטרים,250.00,"100 מ""ל",false,1,14.90,5.96,true,1,
7290006784605,false,מטהר אוויר נייט סיקרט250,קומפלקס כימיקלים בעמ,TR,מטהר אוויר נייט,מיליליטרים,250.00,"100 מ""ל",false,1,14.90,5.96,true,1,
7290006784773,false,מטהר אוויר סקסי 102 250,קומפלקס כימיקלים בעמ,TR,מטהר אוויר סקסי,מיליליטרים,250.00,"100 מ""ל",false,1,14.90,5.96,true,1,
7290006784780,false,מטהר אוויר בלאק 0 250 מל,קומפלקס כימיקלים בעמ,TR,מטהר אוויר בלאק,מיליליטרים,250.00,"100 מ""ל",false,1,14.90,5.96,true,1,
7290006788375,false,דאו.קרליין סטיק PURE 50,מיוצר עי : אמיליה קוסמטי,IL,דאודורנט קרליין,מיליליטרים,50.00,"100 מ""ל",false,0,18.90,37.80,true,1,
7290006788399,false,דאו.קרליין רולאון נושם75,אמיליה קוסמטיקס בעמ,IL,דאודורנט קרליין,מיליליטרים,75.00,"100 מ""ל",false,0,13.90,18.53,true,1,
7290006788405,false,דאו.קרליין רולאון בורדו,מיוצר עי : אמיליה קוסמטי,IL,דאודורנט קרליין,מיליליטרים,75.00,"100 מ""ל",false,0,13.90,18.53,true,1,
7290006788412,false,דאו.קרליין רולאון כחול75,אמיליה קוסמטיקס בעמ,IL,דאודורנט קרליין,מיליליטרים,75.00,"100 מ""ל",false,0,13.90,18.53,true,1,
7290006788429,false,דאו.קרליין רולאון כתום75,אמיליה קוסמטיקס בעמ,IL,דאודורנט קרליין,מיליליטרים,75.00,"100 מ""ל",false,0,13.90,18.53,true,1,
7290006788443,false,דאו.קרליין רולאון סגול75,אמיליה קוסמטיקס בעמ,IL,דאודורנט קרליין,מיליליטרים,75.00,"100 מ""ל",false,0,13.90,18.53,true,1,
7290006788559,false,דאו.טיטניום בלו ספריי180,אמיליה קוסמטיקס בעמ,IL,דאודורנט טיטניום,מיליליטרים,180.00,"100 מ""ל",false,0,16.90,9.39,true,1,
7290006789631,false,"קרם ""10"" שיער רגיל400מ""ל",מיוצר עי : אמיליה קוסמטי,IL,קרם לחות לשיער,מיליליטרים,400.00,"100 מ""ל",false,0,20.90,5.23,true,1,
7290006789921,false,FREE OILתחליב לחות קל50מ,קרליין,IL,תחליב לחות קל,מיליליטרים,50.00,"100 מ""ל",false,0,54.90,109.80,true,1,
7290006791467,false,סרום להגמשת תלתלים 145מל,מיוצר עי : אמיליה קוסמטי,IL,סרום לתלתלים,מיליליטרים,145.00,"100 מ""ל",false,0,49.90,34.41,true,1,
7290006791870,false,ג'ל שיער לעיצוב חזק500מל,מיוצר עי : אמיליה קוסמטי,IL,ג'ל לעיצוב שיער,מיליליטרים,500.00,"100 מ""ל",false,0,23.90,4.78,true,1,
7290006992185,false,דייסת אורז מטרנה 200 גרם,מטרנה תעשיות ש.מ,IL,דייסת אורז,גרמים,200.00,100 גרם,false,0,14.50,7.25,true,1,
7290006992390,false,דייסת וניל מטרנה 200 גרם,מטרנה תעשיות ש.מ,IL,דייסת וניל מטרנה,גרמים,200.00,100 גרם,false,0,14.50,7.25,true,1,
7290008000796,false,"משחת שיניים סופרמן 50מ""ל",כצט,IL,משחת שיניים,מיליליטרים,50.00,"100 מ""ל",false,0,10.90,21.80,true,1,
7290008104050,false,תחליב רחצה קלאסיק220מל,כצט,IL,תחליב פמינה,מיליליטרים,220.00,"100 מ""ל",false,0,24.90,11.32,true,1,
7290008116534,false,ליסטרין קול מינט 250 מל,ג'\ונסון אנד ג'\ונסון,IT,מי פה ליסטרין,מיליליטרים,250.00,"100 מ""ל",false,0,10.00,4.00,true,1,
7290008116541,false,ליסטרין קול מינט 500מל,ג'\ונסון אנד ג'\ונסון,IT,מי פה ליסטרין,מיליליטרים,500.00,"100 מ""ל",false,0,19.90,3.98,true,1,
7290008116558,false,"מי פה ליסטרין פרש 250מ""ל",ג'\ונסון אנד ג'\ונסון,IT,מי פה ליסטרין,מיליליטרים,250.00,"100 מ""ל",false,0,10.00,4.00,true,1,
7290008116565,false,"מי פה ליסטרין פרש 500מ""ל",ג'\ונסון אנד ג'\ונסון,IT,מי פה ליסטרין,מיליליטרים,500.00,"100 מ""ל",false,0,19.90,3.98,true,1,
7290008116886,false,בלנאום בייבי פורטה500מל,נאופארם,DE,בלנאום בייבי פור,מיליליטרים,500.00,"100 מ""ל",false,0,98.90,19.78,true,1,
7290008264105,false,פינצטה אלכסון רחב,סולינגן,IL,פינצטה אלכסון רח,יחידה,1.00,יחידה,false,0,69.90,69.90,true,1,
7290008264372,false,קוצץ גדול+פלסטיק,סולינגן,IL,קוצץ גדול+פלסטיק,יחידה,1.00,יחידה,false,0,45.90,45.90,true,1,
7290008264464,false,מעגל ריסים יח',סולינגן,IL,מעגל ריסים,יחידה,1.00,יחידה,false,1,48.00,48.00,true,1,
7290008264488,false,"פצירת אקריל 18 ס""מ",סולינגן,IL,פצירת אקריל 18 ס,יחידה,1.00,יחידה,false,0,18.00,18.00,true,1,
7290008318785,false,ביוטי פיט ק.לכף הרגל100מ,חלאבין,IL,ביוטי פיט קרם לכ,מיליליטרים,100.00,"100 מ""ל",false,0,26.90,26.90,true,1,
7290008443975,false,קרליין לוק לק338,קרליין,,קרליין לוק לק8,יחידה,1.00,יחידה,false,0,14.90,14.90,true,1,
7290008444699,false,לק גוון 305,קרליין,,לק גוון 305,יחידה,1.00,יחידה,false,0,14.90,14.90,true,1,
7290008464505,false,סאן בנדטו רגיל 0.5 ליטר,אקווה מינרלה סאן בנדטו ב,IT,סאן בנדטו רגיל 0,מיליליטרים,500.00,"100 מ""ל",false,0,5.00,1.00,true,1,
7290008464611,false,"הסודה של טמפו 275 מ""ל",טמפו משקאות בעמ,IL,הסודה של טמפו,מיליליטרים,275.00,"100 מ""ל",false,1,3.90,1.42,true,1,
7290008745239,false,תפוצ'יפס קראנצ' טעם טבעי,"שטראוס פריטו ליי בע""\מ )",IL,תפוצ'יפס קראנצ',גרמים,50.00,100 גרם,false,0,4.30,8.60,true,1,
7290008775816,false,ערגליות שוקו 300 גרם,"אסם השקעות בע""\מ",IL,ערגליות שוקו,גרמים,300.00,100 גרם,false,0,13.90,4.63,true,1,
7290008775823,false,ערגליות תות 300 גרם,"אסם השקעות בע""\מ",IL,ערגליות תות,גרמים,300.00,100 גרם,false,0,13.90,4.63,true,1,
7290008893343,false,עפרון עינים הייפרסיז'ן03,גייד,IT,עפרון עינים הייפ,יחידה,1.00,יחידה,false,0,39.00,39.00,true,1,
7290008894098,false,מייק אפ קומפקט 04,גייד,IT,מייק אפ קומפקט04,יחידה,1.00,יחידה,false,0,103.90,103.90,true,1,
7290010117864,false,דוריטוס בטעם חריף אש70גר,"שטראוס פריטו ליי בע""\מ )",IL,דוריטוס חריף,גרמים,70.00,100 גרם,false,0,3.90,5.57,true,1,
7290010182985,false,דאו. סטיק כחול 50 מל,חלאבין,,דאו.סטיק 50 מל,מיליליטרים,50.00,"100 מ""ל",false,0,22.90,45.80,true,1,
7290010199907,false,אל סבון סטייל,,TR,אל סבון סטייל,מיליליטרים,500.00,"100 מ""ל",false,0,7.90,1.58,true,1,
7290010237531,false,פפסי בקבוק,,IL,פפסי בקבוק,מיליליטרים,500.00,"100 מ""ל",false,0,5.90,1.18,true,1,
7290010237548,false,פפסי מקס,,IL,פפסי מקס,מיליליטרים,500.00,"100 מ""ל",false,0,5.90,1.18,true,1,
7290010237562,false,מירינדה,,IL,מירינדה,מיליליטרים,500.00,"100 מ""ל",false,0,5.90,1.18,true,1,
7290010237579,false,סבנ אפ,,IL,סבנ אפ,מיליליטרים,500.00,"100 מ""ל",false,0,5.90,1.18,true,1,
7290010237586,false,סבנ אפ דיאט,,IL,סבנ אפ דיאט,מיליליטרים,500.00,"100 מ""ל",false,0,5.90,1.18,true,1,
7290010380466,false,"YOUNG קרם ג'ל 50 מ""ל",קרליין,IL,YOUNG קרם ג'ל SP,מיליליטרים,50.00,"100 מ""ל",false,0,59.90,119.80,true,1,
7290010381272,false,דיפ ליינר שחור 80,קרליין,DE,דיפ ליינר 80,יחידה,1.00,יחידה,false,0,54.90,54.90,true,1,
7290010381302,false,עפרון עיניים עם חידוד100,קרליין,DE,עפרון עיניים,יחידה,1.00,יחידה,false,0,29.90,29.90,true,1,
7290010381500,false,עפרון עיניים לא חידוד200,קרליין,DE,עפרון עיניים,יחידה,1.00,יחידה,false,0,29.90,29.90,true,1,
7290010381524,false,עפרון עיניים ללא חידוד 2,קרליין,DE,עפרון עיניים,יחידה,1.00,יחידה,false,0,29.90,29.90,true,1,
7290010381531,false,עפרון עיניים ללא חידוד 3,קרליין,DE,עפרון עיניים,יחידה,1.00,יחידה,false,0,29.90,29.90,true,1,
7290010381593,false,עפרון עיניים ללא חידוד 9,קרליין,DE,עפרון עיניים,יחידה,1.00,יחידה,false,0,29.90,29.90,true,1,
7290010382842,false,קרם לחות קליל-רגיל 400מל,מיוצר עי : אמיליה קוסמטי,IL,קרם לחות לשיער,מיליליטרים,400.00,"100 מ""ל",false,0,25.90,6.48,true,1,
7290010748853,false,ק.ידים אפקטיב קר עדין150,פישר מעבדות פרמצבטיות בע,IL,קרם ידיים,מיליליטרים,150.00,"100 מ""ל",false,0,12.90,8.60,true,1,
7290010748860,false,ק.ידיים אפקטיב קר יבש150,פישר מעבדות פרמצבטיות בע,IL,קרם ידיים,מיליליטרים,150.00,"100 מ""ל",false,0,12.90,8.60,true,1,
7290010748877,false,"ד""ר פישר קרם גוף רגיש",פישר מעבדות פרמצבטיות בע,IL,"ד""ר פישר קרם גוף",מיליליטרים,700.00,"100 מ""ל",false,0,26.90,3.84,true,1,
7290010748891,false,ק.גוף אפקטיב קר רגיל700מ,פישר מעבדות פרמצבטיות בע,IL,קרם גוף,מיליליטרים,700.00,"100 מ""ל",false,0,26.90,3.84,true,1,
7290010822010,false,"ג'אמפ  תפוז 500 מ""ל","טמפו משקאות בע""מ",IL,ג'אמפ  תפוז 500,מיליליטרים,500.00,"100 מ""ל",false,0,5.90,1.18,true,1,
7290011026066,false,שמפו ומרכך לילדים סרקל1ל,פישר מעבדות פרמצבטיות בע,IL,סרקל 2 ב1-,ליטרים,1.00,ליטר,false,0,27.90,27.90,true,1,
7290011026530,false,א.סבון לפני שינה קמיל500,פישר מעבדות פרמצבטיות בע,IL,אל סבון קמיל,מיליליטרים,500.00,"100 מ""ל",false,0,19.90,3.98,true,1,
7290011113926,false,דאו.טיטניום BLACK 200מל,קרליין,IL,דאודורנט טיטניום,מיליליטרים,200.00,"100 מ""ל",false,0,16.90,8.45,true,1,
7290011114039,false,עפרון עיניים לא חידוד212,קרליין,DE,עפרון עיניים,יחידה,1.00,יחידה,false,0,29.90,29.90,true,1,
7290011114626,false,שפתון ליפ קולור 707,קרליין,IL,שפתון דו צדדי,יחידה,1.00,יחידה,false,0,64.90,64.90,true,1,
7290011116224,false,שפתון ליפ קולור 709,קרליין,IL,שפתון דו צדדי,יחידה,1.00,יחידה,false,0,64.90,64.90,true,1,
7290011116446,false,אבקת פודרה נטורל 10,קרליין,IT,אבקת פודרה נטורל,יחידה,1.00,יחידה,false,0,60.90,60.90,true,1,
7290011223243,false,דאק ג'ל אסלה לבנדר 55 מל,DEOFLOR,IT,דאק ג'ל לאסלה,מיליליטרים,55.00,"100 מ""ל",false,0,8.90,16.18,true,1,
7290011332983,false,מגבונאף קמיל בלו,פישר מעבדות פרמצבטיות בע,IL,מגבונאף קמיל בלו,יחידה,1.00,יחידה,false,0,23.90,23.90,true,1,
7290011522605,false,גלייז סטייל לעיצוב ש400.,באלסן,IL,קרם לשיער סטייל,מיליליטרים,400.00,"100 מ""ל",false,0,30.90,7.73,true,1,
7290011525316,false,סנסיטיב שיבולת שועל500 מ,פישר מעבדות פרמצבטיות בע,IL,קמיל בלו,מיליליטרים,500.00,"100 מ""ל",false,0,28.90,5.78,true,1,
7290011525323,false,אל סבון שיבולת שועל,פישר מעבדות פרמצבטיות בע,IL,אל סבון קמיל בלו,מיליליטרים,500.00,"100 מ""ל",false,0,21.90,4.38,true,1,
7290011525712,false,אל סבון לפני השינה1 ליטר,פישר מעבדות פרמצבטיות בע,IL,אלסבון קמיל,ליטרים,1.00,ליטר,false,0,28.90,28.90,true,1,
7290011525729,false,שמפו לפני השינה קמיל 1ל,פישר מעבדות פרמצבטיות בע,IL,שמפו קמיל בלו,ליטרים,1.00,ליטר,false,0,28.90,28.90,true,1,
7290011618025,false,בייבי ביס בטעם טבעי 50 ג,want-want,CN,בייבי ביס,גרמים,50.00,100 גרם,false,0,14.90,29.80,true,1,
7290011622305,false,כתמתמים חטיף בריאות20*4,פרינוק,IL,רביעיית כתמתמים,גרמים,80.00,100 גרם,false,0,11.90,14.88,true,1,
7290011622428,false,כתמטמינים חטיף בריאות45ג,אשבל,IL,חטיף בריאות,גרמים,45.00,100 גרם,false,0,7.50,16.67,true,1,
7290011622756,false,ביסקויטמינ.פלוס שוקו150ג,מצות אביב בעמ,IL,ביסקויטמינים,גרמים,150.00,100 גרם,false,1,16.90,11.27,true,1,
7290011622770,false,אצבעונים פלוס TOGO,מצות אביב בעמ,IL,אצבעונים בטעם ונ,גרמים,130.00,100 גרם,false,1,23.90,18.38,true,1,
7290011714871,false,בליסטיק רפיל תות,,IL,בליסטיק רפיל תות,יחידה,1.00,יחידה,false,0,14.90,14.90,true,1,
7290011743833,false,משחה סנסודיין פרונמל75מל,MICLEN DE,GB,משחת שיניים,מיליליטרים,75.00,"100 מ""ל",false,0,21.90,29.20,true,1,
7290011745707,false,סנסודיין פרונמל ילדים50מ,גלקסוסמיתקליין,SK,משחת שיניים,מיליליטרים,50.00,"100 מ""ל",false,0,15.90,31.80,true,1,
7290011765446,false,משחה אורביטול ענבים 70 ג,טרופיקל דגיל תעשיות קוסמ,IL,משחת שיניים,גרמים,70.00,100 גרם,false,0,9.90,14.14,true,1,
7290011870232,false,8 סוללות פוג'יקום AAA,פוג'יקום,CN,סוללות פוג'יקום,יחידה,1.00,יחידה,false,0,16.90,16.90,true,1,
7290011870249,false,12 סוללות פוג'י AAA,פוג'יקום,CN,סוללות פוג'י,יחידה,1.00,יחידה,false,0,19.90,19.90,true,1,
7290011870263,false,8 סוללות פוג'יקום AA,פוג'יקום,CN,סוללות פוג'יקום,יחידה,1.00,יחידה,false,0,16.90,16.90,true,1,
7290011870270,false,12 סוללות פוג'י AA,פוג'יקום,CN,סוללות פוג'י,יחידה,1.00,יחידה,false,0,19.90,19.90,true,1,
7290011870737,false,סוללת פוג'י C,פוג'יקום,CN,סוללת פוג'י,יחידה,1.00,יחידה,false,0,19.90,19.90,true,1,
7290012116612,false,4 מברשות שיניים אורביטול,קוסמופארם,CN,4 מברשות שיניים,יחידה,1.00,יחידה,false,0,16.90,16.90,true,1,
7290012116735,false,נ.טואלט סופט גל.כפול24גל,סנו מפעלי ברונוס בעמ,IL,נייר טואלט סופט,מטרים,900.00,100 מטר,false,0,35.90,3.99,true,1,
7290012117428,false,קרמה ג'ל רח.ושמפו גבר700,קוסמופארם בע'\'\מ,IL,קרמה ג'ל רחצה,מיליליטרים,700.00,"100 מ""ל",false,0,21.90,3.13,true,1,
7290012117534,false,מרכ.מקסימה ס.מרוכז קול1ל,"סנו מפעלי ברונוס בע""\מ",IL,מקסימה ס.מרוכז,ליטרים,1.00,ליטר,false,0,17.90,17.90,true,1,
7290012117558,false,מרכ.מקסימה ס.מרוכז מסק1ל,"סנו מפעלי ברונוס בע""\מ",IL,מקסימה ס.מרוכז,ליטרים,1.00,ליטר,false,0,17.90,17.90,true,1,
7290012192098,false,דאו רול און ל- 72 ורוד,חלאבין,IL,חלאבלין רול און,מיליליטרים,60.00,"100 מ""ל",false,0,22.90,38.16,true,1,
7290012350054,false,DIVA LA מסקרה מעגלת שחור,קרליין,IT,DIVA LA מסקרה,יחידה,1.00,יחידה,false,0,49.90,49.90,true,1,
7290012350672,false,עפרון שפתיים עם חידוד164,קרליין,DE,עפרון שפתיים,יחידה,1.00,יחידה,false,0,29.90,29.90,true,1,
7290012350955,false,עפרון עיניים ללא חידוד,קרליין,DE,עפרון עיניים,יחידה,1.00,יחידה,false,0,29.90,29.90,true,1,
7290012352034,false,קרם לחות+GOשמן מקדמיה400,דנאגיס,IL,קרם לחות נטורל,מיליליטרים,400.00,"100 מ""ל",false,0,25.90,6.48,true,1,
7290012367700,false,ק.גוף אפקטיב קר שיבול700,פישר מעבדות פרמצבטיות בע,IL,קרם גוף,מיליליטרים,700.00,"100 מ""ל",false,0,26.90,3.84,true,1,
7290012491078,false,"סבון קלנדולה 400 מ""ל",לה קרים,IL,סבון קלנדולה,מיליליטרים,400.00,"100 מ""ל",false,0,35.90,8.98,true,1,
7290012823381,false,מקסימה ס.מרוכז סנסטיב 1ל,"סנו מפעלי ברונוס בע""\מ",IL,מרכך כביסה,ליטרים,1.00,ליטר,false,0,17.90,17.90,true,1,
7290012823398,false,מטליות ריצפז ניחוח מרכך,סנו מפעלי ברונו בעמ,IL,מטליות ריצפז,יחידה,1.00,יחידה,false,1,13.90,13.90,true,1,
7290012938580,false,מש.סנסודיין הלבנה עדינ75,גלקסוסמית'\קליין קונסיומ,GB,משחת סנסודיין,מיליליטרים,75.00,"100 מ""ל",false,0,18.90,25.20,true,1,
7290012938740,false,משחת סנסודיין פרש מינט75,MICLEN DE,GB,משחת סנסודיין,מיליליטרים,75.00,"100 מ""ל",false,0,18.90,25.20,true,1,
7290013083678,false,מטרנה אקסטרה קר שלב2 700,מטרנה תעשיות ש.מ,IL,מטרנה אקסטרה קר,גרמים,700.00,100 גרם,false,0,59.90,8.56,true,1,
7290013083685,false,מטרנה אקסטרה קר שלב3 700,מטרנה תעשיות ש.מ,IL,מטרנה אקסטרה קר,גרמים,700.00,100 גרם,false,0,59.90,8.56,true,1,
7290013268020,false,מקסימה סופר מרוכז פרש 1ל,"סנו מפעלי ברונוס בע""\מ",IL,מרכך כביסה,ליטרים,1.00,ליטר,false,0,17.90,17.90,true,1,
7290013268440,false,2 מברשות שיניים בוב ספוג,סנו,CN,מברשת שיניים,יחידה,1.00,יחידה,false,1,19.90,19.90,true,1,
7290013268983,false,מרכך בישום עוצמתי ג'וי1ל,"סנו מפעלי ברונוס בע""\מ",IL,מרכך מרוכז ג'וי,ליטרים,1.00,ליטר,false,1,17.90,17.90,true,1,
7290013269003,false,מקסימה מרכך בייבי 1 ליטר,"סנו מפעלי ברונוס בע""\מ",IL,מקסימה מרכך,ליטרים,1.00,ליטר,false,0,17.90,17.90,true,1,
7290013269287,false,מקסימה ג'ל כביסה מאסק3ל,"סנו מפעלי ברונוס בע""\מ",IL,ג'ל כביסה מרוכז,ליטרים,3.00,ליטר,false,0,29.90,9.97,true,1,
7290013269621,false,ריצפז פרש הום בוטיק 2ל,סנו מפעלי ברונוס בעמ,IL,ריצפז פרש הום,ליטרים,2.00,ליטר,false,1,24.90,12.45,true,1,
7290013269638,false,ספוג הפלא אקסטרה,,US,ספוג הפלא אקסטרה,יחידה,1.00,יחידה,false,0,13.90,13.90,true,1,
7290013269645,false,מטליות ריצפז,,IL,מטליות ריצפז,יחידה,1.00,יחידה,false,0,13.90,13.90,true,1,
7290013269751,false,10מטליות ריצפז מל.בוטיק,"סנו, ח.צ 520032988",IL,מטליות ריצפז,יחידה,1.00,יחידה,false,1,13.90,13.90,true,1,
7290013310262,false,כפית ארוכה רגישה לחום4יח,LTD E.L.CO,CN,כפיות נובי,יחידה,1.00,יחידה,false,0,45.90,45.90,true,1,
7290013310859,false,ערכה לניקוי האף ואוזניים,LTD E.L.CO,CN,ערכת ניקוי לאף,יחידה,1.00,יחידה,false,0,29.90,29.90,true,1,
7290013412317,false,15חיתול סופט אול נייט XL,"DPLבע""מ",IL,חיתולי נועם,יחידה,1.00,יחידה,false,0,65.90,65.90,true,1,
7290013473097,false,"ג'ל ברזל 500 מ""ל",מיסטר בונד,IL,ג'ל ברזל,מיליליטרים,500.00,"100 מ""ל",false,1,23.90,4.78,true,1,
7290013539519,false,מסכת שיער ארגן מרוקאי500,א.ל ארמן,IL,מסכת שיער סטייל,מיליליטרים,500.00,"100 מ""ל",false,0,28.90,5.78,true,1,
7290013652171,false,מגבו.מסיר איפור שמן30*3,פישר מעבדות פרמצבטיות בע,IL,שלישיית מגובונים,יחידה,1.00,יחידה,false,0,19.90,19.90,true,1,
7290013652812,false,ק.ידיים נטורל קר רגיל150,פישר מעבדות פרמצבטיות בע,IL,קרם ידיים נטורל,מיליליטרים,150.00,"100 מ""ל",false,0,13.90,9.27,true,1,
7290013652829,false,"ק.ידיים נטורל קר י""מ 150",פישר מעבדות פרמצבטיות בע,IL,קרם ידיים נטורל,מיליליטרים,150.00,"100 מ""ל",false,0,13.90,9.27,true,1,
7290013848055,false,"קרם גוף קרמה מן 400 מ""ל",קוסמופארם בע'\'\מ,IL,קרם גוף קרמה מן,מיליליטרים,400.00,"100 מ""ל",false,1,24.90,6.23,true,1,
7290013848345,false,מטליות לחיטוי 50*3 יח',סנו מפעלי ברונוס בעמ,IL,מטליות ניקוי 3יח,יחידה,1.00,יחידה,false,1,22.90,22.90,true,1,
7290013848383,false,קרמה מן גל רחצה אקטיב700,קוסמופארם בע'\'\מ,IL,ג'ל רחצה קרמה מן,מיליליטרים,700.00,"100 מ""ל",false,0,21.90,3.13,true,1,
7290013848758,false,ג'ל לכביסה בייבי 3 ליטר,"סנו מפעלי ברונוס בע""\מ",IL,ג'ל לכביסה בייבי,ליטרים,3.00,ליטר,false,0,34.90,11.63,true,1,
7290013863591,false,דאו' סטיק חלאבין LL-W,חלאבין,IL,דאו' סטיק חלאבין,מיליליטרים,60.00,"100 מ""ל",false,1,17.90,29.84,true,1,
7290013971555,false,סוללות פוג'יקום 4AAA+8AA,פוג'יקום,CN,סוללות פוג'יקום,יחידה,1.00,יחידה,false,0,23.90,23.90,true,1,
7290014204560,false,"פנינה-סבון 500 מ""ל מארז",פ.רוזנבלום כללי,IL,פנינה-סבון 500,ליטרים,1.50,ליטר,false,0,12.90,8.60,true,1,
7290014258716,false,מטרנה צמחית 700 גרם,מטרנה תעשיות ש.מ,IL,מטרנה צמחי,גרמים,700.00,100 גרם,false,0,47.90,6.84,true,1,
7290014258723,false,מטרנה צמחית 0-12 700ג,מטרנה תעשיות ש.מ,IL,מטרנה צמחית,גרמים,700.00,100 גרם,false,0,64.90,9.27,true,1,
7290014258730,false,מטרנה צמחית מגיל שנה700ג,מטרנה תעשיות ש.מ,IL,מטרנה צמחית,גרמים,700.00,100 גרם,false,0,64.90,9.27,true,1,
7290014397507,false,סנופרש מאסק מעוד,,IL,סנופרש מאסק מעוד,מיליליטרים,350.00,"100 מ""ל",false,0,12.90,3.69,true,1,
7290014397514,false,סנופרש כותנה,,IL,סנופרש כותנה,מיליליטרים,350.00,"100 מ""ל",false,0,12.90,3.69,true,1,
7290014397835,false,סנומט סמארט,,IT,סנומט סמארט,יחידה,1.00,יחידה,false,0,37.90,37.90,true,1,
7290014424364,false,רצועות שעווה מהפנים אלוו,,IT,רצועות שעווה מהפ,יחידה,1.00,יחידה,false,1,22.90,22.90,true,1,
7290014426061,false,משחת שיניים הלו קיטי50מ,כצט,IL,משחת שיניים,מיליליטרים,50.00,"100 מ""ל",false,0,10.90,21.80,true,1,
7290014525016,false,סלים פרוט יוגורט תות 5י,סלים פרוטס,ES,חטיפי דגנים מרבה,גרמים,182.00,100 גרם,false,0,15.90,8.74,true,1,
7290014525313,false,סלים דליס קריספי שוק125ג,סלים דליס,NL,סלים דליס חטיפים,גרמים,125.00,100 גרם,false,1,15.90,12.72,true,1,
7290014648081,false,סכיני גילוח ח.פ. BELLE *,נינגבי הווארד,CN,סכיני גילוח ח.פ.,יחידה,1.00,יחידה,false,1,9.90,9.90,true,1,
7290014648678,false,צימרונים קוסמטיים מארז,,IL,צימרונים קוסמטיי,יחידה,1.00,יחידה,false,1,11.90,11.90,true,1,
7290014648944,false,קיסמי מברשות דו צדדי 300,,IL,קיסמי מברשות דו,יחידה,1.00,יחידה,false,1,10.90,10.90,true,1,
7290014649033,false,ספוג רחצה מפנק3*,,IL,ספוג רחצה מפנק,יחידה,1.00,יחידה,false,1,11.90,11.90,true,1,
7290014855434,false,מגבו.בייביסיטר מבושם72*4,די.פי.אל,IL,מגבונים לחים 4יח,יחידה,1.00,יחידה,false,1,18.90,18.90,true,1,
7290014855458,false,מגבונ.ללא בישום 72*4יח,די.פי.אל,IL,מגבונים לחים 4יח,יחידה,1.00,יחידה,false,1,18.90,18.90,true,1,
7290014901261,false,"מסכת קרטין סטייל 500 מ""ל",א.ל ארמן,IL,מסכת קרטין,מיליליטרים,500.00,"100 מ""ל",false,0,34.90,6.98,true,1,
7290014901308,false,"סנסודיין הגנה מלאה 75מ""ל",MICLEN DE,GB,משחת סנסודיין,מיליליטרים,75.00,"100 מ""ל",false,0,21.90,29.20,true,1,
7290014901315,false,סנסודיין אקסטרה פרש 75מל,MICLEN DE,GB,משחת סנסודיין,מיליליטרים,75.00,"100 מ""ל",false,0,21.90,29.20,true,1,
7290014949751,false,"אוטן ג'וניור ג'ל 100 מ""ל",ג'ונסון,NL,אוטן ג'וניור,מיליליטרים,100.00,"100 מ""ל",false,0,26.90,26.90,true,1,
7290014952584,false,מאמי קר ג'ל הרגעת עור70מ,מאמי קר,IL,ג'ל להרגעת העור,מיליליטרים,70.00,"100 מ""ל",false,0,39.90,57.00,true,1,
7290014962521,false,משחת טפטפים ענבים 50מל,כצט,IL,משחת שיניים,מיליליטרים,50.00,"100 מ""ל",false,0,11.90,23.80,true,1,
7290014962538,false,משחת טפטפים מנטה 50מל,כצט,IL,משחת שיניים,מיליליטרים,50.00,"100 מ""ל",false,0,11.90,23.80,true,1,
7290015156769,false,פאוץ' פרינוק תפוח ואוכמנ,---,CZ,פאוץ' פרינוק תפו,גרמים,120.00,100 גרם,false,1,5.00,4.17,true,1,
7290015156776,false,חטיפטף פירות טרופי 120ג,---,CZ,חטיפטף פרינוק,גרמים,120.00,100 גרם,false,1,5.00,4.17,true,1,
7290015156790,false,חטיפטף לפתן פירות 120גרם,---,CZ,חטיפטף פרינוק,גרמים,120.00,100 גרם,false,1,5.00,4.17,true,1,
7290015156813,false,חטיפטף פירות מעורבים120ג,---,CZ,חטיפטף פרינוק,גרמים,120.00,100 גרם,false,1,5.00,4.17,true,1,
7290015366250,false,"ספרי קרטין סטייל 100 מ""ל",א.ל ארמן,IL,ספריי קרטין,מיליליטרים,100.00,"100 מ""ל",false,1,34.90,34.90,true,1,
7290015366663,false,משחה אקווה פרש עדין100,MICLEN DE,SK,משחה אקווה פרש,מיליליטרים,100.00,"100 מ""ל",false,1,5.90,5.90,true,1,
7290015366670,false,משחה אקווה פרש מנטה 100,MICLEN DE,SK,משחה אקווה פרש,מיליליטרים,100.00,"100 מ""ל",false,1,5.90,5.90,true,1,
7290015366717,false,"מסכה סטייל קוקוס 500 מ""ל",א.ל ארמן,IL,מסכה סטייל,מיליליטרים,500.00,"100 מ""ל",false,1,28.90,5.78,true,1,
7290015366731,false,סטייל שמן ארגן קוקוס120מ,א.ל ארמן,IL,שמן לשיער סטייל,מיליליטרים,120.00,"100 מ""ל",false,1,46.90,39.08,true,1,
7290015366748,false,סטייל שמן ארגן מרוקאי120,א.ל ארמן,IL,שמן לשיער סטייל,מיליליטרים,120.00,"100 מ""ל",false,1,48.90,40.75,true,1,
7290015424882,false,20מגבוני פמינה TO GO,כצט,IL,מגבונים פמינה,יחידה,1.00,יחידה,false,1,14.90,14.90,true,1,
7290015733205,false,מטרנה אקסטרה שלב 1 700 ג,נסטלה,IL,מטרנה אקסטרה,גרמים,700.00,100 גרם,false,1,59.90,8.56,true,1,
7290015733229,false,מטרנה אקסטרה שלב 2 700ג,מטרנה,IL,מטרנה אקסטרה,גרמים,700.00,100 גרם,false,1,59.90,8.56,true,1,
7290015733243,false,מטרנה מהדרין אקס..שלב3,מטרנה תעשיות ש.מ.,IL,מטרנה אקסטרה,גרמים,700.00,100 גרם,false,1,59.90,8.56,true,1,
7290015733427,false,דייסת גם וגם וניל 300 גר,מטרנה תעשיות ש.מ,IL,דייסת מטרנה,גרמים,300.00,100 גרם,false,1,19.90,6.63,true,1,
7290015733977,false,מטרנה קומפורט 700ג HM-O,מטרנה תעשיות ש.מ.,IL,מטרנה קומפורט עם,גרמים,700.00,100 גרם,false,1,69.90,9.99,false,1,
7290015793469,false,אורה קרם שפורפרת 90 גר,,IL,אורה קרם שפורפרת,גרמים,90.00,100 גרם,false,1,19.90,22.11,true,1,
7290016246018,false,חלבה מיקס פינוקיות20*10ג,"רושדי תעשיות מזון בע""\מ",IL,חלבה בארכה מיקס,גרמים,200.00,100 גרם,false,1,12.90,6.45,true,1,
7290016299076,false,שמפו טיפולי חומצה 450מל,ארגניה יצור ושיווק,IL,שמפו טיפולי חומצ,מיליליטרים,450.00,"100 מ""ל",false,1,38.90,8.64,true,1,
7290016299151,false,"סרום ארגן 100 מ""ל",ארגניה יצור ושיווק,IL,סרום ארגן,מיליליטרים,100.00,"100 מ""ל",false,1,44.90,44.90,true,1,
7290016299199,false,סרום חומצה היאלרונית100מ,,IL,סרום חומצה היאלר,מיליליטרים,100.00,"100 מ""ל",false,1,44.90,44.90,true,1,
7290016299618,false,"שמפו קיק ארגניה 450 מ""ל",ארגניה יצור ושיווק,IL,שמפו קיק,מיליליטרים,450.00,"100 מ""ל",false,1,38.90,8.64,true,1,
7290016299670,false,"שמן קיק 100% טהור 250 מ""",,IL,שמן קיק 100% טהו,מיליליטרים,250.00,"100 מ""ל",false,1,39.90,15.96,true,1,
7290016299878,false,מסיכה טיפולית לשיער500מ,ארגניה יצור ושיווק,IL,מסיכה טיפולית לש,מיליליטרים,500.00,"100 מ""ל",false,1,44.90,8.98,true,1,
7290016299892,false,מסיכה לשיער קרטין  500מל,ארגניה יצור ושיווק,IL,מסיכה לשיער קרטי,מיליליטרים,500.00,"100 מ""ל",false,1,44.90,8.98,true,1,
7290016319118,false,שעווה מתקלפת לפנים 100מל,דנשר,ES,שעווה לאזור פנים,מיליליטרים,100.00,"100 מ""ל",false,1,29.90,29.90,true,1,
7290016321661,false,64*4 פרש וואנס ללא בישום,עלבד משואות יצחק,IL,פרש וואנס 4יח,יחידה,1.00,יחידה,false,1,15.90,15.90,true,1,
7290016321678,false,64*4פרש וואנס ניחוח מרענ,עלבד משואות יצחק,IL,פרש וואנס 4 יח,יחידה,1.00,יחידה,false,1,15.90,15.90,true,1,
7290016329308,false,קרם שיער מתולתל סרקל325מ,פישר מעבדות פרמצבטיות בע,IL,סרקל מתיר קשרים,מיליליטרים,325.00,"100 מ""ל",false,1,25.90,7.97,true,1,
7290016350012,false,דאו סטיק לגבר גולדן 80מל,א.משי תעשיות,IL,דאו סטיק לגבר,מיליליטרים,80.00,"100 מ""ל",false,1,9.90,12.38,true,1,
7290016429992,false,אלכוג'ל סיליקון עם דמו30,פישר מעבדות פרמצבטיות בע,IL,אלכוג'ל,מיליליטרים,30.00,"100 מ""ל",false,1,16.90,56.33,true,1,
7290016437454,false,18תחתון סופג לגבר M,---,CZ,תחתון דיפנד,יחידה,1.00,יחידה,false,1,64.90,64.90,true,1,
7290016437607,false,תחתונים סופגים  קוטקס8יח,חוגלה קימברלי,KR,תחתונים סופגים,יחידה,1.00,יחידה,false,0,36.90,36.90,true,1,
7290016509342,false,סבון אסלה כחול אקטיב50*3,הנקל,HU,סבון אסלה 3 יח,גרמים,150.00,100 גרם,false,1,18.90,12.60,true,1,
7290016509786,false,ג'ל כביסה פרסיל 2.5 ליטר,"הנקל סוד בע""\מ",IL,ג'ל כביסה פרסיל,ליטרים,2.50,ליטר,false,1,34.90,13.96,true,1,
7290016510232,false,תחליב רחצ.הוואי קוקוס700,טרופיקל דגיל בעמ,IL,תחליב רחצה הוואי,מיליליטרים,700.00,"100 מ""ל",false,1,8.90,1.27,true,1,
7290016510287,false,תח.רח.הוואי קרם דבש 700,טרופיקל דגיל בעמ,IL,תחליב רחצה הוואי,מיליליטרים,700.00,"100 מ""ל",false,1,8.90,1.27,true,1,
7290016510430,false,תח רח.הוואי מגנוליה700,טרופיקל דגיל בעמ,IL,תחליב רחצה הוואי,מיליליטרים,700.00,"100 מ""ל",false,1,8.90,1.27,true,1,
7290016692112,false,רול און תערובת ציטרונלה,מאמי קר,IL,רול און קרם הגנה,מיליליטרים,70.00,"100 מ""ל",false,1,36.90,52.71,true,1,
7290016692150,false,מאמי קר סבון ניקוי בקבוק,מאמי קאר,IL,סבון לניקוי,מיליליטרים,500.00,"100 מ""ל",false,0,46.90,9.38,true,1,
7290016692198,false,קלאסיק משחת החתלה קלנדול,מאמי קר,IL,קלאסיק משחת החתל,מיליליטרים,120.00,"100 מ""ל",false,1,19.90,16.59,true,1,
7290016866704,false,"שמפו קרטין E סטייל750מ""ל",גורי,IL,שמפו קרטין,מיליליטרים,750.00,"100 מ""ל",false,1,29.90,3.99,true,1,
7290016866711,false,"מרכך קרטין E סטייל750מ""ל",א.ל ארמן,IL,מרכך קרטין,מיליליטרים,750.00,"100 מ""ל",false,1,29.90,3.99,true,1,
7290016912609,false,סרקל מסכת הזנה לילדים200,פישר מעבדות פרמצבטיות בע,IL,מסכת סרקל,מיליליטרים,200.00,"100 מ""ל",false,1,25.90,12.95,true,1,
7290016932829,false,שמפו וג'ל רחצה לגבר400מל,א.משי תעשיות,IL,שמפו וג'ל רחצה,מיליליטרים,400.00,"100 מ""ל",false,1,9.90,2.48,true,1,
7290017031705,false,"סנסודיין קלין&פרש 75 מ""ל",MICLEN DE,SK,משחת סנסודיין,מיליליטרים,75.00,"100 מ""ל",false,1,18.90,25.20,true,1,
7290017031927,false,שמפו סטיייל האמפ 750 מל,א.ל.ארמן ייצור תמרוקים ב,IL,סטייל שמפו 750 מ,מיליליטרים,750.00,"100 מ""ל",false,1,24.90,3.32,true,1,
7290017088068,false,42חיתולי בייביסיטר מידה4,די.פי.אל תעשיות מוצרים ח,IL,חיתולי בייביסיטר,יחידה,1.00,יחידה,false,1,32.90,32.90,true,1,
7290017088099,false,30חיתולי בייביסיטר מידה6,די.פי.אל תעשיות מוצרים ח,IL,חיתולי בייביסיטר,יחידה,1.00,יחידה,false,1,31.90,31.90,true,1,
7290017088327,false,מג.בייביסיטר ל.בישום64*4,די.פי.אל בעמ,IL,מגבוני בייביסיטר,יחידה,1.00,יחידה,false,1,18.90,18.90,true,1,
7290017088860,false,14 תחתונים לבריחת שתן L,EUROFIL,IT,בריז תחתונים,יחידה,1.00,יחידה,false,1,74.90,74.90,true,1,
7290017088914,false,מגבוני בייביסיטר 66*6 יח,די.פי.אל,IL,מגבוני בייביסיטר,יחידה,1.00,יחידה,false,1,19.90,19.90,true,1,
7290017088983,false,חיתולי בייביסיטר דק שלב2,די.פי.אל תעשיות מוצרים ח,IL,חיתול דק מידה 2,יחידה,1.00,יחידה,false,1,26.90,26.90,true,1,
7290017197029,false,אל סבון מאסק לבן,,IL,אל סבון מאסק לבן,מיליליטרים,1000.00,"100 מ""ל",false,0,9.90,0.99,true,1,
7290017197364,false,אל סבון לבנדר סגול 1 לי,,IL,אל סבון לבנדר,מיליליטרים,1000.00,"100 מ""ל",false,0,9.90,0.99,true,1,
7290017407982,false,מסקרה KAPARA יח',,IL,מסקרה KAPARA,יחידה,1.00,יחידה,false,1,59.00,59.00,true,1,
7290017440286,false,מרכך קידס ויטמינים 750מל,CHEMIPAL  FISHER (BIO,IL,מרכך קידס,מיליליטרים,750.00,"100 מ""ל",false,1,16.90,2.25,true,1,
7290017440682,false,"שמפו לשיער בלונד 400 מ""ל",CHEMIPAL  FISHER (BIO,IL,שמפו,מיליליטרים,400.00,"100 מ""ל",false,1,29.90,7.48,true,1,
7290017440699,false,"מרכך לשיער בלונד 400 מ""ל",CHEMIPAL  FISHER (BIO,IL,מרכך לשיער,מיליליטרים,400.00,"100 מ""ל",false,1,29.90,7.48,true,1,
7290017440804,false,מסכת הזנה לשיער כסוף300מ,פישר,IL,מסכה לשיער,מיליליטרים,300.00,"100 מ""ל",false,1,39.90,13.30,true,1,
7290017445601,false,מחזק ציפורניים,,IL,מחזק ציפורניים,מיליליטרים,15.00,"100 מ""ל",false,1,49.90,332.67,true,1,
7290017457932,false,מרכך פרש כחול 900מל,---,IL,סוד מרכך כחול,מיליליטרים,900.00,"100 מ""ל",false,1,9.90,1.10,true,1,
7290017637426,false,MB שמפו נגד קשקשים 500 מ,סאסא קוסמטיקס,IL,MB שמפו קשקשים,מיליליטרים,500.00,"100 מ""ל",false,1,24.90,4.98,true,1,
7290017637556,false,"MB שמפו לשיער שמן500מ""ל",סאסא קוסמטיקס,IL,MBשמפו לשיער שמן,מיליליטרים,500.00,"100 מ""ל",false,1,24.90,4.98,true,1,
7290017637587,false,"MB תרסיס לשיער 200מ""ל",סאסא קוסמטיקס,IL,MB תרסיס לשיער,מיליליטרים,200.00,"100 מ""ל",false,1,24.90,12.45,true,1,
7290017637617,false,MB מסכת הזנה משקמת 250מ,סאסא קוסמטיקס,IL,MB מסכה לשיער,מיליליטרים,250.00,"100 מ""ל",false,1,27.90,11.16,true,1,
7290017637624,false,MB שמפו לשיער יסמין500מ,סאסא קוסמטיקס,IL,MB שמפו יסמין,מיליליטרים,500.00,"100 מ""ל",false,1,24.90,4.98,true,1,
7290017637655,false,"MB שמפו קרטין 500 מ""ל",סאסא קוסמטיקס,IL,MB שמפו קרטין,מיליליטרים,500.00,"100 מ""ל",false,1,27.90,5.58,true,1,
7290017637679,false,MB מרכך לגוון בלונד500מ,סאסא קוסמטיקס,IL,MB מרכך לשיער,מיליליטרים,500.00,"100 מ""ל",false,1,24.90,4.98,true,1,
7290017695235,false,סרום ויטמינס לאחר החלקה,מיסטר בונד,IL,סרום ויטמינס,מיליליטרים,200.00,"100 מ""ל",false,1,49.90,24.95,true,1,
7290017695266,false,קרם לחות ויטמינס 500מל,מיסטר בונד,IL,קרם לחות ויטמינס,מיליליטרים,500.00,"100 מ""ל",false,1,34.90,6.98,true,1,
7290017695686,false,מרכך סילבר 500 מל,מיסטר בונד,IL,מרכך סילבר 500,מיליליטרים,500.00,"100 מ""ל",false,1,49.90,9.98,true,1,
7290017695693,false,שמפו סילבר 500 מל,מיסטר בונד,IL,שמפו סילבר 500 מ,מיליליטרים,500.00,"100 מ""ל",false,1,49.90,9.98,true,1,
7290017871462,false,ח.פצ.אורז שוקולד21*5כשלפ,תות תעשיות מזון (2014) ב,IL,חטיף פצפוצי אורז,גרמים,105.00,100 גרם,false,1,17.90,17.05,true,1,
7290017872001,false,פרש וואנס קרם החתלה 100מ,---,IL,פרש וואנס קרם הח,מיליליטרים,100.00,"100 מ""ל",false,1,10.90,10.90,true,1,
7290017872018,false,פרש וואנס- קרם החתלה לתי,---,IL,פרש וואנס קרם הח,מיליליטרים,100.00,"100 מ""ל",false,1,10.90,10.90,true,1,
7290017872865,false,כוכבים חטיף דגנים 35 גרם,אשבול,IL,כוכבים דגנים,גרמים,35.00,100 גרם,false,1,13.90,39.71,true,1,
7290017872872,false,כוכבים חטיף דגנים 35 גרם,אשבול,IL,כוכבים דגנים,גרמים,35.00,100 גרם,false,1,13.90,39.71,true,1,
7290017872964,false,מכשיר+סכין גילוח כחול,---,US,מכשיר+סכין גילוח,יחידה,1.00,יחידה,false,1,54.90,54.90,true,1,
7290017917399,false,מגבוני תפרחת קמיל בלו,---,IL,מגבונים לתפרחת,יחידה,1.00,יחידה,false,1,11.90,11.90,true,1,
7290017917542,false,"שמפו ללא מלחים 400 מ""ל",פישר,IL,שמפו ללא מלחים,מיליליטרים,400.00,"100 מ""ל",false,1,39.90,9.98,true,1,
7290017917559,false,מסכת הזנה לשיער בלונד300,פישר,IL,מסכה לשיער,מיליליטרים,300.00,"100 מ""ל",false,1,39.90,13.30,true,1,
7290017917566,false,"שמפו לשיער כסוף 400 מ""ל",פישר,IL,שמפו,מיליליטרים,400.00,"100 מ""ל",false,1,39.90,9.98,true,1,
7290017917757,false,ק.גוף אפקטיב כותנה450מ,פישר מעבדות פרמצבטיות בע,IL,קרם גוף אפקטיב,מיליליטרים,450.00,"100 מ""ל",false,1,21.90,4.86,true,1,
7290017928098,false,בייגלה שטוחל'ה מלח 330גר,מאיר בייגל,IL,בייגלה שטוחל'ה,גרמים,330.00,100 גרם,false,1,12.50,3.79,true,1,
7290017928661,false,שברי בייגלה,,,שברי בייגלה,יחידה,1.00,יחידה,false,0,14.20,14.20,true,1,
7290017928722,false,שטוחל'ה ניגובים שומשו300,מאיר בייגל,IL,שטוחל'ה ניגובים,גרמים,300.00,100 גרם,false,1,12.50,4.17,true,1,
7290017928807,false,בייגלה אצבעות שומשום300ג,מאיר בייגל,IL,בייגלה אצבעות,גרמים,300.00,100 גרם,false,1,9.90,3.30,true,1,
7290017928821,false,גריסיני קלאסי 200 גרם,מאיר בייגל,IL,גריסיני קלאסי,גרמים,200.00,100 גרם,false,1,9.90,4.95,true,1,
7290018043295,false,חטיף חלבון וניל קראנץ60ג,---,NL,פראוד חטיף וניל,גרמים,60.00,100 גרם,false,1,14.90,24.83,true,1,
7290018043844,false,חטיף חלבון בטעם בוטנים 6,---,NL,חטיף חלבון,גרמים,60.00,100 גרם,false,1,11.90,19.84,true,1,
7290018080160,false,מגבוני קלנדולה 64*4יח,מאמי קר,IL,מגבוני קלנדולה,יחידה,1.00,יחידה,false,1,22.90,22.90,true,1,
7290018080276,false,רפידות הנקה 60 יח',מאמי קר,IL,רפידות הנקה,יחידה,1.00,יחידה,false,1,39.90,39.90,true,1,
7290018080306,false,"שמן שקדים ללידה 125 מ""ל",מאמי קר,IL,שמן שקדים ללידה,מיליליטרים,125.00,"100 מ""ל",false,1,69.90,55.92,true,1,
7290018132104,false,נאן סופרים שלב 2 700 גרם,מטרנה תעשיות ש.מ,IL,נאן סופרים שלב 2,גרמים,700.00,100 גרם,false,1,89.90,12.84,true,1,
7290018132340,false,מטרנה גולד שלב 1 700 גרם,מטרנה תעשיות ש.מ.,IL,מטרנה גולד שלב 1,גרמים,700.00,100 גרם,false,1,73.90,10.56,true,1,
7290018182239,false,מארז גרדן אואזיס יח',,IL,מארז גרדן אואזיס,יחידה,1.00,יחידה,false,1,63.90,63.90,true,1,
7290018182789,false,תוספות שיער לקוקו יסמין,פארמה דיל,CN,ת.שיער לקוקו,יחידה,1.00,יחידה,false,1,49.90,49.90,true,1,
7290018183823,false,ספוג רחצה מפנק .,,IL,ספוג רחצה מפנק .,יחידה,1.00,יחידה,false,1,11.90,11.90,true,1,
7290018292730,false,ערכת טיפוח פרופוליס אובל,,IL,ערכת טיפוח פרופו,יחידה,1.00,יחידה,false,1,99.00,99.00,true,1,
7290018354704,false,"ווקס לגבר 100 מ""ל",א.משי תעשיות,IL,ווקס לגבר,מיליליטרים,100.00,"100 מ""ל",false,1,9.90,9.90,true,1,
7290018493915,false,שמן גוף לתינוק מועשר200מ,פישר מעבדות פרמצבטיות בע,IL,שמן גוף לתינוק,מיליליטרים,200.00,"100 מ""ל",false,1,17.90,8.95,true,1,
7290018516355,false,פרינוק תפוח ושיבולת 190ג,פרוטה פודיווין,CZ,פרינוק ארוחה,גרמים,190.00,100 גרם,false,1,5.90,3.11,true,1,
7290018516362,false,פרינוק בננה ושיבולת 190ג,פרוטה פודיווין,CZ,פרינוק ארוחה,גרמים,190.00,100 גרם,false,1,5.90,3.11,true,1,
7290018703083,false,חטיף חלבון דאבל שוקולד60,---,NL,חטיף חלבון,גרמים,60.00,100 גרם,false,1,11.90,19.84,true,1,
7290018703311,false,חטיף חלבון קרם עוגיות60ג,---,NL,חטיף חלבון,גרמים,60.00,100 גרם,false,1,11.90,19.84,true,1,
7290018733134,false,מרכך לתלתלים ביוטין קרטי,מיסטר בונד,IL,מרכך לתלתלים ביו,מיליליטרים,1000.00,"100 מ""ל",false,1,49.90,4.99,true,1,
7290018733141,false,מסכה לתלתלים 60 שניות 50,מיסטר בונד,IL,מסכה לתלתלים 60,מיליליטרים,500.00,"100 מ""ל",false,1,49.90,9.98,true,1,
7290018733165,false,סרום לתלתלים קרטנטה 100,מיסטר בונד,IL,סרום לתלתלים קרט,מיליליטרים,100.00,"100 מ""ל",false,1,49.90,49.90,true,1,
7290018733172,false,קרם מוריד נפח ביוטין 500,מיסטר בונד,IL,קרם מוריד נפח,גרמים,500.00,100 גרם,false,1,49.90,9.98,true,1,
7290018733301,false,"מסכה לשיער מתולתל 10 מ""ל",מיסטר בונד,IL,מסכה לשיער מתולת,מיליליטרים,100.00,"100 מ""ל",false,1,9.90,9.90,true,1,
7290018777268,false,חטיף חלבון קקאו+בננה50ג,"ממתקי השלום בעולם בע""\מ\",IL,חטיף חלבון,גרמים,50.00,100 גרם,false,1,10.90,21.80,true,1,
7290018893494,false,עלי וופל דקים ט.חמאה100ג,---,NL,עלי וופל דקים,גרמים,100.00,100 גרם,false,1,11.90,11.90,true,1,
7290018921029,false,מגבוני קמיל בלו 64*4 יח,פישר מעבדות פרמצבטיות בע,IL,מגבוני קמיל בלו,יחידה,1.00,יחידה,false,1,21.90,21.90,true,1,
7290018921067,false,"תחליב רחצה שקדים 700 מ""ל",פישר מעבדות פרמצבטיות בע,IL,תחליב רחצה שקדים,מיליליטרים,700.00,"100 מ""ל",false,1,12.90,1.84,true,1,
7290018921265,false,"תחליב רחצה אלוורה 700מ""ל",פישר מעבדות פרמצבטיות בע,IL,תחליב רחצ.אלוורה,מיליליטרים,700.00,"100 מ""ל",false,1,12.90,1.84,true,1,
7290018921449,false,מגבוני קמיל תפרחת56*4יח,פישר,IL,מגבונים קמיל 4יח,יחידה,1.00,יחידה,false,1,24.90,24.90,true,1,
7290018921616,false,מגבוני קמיל שיבולת 64*4י,פישר,IL,מגבוני קמיל 4יח,יחידה,1.00,יחידה,false,1,23.90,23.90,true,1,
7290018921654,false,"תחליב רחצה לבנדר 700 מ""ל",פישר מעבדות פרמצבטיות בע,IL,תחליב רחצה לבנדר,מיליליטרים,700.00,"100 מ""ל",false,1,12.90,1.84,true,1,
7290018921852,false,תחליב רחצה שמן ארגן 700מ,פישר מעבדות פרמצבטיות בע,IL,תחליב רחצה ארגן,מיליליטרים,700.00,"100 מ""ל",false,1,12.90,1.84,true,1,
7290019014508,false,מרכך כביסה אוריאנטל900מ,סאסא טק,IL,מרכך כביסה,מיליליטרים,900.00,"100 מ""ל",false,1,19.90,2.21,true,1,
7290019014614,false,"מרכך כביסה בלו 900 מ""ל",סאסא טק,IL,מרכך כביסה בלו,מיליליטרים,900.00,"100 מ""ל",false,1,19.90,2.21,true,1,
7290019014621,false,"מרכך כביסה לגונה 900 מ""ל",סאסא טק,IL,מרכך כביסה לגונה,מיליליטרים,900.00,"100 מ""ל",false,1,19.90,2.21,true,1,
7290019014638,false,מרכך כביסה פרש וויט 900,סאסא טק,IL,מרכך כביסה פרש,מיליליטרים,900.00,"100 מ""ל",false,1,19.90,2.21,true,1,
7290019014645,false,"מסיר כתמים טנקס 500 מ""ל",סאסא טק,IL,מסיר כתמים TNX,מיליליטרים,500.00,"100 מ""ל",false,1,24.90,4.98,true,1,
7290019014652,false,מרכך כביסה בייבי לאב900מ,סאסא טק,IL,מרכך כביסה בייבי,מיליליטרים,900.00,"100 מ""ל",false,1,24.90,2.77,true,1,
7290019014669,false,ג'ל לכביסה צבעונית 1.35ל,סאסא טק,IL,ג'ל לכביסה ירוק,ליטרים,1.35,ליטר,false,1,29.90,22.15,true,1,
7290019014676,false,ג'ל לכביסה לבנה 1.35 ל,סאסא טק,IL,ג'ל לכביסה לבנה,ליטרים,1.35,ליטר,false,1,29.90,22.15,true,1,
7290019014683,false,נוזל רצפות פרדייס 1.35 ל,סאסא טק,IL,נוזל לרצפות,ליטרים,1.35,ליטר,false,1,24.90,18.44,true,1,
7290019014706,false,נוזל רצפות פרש וויט1.35ל,סאסא טק,IL,נוזל רצפות פרש,ליטרים,1.35,ליטר,false,1,24.90,18.44,true,1,
7290019014737,false,"מבשם בדים ביץ קלאב500מ""ל",סאסא טק,IL,מבשם בדים קלאב,מיליליטרים,500.00,"100 מ""ל",false,1,19.90,3.98,true,1,
7290019014744,false,מרסס חלונות פרש וויט750מ,סאסא טק,IL,מרסס חלונות פרש,מיליליטרים,750.00,"100 מ""ל",false,1,13.90,1.85,true,1,
7290019014751,false,ניקוי כלים24% פלאוור750מ,סאסא טק,IL,ניקוי כלים 24%,מיליליטרים,750.00,"100 מ""ל",false,1,14.90,1.99,true,1,
7290019014768,false,"ניקוי כלים 24% 750מ""ל",סאסא טק,IL,ניקוי כלים 24%,מיליליטרים,750.00,"100 מ""ל",false,1,14.90,1.99,true,1,
7290019014775,false,מרסס קצף מסיר שומנים 750,סאסא טק,IL,מרסס מסיר שומנים,מיליליטרים,750.00,"100 מ""ל",false,1,16.90,2.25,true,1,
7290019014782,false,מרסס אקונומיקה לבנדר750מ,סאסא טק,IL,מרסס אקונומיקה,מיליליטרים,750.00,"100 מ""ל",false,1,16.90,2.25,true,1,
7290019014799,false,מסיר אבנית לאמבטיה 750 מ,סאסא טק,IL,קצף מסיר אבנית,מיליליטרים,750.00,"100 מ""ל",false,1,14.90,1.99,true,1,
7290019014805,false,"מרסס מנקה ריפודים 500מ""ל",סאסא טק,IL,מרסס מנקה ריפוד,מיליליטרים,500.00,"100 מ""ל",false,1,24.90,4.98,true,1,
7290019014812,false,"מרסס מנטרל ריחות 500 מ""ל",סאסא טק,IL,מרסס מנטרל ריחות,מיליליטרים,500.00,"100 מ""ל",false,1,19.90,3.98,true,1,
7290019014843,false,תרסיס לניקוי חלונות400מל,סאסא טק,IL,תרסיס לחלונות,מיליליטרים,400.00,"100 מ""ל",false,1,19.90,4.98,true,1,
7290019014850,false,"תרסיס דוחה מים 400 מ""ל",סאסא טק,IL,תרסיס דוחה מים,מיליליטרים,400.00,"100 מ""ל",false,1,26.90,6.73,true,1,
7290019014867,false,"תרסיס מסיר דיו+דבק400מ""ל",סאסא טק,IL,תרסיס מסיר דיו,מיליליטרים,400.00,"100 מ""ל",false,1,26.90,6.73,true,1,
7290019014973,false,מבשם בדים בייבי לאב500מ,סאסא טק,IL,מבשם בדים בייבי,מיליליטרים,500.00,"100 מ""ל",false,1,19.90,3.98,true,1,
7290019274056,false,נוזל רצפה בייבי לאב1.35ל,סאסא טק,IL,נוזל רצפה בייבי,ליטרים,1.35,ליטר,false,1,24.90,18.44,true,1,
7290019274063,false,ג'ל כביסה בייבי 1.35 ל',סאסא טק,IL,ג'ל כביסה בייבי,ליטרים,1.35,ליטר,false,1,33.90,25.11,true,1,
7290019274100,false,"מרסס לגיהוץ קל 500 מ""ל",סאסא טק,IL,מרסס לגיהוץ קל,מיליליטרים,500.00,"100 מ""ל",false,1,19.90,3.98,true,1,
7290019274117,false,"מרסס ניקוי נירוסטה500מ""ל",סאסא טק,IL,מנקה נירוסטה,מיליליטרים,500.00,"100 מ""ל",false,1,14.90,2.98,true,1,
7290019274254,false,תרסיס TNX ליקוי מזגן400מ,"סאסאטק אגש""\ח בע""\מ",IL,תרסיס ניקוי מזגן,מיליליטרים,400.00,"100 מ""ל",false,1,39.90,9.98,true,1,
7290019274261,false,"מבשם בדים לגון 500 מ""ל","סאסאטק אגש""\ח בע""\מ",IL,מבשם בדים לגון,מיליליטרים,500.00,"100 מ""ל",false,1,19.90,3.98,true,1,
7290019274278,false,מבשם בדים גרין פורסט500מ,"סאסאטק אגש""\ח בע""\מ",IL,מבשפ בדים פורסט,מיליליטרים,500.00,"100 מ""ל",false,1,19.90,3.98,true,1,
7290028733124,false,שמפו לתלתלים ביוטין קרטי,מיסטר בונד,IL,שמפו לתלתלים ביו,מיליליטרים,1000.00,"100 מ""ל",false,1,49.90,4.99,true,1,
7290100240137,false,בדין תרסיס מייבש כחול500,"זוהר דליה, קיבוץ דליה, 1",IL,תרסיס למייבש,מיליליטרים,500.00,"100 מ""ל",false,0,16.90,3.38,true,1,
7290100243671,false,"בדין אקסטרה כחול 960 מ""ל",יוניליוור סנאיי וי טיקאר,TR,מרכך כביסה בדין,מיליליטרים,960.00,"100 מ""ל",false,0,16.90,1.76,true,1,
7290100271568,false,עפרון עינים הייפרסיז'ן07,גייד,IT,עפרון עינים הייפ,יחידה,1.00,יחידה,false,0,39.00,39.00,true,1,
7290100273500,false,INTENSE איילנר שחור,גייד,IT,INTENSE איילנר,יחידה,1.00,יחידה,false,0,85.00,85.00,true,1,
7290100412718,false,ג'ל ניקוי פנים מאסק150מ,אמיליה,IL,ג'ל ניקוי פנים,מיליליטרים,150.00,"100 מ""ל",false,0,23.90,15.93,true,1,
7290100412756,false,"קרם ידיים עור יבש 100מ""ל",אמיליה,IL,קרם ידיים,מיליליטרים,100.00,"100 מ""ל",false,1,12.90,12.90,true,1,
7290100412817,false,קרם רגליים עור יבש 100מל,אמיליה,IL,קרם רגליים,מיליליטרים,100.00,"100 מ""ל",false,1,13.90,13.90,true,1,
7290100412848,false,תח. גוף אנטי אנרג'ינג400,אמיליה,IL,תחליב גוף,מיליליטרים,400.00,"100 מ""ל",false,1,32.90,8.23,true,1,
7290100653586,false,ליידי ס.סטיק24/7ג'ל ורוד,קולגייט פלמוליב,US,ליידי ס.סטיק24/7,גרמים,65.00,100 גרם,false,0,17.90,27.54,true,1,
7290100687109,false,במבה נוגט 60 גרם,"אסם השקעות בע""\מ",IL,במבה נוגט,גרמים,60.00,100 גרם,false,0,5.90,9.83,true,1,
7290100850916,false,דוריטוס חמוץ חריף 70 גרם,"שטראוס פריטו ליי בע""\מ )",IL,דוריטוס חמוץ ח,גרמים,70.00,100 גרם,false,0,3.90,5.57,true,1,
7290100850923,false,דוריטוס גריל 70 גרם,"שטראוס פריטו ליי בע""\מ )",IL,דוריטוס גריל,גרמים,70.00,100 גרם,false,0,3.90,5.57,true,1,
7290100922569,false,קרם ידיים ולווטה 100*3מל,טרופיקל דגיל,IL,קרם ידיים ולווטה,מיליליטרים,300.00,"100 מ""ל",false,0,15.90,5.30,true,1,
7290100924464,false,סבון אסלה אקונומיקה50*3ג,הנקל,HU,סבון אסלה 3 יח,גרמים,150.00,100 גרם,false,1,18.90,12.60,true,1,
7290100924631,false,סוד מרכך מרוכז בייבי900מ,"הנקל סוד בע""\מ",IL,סוד מרכךבייבי,מיליליטרים,900.00,"100 מ""ל",false,1,9.90,1.10,true,1,
7290100925669,false,קולור קאצ'ר 10 דפים,"הנקל סוד בע""\מ",IE,דפי קולור קאצ'ר,יחידה,1.00,יחידה,false,1,13.90,13.90,true,1,
7290101278641,false,OIL MUSK ICON אשה30מל,גייד בישום,IL,PERFUME M-O ICON,מיליליטרים,30.00,"100 מ""ל",false,0,169.00,563.33,true,1,
7290101486688,false,חטיף FREE עם שוקולד 5יח',טבעית מוצרים מן הטבע בעמ,IL,חטיף FREE 5 יח',גרמים,100.00,100 גרם,false,0,19.90,19.90,true,1,
7290101488286,false,ליידי ס.סטיק 24/7ורוד150,קולגייט פלמוליב,RU,ליידי ספיד סטיק,מיליליטרים,150.00,"100 מ""ל",false,0,14.90,9.93,true,1,
7290101488323,false,ליידי ספיד סטיק סגול 65ג,קולגייט פלמוליב,US,ליידי ספיד סטיק,גרמים,65.00,100 גרם,false,0,17.90,27.54,true,1,
7290101551027,false,"קפסולות מס' 14 כשל""פ50ג",שטראוס קפה בי.וי,IL,קפסולות מס' 14,גרמים,50.00,100 גרם,false,1,19.90,39.80,true,1,
7290102060764,false,2 מברשות שיניים מרידול,גאבה,CH,2 מברשות שיניים,יחידה,1.00,יחידה,false,0,38.90,38.90,true,1,
7290102809110,false,מטריה מתהפכת יח',פולו,IL,מטריה מתהפכת,יחידה,1.00,יחידה,false,1,34.90,34.90,true,1,
7290103120658,false,ספיד סטיק ג'ל 24/7 שחור,קולגייט פלמוליב,US,דאודורנט,גרמים,85.00,100 גרם,false,0,17.90,21.06,true,1,
7290103121600,false,דאו.ספיד סטיק ספריי כתום,קולגייט פלמוליב,RU,דאו.ספיד סטיק,מיליליטרים,165.00,"100 מ""ל",false,0,14.90,9.03,true,1,
7290103124588,false,פלמוליב ארומתרפי סגול750,קולגייט פלמוליב,TR,סבון פלמוליב,מיליליטרים,750.00,"100 מ""ל",false,0,20.90,2.79,true,1,
7290103124601,false,פלמוליב חלב ודבש משאב750,קולגייט פלמוליב,TR,סבון פלמוליב,מיליליטרים,750.00,"100 מ""ל",false,0,20.90,2.79,true,1,
7290103126797,false,"קולגייט פרו ריליף 75 מ""ל",קולגייט פלמוליב,BR,משחת קולגייט,מיליליטרים,75.00,"100 מ""ל",false,0,24.90,33.20,true,1,
7290103129408,false,ליידי ספיד סטיק פרש אסנס,קולגייט פלמוליב,US,ליידי ספיד סטיק,גרמים,65.00,100 גרם,false,0,17.90,27.54,true,1,
7290103336738,false,עפרון עיניים מטאליק100,גייד,IT,עפרון עיניים מטא,יחידה,1.00,יחידה,false,0,49.00,49.00,true,1,
7290103337353,false,GENTLE ג'ל ניקוי200 מל,גייד,IL,GENTLE ג'ל מ-ש,מיליליטרים,200.00,"100 מ""ל",false,0,45.00,22.50,true,1,
7290103704957,false,מגבות נייר 3 שכבות ענק3ג,---,IL,מגבות 3גלילי ענק,מטרים,57.00,מטר,false,1,19.90,0.35,true,1,
7290103704964,false,נייר טואלט 3 שכבות 9 גל,---,IL,נייר טואלט 9 גל,מטרים,3000.00,מטר,false,1,34.90,0.01,true,1,
7290104500572,false,אפרופו איטליאנו 50 גרם,"אסם השקעות בע""\מ",IL,אפרופו איטליאנו,גרמים,50.00,100 גרם,false,0,5.90,11.80,true,1,
7290104960055,false,שפתון קולור קוד B15,קרליין,IL,שפתון קולור קוד,יחידה,1.00,יחידה,false,0,59.90,59.90,true,1,
7290104960161,false,שפתון קולור קוד P30,קרליין,IL,שפתון קולור קוד,יחידה,1.00,יחידה,false,0,59.90,59.90,true,1,
7290104960253,false,סבון נקה7 ארומה לבנדר750,טרופיקל דגיל תעשיות קוסמ,IL,תחליב רחצה נקה 7,מיליליטרים,750.00,"100 מ""ל",false,0,12.90,1.72,true,1,
7290104960338,false,תחליב רח.נקה 7 אלוורה750,טרופיקל דגיל תעשיות קוסמ,IL,תחליב רחצה נקה 7,מיליליטרים,750.00,"100 מ""ל",false,0,12.90,1.72,true,1,
7290104961007,false,INKLINER אייליינר שחור,קרליין,DE,אייליינר שחור,יחידה,1.00,יחידה,false,0,54.90,54.90,true,1,
7290104961014,false,אייליינר אינקליינר כחול,קרליין,DE,אייליינר כחול,יחידה,1.00,יחידה,false,0,54.90,54.90,true,1,
7290104961236,false,מי פנים לעור רגיל/מעורב,קרליין,IL,מי פנים,מיליליטרים,260.00,"100 מ""ל",false,0,39.90,15.35,true,1,
7290104961328,false,שפתון 21 סגול לוונדר יח,קרליין,IL,שפתון,יחידה,1.00,יחידה,false,1,64.90,64.90,true,1,
7290104961526,false,טיטניום ספריי קלאסי150מ,קרליין,IL,טיטניום ספריי,מיליליטרים,150.00,"100 מ""ל",false,0,16.90,11.27,true,1,
7290104961878,false,"שמפו קרטין נטורל 400 מ""ל",קוסמופארם בע'\'\מ,IL,שמפו קרטין,מיליליטרים,400.00,"100 מ""ל",false,0,29.90,7.48,true,1,
7290104961892,false,"מסכת קרטין נטורל 350 מ""ל",קוסמופארם בע'\'\מ,IL,מסכת קרטין,מיליליטרים,350.00,"100 מ""ל",false,0,39.90,11.40,true,1,
7290104961908,false,"סרום קרטין נטורל 145 מ""ל",קוסמופארם,IL,סרום קרטין,מיליליטרים,145.00,"100 מ""ל",false,0,49.90,34.41,true,1,
7290104961915,false,BOLD מסקרה שחורה,קרליין,IT,BOLD מסקרה שחורה,יחידה,1.00,יחידה,false,1,69.90,69.90,true,1,
7290104962073,false,דאו.טיטניום,,IL,דאו.טיטניום,מיליליטרים,180.00,"100 מ""ל",false,0,16.90,9.39,true,1,
7290104962080,false,דאו.טיטניום,,IL,דאו.טיטניום,מיליליטרים,150.00,"100 מ""ל",false,0,16.90,11.27,true,1,
7290104962110,false,"דאו.קרליין  לנערות200מ""ל",מיוצר עי : אמיליה קוסמטי,IL,ספריי נושם,מיליליטרים,200.00,"100 מ""ל",false,0,13.90,6.95,true,1,
7290104962134,false,דאו. קרליין רול און נושם,מיוצר עי : אמיליה קוסמטי,IL,רול און נושם,מיליליטרים,75.00,"100 מ""ל",false,0,13.90,18.53,true,1,
7290104962707,false,מגבונים להסרת איפור 25יח,קרליין,IL,מגבונים לפנים,יחידה,1.00,יחידה,false,1,14.90,14.90,true,1,
7290104962844,false,"שמפו אמפולה נטורל 400מ""ל",קוסמופארם בע'\'\מ,IL,שמפו אמפולה,מיליליטרים,400.00,"100 מ""ל",false,1,29.90,7.48,true,1,
7290104963018,false,מגבונ.סופטקר לא מבוש72*4,טרופיקל דגיל,IL,מגבונים סופטקר,יחידה,1.00,יחידה,false,1,19.90,19.90,true,1,
7290104963032,false,קרליין לוק לק 398 יח,קרליין,IL,לק,יחידה,1.00,יחידה,false,1,14.90,14.90,true,1,
7290104963063,false,מסקרה חום בולד יח,קרליין,IT,מסקרה חום,יחידה,1.00,יחידה,false,1,69.90,69.90,true,1,
7290104963162,false,סופטקר ק. גוף תינוקות500,קוסמופארם בע'\'\מ,IL,סופטקר קרם גוף,מיליליטרים,500.00,"100 מ""ל",false,1,23.90,4.78,true,1,
7290104963216,false,סופטקר אל סבון עדין 1 ל',קוסמופארם בע'\'\מ,IL,סופטקר אל סבון,ליטרים,1.00,ליטר,false,1,18.90,18.90,true,1,
7290104963650,false,סופטקר שמפו צהוב 1ליטר,קוסמופארם בע'\'\מ,IL,סופטקר שמפו,ליטרים,1.00,ליטר,false,1,18.90,18.90,true,1,
7290104963667,false,סופטקר 2ב1- סגול 1 ליטר,קוסמופארם בע'\'\מ,IL,סופטקר 2ב1-,ליטרים,1.00,ליטר,false,1,18.90,18.90,true,1,
7290104963964,false,YOUNG תרחיץ פנים ג'ל300מ,,IL,תרחיץ פנים YOUNG,מיליליטרים,300.00,"100 מ""ל",false,1,34.90,11.63,true,1,
7290104964084,false,EFFECT MULTI קרם יום,פאר פארם בעמ,IL,EFFECT MULTI קרם,מיליליטרים,50.00,"100 מ""ל",false,1,44.90,89.80,true,1,
7290104964206,false,ג'ל מיסלרי להסרת איפור,אמיליה קוסמטיקס,IL,ג'ל מיסלרי,מיליליטרים,260.00,"100 מ""ל",false,1,39.90,15.35,true,1,
7290104964251,false,תרחיץ פנים פ.משולשת150מל,"קוסמופארם בע""\מ",IL,תרחיץ פנים,מיליליטרים,150.00,"100 מ""ל",false,1,34.90,23.27,true,1,
7290104964299,false,מסקרה לאש האנטר יח',קרליין,IL,מסקרה לאש האנטר,יחידה,1.00,יחידה,false,1,64.90,64.90,true,1,
7290104964428,false,קונסילר לכיסוי מלא 01 יח,,IL,קונסילר לכיסוי מ,יחידה,1.00,יחידה,false,1,54.90,54.90,true,1,
7290104964442,false,קונסילר לכיסוי מלא יח',,IL,קונסילר לכיסוי מ,יחידה,1.00,יחידה,false,1,54.90,54.90,true,1,
7290104964459,false,קורקטורל לכיסוי  כהויות,,IL,קורקטורל לכיסוי,יחידה,1.00,יחידה,false,1,54.90,54.90,true,1,
7290104964473,false,BOLD מסקרה שחורה יחידה,,IL,BOLD מסקרה שחורה,יחידה,1.00,יחידה,false,1,69.90,69.90,true,1,
7290104964831,false,פריימר לריסים BOLD יח',,IL,פריימר לריסים BO,יחידה,1.00,יחידה,false,1,64.90,64.90,true,1,
7290104964923,false,"אינטנס ליפ פלומר 8 מ""ל",,IL,אינטנס ליפ פלומר,מיליליטרים,8.00,"100 מ""ל",false,1,49.90,623.75,true,1,
7290104964930,false,TINT LIP שפתון צבע פיגמט,,IL,ליפ טיינט שפתון,מיליליטרים,10.00,"100 מ""ל",false,1,39.90,399.00,true,1,
7290104965555,false,"מיס קו א.ד.פ לאשה 100מ""ל",קרליין,IL,מיס קו א.ד.פ לאש,מיליליטרים,100.00,"100 מ""ל",false,1,129.90,129.90,true,1,
7290104965654,false,דאו. סטיקkiss  בנות 50מל,מיוצר עי : אמיליה קוסמטי,IL,דאורדורנט סטיק,מיליליטרים,50.00,"100 מ""ל",false,1,18.90,37.80,true,1,
7290104965661,false,דאו.ספריי KISS בנות150מל,אמיליה קוסמטיקס בעמ,IL,דאודורנט ספריי,מיליליטרים,150.00,"100 מ""ל",false,1,13.90,9.27,true,1,
7290104969850,false,"BOOSTER קולגן 30 מ""ל",,IL,BOOSTER קולגן,מיליליטרים,30.00,"100 מ""ל",false,1,69.90,233.00,true,1,
7290104969959,false,פאוור סי מסיכה לפנים120מ,,IL,פאוור סי מסיכה ל,מיליליטרים,120.00,"100 מ""ל",false,1,59.90,49.92,true,1,
7290105360250,false,קפסולות קפה מס' 9 50 גרם,שטראוס קפה בי.וי.,IL,קפסולות קפה,גרמים,50.00,100 גרם,false,0,19.90,39.80,true,1,
7290105360328,false,קפסולות מס' 10 50 גרם,שטראוס קפה בי.וי.,IL,קפסולות מס' 10,גרמים,50.00,100 גרם,false,0,19.90,39.80,true,1,
7290105360335,false,קפסולות מס' 7 50 גרם,שטראוס קפה בי.וי.,IL,קפסולות מס' 7,גרמים,50.00,100 גרם,false,0,19.90,39.80,true,1,
7290105363602,false,כיף כף מקלות קלאסי 40 גר,עלית,TR,כיף כף מקלות,גרמים,40.00,100 גרם,false,0,5.90,14.75,true,1,
7290105364289,false,כיף כף מקלות פצפוצים40גר,עלית,TR,כיף כף מקלות,גרמים,40.00,100 גרם,false,0,5.90,14.75,true,1,
7290105430441,false,סב.פלמוליב סחלב שחור750מ,קולגייט פלמוליב,TR,סבון פלמוליב,מיליליטרים,750.00,"100 מ""ל",false,0,20.90,2.79,true,1,
7290105430458,false,סבון פלמוליב שקדים 750 מ,קולגייט פלמוליב,TR,סבון פלמוליב,מיליליטרים,750.00,"100 מ""ל",false,0,20.90,2.79,true,1,
7290105430496,false,דאו.ספיד ס.סטיינגארד165מ,קולגייט פלמוליב,MX,דאו.ספיד סטיק,מיליליטרים,165.00,"100 מ""ל",false,0,14.90,9.03,true,1,
7290105431516,false,חטיפי FREE תמר+בוטנים5יח,טבעית מוצרים מן הטבע בעמ,IL,חטיפי FREE,גרמים,125.00,100 גרם,false,0,19.90,15.92,true,1,
7290105431868,false,"פלמוליב ספא קוקוס 500 מ""",קולגייט פלמוליב,TR,פלמוליב ספא,מיליליטרים,500.00,"100 מ""ל",false,0,17.90,3.58,true,1,
7290105431950,false,ליידי ספיד סטיק אבטיח150,קולגייט פלמוליב,RU,ליידי ספיד סטיק,מיליליטרים,150.00,"100 מ""ל",false,0,14.90,9.93,true,1,
7290105691224,false,קריספי טורטיה שום בצל60ג,"פרח תעשיות מזון בע""מ.",IL,קריספי טורטיה,גרמים,60.00,100 גרם,false,0,10.90,18.17,true,1,
7290106290358,false,PEARL ICON א.ד.פ לאשה,גייד בישום,IL,PEARL ICON לאשה,מיליליטרים,50.00,"100 מ""ל",false,0,109.00,218.00,true,1,
7290106290730,false,עפרון שפתיים עמיד87 יח',גייד,IT,עפרון שפתיים 87,יחידה,1.00,יחידה,false,0,49.00,49.00,true,1,
7290106290778,false,עפרון שפתיים עמיד91 יח',גייד,IT,עפרון שפתיים 91,יחידה,1.00,יחידה,false,0,49.00,49.00,true,1,
7290106292062,false,סומק ללא מראה איידיליק07,גייד,IL,סומק ללא מראה 07,יחידה,1.00,יחידה,false,0,75.00,75.00,true,1,
7290106292567,false,VANILLA ICON מי גוף לאשה,גייד,IL,ICON מי גוף לאשה,מיליליטרים,200.00,"100 מ""ל",false,0,79.00,39.50,true,1,
7290106294165,false,מייק אפ מאט וולווט 107,גייד,IT,מייק אפ מאט 107,מיליליטרים,30.00,"100 מ""ל",false,0,125.00,416.67,true,1,
7290106296640,false,עפרון גבות איידיליק 400,גייד,IT,עפרון גבות איידי,יחידה,1.00,יחידה,false,0,59.00,59.00,true,1,
7290106296893,false,עפרון שפתיים עמיד96 יח',גייד,IT,עפרון שפתיים 96,יחידה,1.00,יחידה,false,0,49.00,49.00,true,1,
7290106297197,false,קונסילר איידילק אקסטר15,גייד,IT,קונסילר איידילק,מיליליטרים,10.00,"100 מ""ל",false,0,85.00,850.00,true,1,
7290106297210,false,קונסילר איידילק אקסטר17,גייד,IT,קונסילר איידילק,מיליליטרים,10.00,"100 מ""ל",false,0,85.00,850.00,true,1,
7290106297531,false,BLACK VANILLA ICON לאשה,גייד בישום,IL,VANILLA ICON אשה,מיליליטרים,100.00,"100 מ""ל",false,0,149.00,149.00,true,1,
7290106298651,false,OIL MUSK ICON בושם לאשה,גייד בישום,IL,M-O ICON לאשה,מיליליטרים,100.00,"100 מ""ל",false,0,149.00,149.00,true,1,
7290106299054,false,ליפגלוס קריסטל לייטס600,גייד,IL,ליפגלוס קריסטל ל,יחידה,1.00,יחידה,false,0,79.00,79.00,true,1,
7290106299542,false,מגבונים להסרת איפור יח',גייד,IL,מגבון מסיר איפור,יחידה,1.00,יחידה,false,0,35.00,35.00,true,1,
7290106299672,false,שפתון וולטין מאט758 יח',גייד,IT,שפתון וולטין מאט,יחידה,1.00,יחידה,false,0,75.00,75.00,true,1,
7290106520066,false,רבע לשבע גלילית אגוז160ג,"הגביע מוצרי וופלים בע""\מ",IL,רבע לשבע 160 גרם,גרמים,160.00,100 גרם,false,0,13.90,8.69,true,1,
7290106573277,false,חט.קריספי טאפאס זיתים150,"אסם השקעות בע""\מ",IL,חטיפי קריספי,גרמים,150.00,100 גרם,false,0,11.90,7.93,true,1,
7290106574977,false,בייגלה שטוחים מלח300גרם,"אסם השקעות בע""\מ",IL,בייגלה שטוחים,גרמים,300.00,100 גרם,false,0,11.90,3.97,true,1,
7290106720626,false,ציטוס גבינה 80 גרם,"שטראוס פריטו ליי בע""\מ )",IL,ציטוס גבינה,גרמים,80.00,100 גרם,false,1,4.90,6.13,true,1,
7290106721920,false,מסטיק ספירמינט צ'יקלט66ג,"שטראוס גרופ בע""\מ.",IL,מסטיק ספירמינט,גרמים,66.00,100 גרם,false,1,9.90,15.00,true,1,
7290107280020,false,מטליות לחות מארז,,IL,מטליות לחות מארז,יחידה,1.00,יחידה,false,0,26.90,26.90,true,1,
7290107280037,false,מגבונים לניקוי,,IL,מגבונים לניקוי,יחידה,1.00,יחידה,false,0,10.90,10.90,true,1,
7290107280662,false,א.כביסה מקסימה בייבי1.25,סנו,IL,אבקת כביסה מקסימ,קילוגרמים,1.25,"ק""ג",false,1,17.90,14.32,true,1,
7290107280761,false,ספארק לימון+משאבה 1ל,סנו מפעלי ברונוס בעמ,IL,נוזל כלים לימון,ליטרים,1.00,ליטר,false,0,12.90,12.90,true,1,
7290107544481,false,קרם  להסרת שיער 80 גרם,---,IL,קרם  להסרת שיער,גרמים,80.00,100 גרם,false,1,17.90,22.38,true,1,
7290107646826,false,חטיפי שוגי שוקו 26*6גרם,יוניליוור ישראל מזון בעמ,IL,חטיפי שוגי 6 יח,גרמים,156.00,100 גרם,false,1,15.90,10.19,true,1,
7290107931397,false,כיף כף פצפצים 40 גרם,שולן צ'\יקולטה גידה סאן.,TR,כיף כף פצפצים,גרמים,40.00,100 גרם,false,1,5.90,14.75,true,1,
7290107937627,false,קוביות ספירמינט צנצנת58ג,אסקום קונפקשיין,DE,קוביות מסטיק,גרמים,58.00,100 גרם,false,1,9.90,17.07,true,1,
7290107937634,false,קוביות פפרמינט צנצנת 58ג,אסקום קונפקשיין,DE,קוביות מסטיק,גרמים,58.00,100 גרם,false,1,9.90,17.07,true,1,
7290107956901,false,קפסולות אספרסו ט.אגוז50ג,שטראוס קפה בי.וי.,IL,קפסולות אספרסו,גרמים,50.00,100 גרם,false,1,19.90,39.80,true,1,
7290107973014,false,סב.ידיים פלמוליב דבש300מ,קולגייט-פלמוליב,TR,סבון ידיים,מיליליטרים,300.00,"100 מ""ל",false,1,9.90,3.30,true,1,
7290107974301,false,ליידי ס.סטיק אלוורה ג'ל,קולגייט פלמוליב,US,ליידי ספיד סטיק,גרמים,45.00,100 גרם,false,1,17.90,39.78,true,1,
7290107975278,false,ליידי ס.סטיק אלוורה סטיק,קולגייט פלמוליב,US,ליידי ספיד סטיק,גרמים,45.00,100 גרם,false,1,17.90,39.78,true,1,
7290107975544,false,"משחת שיניים ברבי 50 מ""ל",קולגייט- פלמוליב,PL,משחת שיניים,מיליליטרים,50.00,"100 מ""ל",false,1,14.90,29.80,true,1,
7290108350616,false,מרכך מקסימה בלו 1 ליטר,"סנו מפעלי ברונוס בע""\מ",IL,מרכך מקסימה,ליטרים,1.00,ליטר,false,1,17.90,17.90,true,1,
7290108350623,false,מרכך מקסימה סופט סילק1ל,"סנו מפעלי ברונוס בע""\מ",IL,מרכך מקסימה,ליטרים,1.00,ליטר,false,1,17.90,17.90,true,1,
7290108350722,false,משחת אורביטול בוב ספוג70,טרופיקל דגיל תעשיות קוסמ,IL,משחת אורביטול +6,מיליליטרים,70.00,"100 מ""ל",false,1,9.90,14.14,true,1,
7290108351156,false,סנו ג'ט רצפות חומץ 1.5ל,"סנו מפעלי ברונוס בע""\מ",IL,סנו ג'ט פלוס,ליטרים,1.50,ליטר,false,1,9.90,6.60,true,1,
7290108351552,false,סנו ג'ט בתוספת חומץ750מל,"סנו מפעלי ברונוס בע""\מ",IL,סנו ג'ט עם חומץ,מיליליטרים,750.00,"100 מ""ל",false,1,9.90,1.32,true,1,
7290108351811,false,מרכך כביסה פלורל טאצ1ל,סנו מפעלי ברונוס בעמ,IL,מרכך מקסימה,ליטרים,1.00,ליטר,false,1,17.90,17.90,true,1,
7290108352061,false,משחת אורביטול פחם 145ג,טרופיקל דגיל תעשיות קוסמ,IL,משחת אורביטול,גרמים,145.00,100 גרם,false,1,15.90,10.97,true,1,
7290108352078,false,אורביטול שטיפה פרוטקט500,קוסמופארם בע'\'\מ,IL,אורביטול שטיפה,מיליליטרים,500.00,"100 מ""ל",false,1,24.90,4.98,true,1,
7290108352276,false,מטליות לחיטוי רצפות 10יח,"סנו מפעלי ברונס בע""\מ",IL,מטליות לרצפה,יחידה,1.00,יחידה,false,1,16.90,16.90,true,1,
7290108352641,false,מטלית הפלא 3 יחידות,,CN,מטליות הפלא 3 יח,יחידה,1.00,יחידה,false,1,13.90,13.90,true,1,
7290108353082,false,ממחטות סופט נשלפות 120יח,סנו מפעלי ברונוס בעמ,IL,ממחטות  דו שכבתי,יחידה,1.00,יחידה,false,1,13.90,13.90,true,1,
7290108353419,false,2מברשות אורביטו whiteing,קוסמופארם,CN,מברשות שיניים,יחידה,1.00,יחידה,false,1,21.90,21.90,true,1,
7290108353426,false,אורביטול מברשת שיניים,קוסמופארם,CN,מברשות שיניים,יחידה,1.00,יחידה,false,1,21.90,21.90,true,1,
7290108353716,false,קרמה ת. רחצה פיטאיה 500מ,"קוסמופארם בע""\מn\",IL,תחליב רחצה חימר,מיליליטרים,500.00,"100 מ""ל",false,1,14.90,2.98,true,1,
7290108353730,false,"קרמה ת.רחצה חימר 500 מ""ל","קוסמופארם בע""\מn\",IL,תחליב רחצה קרמה,מיליליטרים,500.00,"100 מ""ל",false,1,14.90,2.98,true,1,
7290108353761,false,תחליב רחצה זן קשמיר 600מ,"קוסמופארם בע""\מ",IL,קרמה תחליב רחצה,מיליליטרים,600.00,"100 מ""ל",false,1,12.90,2.15,true,1,
7290108353785,false,תחליב רח.נקה7טונקה750מ,קוסמופארם בע'\'\מ,IL,תחליב רחצה,מיליליטרים,750.00,"100 מ""ל",false,1,12.90,1.72,true,1,
7290108353792,false,נקה 7 תחליב רחצה יפן 750,קוסמופארם בע'\'\מ,IL,תחליב רחצה בניחו,מיליליטרים,750.00,"100 מ""ל",false,1,12.90,1.72,true,1,
7290108353808,false,"תחליב רחצה מדגסקר750מ""ל",קוסמופארם בע'\'\מ,IL,תחליב רחצה בניחו,מיליליטרים,750.00,"100 מ""ל",false,1,12.90,1.72,true,1,
7290108353815,false,"תחליב רחצה מדיטציה600מ""ל","קוסמופארם בע""\מ",IL,קרמה תחליב רחצה,מיליליטרים,600.00,"100 מ""ל",false,1,12.90,2.15,true,1,
7290108354065,false,קרמה מן ג'ל רח.פילינג700,קוסמופארם בע'\'\מ,IL,קרמה מן ג'ל רחצה,מיליליטרים,700.00,"100 מ""ל",false,1,21.90,3.13,true,1,
7290108354263,false,משחה אורביטול חד קרן 70,טרופיקל דגיל תעשיות קוסמ,IL,משחה אורביטול +6,מיליליטרים,70.00,"100 מ""ל",false,1,9.90,14.14,true,1,
7290108354607,false,שמפו נקה7ביו מי קקטוס750,קוסמופארם בעמ,IL,שמפו נקה 7 קקטוס,מיליליטרים,750.00,"100 מ""ל",false,1,13.90,1.85,true,1,
7290108354713,false,תחליב רחצה קרמה קלאס500מ,"קוסמופארם בע""\מn\",IL,תחליב רחצה קרמה,מיליליטרים,500.00,"100 מ""ל",false,1,14.90,2.98,true,1,
7290108354768,false,"קרם גוף קרמה דבש 500 מ""ל","קוסמופארם בע""\מ.",IL,קרם גוף קרמה דבש,מיליליטרים,500.00,"100 מ""ל",false,1,24.90,4.98,true,1,
7290108355062,false,נטורל פורמולה לחות+קרטין,אמיליה קוסמטיקס,IL,לחות נט.פורמולה,מיליליטרים,400.00,"100 מ""ל",false,1,29.90,7.48,true,1,
7290108355086,false,גלייז נטורל פורמולה 350מ,קוסמופארם בע'\'\מ,IL,גלייז נט.פורמולה,מיליליטרים,350.00,"100 מ""ל",false,1,38.90,11.11,true,1,
7290108355116,false,בייבי כיף לפני שינה750מל,קוסמופארם,IL,בייבי כיף אלסבון,מיליליטרים,750.00,"100 מ""ל",false,1,17.90,2.39,true,1,
7290108355185,false,"מסכה קרטין נטורל 350מ""ל",קוסמופארם,IL,מסכה נטורל פורמו,מיליליטרים,350.00,"100 מ""ל",false,1,39.90,11.40,true,1,
7290108355208,false,"שמפו קרטין נטורל 400 מ""ל",קוסמופארם,IL,שמפו נטורל פורמו,מיליליטרים,400.00,"100 מ""ל",false,1,29.90,7.48,true,1,
7290108355260,false,נקה7שמפו+גל רחצה+סבון750,קוסמופארם,IL,נקה7 שמפו/לרחצה,מיליליטרים,750.00,"100 מ""ל",false,1,14.90,1.99,true,1,
7290108355338,false,שמפו פיגמנט אדום 250 מל,פארפארם בעמ,IL,שמפו פיגמנט אדום,מיליליטרים,250.00,"100 מ""ל",false,1,29.90,11.96,true,1,
7290108355376,false,מרכך מעצים גוונים 250 מל,פארפארם בעמ,IL,מרכך מעצים גווני,מיליליטרים,250.00,"100 מ""ל",false,1,29.90,11.96,true,1,
7290108355451,false,דאו.קרמה רול און ורד 75מ,"קוסמופארם בע""\מ",IL,דאודורנט קרמה,מיליליטרים,75.00,"100 מ""ל",false,1,13.90,18.53,true,1,
7290108355482,false,דאו.קרמה רול און לבנדר75,"קוסמופארם בע""\מ",IL,דאודורנט קרמה,מיליליטרים,75.00,"100 מ""ל",false,1,13.90,18.53,true,1,
7290108355536,false,"דאו.קרמה ורד וניל 150מ""ל",מיוצר עי : אמיליה קוסמטי,TR,דאודורנט קרמה,מיליליטרים,150.00,"100 מ""ל",false,1,16.90,11.27,true,1,
7290108355734,false,קרליין קרם גוף מבושם 250,פאר פארם בעמ,IL,קרם גוף מבושם,מיליליטרים,250.00,"100 מ""ל",false,1,24.90,9.96,true,1,
7290108355741,false,קרליין קרם גוף מבושם 250,פאר פארם בעמ,IL,קרם גוף מבושם,מיליליטרים,250.00,"100 מ""ל",false,1,24.90,9.96,true,1,
7290108355765,false,"דאו.קרמה לבנדר 150 מ""ל",מיוצר עי : אמיליה קוסמטי,TR,דאודורנט קרמה,מיליליטרים,150.00,"100 מ""ל",false,1,16.90,11.27,true,1,
7290108356021,false,כיף תחליב רחצה עוגיות700,קוסמופארם,IL,כיף תחליב רחצה,מיליליטרים,700.00,"100 מ""ל",false,1,10.90,1.55,true,1,
7290108356113,false,כיף תחליב רח.חלב ודבש700,קוסמופארם,IL,כיף תחליב רחצה,מיליליטרים,700.00,"100 מ""ל",false,1,10.90,1.55,true,1,
7290108356120,false,כיף תחליב רחצה קוקוס700מ,קוסמופארם,IL,כיף תחליב רחצה,מיליליטרים,700.00,"100 מ""ל",false,1,10.90,1.55,true,1,
7290108356168,false,כיף תחליב רח.אוקיינוס700,קוסמופארם,IL,כיף תחליב רחצה,מיליליטרים,700.00,"100 מ""ל",false,1,10.90,1.55,true,1,
7290108356199,false,אל סבון כיף אפרסק 1 ליטר,קוסמופארם בע'\'\מ,IL,אל סבון כיף,ליטרים,1.00,ליטר,false,1,12.90,12.90,true,1,
7290108356489,false,כיף תחליב רחצה אפרסק700מ,קוסמופארם בעמ,IL,תחליב רחצה אפרסק,מיליליטרים,700.00,"100 מ""ל",false,1,10.90,1.55,true,1,
7290108356519,false,שמפו 10 לשיער רגיל 700מל,"קוסמופארם בע""\מ",IL,שמפו 10 קרליין,מיליליטרים,700.00,"100 מ""ל",false,1,14.90,2.13,true,1,
7290108356526,false,שמפו 10 לשיער יבש 700 מל,"קוסמופארם בע""\מ",IL,שמפו 10 קרליין,מיליליטרים,700.00,"100 מ""ל",false,1,14.90,2.13,true,1,
7290108356533,false,שמפו 10 לשיער מתולתל700מ,"קוסמופארם בע""\מ",IL,שמפו 10 קרליין,מיליליטרים,700.00,"100 מ""ל",false,1,14.90,2.13,true,1,
7290108356564,false,מרכך 10 לשיער רגיל 700מל,"קוסמופארם בע""\מn\",IL,מרכך 10 קרליין,מיליליטרים,700.00,"100 מ""ל",false,1,14.90,2.13,true,1,
7290108356588,false,מרכך 10 לשיער מתולתל700מ,"קוסמופארם בע""\מ",IL,מרכך 10 קרליין,מיליליטרים,700.00,"100 מ""ל",false,1,14.90,2.13,true,1,
7290108357004,false,כיף שמפו מועשר בשמן 700מ,"קוסמופארם בע""\מ",IL,שמפו כיף,מיליליטרים,700.00,"100 מ""ל",false,1,10.90,1.55,true,1,
7290108357011,false,כיף מרכך מועשר בשמן700מל,"קוסמופארם בע""\מ",IL,מרכך שיער כיף,מיליליטרים,700.00,"100 מ""ל",false,1,10.90,1.55,true,1,
7290108357073,false,דאו.ספריי ביו ציטרוס150מ,קוסטר אירוסול,CZ,דאו.ספריי ביו,מיליליטרים,150.00,"100 מ""ל",false,1,16.90,11.27,true,1,
7290108357110,false,דאו.רולאון ביו וולווט75מ,"קוסמופארם בע""\מ",IL,דאו.רולאון ביו,מיליליטרים,75.00,"100 מ""ל",false,1,16.90,22.53,true,1,
7290108357196,false,סנו ג'ט תמצית עץ התה750מ,סנו מפעלי ברונוס בעמ,IL,סנו ג'ט עץ התה,מיליליטרים,750.00,"100 מ""ל",false,1,9.90,1.32,true,1,
7290108357240,false,אוקסיג'ן פאואר צבע 1.4קג,---,IL,אוקסיג'ן פאואר,קילוגרמים,1.40,"ק""ג",false,1,36.90,26.36,true,1,
7290108357257,false,סנו פרש מכשיר+מילוי250מ,"יצרן מכשיר: זובלה,  יצרן",CN,סנו פרש,מיליליטרים,250.00,"100 מ""ל",false,1,39.90,15.96,true,1,
7290108357394,false,תחליב רח.קרמה חלב ודב700,קוסמופארם בע'\'\מ,IL,תחליב רחצה קרמה,מיליליטרים,700.00,"100 מ""ל",false,1,17.90,2.56,true,1,
7290108357400,false,תח.רחצה קרמה לבנדר700מ,קוסמופארם בעמ,IL,תחליב רחצה קרמה,מיליליטרים,700.00,"100 מ""ל",false,1,17.90,2.56,true,1,
7290108357417,false,קרמה ק.גוף ורד וניל500מל,קוסמופארם בע'\'\מ,IL,קרם גוף ורד ווני,מיליליטרים,500.00,"100 מ""ל",false,1,24.90,4.98,true,1,
7290108357431,false,קרמה קרם גוף בריזת ים500,קוסמופארם בע'\'\מ,IL,קרם גוף בריזת ים,מיליליטרים,500.00,"100 מ""ל",false,1,24.90,4.98,true,1,
7290108357493,false,תחליב רחצה קרמה וניל700מ,קוסמופארם בעמ,IL,תחליב רחצה קרמה,מיליליטרים,700.00,"100 מ""ל",false,1,17.90,2.56,true,1,
7290108357509,false,קרם גוף וניל ופלפל 500מל,קוסמופארם בע'\'\מ,IL,קרם גוף קרמה,מיליליטרים,500.00,"100 מ""ל",false,1,24.90,4.98,true,1,
7290108357707,false,כיף שמפו לשיער רגיל 700מ,קוסמופארם,IL,כיף שמפו,מיליליטרים,700.00,"100 מ""ל",false,1,10.90,1.55,true,1,
7290108357769,false,כיף מרכך לשיער רגיל700מל,קוסמופארם,IL,כיף מרכך שיער,מיליליטרים,700.00,"100 מ""ל",false,1,10.90,1.55,true,1,
7290108357837,false,כיף אל סבון מילוי אצות1ל,"קוסמופארם בע""\מ",IL,כיף שקית מילוי,ליטרים,1.00,ליטר,false,1,11.90,11.90,true,1,
7290108357844,false,כיף סב.מילוי ג'ינסינג 1ל,"קוסמופארם בע""\מ",IL,כיף שקית מילוי,ליטרים,1.00,ליטר,false,1,11.90,11.90,true,1,
7290108357851,false,כיף ג'ל רח.בשמן קוקוס700,"קוסמופארם בע""\מ",IL,כיף ג'ל רחצה,מיליליטרים,700.00,"100 מ""ל",false,1,10.90,1.55,true,1,
7290108357875,false,"כיף שמפו אפרסק 700 מ""ל",קוסמופארם בעמ,IL,כיף שמפו אפרסק,מיליליטרים,700.00,"100 מ""ל",false,1,10.90,1.55,true,1,
7290108357882,false,"כיף מרכך אפרסק 700מ""ל",קוסמופארם בעמ,IL,כיף מרכך לשיער,מיליליטרים,700.00,"100 מ""ל",false,1,10.90,1.55,true,1,
7290108358087,false,תחליב רחצה קרמה מאסק700מ,קוסמופארם בעמ,IL,תחליב רחצה קרמה,מיליליטרים,700.00,"100 מ""ל",false,1,17.90,2.56,true,1,
7290108358094,false,תחליב רחצה קרמה שיאה500,"קוסמופארם בע""\מn\",IL,תחליב רחצה קרמה,מיליליטרים,500.00,"100 מ""ל",false,1,14.90,2.98,true,1,
7290108359824,false,"בייבי כיף קרם גוף 500מ""ל",קוסמופארם,IL,קרם גוף בייבי,מיליליטרים,500.00,"100 מ""ל",false,1,24.90,4.98,true,1,
7290108359879,false,בייבי כיף אל סבון 750מ,קוסמופארם,IL,בייבי כיף אלסבון,מיליליטרים,750.00,"100 מ""ל",false,1,17.90,2.39,true,1,
7290108359985,false,ג'אוול קצף ניקוי 1 ליטר,---,IL,ג'אוול קצף ניקוי,ליטרים,1.00,ליטר,false,1,19.90,19.90,true,1,
7290110450458,false,היילייטר אוורגלו יח',גייד,IT,היילייטר אוורגלו,יחידה,1.00,יחידה,false,1,89.00,89.00,true,1,
7290110450465,false,לק קריסטל 572 יח',גייד,FR,לק קריסטל 572,יחידה,1.00,יחידה,false,0,29.00,29.00,true,1,
7290110450670,false,וולנטיין מעצב גבות 62 יח,דניה קוסמטיקס,IT,וולנטיין מעצב גב,יחידה,1.00,יחידה,false,1,59.00,59.00,true,1,
7290110450861,false,וולנטיין קונסילר סטיק111,גייד,IT,וולנטיין קונסילר,יחידה,1.00,יחידה,false,1,79.00,79.00,true,1,
7290110452315,false,היילייטר אוורגלו יח02',,IL,היילייטר אוורגלו,יחידה,1.00,יחידה,false,1,89.00,89.00,true,1,
7290110452636,false,רויוליסט מסכה לטיהור 50,,IL,רויוליסט מסכה לט,מיליליטרים,50.00,"100 מ""ל",false,1,99.00,198.00,true,1,
7290110453114,false,שפתון טרו קולור 266 יח',,IT,שפתון טרו קולור,יחידה,1.00,יחידה,false,1,69.00,69.00,true,1,
7290110453619,false,אייקון פרל תחליב גוף200מ,,IL,אייקון פרל תחליב,מיליליטרים,200.00,"100 מ""ל",false,1,49.00,24.50,true,1,
7290110453664,false,אייקון ונילה תחליב 200מל,,IL,אייקון ונילה בלא,מיליליטרים,200.00,"100 מ""ל",false,1,69.00,34.50,true,1,
7290110454265,false,EXTREMITY מסקרה לנפח 12,,DE,EXTREMITY מסקרה,יחידה,1.00,יחידה,false,1,89.00,89.00,true,1,
7290110455460,false,היילש מסקרה המאריכה מפרי,,IL,היילש מסקרה המאר,יחידה,1.00,יחידה,false,1,89.00,89.00,true,1,
7290110456719,false,"אייקון פרל מי גוף 250 מ""",,IL,אייקון פרל מי גו,מיליליטרים,250.00,"100 מ""ל",false,1,69.00,27.60,true,1,
7290110457280,false,גלו FX שלושה גוונים 135,,IL,גלו FX שלושה גוו,יחידה,1.00,יחידה,false,1,99.00,99.00,true,1,
7290110457297,false,גלו FX שלושה גוונים 137,,IL,גלו FX שלושה גוו,יחידה,1.00,יחידה,false,1,99.00,99.00,true,1,
7290110458096,false,סט אייקון מאסק אויל בושם,,IL,אייקון מאסק אויל,יחידה,1.00,יחידה,false,1,149.00,149.00,true,1,
7290110458164,false,תיק חודש אפריל יח',,IL,תיק חודש אפריל,יחידה,1.00,יחידה,false,1,49.90,49.90,true,1,
7290110554729,false,קפסולות אספרסו מס4 50ג,שטראוס קפה בי.וי.,IL,קפסולות מס' 4,גרמים,50.00,100 גרם,false,1,19.90,39.80,true,1,
7290110559762,false,חט.אגוז/תמרים/קוקוס35*3,"ואמואליס פודס אס.איי,",GR,חטיפי ריל אנרג'י,גרמים,105.00,100 גרם,false,1,15.90,15.15,true,1,
7290110560324,false,פריכיות משולשות+אפונה30ג,פרח,IL,פריכיות אנרג'י,גרמים,30.00,100 גרם,false,1,5.50,18.33,true,1,
7290110730109,false,נוטרילון קומפורט 900 גרם,נוטרישיה קאלק,NL,נוטרילון 900 גרם,גרמים,900.00,100 גרם,false,1,101.90,11.32,true,1,
7290111096921,false,קוויק מטליות  לניקוי50יח,DPL,IL,קוויק מגבונים,יחידה,1.00,יחידה,false,1,9.90,9.90,true,1,
7290111340956,false,10מטליות לרצפה ריח מרכך,חוגלה קימברלי,IL,מטליות רצפה לחות,יחידה,1.00,יחידה,false,1,11.90,11.90,true,1,
7290111341496,false,דיפנד תח' אקטיב פיט 12יח,קימברלי קלארק,VN,תחבושות דיפנד,יחידה,1.00,יחידה,false,1,21.90,21.90,true,1,
7290111341526,false,תחבושות אקטיב נורמל 24יח,קימברלי קלארק,CZ,תחבושות קוטקס,יחידה,1.00,יחידה,false,1,17.90,17.90,true,1,
7290111341557,false,32 טמפוני קוטקס סופר,קימברלי קלארק,CZ,טמפוני קוטקס,יחידה,1.00,יחידה,false,1,27.90,27.90,true,1,
7290111341984,false,לילי לח פיור מארז 4,עלבד,IL,נייר טואלט לח4יח,יחידה,1.00,יחידה,false,1,23.90,23.90,true,1,
7290111342738,false,לילי לח קידס מארז 4,---,IL,נייר טואלט לח4יח,יחידה,1.00,יחידה,false,1,23.90,23.90,true,1,
7290111343117,false,קלינקס לושן ממחטות70*2,---,IL,קלינקס ממחטות,יחידה,1.00,יחידה,false,1,14.90,14.90,true,1,
7290111343483,false,קוטקס 20 תחבוש.יאנג נייט,---,CZ,תחבושות קוטקס,יחידה,1.00,יחידה,false,1,17.90,17.90,true,1,
7290111344206,false,מגבונים האגיס נטורל4*64,---,IL,מגבונים האגיס 4*,יחידה,1.00,יחידה,false,1,24.90,24.90,true,1,
7290111344459,false,תחבושות נייט א.לונג 18יח,---,CN,תחבושות נייט,יחידה,1.00,יחידה,false,1,17.90,17.90,true,1,
7290111344503,false,36האגיס אקסטרה קר +4,---,CZ,האגיס אקסטרה קר,יחידה,1.00,יחידה,false,1,57.90,57.90,true,1,
7290111344732,false,קלינקס אלרגי קומפורט70*2,---,IL,קלינקס זוג,יחידה,1.00,יחידה,false,1,16.90,16.90,true,1,
7290111344824,false,52מגן תחתון אנטיבקטרי,---,CN,מגן תחתון קוטקס,יחידה,1.00,יחידה,false,1,17.90,17.90,true,1,
7290111344855,false,52מגן תחתון קוטקס L,---,CN,מגן תחתון קוטקס,יחידה,1.00,יחידה,false,1,17.90,17.90,true,1,
7290111344879,false,44מגן תחתון קוטקס 2ב1,---,CN,מגן תחתון קוטקס,יחידה,1.00,יחידה,false,1,17.90,17.90,true,1,
7290111345753,false,קוטקס תחבושות כותנה נורמ,---,CZ,תחבושות כותנה נו,יחידה,1.00,יחידה,false,1,17.90,17.90,true,1,
7290111345777,false,קוטקס 16תחבוש.כותנה נייט,---,CZ,תחבושות קוטקס,יחידה,1.00,יחידה,false,1,17.90,17.90,true,1,
7290111353079,false,סוכ.גומי דובונים 180 גרם,סאדאט גידא,TR,סוכריות גומי,גרמים,180.00,100 גרם,false,1,10.90,6.06,true,1,
7290111425288,false,פילינג פנים פחם ואלוורה,ארמן,IL,פ.פנים פחם אלוור,מיליליטרים,125.00,"100 מ""ל",false,0,36.90,29.52,true,1,
7290111564277,false,פריכיות דק.פיטנס3דגנ120ג,פרח תעשיות בעמ,IL,פריכיות פיטנס,גרמים,120.00,100 גרם,false,1,11.90,9.92,true,1,
7290111564291,false,פריכיות דקות+קינואה120גר,פרח תעשיות בעמ,IL,פריכיות פיטנס,גרמים,120.00,100 גרם,false,1,11.90,9.92,true,1,
7290111930898,false,פוף כוכבים גריל אמריקא40,מנה,IL,פוף כוכבים גריל,גרמים,40.00,100 גרם,false,1,4.90,12.25,true,1,
7290111930935,false,פוף טבעות קלאסי 40 גרם,מנה,IL,פוף טבעות,גרמים,40.00,100 גרם,false,1,4.90,12.25,true,1,
7290111931321,false,משחת שיניים מיניונים 50מ,קולגייט- פלמוליב,PL,קולגייט מיניונים,מיליליטרים,50.00,"100 מ""ל",false,1,14.90,29.80,true,1,
7290111931338,false,סבון פלמוליב לומינוס 500,קולגייט פלמוליב,TR,סבון פלמוליב,מיליליטרים,500.00,"100 מ""ל",false,1,17.90,3.58,true,1,
7290111932380,false,"משחת מרידול 75*2 מ""ל",---,PL,משחת מרידול 2 יח,מיליליטרים,150.00,"100 מ""ל",false,1,32.90,21.93,true,1,
7290111935527,false,קולגייט טוטל קלין 100*2,קולגייט פלמוליב,PL,משחת קולגייט,מיליליטרים,200.00,"100 מ""ל",false,1,33.90,16.95,true,1,
7290111936296,false,סבון פלמוליב סנסיישן 750,קולגייט פלמוליב,TR,סבון פלמוליב,מיליליטרים,750.00,"100 מ""ל",false,1,20.90,2.79,true,1,
7290111937767,false,מגבת מיקרופייבר ליבוש,,CN,מגבת מיקרופייבר,יחידה,1.00,יחידה,false,1,20.90,20.90,true,1,
7290112000828,false,מגבונ.אנטי בקטריאלים60יח,רקיט בנקיזר,PL,מגבונים דטול,יחידה,1.00,יחידה,false,1,10.90,10.90,true,1,
7290112001436,false,מנקה מדיח לימון 250מל,רקיט בנקיזר,PL,פיניש מנקה מדיח,מיליליטרים,250.00,"100 מ""ל",false,1,18.90,7.56,true,1,
7290112002457,false,דטול מגבונים 60*3יח,רקיט בנקיזר,PL,דטול מגבונים 3יח,יחידה,1.00,יחידה,false,1,26.90,26.90,true,1,
7290112004413,false,וניש ספרי לכביסה לבנה750,רקיט בנקיזר,PL,מסיר כתמים ספריי,מיליליטרים,750.00,"100 מ""ל",false,1,18.90,2.52,true,1,
7290112004970,false,פיניש אולטימייט 50 יח,רקיט בנקיזר,PL,פיניש אולטימייט,יחידה,1.00,יחידה,false,1,54.90,54.90,true,1,
7290112005045,false,וניש אבקה לכביסה לבנה480,רקיט בנקיזר,IT,וניש אבקה לכביסה,גרמים,480.00,100 גרם,false,1,18.90,3.94,true,1,
7290112192561,false,פרודונטקס הגנה מלבינה75מ,DEMICLEN,IE,משחה פרודונטקס,מיליליטרים,75.00,"100 מ""ל",false,1,34.90,46.53,true,1,
7290112192578,false,משחת פרודונטקס הגנה 75מל,DEMICLEN,IE,משחת פרודונטקס,מיליליטרים,75.00,"100 מ""ל",false,1,34.90,46.53,true,1,
7290112192585,false,מברשת פרודונטקס סופט,DEMICLEN,DE,מברשת פרודונטקס,יחידה,1.00,יחידה,false,1,27.90,27.90,true,1,
7290112193261,false,סטייל שמן לשיער אמפ100מל,א.ל ארמן,IL,סטייל שמן לשיער,מיליליטרים,100.00,"100 מ""ל",false,1,44.90,44.90,true,1,
7290112193278,false,שמפו מתולתלות סטייל 600מ,א.ל.ארמן ייצור תמרוקים ב,IL,שמפו מתולתלות,מיליליטרים,600.00,"100 מ""ל",false,1,28.90,4.82,true,1,
7290112193315,false,קרם לחות מתולתלות 400מ,א.ל.ארמן ייצור תמרוקים ב,IL,קרם לחות מתולתלו,מיליליטרים,400.00,"100 מ""ל",false,1,38.90,9.73,true,1,
7290112332691,false,פינוקיות קרם פסק זמן200ג,"הגביע מוצרי וופלים בע""\מ",IL,פינוקיות פסק זמן,גרמים,200.00,100 גרם,false,1,11.90,5.95,true,1,
7290112336644,false,סוכריות מאסט לימון 80גרם,מיישקו,PL,סוכריות מאסט,גרמים,80.00,100 גרם,false,1,8.90,11.13,true,1,
7290112340245,false,מסטיק דובדבן צנצנת 66גרם,"שטראוס גרופ בע""\מ",IL,מסטיק דובדבן,גרמים,66.00,100 גרם,false,1,9.90,15.00,true,1,
7290112340252,false,מסטיק אבטיח מלון צנצנת66,"שטראוס גרופ בע""\מ",IL,מסטיק אבטיח מלון,גרמים,66.00,100 גרם,false,1,9.90,15.00,true,1,
7290112349538,false,קפה טורקי עלית 160 גרם,שטראוס קפה בי.וי.,IL,קפה טורקי עלית,גרמים,160.00,100 גרם,false,1,11.90,7.44,true,1,
7290112351463,false,"סוכ.טעם פטל לימון לל""ס45","הליקון גידה בע""\מ",TR,"סוכריות לל""ס",גרמים,45.00,100 גרם,false,1,9.50,21.11,true,1,
7290112351470,false,"סוכ.טעם רימון תות לל""ס45","הליקון גידה בע""\מ",TR,"סוכריות לל""ס",גרמים,45.00,100 גרם,false,1,9.50,21.11,true,1,
7290112358004,false,חטיף פסק זמן קראנץ' 32גר,שולן צ'\יקולטה גידה סאן.,TR,חטיף פסק זמן,גרמים,32.00,100 גרם,false,1,5.00,15.63,true,1,
7290112358561,false,קפה פלטינום קלאסיק 47 גר,"אינסטנטבה בע""\מ",PL,קפה פלטינום קלאס,גרמים,47.00,100 גרם,false,1,8.90,18.94,true,1,
7290112490032,false,נמס בכוס תירס 45 גרם,יוניליוור ישראל מזון בע\,IL,נמס בכוס תירס,גרמים,45.00,100 גרם,false,1,6.90,15.33,true,1,
7290112490117,false,שוקולד קליק וופל ואגוז85,יוניליוור ישראל מזון בע\,IL,שוקולד קליק,גרמים,85.00,100 גרם,false,1,6.90,8.12,true,1,
7290112490209,false,נמס בכוס עגבניות ר. טבעי,יוניליוור ישראל מזון בעמ,IL,מרק נמס בכוס,גרמים,56.00,100 גרם,false,1,6.90,12.32,true,1,
7290112490230,false,נמס בכוס אפונה ר. טבעיים,יוניליוור ישראל מזון בעמ,IL,מרק נמס בכוס,גרמים,50.00,100 גרם,false,1,6.90,13.80,true,1,
7290112490827,false,תרסיס למייבש בד.בייבי500,"זוהר דליה, קיבוץ דליה, 1",IL,תרסיס בדין בייבי,מיליליטרים,500.00,"100 מ""ל",false,1,16.90,3.38,true,1,
7290112492449,false,שמפו לשיער רגיל700מ,יוניליוור ישראל טיפוח אי,IL,שמפו לשיער רגיל,מיליליטרים,700.00,"100 מ""ל",false,1,11.90,1.70,true,1,
7290112492456,false,שמפו פינוק יבש /פגום 700,יוניליוור ישראל טיפוח אי,IL,שמפו לשיער יבש,מיליליטרים,700.00,"100 מ""ל",false,1,11.90,1.70,true,1,
7290112492463,false,שמפו ומרכך 2 ב1- רגיל700,יוניליוור,IL,פינוק שמפו+מרכך,מיליליטרים,700.00,"100 מ""ל",false,0,11.90,1.70,true,1,
7290112492470,false,"שמפו+מרכך 2ב1 700 מ""ל",יוניליוור,IL,פינוק 2ב1-,מיליליטרים,700.00,"100 מ""ל",false,1,11.90,1.70,true,1,
7290112492500,false,פינוק שמפו שמן קוקוס700מ,יוניליוור,IL,שמפו פינוק,מיליליטרים,700.00,"100 מ""ל",false,1,11.90,1.70,true,1,
7290112492531,false,"מרכך פינוק רגיל 700 מ""ל",יוניליוור,IL,מרכך לשיער רגיל,מיליליטרים,700.00,"100 מ""ל",false,1,11.90,1.70,true,1,
7290112492548,false,מרכך פינוק יבש/פגום 700,יוניליוור,IL,מרכך פינוק,מיליליטרים,700.00,"100 מ""ל",false,1,11.90,1.70,true,1,
7290112492579,false,פינוק מרכך שמן קוקוס700מ,יוניליוור ישראל טיפוח אי,IL,מרכך פינוק,מיליליטרים,700.00,"100 מ""ל",false,1,11.90,1.70,true,1,
7290112492593,false,תח.רחצה פינוק קלאסי700מ,יוניליוור ישראל טיפוח אי,IL,תחליב רחצה פינוק,מיליליטרים,700.00,"100 מ""ל",false,1,11.90,1.70,true,1,
7290112492609,false,תח.פינוק לבנדר וניל 700מ,יוניליוור ישראל טיפוח אי,IL,תחליב רחצה פינוק,מיליליטרים,700.00,"100 מ""ל",false,1,11.90,1.70,true,1,
7290112492630,false,פינוק רחצה לגבר3ב1 700מל,יוניליוור ישראל טיפוח אי,IL,פינוק 3 ב1- לגבר,מיליליטרים,700.00,"100 מ""ל",false,1,11.90,1.70,true,1,
7290112492678,false,"פינוק שמפו לנסיעות100מ""ל",יוניליוור ישראל טיפוח אי,IL,שמפו פינוק,מיליליטרים,100.00,"100 מ""ל",false,1,6.50,6.50,true,1,
7290112492685,false,"מרכך שיער לנסיעות 100מ""ל",יוניליוור ישראל טיפוח אי,IL,מרכך פינוק,מיליליטרים,100.00,"100 מ""ל",false,1,6.50,6.50,true,1,
7290112492722,false,פינוק לסירוק קל2ב1 700מל,יוניליוור ישראל טיפוח אי,IL,פינוק שמפו ומרכך,מיליליטרים,700.00,"100 מ""ל",false,1,14.90,2.13,true,1,
7290112492753,false,אל סבון פינוק ילדים 700מ,יוניליוור ישראל טיפוח אי,IL,אל סבון לילדים,מיליליטרים,700.00,"100 מ""ל",false,1,14.90,2.13,true,1,
7290112494221,false,קליק ביסקוויט 65 גרם,יוניליוור ישראל מזון בע\,IL,קליק ביסקוויט,גרמים,65.00,100 גרם,false,1,7.90,12.15,true,1,
7290112494238,false,קליק כדורים 65 גרם,יוניליוור ישראל מזון בע\,IL,קליק כדורים,גרמים,65.00,100 גרם,false,1,7.90,12.15,true,1,
7290112494276,false,קליק כריות 65 גרם,יוניליוור ישראל מזון בע\,IL,קליק כריות,גרמים,65.00,100 גרם,false,1,7.90,12.15,true,1,
7290112494283,false,קליק חום לבן 65 גרם,יוניליוור ישראל מזון בע\,IL,קליק חום לבן,גרמים,65.00,100 גרם,false,1,7.90,12.15,true,1,
7290112494313,false,קליק קורנפלקס 65 גרם,יוניליוור ישראל מזון בע\,IL,קליק קורנפלקס,גרמים,65.00,100 גרם,false,1,7.90,12.15,true,1,
7290112494825,false,דאב תרחיץ פנים רגיש180מל,יוניליוור ישראל טיפוח אי,IL,דאב תרחיץ פנים,מיליליטרים,180.00,"100 מ""ל",false,1,13.90,7.72,true,1,
7290112494832,false,"דאב תרחיץ פנים 180מ""ל",יוניליוור ישראל טיפוח אי,IL,דאב תרחיץ פנים,מיליליטרים,180.00,"100 מ""ל",false,1,13.90,7.72,true,1,
7290112495105,false,נשנושים ט.שמנת+בצל260ג,בייגל את בייגל מזון 198),IL,נשנושים שמנת בצל,גרמים,260.00,100 גרם,false,1,13.90,5.35,true,1,
7290112495112,false,נשנושים זעתר 260 גרם,בייגל את בייגל מזון 198),IL,נשנושים זעתר,גרמים,260.00,100 גרם,false,1,13.90,5.35,true,1,
7290112495983,false,פריכיות שוקולד קרמל39גרם,"גוד פוד פרודקטס ,Sp.zo.o",PL,פריכיות שוקולד,גרמים,39.00,100 גרם,false,1,5.90,15.13,true,1,
7290112496201,false,"אקס בושם כיס שוקולד17מ""ל",יוניליוור,TR,אקס בושם כיס,מיליליטרים,17.00,"100 מ""ל",false,1,19.90,117.06,true,1,
7290112496287,false,פתית צ'יפס עם בטטה21גרם,JLM גלובל פודסn37\ דרך א,GB,פתית צ'יפס,גרמים,21.00,100 גרם,false,1,5.50,26.19,true,1,
7290112496430,false,נמס בכוס עגבנ.אקסטרה37גר,יוניליוור ישראל מזון בע\,IL,נמס בכוס אקסטרה,גרמים,37.00,100 גרם,false,1,4.90,13.24,true,1,
7290112497369,false,דאו רול און טלק 50 מל,"יוניליוור אנגליה, דרך קו",GB,דאו דאב רול און,מיליליטרים,50.00,"100 מ""ל",false,1,12.90,25.80,false,1,
7290112497505,false,קרם גוף וזלין אלוורה600מ,"יוניליוור, ג'פרסון סיטי,",US,קרם גוף ואזלין,מיליליטרים,600.00,"100 מ""ל",false,1,25.90,4.32,true,1,
7290112498267,false,אל סבון ידיים קלאסי 950,---,IL,אל סבון פינוק,מיליליטרים,950.00,"100 מ""ל",false,1,11.90,1.25,true,1,
7290112498281,false,אלסב.ידיים שמן קוקוס950מ,יוניליוור ישראל טיפוח אי,IL,אל סבון פינוק,מיליליטרים,950.00,"100 מ""ל",false,1,11.90,1.25,true,1,
7290112499448,false,פינוק מרכך + שמן מרוקאי,יוניליוור ישראל טיפוח אי,IL,מרכך שיער פינוק,מיליליטרים,700.00,"100 מ""ל",false,1,11.90,1.70,true,1,
7290112499455,false,תחליב רחצה בתוספת שמן700,יוניליוור ישראל טיפוח אי,IL,תחליב רחצה פינוק,מיליליטרים,700.00,"100 מ""ל",false,1,11.90,1.70,true,1,
7290112499462,false,פינוק רחצה+שמן קוקוס700מ,יוניליוור ישראל טיפוח אי,IL,תחליב רחצה פינוק,מיליליטרים,700.00,"100 מ""ל",false,1,11.90,1.70,true,1,
7290112961372,false,פיטנס פריכיות קינמון,"פרח תעשיות מזון בע""\מ",IL,פיטנס פריכיות,גרמים,60.00,100 גרם,false,1,10.90,18.17,true,1,
7290112963918,false,קרקר דק רוזמרין פיטנס140,אסם,IL,קרקר דק פיטנס,גרמים,140.00,100 גרם,false,1,14.90,10.64,true,1,
7290112965660,false,חטיף פיטנס מלח+פלפל25גר,"אסם השקעות בע""\מ",IL,חטיף פיטנס מלח,גרמים,25.00,100 גרם,false,1,5.50,22.00,true,1,
7290112965684,false,חטיף פיטנס עשבי תיבול25ג,"אסם השקעות בע""\מ",IL,חטיף פיטנס,גרמים,25.00,100 גרם,false,1,5.50,22.00,true,1,
7290112965707,false,חטיף פיטנס צ'ילי 25 גרם,"אסם השקעות בע""\מ",IL,חטיף פיטנס צ'ילי,גרמים,25.00,100 גרם,false,1,5.50,22.00,true,1,
7290112968821,false,קרקר דק פיטנס בטטה 140גר,אסם,IL,קרקר דק פיטנס,גרמים,140.00,100 גרם,false,1,14.90,10.64,true,1,
7290113317109,false,ביצת שוקולד כשלפ הלוקיטי,,IT,ביצת שוקולד,גרמים,60.00,100 גרם,false,1,14.90,24.83,true,1,
7290113560055,false,"פרודונטקס מי פה 500 מ""ל","מאסטרפוד אוסטריה בע""מ",GB,פרודונטקס מי פה,מיליליטרים,500.00,"100 מ""ל",false,1,31.90,6.38,true,1,
7290113560277,false,מברשות רפיד רליף 2 יח,---,GB,מברשות רפיד 2 יח,יחידה,1.00,יחידה,false,1,29.90,29.90,true,1,
7290114605342,false,רפידות הנקהM 50 יח,,CN,רפידות הנקה,יחידה,1.00,יחידה,false,1,26.90,26.90,true,1,
7290114607391,false,קולגייט מינייונים ברבי75,---,MX,קולגייט מינייוני,מיליליטרים,75.00,"100 מ""ל",false,1,16.90,22.53,true,1,
7290114720724,false,ראשי מברשת לאורל בי זוג,פוג'יקום,CN,ראשי מברשת לאורל,יחידה,1.00,יחידה,false,1,24.90,24.90,true,1,
7290114721301,false,ראש למברשת חשמלית סנסטיב,פוג'יקום,CN,ראש למברשת חשמלי,יחידה,1.00,יחידה,false,1,24.90,24.90,true,1,
7290114721400,false,ראש פחם למברשת חשמלית 2*,פוג'יקום,CN,ראש למברשת חשמלי,יחידה,1.00,יחידה,false,1,24.90,24.90,true,1,
7290114721561,false,ערכת צחצוח לילדים דינוזא,פוג'יקום,CN,ערכת צחצוח לילדי,יחידה,1.00,יחידה,false,1,59.90,59.90,true,1,
7290114721578,false,ערכת צחצוח לילדים חד קרן,פוג'יקום,CN,ערכת צחצוח לילדי,יחידה,1.00,יחידה,false,1,59.90,59.90,true,1,
7290115072150,false,לבבות שוק.אריזת ספר32גרם,---,CN,לבבות שוקולד,גרמים,32.00,100 גרם,false,1,9.90,30.94,true,1,
7290115075878,false,גביעי וופל ממולא שוקו25ג,---,CN,גביעי וופל ממולא,גרמים,25.00,100 גרם,false,1,5.90,23.60,true,1,
7290115205176,false,קרקר דק כפרי פיטנס 140גר,אסם יקנעם,IL,קרקר דק פיטנס,גרמים,140.00,100 גרם,false,1,14.90,10.64,true,1,
7290115209198,false,במבה אוורירית 80 גרם,אסם השקעות בעמ,IL,במבה אוורירית,גרמים,80.00,100 גרם,false,1,5.90,7.38,true,1,
7290115671223,false,מסטיק פאן אבטיח מנגו58ג,אסקום קונפקשיין,DE,מסטיק מאסט,גרמים,58.00,100 גרם,false,1,9.90,17.07,true,1,
7290115671308,false,מסטיק פאן תות דובדבן58ג,אסקום קונפשטיין,DE,מסטיק מאסט,גרמים,58.00,100 גרם,false,1,9.90,17.07,true,1,
7290116244075,false,אצבעות שוק.לב סמי הכבאי,סטילנד שוקולד,NL,אצבעות שוקולד,גרמים,84.00,100 גרם,false,1,10.90,12.98,true,1,
7290116530000,false,תרחיץ פנים מלפפון 180מ,"יוניליוור פולין, רחוב קר",IL,דאב תרחיץ פנים,מיליליטרים,180.00,"100 מ""ל",false,1,13.90,7.72,true,1,
7290116531489,false,מעמד לכלי איפור,---,CN,מעמד לכלי איפור,יחידה,1.00,יחידה,false,1,9.90,9.90,true,1,
7290116531649,false,"שמפו פינוק תפוח 700 מ""ל",יוניליוור ישראל טיפוח אי,IL,שמפו פינוק,מיליליטרים,700.00,"100 מ""ל",false,1,11.90,1.70,true,1,
7290116531656,false,"מרכך פינוק תפוח 700 מ""ל",יוניליוור ישראל טיפוח אי,IL,מרכך שיער פינוק,מיליליטרים,700.00,"100 מ""ל",false,1,11.90,1.70,true,1,
7290116531663,false,"ת.רחצה פינוק תפוח 700מ""ל",יוניליוור ישראל טיפוח אי,IL,תחליב רחצה פינוק,מיליליטרים,700.00,"100 מ""ל",false,1,11.90,1.70,true,1,
7290116531977,false,דאו .ספריי אקס סקייט150מ,"קוסטר אירוסול, גבזה 4140",TR,דאו .ספריי אקס,מיליליטרים,150.00,"100 מ""ל",false,1,11.90,7.93,true,1,
7290116532011,false,חטיף קליק נוגט 35 גרם,תות תעשיות מזון (2014) ב,IL,חטיף קליק נוגט,גרמים,35.00,100 גרם,false,1,5.90,16.86,true,1,
7290116532394,false,פינוק סבון יד.קקאו 950מ,יוניליוור ישראל טיפוח אי,IL,פינוק סבון ידיים,מיליליטרים,950.00,"100 מ""ל",false,1,11.90,1.25,true,1,
7290116532523,false,"דאו.רול און דאב 50*2 מ""ל",יוניליוור ישראלn\טיפוח א,IL,דאב רול און 2 יח,מיליליטרים,100.00,"100 מ""ל",false,1,24.90,24.90,true,1,
7290116533094,false,"שמפו פינוק ורדים 700מ""ל",יוניליוור ישראל טיפוח אי,IL,שמפו פינוק ורדים,מיליליטרים,700.00,"100 מ""ל",false,1,11.90,1.70,true,1,
7290117825785,false,מסכה KN95 לבן 5 יחידות,,CN,מסכה לפנים KN95,יחידה,1.00,יחידה,false,1,10.00,10.00,true,1,
7290117860045,false,שמפו מטפח לשיער רגיל700מ,טרופיקל דגיל,IL,שמפו הוואי,מיליליטרים,700.00,"100 מ""ל",false,1,15.90,2.27,true,1,
7290117860090,false,מרכך מטפח לשיער רגיל700מ,טרופיקל דגיל,IL,מרכך מטפח לשיער,מיליליטרים,700.00,"100 מ""ל",false,1,15.90,2.27,true,1,
7290117860144,false,שמפו הוואי למניעת קשקשים,טרופיקל דגיל,IL,שמפו הוואי,מיליליטרים,700.00,"100 מ""ל",false,1,15.90,2.27,true,1,
7290117860182,false,תח.רחצה מגנוליה ושמן700מ,"טרופיקל דגיל בע""\מ",IL,תחליב רחצה הוואי,מיליליטרים,700.00,"100 מ""ל",false,1,15.90,2.27,true,1,
7290117860335,false,ג'ל רחצה700ג.ניחוח מעורר,"טרופיקל דגיל בע""\מ",IL,ג'ל רחצה לגבר,מיליליטרים,700.00,"100 מ""ל",false,1,15.90,2.27,true,1,
7296073078838,false,6 כריות יפניות שופרסל,פלסטו פוליש,IL,כריות יפניות,יחידה,1.00,יחידה,false,0,9.30,9.30,true,1,
7296073079040,false,פריכ.אורז מיני ט.זעתר50ג,"פרח תעשיות מזון בע""\מ",IL,פריכיות אורז,גרמים,50.00,100 גרם,false,0,7.90,15.80,true,1,
7296073095583,false,"אצטון שופרסל 100 מ""ל","ש. שוורץ )באר שבע( בע""\מ",IL,אצטון BE,מיליליטרים,100.00,"100 מ""ל",false,0,3.90,3.90,true,1,
7296073218807,false,בישקוטים,,IT,בישקוטים,גרמים,200.00,100 גרם,false,0,5.90,2.95,true,1,
7296073219958,false,חט.דגנים שוקו+מריר23*6ג,back and Snack,AT,חטיף דגנים,גרמים,138.00,100 גרם,false,0,9.90,7.17,true,1,
7296073230656,false,מגבות נייר 6 גלילים,"שניב תעשיות נייר בע""\מ",IL,מגבות נייר,מטרים,63.00,מטר,false,0,10.90,0.17,true,1,
7296073236597,false,דייסת קורנפלור וניל 200ג,אשבל בעמ,IL,דייסת קורנפלור,גרמים,200.00,100 גרם,false,1,9.90,4.95,true,1,
7296073241522,false,ממחטות אף 100*5 יח,שניב תעשיות נייר,IL,ממחטות אף 5 יח,יחידה,1.00,יחידה,false,1,11.90,11.90,true,1,
7296073254256,false,ערמונים אורגניים גרין100,CO FOODS LIYUAN HEBEI,CN,ערמונים אורגניים,גרמים,100.00,100 גרם,false,1,8.90,8.90,true,1,
7296073261384,false,"אל סבון  מעורב 500*3 מ""ל",טאהא קימיה,TR,אל סבון נוזלי3יח,ליטרים,1.50,ליטר,false,1,12.90,8.60,true,1,
7296073273448,false,"ג'ל אלוורה 100מ""ל",ש.שוורץ,IL,ג'ל אלוורה,מיליליטרים,100.00,"100 מ""ל",false,1,9.90,9.90,true,1,
7296073273455,false,"תרסיס ג'ל אלוורה 250 מ""ל",ש.שוורץ,IL,תרסיס ג'ל אלוורה,מיליליטרים,250.00,"100 מ""ל",false,1,19.90,7.96,true,1,
7296073277248,false,מגבונים ללא בישום 64*5יח,דינמיק,IL,מגבונים לחים 5יח,יחידה,1.00,יחידה,false,1,19.90,19.90,true,1,
7296073277255,false,מארז מגבונים לחים 6 יח,דינמיק,IL,מארז מגבוניםלחים,יחידה,1.00,יחידה,false,1,18.90,18.90,true,1,
7296073281696,false,מגבוני טואלט לילד 40*3יח,---,IL,"מגבוני נ""ט לילד",יחידה,1.00,יחידה,false,1,14.90,14.90,true,1,
7296073281702,false,מגבוני נייר טואלט לחים,דינמיק תעשיות מגבונים,IL,מגבוני נייר לחים,יחידה,1.00,יחידה,false,1,14.90,14.90,true,1,
7296073286011,false,אורז פרסי זיפר שופרסל1קג,ltd co produce Uthai,TH,אורז פרסי,קילוגרמים,1.00,"ק""ג",false,1,7.90,7.90,true,1,
7296073286066,false,אורז בסמטי זיפר שופרסל1ק,SETIA LAL CHAMAN,IN,אורז בסמטי,קילוגרמים,1.00,"ק""ג",false,1,16.50,16.50,true,1,
7296073286417,false,שק.אשפה חזקות גדולות60יח,אשפלסט,IL,שקיות אשפה 60 יח,יחידה,1.00,יחידה,false,1,19.90,19.90,true,1,
7296073289715,false,מגבוני אף עדינים תינוק30,שופרסל,IL,מגבוני אף לתינוק,יחידה,1.00,יחידה,false,1,9.90,9.90,true,1,
7296073291077,false,משטחי החתלה שופרסל 10יח,PAKTEN,TR,משטחי החתלה,יחידה,1.00,יחידה,false,1,12.90,12.90,true,1,
7296073322979,false,בוטנים מצופים קלויים50ג,ששון ושות'\ )ש.ת. תעשיות,IL,בוטנים אמריקאים,גרמים,50.00,100 גרם,false,1,2.50,5.00,true,1,
7296073330387,false,מברשת  סומק,BE NOW,CN,מברשת סומק,יחידה,1.00,יחידה,false,0,39.90,39.90,true,1,
7296073330394,false,מברשת סומק זוויתית,BE NOW,CN,מברשת סומק זווית,יחידה,1.00,יחידה,false,0,39.90,39.90,true,1,
7296073330592,false,מעגל ריסים אפור,BE NOW,CN,מעגל ריסים אפור,יחידה,1.00,יחידה,false,0,12.90,12.90,true,1,
7296073330660,false,ספוגית שחור\לבן לטקס,BE NOW,CN,ספוגית למייקאפ,יחידה,1.00,יחידה,false,0,12.90,12.90,true,1,
7296073330707,false,מארז 12 ספוגיות משולשות,BE NOW,CN,12 ספוגיות משולש,יחידה,1.00,יחידה,false,0,19.90,19.90,true,1,
7296073330738,false,ספוגיות מעויינות למייקאפ,BE NOW,CN,4 ספוגיות מעויין,יחידה,1.00,יחידה,false,0,11.90,11.90,true,1,
7296073330943,false,פינצטה אפורה קצה מכופף,BE NOW,CN,פינצטה מ. אפור,יחידה,1.00,יחידה,false,0,19.90,19.90,true,1,
7296073331063,false,קוצץ גדול,BE NOW,CN,קוצץ גדול,יחידה,1.00,יחידה,false,0,9.90,9.90,true,1,
7296073331223,false,מספריים אל חלד לגבות,BE NOW,CN,מספריים לגבות,יחידה,1.00,יחידה,false,0,39.90,39.90,true,1,
7296073331261,false,פצירת אקריל,BE NOW,CN,פצירת אקריל,יחידה,1.00,יחידה,false,0,8.90,8.90,true,1,
7296073331414,false,מגרדת סגולה לכף הרגל,BE NOW,CN,מגרדת סגולה כ.ר,יחידה,1.00,יחידה,false,0,24.90,24.90,true,1,
7296073331421,false,פומפיה לכף הרגל,BE NOW,CN,פומפיה לכף הרגל,יחידה,1.00,יחידה,false,0,14.90,14.90,true,1,
7296073331520,false,מברשת שיער שחור,BE NOW,CN,מברשת שיער שחור,יחידה,1.00,יחידה,false,0,19.90,19.90,true,1,
7296073331599,false,מברשת שיער מאורכת ורוד L,BE NOW,CN,מברשת מ. Lורוד,יחידה,1.00,יחידה,false,0,24.90,24.90,true,1,
7296073331612,false,מברשת שיער מטקה שחורה,BE NOW,CN,מברשת מטקה שחורה,יחידה,1.00,יחידה,false,0,29.90,29.90,true,1,
7296073331629,false,מברשת שיער אובלית שחורה,BE NOW,CN,מברשת אובל שחורה,יחידה,1.00,יחידה,false,0,28.90,28.90,true,1,
7296073331650,false,מברשת שיער לפן שחורה,BE NOW,CN,מברשת לפן שחורה,יחידה,1.00,יחידה,false,0,29.90,29.90,true,1,
7296073331667,false,מברשת שיער לילדות,BE NOW,CN,מברשת שיער ילדות,יחידה,1.00,יחידה,false,0,24.90,24.90,true,1,
7296073331742,false,מברשת אובלית שיער רטוב,BE NOW,CN,מברשת אובל רטוב,יחידה,1.00,יחידה,false,0,39.90,39.90,true,1,
7296073331766,false,מברשת ש.התרת קשרים ורודה,BE NOW,CN,מברשת קשרים,יחידה,1.00,יחידה,false,0,34.90,34.90,true,1,
7296073331810,false,מברשת שיער ספרים מקצועית,BE NOW,CN,מברשת שיער ספרים,יחידה,1.00,יחידה,false,0,29.90,29.90,true,1,
7296073331902,false,2 מברשות למריחת צבע שיער,BE NOW,CN,זוג מברשות לצבע,יחידה,1.00,יחידה,false,0,12.90,12.90,true,1,
7296073331940,false,גומיות שחורות 12 יח,BE NOW,CN,12 גומיות שחורות,יחידה,1.00,יחידה,false,0,9.90,9.90,true,1,
7296073332077,false,גומיות פפיון ופנינה,BE NOW,CN,גומיות פפיון,יחידה,1.00,יחידה,false,0,16.90,16.90,true,1,
7296073332114,false,גומיות מגבת שחורות 8 יח,BE NOW,CN,8ג.מגבת שחור,יחידה,1.00,יחידה,false,0,9.90,9.90,true,1,
7296073332169,false,16גומיות מגבת קטן צבעוני,BE NOW,CN,16ג.מגבת S צבע,יחידה,1.00,יחידה,false,0,9.90,9.90,true,1,
7296073332176,false,6 גומיות שחור פתוחות,BE NOW,CN,6גומיות ש. פתוח,יחידה,1.00,יחידה,false,0,9.90,9.90,true,1,
7296073332183,false,6 גומיות צבעוני פתוחות,BE NOW,CN,6גומיות צבע פתוח,יחידה,1.00,יחידה,false,0,9.90,9.90,true,1,
7296073332251,false,3 גומיות מסולסלות שחורות,BE NOW,CN,3גומיות מסולסלות,יחידה,1.00,יחידה,false,0,9.90,9.90,true,1,
7296073332312,false,סרט סטנדרטי שחור,BE NOW,CN,סרט סטנדרטי שחור,יחידה,1.00,יחידה,false,0,14.90,14.90,true,1,
7296073332428,false,6 תיקתק לבבות ופינגווין,BE NOW,CN,6תיקתק פינגווין,יחידה,1.00,יחידה,false,0,19.90,19.90,true,1,
7296073332510,false,16 קליפסים קטנטנים שחור,BE NOW,CN,16קליפסים S שחור,יחידה,1.00,יחידה,false,0,14.90,14.90,true,1,
7296073332596,false,קליפס בננה,BE NOW,CN,קליפס בננה,יחידה,1.00,יחידה,false,0,14.90,14.90,true,1,
7296073332671,false,זוג קליפסים שחור,BE NOW,CN,זוג קליפסים שחור,יחידה,1.00,יחידה,false,0,9.90,9.90,true,1,
7296073332763,false,קשת עם שיניים גדולות,BE NOW,CN,קשת שיניים גדול,יחידה,1.00,יחידה,false,0,9.90,9.90,true,1,
7296073332824,false,כפפת רחצה עם אצבע,BE NOW,CN,כפפת רחצה אצבע,יחידה,1.00,יחידה,false,0,14.90,14.90,true,1,
7296073332862,false,ספוג רשת חיות,BE NOW,CN,ספוג רשת חיות,יחידה,1.00,יחידה,false,0,11.90,11.90,true,1,
7296073332916,false,מברשת גב עץ,BE NOW,CN,מברשת גב  עץ,יחידה,1.00,יחידה,false,0,21.90,21.90,true,1,
7296073332954,false,כפפת רחצה מסיבי טופו,BE NOW,CN,כפפת רחצה טופו,יחידה,1.00,יחידה,false,0,29.90,29.90,true,1,
7296073332961,false,ספוג רחצה טבעי תה ירוק,BE NOW,CN,ספוג רחצה תה,יחידה,1.00,יחידה,false,0,29.90,29.90,true,1,
7296073332992,false,כובע אמבט ניילון,BE NOW,CN,כובע אמבט ניילון,יחידה,1.00,יחידה,false,0,9.90,9.90,true,1,
7296073333593,false,תיק איפור קטן,BE NOW,CN,תיק איפור קטן,יחידה,1.00,יחידה,false,0,29.90,29.90,true,1,
7296073333623,false,זוג קשתות לשיער,BE NOW,CN,זוג קשתות לשיער,יחידה,1.00,יחידה,false,0,13.50,13.50,true,1,
7296073333678,false,מברשת שיער מאורכת סגול L,BE NOW,CN,מברשת מ. Lסגול,יחידה,1.00,יחידה,false,0,24.90,24.90,true,1,
7296073333739,false,ספוג מקצועי לניקוי פנים,BE NOW,CN,ספוג לניקוי פנים,יחידה,1.00,יחידה,false,0,24.90,24.90,true,1,
7296073333753,false,מראה מתקפלת צבעונית לתיק,BE NOW,CN,מראה מתקפלת צבעו,יחידה,1.00,יחידה,false,1,19.90,19.90,true,1,
7296073334347,false,"Be אציטון   115 מ""ל",---,TR,אציטון  BE,מיליליטרים,115.00,"100 מ""ל",false,1,3.90,3.39,true,1,
7296073340096,false,שמפו מפרץ הרפתקאות 1ליטר,---,TR,שמפו לילדים,ליטרים,1.00,ליטר,false,1,16.90,16.90,true,1,
7296073343264,false,פדים להסרת איפור-שלישיה,BE NOW,IL,פדים להסרת איפור,יחידה,1.00,יחידה,false,1,19.90,19.90,true,1,
7296073343288,false,צמר גפן 100 גר' יחידה,BE NOW,IL,צמר גפן 100 גר',גרמים,100.00,100 גרם,false,1,9.90,9.90,true,1,
7296073343295,false,קסמי אזניים פלסטיק 300 י,BE NOW,IL,קסמי אזניים פלסט,יחידה,1.00,יחידה,false,1,10.90,10.90,true,1,
7296073343301,false,קסמי אזניים פלסטיק 200 י,BE NOW,IL,קסמי אזניים פלסט,יחידה,1.00,יחידה,false,1,6.90,6.90,true,1,
7296073343318,false,קסמי אזניים פלסטיק 100י,BE NOW,IL,קסמי אזניים פלסט,יחידה,1.00,יחידה,false,1,2.90,2.90,true,1,
7296073343325,false,קסמי אזניים מעץ 100 יחיד,BE NOW,CN,קסמי אזניים מעץ,יחידה,1.00,יחידה,false,1,2.90,2.90,true,1,
7296073343462,false,"קרם חמצן 6% 60 מ""ל",,IL,קרם חמצן 6%,מיליליטרים,60.00,"100 מ""ל",false,1,4.90,8.17,true,1,
7296073343479,false,"קרם חמצן 9% 60 מ""ל",,IL,קרם חמצן 9%,מיליליטרים,60.00,"100 מ""ל",false,1,4.90,8.17,true,1,
7296073343493,false,כדורי צמר גפן 100 יח',BE NOW,IL,כדורי צמר גפן,יחידה,1.00,יחידה,false,1,9.90,9.90,true,1,
7296073343592,false,Be אל סבון לידיים מארז,BE NOW,IL,אל סבון לידיים פ,מיליליטרים,1500.00,"100 מ""ל",false,1,12.90,0.86,true,1,
7296073343653,false,"מסיר לק קלאסי 175 מ""ל BE",,TR,מסיר לק קלאסי,מיליליטרים,175.00,"100 מ""ל",false,1,7.90,4.52,true,1,
7296073344018,false,מסיר צבע יחידה,BE NOW,IL,מסיר צבע,יחידה,1.00,יחידה,false,1,13.90,13.90,true,1,
7296073345473,false,חוט דנטלי שעווה 50 מטר,---,CN,חוט דנטלי שעווה,מטרים,50.00,מטר,false,1,10.90,0.22,true,1,
7296073352839,false,מפיות חד שכבתי 100 יחידו,,IL,מפיות חד שכבתי,יחידה,1.00,יחידה,false,1,6.90,6.90,true,1,
7296073362821,false,סב.ידיים בצבעי פסטל500*3,טאהא קימיה,TR,סבון ידיים 3 יח,ליטרים,1.50,ליטר,false,1,14.90,9.93,true,1,
7296073363194,false,Be מסכה לשיער יבש500מל,א.משי תעשיות,IL,מסכה לשיער יבשBE,מיליליטרים,500.00,"100 מ""ל",false,1,34.90,6.98,true,1,
7296073363217,false,Beשמפו לשיער מוחלק 500מל,---,IL,שמפו לשיער יבשBE,מיליליטרים,500.00,"100 מ""ל",false,1,23.90,4.78,true,1,
7296073363224,false,שמפו לשיער יבש BE 500,א.משי תעשיות,IL,שמפו לשיער יבשBE,מיליליטרים,500.00,"100 מ""ל",false,1,23.90,4.78,true,1,
7296073363255,false,מרכך לשיער יבש BE 500,א.משי תעשיות,IL,מרכך לשיער יבשBE,מיליליטרים,500.00,"100 מ""ל",false,1,23.90,4.78,true,1,
7296073363262,false,"מרכך לשיער מוחלק 500 מ""ל",א.משי תעשיות,IL,מרכך לשיער יבש,מיליליטרים,500.00,"100 מ""ל",false,1,23.90,4.78,true,1,
7296073363323,false,"פרל פרו' מסיכה250 מ""ל BE",א.משי תעשיות,IL,פרל פרו' מסיכה,מיליליטרים,250.00,"100 מ""ל",false,1,29.90,11.96,true,1,
7296073363330,false,שמפו לשיער בלונד/סילבר,---,IL,שמפו לשיער בלונד,מיליליטרים,250.00,"100 מ""ל",false,1,29.90,11.96,true,1,
7296073363859,false,מגבונים להסרת איפור 25יח,טרופיקל דגיל,IL,מגבונים להסרת אי,יחידה,1.00,יחידה,false,1,8.90,8.90,true,1,
7296073363880,false,מגבונים נשטפים באסלה ילד,טרופיקל דגיל,IL,מגבונים נשטפים ב,יחידה,1.00,יחידה,false,1,16.90,16.90,true,1,
7296073363903,false,מגב. נשטפים באסלה למבוגר,טרופיקל דגיל,IL,מגבונים נשטפים,יחידה,1.00,יחידה,false,1,16.90,16.90,true,1,
7296073363989,false,"BE סכינים חד""פ לאישה",---,US,"סכיני גילוח חד""פ",יחידה,1.00,יחידה,false,1,9.90,9.90,true,1,
7296073364719,false,משחת שיניים לילדים גיל 6,MENUFACLURER,BG,משחת שיניים לילד,מיליליטרים,50.00,"100 מ""ל",false,1,8.90,17.80,true,1,
7296073369592,false,תרסיס חיטוי וניקוי 750מל,---,IL,תרסיס חיטוי כללי,מיליליטרים,750.00,"100 מ""ל",false,1,13.90,1.85,true,1,
7296073374848,false,ג'ל רחצה מיסלרי כחול500מ,BE NOW,IL,ג'ל רחצה מיסל,מיליליטרים,500.00,"100 מ""ל",false,1,12.90,2.58,true,1,
7296073375104,false,ג'ל רחצה מיסלרי ורוד500מ,BE NOW,IL,ג'ל רחצה מיסל,מיליליטרים,500.00,"100 מ""ל",false,1,12.90,2.58,true,1,
7296073380443,false,"בקבוק האכלה שלב 3 360מ""ל",,CN,בקבוק האכלה שלב,יחידה,1.00,יחידה,false,1,32.90,32.90,true,1,
7296073380481,false,כוס הפלא עם ידיות טריטאן,,CN,כוס הפלא עם ידיו,יחידה,1.00,יחידה,false,1,41.90,41.90,true,1,
7296073380559,false,זוג כפיות רגישות לחום יח,,CN,זוג כפיות רגישות,יחידה,1.00,יחידה,false,1,14.90,14.90,true,1,
7296073380665,false,מברשת התרת קשרים שחורה,BE NOW,CN,מברשת התרת קשרים,יחידה,1.00,יחידה,false,1,34.90,34.90,true,1,
7296073380832,false,Be ג'ל רחצה אורכידאה 700,קוסמטיקס,TR,Be ג'ל רחצה,מיליליטרים,700.00,"100 מ""ל",false,1,13.90,1.99,true,1,
7296073380849,false,ג'ל גילוח לעור עדין200מל,,GB,ג'ל גילוח,מיליליטרים,200.00,"100 מ""ל",false,1,12.90,6.45,true,1,
7296073380894,false,דאו לגבר,,,דאו לגבר,יחידה,1.00,יחידה,false,0,9.90,9.90,true,1,
7296073380900,false,רצועות שעווה לע.עדין 16י,VIOCOX,ES,רצועות שעווה,יחידה,1.00,יחידה,false,1,17.90,17.90,true,1,
7296073380931,false,ג'ל אלכוהול 70%בניחוח ים,---,TR,ג'ל אלכוהול 70%ב,מיליליטרים,500.00,"100 מ""ל",false,1,19.90,3.98,true,1,
7296073381174,false,מברשת ספרים עם שיער .,BE NOW,CN,מברשת ספרים,יחידה,1.00,יחידה,false,1,34.90,34.90,true,1,
7296073381235,false,תחליב רחצה Vanilla  700מ,שופרסל,TR,תחליב רחצה,מיליליטרים,700.00,"100 מ""ל",false,1,12.90,1.84,true,1,
7296073381242,false,"תחליב רחצה Cotton700מ""",שופרסל,TR,תחליב רחצה,מיליליטרים,700.00,"100 מ""ל",false,1,12.90,1.84,true,1,
7296073381402,false,פצצה גדולה שני צבעים 280,,IL,פצצה גדולה שני צ,גרמים,280.00,100 גרם,false,1,19.90,7.11,true,1,
7296073381426,false,פצצה בינונית 160 גרם,,IL,פצצה בינונית,גרמים,160.00,100 גרם,false,1,16.90,10.56,true,1,
7296073381495,false,קליפסים גודל בינוני זוג,BE NOW,CN,זוג קליפסים,יחידה,1.00,יחידה,false,1,12.90,12.90,true,1,
7296073381518,false,שלישיית קליפסים ספרים,BE NOW,CN,שלישיית קליפסים,יחידה,1.00,יחידה,false,1,14.90,14.90,true,1,
7296073390008,false,פרכיות מצופות שוק.מריר60,NETHERLANDS SANORICE,NL,פריכיות מצופות,גרמים,60.00,100 גרם,false,1,8.90,14.83,true,1,
7296073392934,false,נייר טואלט גליל כפול24יח,---,IL,נייר טואלט 24 גל,מטרים,860.00,100 מטר,false,1,39.90,4.64,true,1,
7296073411246,false,מרכך מרוכז יסמין/לילך1ל,---,IL,מרכך כביסה מרוכז,ליטרים,1.00,ליטר,false,1,14.90,14.90,true,1,
7296073415114,false,מגני תחתון נורמל 60 יח,קוראטקס,DE,מגני תחתון B,יחידה,1.00,יחידה,false,1,10.90,10.90,true,1,
7296073415138,false,44 מגני תחתון לונג,קוראטקס,DE,מגני תחתון B,יחידה,1.00,יחידה,false,1,10.90,10.90,true,1,
7296073415152,false,60מגני תחתון לנערות פלקס,קוראטקס,DE,מגני תחתון B,יחידה,1.00,יחידה,false,1,10.90,10.90,true,1,
7296073423645,false,פתי בר שופרסל 300 גרם,BV BISCUIT PALLY,NL,פתי בר,גרמים,300.00,100 גרם,false,1,4.90,1.63,true,1,
7296073426875,false,נוזל רצפות ספא ורוד 2 לי,זוהר דליה,IL,נוזל ניקוי רצפות,ליטרים,2.00,ליטר,false,1,16.90,8.45,true,1,
7296073441335,false,פריכיות אורז מלא 110 גרם,"פרח תעשיות מזון בע""\מ",IL,פריכיות אורז מלא,גרמים,110.00,100 גרם,false,1,6.90,6.27,true,1,
7296073444213,false,52 חיתולים שלב 3 שופרסל,די.פי.אל תעשיות מוצרים ח,IL,חיתולים שופרסל,יחידה,1.00,יחידה,false,1,29.90,29.90,true,1,
7296073444220,false,42 חיתולים שלב 4 שופרסל,די.פי.אל תעשיות מוצרים ח,IL,חיתולים שופרסל,יחידה,1.00,יחידה,false,1,29.90,29.90,true,1,
7296073444237,false,40חיתולים שלב 4+ שופרסל,די.פי.אל תעשיות מוצרים ח,IL,חיתולים שופרסל,יחידה,1.00,יחידה,false,1,29.90,29.90,true,1,
7296073444244,false,34 חיתולים שלב 5 שופרסל,די.פי.אל תעשיות מוצרים ח,IL,חיתולים שופרסל,יחידה,1.00,יחידה,false,1,29.90,29.90,true,1,
7296073444251,false,30 חיתולים שלב 6 שופרסל,די.פי.אל תעשיות מוצרים ח,IL,חיתולים שופרסל,יחידה,1.00,יחידה,false,1,29.90,29.90,true,1,
7296073445395,false,תרחיץ פנים מיסלר,,,תרחיץ פנים מיסלר,יחידה,1.00,יחידה,false,0,11.90,11.90,true,1,
7296073445548,false,"מכשיר גילוח ר""פ לנשים2+",EDGEWELL,US,מ.גילוח לנשים,יחידה,1.00,יחידה,false,1,36.90,36.90,true,1,
7296073445555,false,סכיני גילוח רב''פ לנשים,EDGEWELL,US,סכיני גילוח נשים,יחידה,1.00,יחידה,false,1,34.90,34.90,true,1,
7296073445708,false,מחית תפוח אפרסק בננה 90ג,DELAFRUIT,ES,מחית מיקס פירות,גרמים,90.00,100 גרם,false,1,4.90,5.44,true,1,
7296073449515,false,מגבונים עם שמן שקדים64*4,דינמיק,IL,מגבוני בייבי,יחידה,1.00,יחידה,false,1,22.90,22.90,true,1,
7296073449522,false,"סבון קוביה ורוד 500 מ""ל",טאהא קימיה,TR,סבון קוביה ורוד,מיליליטרים,500.00,"100 מ""ל",false,1,9.90,1.98,true,1,
7296073449539,false,"סבון קוביה כחול 500 מ""ל",טאהא קימיה,TR,סבון קוביה כחול,מיליליטרים,500.00,"100 מ""ל",false,1,9.90,1.98,true,1,
7296073451051,false,חיתולי טטרא 4 יחידות,SUN,CN,4 חיתולי טטרא,יחידה,1.00,יחידה,false,1,44.90,44.90,true,1,
7296073451204,false,סדין למיטת תינוק מודפס,SUN,CN,סדין למיטת תינוק,יחידה,1.00,יחידה,false,1,29.90,29.90,true,1,
7296073451211,false,סדין חלק למיטת תינוק,SUN,CN,סדין תינוק,יחידה,1.00,יחידה,false,1,29.90,29.90,true,1,
7296073451259,false,שמיכת חורף 2 שכבות,SUN,CN,שמיכת חורף,יחידה,1.00,יחידה,false,1,49.90,49.90,true,1,
7296073451273,false,דאו.ספריי  פרש שאוור150מ,סאסא קוסמטיקס,IL,דאו.ספריי אישה,מיליליטרים,150.00,"100 מ""ל",false,1,11.90,7.93,true,1,
7296073451297,false,"powder freshדאו רול50מ""ל",סאסא קוסמטיקס,IL,דאו.רול און אישה,מיליליטרים,50.00,"100 מ""ל",false,1,11.90,23.80,true,1,
7296073451303,false,"fresh showerדאו.רול50מ""ל",סאסא קוסמטיקס,IL,דאו.רול און אישה,מיליליטרים,50.00,"100 מ""ל",false,1,11.90,23.80,true,1,
7296073460381,false,רולר דו צדדי מעסה לעור ה,,CN,רולר דו צדדי מעס,יחידה,1.00,יחידה,false,1,44.90,44.90,true,1,
7296073460398,false,סינר תספורת לקיצוץ זקן י,,CN,סינר תספורת לקיצ,יחידה,1.00,יחידה,false,1,17.90,17.90,true,1,
7296073460404,false,מראת חיילים  מלבנית יח',,CN,מראת חיילים  מלב,יחידה,1.00,יחידה,false,1,14.90,14.90,true,1,
7296073484240,false,שקיות אוכל 150*2 יחידות,אשפלסט,IL,שקיות אוכל זוג,יחידה,1.00,יחידה,false,1,10.90,10.90,true,1,
7296073495970,false,מארז זוגי passion Real י,א.משי תעשיות,IL,מארז זוגי p Real,יחידה,1.00,יחידה,false,1,79.90,79.90,true,1,
7296073496472,false,מגבוני נייר טואלט 56 יחי,דינמיק תעשיות מגבונים,IL,מגבוני נ.טואלט,יחידה,1.00,יחידה,false,1,7.90,7.90,true,1,
7296073516286,false,מגבונים לחים לילדים 72*4,"DPL בע""מ",IL,מגבונים לחים,יחידה,1.00,יחידה,false,1,14.90,14.90,true,1,
7296073526919,false,פרל שמפו לשיער מוחלק500מ,א.משי תעשיות,IL,שמפו פרל לשיער,מיליליטרים,500.00,"100 מ""ל",false,1,23.90,4.78,true,1,
7296073526926,false,פרל שמפו לשיער צבוע500מל,א.משי תעשיות,IL,שמפו פרל לשיער,מיליליטרים,500.00,"100 מ""ל",false,1,23.90,4.78,true,1,
7296073526957,false,פרל מסכה לשיער מוחלק500מ,א.משי תעשיות,IL,פרל מסכה לשיער,מיליליטרים,500.00,"100 מ""ל",false,1,34.90,6.98,true,1,
7296073527077,false,גומיות חומות לשיער .,BE NOW,CN,גומיות חומות לשי,יחידה,1.00,יחידה,false,1,7.90,7.90,true,1,
7296073528531,false,פרל מסכות לשיער צבוע 500,א.משי תעשיות,IL,פרל מסכות לשיער,מיליליטרים,500.00,"100 מ""ל",false,1,34.90,6.98,true,1,
7296073528777,false,קיסמי אוזניים עץ שק300יח,אל ואי טי,CN,קיסמי אוזניים,יחידה,1.00,יחידה,false,1,6.90,6.90,true,1,
7296073530145,false,ערכת לידה,,IL,ערכת לידה,יחידה,1.00,יחידה,false,1,100.00,100.00,true,1,
7296073531012,false,סרום שמנים 30 אפקט הגלאם,,IL,סרום שמנים 30 אפ,מיליליטרים,30.00,"100 מ""ל",false,1,69.90,233.00,true,1,
7296073531050,false,ספוג הפלא+שכבה ירוקה 6יח,"סדובסקי בע""\מ",IL,ספוג הפלא 6 יח,יחידה,1.00,יחידה,false,1,8.90,8.90,true,1,
7296073531289,false,פדים להסרת איפור אובלי40,LTD CO S.T.O,TR,פדים להסרת איפור,יחידה,1.00,יחידה,false,1,7.90,7.90,true,1,
7296073552758,false,סבון נוזלי מעוצב שחור500,טאהא קימיה,TR,סבון נוזלי,מיליליטרים,500.00,"100 מ""ל",false,1,7.90,1.58,true,1,
7296073552833,false,"סבון נוזלי לבן 500 מ""ל",טאהא קימיה,TR,סבון נוזלי,מיליליטרים,500.00,"100 מ""ל",false,1,7.90,1.58,true,1,
7296073564683,false,BE אל סבון מאסק 1ליטר,טאהא קימיה,TR,BE אל סבון,ליטרים,1.00,ליטר,false,1,9.90,9.90,true,1,
7296073564690,false,BE אל סבון לבנדר 1 ליטר,טאהא קימיה,TR,BE אל סבון,ליטרים,1.00,ליטר,false,1,9.90,9.90,true,1,
7296073564706,false,BE אל סבון ורדים 1 ליטר,טאהא קימיה,TR,BE אל סבון,ליטרים,1.00,ליטר,false,1,9.90,9.90,true,1,
7296073564874,false,סבון מוצק בצורת צדף40גרם,"מיידלע סבונים בע""מ",IL,סבון מוצק בצורת,גרמים,40.00,100 גרם,false,1,14.90,37.25,true,1,
7296089001684,false,בדיקה קורונה מהירה20יח,פארמה דיל,CN,בדיקה קורונה,יחידה,1.00,יחידה,false,1,159.90,159.90,true,1,
7296168705113,false,קיסמי שיניים דנטליים,איתן ספקים       E,CN,קיסמי שיניים,יחידה,1.00,יחידה,false,0,24.90,24.90,true,1,
7296179007398,false,שיק.מסיר לק אלוורה250 מל,שיק לקים,IL,שיק.מסיר לק אלוו,מיליליטרים,250.00,"100 מ""ל",false,0,16.90,6.76,true,1,
7296179008241,false,לכה טופ למראה ג'ל,שיק לקים,IL,לכה טופ למראה גל,יחידה,1.00,יחידה,false,0,32.90,32.90,true,1,
7296179010312,false,שיק לק עמיד 032,שיק לקים,IL,שיק לק עמיד,יחידה,1.00,יחידה,false,0,13.90,13.90,true,1,
7296179010398,false,שיק לק עמיד 040,שיק לקים,IL,שיק לק עמיד,יחידה,1.00,יחידה,false,0,13.90,13.90,true,1,
7296179010701,false,שיק לק עמיד 071,שיק לקים,IL,שיק לק עמיד,יחידה,1.00,יחידה,false,0,13.90,13.90,true,1,
7296179011203,false,שיק לק עמיד 265,שיק לקים,IL,שיק לק עמיד,יחידה,1.00,יחידה,false,0,13.90,13.90,true,1,
7296179011470,false,שיק לק עמיד 116,שיק לקים,IL,שיק לק עמיד,יחידה,1.00,יחידה,false,0,13.90,13.90,true,1,
7296179028614,false,סבון נשית חמוציות 250מל,חלאבין,IL,סבון נשית חמוציו,מיליליטרים,250.00,"100 מ""ל",false,1,17.90,7.16,true,1,
7296179029666,false,קרם ידיים M.N.WILD,חלאבין,,קרם ידיים M.N.WI,מיליליטרים,100.00,"100 מ""ל",false,0,13.90,13.90,true,1,
7298074501995,false,בליסטקס אולטרא SPF50 4.2,בליסטקס פריגו,IL,בליסטקס אולטרא S,יחידה,1.00,יחידה,false,1,14.90,14.90,true,1,
7509546678702,false,מש.קולגייט טוטל טרטר100מ,---,PL,משחת קולגייט,מיליליטרים,100.00,"100 מ""ל",false,1,15.90,15.90,true,1,
7610400068505,false,בונבונ.לינדור מילק 200גר,לינדט ושפרונגלי,CH,בונבונירה לינדור,גרמים,200.00,100 גרם,false,0,27.90,13.95,true,1,
7613039879382,false,גרבר תפוח עץ 190 גרם,נסטלה פולסקה אס.איי,PL,גרבר מחי תפוח עץ,גרמים,190.00,100 גרם,false,1,6.90,3.63,false,1,
7613287155863,false,גרבר מחית אגס פאוץ 90 גר,נסטלה פולסקה אס.איי,PL,גרבר אגס פאוץ,גרמים,90.00,100 גרם,false,1,5.90,6.56,true,1,
7622201401900,false,עוג.מילקה סנס.אוראו 156ג,---,PL,עוגיות מילקה,גרמים,156.00,100 גרם,false,1,13.90,8.91,true,1,
7622201802394,false,שוקולד חלב מילקה 100 גרם,מנדלז דויצ'\לנד סנקס פרו,DE,שוקולד חלב מילקה,גרמים,100.00,100 גרם,false,1,8.90,8.90,true,1,
7622201808631,false,עוגיות מיני אוראו וניל67,מונדלייז,ID,עוגיות אוראו מינ,גרמים,67.00,100 גרם,false,1,8.90,13.28,true,1,
7622201809188,false,ביסקוויט מילקה 150 גרם,מונדלז פרנס ביסקוויט פרו,FR,ביסקוויט מילקה,גרמים,150.00,100 גרם,false,1,13.90,9.27,true,1,
7622201813390,false,וופל ממולא מילקה 150 גרם,מונדליז סי.אר. ביסקוויט,CZ,וופל ממולא מילקה,גרמים,150.00,100 גרם,false,1,13.90,9.27,true,1,
7622300200237,false,שוקולד חלב מילקה,,AT,שוקולד חלב מילקה,גרמים,250.00,100 גרם,false,0,16.90,6.76,true,1,
7622300270506,false,עוגיות ש.שועל שוקולד168ג,מונדלייז,PL,עוגיות מילקה,גרמים,168.00,100 גרם,false,0,13.90,8.27,true,1,
7622300356767,false,עוג.שוקולד צ'יפס מילק168,מונדלייז,PL,עוגיות שוקוצ'יפס,גרמים,168.00,100 גרם,false,0,13.90,8.27,true,1,
7630477891615,false,קפסולות Starbucks סומטרה,נסטלה נספרסו,CH,קפסולות Starbuck,גרמים,55.00,100 גרם,false,1,22.90,41.64,true,1,
7640171192178,false,"יגואר סטנס אדט100 מ""ל",,IL,יגואר סטנס,מיליליטרים,100.00,"100 מ""ל",false,1,99.00,99.00,true,1,
7702018069347,false,סכינ.גילוח בלו2 נשים10+5,פרוקטר אנד גמבל,PL,סכיני גילח לנשים,יחידה,1.00,יחידה,false,0,32.90,32.90,true,1,
7702018271788,false,דאו.קליר ג'ל ספורט 70מל,פרוקטר אנד גמבל,PL,דאודורנט קליר,מיליליטרים,70.00,"100 מ""ל",false,0,16.90,24.14,true,1,
7702018347629,false,גילט רביעית  ונוס אמבריי,פרוקטר אנד גמבל,DE,גילט רביעית,יחידה,1.00,יחידה,false,1,62.90,62.90,true,1,
7702018470884,false,16 סכיני גילוח פיוז'ן,"פרוקטר אנד גמבל, גרמניה",DE,סכיני גילוח,יחידה,1.00,יחידה,false,1,179.00,179.00,true,1,
7702018471096,false,ונוס סימפלי 4 סכינים מאר,פרוקטר & גמבל,US,ונוס סימפלי 4 סכ,יחידה,1.00,יחידה,false,1,19.90,19.90,true,1,
7702018482740,false,ג'ילט ונוס סימפלי 5 יחיד,ג'\ילט,US,ג'ילט ונוס סימפל,יחידה,1.00,יחידה,false,1,11.90,11.90,true,1,
7702018489756,false,סכיני גילוח ג'ילט בלו 3,---,DE,סכיני גילוח גילט,יחידה,1.00,יחידה,false,1,19.90,19.90,true,1,
7702018493647,false,"ג'ל גילוח סקינגארד200מ""ל",פרוקטר & גמבל,GB,ג'ל גילוח ג'ילט,מיליליטרים,200.00,"100 מ""ל",false,1,20.90,10.45,true,1,
7702018498567,false,מארז ידית5+סכיני סקינגאר,פרוקטר & גמבל,US,מארז ידית5+סכינ,יחידה,1.00,יחידה,false,1,129.90,129.90,true,1,
7702018581467,false,ונוס סווירל ידית8+סכינים,---,GB,סווירל מארז,יחידה,1.00,יחידה,false,1,129.00,129.00,true,1,
7702018607532,false,סכיני גילוח פרוגלייד14יח,"פרוקטר אנד גמבל, גרמניה",DE,סכיני גילוח 14יח,יחידה,1.00,יחידה,false,1,179.00,179.00,true,1,
7702018609130,false,10סכיני סקינגארד אלוורה,"פרוקטר אנד גמבל, גרמניה",DE,סכיני גילוח,יחידה,1.00,יחידה,false,1,159.90,159.90,true,1,
7702018886364,false,ונוס קומפורטגליד בריז,פרוקטר & גמבל,IL,ונוס קומפורטגליד,יחידה,1.00,יחידה,false,1,59.90,59.90,true,1,
7702018911981,false,דאו.ג'ל 75BEADS PR POWER,ג'\ילט פרוקטר אנד גמבל,DE,דאו.קליר ג'ל,מיליליטרים,75.00,"100 מ""ל",false,0,21.90,29.20,true,1,
7702018978106,false,"דאו.קליר ג'ל A.L 70 מ""ל",פרוקטר אנד גמבל,PL,דאו.קליר ג'ל,מיליליטרים,70.00,"100 מ""ל",false,0,16.90,24.14,true,1,
7702018980833,false,ג'ל גילוח סירייס לחות200,---,GB,ג'ל גילוח סירייס,מיליליטרים,200.00,"100 מ""ל",false,1,16.90,8.45,true,1,
7702024074625,false,חטיפי קרקר חיטה מלאה234ג,קומסטיבלס לה רוזה אס.איי,CO,חטיפי קרקר פיטנס,גרמים,234.00,100 גרם,false,1,14.90,6.37,true,1,
7891024027998,false,מי פה קולגייט טוטל 500מ,קולגייט- פלמוליב,PL,מי פה קולגייט,מיליליטרים,500.00,"100 מ""ל",false,1,24.90,4.98,true,1,
8000380004676,false,ופלים לואקר וניל 200 גרם,לואקר,AT,ופלים לואקר,גרמים,200.00,100 גרם,false,0,13.60,6.80,true,1,
8000380004911,false,ופלים קואדרטיני אגוז250ג,א. לואקר,AT,ופל קואדרטיני,גרמים,250.00,100 גרם,false,0,15.30,6.12,true,1,
8000380004966,false,ופלים קואדרטיני קקאו250ג,א. לואקר,AT,ופל קואדרטיני,גרמים,250.00,100 גרם,false,0,15.30,6.12,true,1,
8000380007219,false,ופלים לואקר ט.אגוזים175ג,א. לואקר,AT,ופלים לואקר,גרמים,175.00,100 גרם,false,0,12.00,6.86,true,1,
8000380153442,false,לואקר קלאסי אגוז 90 גרם,---,IT,לואקר קלאסי,גרמים,90.00,100 גרם,false,0,8.90,9.89,true,1,
8000500023976,false,בונ.רפאלו 150 גרם,פררו - אלבה,PL,בונבונ.רפאלו,גרמים,150.00,100 גרם,false,0,18.90,12.60,true,1,
8000500026731,false,ביצי הפתעה קינדר 20*3 גר,פררו,IT,ביצי הפתעה קינדר,גרמים,60.00,100 גרם,false,1,13.90,23.17,true,1,
8000500029350,false,קינדר בואנו 43*3 גרם,פררו,PL,קינדר בואנו,גרמים,129.00,100 גרם,false,0,11.90,9.22,true,1,
8000500037874,false,בונ.פררו רושה 200 גרם,פררו,IT,בונבוניירה רושה,גרמים,200.00,100 גרם,false,0,27.90,13.95,true,1,
8000500071083,false,שוקולד קינדר 200 גרם,פררו,IT,שוקולד חלב קינדר,גרמים,200.00,100 גרם,false,0,14.50,7.25,true,1,
8000500121436,false,קינדר בואנו לבן 39*3 גרם,פררו,PL,קינדר בואנו לבן,גרמים,117.00,100 גרם,false,0,11.90,10.17,true,1,
8000500167656,false,קינדר שוקולד עם דגנים94ג,פררו,IT,קינדר שוקולד,גרמים,94.00,100 גרם,false,1,7.90,8.41,true,1,
8000500249352,false,קינדר בואנו מיני מיקס205,פררו,PL,קינדר בואנו מיני,גרמים,205.00,100 גרם,false,1,19.90,9.71,true,1,
8000500269169,false,קינדר קארדס 128 גרם,---,IT,קינדר קארדס,גרמים,128.00,100 גרם,false,1,13.90,10.86,true,1,
8001090065988,false,דיסקריט 10 תחבושות לונג,פרוקטר אנד גמבל,DE,דיסקריט תחבושות,יחידה,1.00,יחידה,false,1,21.90,21.90,true,1,
8001090111715,false,אולוויז דיסקריט מדיום 9,פרוקטר אנד גמבל,DE,אולוויז דיסקריט,יחידה,1.00,יחידה,false,1,38.90,38.90,true,1,
8001090184412,false,פיירי לכלים לימון 900 מל,פרוקטר אנד גמבל,GB,פיירי לכלים,מיליליטרים,900.00,"100 מ""ל",false,1,12.90,1.43,true,1,
8001090222725,false,שמפו הרבל שמן מורינגה400,פרוקטר אנד גמבל,FR,שמפו הרבל אסנס,מיליליטרים,400.00,"100 מ""ל",false,1,25.90,6.48,true,1,
8001090222756,false,מרכך הרבל שמן מורינגה400,פרוקטר אנד גמבל,FR,מרכך הרבל אסנסס,מיליליטרים,400.00,"100 מ""ל",false,1,25.90,6.48,true,1,
8001090290830,false,אורל בי White 3dמשחה75מל,פרוקטר אנד גמבל,DE,משחת אורל בי,מיליליטרים,75.00,"100 מ""ל",false,1,20.90,27.87,true,1,
8001090290939,false,אורל בי White 3D לבן 75,פרוקטר אנד גמבל,DE,משחת אורל בי,מיליליטרים,75.00,"100 מ""ל",false,1,20.90,27.87,true,1,
8001090336521,false,30פמפרס בייבי דריי שלב5,פרוקטר אנד גמבל,DE,פמפרס בייבי,יחידה,1.00,יחידה,false,1,36.90,36.90,true,1,
8001090336606,false,26פמפרס בייבי דריי שלב6,פרוקטר אנד גמבל,DE,פמפרס בייבי,יחידה,1.00,יחידה,false,1,36.90,36.90,true,1,
8001090364104,false,אורל ביG&E -אורגינל75מ,פרוקטר אנד גמבל,DE,משחת אורל בי,מיליליטרים,75.00,"100 מ""ל",false,1,19.90,26.53,true,1,
8001090379337,false,40פמפרס פרימיוםVP מידה3,P&G,PL,פמפרס פרימיום,יחידה,1.00,יחידה,false,1,39.90,39.90,true,1,
8001090379368,false,34פמפרס פרימיוםVP מידה4,P&G,PL,פמפרס פרימיום,יחידה,1.00,יחידה,false,1,39.90,39.90,true,1,
8001090379399,false,30פמפרס פרימיוםVP מידה5,P&G,PL,פמפרס פרימיום,יחידה,1.00,יחידה,false,1,39.90,39.90,true,1,
8001090632715,false,מש.אורל בי לילד פרוזן75מ,פרוקטר אנד גמבל,DE,משחת שיניים לילד,מיליליטרים,75.00,"100 מ""ל",false,1,19.90,26.53,true,1,
8001090832535,false,"פנטן שמפו משקם 660 מ""ל",פרוקטר אנד גמבל,RO,שמפו פנטן,מיליליטרים,660.00,"100 מ""ל",false,1,23.90,3.62,true,1,
8001090832573,false,שמפו פנטן לחות מוגברת660,פרוקטר אנד גמבל,RO,שמפו פנטן,מיליליטרים,660.00,"100 מ""ל",false,1,23.90,3.62,true,1,
8001090832610,false,"שמפו פנטן מגע משי 660מ""ל",פרוקטר אנד גמבל,RO,שמפו פנטן,מיליליטרים,660.00,"100 מ""ל",false,1,23.90,3.62,true,1,
8001090832818,false,"מרכך פנטן קלאסי 660 מ""ל",פרוקטר אנד גמבל,RO,מרכך פנטן,מיליליטרים,660.00,"100 מ""ל",false,1,23.90,3.62,true,1,
8001090832894,false,מרכך פנטן לחות מוגברת660,פרוקטר אנד גמבל,RO,מרכך פנטן,מיליליטרים,660.00,"100 מ""ל",false,1,23.90,3.62,true,1,
8001090883612,false,הד&שולד.סופרים קולור275מ,פרוקטר אנד גמבל,RO,הד&שולדרס קולור,מיליליטרים,275.00,"100 מ""ל",false,1,16.90,6.14,true,1,
8001090886385,false,לנור מבשם ניחוח רענן140,פרוקטור אנד גמבל,GB,לנור מבשם כביסה,גרמים,140.00,100 גרם,false,1,23.90,17.07,true,1,
8001090899194,false,24אולוויז פלטינום נורמל,פרוקטר אנד גמבל,DE,תחבושות אולוויז,יחידה,1.00,יחידה,false,1,25.90,25.90,true,1,
8001090899224,false,20 אולוויז פלטינום לונג,פרוקטר אנד גמבל,DE,תחבושות אולוייז,יחידה,1.00,יחידה,false,1,25.90,25.90,true,1,
8001090899255,false,16 אולוויז פלטינום לילה,פרוקטר אנד גמבל,DE,תחבשות אולוויז,יחידה,1.00,יחידה,false,1,25.90,25.90,true,1,
8001090899286,false,14אולוויז פלטינום לילה,פרוקטר אנד גמבל,UA,תחבושות אולוויז,יחידה,1.00,יחידה,false,1,25.90,25.90,true,1,
8001090992338,false,פיירי פלטינום פלוס 50 טב,פרוקטר אנד גמבל,BE,פיירי טב' למדיח,יחידה,1.00,יחידה,false,1,49.90,49.90,true,1,
8001090993502,false,טמפקס כותנה סופר 16 יח',פרוקטר אנד גמבל,US,טמפקס כותנה סופר,יחידה,1.00,יחידה,false,1,23.90,23.90,true,1,
8001620017449,false,"סן בנדטו ספורט, 500מ""ל",אקווה מינרלה סאן בנדטו ב,IT,מים מינרלים טבעי,מיליליטרים,500.00,"100 מ""ל",false,1,5.00,1.00,true,1,
8001620018408,false,"פרוטה מנגו תפוח 400 מ""ל",אקווה מינרלה סאן בנדטו ב,IT,פרוטה מנגו תפוח,מיליליטרים,400.00,"100 מ""ל",false,1,7.90,1.98,true,1,
8001620019160,false,"סאן בנדטו אפרסק 400 מ""ל",אקווה מינרלה סאן בנדטו ב,IT,סאן בנדטו אפרסק,מיליליטרים,400.00,"100 מ""ל",false,1,6.90,1.73,true,1,
8001620019177,false,"סאן בנדטו ענבים 400 מ""ל",אקווה מינרלה סאן בנדטו ב,IT,סאן סנדטו ענבים,מיליליטרים,400.00,"100 מ""ל",false,1,6.90,1.73,true,1,
8001841006710,false,לנור מבשם ריח רענן 210 ג,פרוקטר אנד גמבל,GB,לנור מבשם כביסה,גרמים,210.00,100 גרם,false,1,24.90,11.86,true,1,
8001841053684,false,12תחב.אולוויז עבה לונג+,פרוקטר אנד גמבל )ראה קוד,UA,תחבושות אולוויז,יחידה,1.00,יחידה,false,1,13.90,13.90,true,1,
8001841053806,false,9תחבוש.אולוויז עבות לילה,פרוקטר אנד גמבל,DE,תחבושות אולוויז,יחידה,1.00,יחידה,false,1,13.90,13.90,true,1,
8001841062624,false,מגבוני פמפרס סנסיטיב52*4,פרוקטר אנד גמבל,DE,מגבוני פמפרס 4יח,יחידה,1.00,יחידה,false,1,20.90,20.90,true,1,
8001841077949,false,מגבוני פמפרס פרש 52*4 יח,פרוקטר אנד גמבל,DE,מגבוני פמפרס 4יח,יחידה,1.00,יחידה,false,1,20.90,20.90,true,1,
8001841104799,false,46 פמפרס פרימיום שלב 2,פרוקטר אנד גמבל,TR,פמפרס,יחידה,1.00,יחידה,false,1,39.90,39.90,true,1,
8001841105093,false,26 פמפרס פרימיום שלב 6,פרוקטר אנד גמבל,US,פמפרס,יחידה,1.00,יחידה,false,1,39.90,39.90,true,1,
8001841137667,false,קונד.הד&שולדרס תפוח 275מ,פרוקטר אנד גמבל,RO,קונדיש.הד&שולדרס,מיליליטרים,275.00,"100 מ""ל",false,1,16.90,6.14,true,1,
8001841217574,false,תחבושות כפול אולטר לונג,---,DE,תחבושות כפול אול,יחידה,1.00,יחידה,false,0,19.90,19.90,true,1,
8001841272757,false,"משחת שיניים 3D פחם 75מ""ל",פרוקטור אנד גמבל,DE,משחת אורל בי,מיליליטרים,75.00,"100 מ""ל",false,1,29.90,39.87,true,1,
8001841410524,false,שמפו הד&שולדרס קוקוס600מ,פרוקטר אנד גמבל,RO,שמפו הד&שולדרס,מיליליטרים,600.00,"100 מ""ל",false,1,25.90,4.32,true,1,
8001841625362,false,פיירי פלטינום לימון780מל,פרוקטר אנד גמבל,GB,פיירי נוזל כלים,מיליליטרים,780.00,"100 מ""ל",false,1,12.90,1.65,true,1,
8001841660530,false,"קרם פנטן מיראקלס 270 מ""ל",---,FR,קרמ פנטן מיראקלס,גרמים,270.00,100 גרם,false,1,23.90,8.85,true,1,
8001841669465,false,קפסולות אריאל ניחוח לנור,פרוקטר אנד גמבל,FR,קפסולות גל כביסה,יחידה,1.00,יחידה,false,1,39.90,39.90,true,1,
8001841669519,false,אריאל קפסולות ג'ל 55יח,פרוקטר אנד גמבל,FR,קפסולות לכביסה,יחידה,1.00,יחידה,false,1,59.90,59.90,true,1,
8001841715957,false,שולדרס ג'ל רחצה ושמפו360,S BLOIS GAMBLE & PROCTER,FR,שולדרס ג'ל רחצה,מיליליטרים,360.00,"100 מ""ל",false,1,21.90,6.08,true,1,
8001841837239,false,מרכך ל.סולפטים אבוקדו275,צרפת,FR,מרכך הרבל,מיליליטרים,275.00,"100 מ""ל",false,1,18.90,6.87,true,1,
8001841841373,false,שמפו ל.סולפטים אבוקדו380,דיפלומט,FR,שמפו הרבל,מיליליטרים,380.00,"100 מ""ל",false,1,18.90,4.98,true,1,
8001841971261,false,תחבושות כפול נורמל 28 יח,פרוקטר & גמבל,DE,אולוויז תחבושות,יחידה,1.00,יחידה,false,1,19.90,19.90,true,1,
8001841971995,false,תחבושות אולטרא סקיור ליל,פרוקטור אנד גמבל,HU,תחבושות סקיור,יחידה,1.00,יחידה,false,1,19.90,19.90,true,1,
8002270216800,false,אסנזה משקה מגרידת לימון,סן פלגרינו,IT,אסנזה טעם לימון,מיליליטרים,500.00,"100 מ""ל",false,1,5.90,1.18,true,1,
8002270236808,false,אסנזה משקה מוגז מבית סן,סן פלגרינו,IT,אסנזה טעם תפוז א,מיליליטרים,500.00,"100 מ""ל",false,1,5.90,1.18,true,1,
8003440997871,false,מסטיק פיורפרש תות 200גרם,---,TR,מסטיק מנטוס,גרמים,200.00,100 גרם,false,1,22.00,11.00,true,1,
8005200486526,false,"נסטי בטעם אפרסק 500 מ""ל",סן-פלגרינו,IT,נסטי בטעם אפרסק,מיליליטרים,500.00,"100 מ""ל",false,0,5.90,1.18,true,1,
8006540051054,false,שמפו פנטן ללא סולפטים225,דיפלומט,FR,שמפו פנטן,מיליליטרים,225.00,"100 מ""ל",false,1,21.90,9.73,true,1,
8006540088692,false,הרבל אסנס מסכה מרוכזת450,S BLOIS GAMBLE & PROCTER,FR,הרבל אסנס מסכה,מיליליטרים,450.00,"100 מ""ל",false,1,46.90,10.42,true,1,
8006540112793,false,לנור מרכך יסמין 900מל,פרוקטר אנד גמבל,US,לנור מרכך מרוכז,מיליליטרים,900.00,"100 מ""ל",false,1,11.90,1.32,true,1,
8006540112823,false,לנור מרכך מרוכז900מל,פרוקטר אנד גמבל,US,לנור מרכך מרוכז,מיליליטרים,900.00,"100 מ""ל",false,1,11.90,1.32,true,1,
8006540112854,false,לנור מרכך ניחוח סחלב900,פרוקטר אנד גמבל,US,לנור מרכך מרוכז,מיליליטרים,900.00,"100 מ""ל",false,1,11.90,1.32,true,1,
8006540221068,false,מגן תחתון אולוויז לונג 4,פרוקטר & גמבל,DE,מגן תחתון אולווי,יחידה,1.00,יחידה,false,1,19.90,19.90,true,1,
8006540221341,false,מגן תחתון אולוויז לארג 4,---,DE,מגן תחתון אולווי,יחידה,1.00,יחידה,false,1,19.90,19.90,true,1,
8006540221464,false,מגן תחתון אולוויז נורמל,---,DE,מגן תחתון אולווי,יחידה,1.00,יחידה,false,1,19.90,19.90,true,1,
8006540385029,false,"הד&שולדרס מן 2ב1 540מ""ל",URLATI GAMBLE & PROCTER,RO,הד&שולדרס מן 2ב1,מיליליטרים,540.00,"100 מ""ל",false,1,26.90,4.98,true,1,
8006540385067,false,"שמפו ה&ש מן ספורט 540מ""ל",URLATI GAMBLE & PROCTER,RO,ה&ש שמפו מן,מיליליטרים,540.00,"100 מ""ל",false,1,26.90,4.98,true,1,
8006540405031,false,דיסקריט 16תחבושות סמול+,---,DE,דיסקריט תחבושות,יחידה,1.00,יחידה,false,1,21.90,21.90,true,1,
8006540406724,false,פמפרס מכנס מידה 5 38יח,---,PL,פמפרס מכנסונים,יחידה,1.00,יחידה,false,1,54.90,54.90,true,1,
8006540406793,false,פמפרס מכנס מידה 6 34יח,---,PL,פמפרס מכנסונים,יחידה,1.00,יחידה,false,1,54.90,54.90,true,1,
8006540410905,false,הד&שולדרס שמפו 7ב1 450מ,S BLOIS GAMBLE & PROCTER,FR,ה&ש שמפו 7  ב1-,מיליליטרים,450.00,"100 מ""ל",false,1,25.90,5.76,true,1,
8006540592465,false,תחבושות אולטרה לונג 24 י,פרוקטר & גמבל,HU,תחבושות לונג,יחידה,1.00,יחידה,false,1,19.90,19.90,true,1,
8006540592496,false,תחבושות כפול לילה 20 יחי,פרוקטר & גמבל,HU,תחבושות כפול ליל,יחידה,1.00,יחידה,false,1,19.90,19.90,true,1,
8011003818112,false,CRYSTAL BRIGHT א.ד.פ 90מ,לילית בישום,IT,CRYSTAL BRIGHT,מיליליטרים,90.00,"100 מ""ל",false,0,239.00,265.55,true,1,
8011003993819,false,"CRYSTAL BRIGHTאדט50מ""ל",לילית בישום,IT,CRYSTAL BRIGHT,מיליליטרים,50.00,"100 מ""ל",false,0,199.00,398.00,true,1,
8011530810023,false,UOMO TRUSSARDIאדט100מל,לילית בישום,IT,UOMO TRUSSARDI,מיליליטרים,100.00,"100 מ""ל",false,1,299.00,299.00,true,1,
8017331054215,false,ביוריפייר משחת שיניים75מ,,IL,מ.שינייםBIOREPAI,מיליליטרים,75.00,"100 מ""ל",false,1,8.90,11.87,true,1,
8018080426919,false,אוזניות TWS יוקרתיות שחו,פוג'יקום,CN,אוזניות TWS,יחידה,1.00,יחידה,false,1,99.90,99.90,true,1,
8018365070264,false,"קריס נואר אדפ 50 מ""ל",לילית בישום,IT,קריס נואר אדפ,מיליליטרים,50.00,"100 מ""ל",false,0,209.00,418.00,true,1,
8032880800243,false,פיקניק הפתעה 50 גרם,"הוסטה איטליה, ס.ר.ל.",IT,פיקניק הפתעה,גרמים,50.00,100 גרם,false,0,9.90,19.80,true,1,
8053853182548,false,ממחטות נייר פרוזן 6 יחיד,,IL,ממחטות נייר 6 יח,יחידה,1.00,יחידה,false,1,9.90,9.90,true,1,
8076800195033,false,ספגטיני מס' 3 500 גרם,ברילה גי.אי.אר פרטלי ס.פ,IT,ספגטיני מס' 3,גרמים,500.00,100 גרם,false,0,11.90,2.38,true,1,
8076800195057,false,ספגטי מס' 5 ברילה500גר,ברילה גי.אי.אר פרטלי ס.פ,IT,ספגטי מס 5 ברילה,גרמים,500.00,100 גרם,false,0,11.90,2.38,true,1,
8076802085738,false,פנה ריגטה מס73' 500 גרם,ברילה גי.אי.אר פרטלי ס.פ,IT,פנה ריגטה ברילה,גרמים,500.00,100 גרם,false,0,11.90,2.38,true,1,
8076802085981,false,פסטה פוזילי מס98' 500גרם,ברילה גי.אי.אר פרטלי ס.פ,IT,פוזילי ברילה,גרמים,500.00,100 גרם,false,0,11.90,2.38,true,1,
8076809513395,false,רוטב פומודורו ברילה 400ג,ברילה גי.אי.אר פרטלי ס.פ,IT,רוטב עגבניות,גרמים,400.00,100 גרם,false,0,15.90,3.98,true,1,
8076809513692,false,רוטב לפסטה נפוליטנה400גר,ברילה גי.אי.אר פרטלי ס.פ,IT,רוטב לפסטה,גרמים,400.00,100 גרם,false,0,15.90,3.98,true,1,
8076809513739,false,רוטב בזיליקום ברילה400גר,ברילה גי.אי.אר פרטלי ס.פ,IT,רוטב בזיליקום,גרמים,400.00,100 גרם,false,0,15.90,3.98,true,1,
8410076600622,false,קראנץ שבבי שוקולד 210ג,ג'נרל מילס סאן אדריאן,ES,נייצר וואלי שוקו,גרמים,210.00,100 גרם,false,0,14.90,7.10,true,1,
8410104511340,false,ויט 12רצועות שעווה יבש,רקיט בנקיזר,FR,רצועות שעווה ויט,יחידה,1.00,יחידה,false,0,38.90,38.90,true,1,
8410179100043,false,שמן זית כתית מעולה 750מל,---,ES,שמן זית כתית,מיליליטרים,750.00,"100 מ""ל",false,0,34.90,4.65,true,1,
8411061043868,false,"212 א.ד.ט לגבר 100 מ""ל",לילית בישום,ES,212 א.ד.ט לגבר,מיליליטרים,100.00,"100 מ""ל",false,1,229.00,229.00,true,1,
8411061865583,false,sexy 212 אדט לגבר 100 מל,PUIG בישום,IL,212 סקסי אדט,מיליליטרים,100.00,"100 מ""ל",false,0,219.00,219.00,true,1,
8411061923245,false,BOY BAD א.ד.ט לגבר100מל,,FR,EDT BOY BAD,מיליליטרים,100.00,"100 מ""ל",false,1,399.00,399.00,true,1,
8411061996973,false,"GG VERY אדפ 50 מ""ל",,FR,GG VERY אדפ,מיליליטרים,50.00,"100 מ""ל",false,1,360.00,720.00,true,1,
8412300801072,false,ניוואה קרם רב שימושי 400,ביירסדורץ,DE,"ניוואה קרם רב""ש",מיליליטרים,400.00,"100 מ""ל",false,1,43.90,10.98,true,1,
8423207206488,false,סלים דליס מצופה שוקולד6י,סלים דליס,ES,חטיפי דגנים מרבה,גרמים,120.00,100 גרם,false,0,15.90,13.25,true,1,
8427030007281,false,סימילאק קומפורט HMOשלב1-,ABBOT,ES,סימילאק קומפורט,גרמים,820.00,100 גרם,false,1,105.90,12.91,true,1,
8427030007298,false,סימילאק קומפורט HMOשלב2-,אבוט לבורטוריס ס.א.,ES,סימילאק קומפורט,גרמים,820.00,100 גרם,false,1,105.90,12.91,true,1,
8435137743155,false,פראדה איריס אדפ,פראדה בישום,IT,פראדה איריס אדפ,מיליליטרים,100.00,"100 מ""ל",false,0,499.00,499.00,true,1,
8435137759781,false,100ML EDT CARBON PLR,,FR,CARBON PLR,מיליליטרים,1.00,"100 מ""ל",false,0,329.00,32900.00,true,1,
8435495805168,false,אבקת כביסה תינוקלין 1.25,סארוהאן,TR,א.כביסה תינוקלין,גרמים,1250.00,100 גרם,false,1,24.90,1.99,true,1,
8690504153849,false,שוקולד חלב קרם אגוזים83ג,גודייבה,TR,שוקולד חלב,גרמים,83.00,100 גרם,false,1,14.90,17.95,true,1,
8690526009278,false,חטיף קרמל מצופה שוק126גר,"GIDA ETI , טורקיה n\",TR,חטיף קרמל מצופה,גרמים,126.00,100 גרם,false,1,10.90,8.65,true,1,
8690526019154,false,וופל קקאו+קרם קקאו142גר,"GIDA ETI , טורקיה n\",TR,וופל קרם קקאו,גרמים,142.00,100 גרם,false,1,8.50,5.99,true,1,
8690572783931,false,דאו.ספריי פה איביזיבל200,הנקל סוד,TR,דאודורנט פה,מיליליטרים,200.00,"100 מ""ל",false,1,9.90,4.95,true,1,
8690637505607,false,מרכך כביסה פינוק960מל,יוניליוור סנאיי וי טיקאר,TR,מרכך כביסה בדין,מיליליטרים,960.00,"100 מ""ל",false,1,16.90,1.76,true,1,
8690637704277,false,דאב שמפו  יומי 2ב1- 600מ,יוניליוור,TR,שמפו דאב,מיליליטרים,600.00,"100 מ""ל",false,0,16.90,2.82,true,1,
8690637704390,false,"דאב מרכך יום יומי 600מ""ל",יוניליוור,TR,דאב מרכך שיער,מיליליטרים,600.00,"100 מ""ל",false,0,16.90,2.82,true,1,
8690637946301,false,בדין אקסטרא בייבי 960 מל,יוניליוור סנאיי וי טיקאר,TR,בדין מרכך בייבי,מיליליטרים,960.00,"100 מ""ל",false,1,16.90,1.76,true,1,
8690637946318,false,בדין אקסטרא בייבי טלק960,יוניליוור סנאיי וי טיקאר,TR,מרכך בדין בייבי,מיליליטרים,960.00,"100 מ""ל",false,1,16.90,1.76,true,1,
8690784516778,false,דאק ג'ל אקונומיקה ים750מ,---,NL,ג'ל מקציף דאק,מיליליטרים,750.00,"100 מ""ל",false,1,15.90,2.12,true,1,
8693495041461,false,2מברשות סלים סופט פחם,קולגייט פלמוליב,CN,זוג מברשות,יחידה,1.00,יחידה,false,0,31.90,31.90,true,1,
8693495051255,false,2מברש.קולגייט סלים סופט,קולגייט-פלמוליב,CN,2מברשות קולגייט,יחידה,1.00,יחידה,false,1,38.90,38.90,true,1,
8693495053693,false,מברשות 360 קולגייט 4 יח,---,CN,מברשות 360 4 יח,יחידה,1.00,יחידה,false,1,44.90,44.90,true,1,
8696630143792,false,ספריי צבע לשיער שחור 100,,TR,ספריי צבע לשיער,מיליליטרים,100.00,"100 מ""ל",false,1,24.90,24.90,true,1,
8697659234263,false,"דיסני פרוזן אדט 50 מ""ל",,IL,דיסני פרוזן אדט,מיליליטרים,50.00,"100 מ""ל",false,1,59.90,119.80,true,1,
8699954702140,false,מסיכת פחם פעיל לרענון יח,,IL,מסיכת פחם פעיל ל,יחידה,1.00,יחידה,false,1,7.90,7.90,true,1,
8710103527800,false,אוונט מוצץ חיות-טרומן,פיליפס אוונט,GB,אוונט מוצץ חיות-,יחידה,1.00,יחידה,false,0,44.90,44.90,true,1,
8710103873990,false,אוונט נטורל 2פטמות מעבר,פיליפס אוונט,GB,אוונט פטמת מעבר,יחידה,1.00,יחידה,false,1,43.90,43.90,true,1,
8710103901754,false,מוצץ אולטרא אייר 0-6 בנו,פיליפס אוונט,GB,מוצץ אולטרא אייר,יחידה,1.00,יחידה,false,1,54.90,54.90,true,1,
8710103901792,false,מוצץ אולטרא אייר 6-18 בנ,פיליפס אוונט,GB,מוצץ אולטרא אייר,יחידה,1.00,יחידה,false,1,54.90,54.90,true,1,
8710103952220,false,סכינים לוואן בלייד 2*,פילפס,ID,סכינים לוואן בלי,יחידה,1.00,יחידה,false,1,159.90,159.90,true,1,
8710428016348,false,פדיאשור ונילה 400 גרם,ABBOT,NL,פדיאשור ונילה,גרמים,400.00,100 גרם,false,1,39.90,9.98,true,1,
8710428016355,false,פדיאשור שוקולד 400 גרם,ABBOT,NL,פדיאשור שוקולד,גרמים,400.00,100 גרם,false,1,39.90,9.98,true,1,
8710428017024,false,פדיאשור שוקולד 850 גרם,ABBOT,NL,פדיאשור שוקולד,גרמים,850.00,100 גרם,false,1,79.90,9.40,true,1,
8710447211052,false,"טרזמה שמפו בוטניק 400 מ""",יוניליוור פולין,PL,שמפו טרזמה,מיליליטרים,400.00,"100 מ""ל",false,1,18.90,4.73,true,1,
8710447224342,false,"טרזמה שמפו קרטין 400 מ""ל","יוניליוור פולין, רחוב קר",PL,טרזמה שמפו קרטין,מיליליטרים,400.00,"100 מ""ל",false,1,18.90,4.73,true,1,
8710447275313,false,דאב ק.ידיים שמן קוקוס75מ,"יוניליוור פולין, רחוב קר",PL,קרם ידיים דאב,מיליליטרים,75.00,"100 מ""ל",false,1,13.90,18.53,true,1,
8710447284117,false,"אקס ג'ל רחצה בלק 400 מ""ל",יוניליוור גרמניה,DE,אקס ג'ל רחצה בלק,מיליליטרים,400.00,"100 מ""ל",false,1,15.90,3.98,true,1,
8710447320662,false,דאו.דאב0%אלומ.אפרסק150מ,יוניליוור,IT,דאודורנט דאב,מיליליטרים,150.00,"100 מ""ל",false,1,12.90,8.60,true,1,
8710522584200,false,תח.רחצה דאב ורדים500מ,"יוניליוור גרמניה, Gmbh &",DE,תחליב רחצה דאב,מיליליטרים,500.00,"100 מ""ל",false,1,17.90,3.58,true,1,
8710800961310,false,מנטוס טעם תות 4יח37.5X'ג,פרפטי ואן מלה,NL,מנטוס תות 4 יח,גרמים,150.00,100 גרם,false,0,11.90,7.93,true,1,
8710847860843,false,דאו רולאון אינביזיבל 50ג,יוניליוור אנגליה,GB,דאודורנט רקסונה,מיליליטרים,50.00,"100 מ""ל",false,1,17.90,35.80,true,1,
8710847995590,false,דאו ספריי פרוט ספין 150מ,"יוניליוור אנגליה, דרך קו",RU,דאודורנט רקסונה,מיליליטרים,150.00,"100 מ""ל",false,1,17.90,11.93,true,1,
8710908326691,false,דאב תחליב רח.אדמונית750,יוניליוור,DE,תחליב רחצה דאב,מיליליטרים,750.00,"100 מ""ל",false,1,19.90,2.66,true,1,
8710908404184,false,דאו.דאב 0% אלומיניום150מ,יוניליוור,IT,דאודורנט דאב,מיליליטרים,150.00,"100 מ""ל",false,1,12.90,8.60,true,1,
8712400718073,false,"נוטרילון AR תמ""ל 400 גרם",נוטרישיה קאלק,NL,נוטרילון 400 גרם,גרמים,400.00,100 גרם,false,0,51.90,12.98,true,1,
8712400802499,false,נוטרילון שלב1- 800 גרם,נוטרישיה קאלק,NL,נוטרילון שלה1-,גרמים,800.00,100 גרם,false,0,68.90,8.61,true,1,
8712400802512,false,נוטרילון שלב2- 800 גרם,נוטרישיה קאלק,NL,נוטרילון שלב2-,גרמים,800.00,100 גרם,false,0,68.90,8.61,true,1,
8712400802536,false,נוטרילון שלב3- 800 גרם,נוטרישיה קאלק,NL,נוטרילון שלב3-,גרמים,800.00,100 גרם,false,0,68.90,8.61,true,1,
8712561594608,false,תח.רחצה להזנה עמוקה 750מ,"יוניליוור גרמניה, Gmbh &",DE,תחליב רחצה דאב,מיליליטרים,750.00,"100 מ""ל",false,1,19.90,2.66,true,1,
8712561611183,false,תח. רחצה דאב תה ירוק 500,"יוניליוור גרמניה, Gmbh &",DE,תחליב רחצה דאב,מיליליטרים,500.00,"100 מ""ל",false,1,17.90,3.58,true,1,
8712561611411,false,תח.רחצה דאב תה ירוק 750מ,"יוניליוור גרמניה, Gmbh &",DE,תחליב רחצה דאב,מיליליטרים,750.00,"100 מ""ל",false,1,19.90,2.66,true,1,
8712561626286,false,תחליב רחצה דאב זוהר 750מ,יוניליוור,DE,תחליב רחצה דאב,מיליליטרים,750.00,"100 מ""ל",false,1,19.90,2.66,true,1,
8712561631570,false,תח.רחצה דאב חלב קוקוס750,יוניליוור,DE,תחליב רחצה דאב,מיליליטרים,750.00,"100 מ""ל",false,1,19.90,2.66,true,1,
8714599512159,false,קפה נמס ג'קובס מונארך190,---,RU,קפה נמס ג'קובס,גרמים,190.00,100 גרם,false,1,26.90,14.16,true,1,
8714789177229,false,4 מב.קולגייט אקסטרה קלין,קולגייט פלמוליב,CN,4 מברשות שיניים,יחידה,1.00,יחידה,false,0,17.90,17.90,true,1,
8714789303925,false,2 מברשות קולגייט סנסטיב,קולגייט- פלמוליב,CH,2 מברשות שיניים,יחידה,1.00,יחידה,false,0,38.90,38.90,true,1,
8714789699172,false,סבון מוצק חלב ודבש,קולגייט פלמוליב,TR,סבון מוצק חלב וד,יחידה,1.00,יחידה,false,1,14.90,14.90,true,1,
8714789930848,false,משחת אופטיק וייט אינסט75,קולגייט פלמוליב,PL,משחת קולגייט,מיליליטרים,75.00,"100 מ""ל",false,0,20.90,27.87,true,1,
8714789966403,false,ליידי ספיד פרו 5 ג'ל 65ג,קולגייט פלמוליב,US,ליידי ספיד סטיק,גרמים,65.00,100 גרם,false,1,17.90,27.54,true,1,
8717163628355,false,"טרזמה מרכך להחלקה 400 מ""","יוניליוור פולין, רחוב קר",PL,טרזמה שמפו קרטין,מיליליטרים,400.00,"100 מ""ל",false,1,23.90,5.98,true,1,
8717163647226,false,דאו ספריי גוף בלאק 150 מ,יוניליוור אנגליה,TR,אקס ספריי,מיליליטרים,150.00,"100 מ""ל",false,1,11.90,7.93,true,1,
8717163647233,false,דאו ספריי בלאק נייט 150מ,יוניליוור אנגליה,RU,אקס ספריי,מיליליטרים,150.00,"100 מ""ל",false,1,11.90,7.93,true,1,
8717163647240,false,דאו ספריי גוף שוקולד150מ,יוניליוור אנגליה,TR,אקס ספריי,מיליליטרים,150.00,"100 מ""ל",false,1,11.90,7.93,true,1,
8717163647264,false,דאו ספריי גוף אייס 150 מ,יוניליוור אנגליה,TR,אקס ספריי,מיליליטרים,150.00,"100 מ""ל",false,1,11.90,7.93,true,1,
8717163648667,false,"אקס ג'ל רחצה אייס 400מ""ל",יוניליוור גרמניה,DE,אקס ג'ל רחצה,מיליליטרים,400.00,"100 מ""ל",false,1,15.90,3.98,true,1,
8717163655764,false,דאו.רקסונה שאוור פרש 150,"קוסטר אירוסול, גבזה 4140",TR,דאודורנט רקסונה,מיליליטרים,150.00,"100 מ""ל",false,1,17.90,11.93,true,1,
8717163655825,false,דאודורנט רקסונה כותנה150,"קוסטר אירוסול, גבזה 4140",TR,דאודורנט רקסונה,מיליליטרים,150.00,"100 מ""ל",false,1,17.90,11.93,true,1,
8717163714850,false,דאו.דאב ספריי קוקוס 150מ,"קוסטר אירוסול, גבזה 4140",TR,דאודורנט דאב,מיליליטרים,150.00,"100 מ""ל",false,1,12.90,8.60,true,1,
8718951044913,false,"משחת מרידול להלבנה 75מ""ל",קולגייט פלמוליב,GB,משחת מרידול,מיליליטרים,75.00,"100 מ""ל",false,1,20.90,27.87,true,1,
8718951159402,false,מש.שיניים אופטיק וייט75מ,קולגייט,PL,מ.שיניים קולגייט,מיליליטרים,75.00,"100 מ""ל",false,1,29.90,39.87,true,1,
8718951170445,false,קולגייט סמיילס ילדים50מל,---,PL,קולגייט סמיילס,מיליליטרים,50.00,"100 מ""ל",false,1,14.90,29.80,true,1,
8718951187115,false,2מב.שיניים אלמקס לילד3-6,אלמקס,CN,מברשות אלמקס 2יח,יחידה,1.00,יחידה,false,1,25.90,25.90,true,1,
8718951187122,false,2מב.שיניים אלמקס לילד0-3,---,DE,מברשות אלמקס,יחידה,1.00,יחידה,false,1,25.90,25.90,true,1,
8718951236806,false,קולגייט טוטל להלבנה 100מ,---,PL,קולגייט טוטל,מיליליטרים,100.00,"100 מ""ל",false,1,15.90,15.90,true,1,
8718951236813,false,קולגייט טוטל אדוונס100מ,קולגייט פלמוליב,PL,משחת קולגייט,מיליליטרים,100.00,"100 מ""ל",false,1,15.90,15.90,true,1,
8718951259409,false,תחליב רחצה נטורלס750מ,קולגייט פלמוליב,TR,תחליב רחצה נטורל,מיליליטרים,750.00,"100 מ""ל",false,1,20.90,2.79,true,1,
8718951264618,false,"אופטיק וייט פחם 75 מ""ל",קולגייט פלמוליב,PL,משחת קולגייט,מיליליטרים,75.00,"100 מ""ל",false,1,18.90,25.20,true,1,
8718951265103,false,מברשות אולטרה סופט 2 יח,---,,מברשות קולגייט2*,יחידה,1.00,יחידה,false,0,39.90,39.90,true,1,
8718951278851,false,מ.שיניים אדוונס וויט פחם,קולגייט,PL,מ.שיניים קולגייט,מיליליטרים,100.00,"100 מ""ל",false,1,15.90,15.90,true,1,
8718951315303,false,משחת קולגייט אדום 100*2מ,---,PL,משחת קולגייט 2יח,מיליליטרים,200.00,"100 מ""ל",false,1,18.90,9.45,true,1,
8718951319806,false,ג'ל רחצה מרענן לגבר 750מ,קולגייט,TR,ג'ל רחצה לגבר,מיליליטרים,750.00,"100 מ""ל",false,1,20.90,2.79,true,1,
8718951333048,false,ס.ידיים פלמוליב מטבח 300,"ש. שסטוביץ בע""\מ",IT,פלמוליב ידיים,מיליליטרים,300.00,"100 מ""ל",false,1,9.90,3.30,true,1,
8718951350137,false,תחליב רחצה מקדמיה 750מ,קולגייט פלמוליב,TR,תחליב רחצה קקאו,מיליליטרים,750.00,"100 מ""ל",false,1,20.90,2.79,true,1,
8718951366015,false,קולגייט להלבנה מיידית75מ,---,PL,קולגייט להלבנה,מיליליטרים,75.00,"100 מ""ל",false,1,53.90,71.87,true,1,
8718951370135,false,סבון פלמוליב סנסיישן750מ,קולגייט פלמוליב,TR,סבון פלמוליב,מיליליטרים,750.00,"100 מ""ל",false,1,20.90,2.79,true,1,
8718951381292,false,משחת מקס דיטוקס פואם125,---,PL,משחת מקס דיטוקס,מיליליטרים,125.00,"100 מ""ל",false,1,22.90,18.32,true,1,
8718951428492,false,"סב.רחצה לגבר 4ב1 750 מ""ל",---,TR,סבון רחצה לגבר,מיליליטרים,750.00,"100 מ""ל",false,1,20.90,2.79,true,1,
8718951431614,false,פלמוליב רחצה מינרלים750,---,TR,פלמוליב סב.רחצה,מיליליטרים,750.00,"100 מ""ל",false,1,20.90,2.79,true,1,
8718951446588,false,"סבון פלמוליב סחלב500מ""ל",---,TR,סבון פלמוליב,מיליליטרים,500.00,"100 מ""ל",false,1,17.90,3.58,true,1,
8718951470323,false,מברשות סופט פואם 2יח,---,CN,זוג מברשות שינים,יחידה,1.00,יחידה,false,1,39.90,39.90,true,1,
8718951470538,false,משחת מקס פרש 125*2מל,---,PL,משחת מקס פרש 2יח,מיליליטרים,250.00,"100 מ""ל",false,1,33.90,13.56,true,1,
8718951477384,false,מש.קולגייט טוטאל ג'ל75מל,---,PL,משחת טוטאל ג'ל,מיליליטרים,75.00,"100 מ""ל",false,1,21.90,29.20,true,1,
8720181045912,false,אקס ספריי גוף אפריקה150,"קוסטר אירוסול, גבזה 4140",TR,אקס ספריי,מיליליטרים,150.00,"100 מ""ל",false,1,11.90,7.93,true,1,
8720181046605,false,דאו.דאב ספריי אורגינל150,"קוסטר אירוסול, גבזה 4140",TR,דאודורנט דאב,מיליליטרים,150.00,"100 מ""ל",false,1,12.90,8.60,true,1,
8720181090202,false,תחליב רחצה עם שמן זית,"יוניליוור גרמניה, Gmbh &",DE,תחליב רחצה דאב,מיליליטרים,750.00,"100 מ""ל",false,1,19.90,2.66,true,1,
8720182253156,false,דאב סבון מוצק מלפפונים,יוניליוור ישראל טיפוח אי,DE,דאב סבון מוצק מל,גרמים,360.00,100 גרם,false,1,17.00,4.72,true,1,
8720182256850,false,דאב סבון מוצק קלאסי 90*4,יוניליוור ישראל טיפוח אי,DE,דאב סבון מוצק קל,גרמים,360.00,100 גרם,false,1,17.00,4.72,true,1,
8850006331699,false,מברשות קולגייט סלים סופט,קולגייט פלמוליב,CN,3 מברשות קולגייט,יחידה,1.00,יחידה,false,1,31.90,31.90,true,1,
8850389103111,false,משקה סאפה ענבים,,TH,משקה סאפה ענבים,מיליליטרים,300.00,"100 מ""ל",false,0,7.90,2.63,true,1,
8850389103128,false,משקה סאפה תפוח,,TH,משקה סאפה תפוח,מיליליטרים,300.00,"100 מ""ל",false,0,7.90,2.63,true,1,
8850389103159,false,"מוגו ליצ'י קוקוס 320 מ""ל",סאפה פובליק קומפני לימיט,TH,מוגו ליצ'י קוקוס,מיליליטרים,320.00,"100 מ""ל",false,1,6.90,2.16,true,1,
8850389104637,false,סאפה אפרסק,,TH,סאפה אפרסק,מיליליטרים,300.00,"100 מ""ל",false,0,7.90,2.63,true,1,
8850389111352,false,"מוגו מלון קוקוס 320 מ""ל",סאפה פובליק קומפני לימיט,TH,מוגו מלון קוקוס,מיליליטרים,320.00,"100 מ""ל",false,1,6.90,2.16,true,1,
8901138825591,false,משחת  הימלאיה מלבינה75מ,הימלאיה,PL,משחת שיניים,מיליליטרים,75.00,"100 מ""ל",false,1,24.90,33.20,true,1,
8901314517487,false,מברשת קולגייט 360 4*,---,IN,מברשת קולגייט360,יחידה,1.00,יחידה,false,1,29.90,29.90,true,1,
9000100843256,false,"גליס שמן משקם 75מ""ל",הנקל סוד,SK,גליס שמן משקם,מיליליטרים,75.00,"100 מ""ל",false,0,24.90,33.20,true,1,
9000101418163,false,ברף בניחוח תפוח50*3 גרם,הנקל,RS,ברף לאסלה 3 יח,גרמים,150.00,100 גרם,false,1,20.90,13.93,true,1,
9000101537550,false,פרסיל פאוור קאפס 52 יח,הנקל,HU,פרסיל פאוור קאפס,יחידה,1.00,יחידה,false,1,64.90,64.90,true,1,
9000101548419,false,קולור קאצ'ר לכביסה18דף,"הנקל סוד בע""\מ",IE,קולר קאצ'ר לבן,יחידה,1.00,יחידה,false,1,14.90,14.90,true,1,
9001616202131,false,מאמ מוצץ מיני עיגולים,MAM,HU,מאמ מוצץ מיני,יחידה,1.00,יחידה,false,0,34.90,34.90,true,1,
9001616203305,false,פיטמה MAM למזון סמיך,MAM,HU,פיטמה למזון סמיך,יחידה,1.00,יחידה,false,0,29.90,29.90,true,1,
9001616203350,false,FLOW SLOW מאמ פטמות,MAM,AT,מאמ פטמות,יחידה,1.00,יחידה,false,0,29.90,29.90,true,1,
9001616203367,false,פטמה לבקבוק שלב 2,MAM,AT,פטמה לבקבוק,יחידה,1.00,יחידה,false,0,28.90,28.90,true,1,
9001616205774,false,מוצץ מאמ,,HU,מוצץ מאמ,יחידה,1.00,יחידה,false,0,34.90,34.90,true,1,
9001616661099,false,"מאמ בקבוק 270 מ""ל",MAM,AT,מאמ בקבוק,יחידה,1.00,יחידה,false,0,31.90,31.90,true,1,
9001616681363,false,בקבוק אנטי קוליק ורוד,MAM,HU,בקבוק אנטי קוליק,מיליליטרים,260.00,"100 מ""ל",false,1,31.90,12.27,true,1,
9001616702686,false,זוג מוצצים 0-6 איי בת יח,MAM,HU,זוג מוצצים 0-6 א,יחידה,1.00,יחידה,false,1,34.90,34.90,true,1,
9001616702716,false,זוג מוצצים +6 זוהר בת 2*,MAM,HU,זוג מוצצים +6 זו,יחידה,1.00,יחידה,false,1,34.90,34.90,true,1,
9001616702723,false,זוג מוצצים +6 זוהר יניס2,MAM,HU,זוג מוצצים +6 זו,יחידה,1.00,יחידה,false,1,34.90,34.90,true,1,
9001616702921,false,בקבוק אנטי קוליק לבן,MAM,HU,בקבוק אנטי קוליק,יחידה,1.00,יחידה,false,1,31.90,31.90,true,1,
9001616702969,false,בקבוק תינוק וורוד,MAM,HU,בקבוק תינוק וורו,יחידה,1.00,יחידה,false,1,31.90,31.90,true,1,
9001616703249,false,מחזיק מוצץ יוניסקס יחידה,MAM,AT,מחזיק מוצץ יוניס,יחידה,1.00,יחידה,false,1,28.90,28.90,true,1,
9001616813856,false,מאמ מוצצים יום ולילה 3יח,MAM,AT,מוצצים יום ולילה,יחידה,1.00,יחידה,false,1,49.90,49.90,true,1,
9044400851672,false,בובת פז טעם פירות 3+1,---,HU,בובת פז ט.פירות,יחידה,1.00,יחידה,false,1,14.30,14.30,true,1,
