code,internal_code,name,manufacturer_name,manufacture_country,manufacturer_item_description,unit_qty,quantity,unit_of_measure,weighted,qty_in_package,price,unit_of_measure_price,allow_discount,status,item_id
32147230,false,"מיץ לימון משומר 200 מ""ל",סידג,CH,מיץ לימון משומר,מיליליטרים,200.00,"100 מ""ל",false,0,7.90,3.95,true,1,
40052403,false,חטיף קיט קאט אצבעות41ג,נסטלה,DE,חטיף קיט קאט,גרמים,41.00,100 גרם,false,1,4.50,10.98,true,1,
40111216,false,חטיף באונטי 57 גרם,מרס,NL,חטיף באונטי,גרמים,57.00,100 גרם,false,0,4.60,8.07,true,1,
42101666,false,איירוייבז HP אקליפטוס35ג,ריגלי,GB,מסטיק איירווייבז,גרמים,35.00,100 גרם,false,1,6.50,18.57,true,1,
42212119,false,מסטיק פפרמינט מעטפה 27גר,ריגלי,FR,אורביט מעטפה,גרמים,27.00,100 גרם,false,1,6.70,24.81,true,1,
42306788,false,מסטיק איירוויבז אוכמנ35ג,ריגלי,GB,מסטיק איירווייבז,גרמים,35.00,100 גרם,false,1,6.50,18.57,true,1,
72918388,false,חטיף טויסט 28 גרם,שטראוס,IL,חטיף טוויסט,גרמים,28.00,100 גרם,false,0,4.50,16.07,true,1,
72940761,false,"מילקי בטעם שוקולד 170מ""ל",שטראוס,IL,מילקי טעם שוקולד,מיליליטרים,170.00,"100 מ""ל",false,0,2.90,1.71,true,1,
72940952,false,"מילקי אקסטרה קצפת 170מ""ל",שטראוס,IL,מילקי אקסטרה,מיליליטרים,170.00,"100 מ""ל",false,0,4.10,2.41,true,1,
72941041,false,מיני מילקי ט.שוקולד90מל,שטראוס,IL,מיני מילקי,מיליליטרים,90.00,"100 מ""ל",false,0,2.10,2.33,true,1,
72961513,false,"פרילי משמש 125 מ""ל",תנובה,IL,פרילי משמש,מיליליטרים,125.00,"100 מ""ל",false,0,3.60,2.88,true,1,
72963104,false,חמאה 100 גרם,תנובה,IL,חמאה,גרמים,100.00,100 גרם,false,0,3.80,3.80,true,1,
72963753,false,שמ.של פעם חמוצה27% 200ג,תנובה,IL,שמנת חמוצה תנובה,גרמים,200.00,100 גרם,false,0,3.90,1.95,true,1,
72964422,false,"יוגורט תנובה 4.5% 200מ""ל",תנובה,IL,יוגורט תנובה4.5%,מיליליטרים,200.00,"100 מ""ל",false,0,2.90,1.45,true,1,
72982457,false,מילקי קל טעם שוקולד170מל,שטראוס,IL,מילקי קל שוקולד,מיליליטרים,170.00,"100 מ""ל",false,0,4.10,2.41,true,1,
72983225,false,מעדן מילקי הפוך 11% 170מ,שטראוס,IL,מעדן מילקי הפוך,מיליליטרים,170.00,"100 מ""ל",false,0,4.00,2.35,true,1,
72983416,false,ל.מ. בלו ארוך בוקס חפ,פיליפ מוריס,,ל.מ בלו חפ.,יחידה,1.00,יחידה,false,0,34.00,34.00,false,1,
72986479,false,"גל.צ'אנקי מאנקי כשל""פ",מוצרי איכות אמריקאיים,US,גלידה בן & ג'ר,מיליליטרים,500.00,"100 מ""ל",false,0,29.90,5.98,true,1,
72991374,false,טיים RED יחידה,,IL,טיים RED יחידה,יחידה,1.00,יחידה,false,0,28.00,28.00,false,1,
72991398,false,טיים BLUE יחיד,,IL,טיים BLUE יחיד,יחידה,1.00,יחידה,false,0,28.00,28.00,false,1,
72991404,false,אירופה יחידה,,IL,אירופה יחידה,יחידה,1.00,יחידה,false,0,28.00,28.00,false,1,
72993637,false,דני שוקולד 1.5% 125 גרם,שטראוס,IL,דני שוקולד 1.5%,גרמים,125.00,100 גרם,false,0,2.70,2.16,true,1,
80042556,false,עגבניות חתוכות,,,עגבניות חתוכות,גרמים,400.00,100 גרם,false,0,6.80,1.70,true,1,
80042563,false,רסק עגבניות,,,רסק עגבניות,גרמים,700.00,100 גרם,false,0,12.80,1.83,true,1,
80176800,false,נוטלה ממרח שוקולד 750 גר,פררו - אלבה,PL,ממרח נוטלה,גרמים,750.00,100 גרם,false,0,25.90,3.45,true,1,
80177173,false,ממרח נוטלה 350 גרם,פררו - אלבה,IT,ממרח נוטלה,גרמים,350.00,100 גרם,false,0,14.90,4.26,true,1,
80177616,false,אצבעות שוקולד קינדר100גר,פררו - אלבה,IT,שוקולד קינדר,גרמים,100.00,100 גרם,false,0,8.90,8.90,true,1,
80761761,false,קינדר בואנו לבן 19.5*2גר,פררו - אלבה,,קינדר בואנו לבן,גרמים,39.00,100 גרם,false,0,4.90,12.56,true,1,
80768814,false,מנטוס מנטה אקליפטוס 60גר,פרפטי ואן מלה,TR,מנטוס בקבוק,גרמים,60.00,100 גרם,false,1,10.90,18.17,true,1,
80768838,false,מסטיק מנטוס פירות-מנט105,פרפטי ואן מלה,TR,מסטיק מנטוס,גרמים,105.00,100 גרם,false,1,18.60,17.71,true,1,
80790990,false,מסטיק פירות מנטה בקבוק,פרפטי ואן מלה,TR,מסטיק מנטוס,גרמים,60.00,100 גרם,false,1,10.90,18.17,true,1,
80798835,false,מסט.מנטוס מנטה עדין15.5ג,פרפטי ואן מלה,TR,מסטיק מנטוס גליל,גרמים,15.00,100 גרם,false,1,3.30,22.00,true,1,
80828174,false,מנטוס וויט מנטה מתוקה60ג,פרפטי ואן מלה,TR,מנטוס וויט,גרמים,60.00,100 גרם,false,0,11.50,19.17,true,1,
80850885,false,מנטוס וויט מנטה עדינה60ג,פרפטי ואן מלה,TR,מנטוס וויט,גרמים,60.00,100 גרם,false,0,11.50,19.17,true,1,
80913467,false,מסטיק מנטוס מנטה בקבוק60,פרפטי ואן מלה,TR,מסטיק מנטוס,גרמים,60.00,100 גרם,false,1,10.90,18.17,true,1,
87108538,false,מנטוס תות גליל 37.5 גר,פרפטי ואן מלה ברדה,TR,מנטוס תות,גרמים,37.00,100 גרם,false,0,4.00,10.81,true,1,
87333169,false,מנטוס גליל תות תפוז 40גר,פרפטי ואן מלה,NL,מנטוס גליל,גרמים,40.00,100 גרם,false,1,4.00,10.00,true,1,
90087011,true,מיץ 100% תפוחי עץ 1 ליטר,ראוך פרוכטסאפטה,AT,"מיץ תפו""ע",ליטרים,1.00,ליטר,false,1,13.90,13.90,true,1,
90087271,true,נקטר אוכמניות שחורות 1ל,תומר,AT,נקטר אוכמניות,ליטרים,1.00,ליטר,false,0,13.90,13.90,true,1,
11210000216,false,"בלאדי מרי 946 מ""ל",ניצן,US,בלאדי מרי,מיליליטרים,946.00,"100 מ""ל",false,0,29.20,3.09,true,1,
13495113513,false,קליק שוקולד חלב 75 גרם,יוניליוור,IL,קליק שוקולד,גרמים,75.00,100 גרם,false,0,6.40,8.53,true,1,
13495113537,false,קליק חום לבן מעורב 75 גר,יוניליוור,IL,קליק מעורב,גרמים,75.00,100 גרם,false,0,6.40,8.53,true,1,
16000548404,false,חטיף נייטשר ואלי ש.שועל5,ג'נרל מילס,US,חטיף נייטשר ואלי,גרמים,210.00,100 גרם,false,0,21.90,10.43,true,1,
18000703494,false,תערובת לעוגת וניל 500גרם,ג'נרל מילס,IL,תערובת לעוגה,גרמים,500.00,100 גרם,false,0,19.90,3.98,true,1,
24000181590,false,חצאי אפרסק,,,חצאי אפרסק,גרמים,825.00,100 גרם,false,0,11.50,1.39,true,1,
35000764522,false,משחה קולגייט מקס פרש100מ,קולגייט-פלמוליב,PL,משחת שיניים,מיליליטרים,100.00,"100 מ""ל",false,0,14.90,14.90,true,1,
36000258660,false,קלינקס לושן  אלוורה 120,קלינקס,IL,קלינקס לושן,יחידה,1.00,יחידה,false,0,17.70,17.70,true,1,
37600207188,false,חמאת בוטנים קלאסי 462גרם,הורמל,US,חמאת בוטנים,גרמים,462.00,100 גרם,false,0,20.90,4.52,true,1,
38000138416,false,פרינגלס אורגינל 149 גרם,פרינגלס מנופקצ'ורינג קונ,US,פרינגלס אורגינל,גרמים,149.00,100 גרם,false,1,10.60,7.11,true,1,
38000138546,false,פרינגלס ברביקיו 158 גרם,פרינגלס מנופקצ'ורינג קונ,US,פרינגלס ברביקיו,גרמים,158.00,100 גרם,false,1,10.60,6.71,true,1,
41390000027,false,"רוטב סויה קיקומן 296 מ""ל",קיקומן פודז אינק,US,רוטב סויה קיקומן,מיליליטרים,296.00,"100 מ""ל",false,0,15.90,5.37,true,1,
41390001079,false,"רוטב סויה דל נתרן 444מ""ל",קיקומן פודז אינק,IL,רוטב סויה,מיליליטרים,444.00,"100 מ""ל",false,0,21.90,4.93,true,1,
41390010309,false,רוטב טריאקי קיקומן 444מל,קיקומן פודז אינק,US,רוטב טריאקי,מיליליטרים,444.00,"100 מ""ל",false,0,21.90,4.93,true,1,
46214731552,false,עוגיות שוקולד צ'יפס225גר,מרבה,NL,עוגיות ש.צ'יפס,גרמים,225.00,100 גרם,false,0,12.00,5.33,true,1,
49508100010,false,בייגל דק חרדל דבש בצל204,סנק פקטורי,US,בייגל דק,גרמים,204.00,100 גרם,false,1,10.00,4.90,true,1,
74570024001,false,"גל.שמנת תות שדה 473 מ""ל",האגן דאז,FR,"גלידת ""האגן דא",מיליליטרים,473.00,"100 מ""ל",false,0,35.00,7.40,true,1,
74570174003,false,גל.שמנת אגוזי מקדמיה473מ,האגן דאז,FR,"גלידת ""האגן דא",מיליליטרים,473.00,"100 מ""ל",false,0,35.00,7.40,true,1,
74570274000,false,גל.שמנת קרם עוגיות 473מל,האגן דאז,FR,"גלידה ""האגן דא",מיליליטרים,473.00,"100 מ""ל",false,0,35.00,7.40,true,1,
74570703890,false,גל.שמנת עם פרלינים 473מל,האגן דאז,FR,"גלידה ""האגן דא",מיליליטרים,473.00,"100 מ""ל",false,0,35.00,7.40,true,1,
74570950010,false,גל.שמנת עוג'גבינה+תות473,האגן דאז,FR,"גלידה ""האגן דא",מיליליטרים,473.00,"100 מ""ל",false,0,35.00,7.40,true,1,
76840100583,false,גלידת וניל עם בצק עוגיות,מוצרי איכות אמריקאיים,IL,גל.בןאנדג'ריס,מיליליטרים,473.00,"100 מ""ל",false,0,29.90,6.32,true,1,
76840220267,false,יוגורט יווני בננה  חמאת,מוצרי איכות אמריקאיים,IL,גלידה בן  ג'ריס,מיליליטרים,473.00,"100 מ""ל",false,0,29.90,6.32,true,1,
76840400027,false,גלידה בטעם שוקולד,מוצרי איכות אמריקאיים,US,גלידת בן & ג'ר,מיליליטרים,500.00,"100 מ""ל",false,0,29.90,5.98,true,1,
76840400218,false,גל.עוגת גבינה עם תות 420,מוצרי איכות אמריקאיים,IL,גל.עוגת גבינ.תות,גרמים,420.00,100 גרם,false,0,29.90,7.12,true,1,
76840580743,false,שוקולד בראוניס ללא חלב,מוצרי איכות אמריקאיים,IL,גל.בן אנד ג'ריס,מיליליטרים,473.00,"100 מ""ל",false,1,33.90,7.17,true,1,
76840580750,false,גל.צאנקי מאנקי ללא חלב 2,מוצרי איכות אמריקאיים,IL,גל' בן אנד ג'ריס,מיליליטרים,473.00,"100 מ""ל",false,1,33.90,7.17,true,1,
76840580774,false,קרמל פאדג' ללא חלב 473 מ,מוצרי איכות אמריקאיים,IL,בן אנד ג'ריס,מיליליטרים,473.00,"100 מ""ל",false,1,33.90,7.17,true,1,
76840620029,false,"גלידה תות 500 מ""ל",מוצרי איכות אמריקאיים,IL,גלידה בן & ג'ר,מיליליטרים,500.00,"100 מ""ל",false,0,29.90,5.98,true,1,
76840620036,false,גלידה חצי אפוי 433 גרם,מוצרי איכות אמריקאיים,IL,גלידה בן&ג'ריס,מיליליטרים,433.00,"100 מ""ל",false,1,29.90,6.91,true,1,
77245110597,false,סוכריות מאסט לימון 80גרם,שטראוס,PL,סוכריות מאסט,גרמים,80.00,100 גרם,false,0,8.90,11.13,true,1,
96086001338,false,"מצות הגדה - אביב 1 ק""ג",מצות אביב,IL,מצות הגדה-אביב,קילוגרמים,1.00,"ק""ג",false,0,14.90,14.90,true,1,
608614248407,false,סלק אדום שלם מבושל 500גר,LUNOR,FR,סלק אדום שלם,גרמים,500.00,100 גרם,false,1,9.00,1.80,true,1,
616932184314,false,חסה חמאה הידרופונית יח,קטיף.,IL,חסה הידרופונית,יחידה,1.00,יחידה,false,0,11.90,11.90,true,1,
617395100019,false,חסה רומית הידרופוני יח,קטיף.,IL,חסה רומית הידרופ,יחידה,1.00,יחידה,false,1,11.90,11.90,true,1,
617395100026,false,חסה הולנדיה הידרופוני יח,קטיף.,IL,חסה הולנדיה,יחידה,1.00,יחידה,false,1,11.90,11.90,true,1,
617395100033,false,חסה מסולסלת הידרופוני יח,קטיף.,IL,חסה מסולסלת,יחידה,1.00,יחידה,false,1,11.90,11.90,true,1,
649660432020,false,שזיף מיובש נטול גלעין567,היל ויו פקינג קומפני,US,שזיף מיובש,גרמים,567.00,100 גרם,false,1,24.90,4.39,true,1,
703170711607,false,חטיף קרקר סגנ.מסורתי150ג,גר.אי.אסמ.אמ. גרופו,IT,חטיף קרקר,גרמים,150.00,100 גרם,false,1,11.90,7.93,true,1,
703170711669,false,חטיף קרקר+זרעי צ'יה150גר,גר.אי.אסמ.אמ. גרופו,IT,חטיף קרקר,גרמים,150.00,100 גרם,false,1,11.90,7.93,true,1,
728229123811,false,צ'יפס מתובל 110 גרם,גלובל פרודאכט,US,צ'יפס מתובל,גרמים,110.00,100 גרם,false,0,15.90,14.45,true,1,
768404001640,false,"גל.בטעם קפה 500מ""ל",מוצרי איכות אמריקאיים,US,גלידת בן & ג'ריס,מיליליטרים,500.00,"100 מ""ל",false,0,29.90,5.98,true,1,
801541080434,false,תה טולסי צ'אי מסאלה 25שק,אורגניק אינדיה,IN,תה טולסי,גרמים,52.00,100 גרם,false,1,19.90,38.27,true,1,
801541500031,false,טולסי תה ירוק+רימון 25שק,אורגניק אינדיה,IN,תה טולסי 25 שק.,גרמים,50.00,100 גרם,false,1,19.90,39.80,true,1,
801541512324,false,תה טולסי כורכום ג'ינגר25,אורגניק אינדיה,IN,תה טולסי 25 שק.,גרמים,47.00,100 גרם,false,1,19.90,42.34,true,1,
801541514274,false,תה קינמון ורדים 1.8*25גר,אורגניק אינדיה,IN,תה טולסי 25 שק.,יחידה,1.00,יחידה,false,1,19.90,19.90,true,1,
810607023100,false,פופקורנרס מלח 85 גרם,פיירבנקס,US,פופקורנרס מלח,גרמים,85.00,100 גרם,false,1,6.50,7.65,true,1,
810607023124,false,פופקורנרס חלפינו 85 גרם,פיירבנקס,US,פופקורנרס חלפינו,גרמים,85.00,100 גרם,false,1,6.50,7.65,true,1,
818570007066,false,וניל טהור וויטקינס 29 מל,ג'י.אר. ווטקינס,US,וניל טהור,מיליליטרים,29.00,"100 מ""ל",false,1,32.90,113.45,true,1,
842982100220,false,סוללת SOS חרום לנייד,אנרג'ייזר,CN,סוללת חרום לנייד,יחידה,1.00,יחידה,false,1,34.90,34.90,true,1,
856591000055,false,עוגיות מזרחיות קריספי400,עבאדי,IL,עוגיות מזרחיות,גרמים,400.00,100 גרם,false,1,19.70,4.93,true,1,
856591000062,false,עוגיות מזרחיות מלח400גרם,עבאדי,IL,עוגיות מזרחיות,גרמים,400.00,100 גרם,false,0,19.70,4.93,true,1,
856591000109,false,עוגיות מזרחיות פריכות400,עבאדי,IL,עוגיות מזרחיות,גרמים,400.00,100 גרם,false,0,19.70,4.93,true,1,
884912012791,false,הני בנצ'ס קינמון 411 גרם,פוסט,US,דגני הני בנצ'ס,גרמים,411.00,100 גרם,false,1,25.70,6.25,true,1,
884912014252,false,פוסט הני בנצ'ס אלמונד411,פוסט,US,דגני הני בנצ'ס,גרמים,411.00,100 גרם,false,0,25.70,6.25,true,1,
884912103703,false,פוסט וופל קריספ 325 גרם,פוסט,,פוסט וופל קריספ,גרמים,325.00,100 גרם,false,0,23.70,7.29,true,1,
884912126115,false,דגני גרייט גריינס דטה453,פוסט,US,דגני גרייט גרינס,גרמים,453.00,100 גרם,false,0,26.70,5.89,true,1,
3045140105502,false,שוקולד חלב מילקה 100 גרם,מונדלייז,DE,שוקולד חלב מילקה,גרמים,100.00,100 גרם,false,0,7.90,7.90,true,1,
3046920028370,false,שוק.לינדט אקסלנס תפוז100,לינדט ושפרונגלי קילשברג,CH,שוקולד לינדט,גרמים,100.00,100 גרם,false,0,18.20,18.20,true,1,
3046920028721,false,שוק.אקסלנס מריר 99% 50ג,לינדט ושפרונגלי קילשברג,FR,שוקולד אקסלנס,גרמים,50.00,100 גרם,false,1,18.20,36.40,true,1,
3046920028752,false,שוק.לינדט אקסלנס נענע100,לינדט ושפרונגלי קילשברג,FR,שוקולד לינדט,גרמים,100.00,100 גרם,false,0,18.20,18.20,true,1,
3046920029674,false,שוק.לינדט אקסלנס מלח100ג,לינדט ושפרונגלי קילשברג,FR,שוקולד לינדט,גרמים,100.00,100 גרם,false,0,18.20,18.20,true,1,
3046920029759,false,שוק.אקסלנס 90% קקאו 100ג,לינדט ושפרונגלי קילשברג,DE,שוקולד אקסלנס,גרמים,100.00,100 גרם,false,1,18.20,18.20,true,1,
3046920029780,false,שוקולד אקסלנס70%מילד100ג,לינדט ושפרונגלי קילשברג,DE,שוקולד אקסלנס,גרמים,100.00,100 גרם,false,1,18.20,18.20,true,1,
3059943016507,false,אירויק ספריי לבנדר 240מל,רקיט בנקיזר,GB,אירויק ספריי,מיליליטרים,240.00,"100 מ""ל",false,0,11.90,4.96,true,1,
3073780828628,false,גבינה בייבי בל אדום 120ג,נטו,FR,גבינה בייבי בל,גרמים,120.00,100 גרם,false,0,19.90,16.58,true,1,
3175460000017,false,גבינת בורסן,,FR,גבינת בורסן,גרמים,150.00,100 גרם,false,0,20.70,13.80,true,1,
3175460000062,false,גבינת בורסאן,,FR,גבינת בורסאן,גרמים,150.00,100 גרם,false,0,20.70,13.80,true,1,
3254550033279,false,גבינת קממבר 250 גרם,איזיני סנט מר,FR,גבינת קממבר,גרמים,250.00,100 גרם,false,1,29.90,11.96,true,1,
3387390320244,false,דגני בוקר פיטנס+פירות375,נסטלה,FR,דגני פיטנס,גרמים,375.00,100 גרם,false,0,23.90,6.37,true,1,
3387390525960,false,קראנץ' דגני בוקר 500 גרם,נסטלה,FR,קראנץ דגני בוקר,גרמים,500.00,100 גרם,false,0,25.00,5.00,true,1,
3415581106183,false,"גל.פירות יער 473מ""ל",האגן דאז,IL,גל.פרות יער,מיליליטרים,473.00,"100 מ""ל",false,8,35.00,7.40,true,1,
3415581117110,false,גלידת קרמל וביסקוויטים,האגן דאז,FR,גלידת קרמל,מיליליטרים,500.00,"100 מ""ל",false,0,35.00,7.00,true,1,
3415581187113,false,גלידת בראוניס וקרמל500מל,האגן דאז,FR,גלידת בראוניס,מיליליטרים,500.00,"100 מ""ל",false,0,35.00,7.00,true,1,
3460511200219,false,קורנפלקס סמיילי 375 גרם,SEVENDAY,FR,קורנפלקס סמיילי,גרמים,375.00,100 גרם,false,1,8.90,2.37,true,1,
3523230025638,false,בושה עיזים טבעי,,FR,בושה עיזים טבעי,גרמים,125.00,100 גרם,false,0,23.90,19.12,true,1,
3523230025652,false,מיני בושה שום+ע.תיבול125,אוריאל,FR,מיני בושה שום,גרמים,125.00,100 גרם,false,1,23.90,19.12,true,1,
3523230045827,false,סנט מור חלב עיזים 160 גר,אוריאל,FR,סנט מור,גרמים,160.00,100 גרם,false,1,24.90,15.56,true,1,
3563490014898,false,חרדל ריין דיז'ון לחיץ265,ריין דיג'ון,FR,חרדל דיז'ון,גרמים,265.00,100 גרם,false,0,13.10,4.94,true,1,
3574661324173,false,60קרפרי אולטרה דק אלוורה,ג'ונסון,GB,קרפרי,יחידה,1.00,יחידה,false,1,23.90,23.90,true,1,
3608580730231,false,קונפיטורת תות שדה 370גרם,אנדורס,FR,קונפיטורת תות,גרמים,370.00,100 גרם,false,1,15.90,4.30,true,1,
3608580730248,false,קונפיטורת דובדבנים 370ג,אנדורס,FR,קונפיטורת דובדבן,גרמים,370.00,100 גרם,false,1,15.90,4.30,true,1,
3700230200771,false,בגט צרפתי,International Neuhauser,IL,בגט צרפתי,יחידה,1.00,יחידה,false,0,6.90,6.90,true,1,
3800020423578,false,חטיף קיט קאט צ'אנקי40גרם,נסטלה,BG,חטיף קיט קאט,גרמים,40.00,100 גרם,false,0,4.50,11.25,true,1,
4002448017684,false,"סיליט באנג ספריי 750 מ""ל",רקיט בנקיזר,IL,סיליט באנג ספריי,מיליליטרים,750.00,"100 מ""ל",false,0,21.60,2.88,true,1,
4002448019480,false,סיליט באנג מסיר שומן750מ,רקיט בנקיזר,IT,סיליט באנג,מיליליטרים,750.00,"100 מ""ל",false,0,21.60,2.88,true,1,
4006067084225,false,קפה נמס ארומה עשירה100גר,מ.דוידס,PL,קפה נמס דוידוף,גרמים,100.00,100 גרם,false,0,25.10,25.10,true,1,
4009300525684,false,חליטת לימון ג'ינג'ר20שק,טייקנה,DE,חליטת לימון,גרמים,35.00,100 גרם,false,0,18.50,52.86,true,1,
4009900013581,false,מסטיק סטיקס ספירמינט 5יח,ריגלי,FR,מסטיק סטיקס,גרמים,65.00,100 גרם,false,0,11.50,17.69,true,1,
4009900385824,false,מסטיק סטיקס פפרמינט 5 יח,ריגלי,FR,מסטיק סטיקס,גרמים,65.00,100 גרם,false,0,11.50,17.69,true,1,
4009900387101,false,מסטיק פרופשיונל מנטה 3יח,ריגלי,PL,מסטיק אורביט,גרמים,42.00,100 גרם,false,0,9.30,22.14,true,1,
4009900402965,false,אורביט וייט פירות 64גרם,ריגלי,PL,אורביט בקבוקון,גרמים,64.00,100 גרם,false,0,10.90,17.03,true,1,
4009900403023,false,מסטיק אורביט ויט מנטה64ג,ריגלי,PL,אורביט בקבוקון,גרמים,64.00,100 גרם,false,0,10.90,17.03,true,1,
4009900412117,false,אורביט ספירמינט בקבוק64ג,ריגלי,PL,אורביט בקבוקון,גרמים,64.00,100 גרם,false,1,10.90,17.03,true,1,
4009900426121,false,מסטיק איירוויבז אוכמנ64ג,ריגלי,PL,מסטיק איירוויבז,גרמים,64.00,100 גרם,false,1,10.90,17.03,true,1,
4009900465304,false,סוכריות סקיטלס חמוץ174גר,ריגלי,CZ,סוכריות סקיטלס,גרמים,174.00,100 גרם,false,0,9.80,5.63,true,1,
4009900479998,false,אורביט אוכמניות בקבוק64ג,ריגלי,PL,אורביט בקבוקון,גרמים,64.00,100 גרם,false,0,10.90,17.03,true,1,
4009900482417,false,אורביט באבל מינט בקבוק64,ריגלי,PL,אורביט באבל מינט,גרמים,64.00,100 גרם,false,0,10.90,17.03,true,1,
4009900484008,false,מסטיק בקבוקMאקליפטוס84ג,ריגלי,PL,אורביט בקבוק,גרמים,84.00,100 גרם,false,0,14.90,17.74,true,1,
4009900484060,false,מסטיק בקבוק M פפרמינט84ג,ריגלי,PL,אורביט בקבוק,גרמים,84.00,100 גרם,false,0,14.90,17.74,true,1,
4009900484305,false,מסטיק בקבוקMסוויטמינט84ג,ריגלי,PL,אורביט בקבוק,גרמים,84.00,100 גרם,false,0,14.90,17.74,true,1,
4009900509992,false,מסט.איירוויבז מנטה חזק64,ריגלי,PL,מסטיק איירוויבז,גרמים,64.00,100 גרם,false,1,10.90,17.03,true,1,
4009900512329,false,מסטיק 5 בוקס ספירמינט69ג,ריגלי,RU,מסטיק פייב,גרמים,69.00,100 גרם,false,1,11.50,16.67,true,1,
4009900512350,false,מסטיק 5 בוקס אבטיח69ג,ריגלי,RU,מסטיק פייב,גרמים,69.00,100 גרם,false,1,11.50,16.67,true,1,
4011800628512,false,קורני חט.דגנים+שוקולד6יח,Schwartauer,DE,קורני חטיף דגנים,גרמים,150.00,100 גרם,false,0,16.90,11.27,true,1,
4011800630515,false,קורני 6חט.דגנים+שוק+בננה,Schwartauer,DE,קורני חטיף דגנים,גרמים,150.00,100 גרם,false,0,16.90,11.27,true,1,
4014400920857,false,"סוכ.וורטר לל""ס שוקולד70ג",שטורק,DE,סוכריות וורטר,גרמים,70.00,100 גרם,false,1,9.50,13.57,true,1,
4015000280372,false,דאו.רול און FA ספורט 50,הנקל סוד,DE,דאודורנט FA,מיליליטרים,50.00,"100 מ""ל",false,0,12.90,25.80,true,1,
4015400564034,false,מגן תח.אולוייז מגה פק +L,פרוקטר & גמבל,IL,מגן תחתון אולויז,יחידה,1.00,יחידה,false,0,26.90,26.90,true,1,
4015400598329,false,56אולוויז קוואטרו נורמל+,פרוקטר & גמבל,IL,תחבושות אולוויז,יחידה,1.00,יחידה,false,0,42.50,42.50,true,1,
4015400649762,false,40פמפרס אקטיבבייבי שלב+4,פרוקטר & גמבל,IL,חיתולי פמפרס,יחידה,1.00,יחידה,false,0,51.50,51.50,true,1,
4015400755241,false,28תח.אולוייז דואו נורמל+,פרוקטר & גמבל,DE,תחבושות אולוייז,יחידה,1.00,יחידה,false,1,25.90,25.90,true,1,
4015600763299,false,"הד&שולדרס 2ב1- 600 מ""ל",פרוקטר אנד גמבל,RO,שמפו הד&שולדרס,מיליליטרים,600.00,"100 מ""ל",false,0,28.70,4.78,true,1,
4015600770228,false,פנטן שמפו שמן משקם 600 מ,פרוקטר אנד גמבל,RO,שמפו פנטן שמן,מיליליטרים,600.00,"100 מ""ל",false,0,25.90,4.32,true,1,
4015600815233,false,פנטן שמפו לחות מוגברת600,פרוקטר & גמבל,IL,פנטן שמפו,מיליליטרים,600.00,"100 מ""ל",false,0,25.90,4.32,true,1,
4017100207419,false,ביסקו.שוקו&מור טופי120ג,בלזן,DE,ביסקויט שוקו&מור,גרמים,120.00,100 גרם,false,1,13.90,11.58,true,1,
4017100290008,false,ביסקוויט שוקולד חלב125ג,באלסן,DE,ביסקוויט שוקולד,גרמים,125.00,100 גרם,false,0,11.90,9.52,true,1,
4022025261002,false,"בלו ווין כשר 750 מ""ל",לנגוט טראבן,DE,בלו ווין,מיליליטרים,750.00,"100 מ""ל",false,1,49.90,6.65,true,1,
4025700001023,false,שוק.חלב אגוזים מילקה100ג,מונדלייז,DE,שוקולד מילקה,גרמים,100.00,100 גרם,false,0,7.90,7.90,true,1,
4046234794885,false,קפה צ'יבו בלאק נוויט200ג,צ'יבו,PL,קפה צ'יבו,גרמים,200.00,100 גרם,false,1,20.80,10.40,true,1,
4052197000017,false,"בירה בנדיקטינר 500 מ""ל",בנדיקטינר וויצבראו,DE,בירה בנדיקטינר,מיליליטרים,500.00,"100 מ""ל",false,0,12.80,2.56,true,1,
4084500078758,false,טבליות כביסה אריאל 28 יח,פרוקטר & גמבל,IL,טבליות לכביסה,יחידה,1.00,יחידה,false,0,42.90,42.90,true,1,
4084500853553,false,פיירי אורגינל 650מל,פרוקטר אנד גמבל,GB,נוזל כלים פיירי,מיליליטרים,650.00,"100 מ""ל",false,1,10.90,1.68,true,1,
4607026530212,false,כוסמת,,,כוסמת,גרמים,900.00,100 גרם,false,0,19.40,2.16,true,1,
4607109409619,false,פיניש הכל ב1- 25 טבליות,רקיט בנקיזר,PL,פיניש הכל ב1,יחידה,1.00,יחידה,false,1,33.60,33.60,true,1,
4860019001414,false,מים מינרליים,,,מים מינרליים,מיליליטרים,750.00,"100 מ""ל",false,0,9.70,1.29,true,1,
4891228302924,false,שיק הידרו 5 מכשיר+סכין,אדג'וול,CN,מכשיר שיק הידרו,יחידה,1.00,יחידה,false,1,46.30,46.30,true,1,
4891434225413,false,שמן שומשום 150 גרם,או איק גואם פוד אינדוסטר,SG,שמן שומשום,מיליליטרים,150.00,"100 מ""ל",false,0,12.80,8.53,true,1,
5000159407236,false,חטיף מרס 51 גרם,מרס,NL,חטיף מרס,גרמים,51.00,100 גרם,false,0,4.60,9.02,true,1,
5000159459228,false,חטיף טוויקס 50 גרם,מרס,NL,חטיף טוויקס,גרמים,50.00,100 גרם,false,0,4.60,9.20,true,1,
5000159461122,false,חטיף סניקרס 50 גרם,מרס,NL,חטיף סניקרס,גרמים,50.00,100 גרם,false,0,4.60,9.20,true,1,
5000168186597,false,הובנובס מצופה שוק.חלב300,DIGESTIVE MCVITIES,GB,ביסקוויט מקויטיס,גרמים,300.00,100 גרם,false,1,17.90,5.97,true,1,
5000204657913,false,קיווי משחה שחורה50מל,ג'ונסון,FR,קיווי משחה בשחור,מיליליטרים,50.00,"100 מ""ל",false,0,6.90,13.80,true,1,
5000267014203,false,וויסקי ג'וני ווקר אדום,ג'וני ווקר,GB,ויסקי ג'וני ווקר,מיליליטרים,700.00,"100 מ""ל",false,0,109.90,15.70,true,1,
5000396037944,false,ביסקוויט מקוויטיס 250 גר,DIGESTIVE MCVITIES,GB,ביסקוויט מקויטיס,גרמים,250.00,100 גרם,false,1,13.90,5.56,true,1,
5010182997680,false,"רייד קוטל זוחלים 300 מ""ל",ג'ונסון,NL,רייד נמלים,מיליליטרים,300.00,"100 מ""ל",false,0,23.10,7.70,true,1,
5010327000046,false,"וויסקי גרנט'ס 700 מ""ל",גרנט'ס,SC,וויסקי גרנט'ס,מיליליטרים,700.00,"100 מ""ל",false,0,126.60,18.09,true,1,
5011417549193,false,פיניש קוואנטום 20טב,רקיט בנקיזר,PL,פיניש קטבליות,יחידה,1.00,יחידה,false,1,31.60,31.60,true,1,
5014271400426,false,מעדן תות שדה 284 גרם,סאן דלפור - שמבור,FR,מעדן תות שדה,גרמים,284.00,100 גרם,false,0,20.90,7.36,true,1,
5014271560427,false,מעדן תפוז+ג'ינג'ר 284גרם,סאן דלפור - שמבור,FR,מעדן תפוז+גינג'ר,גרמים,284.00,100 גרם,false,0,20.90,7.36,true,1,
5029053032658,false,ממחטות קלינקס 9*8 יחידות,חוגלה קימברלי,IT,קלינקס שמיניה,יחידה,1.00,יחידה,false,1,8.90,8.90,true,1,
5029053510811,false,28 תח.קוטקס נורמל כנפיים,חוגלה קימברלי,IL,תחבושות קוטקס,יחידה,1.00,יחידה,false,0,22.90,22.90,true,1,
5029053534596,false,32 טמפוני קוטקס נורמל,חוגלה קימברלי,CZ,טמפוני קוטקס,יחידה,1.00,יחידה,false,0,31.10,31.10,true,1,
5035766060253,false,"בירה מרפיס סטאוט 500 מ""ל",היינקן,IE,בירה מרפיס,מיליליטרים,500.00,"100 מ""ל",false,0,12.90,2.58,true,1,
5056051802457,false,צ'יפס בטטה עם צ'ילי125ג,טירלס,GB,צ'יפס בטטה,גרמים,125.00,100 גרם,false,1,14.90,11.92,true,1,
5201940010110,false,זיתים שחורים,,,זיתים שחורים,גרמים,454.00,100 גרם,false,0,19.90,4.38,true,1,
5202300014472,false,"וולפלקס ספריי חזק 250מ""ל",פרוקטר & גמבל,DE,וולהפלקס ספריי,מיליליטרים,250.00,"100 מ""ל",false,0,37.70,15.08,true,1,
5410126106183,false,ביסקוויט לוטוס ארוז 50יח,לוטוס ביקרי,BE,ביסקוויט לוטוס,גרמים,312.00,100 גרם,false,0,19.70,6.31,true,1,
5410126726947,false,ממרח עוג.לוטוס קראנץ380ג,לוטוס ביקרי,BE,ממרח עוגיות,גרמים,380.00,100 גרם,false,0,25.30,6.66,true,1,
5410228144755,false,בירה סטלה ארטואה 330*6מל,קרלסברג יבוא יצוא,IL,בירה סטלה 6 יח',ליטרים,1.98,ליטר,false,0,60.00,30.30,true,1,
5410291022011,false,ממרח אגוזי לוז צ'וקטה350,נאטרא,BE,ממרח אגוזי לוז,גרמים,350.00,100 גרם,false,1,11.90,3.40,true,1,
5410316994019,false,וודקה סמירנוף,,GB,וודקה סמירנוף,מיליליטרים,700.00,"100 מ""ל",false,0,84.90,12.13,true,1,
5411188110842,false,אלפרו משקה אגוזים 1 ליטר,אלפרו,IL,אלפלרו משקה אגוז,ליטרים,1.00,ליטר,false,0,16.80,16.80,true,1,
5411188114666,false,משקה שקדים ט.שוקו.מריר1ל,אלפרו,GB,משקה שקדים,ליטרים,1.00,ליטר,false,1,16.80,16.80,true,1,
5411188118732,false,משקה קוקוס ושקדים 1 ליטר,אלפרו,GB,משקה קוקוס ושקד,ליטרים,1.00,ליטר,false,1,16.80,16.80,true,1,
5411188120988,false,"אלפרו שמנת ע""ב אורז250גר",אלפרו,BE,אלפרו שמנת אורז,גרמים,250.00,100 גרם,false,1,10.80,4.32,true,1,
5601008200444,false,עוג.גודיס שוקולד חלב150ג,מרבה,NL,עוגיות גודיס,גרמים,150.00,100 גרם,false,0,9.80,6.53,true,1,
5601008200468,false,עוגי.גודיס שוקולד לבן150,מרבה,PT,עוגיות גודיס,גרמים,150.00,100 גרם,false,0,9.80,6.53,true,1,
5701932026964,false,הוטפופ טבעי בתוספת מלח,פופז,IL,פופקורן הוטפופ,גרמים,600.00,100 גרם,false,0,17.90,2.98,true,1,
5701932026995,false,הוטפופ טבעי מופחת שומן,פופז,IL,הוטפופ טבעי,גרמים,510.00,100 גרם,false,0,17.90,3.51,true,1,
5706516031358,false,הוטפופ 100קל' לאריזה160ג,פופז,US,הוט פופ 100 קל',גרמים,160.00,100 גרם,false,0,17.90,11.19,true,1,
5711953038419,false,גב.שמנת+תבלינים23.5% 150,ארלה פודס,DK,גבינת שמנת,גרמים,150.00,100 גרם,false,1,10.90,7.27,true,1,
5740900400948,false,חמאה לל.תוס.מלח לורפק100,.,DK,חמאה לורפק,גרמים,100.00,100 גרם,false,1,9.90,9.90,true,1,
5900020015174,false,פיטנס חטיף דגנים שוק6.יח,נסטלה,PL,חטיפי פיטנס 6 יח,גרמים,141.00,100 גרם,false,0,17.90,12.70,true,1,
5900020018908,false,פיטנס חט.דגנים ק.עוגיות6,נסטלה,PL,חטיפי פיטנס 6 יח,גרמים,141.00,100 גרם,false,0,17.90,12.70,true,1,
5900020025647,false,חט.דגנים בר דליס שוק.חלב,סי.פי.,PL,חטיף דגנים פיטנס,גרמים,135.00,100 גרם,false,1,17.90,13.26,true,1,
5902198160403,false,משקה אנרגיה TEN XL,טמפו,IL,משקה אנרגיה,מיליליטרים,250.00,"100 מ""ל",false,1,4.10,1.64,true,1,
6111094000259,false,קוסקוס דארי בינוני500גרם,דארי קוספטה אל-זהרה,MA,קוסקוס דארי,גרמים,500.00,100 גרם,false,1,9.80,1.96,true,1,
6253503710851,false,"בירה אמסטל בקבוק 330 מ""ל",ג'נרל אינווסטמנט,JO,בירה אמסטל בקבוק,מיליליטרים,330.00,"100 מ""ל",false,1,7.90,2.39,true,1,
6487111125343,false,אדממה טבעי קלוי 100גרם,שונות,CN,אדממה טבעי קלוי,גרמים,100.00,100 גרם,false,0,8.90,8.90,true,1,
6487111125367,false,אדממה בנגיעות שום 100גרם,שונות,CN,אדממה שום,גרמים,100.00,100 גרם,false,0,8.90,8.90,true,1,
6924421202017,false,פטריות שי מגי יחידה,חוות פטריות תקוע,IL,פטריות שי מגי,יחידה,1.00,יחידה,false,0,13.00,13.00,true,1,
7290000000022,true,עגבניה חממה,קטיף,IL,עגבניות חממה,קילוגרמים,0.00,"ק""ג",true,0,6.90,6.90,true,1,
7290000000046,true,מלפפון,קטיף.,IL,מלפפונים,קילוגרמים,0.00,"ק""ג",true,0,6.90,6.90,true,1,
7290000000053,true,קישואים,קטיף,IL,קישואים,קילוגרמים,0.00,"ק""ג",true,0,10.90,10.90,true,1,
7290000000084,true,פלפל ירוק בהיר,שותפות מזרחי,IL,פלפל ירוק בהיר,קילוגרמים,0.00,"ק""ג",true,0,9.90,9.90,true,1,
7290000000091,true,פלפל אדום,קטיף,IL,פלפל אדום,קילוגרמים,0.00,"ק""ג",true,0,10.90,10.90,true,1,
7290000000107,true,פלפל ירוק כהה,קטיף.,IL,פלפל ירוק כהה,קילוגרמים,0.00,"ק""ג",true,0,9.90,9.90,true,1,
7290000000114,true,חציל,קטיף,IL,חצילים,קילוגרמים,0.00,"ק""ג",true,0,8.90,8.90,true,1,
7290000000121,true,גזר ארוז,קטיף,IL,גזר ארוז,קילוגרמים,0.00,"ק""ג",true,0,4.90,4.90,true,1,
7290000000138,true,כרוב לבן,קטיף.,IL,כרוב לבן,קילוגרמים,0.00,"ק""ג",true,0,4.90,4.90,true,1,
7290000000145,true,כרוב אדום,קטיף,IL,כרוב אדום,קילוגרמים,0.00,"ק""ג",true,0,5.90,5.90,true,1,
7290000000176,true,כרובית,קטיף.,IL,כרובית,קילוגרמים,0.00,"ק""ג",true,0,10.90,10.90,true,1,
7290000000183,true,סלק,קטיף,IL,סלק,קילוגרמים,0.00,"ק""ג",true,0,5.90,5.90,true,1,
7290000000220,true,קולורבי,קטיף.,IL,קולורבי,קילוגרמים,0.00,"ק""ג",true,0,7.90,7.90,true,1,
7290000000282,true,חסה ערבית יחידה,קטיף,IL,חסה ערבית,יחידה,1.00,יחידה,false,0,4.90,4.90,true,1,
7290000000350,true,פזיל יחידה,קטיף,IL,פזיל-יח',יחידה,1.00,יחידה,false,0,6.90,6.90,true,1,
7290000000398,true,חזרת,קטיף.,IL,חזרת,קילוגרמים,0.00,"ק""ג",true,0,9.90,9.90,true,1,
7290000000411,true,שום מארז יחידה,קטיף,XX,שום מארז יחידה,יחידה,1.00,יחידה,false,0,8.90,8.90,true,1,
7290000000428,true,בטטה מובחר,קטיף,IL,בטטה,קילוגרמים,0.00,"ק""ג",true,0,9.90,9.90,true,1,
7290000000435,true,סלרי עלים יחידה,קטיף,IL,סלרי עלים,יחידה,1.00,יחידה,false,0,6.90,6.90,true,1,
7290000000442,true,נבטי סיניים  יחידה,קטיף,IL,נבטי סיניים יח',יחידה,1.00,יחידה,false,0,7.50,7.50,true,1,
7290000000459,true,נבטי אלפלפא יחידה,קטיף.,IL,נבטי אלפלפא-יח',יחידה,1.00,יחידה,false,0,7.50,7.50,true,1,
7290000000466,true,בצל ירוק יחידה,קטיף.,IL,בצל ירוק,יחידה,1.00,יחידה,false,0,5.90,5.90,true,1,
7290000000480,true,בצל יבש,קטיף.,IL,בצל יבש,קילוגרמים,0.00,"ק""ג",true,0,4.90,4.90,true,1,
7290000000503,true,תפוח אדמה קטן ארוז,קטיף.,IL,"תפו""א קטן ארוז",קילוגרמים,0.00,"ק""ג",true,0,4.90,4.90,true,1,
7290000000510,true,פטרוזיליה יחידה,קטיף,IL,פטרוזיליה,יחידה,1.00,יחידה,false,0,4.90,4.90,true,1,
7290000000527,true,שמיר  יחידה,קטיף,IL,שמיר,יחידה,1.00,יחידה,false,0,4.90,4.90,true,1,
7290000000534,true,סלרי ראש יחידה,קטיף,IL,סלרי ראש,יחידה,1.00,יחידה,false,0,6.90,6.90,true,1,
7290000000541,true,שורש יחידה,קטיף,IL,שורש,יחידה,1.00,יחידה,false,0,6.90,6.90,true,1,
7290000000558,true,כוסברה יחידה,קטיף,IL,כוסברה,יחידה,1.00,יחידה,false,0,4.90,4.90,true,1,
7290000000565,true,נענע יחידה,קטיף,IL,נענע,יחידה,1.00,יחידה,false,0,4.90,4.90,true,1,
7290000000572,true,שומר,קטיף.,IL,שומר,קילוגרמים,0.00,"ק""ג",true,0,7.90,7.90,true,1,
7290000000596,true,תפוח אדמה לבן תפזורת,קטיף,IL,תפוח אדמה תפזורת,קילוגרמים,0.00,"ק""ג",true,0,5.90,5.90,true,1,
7290000000619,true,פלפל חריף,שותפות מזרחי,IL,פלפל חריף,קילוגרמים,0.00,"ק""ג",true,0,9.90,9.90,true,1,
7290000000633,true,עירית יחידה,קטיף,IL,עירית יחידה,יחידה,1.00,יחידה,false,0,6.00,6.00,true,1,
7290000000701,true,פטריות למילוי,קטיף.,IL,פטריות למילוי,קילוגרמים,0.00,"ק""ג",true,0,39.90,39.90,true,1,
7290000000732,true,דלורית,קטיף,IL,דלורית,קילוגרמים,0.00,"ק""ג",true,0,5.90,5.90,true,1,
7290000000848,true,תירס קלוף ארוז,קטיף.,IL,תירס קלוף ארוז,קילוגרמים,0.00,"ק""ג",true,0,9.90,9.90,true,1,
7290000000855,true,פלפל צהוב,קטיף,IL,פלפל צהוב,קילוגרמים,0.00,"ק""ג",true,0,10.90,10.90,true,1,
7290000000954,true,רוקט ג.נחל חידה,קטיף,IL,רוקט+ג.נחל-יח,יחידה,1.00,יחידה,false,0,6.00,6.00,true,1,
7290000001036,true,בצל יבש אדום,קטיף.,XX,בצל יבש אדום,קילוגרמים,0.00,"ק""ג",true,0,6.90,6.90,true,1,
7290000001050,true,בזילקום יחידה,קטיף,IL,בזילקום  יחידה,יחידה,1.00,יחידה,false,0,6.00,6.00,true,1,
7290000001104,true,פטריות חורש יחידה,קטיף,IL,פטריות חורש,יחידה,1.00,יחידה,false,0,10.90,10.90,true,1,
7290000001661,true,גזר תפזורת,קטיף,IL,גזר תפזורת,קילוגרמים,0.00,"ק""ג",true,0,5.90,5.90,true,1,
7290000001692,true,תפוח אדמה אדום ארוז,קטיף,IL,תפוא אדום ארוז,קילוגרמים,0.00,"ק""ג",true,0,5.90,5.90,true,1,
7290000001715,true,תפוח אדמה לבן ארוז,קטיף,IL,תפוח אדמה לבן,קילוגרמים,0.00,"ק""ג",true,0,4.90,4.90,true,1,
7290000001722,true,תפוח אדמה אדום תפזורת,קטיף,IL,"תפו""א אדום תפז'",קילוגרמים,0.00,"ק""ג",true,0,6.90,6.90,true,1,
7290000002040,true,חלה רגילה 500 גרם,מאפית ברמן,IL,חלה רגילה,גרמים,500.00,100 גרם,false,0,4.94,0.99,true,1,
7290000002163,true,חלה שומשום 500גרם   216,מאפית ברמן,IL,חלה שומשום,גרמים,500.00,100 גרם,false,0,9.00,1.80,true,1,
7290000011653,true,גבינה בולגרית5%,,IL,גבינה בולגרית5%,קילוגרמים,0.00,"ק""ג",true,0,80.00,80.00,true,1,
7290000016023,true,גבינה קשה גודה,,IL,גבינה קשה גודה,קילוגרמים,0.00,"ק""ג",true,0,120.00,120.00,true,1,
7290000016030,true,גבינה עזים קשה,,IL,גבינה עזים קשה,קילוגרמים,0.00,"ק""ג",true,0,148.00,148.00,true,1,
7290000023816,false,ברקן קלאסיק א.ריזלינג750,יקבי ברקן,IL,ריזלינג קלאסיק,מיליליטרים,750.00,"100 מ""ל",false,0,30.90,4.12,true,1,
7290000040042,false,יוגורט יופלה תות3% 150גר,תנובה,IL,יופלה תות 3%,גרמים,150.00,100 גרם,false,0,5.20,3.47,true,1,
7290000040066,false,יופלה דובדבן3% 150 גרם,תנובה,IL,יופלה דובדבן3%,גרמים,150.00,100 גרם,false,0,5.20,3.47,true,1,
7290000040080,false,יוגורט יופלה אפרסק3% 150,תנובה,IL,יופלה אפרסק3%,גרמים,150.00,100 גרם,false,0,5.20,3.47,true,1,
7290000040301,false,עין גדי קממבר24% 125 גר,תנובה,IL,עין גדי קממבר,גרמים,125.00,100 גרם,false,0,19.90,15.92,true,1,
7290000040318,false,גבי. עדי ברי רכה24% 125ג,תנובה,IL,גבינת עדי ברי24%,גרמים,125.00,100 גרם,false,0,20.90,16.72,true,1,
7290000040974,false,חלב טרי 2% דל לקטוז 1 ל,תנובה,IL,חלב טרי דל לקטוז,ליטרים,1.00,ליטר,false,0,7.10,7.10,true,1,
7290000041858,false,שמנת חמוצה15% מועשרת200,יטבתה,IL,שמנת חמוצה יטבתה,מיליליטרים,200.00,"100 מ""ל",false,0,2.40,1.20,true,1,
7290000041872,false,"לבן יטבתה 3% 200 מ""ל",יטבתה,IL,לבן יטבתה 3%,מיליליטרים,200.00,"100 מ""ל",false,0,2.00,1.00,true,1,
7290000042008,false,חלב מפוסטר 3%שקית 1 ל',תנובה,IL,חלב 3% בשקית,ליטרים,1.00,ליטר,false,0,5.00,5.00,true,1,
7290000042015,false,חלב 3% מהדרין שקית 1 ל',תנובה,IL,חלב 3% שקית,ליטרים,1.00,ליטר,false,0,5.00,5.00,true,1,
7290000042022,false,חלב על הבוקר1%קרט+.פקק1ל,תנובה,IL,חלב על הבוקר 1%,ליטרים,1.00,ליטר,false,0,8.20,8.20,true,1,
7290000042244,false,חלב 3% שומן בכד 2 ליטר,תנובה,IL,חלב 3% כד 2 ליטר,ליטרים,2.00,ליטר,false,0,11.50,5.75,true,1,
7290000042435,false,חלב מפוסטר 1% בקרטון 1 ל,תנובה,IL,חלב %1 בקרטון,ליטרים,1.00,ליטר,false,0,5.40,5.40,true,1,
7290000042442,false,חלב מפוסטר 3% בקרטון 1 ל,תנובה,IL,חלב תנובה 3%,ליטרים,1.00,ליטר,false,0,5.75,5.75,true,1,
7290000042466,false,חלב מועשר 1% בקרטון 1 ל',תנובה,IL,חלב מועשר בקרטון,ליטרים,1.00,ליטר,false,0,8.20,8.20,true,1,
7290000042503,false,חלב עמיד הומוגני 3% 1 ל',תנובה,IL,חלב עמיד 3%,ליטרים,1.00,ליטר,false,0,7.00,7.00,true,1,
7290000042640,false,"חלב עמיד 3% שומן 250 מ""ל",תנובה,IL,חלב עמיד 3% שומן,מיליליטרים,250.00,"100 מ""ל",false,0,2.60,1.04,true,1,
7290000042855,false,"שוקו בשקית יוטבתה 225מ""ל",יטבתה,IL,שוקו בשקית,מיליליטרים,225.00,"100 מ""ל",false,0,2.60,1.16,true,1,
7290000043111,false,חמאה 200 גרם,תנובה,IL,חמאה תנובה,גרמים,200.00,100 גרם,false,0,7.60,3.80,true,1,
7290000043159,false,חמאה מלוחה 200 גרם,תנובה,IL,חמאה מלוחה תנובה,גרמים,200.00,100 גרם,false,0,9.50,4.75,true,1,
7290000043814,false,שמנת עמידה לקצפת38% 250מ,תנובה,IL,שמנת עמידה לקצפת,מיליליטרים,250.00,"100 מ""ל",false,0,5.95,2.38,true,1,
7290000043890,false,רויון 1.5%  בקרטון 1ל,תנובה,IL,רויון בקרטון1.5%,ליטרים,1.00,ליטר,false,0,10.90,10.90,true,1,
7290000044248,false,רויון בקרטון 1.5% 500 מל,תנובה,IL,רויון בקרטון,מיליליטרים,500.00,"100 מ""ל",false,0,6.40,1.28,true,1,
7290000045917,false,גב.קולאז פרומעז 23% 200ג,תנובה,IL,גבינת פרומעז,גרמים,200.00,100 גרם,false,0,26.70,13.35,true,1,
7290000046020,false,גב.גלבוע 22% במשקל,תנובה,IL,גבינת גלבוע 22%,קילוגרמים,0.00,"ק""ג",true,0,39.25,39.25,true,1,
7290000046327,false,גב.גלבוע פרוסות22% 200גר,תנובה,IL,גבינת גלבוע פרוס,גרמים,200.00,100 גרם,false,0,12.90,6.45,true,1,
7290000046549,false,גבינת מוצרלה,,IL,גבינת מוצרלה,קילוגרמים,0.00,"ק""ג",true,0,79.00,79.00,true,1,
7290000046563,false,גב.קולאז' פרמזן 23%במשקל,תנובה,IL,גבינת פרמזן,גרמים,0.00,"ק""ג",true,0,110.00,110.00,true,1,
7290000047027,false,גב.קולאז' גלעד 27% במשקל,תנובה,IL,גבינת גלעד,קילוגרמים,0.00,"ק""ג",true,0,124.00,124.00,true,1,
7290000047034,false,גבינת רוקפור 25%במשקל,תנובה,IL,גבינת רוקפור,קילוגרמים,0.00,"ק""ג",true,0,126.00,126.00,true,1,
7290000047485,false,גב.בולגרית 24%במשקל,תנובה,IL,גבינה בולגרית,קילוגרמים,0.00,"ק""ג",true,0,60.00,60.00,true,1,
7290000047546,false,גב.כנען 5% 500 גרם,תנובה,IL,גבינת כנען 5%,גרמים,500.00,100 גרם,false,0,24.50,4.90,true,1,
7290000047621,false,גב5%.שומן כשר מהדרין250ג,תנובה,IL,גבינה %5 מהדרי,גרמים,250.00,100 גרם,false,0,4.60,1.84,true,1,
7290000048185,false,גב.לבנה רכה 5% שומן 250ג,תנובה,IL,גבינה לבנה 5%,גרמים,250.00,100 גרם,false,0,4.60,1.84,true,1,
7290000048192,false,גב.לבנה רכה 9% 250 גרם,תנובה,IL,גבינה לבנה 9%,גרמים,250.00,100 גרם,false,0,4.60,1.84,true,1,
7290000048307,false,קוטג' 5% עם זיתים 250 גר,תנובה,IL,קוטג' עם זיתים5%,גרמים,250.00,100 גרם,false,0,5.80,2.32,true,1,
7290000048437,false,גבי. צפתית פיראוס5% 200ג,תנובה,IL,גבינה צפתית 5%,גרמים,200.00,100 גרם,false,0,16.90,8.45,true,1,
7290000051307,false,מארז הפסקת אוכל עוגי,תנובה,IL,מארז הפסקת אוכל,יחידה,1.00,יחידה,false,0,9.60,9.60,true,1,
7290000051352,false,חלב של פעם מלא3.6%-4% 1ל,תנובה,IL,חלב של פעם מלא,ליטרים,1.00,ליטר,false,0,7.40,7.40,true,1,
7290000051376,false,יופלה דיאט אננס 0% 150גר,תנובה,IL,יופלה דיאט אננס,גרמים,150.00,100 גרם,false,0,5.20,3.47,true,1,
7290000051956,false,טל העמק 9%,,,טל העמק 9%,קילוגרמים,0.00,"ק""ג",true,0,79.00,79.00,true,1,
7290000052304,false,"משקה מוקה בקבוק 340 מ""ל",תנובה,IL,משקה מוקה בקבוק,מיליליטרים,340.00,"100 מ""ל",false,0,6.80,2.00,true,1,
7290000052311,false,עמק 15% פרוס בקופסא 200,תנובה,IL,עמק 15% פרוס,גרמים,200.00,100 גרם,false,0,15.90,7.95,true,1,
7290000052717,false,קוטג' +שום שמיר,,IL,קוטג' +שום שמיר,גרמים,250.00,100 גרם,false,0,5.80,2.32,true,1,
7290000055336,false,משקה יוגורט בננ.אפרסק250,תנובה,IL,משקה יוגורט,גרמים,250.00,100 גרם,false,0,5.90,2.36,true,1,
7290000055350,false,גבינת עמק 28% חריץ במשקל,תנובה,IL,גבינת עמק 28%,קילוגרמים,0.00,"ק""ג",true,1,41.30,41.30,true,1,
7290000055565,false,שלגונים מצופים 10,נסטלה,IL,שלגון שוקו בננה,גרמים,600.00,100 גרם,false,0,33.50,5.58,true,1,
7290000056784,false,פטה כבשים5% משקל,,IL,פטה כבשים5% משקל,קילוגרמים,0.00,"ק""ג",true,0,109.00,109.00,true,1,
7290000056845,false,חלב טרי הומוגני3% 1.5ל',תנובה,,חלב תנובה 3%,ליטרים,1.50,ליטר,false,0,8.62,5.75,true,1,
7290000056883,false,יופלה 3% טעמים 150*8גרם,תנובה,IL,יופלה 8 יח במארז,קילוגרמים,1.20,"ק""ג",false,0,31.20,26.00,true,1,
7290000056890,false,יופלה אננס/דובד%0 150*8ג,תנובה,IL,יופלה 0% 8 יח,קילוגרמים,1.20,"ק""ג",false,0,31.20,26.00,true,1,
7290000056951,false,שמנת לבישול 15%,,IL,שמנת לבישול 15%,מיליליטרים,500.00,"100 מ""ל",false,0,16.00,3.20,true,1,
7290000056968,false,שמנת38%,,IL,שמנת38%,מיליליטרים,500.00,"100 מ""ל",false,0,11.90,2.38,true,1,
7290000057088,false,גבינת עמק דק 28% 200 גרם,תנובה,IL,גבינת עמק דק 28%,גרמים,200.00,100 גרם,false,0,15.90,7.95,true,1,
7290000057132,false,יוגורט תנובה1.5%,,IL,יוגורט תנובה1.5%,גרמים,200.00,100 גרם,false,0,3.10,1.55,true,1,
7290000057149,false,יוגורט תנובה 3% 200 גרם,תנובה,IL,יוגורט תנובה 3%,גרמים,200.00,100 גרם,false,0,3.10,1.55,true,1,
7290000057552,false,יופלה עוגת גבינה,,IL,יופלה עוגת גבינה,גרמים,150.00,100 גרם,false,0,5.20,3.47,true,1,
7290000058030,false,8שטוזים משקה תות,,IL,8שטוזים משקה תות,מיליליטרים,800.00,"100 מ""ל",false,0,20.90,2.61,true,1,
7290000060071,false,חטיפ.פריכונים ט.טבעי80גר,"פרח תעשיות מזון בע""מ.",IL,חטיפי פריכונים,גרמים,80.00,100 גרם,false,0,8.20,10.25,true,1,
7290000060163,false,אטריות דקות 400 גרם,אסם,IL,אטריות דקות,גרמים,400.00,100 גרם,false,0,7.50,1.88,true,1,
7290000060217,false,פסטה מקרוני 7 500 גרם,פסטה זארה,IT,פסטה מקרוני 7,גרמים,500.00,100 גרם,false,0,6.50,1.30,true,1,
7290000060248,false,פסטה אסם תלתלים 500 גרם,זארה,IT,פסטה תלתלים,גרמים,500.00,100 גרם,false,0,6.50,1.30,true,1,
7290000060330,false,ספירלי פרפקטו 500 גרם,זארה,IT,ספירלי פרפקטו,גרמים,500.00,100 גרם,false,0,7.60,1.52,true,1,
7290000060415,false,לזניה פרפקטו 500 גרם,פסטה לנסי,IT,לזניה פרפקטו,גרמים,500.00,100 גרם,false,0,15.40,3.08,true,1,
7290000060781,false,פסטה מסולסלת אסם 500 גרם,זארה,IT,פסטה מסולסלת,גרמים,500.00,100 גרם,false,0,6.50,1.30,true,1,
7290000060828,false,פסטה קרניים בינוניות500ג,זארה,IT,פסטה קרניים,גרמים,500.00,100 גרם,false,0,6.50,1.30,true,1,
7290000060859,false,פסטה צדפים אסם 500 גרם,זארה,IT,פסטה צדפים,גרמים,500.00,100 גרם,false,0,6.50,1.30,true,1,
7290000060880,false,פסטה ספגטי מס 8 אסם 500ג,זארה,IT,ספגטי מס' 8,גרמים,500.00,100 גרם,false,0,6.50,1.30,true,1,
7290000060965,false,אטריות רחבות 400 גרם,אסם,IL,אטריות רחבות,גרמים,400.00,100 גרם,false,0,7.50,1.88,true,1,
7290000061450,false,פתיתים אפויים 3צבעים500ג,אסם,IL,פתיתים אפויים,גרמים,500.00,100 גרם,false,0,7.80,1.56,true,1,
7290000061764,false,נסקפה רד מאג 200 גרם,נסטלה,ES,נסקפה רד מאג,גרמים,200.00,100 גרם,false,0,23.90,11.95,true,1,
7290000062242,false,דובונים שמנת בצל 40 גרם,אסם,IL,דובונים שמנת בצל,גרמים,40.00,100 גרם,false,0,4.90,12.25,true,1,
7290000062952,false,מיני קרוטונים מתובל 250ג,עינת תעשיות,IL,מיני קרוטונים,גרמים,250.00,100 גרם,false,0,16.20,6.48,true,1,
7290000063102,false,קמח תופח מאליו 350 גרם,אסם,IL,קמח תופח מאליו,גרמים,350.00,100 גרם,false,0,5.80,1.66,true,1,
7290000063140,false,שקדי מרק רכיבים טבעי400ג,אסם,IL,שקדי מרק אסם,גרמים,400.00,100 גרם,false,0,12.90,3.23,true,1,
7290000063300,false,סירופ ויטמינצ'יק פטל 2ל',בית השיטה,IL,ויטמינצ'יק פטל,ליטרים,2.00,ליטר,false,0,24.90,12.45,true,1,
7290000064321,false,תבשיל מג'דרה 145 גרם,"אסם השקעות בע""מ",IL,תבשיל מג'דרה,גרמים,145.00,100 גרם,false,0,13.10,9.03,true,1,
7290000064758,false,קוסקוס בינוני 350 גרם,קוסקוס מזון,IL,קוסקוס בינוני,גרמים,350.00,100 גרם,false,0,8.80,2.51,true,1,
7290000065557,false,מ.חמה קוסקוס עם ירקות 84,"אסם השקעות בע""מ",IL,מנה חמה קוסקוס,גרמים,84.00,100 גרם,false,0,6.90,8.21,true,1,
7290000065717,false,סירופ ויטמינצ'יק פטל 1ל',בית השיטה,IL,ויטמינצ'יק פטל,ליטרים,1.00,ליטר,false,0,13.90,13.90,true,1,
7290000065724,false,סירופ ויטמינצ'יק לימון1ל,בית השיטה,IL,ויטמינצ'יק לימון,ליטרים,1.00,ליטר,false,0,13.90,13.90,true,1,
7290000066134,false,ביסלי פלאפל 70 גרם,אסם,IL,ביסלי פלאפל,גרמים,70.00,100 גרם,false,0,4.50,6.43,true,1,
7290000066165,false,ביסלי ברביקיו 67 גרם,אסם,IL,ביסלי ברביקיו,גרמים,67.00,100 גרם,false,0,4.50,6.72,true,1,
7290000066172,false,ביסלי פיצה 70 גרם,אסם,IL,ביסלי פיצה,גרמים,70.00,100 גרם,false,0,4.50,6.43,true,1,
7290000066202,false,ביסלי בצל 190 גרם,אסם,IL,ביסלי בטעם בצל,גרמים,190.00,100 גרם,false,0,7.90,4.16,true,1,
7290000066264,false,דובונים-חטיפים מלוחים40ג,אסם,IL,חטיפי דובונים,גרמים,40.00,100 גרם,false,0,4.90,12.25,true,1,
7290000066318,false,במבה 80 גרם,אסם,IL,במבה,גרמים,80.00,100 גרם,false,0,4.90,6.13,true,1,
7290000066349,false,אפרופו 100 גרם,אסם,IL,אפרופו חטיף תירס,גרמים,100.00,100 גרם,false,0,9.30,9.30,true,1,
7290000066943,false,סירופ ויטמינצ'יק ענבים1ל,בית השיטה,IL,ויטמינצ'יק ענבים,ליטרים,1.00,ליטר,false,0,13.90,13.90,true,1,
7290000067599,false,מנה חמה ספגטי בולונז 65ג,אסם,IL,מנה חמה בולונז,גרמים,65.00,100 גרם,false,0,6.90,10.62,true,1,
7290000068152,false,"רוטב צלי בשר כשל""פ 22גרם",אסם,IL,רוטב צלי בשר,גרמים,22.00,100 גרם,false,0,4.50,20.45,true,1,
7290000068169,false,אינסטנט פודינג שוקולד95ג,אסם,IL,אינסטנט פודינג,גרמים,95.00,100 גרם,false,0,5.70,6.00,true,1,
7290000068190,false,ג'לי בטעם תות 90 גרם,אסם,IL,ג'לי בטעם תות,גרמים,90.00,100 גרם,false,0,7.50,8.33,true,1,
7290000068787,false,"במבה יום הולדת 25ג בד""צ",אסם,IL,במבה יום הולדת,גרמים,25.00,100 גרם,false,0,2.50,10.00,true,1,
7290000070322,false,מרק פטריות ר.טבעיים400גר,אסם,IL,מרק פטריות אסם,גרמים,400.00,100 גרם,false,0,28.90,7.23,true,1,
7290000070384,false,מרק בטעם עוף זך עדיף400ג,אסם,IL,מרק בטעם עוף,גרמים,400.00,100 גרם,false,0,16.90,4.23,true,1,
7290000072623,false,קטשופ בקבוק לחיץ 750 גרם,אסם,IL,קטשופ בקבוק לחיץ,גרמים,750.00,100 גרם,false,0,12.50,1.67,true,1,
7290000072753,false,נסקפה טסטר'ס צ'ויס200ג,נסטלה,KR,נסקפה טסטרס צויס,גרמים,200.00,100 גרם,false,0,32.90,16.45,true,1,
7290000072777,false,טסטרס צ'ויס נט.קפאין200,נסטלה,KR,קפה טסטרס צויס,גרמים,200.00,100 גרם,false,0,39.60,19.80,true,1,
7290000072968,false,סיני מיניס 500 גרם,נסטלה,PL,דגני נסטלה,גרמים,500.00,100 גרם,false,0,27.70,5.54,true,1,
7290000073767,false,מ.חמה נודלס טעם בקר70ג,טאי רזידנט,TH,מנה חמה נודלס,גרמים,70.00,100 גרם,false,0,7.80,11.14,true,1,
7290000074153,false,פתי בר בטעם שוקולד500גרם,אסם,IL,פתי בר שוקו,גרמים,500.00,100 גרם,false,0,15.00,3.00,true,1,
7290000074184,false,ביסקוויט פתי בר 500 גרם,אסם,IL,ביסקוויט פתי בר,גרמים,500.00,100 גרם,false,0,12.00,2.40,true,1,
7290000074245,false,קרם קרקר 250 גרם,אסם,IL,קרם קרקר אסם,גרמים,250.00,100 גרם,false,0,11.60,4.64,true,1,
7290000074252,false,קרקר שומשום 250 גרם,אסם,IL,קרקר שומשום אסם,גרמים,250.00,100 גרם,false,0,11.20,4.48,true,1,
7290000074375,false,קרקר זהב 150 גרם,אסם,IL,קרקר זהב אסם,גרמים,150.00,100 גרם,false,0,8.10,5.40,true,1,
7290000074481,false,לחמית אגוזים 160 גרם,אסם,IL,לחמית אגוזים,גרמים,160.00,100 גרם,false,0,11.60,7.25,true,1,
7290000074962,false,עוג.מיני שוקוצ'יפס 225גר,כרמית,IL,עוגיות שוקוצ'יפס,גרמים,225.00,100 גרם,false,0,11.60,5.16,true,1,
7290000077017,false,קרמוגית ממולא שוקו200.גר,אסם,IL,קרמוגית שוקולד,גרמים,200.00,100 גרם,false,0,12.70,6.35,true,1,
7290000078212,false,קרוטונים מתובלים 250גרם,עינת,IL,קרוטונים מתובל,גרמים,250.00,100 גרם,false,0,15.80,6.32,true,1,
7290000079233,false,קרם קרקר דל נתרן 250 גרם,אסם,IL,קרם קרקר דיאט,גרמים,250.00,100 גרם,false,0,11.60,4.64,true,1,
7290000080765,false,טוסטעים פת קלוי+שומשו100,ון דר מולן,NL,טוסטעים +שומשו,גרמים,100.00,100 גרם,false,0,11.40,11.40,true,1,
7290000090030,true,מאפה נפולאון מחיר לפי מש,גידרון,IL,מאפה נפוליאון,קילוגרמים,0.00,"ק""ג",true,0,39.00,39.00,true,1,
7290000090832,true,בייגל אמריקאי רגיל,גידרון,IL,בייגל אמריקאי,יחידה,1.00,יחידה,false,0,4.40,4.40,true,1,
7290000091808,true,בייגל שמינייה,גידרון,IL,בייגל שמינייה,יחידה,1.00,יחידה,false,0,4.40,4.40,true,1,
7290000092614,true,טורקי פטריות במשקל,גידרון,IL,טורקי פטריות,קילוגרמים,0.00,"ק""ג",true,0,39.00,39.00,true,1,
7290000094199,true,לחם חצי ג'בטה,גידרון,IL,חצי ג'בטה לבן,יחידה,1.00,יחידה,false,0,4.40,4.40,true,1,
7290000095486,true,"פילו תפו""ע פרימיום לקג",גידרון,IL,"פילו תפו""ע",קילוגרמים,0.00,"ק""ג",true,0,52.00,52.00,true,1,
7290000096919,true,טורקי גבינה במשקל,גידרון,IL,טורקי גבינה,קילוגרמים,0.00,"ק""ג",true,0,39.00,39.00,true,1,
7290000096926,true,שנייק פיצה חלבי במשקל,גידרון,IL,שנייק פיצה,קילוגרמים,0.00,"ק""ג",true,0,39.00,39.00,true,1,
7290000097596,true,לחמנית 1/3 באגט,גידרון,IL,לחמנית בגט,יחידה,1.00,יחידה,false,0,3.00,3.00,true,1,
7290000097633,true,לחמניית קשר,גידרון,IL,לחמניית קשר,יחידה,1.00,יחידה,false,0,3.70,3.70,true,1,
7290000097657,true,לחמניית חלה,גידרון,IL,לחמניית חלה,יחידה,1.00,יחידה,false,0,4.40,4.40,true,1,
7290000098296,true,לחמניית אצבע,גידרון,IL,לחמניית אצבע,יחידה,1.00,יחידה,false,0,2.40,2.40,true,1,
7290000099248,true,בורקס גבינה במשקל,גידרון,IL,בורקס גבינה,קילוגרמים,0.00,"ק""ג",true,0,39.00,39.00,true,1,
7290000099255,true,בורקס תפוח אדמה מחיר לקג,גידרון,IL,"בורקס תפו""א",קילוגרמים,0.00,"ק""ג",true,0,39.00,39.00,true,1,
7290000099385,true,גביניות במשקל,גידרון,IL,גביניות,קילוגרמים,0.00,"ק""ג",true,0,39.00,39.00,true,1,
7290000099415,true,רוגלך במשקל,גידרון,IL,רוגלך,קילוגרמים,0.00,"ק""ג",true,0,39.00,39.00,true,1,
7290000099439,true,קרואסון קטן במשקל,גידרון,IL,קרואסונים קטני,קילוגרמים,0.00,"ק""ג",true,0,39.00,39.00,true,1,
7290000099477,true,קרואסון ביס שוקולד במשקל,גידרון,IL,קרואסון שוקולד,קילוגרמים,0.00,"ק""ג",true,0,39.00,39.00,true,1,
7290000099835,true,קוקיס שוקולד חלב במשקל,גידרון,IL,קוקיס שוקולד,קילוגרמים,0.00,"ק""ג",true,0,57.00,57.00,true,1,
7290000099927,true,בורקיטס במשקל,גידרון,IL,בורקיטס,קילוגרמים,0.00,"ק""ג",true,0,39.00,39.00,true,1,
7290000101194,false,סלק אדום שלם קפוא 800גרם,תנובה,IL,סלק אדום שלם,גרמים,800.00,100 גרם,false,1,24.90,3.11,true,1,
7290000104201,false,אפונה עדינה 600 גרם,סנפרוסט,IL,אפונה עדינה קפוא,גרמים,600.00,100 גרם,false,0,19.90,3.32,true,1,
7290000104676,false,אפונה ירוקה מוקפאת 800גר,סנפרוסט,IL,אפונה ירוקה קפוא,גרמים,800.00,100 גרם,false,0,19.90,2.49,true,1,
7290000104683,false,שעועית שלמה מוקפאת 800 ג,סנפרוסט,IL,שעועית שלמה-קפוא,גרמים,800.00,100 גרם,false,0,23.90,2.99,true,1,
7290000104720,false,שעועית ירוקה חתוכה 800 ג,סנפרוסט,IL,שעועית ירוקה,גרמים,800.00,100 גרם,false,0,20.90,2.61,true,1,
7290000104737,false,שעועית צהובה חתוכה 800 ג,סנפרוסט,IL,שעועית צהובה,גרמים,800.00,100 גרם,false,0,20.60,2.58,true,1,
7290000104744,false,כרובית מוקפאת 800 גרם,סנפרוסט,IL,כרובית מוקפאת,גרמים,800.00,100 גרם,false,0,28.00,3.50,true,1,
7290000104768,false,תרד עלים מוקפא 800 גרם,סנפרוסט,IL,תרד עלים מוקפא,גרמים,800.00,100 גרם,false,0,28.40,3.55,true,1,
7290000104775,false,מדליוני תרד קפוא 800 גרם,סנפרוסט,IL,מדליוני תרד קפ,גרמים,800.00,100 גרם,false,0,27.80,3.48,true,1,
7290000104799,false,שעועית לבנה מבושלת 800גר,סנפרוסט,IL,שעועית לבנה,גרמים,800.00,100 גרם,false,0,21.70,2.71,true,1,
7290000104805,false,גרגרי חומוס מבושל 800גרם,סנפרוסט,IL,גרגרי חומוס קפוא,גרמים,800.00,100 גרם,false,0,21.70,2.71,true,1,
7290000104829,false,"קלחוני תירס 1 ק""ג",סנפרוסט,IL,קלחוני תירס קפוא,קילוגרמים,1.00,"ק""ג",false,0,22.30,22.30,true,1,
7290000104836,false,שעועית עדינה שלמה 600גרם,סנפרוסט,IL,שעועית שלמה קפוא,גרמים,600.00,100 גרם,false,0,25.90,4.32,true,1,
7290000107189,false,ארטישוק תחתיות 400 גרם,סנפרוסט,IL,תחתיות ארטישוק,גרמים,400.00,100 גרם,false,0,24.70,6.18,true,1,
7290000107295,false,תפרחות ברוקולי 800 גרם,סנפרוסט,IL,ברוקולי מוקפא,גרמים,800.00,100 גרם,false,0,28.90,3.61,true,1,
7290000110035,false,מרגר.בלובנד לבישול 200גר,יוניליוור,IL,מרגרינה בלובנד,גרמים,200.00,100 גרם,false,0,4.70,2.35,true,1,
7290000110073,false,מרגרינה בטעם חמאה 200גר,יוניליוור,IL,מחמאה מרגרינה,גרמים,200.00,100 גרם,false,0,5.00,2.50,true,1,
7290000111186,false,מיונז אמיתי תלמה 500 גרם,יוניליוור,IL,מיונז אמיתי תלמה,גרמים,500.00,100 גרם,false,0,10.40,2.08,true,1,
7290000111353,false,"מיונז אמיתי תלמה 1 ק""ג",יוניליוור,IL,מיונז אמיתי תלמה,קילוגרמים,1.00,"ק""ג",false,0,18.90,18.90,true,1,
7290000111360,false,חרדל אמיתי תלמה 250 גרם,יוניליוור,IL,חרדל אמיתי תלמה,גרמים,250.00,100 גרם,false,0,6.90,2.76,true,1,
7290000112220,false,טחינה גולמית 100% 500 גר,רושדי תעשיות מזון,IL,טחינה גולמית,גרמים,500.00,100 גרם,false,0,16.90,3.38,true,1,
7290000112619,false,מרק עוף קנור 400 גרם,יוניליוור,IL,מרק עוף אמיתי,גרמים,400.00,100 גרם,false,0,22.90,5.73,true,1,
7290000112770,false,מרק עשיר אפונה קנור117גר,יוניליוור,IL,מרק אפונה קנור,גרמים,117.00,100 גרם,false,0,10.20,8.72,true,1,
7290000116921,false,רוטב צ'ילי מתוק קנור300מ,יוניליוור,IL,רוטב צ'ילי מתוק,מיליליטרים,300.00,"100 מ""ל",false,0,12.50,4.17,true,1,
7290000120836,false,מיונז הלמנס 394 גרם,יוניליוור,US,מיונז הלמנס,גרמים,394.00,100 גרם,false,0,12.80,3.25,true,1,
7290000122175,false,"תמצית וניל אפיכל 50 מ""ל",יוניליוור,IL,תמצית וניל,מיליליטרים,50.00,"100 מ""ל",false,0,5.10,10.20,true,1,
7290000122243,false,"תמצית רום אפיכל 50 מ""ל",יוניליוור,IL,תמצית רום,מיליליטרים,50.00,"100 מ""ל",false,0,5.10,10.20,true,1,
7290000123110,false,מזולה לייט למריחה 250גרם,יוניליוור,IL,מזולה לייט,גרמים,250.00,100 גרם,false,0,9.80,3.92,true,1,
7290000123172,false,מזולה בגביע טעם טבעי250ג,יוניליוור,IL,מזולה בגביע,גרמים,250.00,100 גרם,false,0,9.80,3.92,true,1,
7290000129457,false,רוטב פטריות 28 גרם,יוניליוור,IL,רוטב פטריות,גרמים,28.00,100 גרם,false,0,4.60,16.43,true,1,
7290000134826,false,זעתר מעורב 100 גרם,תבליני טעם וריח,IL,זעתר מעורב,גרמים,100.00,100 גרם,false,0,12.80,12.80,true,1,
7290000143200,false,מרכך הוואי לשיער יבש700מ,טרופיקל דגיל,IL,מרכך שיער הוואי,מיליליטרים,700.00,"100 מ""ל",false,0,10.90,1.56,true,1,
7290000144160,false,שמן זית בטעם מודגש 750מל,שמן תעשיות,IL,שמן זית מודגש,מיליליטרים,750.00,"100 מ""ל",false,0,37.90,5.05,true,1,
7290000144474,false,שמן קנולה מועשר 1 ליטר,שמן תעשיות,IL,שמן קנולה,ליטרים,1.00,ליטר,false,0,16.50,16.50,true,1,
7290000144825,false,שמן קנולה פלוס אומגה9 1ל,שמן תעשיות,IL,שמן קנולה מועשר,ליטרים,1.00,ליטר,false,0,17.70,17.70,true,1,
7290000148298,false,מיץ תפוזים 100%טבעי 2 לי,פריגת,IL,מיץ תפוזים סחוט,ליטרים,2.00,ליטר,false,0,26.90,13.45,true,1,
7290000149615,false,סבון נקה 7 לתינוק100*4 ג,נקה,IL,נקה 7 סבון 4 יח,גרמים,400.00,100 גרם,false,0,15.00,3.75,true,1,
7290000159010,false,שניצל דובונים 700גרם,עוף טוב,IL,שניצל דובונים,גרמים,700.00,100 גרם,false,0,40.00,5.71,true,1,
7290000159034,false,שניצל אמיתי קריספי 700גר,עוף טוב,IL,שניצל קריספי בית,גרמים,700.00,100 גרם,false,0,49.00,7.00,true,1,
7290000161358,false,מיונז משמן קנולה 500 גרם,יוניליוור,IL,מיונז אמיתי תלמה,גרמים,500.00,100 גרם,false,0,14.90,2.98,true,1,
7290000162386,false,רוטב שום לסלט 300 גרם,יוניליוור,IL,רוטב שום לסלט,גרמים,300.00,100 גרם,false,0,12.80,4.27,true,1,
7290000162829,false,מיקספלקס פלוס אגוזים400ג,דליסר,,מיקספלקס פלוס,גרמים,400.00,100 גרם,false,0,27.20,6.80,true,1,
7290000166414,false,מזולה לאפיה ללא מלח200ג,יוניליוור,IL,מזולה ללא מלח,גרמים,200.00,100 גרם,false,0,6.50,3.25,true,1,
7290000168173,false,ברנפלקס קרנצ'ים 375 גרם,יוניליוור,IL,ברנפלקס קרנצ'ים,גרמים,375.00,100 גרם,false,0,26.00,6.93,true,1,
7290000168296,false,מרכך פינוק שמן מרוקאי700,יוניליוור,IL,מרכך פינוק,מיליליטרים,700.00,"100 מ""ל",false,0,14.90,2.13,true,1,
7290000169538,false,נמס בכוס עגבנ.וקרוטונים,יוניליוור,IL,נמס בכוס,גרמים,62.00,100 גרם,false,0,7.80,12.58,true,1,
7290000169798,false,עוגי 20% פחות סוכר 500גר,יוניליוור,IL,עוגי מופחת סוכר,גרמים,500.00,100 גרם,false,0,25.40,5.08,true,1,
7290000170053,false,שוקולד פרה חלב 100 גרם,שטראוס,IL,שוקולד פרה חלב,גרמים,100.00,100 גרם,false,0,6.00,6.00,true,1,
7290000170077,false,שוק.מריר 100 גרם,שטראוס,IL,שוקולד מריר,גרמים,100.00,100 גרם,false,0,6.00,6.00,true,1,
7290000170275,false,שוקולד ממולא קרם נוגט100,שטראוס,IL,שוקולד ממולא,גרמים,100.00,100 גרם,false,0,6.60,6.60,true,1,
7290000174037,false,בפלות בטעם לימון 500 גרם,שטראוס,IL,בפלות בטעם לימון,גרמים,500.00,100 גרם,false,0,13.90,2.78,true,1,
7290000174099,false,בפלות בטעם שוקולד 500 גר,שטראוס,IL,בפלות טעם שוקולד,גרמים,500.00,100 גרם,false,0,13.90,2.78,true,1,
7290000174723,false,שוקולית בפחית עלית 500גר,עלית,IL,שוקולית,גרמים,500.00,100 גרם,false,0,13.90,2.78,true,1,
7290000176062,false,קפה טורקי בצלופן 100 גרם,עלית,IL,קפה טורקי בצלופן,גרמים,100.00,100 גרם,false,0,9.50,9.50,true,1,
7290000176079,false,קפה טורקי עם הל 100 גרם,עלית,IL,קפה טורקי עם הל,גרמים,100.00,100 גרם,false,0,9.90,9.90,true,1,
7290000176413,false,קפה נמס 50 גרם,עלית,IL,קפה נמס,גרמים,50.00,100 גרם,false,0,10.90,21.80,true,1,
7290000176420,false,קפה נמס 200 גרם,עלית,IL,קפה נמס,גרמים,200.00,100 גרם,false,0,21.90,10.95,true,1,
7290000176857,false,שוקולד לבן 100 גרם,שטראוס,IL,שוקולד לבן,גרמים,100.00,100 גרם,false,0,6.00,6.00,true,1,
7290000178721,false,תפוציפס בטעם טבעי200גרם,עלית,IL,חטיף תפוצ'יפס,גרמים,200.00,100 גרם,false,0,10.90,5.45,true,1,
7290000187907,false,מגבוני נ.טואלט,,IL,מגבוני נ.טואלט,יחידה,1.00,יחידה,false,0,15.90,15.90,true,1,
7290000187921,false,נ.טואלט לילי קלאסיק 32גל,חוגלה קימברלי,IL,נייר טואלט לילי,מטרים,588.00,100 מטר,false,0,37.90,6.45,true,1,
7290000188355,false,מגבות נייר ניקול 6גלילים,חוגלה קימברלי,IL,מגבות ניקול,מטרים,65.00,מטר,false,0,11.90,0.18,true,1,
7290000188553,false,60מגני תחתון קוטקס סילקN,חוגלה קימברלי,CN,מגן תחתון קוטקס,יחידה,1.00,יחידה,false,0,22.90,22.90,true,1,
7290000188980,false,תח.קוטקס דיזיין סופר 20,קוטקס,IL,תחבושות קוטקס,יחידה,1.00,יחידה,false,0,22.70,22.70,true,1,
7290000189192,false,ניקול מגבת רב שימושית,חוגלה קימברלי,,מטליות נייר,מטרים,18.00,מטר,false,0,17.60,0.98,true,1,
7290000189550,false,שקיות אשפהפחים ענקים10*2,חוגלה קימברלי,IL,זוג אשפתון ענק,יחידה,1.00,יחידה,false,0,28.50,28.50,true,1,
7290000189659,false,10מטליות רצפה לחות ניקול,חוגלה קימברלי,IL,מטליות רצפה לחות,יחידה,1.00,יחידה,false,0,12.50,12.50,true,1,
7290000189871,false,60שקיות אשפה פחים גדולים,,IL,שק. אשפה לפח,יחידה,1.00,יחידה,false,0,26.00,26.00,true,1,
7290000190150,false,מפיות תלת שכבתי מודפס 20,חוגלה קימברלי,IL,מפיות תלת שכבתי,יחידה,1.00,יחידה,false,0,7.90,7.90,true,1,
7290000190174,false,מפיות חד שכבתי זוג 85 יח,חוגלה קימברלי,IL,מפיות חד שכבתי,יחידה,1.00,יחידה,false,0,13.70,13.70,true,1,
7290000191539,false,לילי צבעוני 100*5 יחידות,חוגלה קימברלי,IL,מגבוני לילי 100,יחידה,1.00,יחידה,false,0,15.80,15.80,true,1,
7290000191652,false,קלינקס מעוצב 90*3 יחידות,חוגלה קימברלי,,קלינקס מעוצב 3יח,יחידה,1.00,יחידה,false,0,11.90,11.90,true,1,
7290000194837,false,שקיות מזון,,IL,שקיות מזון,יחידה,1.00,יחידה,false,0,14.50,14.50,true,1,
7290000195544,false,מגב.האגיס בישום עדין72*4,חוגלה קימברלי,IL,מגבוני האגיס 4יח,יחידה,1.00,יחידה,false,0,25.90,25.90,true,1,
7290000197326,false,זוג רדיד.אלומינ0.3*7.5.מ,חוגלה קימברלי,IL,זוג רדידי אלומינ,מטרים,15.00,מטר,false,0,12.90,0.86,true,1,
7290000197432,false,סנדויצ'ון 150*2 יח,,IL,סנדוויצ'ון זוג,יחידה,1.00,יחידה,false,0,14.50,14.50,true,1,
7290000197753,false,ניילון נצמד ניקול 30*2מ,חוגלה קימברלי,IL,ניילון נצמד זוג,מטרים,60.00,מטר,false,0,13.10,0.22,true,1,
7290000204253,false,9 מטליות רב שימושי.ניקול,חוגלה קימברלי,IL,מטליות ניקול,יחידה,1.00,יחידה,false,0,11.80,11.80,true,1,
7290000207438,false,עגבניות קוביות 800 גרם,זנלכל,IL,עגבניות קוביות,גרמים,800.00,100 גרם,false,0,8.50,1.06,true,1,
7290000208022,false,עגבניות מרוסקות 800 גרם,זנלכל,IL,עגבניות מרוסקות,גרמים,800.00,100 גרם,false,0,8.50,1.06,true,1,
7290000208145,false,תירס לייט יכין 550 גרם,זנלכל,IL,תירס לייט יכין,גרמים,550.00,100 גרם,false,0,7.50,1.36,true,1,
7290000208213,false,שעוע.אפויה+רוטב עגב580גר,זנלכל,IL,שעועית ברוטב,גרמים,580.00,100 גרם,false,0,7.20,1.24,true,1,
7290000208329,false,גרעיני תירס מתוק 550 גרם,זנלכל,IL,גרעיני תירס מתוק,גרמים,550.00,100 גרם,false,0,6.90,1.25,true,1,
7290000208336,false,רוטב עגבניות 22% 260 גרם,זנלכל,IL,רוטב עגבניות,גרמים,260.00,100 גרם,false,0,4.60,1.77,true,1,
7290000208855,false,רוטב פסטה 260 גרם,זנלכל,IL,רוטב פסטה,גרמים,260.00,100 גרם,false,0,5.60,2.15,true,1,
7290000208947,false,עגבניות מרוסקות 260 גרם,זנלכל,IL,עגבניות מרוסקות,גרמים,260.00,100 גרם,false,0,5.60,2.15,true,1,
7290000209944,false,בסיס לשקשוקה 260גרם,זנלכל,IL,בסיס לשקשוקה,גרמים,260.00,100 גרם,false,0,5.60,2.15,true,1,
7290000211312,false,"אורז מלא ארוך ""סוגת"" 1קג",סוגת,IL,אורז מלא ארוך,קילוגרמים,1.00,"ק""ג",false,0,9.90,9.90,true,1,
7290000211374,false,"קמח חיטה מלא סוגת 1 ק""ג",סוגת,IL,קמח חיטה מלא,קילוגרמים,1.00,"ק""ג",false,0,7.90,7.90,true,1,
7290000211442,false,"אורז פרסי קלאסי 1ק""ג",סוגת,IL,אורז פרסי קלאסי,קילוגרמים,1.00,"ק""ג",false,0,9.60,9.60,true,1,
7290000212401,false,מצופית 400 גרם,מנעמים,IL,מצופית 400 גרם,גרמים,400.00,100 גרם,false,0,9.70,2.43,true,1,
7290000214115,false,מרק עוף בצנצנת ויטה400גר,פרי גליל,IL,מרק עוף צנצנת,גרמים,400.00,100 גרם,false,0,16.00,4.00,true,1,
7290000238029,false,"בצק עלים 1 ק""ג","מעדנות בע""מ",IL,בצק עלים מרודד,קילוגרמים,1.00,"ק""ג",false,0,24.90,24.90,true,1,
7290000240541,false,ריבועי בצק עלים 800 גרם,"מעדנות בע""מ",IL,ריבועי בצק עלים,גרמים,800.00,100 גרם,false,0,26.40,3.30,true,1,
7290000245294,false,א.כביסה פרסיל סופרה 2.5ק,הנקל סוד,IL,אבקת כביסה פרסיל,קילוגרמים,2.50,"ק""ג",false,0,27.90,11.16,true,1,
7290000245799,false,מרכך כביסה סוד כחול 4 ל',הנקל סוד,IL,מרכך כביסה סוד,ליטרים,4.00,ליטר,false,0,19.90,4.98,true,1,
7290000253220,false,שוקולד צ'יפס חום 300 גרם,אופנהיימר,IL,שוקולד צ'יפס,גרמים,300.00,100 גרם,false,0,12.90,4.30,true,1,
7290000260839,false,ספרינג משקה תפוזים 1.5ל',יפאורה שותפות מובגלת לשיווק,IL,ספרינג תפוזים,ליטרים,1.50,ליטר,false,0,6.90,4.60,true,1,
7290000262499,false,מגבוני נייר לח קידס48*3י,חוגלה קימברלי,IL,מגבוני נ.טואלט,יחידה,1.00,יחידה,false,0,18.90,18.90,true,1,
7290000267036,false,שקד מולבן משובב100גשקדיה,שקדיה,IL,שקד מולבן משובב,גרמים,100.00,100 גרם,false,0,13.80,13.80,true,1,
7290000267104,false,שקד טבעי גרוס100ג'שקדיה,שקדיה,IL,שקד טבעי גרוס,גרמים,100.00,100 גרם,false,0,13.80,13.80,true,1,
7290000267548,false,אגוז מלך טחון100ג'שקדיה,שקדיה,IL,אגוז מלך טחון,גרמים,100.00,100 גרם,false,0,13.80,13.80,true,1,
7290000272696,false,מיץ לימון משומר-עסיס 1ל',בית השיטה,IL,מיץ לימון משומר,ליטרים,1.00,ליטר,false,0,11.50,11.50,true,1,
7290000275901,false,חומוסטחינה צנובר צבר400ג,צבר,IL,חומוסטחינה צנובר,גרמים,400.00,100 גרם,false,1,14.20,3.55,true,1,
7290000284316,false,קוקה קולה בקבוק 1.5 ליטר,החברה המרכזית לייצור משקאות,IL,קוקה קולה,ליטרים,1.50,ליטר,false,0,6.90,4.60,true,1,
7290000284361,false,קולה דיאט בקבוק 1.5 ל',החברה המרכזית לייצור משקאות,IL,קוקה קולה דיאט,ליטרים,1.50,ליטר,false,0,6.90,4.60,true,1,
7290000285849,false,שוופס מי סודה 1.5 ליטר,יפאורה שותפות מובגלת לשיווק,IL,שוופס מי סודה,ליטרים,1.50,ליטר,false,0,4.10,2.73,true,1,
7290000286228,false,סנו סושי כרית יפנית 6 יח,סנו,IL,כרית יפנית,יחידה,1.00,יחידה,false,0,11.30,11.30,true,1,
7290000286549,false,מטליות רב שימוש 9 יח',סנו,IL,מטליות לכל 9 יח,יחידה,1.00,יחידה,false,0,11.30,11.30,true,1,
7290000287195,false,סנורהיט מבריק רהיטים305ג,סנו,IL,סנו רהיט מרסס,מיליליטרים,305.00,"100 מ""ל",false,0,16.90,5.54,true,1,
7290000287485,false,סנובון לובר 55*3 גרם,סנו,IL,סנובון בריח לובר,גרמים,165.00,100 גרם,false,0,11.90,7.21,true,1,
7290000287492,false,סנובון נוזלי לימון 750מל,סנו,IL,סנובון נוזלי,מיליליטרים,750.00,"100 מ""ל",false,0,9.90,1.32,true,1,
7290000288352,false,300-K קוטל חרק/.זוחל630מ,סנו,IL,300-K קוטל חרק,מיליליטרים,630.00,"100 מ""ל",false,0,23.00,3.65,true,1,
7290000289472,false,סושי 50 שקיות אשפה HD,סנו,IL,50 שקיות אשפה,יחידה,1.00,יחידה,false,0,21.90,21.90,true,1,
7290000292564,false,"2000-K אינסקטל 750 מ""ל",סנו,IL,סנו 2000-K תרסיס,מיליליטרים,750.00,"100 מ""ל",false,0,31.90,4.25,true,1,
7290000292915,false,"סנו רסס ונגב מרסס 750מ""ל",סנו,IL,סנו רסס נגב מרסס,מיליליטרים,750.00,"100 מ""ל",false,0,17.90,2.39,true,1,
7290000293073,false,מרכך כביסה מקסימה ביו4ל',סנו,IL,מרכך כביסה,ליטרים,4.00,ליטר,false,0,22.90,5.73,true,1,
7290000294780,false,סנו ג'אול אקונומ.סמיכה4ל,סנו,IL,סנו ג'אוול 4 ל,ליטרים,4.00,ליטר,false,0,17.50,4.38,true,1,
7290000295336,false,אבקת מקסימה סנסטיב 1.25ק,סנו,IL,אבקת כביסה,קילוגרמים,1.25,"ק""ג",false,0,21.40,17.12,true,1,
7290000295404,false,סושי60שקיות אשפה כחולות,סנו,IL,שקיות אשפה,יחידה,1.00,יחידה,false,0,23.90,23.90,true,1,
7290000295503,false,סושי זוג שקיות אוכל150*2,סנו,IL,שקיות אוכל צמד,יחידה,1.00,יחידה,false,0,14.50,14.50,true,1,
7290000295541,false,סנו סושי 75רב מגבת ג'מבו,סנו,IL,סנו סושי רב מגבת,מטרים,21.00,מטר,false,0,17.90,0.85,true,1,
7290000295572,false,"מנקה אסלות ""00"" 750*2מל",סנו,IL,צמד מנקה אסלות,ליטרים,1.50,ליטר,false,0,19.70,13.13,true,1,
7290000300900,false,שניצל תירס 750 גרם,טבעול,IL,שניצל תירס טבעול,גרמים,750.00,100 גרם,false,0,27.90,3.72,true,1,
7290000303604,false,חומוס שלם 550 גרם,פרי גליל,IL,חומוס שלם,גרמים,550.00,100 גרם,false,0,7.20,1.31,true,1,
7290000304663,false,"סלט טונה פיקנטי""נון160""ג",סטארקיסט,IL,סלט טונה פיקנט,גרמים,160.00,100 גרם,false,0,8.00,5.00,true,1,
7290000307015,false,אפונת גינה גדולה 550 גר',פרי גליל,IL,אפונת גינה,גרמים,550.00,100 גרם,false,0,7.90,1.44,true,1,
7290000311203,false,ופלים מן בטעם שוקולד200ג,רוקחמן,IL,ופלים טעם שוקולד,גרמים,200.00,100 גרם,false,0,4.90,2.45,true,1,
7290000313184,false,עוג.גן חיות וניל 250 גרם,אסם,IL,עוגיות גן חיות,גרמים,250.00,100 גרם,false,0,8.90,3.56,true,1,
7290000318479,false,פרושוטו עגל 100 גרם,מעדני יחיעם,IL,פרושוטו,גרמים,100.00,100 גרם,false,0,29.90,29.90,true,1,
7290000318806,false,סלמי סרוולד אמיתי במשקל,מעדני יחיעם,IL,סלמי סרוולד,קילוגרמים,0.00,"ק""ג",true,0,147.00,147.00,true,1,
7290000327372,false,ג'אמפ אשכוליות דיאט1.5ל',טמפו,IL,ג'אמפ דיאט,ליטרים,1.50,ליטר,false,0,6.80,4.53,true,1,
7290000334325,false,מארז ציפס למיקרו שלישיות,תפוגן,IL,ציפס למיקרו,גרמים,375.00,100 גרם,false,0,16.60,4.43,true,1,
7290000334745,false,"אמריקן צ'יפס 1.5 ק""ג",תפוגן,IL,אמריקן צ'יפס,קילוגרמים,1.50,"ק""ג",false,0,28.90,19.27,true,1,
7290000345116,false,תה ירוק עלים 125 גרם,ויסוצקי,IL,תה ירוק עלים,גרמים,125.00,100 גרם,false,0,16.40,13.12,true,1,
7290000345260,false,תה ויסוצקי 25שק1.5*גרם,ויסוצקי,IL,תה ויסוצקי,גרמים,37.00,100 גרם,false,0,8.00,21.62,true,1,
7290000345277,false,תה ויסוצקי 50שק1.5* גרם,ויסוצקי,IL,תה ויסוצקי 50 שק,גרמים,75.00,100 גרם,false,0,13.80,18.40,true,1,
7290000345284,false,תה קלאסיק 100שק1.5*גרם,ויסוצקי,IL,תה ויסוצקי ירוק,גרמים,150.00,100 גרם,false,0,17.90,11.93,true,1,
7290000345291,false,תה ארל גריי 25שק1.5*גרם,ויסוצקי,IL,תה ארל גריי,גרמים,37.00,100 גרם,false,0,18.20,49.19,true,1,
7290000346021,false,חליטת קמומיל 50 שק* 1.5ג,ויסוצקי,IL,חליטת קמומיל,גרמים,75.00,100 גרם,false,0,33.60,44.80,true,1,
7290000346199,false,תה פירות יער 25שק2.7*גר,ויסוצקי,IL,חליטת פירות היער,גרמים,67.00,100 גרם,false,0,18.90,28.21,true,1,
7290000346205,false,חל.קמומיל-גן קסום25ש1.5*,ויסוצקי,IL,חליטת קמומיל,גרמים,37.00,100 גרם,false,0,18.90,51.08,true,1,
7290000346229,false,חליטת ורד הבר והיביס3*25,ויסוצקי,IL,חליטת ורד הבר,גרמים,75.00,100 גרם,false,0,18.90,25.20,true,1,
7290000347752,false,תה ירוק+לימונ.ולואיזה25ש,ויסוצקי,IL,תה ירוק לימונית,גרמים,37.00,100 גרם,false,0,26.90,72.70,true,1,
7290000363462,false,מעושן איטלקי משקל,טירת צבי,IL,מעושן איטלקי,קילוגרמים,0.00,"ק""ג",true,0,79.00,79.00,true,1,
7290000364278,false,סלסולי סלמי איטלקי 120גר,טירת צבי,IL,דקניקים סלמי דק,גרמים,120.00,100 גרם,false,0,17.90,14.92,true,1,
7290000364292,false,סלסולי פסטרמה גחלים 120ג,טירת צבי,IL,דקמיקים פסטרמה,גרמים,120.00,100 גרם,false,0,17.90,14.92,true,1,
7290000364810,false,נקניקיות עגל 500 גרם,טירת צבי,IL,נקניקיות עגל,גרמים,500.00,100 גרם,false,0,31.10,6.22,true,1,
7290000364858,false,"נקניקיות עוף בואקום 1ק""ג",טירת צבי,IL,נקניקיות עוף,קילוגרמים,1.00,"ק""ג",false,0,33.90,33.90,true,1,
7290000365398,false,חזה הודו בדבש במשקל,טירת צבי,IL,חזה הודו בדבש,קילוגרמים,0.00,"ק""ג",true,0,91.00,91.00,true,1,
7290000365756,false,"פסטרמה ברביקיו ד.ש ק""ג",טירת צבי,IL,פסטרמה ברביקיו,קילוגרמים,0.00,"ק""ג",true,0,91.00,91.00,true,1,
7290000367590,false,פסטרמה כפרית+סלמי 400*2ג,טירת צבי,IL,צמד כפרי נקניקים,גרמים,800.00,100 גרם,false,0,38.10,4.76,true,1,
7290000379142,false,לחם עינן פרוס וארוז 750ג,מאפיית שלמה א. אנג'ל,IL,לחם עינן פרוס,גרמים,750.00,100 גרם,false,0,17.20,2.29,true,1,
7290000379203,false,לחם עינן קל 500 גרם,מאפיית שלמה א. אנג'ל,IL,לחם עינן קל,גרמים,500.00,100 גרם,false,0,16.90,3.38,true,1,
7290000379258,false,חלת קונדיטוריה ארוזה500ג,מאפיית שלמה א. אנג'ל,IL,חלת קונדיטוריה,גרמים,500.00,100 גרם,false,0,17.60,3.52,true,1,
7290000408316,false,יוגורט ביו 3% דנונה 200ג,שטראוס,IL,יוגורט ביו 3%,גרמים,200.00,100 גרם,false,0,3.70,1.85,true,1,
7290000408354,false,דנונה בר פצפוצים 173 גרם,שטראוס,IL,דנונה בר פצפוצים,גרמים,173.00,100 גרם,false,0,4.80,2.77,true,1,
7290000416021,false,ממרח בטעם שוקולד 500גר,השחר,IL,ממרח השחר,גרמים,500.00,100 גרם,false,0,13.90,2.78,true,1,
7290000416045,false,ממרח מובחר מריחה השחר1קג,השחר,IL,ממרח השחר,קילוגרמים,1.00,"ק""ג",false,0,24.90,24.90,true,1,
7290000416809,false,ממרח השחר חצי חצי 350גרם,השחר,IL,ממרח חצי חצי,גרמים,350.00,100 גרם,false,1,13.90,3.97,true,1,
7290000419107,false,קפה שחור לנדוור 100 גרם,קפה לנדוור,IL,קפה שחור לנדוור,גרמים,100.00,100 גרם,false,0,9.90,9.90,true,1,
7290000419909,false,קפה לנדוור אספרסו טחו100,קפה לנדוור,IL,קפה בטעם אספרסו,גרמים,100.00,100 גרם,false,0,9.90,9.90,true,1,
7290000420325,false,גרע.תירס טבעי-מיקרו100*5,פרסטון פארמס,US,פופקורן למיקרו,גרמים,500.00,100 גרם,false,0,17.10,3.42,true,1,
7290000420417,false,גלילונית עם שרוך 65*52סמ,אשפלסט,IL,גלילונית שרוך,יחידה,1.00,יחידה,false,0,22.40,22.40,true,1,
7290000432632,false,נרות שבת,,IL,נרות שבת,יחידה,1.00,יחידה,false,0,4.70,4.70,true,1,
7290000432670,false,נרות שבת,,IL,נרות שבת,יחידה,1.00,יחידה,false,0,4.20,4.20,true,1,
7290000433714,false,סבן אפ 1.5 ליטר,טמפו,IL,סבן אפ,ליטרים,1.50,ליטר,false,0,6.10,4.07,true,1,
7290000433745,false,מירינדה 1.5 ליטר,"טמפו משקאות בע""מ",IL,מירינדה תפוזים,ליטרים,1.50,ליטר,false,0,6.10,4.07,true,1,
7290000433974,false,פפסי מקס 1.5 ליטר,"טמפו משקאות בע""מ",IL,פפסי מקס,ליטרים,1.50,ליטר,false,0,6.30,4.20,true,1,
7290000453019,false,שמרית-שמרים לחים 50 גרם,פאקא,IL,שמרית-שמרים טרי,גרמים,50.00,100 גרם,false,0,4.40,8.80,true,1,
7290000453880,false,מרגרינה ללא מלח 200 גרם,שמרית,IL,מרגרינה,גרמים,200.00,100 גרם,false,1,5.00,2.50,true,1,
7290000461625,false,בייגלה שמיניות מלוח400גר,יוניליוור,IL,בייגלה שמיניות,גרמים,400.00,100 גרם,false,0,12.20,3.05,true,1,
7290000461656,false,בייגל אחד אחד 400 גרם,יוניליוור,IL,בייגלה מקלות,גרמים,400.00,100 גרם,false,0,12.20,3.05,true,1,
7290000461724,false,בייגלה שמינ.גדול+שומש400,יוניליוור,IL,בייגלה שמיניות,גרמים,400.00,100 גרם,false,0,16.10,4.03,true,1,
7290000462103,false,סחוג זהבי אדום 150 גרם,זהבי הכרם,IL,סחוג זהבי אדום,גרמים,150.00,100 גרם,false,0,8.10,5.40,true,1,
7290000463377,false,זיתים חרוזית 560 גרם,בית השיטה,IL,זיתים חרוזית,גרמים,560.00,100 גרם,false,0,10.90,1.95,true,1,
7290000463490,false,טבעות זיתים ירוקים 560ג,בית השיטה,IL,טבעות זית ירוק,גרמים,560.00,100 גרם,false,0,11.90,2.13,true,1,
7290000466163,false,מלפ.גולן מלח 7-9 560 גרם,בית השיטה,IL,מלפפונים במלח,גרמים,560.00,100 גרם,false,0,7.90,1.41,true,1,
7290000466170,false,מלפ.גלעד 12-10מלח 560גרם,בית השיטה,IL,מלפפונים במלח,גרמים,560.00,100 גרם,false,0,8.50,1.52,true,1,
7290000466187,false,מלפפונים במלח 13-17 560ג,בית השיטה,IL,מלפפונים במלח,גרמים,560.00,100 גרם,false,0,12.50,2.23,true,1,
7290000467320,false,מלך חומוס אבו מרוואן400ג,צבר,IL,מלך החומוס צבר,גרמים,400.00,100 גרם,false,0,14.20,3.55,true,1,
7290000474090,false,חלב הומוגני 1% קרטון 1 ל,טרה,IL,חלב טרי טרה 1%,ליטרים,1.00,ליטר,false,0,5.40,5.40,true,1,
7290000474373,false,"שמנת חמוצה15% 200 מ""ל",טרה,IL,שמנת חמוצה15%,מיליליטרים,200.00,"100 מ""ל",false,0,2.20,1.10,true,1,
7290000474502,false,גבינה לבנה 5% טרה 250 גר,טרה,IL,גבינה לבנה 5%,גרמים,250.00,100 גרם,false,0,4.60,1.84,true,1,
7290000474540,false,גבי. טוב טעם 3% 250גרם,טרה,IL,גבינת טוב טעם3%,גרמים,250.00,100 גרם,false,0,11.30,4.52,true,1,
7290000480107,false,קואקר ש.שועל פח 500גרם,עלית,GB,קואקר שיבולת,גרמים,500.00,100 גרם,false,0,15.60,3.12,true,1,
7290000480442,false,קואקר באריזת אלומינ500גר,עלית,GB,קואקר,גרמים,500.00,100 גרם,false,0,14.80,2.96,true,1,
7290000490731,false,"גלידל וניל שוקו 900סמ""ק",גלידות פלדמן,IL,גלידל וניל שוקו,ליטרים,1.00,ליטר,false,0,26.20,26.20,true,1,
7290000493183,false,רוטב פטריות לבשר-אבקה30ג,אסם,IL,רוטב פטריות,גרמים,30.00,100 גרם,false,0,4.00,13.33,true,1,
7290000497044,false,לחם ברמן אקטיב 750 גרם,מאפית ברמן,IL,לחם ברמן אקטיב,גרמים,750.00,100 גרם,false,0,15.50,2.07,true,1,
7290000497228,false,לחמניות רגילות 75*6 גרם,מאפית ברמן,IL,6 לחמניות בשקית,גרמים,450.00,100 גרם,false,0,12.50,2.78,true,1,
7290000497273,false,לחמניות אקטיב 75*6 גרם,מאפית ברמן,IL,6 לחמניות אקטיב,גרמים,450.00,100 גרם,false,1,13.90,3.09,true,1,
7290000497426,false,לחם ברמן קל לענין 500גרם,מאפית ברמן,IL,לחם ברמן קל,גרמים,500.00,100 גרם,false,0,15.80,3.16,true,1,
7290000498003,false,לחם E-FREE קמח חיטה750ג,מאפית ברמן,IL,לחם מקמח חיטה,גרמים,750.00,100 גרם,false,1,15.90,2.12,true,1,
7290000504209,false,"נוזל של סוכרזית 220 מ""ל","ביסקול בע""מ",IL,נוזל של סוכרזית,מיליליטרים,220.00,"100 מ""ל",false,0,19.90,9.05,true,1,
7290000521008,false,יין אדום יבש של סגל750מל,יינות סגל,IL,יין סגל אדום,מיליליטרים,750.00,"100 מ""ל",false,0,22.00,2.93,true,1,
7290000521015,false,"יין לבן יבש של סגל750מ""ל",יינות סגל,IL,יין לבן של סגל,מיליליטרים,750.00,"100 מ""ל",false,0,22.00,2.93,true,1,
7290000521022,false,יין סגל לבן רג.ח.יבש750מ,יינות סגל,IL,יין לבן חצי יבש,מיליליטרים,750.00,"100 מ""ל",false,0,22.00,2.93,true,1,
7290000521411,false,"מרום גליל מרלו 750 מ""ל",יינות סגל,IL,מרום גליל מרלו,מיליליטרים,750.00,"100 מ""ל",false,0,41.00,5.47,true,1,
7290000523125,false,מלח ים יבש 250 גרם,תעשיות מלח לישראל,IL,מלח ים יבש,גרמים,250.00,100 גרם,false,0,6.70,2.68,true,1,
7290000525969,false,מיץ תפוזים סחוט 1 ליטר,גניר,IL,מיץ תפוזים סחוט,ליטרים,1.00,ליטר,false,0,16.30,16.30,true,1,
7290000530031,false,פיין סלמי צר במשקל,זוגלובק,IL,פיין סלמי צר,קילוגרמים,0.00,"ק""ג",true,0,70.00,70.00,true,1,
7290000530048,false,סלמי פפרוני במשקל,זוגלובק,IL,סלמי פפרוני,גרמים,0.00,"ק""ג",true,0,62.00,62.00,true,1,
7290000530062,false,נקניק מעושן איטלקי במשקל,זוגלובק,IL,נקניק איטלקי,קילוגרמים,0.00,"ק""ג",true,0,87.00,87.00,true,1,
7290000530109,false,קבנוס בואקום 180X2 גרם,זוגלובק,IL,זוג קבנוס בואקום,גרמים,360.00,100 גרם,false,0,28.70,7.97,true,1,
7290000530116,false,נקניק תה בשן70- 470 גרם,זוגלובק,IL,נקניק תה בשן70-,גרמים,470.00,100 גרם,false,0,31.90,6.79,true,1,
7290000530178,false,נקניק קוניאק במשקל,זוגלובק,IL,נקניק קוניאק,קילוגרמים,0.00,"ק""ג",true,0,92.00,92.00,true,1,
7290000530260,false,נקניק מרטדלה רחב במשקל,זוגלובק,IL,נקניק מרטדלה,קילוגרמים,0.00,"ק""ג",true,0,40.00,40.00,true,1,
7290000530291,false,נקניק מבשר הודו 800 גרם,זוגלובק,IL,נקניק מבשר הודו,גרמים,800.00,100 גרם,false,0,21.70,2.71,true,1,
7290000530369,false,גולן ח.הודו מעוש.שלם משק,זוגלובק,IL,גולן חזה הודו,קילוגרמים,0.00,"ק""ג",true,0,90.00,90.00,true,1,
7290000532721,false,כתף בקר בפלפל טורו במשקל,זוגלובק,IL,כתף בקר בפלפל,קילוגרמים,0.00,"ק""ג",true,0,122.00,122.00,true,1,
7290000533353,false,"בצק עלים 1 ק""ג",זוגלובק,IL,בצק עלים,גרמים,1000.00,100 גרם,false,0,16.60,1.66,true,1,
7290000534718,false,חזה הודו תבור דל שומן מש,זוגלובק,IL,חזה הודו תבור,קילוגרמים,0.00,"ק""ג",true,0,90.00,90.00,true,1,
7290000537603,false,"נקניקיות עוף טריות 1 ק""ג",זוגלובק,IL,נקניקיות עוף,קילוגרמים,1.00,"ק""ג",false,0,30.90,30.90,true,1,
7290000538099,false,פסטרמה כפרית במשקל,זוגלובק,IL,פסטרמה כפרית,קילוגרמים,0.00,"ק""ג",true,0,91.00,91.00,true,1,
7290000551074,false,פילה מדומה מס6' מוכשר קפ,שונות,XX,פ.מדומה מוכשר,גרמים,0.00,"ק""ג",true,0,54.90,54.90,true,1,
7290000554006,false,קשקבל 22% במשקל,מחלבות גד,IL,גבינת קשקבל,קילוגרמים,0.00,"ק""ג",true,0,130.00,130.00,true,1,
7290000554457,false,גבינה צפתית5% שומן 350ג,מחלבות גד,IL,גבינה צפתית5%,גרמים,350.00,100 גרם,false,0,21.90,6.26,true,1,
7290000554471,false,גבינת מוצרלה 22% 180 גרם,מחלבות גד,IL,גבינת מוצרלה 22%,גרמים,180.00,100 גרם,false,0,17.90,9.94,true,1,
7290000554532,false,גב.צפתית מעודנת5% 200גרם,מחלבות גד,IL,צפתית מעודנת 5%,גרמים,200.00,100 גרם,false,0,15.50,7.75,true,1,
7290000554600,false,גבי.מוצרלה מגורדת22% 300,מחלבות גד,IL,מוצרלה מגורדת,גרמים,300.00,100 גרם,false,0,24.70,8.23,true,1,
7290000554686,false,לבנה בשמן זית+זעתר5% 250,מחלבות גד,IL,לאבנה בשמן זית5%,גרמים,250.00,100 גרם,false,0,15.00,6.00,true,1,
7290000554792,false,גבינה בולגרית 5%במשקל,מחלבות גד,IL,גבינה בולגרית 5%,קילוגרמים,0.00,"ק""ג",true,0,62.00,62.00,true,1,
7290000554815,false,מוצרלה נקניק 22% במשקל,מחלבות גד,IL,גבינת מוצרלה,גרמים,0.00,"ק""ג",true,0,82.00,82.00,true,1,
7290000554822,false,ריקוטה גד 5% שומן 250 גר,מחלבות גד,IL,גבינת ריקוטה 5%,גרמים,250.00,100 גרם,false,0,15.50,6.20,true,1,
7290000554839,false,גבינה מסקרפונה 40% 250 ג,מחלבות גד,IL,גבינה מסקרפונה,גרמים,250.00,100 גרם,false,0,21.50,8.60,true,1,
7290000554914,false,גב.צפתית רכה 5% במשקל,מחלבות גד,IL,גבינה צפתית5%,גרמים,0.00,"ק""ג",true,0,68.00,68.00,true,1,
7290000554969,false,גב.שמנת 30%שומן במשקל,מחלבות גד,IL,גבינת שמנת 30%,קילוגרמים,0.00,"ק""ג",true,0,54.00,54.00,true,1,
7290000560861,false,"אדג' ג'ל גילוח 200 מ""ל",אנרג'ייזר,US,אדג' ג'ל גילוח,מיליליטרים,200.00,"100 מ""ל",false,1,21.90,10.95,true,1,
7290000571119,false,גבינה גאודה 30% משקל,תנובה,IL,גבינת גאודה,קילוגרמים,0.00,"ק""ג",true,0,106.00,106.00,true,1,
7290000571188,false,גב.גאודה תום עיזים משקל,תנובה,IL,גבינת עיזים,קילוגרמים,0.00,"ק""ג",true,0,159.00,159.00,true,1,
7290000571300,false,גאודה מעושנת,,IL,גאודה מעושנת,גרמים,150.00,100 גרם,false,0,25.70,17.13,true,1,
7290000571393,false,יוגורמה,,IL,יוגורמה,גרמים,140.00,100 גרם,false,0,6.30,4.50,true,1,
7290000571478,false,גבינת תום עיזים פרוס150ג,תנובה,IL,גבינת תום עיזים,גרמים,150.00,100 גרם,false,0,39.20,26.13,true,1,
7290000574141,false,לחם חיטה מלא 750 גרם,מאפ. דגנית עין-בר,IL,לחם חיטה מלא,גרמים,750.00,100 גרם,false,0,12.90,1.72,true,1,
7290000574172,false,לחם קל מחיטה מלאה 750גרם,מאפ. דגנית עין-בר,IL,לחם קל חיטה מלאה,גרמים,750.00,100 גרם,false,0,15.60,2.08,true,1,
7290000611242,false,פילה עוף טרי תפ,עוף עוז,IL,פילה עוף טרי,קילוגרמים,0.00,"ק""ג",true,0,35.90,35.90,true,1,
7290000616766,false,פילה עוף טרי ארוז שלי לק,עוף עוז,IL,פילה עוף טרי,קילוגרמים,0.00,"ק""ג",true,1,35.90,35.90,true,1,
7290000631059,false,כבד עוף טרי בתפזורת,תנובה,IL,כבד עוף טרי,קילוגרמים,0.00,"ק""ג",true,0,19.90,19.90,true,1,
7290000644684,false,פילה אמנון קפוא תנובה קג,איסטרוניקס,IL,פילה אמנון,קילוגרמים,0.00,"ק""ג",true,0,39.90,39.90,true,1,
7290000688381,false,מים מינרליים מי עדן500*6,מי עדן,IL,מי עדן אישי 6 בק,ליטרים,3.00,ליטר,false,0,14.90,4.97,true,1,
7290000688732,false,מים מינרליים מי עדן1.5*6,מי עדן,IL,מי עדן 6 יח,ליטרים,9.00,ליטר,false,0,12.90,1.43,true,1,
7290000913476,true,כרעייםעוף בגריל)עצמי( קג,שונות,IL,כרעייםעוף בגרי,קילוגרמים,0.00,"ק""ג",true,0,49.90,49.90,true,1,
7290000915883,true,טחון בקר טרי עצמי מחיר,שונות,IL,טחון מקומי טרי,קילוגרמים,0.00,"ק""ג",true,0,64.90,64.90,true,1,
7290000916378,true,שניצל פרימיום טר,,IL,שניצל פרימיום טר,קילוגרמים,0.00,"ק""ג",true,0,44.90,44.90,true,1,
7290000922591,true,עוף שלם טרי תפזורת עצמי,שונות,IL,עוף שלם טרי,קילוגרמים,0.00,"ק""ג",true,0,19.90,19.90,true,1,
7290000928265,true,פילה סלמון קפוא שופרסל,נטו,IL,פילה סלמון קפוא,קילוגרמים,0.00,"ק""ג",true,0,76.90,76.90,true,1,
7290000928395,true,פילה מדומה טרי )עצמי( מח,שונות,IL,פילה מדומה טרי,קילוגרמים,0.00,"ק""ג",true,0,99.90,99.90,true,1,
7290000928401,true,כתף בשר טרי)עצמי( מחיר ל,שונות,IL,בשר כתף טרי,קילוגרמים,0.00,"ק""ג",true,0,94.90,94.90,true,1,
7290000928487,true,צלעות בלי עצם טרי)עצמי(,שונות,IL,צלעות בלי עצם,קילוגרמים,0.00,"ק""ג",true,0,94.90,94.90,true,1,
7290000928531,true,סינטה טרי )עצמי( מחיר לפ,שונות,IL,סינטה טרי,קילוגרמים,0.00,"ק""ג",true,0,159.90,159.90,true,1,
7290000928548,true,פילה אמיתי טרי(עצמי)משקל,שונות,IL,פילה אמיתי טרי,קילוגרמים,0.00,"ק""ג",true,0,199.90,199.90,true,1,
7290000928586,true,וייס ברטן טרי )עצמי( מחי,שונות,IL,וייסברטן טרי,קילוגרמים,0.00,"ק""ג",true,0,89.90,89.90,true,1,
7290000929620,true,שוק הודו מפורק טרי תעצמי,שונות,IL,שוק הודו מפורק,קילוגרמים,0.00,"ק""ג",true,0,49.90,49.90,true,1,
7290000940694,true,נבטי חמניות  יחידה,קטיף,IL,נבטי חמניות יח,יחידה,1.00,יחידה,false,0,9.00,9.00,true,1,
7290000961491,true,נבטי ברוקולי יחידה,קטיף,IL,נבטי ברוקולי יח,יחידה,1.00,יחידה,false,0,9.00,9.00,true,1,
7290000961552,true,פלפל כתום,קטיף.,IL,פלפל כתום,קילוגרמים,0.00,"ק""ג",true,0,10.90,10.90,true,1,
7290000961606,true,שורש גינגר,קטיף,XX,שורש גינגר,קילוגרמים,0.00,"ק""ג",true,0,31.90,31.90,true,1,
7290000961804,true,דלעת ארוזה,קטיף.,IL,דלעת ארוזה,קילוגרמים,0.00,"ק""ג",true,0,10.90,10.90,true,1,
7290000962535,true,רוזמרין יחידה,קטיף,IL,רוזמרין  יחידה,יחידה,1.00,יחידה,false,0,6.00,6.00,true,1,
7290000962559,true,קורנית  יחידה,קטיף.,IL,קורנית  יחידה,יחידה,1.00,יחידה,false,0,6.00,6.00,true,1,
7290000962566,true,טרגון יחידה,קטיף.,IL,טרגון-יח',יחידה,1.00,יחידה,false,0,6.00,6.00,true,1,
7290000963129,true,תפוח עץ מוזהב יבוא,קטיף.,XX,תפוח עץ מוזהב,קילוגרמים,0.00,"ק""ג",true,0,11.90,11.90,true,1,
7290000963174,true,תפוח עץ יונתן יבוא,קטיף,XX,תפוח עץ יונתן,קילוגרמים,0.00,"ק""ג",true,0,14.90,14.90,true,1,
7290000963280,true,תפוח עץ סטרקינג 70,קטיף,XX,תפוח עץ סטרקינג,קילוגרמים,0.00,"ק""ג",true,0,11.90,11.90,true,1,
7290000963297,true,תפוח עץ סטרקינג 65,קטיף,XX,תפוח סטרקינג,קילוגרמים,0.00,"ק""ג",true,0,11.90,11.90,true,1,
7290000963310,true,תפוח עץ קנזי,קטיף.,XX,"תפו""ע קנזי",קילוגרמים,0.00,"ק""ג",true,0,15.90,15.90,true,1,
7290000963365,true,תפוח עץ פינקריספי 65,קטיף,XX,"תפו""ע פינקריספי",קילוגרמים,0.00,"ק""ג",true,0,15.90,15.90,true,1,
7290000963419,true,תפוח עץ גאלה65,קטיף,XX,תפוח עץ גאלה,קילוגרמים,0.00,"ק""ג",true,0,15.90,15.90,true,1,
7290000963518,true,תפוח עץ סמיט 70,קטיף,XX,תפוח עץ סמיט,קילוגרמים,0.00,"ק""ג",true,0,12.90,12.90,true,1,
7290000963563,true,תפוח עץ סמיט65,קטיף,XX,תפוח עץ סמיט,קילוגרמים,0.00,"ק""ג",true,0,12.90,12.90,true,1,
7290000963686,true,תפוח עץ גאלה יבוא,קטיף.,XX,תפוח עץ גאלה,קילוגרמים,0.00,"ק""ג",true,0,15.90,15.90,true,1,
7290000963754,true,אגס קונפרנס,קטיף.,ES,אגס קונפרנס,קילוגרמים,0.00,"ק""ג",true,0,15.90,15.90,true,1,
7290000963976,true,נקטרינה 60,קטיף.,IL,נקטרינה,קילוגרמים,0.00,"ק""ג",true,0,19.90,19.90,true,1,
7290000964034,true,אפרסק 60,קטיף.,IL,אפרסק,קילוגרמים,0.00,"ק""ג",true,0,17.90,17.90,true,1,
7290000964300,true,תפוז,קטיף,IL,תפוז,קילוגרמים,0.00,"ק""ג",true,0,7.90,7.90,true,1,
7290000964348,true,תפוז ברשת למיץ,קטיף,IL,תפוז ברשת למיץ,קילוגרמים,0.00,"ק""ג",true,0,6.90,6.90,true,1,
7290000964379,true,אשכולית לבנה,קטיף.,IL,אשכולית לבנה,קילוגרמים,0.00,"ק""ג",true,0,7.90,7.90,true,1,
7290000964393,true,אשכולית אדומה,קטיף.,IL,אשכולית אדומה,קילוגרמים,0.00,"ק""ג",true,0,7.90,7.90,true,1,
7290000964492,true,לימון תפזורת,קטיף,IL,לימון,קילוגרמים,0.00,"ק""ג",true,0,7.90,7.90,true,1,
7290000964508,true,תפוז גדול,קטיף,IL,תפוזים מובחרים,קילוגרמים,0.00,"ק""ג",true,0,7.90,7.90,true,1,
7290000964775,true,בננה,קטיף.,IL,בננה,קילוגרמים,0.00,"ק""ג",true,0,7.90,7.90,true,1,
7290000964829,true,אגס ספדונה 55,קטיף,IL,אגס ספדונה,קילוגרמים,0.00,"ק""ג",true,0,11.90,11.90,true,1,
7290000964836,true,אגס ספדונה גודל 60,קטיף,IL,אגס ספדונה,קילוגרמים,0.00,"ק""ג",true,0,11.90,11.90,true,1,
7290000964980,true,אבוקדו,קטיף.,IL,אבוקדו,קילוגרמים,0.00,"ק""ג",true,0,18.90,18.90,true,1,
7290000965024,true,אבטיח בקרטון,קטיף.,IL,אבטיח,קילוגרמים,0.00,"ק""ג",true,0,6.90,6.90,true,1,
7290000965031,true,אבטיח במיכל,קטיף.,IL,אבטיח,קילוגרמים,0.00,"ק""ג",true,0,6.90,6.90,true,1,
7290000965055,true,מלון מובחר,קטיף.,IL,מלון מובחר,קילוגרמים,0.00,"ק""ג",true,0,6.90,6.90,true,1,
7290000965116,true,משמש,קטיף.,IL,משמש,קילוגרמים,0.00,"ק""ג",true,0,20.90,20.90,true,1,
7290000966526,true,סברס,קטיף.,IL,סברס,קילוגרמים,0.00,"ק""ג",true,0,29.90,29.90,true,1,
7290000966694,true,דובדבן אדום ארוז שקיל,קטיף.,IL,דובדבן אדום ארוז,גרמים,0.00,"ק""ג",true,0,90.00,90.00,true,1,
7290000982939,true,לוף פרסה-יחידה,קטיף.,IL,לוף פרסה-יחידה,יחידה,1.00,יחידה,false,0,9.90,9.90,true,1,
7290000986906,true,חסה עגולה ארוזה,קטיף,IL,חסה עגולה,יחידה,1.00,יחידה,false,0,7.90,7.90,true,1,
7290000992563,true,דלעת ערמונים,קטיף.,IL,דלעת ערמונים,קילוגרמים,0.00,"ק""ג",true,0,10.90,10.90,true,1,
7290000993560,true,עגבניה שרי שוקו יחידה,קטיף.,IL,שרי שוקו  יח,יחידה,1.00,יחידה,false,0,10.90,10.90,true,1,
7290000995441,true,קייל  יחידה,קטיף,IL,קייל - יחידה,יחידה,1.00,יחידה,false,0,13.00,13.00,true,1,
7290000998305,true,תות שדה שקיל,קטיף.,IL,תות שדה,גרמים,0.00,"ק""ג",true,1,28.00,28.00,true,1,
7290001006337,false,חזה הודו בדבש שופרסל קג,עוף טוב,IL,חזה הודו בדבש,קילוגרמים,0.00,"ק""ג",true,1,69.00,69.00,true,1,
7290001006344,false,חזה הודו ברביקיו שופרסל,עוף טוב,IL,חזה הודו ברביקיו,קילוגרמים,0.00,"ק""ג",true,1,69.00,69.00,true,1,
7290001006375,false,פסטרמה מקסיקני שופרסל קג,עוף טוב,IL,פסטרמה מקסיקני,קילוגרמים,0.00,"ק""ג",true,1,69.00,69.00,true,1,
7290001012123,false,פרש וואנס קייר כחול 72*4,על בד,IL,פרש וואנס,יחידה,1.00,יחידה,false,0,21.90,21.90,true,1,
7290001045169,false,מיץ תפוחים צלול בק1.ליטר,גניר,IL,מיץ תפוחים צלול בק1.ליטר,ליטרים,1.00,ליטר,false,0,16.30,16.30,true,1,
7290001045220,false,מיץ תפוזים סחוט 2 ליטר,גניר,IL,מיץ תפוזים סחוט,ליטרים,2.00,ליטר,false,0,25.90,12.95,true,1,
7290001045237,false,משקה לימון עם נענע 2ליטר,גניר,IL,משקה לימון נענע,ליטרים,2.00,ליטר,false,0,25.90,12.95,true,1,
7290001045763,false,מיץ תפוחים 100% צלול 2 ל,גניר,IL,מיץ תפוחים צלול,ליטרים,2.00,ליטר,false,0,25.90,12.95,true,1,
7290001158500,false,כנפי עוף טרי תפזורת עצמי,שונות,IL,כנפיים עוף טרי,קילוגרמים,0.00,"ק""ג",true,0,12.90,12.90,true,1,
7290001158517,false,כרעי עוף טרי תפזורת עצמי,שופרסל,IL,כרעיים עוף טרי,קילוגרמים,0.00,"ק""ג",true,0,29.90,29.90,true,1,
7290001158524,false,שניצל עוף טרי ת עצמי,שונות,IL,שניצל עוף טרי,קילוגרמים,0.00,"ק""ג",true,0,37.90,37.90,true,1,
7290001158531,false,שוקי עוף טרי תפזורת עצמי,שונות,IL,שוקיים עוף טרי,קילוגרמים,0.00,"ק""ג",true,0,34.90,34.90,true,1,
7290001158548,false,ירכי עוף טרי תפזורת עצמי,שונות,IL,ירכיים עוף טרי,קילוגרמים,0.00,"ק""ג",true,0,29.90,29.90,true,1,
7290001158562,false,גרון עוף טרי,שונות,IL,גרון עוף טרי,קילוגרמים,0.00,"ק""ג",true,0,5.90,5.90,true,1,
7290001158661,false,פרגיות עוף טרי ת עצמי,שונות,IL,פרגיות עוף טרי,קילוגרמים,0.00,"ק""ג",true,0,59.90,59.90,true,1,
7290001158722,false,חזה עוף טרי תפזורת עצמי,שונות,IL,חזה עוף טרי,קילוגרמים,0.00,"ק""ג",true,0,34.90,34.90,true,1,
7290001215005,false,איקרא לבנה אמיתית במשקל,מעדני מיקי,IL,איקרא לבנה,קילוגרמים,0.00,"ק""ג",true,0,47.00,47.00,true,1,
7290001215456,false,פילה מקרל מקרוסקה במשקל,מעדני מיקי,IL,פילה מקרל,קילוגרמים,0.00,"ק""ג",true,0,103.00,103.00,true,1,
7290001216040,false,טחינה גולמית 500 גרם,אגס ירוק מסחר ושירותים,IL,טחינה גולמית,גרמים,500.00,100 גרם,false,0,12.90,2.58,true,1,
7290001216231,false,טחינה מלאה 500 גרם,אגס ירוק מסחר ושירותים,IL,טחינה מלאה,גרמים,500.00,100 גרם,false,0,14.90,2.98,true,1,
7290001230331,false,כאמל בוקס חפיסה,jti,CH,כאמל בוקס יח',יחידה,1.00,יחידה,false,0,32.00,32.00,false,1,
7290001234133,false,כאמל כתום חפיסה,jti,CH,כאמל כתום,יחידה,1.00,יחידה,false,0,32.00,32.00,false,1,
7290001247112,false,נקטר ספרינג לימונענע 1ל',יפאורה שותפות מובגלת לשיווק,IL,משקה לימונענע,ליטרים,1.00,ליטר,false,0,5.90,5.90,true,1,
7290001247143,false,נקטר ספרינג תפוחים 1ליטר,יפאורה שותפות מובגלת לשיווק,IL,נקטר ספרינג תפוח,ליטרים,1.00,ליטר,false,0,5.90,5.90,true,1,
7290001258101,false,גאודה 28% במשקל,גבינות משק יעקבס,IL,גאודה בטעמים,קילוגרמים,0.00,"ק""ג",true,0,102.00,102.00,true,1,
7290001258118,false,קממברט בקר 25% במשקל,גבינות משק יעקבס,IL,קממברט יעקבס,קילוגרמים,0.00,"ק""ג",true,0,115.00,115.00,true,1,
7290001258217,false,לאבנה עיזים 5% משקל,גבינות משק יעקבס,IL,לאבנה עיזים 5%,קילוגרמים,0.00,"ק""ג",true,0,59.00,59.00,true,1,
7290001258446,false,"יוגורט כבשים 5% 850 מ""ל",גבינות משק יעקבס,IL,יוגורט כבשים5%,מיליליטרים,850.00,"100 מ""ל",false,0,21.70,2.55,true,1,
7290001258668,false,גבינת עז מה 250 גרם,גבינות משק יעקבס,,גבינת עז מה,גרמים,250.00,100 גרם,false,0,16.80,6.72,true,1,
7290001258811,false,מוצרלה בייבי במשקל,גבינות משק יעקבס,IL,מוצרלה בייבי,קילוגרמים,0.00,"ק""ג",true,1,89.00,89.00,true,1,
7290001258989,false,קממבר בקר בייבי במשקל,גבינות משק יעקבס,IL,קממבר בקר בייבי,קילוגרמים,0.00,"ק""ג",true,1,115.00,115.00,true,1,
7290001305188,false,פלמוליב לכלים צהוב 750מל,קולגייט-פלמוליב,GR,פלמוליב לכלים,מיליליטרים,750.00,"100 מ""ל",false,0,11.30,1.51,true,1,
7290001312995,false,בגט 280 גרם,גידרון,IL,באגט,יחידה,1.00,יחידה,false,0,4.90,4.90,true,1,
7290001327227,false,קרמיסימו ריבת חלב 1.33ל',שטראוס,IL,גלידה קרמיסימו,ליטרים,1.33,ליטר,false,0,21.90,16.47,true,1,
7290001407547,false,טחינה פי 6 שומש.מלא 500ג,רושדי תעשיות מזון,IL,טחינה שומשום מלא,גרמים,500.00,100 גרם,false,1,17.70,3.54,true,1,
7290001462010,false,אריסה מרוקאית 250 גרם,נטו,IL,אריסה מרוקאית,גרמים,250.00,100 גרם,false,0,15.90,6.36,true,1,
7290001485026,false,גב.שמנת עם זיתים 5% 200ג,טרה,IL,גבינת שמנת+זיתים,גרמים,200.00,100 גרם,false,0,11.20,5.60,true,1,
7290001485033,false,גב.שמנת שום שמיר5% 200ג,טרה,IL,גבינת שמנת 5%,גרמים,200.00,100 גרם,false,0,11.20,5.60,true,1,
7290001507162,false,אובלטים שומשום אורגני100,השדה מוצרים אורגניים,IL,אובלטים שומשום,גרמים,100.00,100 גרם,false,0,7.90,7.90,true,1,
7290001507179,false,אובלטים קימל,,IL,אובלטים קימל,גרמים,100.00,100 גרם,false,0,7.90,7.90,true,1,
7290001594377,false,"פריגת תפוזים 500 מ""ל",פריגת,IL,פריגת תפוזים,מיליליטרים,500.00,"100 מ""ל",false,0,7.60,1.52,true,1,
7290001594384,false,"פריגת אשכוליות 500 מ""ל",פריגת,IL,פריגת אשכוליות,מיליליטרים,500.00,"100 מ""ל",false,0,7.60,1.52,true,1,
7290001594568,false,"בירה קרלסברג בפחית500מ""ל",קרלסברג ישראל,IL,בירה קרלסברג פח,מיליליטרים,500.00,"100 מ""ל",false,0,9.90,1.98,true,1,
7290001696385,false,מיני רוגלך  במשקל,,IL,מיני רוגלך,קילוגרמים,0.00,"ק""ג",true,1,52.00,52.00,true,1,
7290001696439,false,קוקטייל פיצה פרימיום,גידרון,IL,קוקטייל פיצה,קילוגרמים,0.00,"ק""ג",true,1,52.00,52.00,true,1,
7290001713853,false,אקונומיקה מבושמת 4 ליטר,קומפלקס כימיקלים,IL,אקונומיקה מבושמת,ליטרים,4.00,ליטר,false,0,10.90,2.73,true,1,
7290001791349,false,פיסגה אקונומיקה ריחנית4ל,סנו,IL,אקונומיקה פיסגה,ליטרים,4.00,ליטר,false,0,12.00,3.00,true,1,
7290001791776,false,סנו די רול און אלוורה50מ,סנו,IL,סנו די רול און,מיליליטרים,50.00,"100 מ""ל",false,0,21.60,43.20,true,1,
7290001813881,false,פתי בר בטעם חמאה 500 גרם,שטראוס,IL,פתי בר עלית,גרמים,500.00,100 גרם,false,0,11.30,2.26,true,1,
7290001817377,false,ציטוס איקס עיגול פיצה60ג,עלית,IL,צ'יטוס איקס,גרמים,60.00,100 גרם,false,0,3.60,6.00,true,1,
7290001817582,false,צ'יטוס כאפה 15*10 גרם,עלית,IL,מארז צ'יטוס כאפה,גרמים,150.00,100 גרם,false,0,10.40,6.93,true,1,
7290001817728,false,צ'יטוס כאפה 55 גרם,עלית,IL,צ'יטוס כפאה,גרמים,55.00,100 גרם,false,0,3.60,6.55,true,1,
7290001865125,false,10 גלילונית גדולה 78X90,דנאגיס,TH,שקיות אשפה,יחידה,1.00,יחידה,false,0,14.90,14.90,true,1,
7290001875315,false,שניצל דק טרי פרימיום קג,עוף עוז,IL,שניצל דק פרימיום,קילוגרמים,0.00,"ק""ג",true,1,44.90,44.90,true,1,
7290001875339,false,כנפיים עוף טרי פרימיום ק,עוף עוז,IL,כנפיים -פרמיום ט,קילוגרמים,0.00,"ק""ג",true,1,14.90,14.90,true,1,
7290001875346,false,כרעיים עוף טרי פרימיום ק,עוף עוז,IL,כרעיים פרימיום ט,קילוגרמים,0.00,"ק""ג",true,1,34.90,34.90,true,1,
7290001875353,false,שוקיים עוף טרי פרימיום ק,עוף עוז,IL,שוקיים פרמיום טר,קילוגרמים,0.00,"ק""ג",true,1,37.90,37.90,true,1,
7290001902301,false,חלה מתוקה קלועה 450 גרם,גידרון,IL,חלה מתוקה קלוע,יחידה,1.00,יחידה,false,0,12.90,12.90,true,1,
7290001902325,false,"חלת ""גדרון""",גידרון,IL,"חלת ""גדרון""",יחידה,1.00,יחידה,false,0,12.90,12.90,true,1,
7290001902776,false,לחמנית עם דגנים קפוא,גידרון,IL,לחמנית עם דגנים,יחידה,1.00,יחידה,false,0,5.20,5.20,true,1,
7290002008187,false,קשים מתקפלים 40 יח',הנמל,IL,קשים מתקפלים,יחידה,1.00,יחידה,false,0,1.00,1.00,true,1,
7290002008941,false,עוג.מרוקאיות ללא סוכר400,הנמל,IL,עוגיות ללא סוכר,גרמים,400.00,100 גרם,false,0,21.40,5.35,true,1,
7290002008989,false,קישקשים בקופסא 225 יח',הנמל,IL,קישקשים בקופסא,יחידה,1.00,יחידה,false,0,6.90,6.90,true,1,
7290002019787,false,רסק עגבניות מרוכז260גר,פרי ניר,IL,רוטב עגבניות,גרמים,260.00,100 גרם,false,0,4.00,1.54,true,1,
7290002020493,false,פילו תרד פרימיום לקג,גידרון,,פילו תרד,קילוגרמים,0.00,"ק""ג",true,0,52.00,52.00,true,1,
7290002020837,false,לחמניות מיני חלה,גידרון,IL,לחמניות מיני חל,יחידה,1.00,יחידה,false,0,4.40,4.40,true,1,
7290002037040,false,חלה קלה פרוסה 500 גרם,מאפית ברמן,IL,חלה קלה פרוסה,גרמים,500.00,100 גרם,false,0,15.80,3.16,true,1,
7290002037125,false,חלה פרוסה 500 גרם,מאפית ברמן,IL,חלה פרוסה,גרמים,500.00,100 גרם,false,0,10.60,2.12,true,1,
7290002037309,false,לחמניות המבורגר 50*8 גרם,מאפית ברמן,IL,8לחמניות המבורגר,גרמים,400.00,100 גרם,false,0,11.80,2.95,true,1,
7290002037637,false,חליות מתוקות 4 יח',מאפית ברמן,IL,חליות מתוקות 4יח,גרמים,350.00,100 גרם,false,0,13.10,3.74,true,1,
7290002040019,false,קוסקוס רגיל 350 גרם,קוסקוס מזון,IL,קוסקוס רגיל,גרמים,350.00,100 גרם,false,0,5.50,1.57,true,1,
7290002040088,false,קוסקוס מלא 350 גרם,קוסקוס מזון,IL,קוסקוס מלא,גרמים,350.00,100 גרם,false,0,6.60,1.89,true,1,
7290002057048,false,זית סורי מבוקע 540 גרם,קבוצת יבנה,IL,זית סורי מבוקע,גרמים,540.00,100 גרם,false,0,12.00,2.22,true,1,
7290002057055,false,זיתים סורים ירוקים540גרם,קבוצת יבנה,IL,זית סורי ירוק,גרמים,540.00,100 גרם,false,0,11.90,2.20,true,1,
7290002057123,false,מנזנילו ירוק ל.גלעין540ג,קבוצת יבנה,IL,זית ללא גלעין,גרמים,540.00,100 גרם,false,0,9.90,1.83,true,1,
7290002057185,false,טבעות זיתים ירוקים540גרם,קבוצת יבנה,IL,טבעות זיתים,גרמים,540.00,100 גרם,false,0,10.90,2.02,true,1,
7290002057352,false,מלפפונים 7-9 במלח 540גרם,קבוצת יבנה,IL,מלפפון במלח 7-9,גרמים,540.00,100 גרם,false,0,7.30,1.35,true,1,
7290002057369,false,מלפפון במלח 10-12 540גרם,קבוצת יבנה,IL,מלפפונים במלח,גרמים,540.00,100 גרם,false,0,8.50,1.57,true,1,
7290002057376,false,מלפ. במלח קטן13-17 540גר,קבוצת יבנה,IL,מלפפונים במלח,גרמים,540.00,100 גרם,false,0,10.50,1.94,true,1,
7290002057383,false,מלפפון במלח 18-25 540גרם,קבוצת יבנה,IL,מלפפונים במלח,גרמים,540.00,100 גרם,false,0,13.30,2.46,true,1,
7290002057451,false,מלפפונים בחומץ 7-9 540גר,קבוצת יבנה,IL,מלפפונים בחומץ,גרמים,540.00,100 גרם,false,0,7.30,1.35,true,1,
7290002057628,false,טבעות זיתים מושחרים540גר,קבוצת יבנה,IL,טבעות זיתים,גרמים,540.00,100 גרם,false,0,11.50,2.13,true,1,
7290002065555,false,לחמניות בשקית 75*6 גרם,מאפיית שלמה א. אנג'ל,IL,6 לחמניות בשקית,גרמים,450.00,100 גרם,false,0,11.90,2.64,true,1,
7290002065616,false,לחם שיפון גרעינים 750גרם,מאפיית שלמה א. אנג'ל,IL,לחם שיפון,גרמים,750.00,100 גרם,false,0,13.50,1.80,true,1,
7290002107316,false,גבינת טבורוג 5% משקל,משק צוריאל תבור,IL,גבינת טבורוג 5%,קילוגרמים,0.00,"ק""ג",true,0,49.00,49.00,true,1,
7290002107422,false,בולגרית גלילית 5% במשקל,משק צוריאל תבור,IL,בולגרית גלילית5%,קילוגרמים,0.00,"ק""ג",true,0,59.00,59.00,true,1,
7290002107743,false,צפתית מעודנת5%משק צוריאל,משק צוריאל תבור,IL,גבינה צפתית 5%,קילוגרמים,0.00,"ק""ג",true,0,57.00,57.00,true,1,
7290002107965,false,גב. טבורוג לאפיה 5% 500ג,משק צוריאל תבור,IL,גבינת טבורוג,גרמים,500.00,100 גרם,false,0,25.70,5.14,true,1,
7290002130567,false,דבש טהור יד מרדכי 350גרם,יד מרדכי,IL,דבש טהור,גרמים,350.00,100 גרם,false,0,21.30,6.09,true,1,
7290002132011,false,עוגיות מזרחיות 400 גרם,עבאדי,IL,עוגיות מזרחיות,גרמים,400.00,100 גרם,false,0,19.70,4.93,true,1,
7290002133063,false,גב.צפתית קשה 29%במשקל,מחלבת השומרון,IL,גבינה צפתית,קילוגרמים,0.00,"ק""ג",true,0,71.00,71.00,true,1,
7290002133070,false,גב.קשקבל טורקי צאן22%משק,מחלבת השומרון,IL,גבינת קשקבל,קילוגרמים,0.00,"ק""ג",true,0,123.00,123.00,true,1,
7290002133087,false,גבינה בולגרית צאן20%משקל,מחלבת השומרון,,גב. בולגרית צאן,גרמים,0.00,"ק""ג",true,0,90.00,90.00,true,1,
7290002133117,false,בולגרית מעודנת 5% במשקל,מחלבת השומרון,IL,גבינה בולגרית 5%,קילוגרמים,0.00,"ק""ג",true,0,57.00,57.00,true,1,
7290002133131,false,גבינה ריקוטה 5% 250 גרם,מחלבת השומרון,,גבינה ריקוטה 5%,גרמים,250.00,100 גרם,false,0,13.80,5.52,true,1,
7290002133148,false,צפתית רכה 5% במשקל,מחלבת השומרון,IL,גבינה צפתית 5%,קילוגרמים,0.00,"ק""ג",true,0,62.00,62.00,true,1,
7290002133162,false,גב.בולגרית של פעם5% 250ג,מחלבת השומרון,IL,גבינה בולגרית 5%,גרמים,250.00,100 גרם,false,0,20.70,8.28,true,1,
7290002133193,false,גבינה בולגרית 5% משקל,מחלבת השומרון,IL,גבינה בולגרית 5%,קילוגרמים,0.00,"ק""ג",true,0,62.00,62.00,true,1,
7290002133506,false,יוג.של פעם חלב עיזים400ג,מחלבת השומרון,IL,יוגורט של פעם,גרמים,400.00,100 גרם,false,0,13.90,3.48,true,1,
7290002133520,false,יוגורט של פעם בגביע 400ג,מחלבת השומרון,IL,יוגורט של פעם,גרמים,400.00,100 גרם,false,0,10.80,2.70,true,1,
7290002133537,false,יוגורט של פעם עיזים 180ג,מחלבת השומרון,IL,יוגורט של פעם,גרמים,180.00,100 גרם,false,0,6.80,3.78,true,1,
7290002133889,false,גב.בולגרית מעודנת5% 250ג,מחלבת השומרון,IL,גבינה בולגרית 5%,גרמים,250.00,100 גרם,false,0,20.20,8.08,true,1,
7290002208181,false,גבינת תום כבשים,,IL,גבינת תום כבשים,קילוגרמים,0.00,"ק""ג",true,0,149.00,149.00,true,1,
7290002253006,false,שום כתוש דורות 200 גרם,דורות,IL,שום טרי כתוש,גרמים,200.00,100 גרם,false,0,17.90,8.95,true,1,
7290002253105,false,שום במגשית 80 גרם,דורות,IL,שום כתוש קפוא,גרמים,80.00,100 גרם,false,0,14.90,18.63,true,1,
7290002253150,false,בזיליקום קצוץ מגשית 70 ג,דורות,IL,בזיליקום קצוץ,גרמים,70.00,100 גרם,false,0,11.60,16.57,true,1,
7290002253181,false,כוסברה קצוצה מגשית 70 גר,דורות,IL,כוסברה קצוצה,גרמים,70.00,100 גרם,false,0,11.90,17.00,true,1,
7290002253235,false,דורות רוטב פסטו 160גרם,דורות,IL,דורות רוטב פסטו,גרמים,160.00,100 גרם,false,16,12.90,8.06,true,1,
7290002317746,false,זיתים שחורים גדול גרם560,מוטולה,IL,זיתים שחורים,גרמים,560.00,100 גרם,false,1,10.90,1.95,true,1,
7290002323198,false,ספרינג מיץ תפוחים 1.5 ל',יפאורה שותפות מובגלת לשי,IL,ספרינג תפוחים,ליטרים,1.50,ליטר,false,0,6.90,4.60,true,1,
7290002323204,false,ספרינג תפוחים דיאט 1.5ל',יפאורה שותפות מובגלת לשי,IL,ספרינג תפוח דיאט,ליטרים,1.50,ליטר,false,0,6.90,4.60,true,1,
7290002331179,false,נביעות+טעם אפרסק 1.5ליטר,נביעות טבע,IL,נביעות+אפרסק,ליטרים,1.50,ליטר,false,0,8.80,5.87,true,1,
7290002331322,false,מים מינרל.נביעות 1.5*6ל,נביעות טבע,IL,מים נביעות 6 יח,ליטרים,9.00,ליטר,false,0,11.90,1.32,true,1,
7290002353836,false,סרדינ.בשמן זית רוברט125ג,נטו,PT,סרדינים בשמן זית,גרמים,115.00,100 גרם,false,0,8.20,7.13,true,1,
7290002370123,false,גבינת עיזים רכה 29% משקל,,ES,גבינת עיזים,קילוגרמים,0.00,"ק""ג",true,1,139.00,139.00,true,1,
7290002385745,false,פקורינו משולשים,,,פקורינו משולשים,קילוגרמים,0.00,"ק""ג",true,0,137.00,137.00,true,1,
7290002439080,false,פיצה ביס 100%גבינה 700גר,נטו,IL,פיצה ביס 100%גבי,גרמים,700.00,100 גרם,false,8,28.70,4.10,true,1,
7290002439240,false,פס עוגת גבינה אפויה500ג,סהרון,IL,פס עוגת גבינה,גרמים,500.00,100 גרם,false,1,39.60,7.92,true,1,
7290002439400,false,פיצה ביס גבינה+זיתים 700,נטו,IL,פיצה ביס זיתים,גרמים,700.00,100 גרם,false,8,29.60,4.23,true,1,
7290002472261,false,"עוגת מאפין תפו""ע 550 גרם",גידרון,IL,עוגת מאפין,גרמים,550.00,100 גרם,false,0,23.90,4.35,true,1,
7290002472667,false,עוגת שמרים גבינה 520ג,גידרון,IL,עוגת שמרים גבינה,גרמים,520.00,100 גרם,false,0,26.90,5.17,true,1,
7290002479109,false,"דבש מפרחי בר 1 ק""ג",מכוורת עמק חפר,IL,דבש מפרחי בר,גרמים,1000.00,100 גרם,false,0,46.20,4.62,true,1,
7290002479352,false,דבש מפרחי בר 350 גרם,מכוורת עמק חפר,IL,דבש מפרחי בר,גרמים,350.00,100 גרם,false,0,19.90,5.69,true,1,
7290002487425,false,עוג.אוראו שוקולד חלב176ג,מונדלייז,ES,עוגיות אוראו,גרמים,176.00,100 גרם,false,0,10.20,5.80,true,1,
7290002507079,false,"אנטריקוט ע""ע טרי אמריקאי",.,IL,"אנטריקוט ע""ע טרי",קילוגרמים,0.00,"ק""ג",true,1,119.90,119.90,true,1,
7290002507697,false,סטיק טונה אדומה מעובד לק,,IL,סטייק טונה אדומה,קילוגרמים,0.00,"ק""ג",true,1,64.90,64.90,true,1,
7290002514268,false,בסיס לעוגת טורט וניל400ג,קונטיננטל בייקריז,DE,בסיס לעוגת טורט,גרמים,400.00,100 גרם,false,0,18.70,4.68,true,1,
7290002541370,false,משקה סויה אלפרו 1 ליטר,אלפרו,IL,משקה סויה טבעי,ליטרים,1.00,ליטר,false,0,14.90,14.90,true,1,
7290002543381,false,קלוג'ס ספיישל K 375 גרם,קלוג'ס,GB,קלוג'ס ספיישל,גרמים,375.00,100 גרם,false,0,25.90,6.91,true,1,
7290002603474,false,פיצת שף מאיטליה פטריות 2,שגב,IL,פיצת השף מאיטליה,גרמים,200.00,100 גרם,false,1,16.90,8.45,true,1,
7290002603481,false,פיצההשף מאיטליה פסטועגבנ,שגב,IL,פיצה שף מאיטליה,גרמים,200.00,100 גרם,false,1,16.90,8.45,true,1,
7290002603498,false,פיצת השף מאיטליהאנטיפסטי,שגב,IL,פיצת השף מאיטליה,גרמים,220.00,100 גרם,false,1,16.90,7.68,true,1,
7290002603634,false,פיצה אישי משולש 80 גרם,שלושת האופים,IL,פיצה אישית משולש,גרמים,80.00,100 גרם,false,1,3.40,4.25,true,1,
7290002663522,false,תפוזינה משקה קל תפוז1.5ל,יפאורה שותפות מובגלת לשיווק,IL,תפוזינה תפוזים,ליטרים,1.50,ליטר,false,0,6.90,4.60,true,1,
7290002663539,false,תפוזינה אשכוליות 1.5ליטר,יפאורה שותפות מובגלת לשי,IL,תפוזינה אשכוליות,ליטרים,1.50,ליטר,false,0,6.90,4.60,true,1,
7290002663805,false,שוופס טוניק 1.5 ליטר,יפאורה שותפות מובגלת לשיווק,IL,שוופס מי טוניק,ליטרים,1.50,ליטר,false,0,9.90,6.60,true,1,
7290002663829,false,שוופס ביטר לימון 1.5ליטר,יפאורה שותפות מובגלת לשיווק,IL,שוופס ביטר לימון,ליטרים,1.50,ליטר,false,0,9.90,6.60,true,1,
7290002685050,false,חזה עוף טרי שופרסל,קורניש,IL,חזה עוף טרי,קילוגרמים,0.00,"ק""ג",true,1,34.90,34.90,true,1,
7290002685128,false,כבד עוף טרי שופרסל קג,קורניש,IL,כבד עוף טרי,קילוגרמים,0.00,"ק""ג",true,1,19.90,19.90,true,1,
7290002692393,false,שמן קנולה מועשר 1 ליטר,שמן תעשיות,IL,שמן קנולה מועשר,ליטרים,1.00,ליטר,false,0,14.80,14.80,true,1,
7290002692768,false,"תרסיס שמן קנולה 200 מ""ל",שמן תעשיות,US,תרסיס שמן קנולה,מיליליטרים,200.00,"100 מ""ל",false,0,17.10,8.55,true,1,
7290002692782,false,"תרסיס שמן זית 148 מ""ל",שמן תעשיות,US,תרסיס שמן זית,מיליליטרים,148.00,"100 מ""ל",false,0,17.10,11.55,true,1,
7290002715528,false,מג'יק אטריות,,SG,מג'יק אטריות,גרמים,70.00,100 גרם,false,0,4.60,6.57,true,1,
7290002715580,false,מג'יק נודלס,,SG,מג'יק נודלס,גרמים,70.00,100 גרם,false,0,4.60,6.57,true,1,
7290002730262,false,פלמוליב קלאסי ירוק 750מל,קולגייט-פלמוליב,GR,פלמוליב לכלים,מיליליטרים,750.00,"100 מ""ל",false,0,11.30,1.51,true,1,
7290002730675,false,"משחת קולגייט אדום 100מ""ל",קולגייט-פלמוליב,PL,משחת שיניים,מיליליטרים,100.00,"100 מ""ל",false,0,9.90,9.90,true,1,
7290002752349,false,סוכ. מנטוס מנטה 37.5 גרם,מנטוס,NL,סוכריות מנטוס,גרמים,37.00,100 גרם,false,0,4.00,10.81,true,1,
7290002757528,false,"בורקס פילו תפו""א 700 גרם","שגמור בע""מ",IL,"בורקס פילו תפו""א",גרמים,700.00,100 גרם,false,0,22.30,3.19,true,1,
7290002757542,false,אטריות קדאיף 400 גרם,"שגמור בע""מ",IL,אטריות קדאיף,גרמים,400.00,100 גרם,false,0,17.90,4.48,true,1,
7290002766056,false,עגבניה שרי תמר יחידה,קטיף,IL,עגבניה שרי תמר,יחידה,1.00,יחידה,false,1,10.90,10.90,true,1,
7290002814078,false,אנטרטיק לניקוי אמבטיה1ל,קומפלקס כימיקלים,IL,אנטרטיק לאמבט,ליטרים,1.00,ליטר,false,0,10.80,10.80,true,1,
7290002814928,false,פרלמנט קצר בודד,פיליפ מוריס,IL,פרלמנט קצר בודד,יחידה,1.00,יחידה,false,0,38.90,38.90,false,1,
7290002824183,false,גב.סקי משפחתי5%שומן500ג,שטראוס,IL,גבינת סקי 5%,גרמים,500.00,100 גרם,false,0,9.20,1.84,true,1,
7290002824466,false,יוגורט ביו 0% דנונה 200ג,שטראוס,IL,יוגורט ביו 0%,גרמים,200.00,100 גרם,false,0,3.70,1.85,true,1,
7290002824640,false,גב.סקי5%לבנה מעודנת250ג,שטראוס,IL,גבינת סקי 5%,גרמים,250.00,100 גרם,false,0,4.60,1.84,true,1,
7290002833525,false,מרלבורו רד קצר בוקס חפ.,פיליפ מוריס,,מרלבורו רד חפיסה,יחידה,1.00,יחידה,false,0,36.50,36.50,false,1,
7290002862109,false,פירורי לחם מוזהבים 400 ג,"הררית מזון בע""מ",ES,פירורי לחם מוזהב,גרמים,400.00,100 גרם,false,1,6.90,1.73,true,1,
7290002868996,false,קוטג' 5% רכיבים טבעי250ג,טרה,IL,קוטג' 5% 250גרם,גרמים,250.00,100 גרם,false,0,5.50,2.20,true,1,
7290002871248,false,"טובורג רד בק.חוזר 500מ""ל",קרלסברג ישראל,IL,בירה טובורג רד,מיליליטרים,500.00,"100 מ""ל",false,0,9.20,1.84,true,1,
7290002871361,false,בירה קרלסברג בק.חוזר500מ,קרלסברג ישראל,IL,בירה קרלסברג,מיליליטרים,500.00,"100 מ""ל",false,0,9.40,1.88,true,1,
7290002871446,false,פריגת ענבים 1.5 ליטר,פריגת,IL,פריגת ענבים,ליטרים,1.50,ליטר,false,0,7.50,5.00,true,1,
7290002871460,false,פריגת תפוזים 1.5 ליטר,פריגת,IL,פריגת תפוזים,ליטרים,1.50,ליטר,false,0,7.50,5.00,true,1,
7290002871477,false,פריגת אשכוליות 1.5 ליטר,פריגת,IL,פריגת אשכוליות,ליטרים,1.50,ליטר,false,0,7.50,5.00,true,1,
7290002876326,false,פרלמנט קצר בלו בודד,פיליפ מוריס,IL,פרלמנט קצר בלו,יחידה,1.00,יחידה,false,0,38.90,38.90,false,1,
7290002881216,false,"רסק תפו""ע דיאט צנצנת700ג",KONSERVENFABRI BALTUSSEN,NL,"רסק תפו""ע דיאט",גרמים,700.00,100 גרם,false,0,10.40,1.49,true,1,
7290002881920,false,מרלבורו גולד 100 בוקס,פיליפ מוריס,IL,מרלבורו גולד,יחידה,1.00,יחידה,false,0,36.50,36.50,false,1,
7290002920311,false,גבינת קממבר,,IL,גבינת קממבר,קילוגרמים,0.00,"ק""ג",true,0,126.00,126.00,true,1,
7290003009633,false,סירופ לימונים פריגת 1.5ל,פריגת,IL,סירופ לימונים,ליטרים,1.50,ליטר,false,0,23.10,15.40,true,1,
7290003023165,false,שוקו בכד יטבתה 2 ליטר,יטבתה,IL,שוקו בכד יטבתה,ליטרים,2.00,ליטר,false,0,21.10,10.55,true,1,
7290003029037,false,שוקו בקרטון יטבתה 0.5 ל',יטבתה,IL,שוקו יטבתה קרטון,מיליליטרים,500.00,"100 מ""ל",false,0,7.00,1.40,true,1,
7290003029181,false,שוקו יטבתה בבקבוק 1 ליטר,יטבתה,IL,שוקו יטבתה,ליטרים,1.00,ליטר,false,0,12.00,12.00,true,1,
7290003029266,false,מילק שייק שוקו יטבתה400מ,יטבתה,IL,מילק שייק שוקו,מיליליטרים,400.00,"100 מ""ל",false,0,6.90,1.73,true,1,
7290003029372,false,משקה חלב בננה בקבוק 1 ל',יטבתה,IL,משקה חלב בננה,ליטרים,1.00,ליטר,false,0,12.00,12.00,true,1,
7290003029433,false,שוקו יטבתה+פקק נשלף 250מ,יטבתה,IL,שוקו יטבתה,מיליליטרים,250.00,"100 מ""ל",false,0,5.60,2.24,true,1,
7290003029532,false,מוקה יטבתה בקבוק 2% 1ל,יטבתה,IL,מוקה יטבתה בקבוק,ליטרים,1.00,ליטר,false,0,12.00,12.00,true,1,
7290003029617,false,"שמנת מנה אישית 100 מ""ל",יטבתה,IL,שמנת מנה אישית,מיליליטרים,100.00,"100 מ""ל",false,0,1.90,1.90,true,1,
7290003029792,false,שוקו יטבתה מארז 225*8 מל,יטבתה,IL,שקיות שוקו 8 יח',ליטרים,1.80,ליטר,false,0,19.90,11.06,true,1,
7290003029815,false,חלב מועשר יטבתה 3%כד 2ל',יטבתה,IL,חלב מועשר יטבתה,ליטרים,2.00,ליטר,false,0,15.60,7.80,true,1,
7290003029907,false,אייס קפה יטבתה 2% 1ל,יטבתה,IL,אייס קפה יטבתה,ליטרים,1.00,ליטר,false,0,12.00,12.00,true,1,
7290003069682,false,בצק פילאס 500 גרם,"שגמור בע""מ",IL,בצק פילאס,גרמים,500.00,100 גרם,false,0,19.70,3.94,true,1,
7290003107216,false,"קמח לבן 1 ק""ג",טחנת קמח דגן לישראל,IL,קמח לבן,קילוגרמים,1.00,"ק""ג",false,0,5.90,5.90,true,1,
7290003107247,false,שמרים יבשים אינסטנט33גרם,שטיבל,IL,שמרים יבשים,גרמים,33.00,100 גרם,false,0,5.80,17.58,true,1,
7290003119110,false,קוקה קולה 1.5*6 ליטר,החברה המרכזית לייצור משקאות,IL,קוקה קולה 1.5*6ל,ליטרים,9.00,ליטר,false,0,38.90,4.32,true,1,
7290003119165,false,קוקה קולה דיאט 1.5*6ל,החברה המרכזית לייצור משקאות,IL,קולה דיאט 6 יח,ליטרים,9.00,ליטר,false,0,38.90,4.32,true,1,
7290003126712,false,יוגורט עיזים ביו 3% 150ג,משק צוריאל תבור,IL,יוגורט ביו 3%,גרמים,150.00,100 גרם,false,0,6.50,4.33,true,1,
7290003141159,false,מרשמלו יוגטה 180 גרם,סאאדת,IL,מרשמלו יוגטה,גרמים,180.00,100 גרם,false,0,8.80,4.89,true,1,
7290003158157,false,פוקצה אנטיפסטי,מאפה הבלקן,IL,פוקצה אנטיפסטי,יחידה,1.00,יחידה,false,0,12.90,12.90,true,1,
7290003158164,false,פילו ריקוטה פרימיום קג,גידרון,IL,פילו ריקוטה,קילוגרמים,0.00,"ק""ג",true,0,52.00,52.00,true,1,
7290003189076,false,פיצרלה מגורדת22% 500 גרם,כפיר,IL,פיצרלה מגורדת,גרמים,500.00,100 גרם,false,0,21.70,4.34,true,1,
7290003189557,false,צהובה טובה מעושנת5% 200ג,כפיר,IL,הצהובה טובה לייט,גרמים,200.00,100 גרם,false,0,15.80,7.90,true,1,
7290003220755,false,"רוטב סויה כהה 640 מ""ל",ליאנג סאנג האנד,TH,רוטב סויה כהה,מיליליטרים,640.00,"100 מ""ל",false,0,17.80,2.78,true,1,
7290003224272,false,כיסונים בשר מוסקובסקי1קג,מאמא מרי,IL,כיסונים עם בשר,גרמים,1000.00,100 גרם,false,0,27.70,2.77,true,1,
7290003321155,false,דנונה בר פקאן 183 גרם,שטראוס,IL,דנונה בר פקאן,גרמים,183.00,100 גרם,false,0,4.80,2.62,true,1,
7290003321292,false,גב.סקי 9% שומן 250 גרם,שטראוס,IL,גבינת סקי 9%,גרמים,250.00,100 גרם,false,0,4.60,1.84,true,1,
7290003401376,false,קרם לחות אלוורה לשיער400,קרליין,IL,קרם לחות לשיער,מיליליטרים,400.00,"100 מ""ל",false,0,22.90,5.73,true,1,
7290003411238,false,שמרים יבשים 500 גרם,הנמל,BE,שמרים יבשים,גרמים,500.00,100 גרם,false,0,15.90,3.18,true,1,
7290003411849,false,גרנולה תמרים ושקדים 400ג,הנמל,IL,גרנולה תמרים,גרמים,400.00,100 גרם,false,0,11.50,2.88,true,1,
7290003423909,false,חטיף שוק.לבן שברי עוג43.,הרשי שוקולד,US,חטיף שוקולד לבן,גרמים,43.00,100 גרם,false,0,4.90,11.40,true,1,
7290003427154,false,"שמן זית כתית מעולה750מ""ל",זיתא,IL,שמן זית כתית,מיליליטרים,750.00,"100 מ""ל",false,0,39.90,5.32,true,1,
7290003438006,false,רוטב פסטו אוליביה 180 גר,אוליביה,IL,רוטב פסטו,גרמים,180.00,100 גרם,false,0,14.50,8.06,true,1,
7290003438990,false,עיטורי עגבנ.מיובשות 280ג,אוליביה,IL,עגבניות מיובשות,גרמים,280.00,100 גרם,false,0,19.90,7.11,true,1,
7290003450602,false,חרדל אמיתי היינץ 255 גרם,היינץ,US,חרדל אמיתי,גרמים,255.00,100 גרם,false,0,13.10,5.14,true,1,
7290003514007,false,שקדי מרק 400 גרם,מנה,IL,שקדי מרק מנה,גרמים,400.00,100 גרם,false,0,9.80,2.45,true,1,
7290003514571,false,פריכיות אורז עם מלח 100ג,מנה,IL,פריכיות אורז,גרמים,100.00,100 גרם,false,0,5.80,5.80,true,1,
7290003521081,false,סרקל שמפו לילדים 1 ליטר,פישר מעבדות פרמצבטיות,IL,סרקל שמפו לילדים,ליטרים,1.00,ליטר,false,0,29.50,29.50,true,1,
7290003524297,false,אספרגוס לבן שלם 330 גרם,נטו,IL,אספרגוס לבן שלם,גרמים,330.00,100 גרם,false,0,10.40,3.15,true,1,
7290003525188,false,גב.פילדלפיה לבנה שמנה227,נטו,US,גבינת פילדלפיה,גרמים,227.00,100 גרם,false,0,20.10,8.85,true,1,
7290003538041,false,"תמר חלאוי 1ק""ג",הדיקלאים,IL,"תמר חלאוי 1ק""ג",קילוגרמים,1.00,"ק""ג",false,1,20.00,20.00,true,1,
7290003550333,false,טחון בקר מופחת שומן 500,טיבון ויל - נטו,IL,טחון בקר מ.שומן,גרמים,500.00,100 גרם,false,0,37.50,7.50,true,1,
7290003578061,false,לבבות דקל שלם,,EC,לבבות דקל שלם,גרמים,400.00,100 גרם,false,0,10.80,2.70,true,1,
7290003608546,false,תפוזינה תות בננה 1.5ליטר,יפאורה שותפות מובגלת לשי,IL,תפוזינה תות בננה,ליטרים,1.50,ליטר,false,0,6.90,4.60,true,1,
7290003608898,false,תפוזינה תפוזים לייט1.5ל,יפאורה שותפות מובגלת לשי,IL,תפוזינה לייט,ליטרים,1.50,ליטר,false,0,6.90,4.60,true,1,
7290003643004,false,אורז בסמטי קלאסי בשקית1ק,סוגת,IL,אורז בסמטי קלאסי,קילוגרמים,1.00,"ק""ג",false,0,16.90,16.90,true,1,
7290003643387,false,"סוכר לבן צנצנת 1 ק""ג",סוגת,IL,סוכר לבן צנצנת,קילוגרמים,1.00,"ק""ג",false,0,8.90,8.90,true,1,
7290003643745,false,כוסמת 500 גרם,סוגת,IL,כוסמת,גרמים,500.00,100 גרם,false,0,6.90,1.38,true,1,
7290003643769,false,עדשים אדומות 500 גרם,סוגת,IL,עדשים אדומות,גרמים,500.00,100 גרם,false,0,7.50,1.50,true,1,
7290003648276,false,סלמון מעושן במשקל,סלטי שמיר,IL,סלמון מעושן,קילוגרמים,0.00,"ק""ג",true,0,186.00,186.00,true,1,
7290003667109,false,פאנטה אורנג' 1.5 ל',החברה המרכזית לייצור משקאות,IL,פאנטה אורנג',ליטרים,1.50,ליטר,false,0,7.60,5.07,true,1,
7290003667673,false,פנטה דיאט אורנג' 1.5ליטר,החברה המרכזית לייצור משק,IL,פנטה דיאט אורנג',ליטרים,1.50,ליטר,false,0,7.60,5.07,true,1,
7290003719259,false,לחם אקסקלוסיבי שיפ.מלא1ק,מאפית ברמן,IL,לחם אקסקלוסיבי,קילוגרמים,1.00,"ק""ג",false,0,17.60,17.60,true,1,
7290003726141,false,טופו אמיתי כפרי,,IL,טופו אמיתי כפרי,גרמים,300.00,100 גרם,false,0,12.90,4.30,true,1,
7290003782147,false,מעדן בטעם לקרדה במשקל,מעדני מיקי,IL,מעד בטעם לקרדה,קילוגרמים,0.00,"ק""ג",true,0,110.00,110.00,true,1,
7290003804375,false,תיבולית קנור ניחוח צלי72,יוניליוור,IL,תיבולית קנור,גרמים,72.00,100 גרם,false,0,10.40,14.44,true,1,
7290003805501,false,פתית חסכוני שוודית 300גר,יוניליוור,IL,פתית קרקר שוודי,גרמים,300.00,100 גרם,false,0,18.70,6.23,true,1,
7290003805709,false,"כריות נוגט בד""צ 750 גרם",יוניליוור,IL,כריות נוגט,גרמים,750.00,100 גרם,false,0,27.90,3.72,true,1,
7290003806812,false,בדין אקסטרא יערת הדבש960,יוניליוור,TR,מרכך בדין אקסטרא,מיליליטרים,960.00,"100 מ""ל",false,0,17.90,1.86,true,1,
7290003807178,false,רוטב סויה סגנון סיני300מ,יוניליוור,IL,רוטב סויה,מיליליטרים,300.00,"100 מ""ל",false,0,12.50,4.17,true,1,
7290003807482,false,"רוטב טריאקי 300 מ""ל",יוניליוור,IL,רוטב טריאקי,מיליליטרים,300.00,"100 מ""ל",false,0,12.50,4.17,true,1,
7290003864485,false,סרדינים ברוטב,,PH,סרדינים ברוטב,גרמים,110.00,100 גרם,false,0,6.30,5.73,true,1,
7290003882922,false,עלי גפן ממולאים,,IL,עלי גפן ממולאים,גרמים,400.00,100 גרם,false,0,9.90,2.48,true,1,
7290003903955,false,שוקולד קרם חלב 100 גרם,שטראוס,IL,שוקולד קרם חלב,גרמים,100.00,100 גרם,false,0,6.60,6.60,true,1,
7290003989539,false,רביולי עם גבינה 400 גרם,שטראוס,IL,רביולי גבינה,גרמים,400.00,100 גרם,false,0,21.70,5.43,true,1,
7290004030414,false,מיץ תפוזים מצונן,,IL,מיץ תפוזים מצונן,ליטרים,2.00,ליטר,false,0,20.90,10.45,true,1,
7290004030506,false,מיץ טרופי+גויאבה אננס 2ל,פריניב,IL,מיץ טרופי,ליטרים,2.00,ליטר,false,1,25.90,12.95,true,1,
7290004043108,false,עדשי מ&מ'ס שוקולד 89 גרם,מרס,US,עדשי מ&מ'ס,גרמים,89.00,100 גרם,false,1,7.50,8.43,true,1,
7290004064105,false,מטחנה מלח עשבי תיבול250מ,מלח הארץ אילת,IL,מטחנה מלח+תיבול,גרמים,250.00,100 גרם,false,1,17.90,7.16,true,1,
7290004068028,false,ציזיקי לשתיה,,IL,ציזיקי לשתיה,מיליליטרים,500.00,"100 מ""ל",false,0,10.00,2.00,true,1,
7290004068172,false,יוגורט עזים בדלי,,IL,יוגורט עזים בדלי,גרמים,600.00,100 גרם,false,0,17.90,2.98,true,1,
7290004078270,false,פלמוליב לכלים לימון1ליטר,קולגייט-פלמוליב,GR,פלמוליב לכלים,ליטרים,1.00,ליטר,false,0,14.60,14.60,true,1,
7290004119133,false,יוגורט בכד6.5%  1.5 ליטר,תנובה,IL,יוגורט בכד,ליטרים,1.50,ליטר,false,0,17.40,11.60,true,1,
7290004120573,false,גב.בולגרית פיראוס16% 250,תנובה,IL,גבינה בולגרית16%,גרמים,250.00,100 גרם,false,0,24.20,9.68,true,1,
7290004120634,false,גב.בולגרית פיראוס5% 250ג,תנובה,IL,גבינה בולגרית5%,גרמים,250.00,100 גרם,false,0,24.20,9.68,true,1,
7290004121488,false,יופלה דיאט אפרסק 150 גרם,תנובה,IL,יופלה דיאט אפרסק,גרמים,150.00,100 גרם,false,0,5.20,3.47,true,1,
7290004122119,false,פתיתי פרמזן לפסטה 100גרם,תנובה,IL,פתיתי פרמזן,גרמים,100.00,100 גרם,false,0,13.40,13.40,true,1,
7290004122195,false,גוש חלב פרוס28% 200מהדרי,תנובה,IL,גבינה גוש חלב,גרמים,200.00,100 גרם,false,0,14.20,7.10,true,1,
7290004122270,false,עמק פרוס סגירה חוזרת 200,תנובה,IL,גבינת עמק פרוס,גרמים,200.00,100 גרם,false,0,15.90,7.95,true,1,
7290004122348,false,גב.עמק לייט9% שומן 200גר,תנובה,IL,גבינת עמק לייט,גרמים,200.00,100 גרם,false,0,16.30,8.15,true,1,
7290004122607,false,גבינת עמק לייט 9% במשקל,תנובה,IL,גבינת עמק לייט9%,קילוגרמים,0.00,"ק""ג",true,0,70.00,70.00,true,1,
7290004122676,false,גבינת חמד לייט 5% 250 גר,תנובה,IL,גבינת חמד לייט5%,גרמים,250.00,100 גרם,false,0,18.50,7.40,true,1,
7290004122683,false,אצבעות עמק חטיף גבינה172,תנובה,IL,אצבעות עמק,גרמים,172.00,100 גרם,false,0,16.50,9.59,true,1,
7290004123284,false,גב.לבנה רכה5%ללא מלח250ג,תנובה,IL,גבינה לבנה רכה5%,גרמים,250.00,100 גרם,false,0,4.60,1.84,true,1,
7290004124847,false,קצפת צמחית השף הלבן500מל,סוי מג'יק,IL,קצפת צמחית,מיליליטרים,500.00,"100 מ""ל",false,0,17.60,3.52,true,1,
7290004125370,false,שמנת חמוצה 9% שומן 200מל,תנובה,IL,שמנת חמוצה 9%,מיליליטרים,200.00,"100 מ""ל",false,0,3.60,1.80,true,1,
7290004125400,false,"אשל מהדרין 4.5% 200 מ""ל",תנובה,IL,אשל 4.5% שומן,מיליליטרים,200.00,"100 מ""ל",false,0,1.55,0.78,true,1,
7290004125417,false,"גיל 3% מהדרין 200מ""ל",תנובה,IL,גיל לבן 3%שומן,מיליליטרים,200.00,"100 מ""ל",false,0,1.40,0.70,true,1,
7290004125455,false,שמנת תנובה 15%שומן200מל,תנובה,IL,שמנת תנובה 15%,מיליליטרים,200.00,"100 מ""ל",false,0,2.20,1.10,true,1,
7290004125462,false,שמנת חמוצה 15%שומן500מל,תנובה,IL,שמנת חמוצה 15%,מיליליטרים,500.00,"100 מ""ל",false,0,5.50,1.10,true,1,
7290004125509,false,שמנת חמוצה15% חצי מנה100,תנובה,IL,שמנת חמוצה 15%,מיליליטרים,100.00,"100 מ""ל",false,0,1.70,1.70,true,1,
7290004125578,false,משקה סויה מועשר בסידן1ל,סוי מג'יק,IL,משקה סויה,ליטרים,1.00,ליטר,false,0,11.90,11.90,true,1,
7290004125585,false,משקה סויה בטעם וניל 1 לי,סוי מג'יק,IL,משקה סויה וניל,ליטרים,1.00,ליטר,false,0,11.90,11.90,true,1,
7290004125721,false,שמנת בישול-15%שף לבן250מ,תנובה,IL,שמנת לבישול15%,מיליליטרים,250.00,"100 מ""ל",false,0,8.10,3.24,true,1,
7290004125738,false,שמנת להקצפה-32%שף לבן250,תנובה,IL,שמנת להקצפה32%,מיליליטרים,250.00,"100 מ""ל",false,0,6.70,2.68,true,1,
7290004125776,false,גב.עמק פרוס% 28קופסא400ג,תנובה,IL,גבינת עמק פרוס,גרמים,400.00,100 גרם,false,0,29.30,7.33,true,1,
7290004126650,false,גבינה צפתית 5% משקל,תנובה,IL,גבינה צפתית 5%,קילוגרמים,0.00,"ק""ג",true,0,59.00,59.00,true,1,
7290004126674,false,גבינה טל העמק לייט 200גר,תנובה,IL,גבינה טל העמק,גרמים,200.00,100 גרם,false,0,18.20,9.10,true,1,
7290004126872,false,"שוקו תנובה בקבוק 250 מ""ל",תנובה,IL,שוקו בקבוק,מיליליטרים,250.00,"100 מ""ל",false,0,5.60,2.24,true,1,
7290004127077,false,קוטג' תנובה 3% שומן 250,תנובה,IL,קוטג' 3% שומן,גרמים,250.00,100 גרם,false,0,5.70,2.28,true,1,
7290004127329,false,קוטג' 5% 250 גרם בעלז,תנובה,IL,קוטג' תנובה 5%,גרמים,250.00,100 גרם,false,0,5.70,2.28,true,1,
7290004127336,false,קוטג' תנובה 9% שומן 250,תנובה,IL,קוטג' תנובה 9%,גרמים,250.00,100 גרם,false,0,5.70,2.28,true,1,
7290004127800,false,גב.לבנה 5% שומן 500 גרם,תנובה,IL,גבינה לבנה 5%,גרמים,500.00,100 גרם,false,0,9.20,1.84,true,1,
7290004127817,false,גב.לבנה 9% שומן 500 גרם,תנובה,IL,גבינה לבנה 9%,גרמים,500.00,100 גרם,false,0,9.20,1.84,true,1,
7290004127862,false,גבינה לבנה 5% 750 גרם,תנובה,IL,גבינה לבנה 5%,גרמים,750.00,100 גרם,false,0,13.80,1.84,true,1,
7290004127916,false,גבינה תנובה0.5%שומן 500ג,תנובה,IL,גבינה 0.5%,גרמים,500.00,100 גרם,false,0,9.20,1.84,true,1,
7290004128333,false,לבנה 9% פיראוס 500 גרם,תנובה,IL,לבנה פיראוס 9%,גרמים,500.00,100 גרם,false,0,21.20,4.24,true,1,
7290004128340,false,גבינת קרם ט.טבעי 5% 200ג,תנובה,IL,גבינת שמנת,גרמים,200.00,100 גרם,false,0,11.90,5.95,true,1,
7290004128401,false,פטה פיראוס 20%,,IL,פטה פיראוס 20%,קילוגרמים,0.00,"ק""ג",true,0,109.00,109.00,true,1,
7290004128432,false,פתיתי גבינה השף הלבן500ג,תנובה,IL,פתיתי גבינה,גרמים,500.00,100 גרם,false,0,22.50,4.50,true,1,
7290004129101,false,גב.נפולאון טעם טבעי 225ג,תנובה,IL,גבינת נפוליאון,גרמים,225.00,100 גרם,false,0,14.50,6.44,true,1,
7290004129118,false,גב.נפולאון טעם זיתים225ג,תנובה,IL,גבינת נפוליאון,גרמים,225.00,100 גרם,false,0,14.50,6.44,true,1,
7290004129545,false,גבינה למריחה 3% 250 גרם,תנובה,IL,גבינה לבנה 3%,גרמים,250.00,100 גרם,false,0,4.60,1.84,true,1,
7290004129736,false,יופלה לבן מעודן1.5% 200ג,תנובה,IL,יופלהלבן מעודן,גרמים,200.00,100 גרם,false,0,4.20,2.10,true,1,
7290004129767,false,יופלה לבן 3% 150*8גרם,תנובה,IL,יופלה לבן  3%,קילוגרמים,1.20,"ק""ג",false,0,17.90,14.92,true,1,
7290004130794,false,משקה סויה במתיקות מופחתת,תנובה,IL,משקה סויה,ליטרים,1.00,ליטר,false,0,11.50,11.50,true,1,
7290004130916,false,יופלה פירות יער+שמנת150ג,תנובה,IL,יופלה פירות יער,גרמים,150.00,100 גרם,false,0,5.20,3.47,true,1,
7290004131074,false,חלב בקרטון 3% שומן 1 ל',תנובה,IL,חלב בקרטון 3%,ליטרים,1.00,ליטר,false,0,5.75,5.75,true,1,
7290004131227,false,גבינה לבנה3% 500 גרם,תנובה,IL,גבינה לבנה 3%,גרמים,500.00,100 גרם,false,0,9.20,1.84,true,1,
7290004131296,false,חלב אורגני 3% בקרטון 1 ל,הרדוף,IL,חלב אורגני קרטון,ליטרים,1.00,ליטר,false,0,11.90,11.90,true,1,
7290004131432,false,יופלה ביו לבן 3% 200 גרם,תנובה,IL,יופלה לבן 3%,גרמים,200.00,100 גרם,false,0,3.90,1.95,true,1,
7290004131456,false,יופלה לבן 1.5% 200 גרם,תנובה,IL,יופלה לבן 1.5%,גרמים,200.00,100 גרם,false,0,3.90,1.95,true,1,
7290004131531,false,שוקו תנובה בקבוק 1 ליטר,תנובה,IL,שוקו בקבוק,ליטרים,1.00,ליטר,false,0,12.80,12.80,true,1,
7290004132231,false,חלב פלוס לקפה 3.5% שומן,תנובה,IL,חלב פלוס לקפה,מיליליטרים,800.00,"100 מ""ל",false,0,6.90,0.86,true,1,
7290004132514,false,משקה בננה בקבוק 1 ל',תנובה,IL,משקה שוק בננה,ליטרים,1.00,ליטר,false,0,12.80,12.80,true,1,
7290004132552,false,משקה סויה ט.טבעי לייט 1ל,סוי מג'יק,IL,משקה סויה,ליטרים,1.00,ליטר,false,0,11.90,11.90,true,1,
7290004132712,false,חטיפ.מוצרלה אצבעות21.5*8,תנובה,IL,חטיפי מוצרלה,גרמים,172.00,100 גרם,false,0,16.50,9.59,true,1,
7290004133108,false,יופלה לבן+מכסה גרנולה170,תנובה,IL,יופלה עם מכסה,גרמים,170.00,100 גרם,false,0,5.90,3.47,true,1,
7290004133207,false,יופלה לבן 0% שומן 200גרם,תנובה,IL,יופלה לבן 0%שומן,גרמים,200.00,100 גרם,false,0,3.90,1.95,true,1,
7290004133511,false,יופלה לבן מעוד1.5% 150*8,תנובה,IL,יופלה מעודן 8 יח,קילוגרמים,1.20,"ק""ג",false,0,20.30,16.92,true,1,
7290004133627,false,חלב על הבוקר וניל 3% 1 ל,תנובה,IL,חלב על הבוקר 3%,ליטרים,1.00,ליטר,false,0,8.20,8.20,true,1,
7290004133900,false,קצפת צמחית השף הלבן250מל,סוי מג'יק,IL,קצפת צמחית,מיליליטרים,250.00,"100 מ""ל",false,0,9.40,3.76,true,1,
7290004134198,false,"משקה בננה בקבוק 250 מ""ל",תנובה,IL,משקה בננה בקבוק,מיליליטרים,250.00,"100 מ""ל",false,0,5.60,2.24,true,1,
7290004134945,false,יופלה מוקה 3% שומן 150 ג,תנובה,IL,יופלה מוקה 3%,גרמים,150.00,100 גרם,false,0,5.20,3.47,true,1,
7290004134983,false,פרוסות גבינת עמק 5% 200ג,תנובה,IL,גבינת עמק 5%,גרמים,200.00,100 גרם,false,0,17.20,8.60,true,1,
7290004135225,false,מעדן דיאט שוקולד 0% 150ג,תנובה,IL,מעדן דיאט שוקולד,גרמים,150.00,100 גרם,false,0,3.90,2.60,true,1,
7290004135324,false,פיראוס בולגרית מע5%משקל,תנובה,IL,פיראוס בולגרית,קילוגרמים,0.00,"ק""ג",true,0,50.00,50.00,true,1,
7290004135621,false,בולג. מעוד.פיראוס 2503%ג,תנובה,IL,בולגרית פיראוס3%,גרמים,250.00,100 גרם,false,0,21.90,8.76,true,1,
7290004136130,false,"שוקו תנובה בקבוק 340 מ""ל",תנובה,IL,שוקו תנובה בקבוק,מיליליטרים,340.00,"100 מ""ל",false,0,6.80,2.00,true,1,
7290004136154,false,משקה אייס קפה בקבוק340מל,תנובה,IL,משקה אייס קפה,מיליליטרים,340.00,"100 מ""ל",false,0,7.30,2.15,true,1,
7290004136857,false,מעדן ג'לי פטל 125 גרם,תנובה,IL,מעדן ג'לי פטל,גרמים,125.00,100 גרם,false,0,2.70,2.16,true,1,
7290004136871,false,מעדן ג'לי אפרסק+חתיכ125.,תנובה,,מעדן ג'לי אפרסק,גרמים,125.00,100 גרם,false,0,2.90,2.32,true,1,
7290004137021,false,שמנת לבישול 10%שומן250מ,תנובה,IL,שמנת לבישול10%,מיליליטרים,250.00,"100 מ""ל",false,0,8.10,3.24,true,1,
7290004137311,false,עמק לייט משפחתית 400 גרם,תנובה,IL,גבינת עמק לייט,גרמים,400.00,100 גרם,false,0,29.90,7.48,true,1,
7290004137809,false,לבנה פיראוס 5% 250 גרם,תנובה,IL,לבנה פיראוס5%,גרמים,250.00,100 גרם,false,0,13.50,5.40,true,1,
7290004225278,false,בסגנון דנבלו,,IL,בסגנון דנבלו,קילוגרמים,0.00,"ק""ג",true,0,91.00,91.00,true,1,
7290004225285,false,בסגנון דנאבלו,,DK,בסגנון דנאבלו,גרמים,100.00,100 גרם,false,0,12.50,12.50,true,1,
7290004225872,false,קרם קוקוס ויליגר,,IL,קרם קוקוס ויליגר,מיליליטרים,400.00,"100 מ""ל",false,0,9.40,2.35,true,1,
7290004230074,false,קציצות דג ברוטב עגבניות,שגב,IL,קציצות דג ברוטב,גרמים,800.00,100 גרם,false,0,37.60,4.70,true,1,
7290004230333,false,"מקלות בורקס פילו תפו""א 6",יוניגד,IL,מקלות בורקס פילו,גרמים,600.00,100 גרם,false,0,22.20,3.70,true,1,
7290004423353,false,פריגת תפוחים 1.5 ליטר,פריגת,IL,פריגת תפוחים,ליטרים,1.50,ליטר,false,0,7.50,5.00,true,1,
7290004485757,false,טבעוף שלם טרי ארוז קג,טבעוף,IL,טבעוף שלם טרי,קילוגרמים,0.00,"ק""ג",true,1,26.90,26.90,true,1,
7290004485788,false,שניצל טבעוף טרי ארוז קג,טבעוף,IL,שניצל טבעוף טרי,קילוגרמים,0.00,"ק""ג",true,1,46.90,46.90,true,1,
7290004485801,false,כרעיים טבעוף טרי ארוז קג,טבעוף,IL,כרעיים טבעוף טרי,קילוגרמים,0.00,"ק""ג",true,1,39.90,39.90,true,1,
7290004485818,false,שוקיים טבעוף טרי ארוז קג,טבעוף,IL,שוקיים טבעוף טרי,קילוגרמים,0.00,"ק""ג",true,1,44.90,44.90,true,1,
7290004492755,false,נישנושים בצל שמנת 300גרם,גוצ'מולר,IL,נישנושים בצל,גרמים,300.00,100 גרם,false,0,13.90,4.63,true,1,
7290004584528,false,יוגורט ביו 1.7%דנונה200ג,שטראוס,IL,יוגורט ביו 1.7%,גרמים,200.00,100 גרם,false,0,3.70,1.85,true,1,
7290004603175,false,מלח ים גס 500 גרם,תעשיות מלח לישראל,IL,מלח ים גס,גרמים,500.00,100 גרם,false,0,8.40,1.68,true,1,
7290004685027,false,לחם מחיטה מלאה קל 500 גר,מאפית ברמן,IL,לחם מחיטה מלא קל,גרמים,500.00,100 גרם,false,0,16.90,3.38,true,1,
7290004685140,false,לחם הארץ שיפון 750 גרם,מאפית ברמן,IL,לחם שיפון,גרמים,750.00,100 גרם,false,0,16.90,2.25,true,1,
7290004685157,false,לחם שיפון 100%פרוס 750ג,מאפית ברמן,IL,לחם שיפון פרוס,גרמים,750.00,100 גרם,false,0,16.90,2.25,true,1,
7290004685195,false,לחם 10 דגנים פרוס 750גרם,מאפית ברמן,IL,לחם 10 דגנים,גרמים,750.00,100 גרם,false,0,16.90,2.25,true,1,
7290004685225,false,לחם פומפרניקל 750 גרם,מאפית ברמן,IL,לחם פומפרניקל,גרמים,750.00,100 גרם,false,0,16.90,2.25,true,1,
7290004725600,false,גבינה סקנדינבית31% משקל,תנובה,IL,גבינה סקנדינבית,קילוגרמים,0.00,"ק""ג",true,1,75.00,75.00,true,1,
7290004731472,false,אלסבון כיף צבעוני 500*3מ,קוסמופארם,IL,אלסבון כיף 3 יח,ליטרים,1.50,ליטר,false,0,22.70,15.13,true,1,
7290004737443,false,קוקטייל פירות,,CN,קוקטייל פירות,גרמים,820.00,100 גרם,false,0,9.30,1.13,true,1,
7290004842833,false,סלט סלמון נורבגי במשקל,מעדני מיקי,IL,סלט סלמון,קילוגרמים,0.00,"ק""ג",true,0,46.00,46.00,true,1,
7290004923099,false,עין גדי מים מינרל. 2*6 ל,עין גדי מיים מינרלים,IL,מים עין גדי 6 יח,ליטרים,12.00,ליטר,false,0,12.00,1.00,true,1,
7290004982355,false,טריפל צ'דר במשקל,כושר דיירי,GB,גבינת צ'דר,קילוגרמים,0.00,"ק""ג",true,1,125.00,125.00,true,1,
7290004982393,false,גבינת ברס בלו,,FR,גבינת ברס בלו,קילוגרמים,0.00,"ק""ג",true,0,169.00,169.00,true,1,
7290005068058,false,תירס קל 550 גרם,פרי גליל,IL,תירס קל,גרמים,550.00,100 גרם,false,0,8.90,1.62,true,1,
7290005079221,false,בולגרית מעודנת5% משקל,משק צוריאל תבור,IL,בולגרית מעודנת5%,קילוגרמים,0.00,"ק""ג",true,0,59.00,59.00,true,1,
7290005079238,false,בולגרית עיזים 16%משקל,משק צוריאל תבור,IL,בולגרית עיזים,קילוגרמים,0.00,"ק""ג",true,0,102.00,102.00,true,1,
7290005079290,false,נעם גבינה צהובה15% משקל,טרה,IL,גב.צהובה נעם15%,קילוגרמים,0.00,"ק""ג",true,1,64.00,64.00,true,1,
7290005079320,false,בולגרית גלילית 24% במשקל,משק צוריאל תבור,IL,גבינה בולגרית,קילוגרמים,0.00,"ק""ג",true,1,58.00,58.00,true,1,
7290005079412,false,גבינה אמנטל נעם 30% משקל,טרה,IL,גבינת אמנטל,קילוגרמים,0.00,"ק""ג",true,1,59.00,59.00,true,1,
7290005082962,false,פרצלס 80 גרם,גידרון,IL,פרצלס,גרמים,80.00,100 גרם,false,0,5.50,6.88,true,1,
7290005111761,false,"בונזו בשר 3 ק""ג",ביופט,IL,בונזו בשר,קילוגרמים,3.00,"ק""ג",false,0,52.00,17.33,true,1,
7290005200786,false,תפוצ'יפס ט.שמנת ובצל50גר,עלית,IL,תפוצ'יפס שמנת,גרמים,50.00,100 גרם,false,0,4.30,8.60,true,1,
7290005201455,false,קפה נמס ארומה 200 גרם,עלית,IL,קפה נמס ארומה,גרמים,200.00,100 גרם,false,0,23.90,11.95,true,1,
7290005201882,false,קפה טורקי בצלופן 200 גרם,עלית,IL,קפה טורקי בצלופן,גרמים,200.00,100 גרם,false,0,17.90,8.95,true,1,
7290005270000,false,עלי סיגר 500 גרם,"אדריה בע""מ",IL,עלי סיגר מרוקאי,גרמים,500.00,100 גרם,false,0,13.90,2.78,true,1,
7290005271687,false,ביצים אומגהL 3,,IL,ביצים אומגהL 3,יחידה,1.00,יחידה,false,0,21.90,21.90,true,1,
7290005271762,false,ביצי חופש M 12יח,,,ביצי חופש M 12יח,יחידה,1.00,יחידה,false,0,18.40,18.40,true,1,
7290005287206,false,טונה סטארקיסט בשמן160*4ג,סטארקיסט,IL,טונה סטארקיסט4יח,גרמים,640.00,100 גרם,false,0,25.90,4.05,true,1,
7290005287251,false,טונה סטארקיסט במים160*4ג,סטארקיסט,IL,טונה סטארקיסט4יח,גרמים,640.00,100 גרם,false,0,25.90,4.05,true,1,
7290005296260,false,"אסטוניש רסס ונגב 750 מ""ל",אסטוניש -לידס,GB,אסטוניש רסס נגב,מיליליטרים,750.00,"100 מ""ל",false,0,13.90,1.85,true,1,
7290005384868,false,בסיגנון דנאבלו,,IL,בסיגנון דנאבלו,קילוגרמים,0.00,"ק""ג",true,0,89.00,89.00,true,1,
7290005384899,false,בסגנון פטה 21%,,IL,בסגנון פטה 21%,קילוגרמים,0.00,"ק""ג",true,0,35.00,35.00,true,1,
7290005384943,false,בסיגנון דנאבלו,,DK,בסיגנון דנאבלו,גרמים,100.00,100 גרם,false,0,12.50,12.50,true,1,
7290005423734,false,מרכך מקסימה אולטרה 4 ל',סנו,IL,מרכך כביסה,ליטרים,4.00,ליטר,false,0,22.90,5.73,true,1,
7290005425196,false,אבקת מקסימה סנסיטיב2.5קג,סנו,IL,אבקת כביסה,קילוגרמים,2.50,"ק""ג",false,0,29.90,11.96,true,1,
7290005425783,false,קרם גוף קרמה קלאסי 500מל,קוסמופארם,IL,קרם גוף קרמה,מיליליטרים,500.00,"100 מ""ל",false,0,25.70,5.14,true,1,
7290005426193,false,ספוג הפלא סנו סושי 6 יח',סנו,IL,ספוג סנו סושי,יחידה,1.00,יחידה,false,0,11.30,11.30,true,1,
7290005426360,false,קרמה תח.רחצה חלב ודבש750,קוסמופארם,IL,קרמה תחליב רחצ,מיליליטרים,750.00,"100 מ""ל",false,0,18.90,2.52,true,1,
7290005428999,false,בייבי כיף שמן לתינוק500מ,קוסמופארם,IL,בייבי כיף שמן,מיליליטרים,500.00,"100 מ""ל",false,0,27.70,5.54,true,1,
7290005559907,false,פיצה משפחתית גבינה 500גר,"מעדנות בע""מ",IL,פיצה משפחתית,גרמים,500.00,100 גרם,false,0,24.90,4.98,true,1,
7290005559990,false,בצק פילאס תורקי 600 גרם,"מעדנות בע""מ",IL,בצק פילאס תורכי,גרמים,600.00,100 גרם,false,0,28.20,4.70,true,1,
7290005564253,false,ספרינג אגס סברס תפוח1.5ל,יפאורה שותפות מובגלת לשי,IL,משקה ספרינג,ליטרים,1.50,ליטר,false,0,6.90,4.60,true,1,
7290005591761,false,דבש טהור לחיץ 400 גרם,יד מרדכי,IL,דבש טהור לחיץ,גרמים,400.00,100 גרם,false,0,26.00,6.50,true,1,
7290005604133,false,פריגת מנגו 1.5 ליטר,פריגת,IL,פריגת מנגו,ליטרים,1.50,ליטר,false,0,7.50,5.00,true,1,
7290005605901,false,פאנטה אקזוטי 1.5 ליטר,החברה המרכזית לייצור משק,IL,פאנטה אקזוטי,ליטרים,1.50,ליטר,false,0,7.60,5.07,true,1,
7290005610509,false,צנונית יחידה,קטיף,IL,צנונית -יח',יחידה,1.00,יחידה,false,0,5.50,5.50,true,1,
7290005678073,false,פלפל צ'ילי זהבי יחידה,מושב לכיש,IL,פלפל צ'ילי זהבי,יחידה,1.00,יחידה,false,0,6.90,6.90,true,1,
7290005678165,false,ענב ארלי סוויט-לבן ארוז,מושב לכיש,IL,ענב ארלי סוויט,קילוגרמים,0.00,"ק""ג",true,0,20.90,20.90,true,1,
7290005718021,false,שטרודל גבינה,גידרון,IL,שטרודל גבינה,יחידה,1.00,יחידה,false,0,27.90,27.90,true,1,
7290005838002,false,"דניאלה מעדן גבינה 150מ""ל",שטראוס,IL,מעדן דניאלה,מיליליטרים,150.00,"100 מ""ל",false,0,4.30,2.87,true,1,
7290005838613,false,סקי מעדן גבינה וניל 125ג,שטראוס,IL,סקי מעדן גבינה,גרמים,125.00,100 גרם,false,0,3.70,2.96,true,1,
7290005838972,false,גב.סקי 5% 125 גרם,שטראוס,IL,גבינת סקי,גרמים,125.00,100 גרם,false,0,3.30,2.64,true,1,
7290005839078,false,דנונה ביו 3% 150*8 גרם,שטראוס,IL,דנונה ביו 8 יח,קילוגרמים,1.20,"ק""ג",false,0,17.60,14.67,true,1,
7290005839108,false,גב.סימפוניה +5%זיתים200ג,שטראוס,IL,גבינת סימפוניה,גרמים,200.00,100 גרם,false,0,12.40,6.20,true,1,
7290005839313,false,מילקי טופ שוקול.מגולג170,שטראוס,IL,מילקי טופ,מיליליטרים,170.00,"100 מ""ל",false,0,5.00,2.94,true,1,
7290005896828,false,מים מינרל.סאן בנדטו1.5*6,טמפו,IT,מים סן בנדטו 6יח,ליטרים,9.00,ליטר,false,0,19.00,2.11,true,1,
7290005933127,false,פרסקו אורגנו 180גרם,פרסקו,IL,פרסקו אורגנו,גרמים,180.00,100 גרם,false,0,10.90,6.06,true,1,
7290005938825,false,פרסקו בזיליקום 180גרם,פרסקו,IL,פרסקו בזיליקום,גרמים,180.00,100 גרם,false,0,10.90,6.06,true,1,
7290005938832,false,פרסקו פטרוזיליה 180גרם,פרסקו,IL,פרסקו פטרוזיליה,גרמים,180.00,100 גרם,false,0,10.90,6.06,true,1,
7290005938849,false,פרסקו כוסברה 180גרם,פרסקו,IL,פרסקו כוסברה,גרמים,180.00,100 גרם,false,0,10.90,6.06,true,1,
7290005966033,false,"יין לבן הר חרמון 750 מ""ל",יקבי רמת הגולן קצרין,IL,יין לבן חרמון,מיליליטרים,750.00,"100 מ""ל",false,0,36.90,4.92,true,1,
7290005966088,false,יין אדום הר חרמון 750 מל,יקבי רמת הגולן קצרין,IL,יין אדום חרמון,מיליליטרים,750.00,"100 מ""ל",false,0,36.90,4.92,true,1,
7290005966514,false,"ירדן מוסקט 500 מ""ל",יקבי רמת הגולן קצרין,IL,ירדן מוסקט,מיליליטרים,500.00,"100 מ""ל",false,0,38.00,7.60,true,1,
7290005992575,false,גב.בולגרית למריחה5% 250ג,מחלבות גד,IL,בולגרית למריחה,גרמים,250.00,100 גרם,false,0,17.60,7.04,true,1,
7290005992735,false,גבינת לאבנה 5%שומן 250ג,מחלבות גד,IL,גבינת לאבנה גד5%,גרמים,250.00,100 גרם,false,0,12.50,5.00,true,1,
7290005992872,false,גב.צפתית במים 5% במשקל,מחלבות גד,IL,גבינה צפתית 5%,קילוגרמים,0.00,"ק""ג",true,0,68.00,68.00,true,1,
7290006229069,false,ג'אמפ ענבים 1.5 ליטר,טמפו,IL,ג'אמפ ענבים,ליטרים,1.50,ליטר,false,0,6.80,4.53,true,1,
7290006251107,false,תה מסאלה צ'אי 25שק2*גרם,ויסוצקי,IL,תה צ'אי מסאלה,גרמים,50.00,100 גרם,false,0,19.70,39.40,true,1,
7290006251275,false,תה ירוק סיני25 שק1.5Xגרם,ויסוצקי,IL,תה ירוק סיני,גרמים,37.00,100 גרם,false,0,26.90,72.70,true,1,
7290006251282,false,חליטת קרנברי ג.קסום25ש3*,ויסוצקי,IL,חליטת חמוציות,גרמים,75.00,100 גרם,false,0,18.90,25.20,true,1,
7290006251343,false,חליטת פסיפלורה+מנגו25ש3*,ויסוצקי,IL,חליטת פסיפלורה,גרמים,62.00,100 גרם,false,0,18.90,30.48,true,1,
7290006271181,false,ג'חנון אפוי מעדנות 750גר,"מעדנות בע""מ",IL,ג'חנון אפוי,גרמים,750.00,100 גרם,false,0,28.70,3.83,true,1,
7290006271631,false,חטיפי פיצה זיתים 710 גרם,"מעדנות בע""מ",IL,חטיפי פיצה זיתים,גרמים,710.00,100 גרם,false,0,37.90,5.34,true,1,
7290006271761,false,מיני ג'חנון אפוי 600 גרם,"מעדנות בע""מ",IL,מיני גחנון אפו,גרמים,600.00,100 גרם,false,0,25.70,4.28,true,1,
7290006272430,false,בצק עלים חמאה 600 גרם,"מעדנות בע""מ",IL,בצק עלים חמאה,גרמים,600.00,100 גרם,false,0,31.60,5.27,true,1,
7290006273239,false,עוגת שמרים שוקולד 380גרם,לחמי,IL,עוגת שוקולד,גרמים,380.00,100 גרם,false,0,19.70,5.18,true,1,
7290006306302,false,רביולי פרמזן ריקוטה400גר,פסטה נונה,IL,רביולי גבינה,גרמים,400.00,100 גרם,false,0,25.90,6.48,true,1,
7290006374660,false,שמן זית 2 קלאסי1ליטר',יד מרדכי,IL,שמן זית 2 קלאסי,ליטרים,1.00,ליטר,false,0,57.00,57.00,true,1,
7290006385178,false,לחם שאור+אגוז+צימ.ח.א525,גידרון,IL,לחם שאור+אגוזים,גרמים,525.00,100 גרם,false,0,17.90,3.41,true,1,
7290006390745,false,שבלול עם צימוקים קפוא,גידרון,IL,שבלול עם צימוקים,יחידה,1.00,יחידה,false,0,4.40,4.40,true,1,
7290006391025,false,ביגלה ירושלמי,גידרון,IL,ביגלה ירושלמי,יחידה,1.00,יחידה,false,0,5.50,5.50,true,1,
7290006492432,false,גבינה מוצרלה בייבי 150גר,מחלבות גד,IL,גבינה מוצרלה,גרמים,150.00,100 גרם,false,0,14.80,9.87,true,1,
7290006492616,false,פרוסות גב. בולגר5%. 250ג,מחלבות גד,IL,גבינה בולגרית,גרמים,250.00,100 גרם,false,0,26.60,10.64,true,1,
7290006492647,false,מטבעות גבינת עיזים 150גר,מחלבות גד,IL,מטבעות גבינת עז,גרמים,150.00,100 גרם,false,0,22.70,15.13,true,1,
7290006492685,false,לאבנה עיזים 5%שומן 250גר,מחלבות גד,IL,לאבנה עיזים גד,גרמים,250.00,100 גרם,false,0,18.20,7.28,true,1,
7290006492852,false,גבינה לבנה 5% עיזים 250ג,מחלבות גד,IL,גבינת עיזים גד,גרמים,250.00,100 גרם,false,0,17.60,7.04,true,1,
7290006492913,false,ציזיקי למריחה,,IL,ציזיקי למריחה,גרמים,250.00,100 גרם,false,0,13.80,5.52,true,1,
7290006511010,false,גבינה פרמז'נו,,,גבינה פרמז'נו,קילוגרמים,0.00,"ק""ג",true,0,138.00,138.00,true,1,
7290006511737,false,בסגנון אמנטל עגולה במשקל,.,IL,בסגנון אמנטל,קילוגרמים,0.00,"ק""ג",true,0,77.00,77.00,true,1,
7290006559203,false,מוצרלה במשקל,מחלבת חוות הבופאלו,IL,מוצרלה,קילוגרמים,0.00,"ק""ג",true,0,129.00,129.00,true,1,
7290006559265,false,מוצרלה בופאלו,,IL,מוצרלה בופאלו,גרמים,250.00,100 גרם,false,0,34.70,13.88,true,1,
7290006559388,false,יורט ביו ביו5% בופאלו850,מחלבת חוות הבופאלו,IL,יורט ביו ביו,גרמים,850.00,100 גרם,false,0,20.90,2.46,true,1,
7290006644510,false,"תפוזינה ענבים 500 מ""ל",יפאורה שותפות מובגלת לשי,IL,תפוזינה ענבים,מיליליטרים,500.00,"100 מ""ל",false,0,4.90,0.98,true,1,
7290006652027,false,במבה מארז 20 * 15 גרם,אסם,IL,במבה 20 יח',גרמים,300.00,100 גרם,false,0,25.90,8.63,true,1,
7290006653819,false,קוסקוס דק 350 גרם,קוסקוס מזון,IL,קוסקוס דק,גרמים,350.00,100 גרם,false,0,8.80,2.51,true,1,
7290006653857,false,"ארנבונים חטיף תפו""א 40גר",אסם,IL,חטיף ארנבונים,גרמים,40.00,100 גרם,false,0,4.90,12.25,true,1,
7290006664037,false,סופר גמדים דגנים 100*4גר,שטראוס,IL,סופר גמדים 4 יח,גרמים,400.00,100 גרם,false,0,11.90,2.98,true,1,
7290006664051,false,"אקטימל לבן 100*14 מ""ל",שטראוס,IL,אקטימל מארז14יח',ליטרים,1.40,ליטר,false,0,32.60,23.29,true,1,
7290006664310,false,גבינת סקי3% 250 גרם,שטראוס,IL,גבינת סקי 3%,גרמים,250.00,100 גרם,false,0,4.60,1.84,true,1,
7290006664402,false,גבינת סקי5% 750 גרם,שטראוס,IL,גבינת סקי5%,גרמים,750.00,100 גרם,false,0,13.80,1.84,true,1,
7290006664631,false,אקטימל תות דיסני 100*8מ,שטראוס,IL,אקטימל תות 8 יח',מיליליטרים,800.00,"100 מ""ל",false,0,22.70,2.84,true,1,
7290006664655,false,"אקטימל לבן 100*8 מ""ל",שטראוס,IL,אקטימל לבן 8 יח,מיליליטרים,800.00,"100 מ""ל",false,0,22.70,2.84,true,1,
7290006664693,false,דנונה אפרסק 3% 150 גרם,שטראוס,IL,דנונה אפרסק %3,גרמים,150.00,100 גרם,false,0,3.90,2.60,true,1,
7290006664990,false,דנונה ביו 1.7% 150*8גרם,שטראוס,IL,דנונה ביו 8 יח',קילוגרמים,1.20,"ק""ג",false,0,17.60,14.67,true,1,
7290006666314,false,סלט טחינה אטרף 300 גרם,סלטי משני,IL,סלט טחינה משני,גרמים,300.00,100 גרם,false,0,14.80,4.93,true,1,
7290006666352,false,סלט חציל בטחינה 300 גרם,סלטי משני,IL,סלט חציל בטחינה,גרמים,300.00,100 גרם,false,0,21.70,7.23,true,1,
7290006666529,false,סלט פלפל מרוקאי 300 גרם,סלטי משני,IL,סלט פלפל מרוקאי,גרמים,300.00,100 גרם,false,0,22.90,7.63,true,1,
7290006681003,false,סורבט תות לימון קרמ1.33.,שטראוס,IL,קרמיסימו סורבט,ליטרים,1.33,ליטר,false,0,21.90,16.47,true,1,
7290006681843,false,גלידה לייט פרי 6 יחידות,שטראוס,IL,מאגדת גלידה לייט,גרמים,300.00,100 גרם,false,0,28.90,9.63,true,1,
7290006708847,false,חזה עוף טרי חצוי ארוז קג,עוף טוב,IL,חזה עוף טרי,קילוגרמים,0.00,"ק""ג",true,1,34.90,34.90,true,1,
7290006712981,false,"קולגייט סמיילס +6 50 מ""ל",קולגייט-פלמוליב,IL,משחת שיניים,מיליליטרים,50.00,"100 מ""ל",false,0,14.00,28.00,true,1,
7290006738615,false,קבב זהב 400 גרם,זוגלובק,IL,קבב זהב 400 גרם,גרמים,400.00,100 גרם,false,0,22.90,5.73,true,1,
7290006739544,false,כתף בקר 300 גרם,זוגלובק,IL,כתף בקר,גרמים,300.00,100 גרם,false,0,34.40,11.47,true,1,
7290006742278,false,פסטרמה צלוי על לבנים330ג,זוגלובק,IL,פסטרמה צלויה,גרמים,330.00,100 גרם,false,0,32.90,9.97,true,1,
7290006742339,false,פסטרמה חזה עוף 330 גרם,זוגלובק,IL,פסטרמה חזה עוף,גרמים,330.00,100 גרם,false,0,32.90,9.97,true,1,
7290006764058,false,בירה נשר לבן בק.חוזר500מ,"טמפו משקאות בע""מt",IL,בירה נשר לבן,מיליליטרים,500.00,"100 מ""ל",false,0,6.00,1.20,true,1,
7290006764065,false,בירה נשר מאלט בק.חוזר500,טמפו,IL,בירה נשר מאלט,מיליליטרים,500.00,"100 מ""ל",false,0,4.90,0.98,true,1,
7290006764348,false,מאלטסטאר 1.5 ליטר,טמפו,IL,מאלטסטאר,ליטרים,1.50,ליטר,false,0,7.80,5.20,true,1,
7290006788009,false,"שמפו ""10"" לשיער רגיל700מ",קרליין,IL,שמפו 10 לשיער,מיליליטרים,700.00,"100 מ""ל",false,0,13.90,1.99,true,1,
7290006788689,false,"שמפו ""10"" 2ב1- 700 מ""ל",קרליין,IL,"שמפו ""10"" 2ב1-",מיליליטרים,700.00,"100 מ""ל",false,0,13.90,1.99,true,1,
7290006891181,false,חציל פרוס בשום במשקל,סלטי משני,IL,חציל פרוס בשום,קילוגרמים,0.00,"ק""ג",true,0,63.00,63.00,true,1,
7290006891402,false,סלט סלק במשקל,סלטי משני,IL,סלט סלק,קילוגרמים,0.00,"ק""ג",true,0,45.00,45.00,true,1,
7290006891808,false,כרוב אדום במשקל,סלטי משני,IL,כרוב אדום,קילוגרמים,0.00,"ק""ג",true,0,40.00,40.00,true,1,
7290006892522,false,טונה לבנה במשקל,סלטי משני,IL,טונה לבנה,קילוגרמים,0.00,"ק""ג",true,0,113.00,113.00,true,1,
7290006983176,false,לחמית שיפון 230 גרם,אסם,IL,לחמית שיפון אסם,גרמים,230.00,100 גרם,false,0,9.90,4.30,true,1,
7290006984647,false,חטיפי פריכונים מלוח 80גר,"פרח תעשיות מזון בע""מ.",IL,חטיפי פריכונים,גרמים,80.00,100 גרם,false,0,8.20,10.25,true,1,
7290008021043,false,שמפו פינוק שיער רגיל700מ,יוניליוור,IL,שמפו פינוק,מיליליטרים,700.00,"100 מ""ל",false,0,14.90,2.13,true,1,
7290008021104,false,"מרכך פינוק רגיל 700 מ""ל",יוניליוור,IL,מרכך שיער פינוק,מיליליטרים,700.00,"100 מ""ל",false,0,14.90,2.13,true,1,
7290008142540,false,"מי פה ליסטרין 750 מ""ל",ג'ונסון,US,מי פה ליסטרין,מיליליטרים,750.00,"100 מ""ל",false,0,49.90,6.65,true,1,
7290008175173,false,חמאה לורפק,,DK,חמאה לורפק,גרמים,200.00,100 גרם,false,0,17.30,8.65,true,1,
7290008175487,false,לורפק ממרח חמאה,,,לורפק ממרח חמאה,גרמים,250.00,100 גרם,false,0,17.60,7.04,true,1,
7290008175760,false,גבינת מנצ'גו,,,גבינת מנצ'גו,קילוגרמים,0.00,"ק""ג",true,0,116.00,116.00,true,1,
7290008175777,false,גבינת איבריקו,,,גבינת איבריקו,קילוגרמים,0.00,"ק""ג",true,0,113.00,113.00,true,1,
7290008175814,false,פטריות חתוכות,,IL,פטריות חתוכות,גרמים,400.00,100 גרם,false,0,4.60,1.15,true,1,
7290008333115,false,אבקת ג'לטין טהור 28 גרם,מאיר עזרא ובניו,IL,אבקת ג'לטין,גרמים,28.00,100 גרם,false,0,11.10,39.64,true,1,
7290008340618,false,סלמון מעושן מצונן 100 גר,דלידג - נטו,IL,סלמון מעושן,גרמים,100.00,100 גרם,false,0,20.00,20.00,true,1,
7290008343466,false,בצק פילו 500 גרם,"שגמור בע""מ",IL,בצק פילו 500 גרם,גרמים,500.00,100 גרם,false,0,23.10,4.62,true,1,
7290008343626,false,פלאפל 1קג,שלושת האופים,IL,פלאפל 1 ק'ג,גרמים,1000.00,100 גרם,false,0,26.90,2.69,true,1,
7290008345156,false,פילה מקרוסקה במשקל,דלידג - נטו,IL,פילה מקרוסקה,קילוגרמים,0.00,"ק""ג",true,0,108.00,108.00,true,1,
7290008345170,false,מקרל חצאים במשקל,דלידג - נטו,IL,מקרל חצאים,קילוגרמים,0.00,"ק""ג",true,0,97.00,97.00,true,1,
7290008347730,false,סלמון הילטון,,,סלמון הילטון,קילוגרמים,0.00,"ק""ג",true,0,195.00,195.00,true,1,
7290008403238,false,ברי אזיני סנט מור32%משקל,קואופורטיב איסיני סנט מר,FR,גבינת ברי,קילוגרמים,0.00,"ק""ג",true,1,125.00,125.00,true,1,
7290008409216,false,שניצל דק דק פריך 700 גרם,תנובה,IL,שניצל דק דק פריך,גרמים,700.00,100 גרם,false,0,44.90,6.41,true,1,
7290008409308,false,כנפי עוף בתיבול גריל400ג,תנובה,IL,כנפי עוף בתיבול,גרמים,400.00,100 גרם,false,0,27.30,6.83,true,1,
7290008409421,false,גריל חזה עוף טרי 420 גרם,תנובה,IL,גריל חזה עוף,גרמים,420.00,100 גרם,false,0,37.70,8.98,true,1,
7290008461047,false,גבינת ברי,,,גבינת ברי,קילוגרמים,0.00,"ק""ג",true,0,155.00,155.00,true,1,
7290008464130,false,בירה גולדסטאר6יח,,IL,בירה גולדסטאר6יח,ליטרים,1.98,ליטר,false,0,49.90,25.20,true,1,
7290008464468,false,בירה גולדסטאר פחית 500מל,טמפו,IL,בירה גולדסטאר,מיליליטרים,500.00,"100 מ""ל",false,0,9.20,1.84,true,1,
7290008464475,false,"בירה מכבי פחית 500 מ""ל",טמפו,IL,בירה מכבי פחית,מיליליטרים,500.00,"100 מ""ל",false,0,8.40,1.68,true,1,
7290008464697,false,בירה מכבי 6 יח,,IL,בירה מכבי 6 יח,ליטרים,1.98,ליטר,false,0,37.10,18.74,true,1,
7290008464741,false,"בירה גולדסטאר בק330*6מ""ל",טמפו,IL,גולדסטאר 6 יח',ליטרים,1.98,ליטר,false,0,39.90,20.15,true,1,
7290008464796,false,"בירה הייניקן בק330*6 מ""ל",היינקן,IL,בירה הייניקן 6יח,ליטרים,1.98,ליטר,false,0,54.50,27.53,true,1,
7290008464987,false,סודה טמפו 1.5*6 ליטר,טמפו,IL,סודה טמפו שישיה,ליטרים,9.00,ליטר,false,0,17.90,1.99,true,1,
7290008493314,false,בייגלה שמיניות מלוח400גר,מאיר את ביגל,IL,בייגלה שמיניות,גרמים,400.00,100 גרם,false,0,8.90,2.23,true,1,
7290008493710,false,פירורי גריסיני זהב 200ג,מאיר את ביגל,IL,פירורי גריסיני,גרמים,200.00,100 גרם,false,1,7.50,3.75,true,1,
7290008644235,false,עלי בייבי 120גרם-שטראוס,שטראוס,IL,עלי בייבי,גרמים,120.00,100 גרם,false,0,10.90,9.08,true,1,
7290008644839,false,ח.ערבית/איסברג-300שטראוס,שטראוס,IL,ח.ערבית/אייסברג,גרמים,300.00,100 גרם,false,0,11.90,3.97,true,1,
7290008644945,false,סלט המושבה 450גרם-שטראוס,שטראוס,IL,סלט המושבה,גרמים,450.00,100 גרם,false,0,13.90,3.09,true,1,
7290008670029,false,יין רקנאטי מרלו,,IL,יין רקנאטי מרלו,מיליליטרים,750.00,"100 מ""ל",false,0,54.90,7.32,true,1,
7290008670142,false,רקנאטי יסמין,,IL,רקנאטי יסמין,מיליליטרים,750.00,"100 מ""ל",false,0,42.50,5.67,true,1,
7290008690713,false,אושן ספריי חמוציות 1ליטר,פריגת,IL,אושן ספריי,ליטרים,1.00,ליטר,false,0,11.90,11.90,true,1,
7290008693134,false,דניאלה תות מוקצף5% 150מ,שטראוס,IL,דניאלה תות מוקצף,מיליליטרים,150.00,"100 מ""ל",false,0,4.30,2.87,true,1,
7290008713900,false,לחם שיפון עגול 750 גרם,מאפיית שלמה א. אנג'ל,IL,לחם שיפון עגול,גרמים,750.00,100 גרם,false,0,13.50,1.80,true,1,
7290008713917,false,לחם שיפון כהה 750 גרם,מאפיית שלמה א. אנג'ל,IL,לחם שיפון כהה,גרמים,750.00,100 גרם,false,0,13.50,1.80,true,1,
7290008745239,false,תפוצ'יפס קראנצ' טעם טבעי,עלית,IL,תפוצ'יפס קראנצ',גרמים,50.00,100 גרם,false,0,4.30,8.60,true,1,
7290008747424,false,שוקולד במילוי תות 100גרם,שטראוס,IL,שוקולד במלוי תות,גרמים,100.00,100 גרם,false,0,6.60,6.60,true,1,
7290008748384,false,שוקולד ספלנדיד מריר100גר,שטראוס,IL,שוקולד ספלנדיד,גרמים,100.00,100 גרם,false,0,12.50,12.50,true,1,
7290008750264,false,מסטיק דובדבן מגדים 28גרם,שטראוס,IL,מסטיק מאסט,גרמים,28.00,100 גרם,false,0,4.60,16.43,true,1,
7290008752244,false,תפוצ'יפס קראנצ' גריל 50ג,עלית,IL,תפוצ'יפס גריל,גרמים,50.00,100 גרם,false,0,4.30,8.60,true,1,
7290008753111,false,תפוצ'יפס מקסיקני 50 גרם,עלית,IL,תפוצ'יפס קראנצ',גרמים,50.00,100 גרם,false,0,4.30,8.60,true,1,
7290008757980,false,נקטר ספרינג רימונים 1 ל',יפאורה שותפות מובגלת לשיווק,IL,נקטר רימונים,ליטרים,1.00,ליטר,false,0,5.90,5.90,true,1,
7290008775816,false,ערגליות שוקו 300 גרם,אסם,IL,ערגליות שוקו,גרמים,300.00,100 גרם,false,0,11.50,3.83,true,1,
7290008775823,false,ערגליות תות 300 גרם,אסם,IL,ערגליות תות,גרמים,300.00,100 גרם,false,0,11.50,3.83,true,1,
7290008775892,false,פרפקטו לינגוויני500ג,זארה,IT,ספגטי לינגויני,גרמים,500.00,100 גרם,false,0,7.60,1.52,true,1,
7290008801157,false,מרלו סלקטד,,,מרלו סלקטד,מיליליטרים,750.00,"100 מ""ל",false,0,29.90,3.99,true,1,
7290008801843,false,קברנה סוביניון,,,קברנה סוביניון,מיליליטרים,750.00,"100 מ""ל",false,0,29.90,3.99,true,1,
7290008801850,false,אמרלד ריזלינג סלקטד750מל,יקבי כרמל,IL,אמרלד ריזלינג,מיליליטרים,750.00,"100 מ""ל",false,0,29.90,3.99,true,1,
7290008805049,false,"רוזה סלקטד 750 מ""ל",יקבי כרמל,IL,רוזה סלקטד,מיליליטרים,750.00,"100 מ""ל",false,0,29.90,3.99,true,1,
7290008805384,false,"סלקטד מוסקטו 750 מ""ל",יקבי כרמל,,סלקטד מוסקטו,מיליליטרים,750.00,"100 מ""ל",false,0,29.90,3.99,true,1,
7290008805520,false,קברנה מרלו סלקטד,,,קברנה מרלו סלקטד,מיליליטרים,750.00,"100 מ""ל",false,0,29.90,3.99,true,1,
7290008846219,false,שמן זית כתית מעולה 750מל,חלוצה,IL,שמן זית כתית,מיליליטרים,750.00,"100 מ""ל",false,0,41.50,5.53,true,1,
7290008909860,false,קוקה קולה ZERO 1.5 ליטר,החברה המרכזית לייצור משקאות,IL,קוקה קולה ZERO,ליטרים,1.50,ליטר,false,0,7.60,5.07,true,1,
7290008909877,false,קוקה קולה זירו 1.5*6 ל',החברה המרכזית לייצור משקאות,IL,קולה זירו 1.5*6ל,ליטרים,9.00,ליטר,false,0,39.90,4.43,true,1,
7290009011050,true,פילה בורי טרי שופרסל לקג,דגת הארץ,IL,פילה בורי טרי,קילוגרמים,0.00,"ק""ג",true,1,97.90,97.90,true,1,
7290009011067,true,פילה באס טרי שופרסל לקג,דגת הארץ,IL,פילה באס טרי,קילוגרמים,0.00,"ק""ג",true,1,119.90,119.90,true,1,
7290009011111,true,דניס שלם טרי שופרסל לקג,דגת הארץ,IL,דניס שלם טרי,קילוגרמים,0.00,"ק""ג",true,1,89.90,89.90,true,1,
7290009011128,true,פילה סלמון טרי שופרסל לק,דגת הארץ,IL,פילה סלמון טרי,קילוגרמים,0.00,"ק""ג",true,1,119.90,119.90,true,1,
7290009164916,true,קבב בקר עם כבש 840גרם,,IL,קבב בקר עם כבש,גרמים,840.00,100 גרם,false,1,44.90,5.35,true,1,
7290009165142,true,שיפודי פרגיות קפוא 450גר,,IL,שיפודי פרגיות,גרמים,450.00,100 גרם,false,1,44.90,9.98,true,1,
7290009165210,true,נקניקיות סלצ'יצה 1קג,,IL,נקנקיות סלצ'יצ'ה,גרמים,1000.00,100 גרם,false,1,49.90,4.99,true,1,
7290009330922,true,צוואר טרי מוכשר אנגוס קג,שופרסל,IL,צוואר טרי מוכשר,קילוגרמים,0.00,"ק""ג",true,1,64.90,64.90,true,1,
7290009397345,true,עוגת גבינה ללא ת.סוכר750,גידרון,IL,עוגת גבינה,גרמים,750.00,100 גרם,false,0,75.00,10.00,true,1,
7290009398021,true,לחמניית ביס באגט,גידרון,IL,לחמניית ביס באגט,יחידה,1.00,יחידה,false,0,1.70,1.70,true,1,
7290009398038,true,ג'בטינה קוקטיל לבן,גידרון,IL,ג'בטינה קוקטיל,יחידה,1.00,יחידה,false,0,1.70,1.70,true,1,
7290009398748,true,פס גבינה מעודן+אוכמנ650ג,גידרון,IL,פס גבינה+אוכמנ,גרמים,650.00,100 גרם,false,0,44.90,6.91,true,1,
7290009398786,true,מארז פיתות אסלית 5יח100*,מאפיית אנג'ל,IL,חמישיית פיתות,גרמים,500.00,100 גרם,false,0,7.90,1.58,true,1,
7290009399165,true,לחמניה קלה,גידרון,IL,לחמניה קלה,יחידה,1.00,יחידה,false,0,3.70,3.70,true,1,
7290009950120,true,מים מינרליים,,,מים מינרליים,ליטרים,1.50,ליטר,false,0,7.00,4.67,true,1,
7290009952063,true,מים מינרליים500מ,,,מים מינרליים500מ,מיליליטרים,500.00,"100 מ""ל",false,0,5.90,1.18,true,1,
7290009954234,true,נועם גב.צהובה9%חריץ משקל,טרה,IL,גבינת נועם 9%,קילוגרמים,0.00,"ק""ג",true,0,70.00,70.00,true,1,
7290009954241,true,נועם ג.צהובה22%חריץ משקל,"טרופיקל דגיל  תעשיות קוסמטיקה בע""מ",IL,גבינת נועם 22%,קילוגרמים,0.00,"ק""ג",true,0,39.25,39.25,true,1,
7290009954258,true,נועם ג.צהובה28%חריץ משקל,י. מלכי מוצרים,IL,גבינת נועם 28%,קילוגרמים,0.00,"ק""ג",true,0,41.30,41.30,true,1,
7290009956139,true,גבינת גאודה 30.4% במשקל,ROUVEEN,NL,גבינת גאודה,קילוגרמים,0.00,"ק""ג",true,1,69.00,69.00,true,1,
7290009956146,true,פסטו ירוק הולנד32% במשקל,ROUVEEN,NL,גבינת פסטו,קילוגרמים,0.00,"ק""ג",true,1,89.00,89.00,true,1,
7290009956153,true,פסטו אדום הולנד32% במשקל,ROUVEEN,NL,גבינת פסטו אדום,קילוגרמים,0.00,"ק""ג",true,1,89.00,89.00,true,1,
7290009956252,true,גבינה צהובה 9% במשקל,MLEKOVITA,PL,גבינה צהובה9%,קילוגרמים,0.00,"ק""ג",true,1,50.00,50.00,true,1,
7290009956436,true,גבינ.צהובה28% משקל,MLEKOVITA,PL,גבינה צהובה 28%,קילוגרמים,0.00,"ק""ג",true,1,29.90,29.90,true,1,
7290009956450,true,גבינ.גאודה הולנד 30%משקל,KAAS HEIDEN UAN,NL,גבינת גאודה,קילוגרמים,0.00,"ק""ג",true,1,32.00,32.00,true,1,
7290010002207,false,קינמון טחון 100 גרם,א.ל ייצור ושיווק תבלינים,IL,קינמון טחון,גרמים,100.00,100 גרם,false,0,10.50,10.50,true,1,
7290010002214,false,צ'ילי מקסיקני גרוס 70גרם,א.ל ייצור ושיווק תבלינים,IL,צ'ילי מקסיקני,גרמים,70.00,100 גרם,false,0,11.90,17.00,true,1,
7290010023578,false,25ניחוח.גליל מרווה+לימון,ויסוצקי,IL,תה ניחוח הגליל,גרמים,55.00,100 גרם,false,0,19.40,35.27,true,1,
7290010049004,false,תרכיז ענבים מרמולייט 1ל',אשבל,IL,תרכיז ענבים,ליטרים,1.00,ליטר,false,0,11.80,11.80,true,1,
7290010065301,false,פרינוק מחית סלט פירות130,פרינוק,CZ,פרינוק מחית,גרמים,130.00,100 גרם,false,0,5.20,4.00,true,1,
7290010066513,false,טונה בשמן צמחי 158*4 גרם,תעשיות פילטונה,IL,טונה בשמן 4 יח,גרמים,632.00,100 גרם,false,0,28.90,4.57,true,1,
7290010066575,false,טונה במי מלח 158*4 גרם,תעשיות פילטונה,IL,טונה במי מלח 4יח,גרמים,632.00,100 גרם,false,0,28.90,4.57,true,1,
7290010066582,false,טונה בשמן קנולה 158*4 גר,תעשיות פילטונה,IL,טונה בשמן 4 יח,גרמים,632.00,100 גרם,false,0,28.90,4.57,true,1,
7290010066599,false,טונה בשמן זית 158*4 גרם,תעשיות פילטונה,IL,טונה בשמן זית4יח,גרמים,632.00,100 גרם,false,0,32.90,5.21,true,1,
7290010116980,false,שוקולית 850 גרם,עלית,IL,שוקולית עלית,גרמים,850.00,100 גרם,false,0,19.50,2.29,true,1,
7290010129355,false,עוגיות תמרים 600 גרם,דולצ'ה ויטה,IL,עוגיות תמרים,גרמים,600.00,100 גרם,false,0,19.00,3.17,true,1,
7290010154005,false,סחוג תימני 250 גרם,נטו,IL,סחוג תימני,גרמים,250.00,100 גרם,false,0,15.90,6.36,true,1,
7290010163700,false,שקד קלוף טבעי200ג שקדיה,שקדיה,IL,שקד טבעי,גרמים,200.00,100 גרם,false,0,19.90,9.95,true,1,
7290010237531,false,פפסי בקבוק,,IL,פפסי בקבוק,מיליליטרים,500.00,"100 מ""ל",false,0,4.30,0.86,true,1,
7290010237623,false,בירה נשר מאלט 1.5 ליטר,"טמפו משקאות בע""מ",IL,נשר מאלט,ליטרים,1.50,ליטר,false,0,7.90,5.27,true,1,
7290010237890,false,בירה הייניקן בק.חוזר500מ,היינקן,IL,בירה הייניקן,מיליליטרים,500.00,"100 מ""ל",false,0,9.90,1.98,true,1,
7290010259038,false,לורפק ממרח,,DK,לורפק ממרח,גרמים,500.00,100 גרם,false,0,27.90,5.58,true,1,
7290010259045,false,לורפק לייט,,DK,לורפק לייט,גרמים,250.00,100 גרם,false,0,20.40,8.16,true,1,
7290010259359,false,נודלס ביצים,,IL,נודלס ביצים,גרמים,200.00,100 גרם,false,0,4.20,2.10,true,1,
7290010259830,false,מנת השף נודלס,,IL,מנת השף נודלס,גרמים,70.00,100 גרם,false,0,5.20,7.43,true,1,
7290010259847,false,מנת השף נודלס,,IL,מנת השף נודלס,גרמים,70.00,100 גרם,false,0,5.20,7.43,true,1,
7290010259854,false,מנת השף נודלס,,IL,מנת השף נודלס,גרמים,70.00,100 גרם,false,0,5.20,7.43,true,1,
7290010429554,false,"שמן זית 2 קלאסי 750מ""ל",יד מרדכי,IL,שמן זית 2 קלאסי,מיליליטרים,750.00,"100 מ""ל",false,0,39.90,5.32,true,1,
7290010609079,false,טרופיקש 10 יח,,IL,טרופיקש 10 יח,ליטרים,2.00,ליטר,false,0,12.90,6.45,true,1,
7290010627844,false,טחינה מלאה ירושלים 500 ג,"טחינה ירושליים בע""מ",IL,טחינה מלאה,גרמים,500.00,100 גרם,false,1,16.90,3.38,true,1,
7290010650002,false,פטריות יער טריות -יחידה,חוות פטריות תקוע,IL,פטריות יער,יחידה,1.00,יחידה,false,0,13.00,13.00,true,1,
7290010650019,false,עולש - יחידה,חוות פטריות תקוע,IL,עולש,יחידה,1.00,יחידה,false,0,12.90,12.90,true,1,
7290010650033,false,בצלצלי שאלוט -יחידה,קטיף.,IL,בצלצלי שאלוט,יחידה,1.00,יחידה,false,0,15.00,15.00,true,1,
7290010650040,false,פטריות שיטאקי-יחידה,חוות פטריות תקוע,IL,פיטריות שיטאקי,יחידה,1.00,יחידה,false,0,12.00,12.00,true,1,
7290010650224,false,פטריות מלך היער-יחידה,חוות פטריות תקוע,IL,פטריותמלך היער,יחידה,1.00,יחידה,false,0,15.00,15.00,true,1,
7290010650415,false,עגבניה לחה -יחידה,חוות פטריות תקוע,IL,עגבניה לחה,יחידה,1.00,יחידה,false,0,15.00,15.00,true,1,
7290010766956,false,ממרח פלפל גמבה 180 גרם,אוליביה,IL,ממרח פלפל גמבה,גרמים,180.00,100 גרם,false,0,14.50,8.06,true,1,
7290010849512,false,"למברוסקו רוזאטו 750 מ""ל",קאויקיולי,IT,למברוסקו רוזאטו,מיליליטרים,750.00,"100 מ""ל",false,0,34.40,4.59,true,1,
7290010849529,false,"למברוסקו ביאנקו 750 מ""ל",קאויקיולי,IT,למברוסקו ביאנקו,מיליליטרים,750.00,"100 מ""ל",false,0,34.40,4.59,true,1,
7290010883370,false,סנו סושי כפפות אלוורה M,סנו,,סנו סוש כפפות,יחידה,1.00,יחידה,false,0,12.10,12.10,true,1,
7290010945146,false,קוטג' 3%רכיבים טביעי250ג,טרה,IL,קוטג'  3%  250גר,גרמים,250.00,100 גרם,false,0,5.50,2.20,true,1,
7290010945450,false,גבינה לבנה 3% 250 גרם,טרה,IL,גבינה לבנה3%,גרמים,250.00,100 גרם,false,0,4.60,1.84,true,1,
7290010970537,false,תרסיס שמן קנולה 200 גרם,ג.מ.טעם הארץ,IL,תרסיס שמן קנולה,גרמים,200.00,100 גרם,false,0,19.10,9.55,true,1,
7290011015381,false,מיץ תפוח סחוט פריגת 2 ל',פריגת,IL,מיץ תפוחים צלול,ליטרים,2.00,ליטר,false,0,26.90,13.45,true,1,
7290011015862,false,סירופ דיאט לימונענע750מל,פריגת,IL,סירופ לימונענע,מיליליטרים,750.00,"100 מ""ל",false,0,19.70,2.63,true,1,
7290011017606,false,פאנטה לימונדה 1.5 ליטר,החברה המרכזית לייצור משק,IL,פאנטה לימונדה,ליטרים,1.50,ליטר,false,0,7.60,5.07,true,1,
7290011017873,false,"סליק קוקה זירו 330 מ""ל",החברה המרכזית לייצור משק,IL,קוקה זירו,מיליליטרים,330.00,"100 מ""ל",false,0,6.00,1.82,true,1,
7290011018283,false,פיוז טי אפרסק,,IL,פיוז טי אפרסק,ליטרים,1.50,ליטר,false,0,7.90,5.27,true,1,
7290011018306,false,פיוז טי אפרסק,,IL,פיוז טי אפרסק,ליטרים,1.50,ליטר,false,0,7.90,5.27,true,1,
7290011018474,false,סיידר תפוחים אלכוהולי330,קרלסברג ישראל,DK,סיידר תפוחים,מיליליטרים,330.00,"100 מ""ל",false,1,9.90,3.00,true,1,
7290011018580,false,פיוז טי ענבים,,IL,פיוז טי ענבים,ליטרים,1.50,ליטר,false,0,7.90,5.27,true,1,
7290011018917,false,"קוקה קולה זירו 330*6 מ""ל",החברה המרכזית לייצור משק,IL,קוקה קולה זירו6י,ליטרים,1.98,ליטר,false,0,26.90,13.59,true,1,
7290011018924,false,"קוקה קולה דיאט 330*6 מ""ל",החברה המרכזית לייצור משק,IL,שישיית קולה דיאט,ליטרים,1.98,ליטר,false,0,26.90,13.59,true,1,
7290011051136,false,שוופס סודה 1.5*4 ליטר,יפאורה שותפות מובגלת לשיווק,IL,שוופס סודה 4 יח',ליטרים,6.00,ליטר,false,0,11.90,1.98,true,1,
7290011051341,false,שוופס סודה לימון 1.5*4 ל,יפאורה שותפות מובגלת לשיווק,IL,סודה לימון 4 יח,ליטרים,6.00,ליטר,false,0,11.90,1.98,true,1,
7290011051372,false,שוופס מוגז תפוח ליים1.5ל,יפאורה שותפות מובגלת לשיווק,IL,שוופס תפוח ליים,ליטרים,1.50,ליטר,false,0,6.90,4.60,true,1,
7290011051488,false,תה ספרינג אפרסק 1.5 ליטר,יפאורה שותפות מובגלת לשיווק,IL,ספרינג תה אפרסק,ליטרים,1.50,ליטר,false,0,6.90,4.60,true,1,
7290011051525,false,"ספרינג תה אפרסק 500 מ""ל",יפאורה שותפות מובגלת לשי,IL,ספרינג תה,מיליליטרים,500.00,"100 מ""ל",false,0,7.10,1.42,true,1,
7290011064273,false,מעדן חמאה עם פורציני100ג,גבינות עמיר ניצן,IL,מעדן חמאה,גרמים,100.00,100 גרם,false,1,21.90,21.90,true,1,
7290011065423,false,מלח ים מטחנה 130 גרם,א.ל ייצור ושיווק תבלינים,IL,מלח ים מטחנה,גרמים,130.00,100 גרם,false,1,18.90,14.54,true,1,
7290011081690,false,גל.קרמיסימו צ'יפ וניל/שו,שטראוס,IL,קרמיסימו צ'יפ,ליטרים,1.33,ליטר,false,0,21.90,16.47,true,1,
7290011114886,false,תרסיס הגנה שקוףSPF30 200,דנאגיס,,תרסיס הגנה שקוף,מיליליטרים,200.00,"100 מ""ל",false,0,39.90,19.95,true,1,
7290011126209,false,גן קסום תפוח+קינמון 25שק,ויסוצקי,IL,חליטת תפוח קנמון,גרמים,67.00,100 גרם,false,0,18.90,28.21,true,1,
7290011126445,false,תה צ'אי בדואי 25שק2.5Xגר,ויסוצקי,IL,תה צ'אי בדואי,גרמים,62.00,100 גרם,false,0,19.70,31.77,true,1,
7290011126490,false,תה רויאל גריי 25 שק1.7Xג,ויסוצקי,IL,תה רויאל גריי,גרמים,42.00,100 גרם,false,0,17.80,42.38,true,1,
7290011131371,false,"מיזלי קראנץ שקדים 1 ק""ג",וויטליה,PL,מיזלי שקדים,קילוגרמים,1.00,"ק""ג",false,0,28.90,28.90,true,1,
7290011131395,false,מיזלי קראנץ 30%פירות 1 ק,וויטליה,PL,מיזלי קראנץ,קילוגרמים,1.00,"ק""ג",false,0,28.90,28.90,true,1,
7290011131814,false,"מיזלי מיקס חלווה 1 ק""ג",גרין,MK,מיזלי מיקס חלווה,קילוגרמים,1.00,"ק""ג",false,1,28.90,28.90,true,1,
7290011148904,false,פלפל צילי חריף יחידה,ירקט,IL,פלפל צילי חריף,יחידה,1.00,יחידה,false,0,6.90,6.90,true,1,
7290011194215,false,"דניאלה בננה 150 מ""ל",שטראוס,IL,דניאלה בננה,מיליליטרים,150.00,"100 מ""ל",false,0,4.30,2.87,true,1,
7290011194246,false,קוטג' 5% שומן 250 גרם,שטראוס,IL,קוטג' 5% שומן,גרמים,250.00,100 גרם,false,0,5.90,2.36,true,1,
7290011378769,false,חטיפי חלבה וניל 18*7 גרם,רושדי תעשיות מזון,IL,חטיפי חלבה,גרמים,126.00,100 גרם,false,0,13.40,10.63,true,1,
7290011438142,false,"משקה חלב בטעם קפה 350מ""ל",יטבתה,IL,משקה חלב קפה,מיליליטרים,350.00,"100 מ""ל",false,0,6.50,1.86,true,1,
7290011468002,false,טחינה גולמית הנסיך500גרם,הנסיך,IL,טחינה הנסיך,גרמים,500.00,100 גרם,false,0,15.90,3.18,true,1,
7290011468026,false,טחינה נסיך שומשום מלא500,הנסיך,IL,טחינה הנסיך,גרמים,500.00,100 גרם,false,0,15.90,3.18,true,1,
7290011499105,false,גבינה בולגרית 5% 250 גרם,מחלבות גד,IL,גבינה בולגרית 5%,גרמים,250.00,100 גרם,false,0,22.50,9.00,true,1,
7290011499129,false,קוב.בולג.מעודנת 5% 200ג,מחלבות גד,IL,קוביות בולגרית,גרמים,200.00,100 גרם,false,0,22.60,11.30,true,1,
7290011499297,false,גבינת ברי פקאן 125 גרם,מחלבות גד,IL,גבינת ברי פקאן,גרמים,125.00,100 גרם,false,0,20.70,16.56,true,1,
7290011499303,false,בולגרית מעודנ.עזים5% 250,מחלבות גד,IL,בולגרית מעודנת,גרמים,250.00,100 גרם,false,0,27.70,11.08,true,1,
7290011499327,false,גב.בולגרית מעודנת5% 250ג,מחלבות גד,,בולגרית מעודנת5%,גרמים,250.00,100 גרם,false,0,22.90,9.16,true,1,
7290011499334,false,גבינת קממבר צאן 125 גרם,מחלבות גד,IL,גבינת קממבר,גרמים,125.00,100 גרם,false,0,18.70,14.96,true,1,
7290011499341,false,גבינת קשקאבל26% 250 גרם,מחלבות גד,IL,גבינת קשקאבל,גרמים,250.00,100 גרם,false,0,34.60,13.84,true,1,
7290011499358,false,פטה עיזים 20% שומן 200 ג,מחלבות גד,IL,פטה עיזים20%,גרמים,200.00,100 גרם,false,0,25.70,12.85,true,1,
7290011499525,false,לאבנה דרוזית 9% 500 גרם,מחלבות גד,IL,לאבנה דרוזית 9%,גרמים,500.00,100 גרם,false,0,19.80,3.96,true,1,
7290011499624,false,גבינת שמנת 30% טבעי200גר,מחלבות גד,,גבינת שמנת 30%,גרמים,200.00,100 גרם,false,0,13.40,6.70,true,1,
7290011499631,false,גב.שמנת שום שמיר30% 200ג,מחלבות גד,IL,גבינת שמנת,גרמים,200.00,100 גרם,false,0,13.40,6.70,true,1,
7290011515683,false,מאגדת אקסטרים וניל 6יח,נסטלה,IL,מאגדת אקסטרים,גרמים,432.00,100 גרם,false,0,38.00,8.80,true,1,
7290011518561,false,"אקטימל תות 100*14 מ""ל",שטראוס,IL,אקטימל מארז14יח',ליטרים,1.40,ליטר,false,0,32.60,23.29,true,1,
7290011607180,false,א.כביסה קולון101 1.25 קג,רקיט בנקיזר,IL,אבקת כביסה קולון,קילוגרמים,1.25,"ק""ג",false,0,14.90,11.92,true,1,
7290011668570,false,חגיגת גרנולה פ.יבשים500ג,אפקט טבעי,IL,חגיגת גרנולה,גרמים,500.00,100 גרם,false,0,30.30,6.06,true,1,
7290011744892,false,משחת אקווה פרש ג'וניור50,גלקסוסמיתקליין,,משחת שיניים א.פ,מיליליטרים,50.00,"100 מ""ל",false,0,14.60,29.20,true,1,
7290011765446,false,משחה אורביטול ענבים 70 ג,קוסמופארם,IL,משחת שיניים,גרמים,70.00,100 גרם,false,0,8.80,12.57,true,1,
7290011800642,false,סלט מטבוחה רפי כהן 400גר,צבר,IL,סלט מטבוחה,גרמים,400.00,100 גרם,false,0,17.50,4.38,true,1,
7290011800840,false,טחינה בלאדי רפי כהן 400ג,צבר,IL,סלט טחינה בלאדי,גרמים,400.00,100 גרם,false,0,17.50,4.38,true,1,
7290011860271,false,ביסבול טבעי 700 גרם,תפוגן,IL,ביסבול טבעי,גרמים,700.00,100 גרם,false,0,17.80,2.54,true,1,
7290011993184,false,סלט טונה 250 גרם,מעדני מיקי,IL,סלט טונה,גרמים,250.00,100 גרם,false,0,20.90,8.36,true,1,
7290012019258,false,"רסק תפו""ע 4 * 113 גרם",GROWERS CHERRY,US,"רסק תפו""ע 4 יח",גרמים,452.00,100 גרם,false,0,11.00,2.43,true,1,
7290012022005,false,קריספיות טבעי,דילייט,IL,קריספיות טבעי,גרמים,60.00,100 גרם,false,0,12.90,21.50,true,1,
7290012022050,false,קריספיות מרובה דגנים 75,דילייט,IL,קריספיות דגנים,גרמים,75.00,100 גרם,false,0,13.90,18.53,true,1,
7290012022067,false,קריספיות קידס 30 גרם,דילייט,IL,קריספיות קידס,גרמים,30.00,100 גרם,false,0,10.90,36.33,true,1,
7290012086113,false,עגבניה שרי אשכולות מובחר,קטיף,IL,שרי אשכולות יח,יחידה,1.00,יחידה,false,0,10.90,10.90,true,1,
7290012116360,false,פוליויקס גרניט פורצלן2ל',סנו,IL,סנו פוליויקס,ליטרים,2.00,ליטר,false,0,25.70,12.85,true,1,
7290012116735,false,נ.טואלט סופט גל.כפול24גל,סנו,IL,נייר טואלט סופט,מטרים,900.00,100 מטר,false,0,39.90,4.43,true,1,
7290012117350,false,סנו ריצפז פרש לילך 2ליטר,סנו,,סנו ריצפז,ליטרים,2.00,ליטר,false,0,19.90,9.95,true,1,
7290012117558,false,מרכ.מקסימה ס.מרוכז מסק1ל,סנו,IL,מקסימה ס.מרוכז,ליטרים,1.00,ליטר,false,0,17.90,17.90,true,1,
7290012159275,false,מיונז לינה,,LE,מיונז לינה,גרמים,430.00,100 גרם,false,0,14.90,3.47,true,1,
7290012193286,false,פרש וואנס קייר 72*4יח,על בד,IL,פרש וואנס,יחידה,1.00,יחידה,false,0,21.90,21.90,true,1,
7290012226922,false,קבנוס בטעם שום 135 גרם,זוגלובק,IL,קבנוס בטעם שום,גרמים,135.00,100 גרם,false,0,12.90,9.56,true,1,
7290012244056,false,עוגת גבינה ופירורים 900ג,גידרון,IL,עוגת גבינה,יחידה,1.00,יחידה,false,0,75.00,75.00,true,1,
7290012404146,false,שוופס מוגז תפוחים1.5ל',יפאורה שותפות מובגלת לשי,IL,שוופס תפוחים,ליטרים,1.50,ליטר,false,0,7.00,4.67,true,1,
7290012404160,false,שוופס מוגז אשכולית אדומה,יפאורה שותפות מובגלת לשי,IL,שוופס אשכולית,ליטרים,1.50,ליטר,false,0,7.00,4.67,true,1,
7290012413636,false,תה ירוק צ'אי מסאלה 25שק',ויסוצקי,,תה ירוק צ'אי,גרמים,38.00,100 גרם,false,0,26.90,70.79,true,1,
7290012413643,false,תה ירוק קמומיל 25שק1.5*ג,ויסוצקי,IL,תה ירוק קמומיל,גרמים,37.00,100 גרם,false,0,26.90,72.70,true,1,
7290012561405,false,בצל חצי מטוגן 180 גרם,דורות,IL,בצל חצי מטוגן,גרמים,180.00,100 גרם,false,0,11.60,6.44,true,1,
7290012645020,false,"יוגורט טבעי 500 מ""ל",מחלבת סוסיא,GB,יוגורט טבעי,מיליליטרים,500.00,"100 מ""ל",false,0,12.90,2.58,true,1,
7290012645112,false,יוגורט עיזים בדלי 750גרם,מחלבת סוסיא,IL,יוגורט עיזים,גרמים,750.00,100 גרם,false,1,21.50,2.87,true,1,
7290012645280,false,יוגורט כבשים טבעי5% 150ג,מחלבת סוסיא,IL,יוגורט כבשים,גרמים,150.00,100 גרם,false,0,5.90,3.93,true,1,
7290012645297,false,יוגורט עיזים טבעי 150 גר,מחלבת סוסיא,GB,יוגורט עיזים,גרמים,150.00,100 גרם,false,0,5.90,3.93,true,1,
7290012803604,false,ביסקוויט שוקולד+טרימי180,TAGO,PL,ביסקוויט טרמיסו,גרמים,180.00,100 גרם,false,0,14.90,8.28,true,1,
7290012823541,false,מטליות ריצפז ניחוח לונדר,סנו,IL,מטליות ריצפז,יחידה,1.00,יחידה,false,0,12.90,12.90,true,1,
7290012823602,false,נייר טואלט סופט לבן 32גל,סנו,IL,נ.טואלט סופט לבן,מטרים,588.00,100 מטר,false,0,34.20,5.82,true,1,
7290012884986,false,"ציפס לתנור 1.5 ק""ג",תפוגן,IL,ציפס לתנור,קילוגרמים,1.50,"ק""ג",false,0,29.90,19.93,true,1,
7290012938924,false,מי פה ללא אלכוהול 500 מל,גלקסוסמיתקליין,GB,מי פה אקווה פרש,מיליליטרים,500.00,"100 מ""ל",false,0,21.90,4.38,true,1,
7290012962592,false,מדליק פחם אקולוגי 32 יח,S.C.B.V,DE,מדליק פחמים,יחידה,1.00,יחידה,false,1,7.90,7.90,true,1,
7290013027399,false,לחם מלא+100%שיפון-קל750ג,מאפיית שלמה א. אנג'ל,IL,אנג'ל -100קל,גרמים,750.00,100 גרם,false,0,15.90,2.12,true,1,
7290013068361,false,"שמן זית אליעד 750 מ""ל",אליעד בית בד בגולן,IL,שמן זית,מיליליטרים,750.00,"100 מ""ל",false,0,38.90,5.19,true,1,
7290013068477,false,סרדינים בשמן זית 120 גרם,סוסיאטה דמסה,MA,סרדינים בשמן זית,גרמים,120.00,100 גרם,false,0,6.90,5.75,true,1,
7290013117212,false,בורקס פילו גבינה 600 גרם,"מעדנות בע""מ",IL,בורקס גבינה,גרמים,600.00,100 גרם,false,0,23.90,3.98,true,1,
7290013117243,false,בורקס פילו בולגרית 600 ג,"מעדנות בע""מ",IL,בורקס בולגרית,גרמים,600.00,100 גרם,false,0,23.90,3.98,true,1,
7290013117427,false,בצק פריך מלוח 450X2גרם 0,"מעדנות בע""מ",IL,בצק פריך,גרמים,900.00,100 גרם,false,0,26.40,2.93,true,1,
7290013117526,false,בצק שמרים למאפים מתוקים,"מעדנות בע""מ",IL,בצק שמרים,גרמים,900.00,100 גרם,false,0,25.70,2.86,true,1,
7290013145055,false,פרג שלם 100 גרם,א.ל ייצור ושיווק תבלינים,IL,פרג שלם,גרמים,100.00,100 גרם,false,0,6.50,6.50,true,1,
7290013153548,false,תפוזים מתקתק 100% 2 ליטר,פריגת,IL,מיץ תפוזים מתקתק,ליטרים,2.00,ליטר,false,1,20.90,10.45,true,1,
7290013153555,false,תפוזים חמצמץ 100% 2 ליטר,פריגת,IL,מיץ תפוזים חמצמץ,ליטרים,2.00,ליטר,false,1,20.90,10.45,true,1,
7290013153579,false,"פריגת אפרסק קפוא 280 מ""ל",פריגת,IL,פריגת אפרסק קפוא,גרמים,340.00,100 גרם,false,1,11.00,3.24,true,1,
7290013153586,false,"פריגת פירות יער 280מ""ל",פריגת,IL,פריגת פירות יער,גרמים,340.00,100 גרם,false,1,11.00,3.24,true,1,
7290013215017,false,פטריות דואט -יחידה,מרינה,IL,פטריות דואט,יחידה,1.00,יחידה,false,0,17.90,17.90,true,1,
7290013267665,false,מאגדת מיני סולרו טרופי,שטראוס,IL,מאגדת מיני סולרו,גרמים,295.00,100 גרם,false,0,26.90,9.12,true,1,
7290013268914,false,ג'ל כביסה מקסימה סמארט3ל,סנו,IL,מקסימה סמארט ג'ל,ליטרים,3.00,ליטר,false,1,34.90,11.63,true,1,
7290013268990,false,מקסימה מרכך מרוכז ביו1ל,סנו-מקסימה,,מקסימה מרכך,ליטרים,1.00,ליטר,false,0,17.90,17.90,true,1,
7290013269263,false,מקסימה ג'ל כביסה 3ליטר,סנו-מקסימה,IL,מקסימה ג'ל,ליטרים,3.00,ליטר,false,0,35.60,11.87,true,1,
7290013269911,false,סנו K333,,IL,סנו K333,מיליליטרים,750.00,"100 מ""ל",false,0,31.90,4.25,true,1,
7290013284310,false,רוטב פסטה,,IL,רוטב פסטה,גרמים,240.00,100 גרם,false,0,6.20,2.58,true,1,
7290013358356,false,פירורי לחם מוזהבים350גרם,עינת,IL,פירורי לחם,גרמים,350.00,100 גרם,false,0,8.90,2.54,true,1,
7290013358363,false,פרורי לחם יפני מוזהב300ג,עינת,IL,פרורי לחם יפני,גרמים,300.00,100 גרם,false,0,10.80,3.60,true,1,
7290013358493,false,"קרם קוקוס פחית 400 מ""ל",תאי קטקנאט קו לטידי,TH,קרם קוקוס,מיליליטרים,400.00,"100 מ""ל",false,1,10.80,2.70,true,1,
7290013358509,false,מאסטר שף מיקסלט 200 גרם,עינת,IL,מיקסלט,גרמים,200.00,100 גרם,false,0,15.80,7.90,true,1,
7290013358523,false,שבבי בצל מטוגן 150גרם,טופ טייטס,NL,שבבי בצל מטוגן,גרמים,150.00,100 גרם,false,0,14.80,9.87,true,1,
7290013358578,false,"אטריות אורז רחבות 5 מ""מ",ליינג טונג רייספלוור,TH,אטריות אורז,גרמים,400.00,100 גרם,false,1,10.80,2.70,true,1,
7290013474384,false,בייגלה דקים שמנת בצל300ג,יוניליוור,IL,בייגלה דקים,גרמים,300.00,100 גרם,false,0,11.60,3.87,true,1,
7290013566096,false,פינוקים חטיפי גלידה,נסטלה,IL,פינוקים חלבי,גרמים,570.00,100 גרם,false,0,49.90,8.75,true,1,
7290013584182,false,ספרייט 1.5 ליטר,החברה המרכזית לייצור משק,IL,ספרייט בקבוק,ליטרים,1.50,ליטר,false,0,6.90,4.60,true,1,
7290013585240,false,ספרייט זירו 1.5 ליטר,החברה המרכזית לייצור משק,IL,ספרייט זירו,ליטרים,1.50,ליטר,false,1,6.90,4.60,true,1,
7290013585271,false,ספרייט זירו 1.5*6 ליטר,החברה המרכזית לייצור משק,IL,ספרייט זירו 6 יח,ליטרים,9.00,ליטר,false,1,37.90,4.21,true,1,
7290013585394,false,קוקה קולה 1 ליטר,החברה המרכזית לייצור משקאות,IL,קוקה קולה,ליטרים,1.00,ליטר,false,1,6.10,6.10,true,1,
7290013585653,false,"פריגת אננס אקסטרא420מ""ל",פריגת,IL,פריגת אננס,מיליליטרים,420.00,"100 מ""ל",false,1,7.90,1.88,true,1,
7290013585660,false,אננס פסיפלורה אקסטרא420מ,פריגת,IL,אננס פסיפלורה,מיליליטרים,420.00,"100 מ""ל",false,1,7.90,1.88,true,1,
7290013585677,false,"פריגת  אקסטרא מנגו420מ""ל",פריגת,IL,פריגת מנגו,מיליליטרים,420.00,"100 מ""ל",false,1,7.90,1.88,true,1,
7290013585684,false,פריגת  אקסטרא טרופי420מ,פריגת,IL,פריגת טרופי,מיליליטרים,420.00,"100 מ""ל",false,1,7.90,1.88,true,1,
7290013586612,false,ויסוצקי ICEלימ.לואיזה1.5,מבשלות בירה ישראל,IL,ויסוצקי ICE,ליטרים,1.50,ליטר,false,1,7.90,5.27,true,1,
7290013586803,false,"בירה קרלסברג 330*4 מ""ל",מבשלות בירה בינלאומיות,IL,בירה קרלסברג 4יח,ליטרים,1.32,ליטר,false,1,29.90,22.65,true,1,
7290013608550,false,נקטר תפוזים פרימור 1ליטר,גניר,IL,נקטר תפוזים,ליטרים,1.00,ליטר,false,1,8.90,8.90,true,1,
7290013608680,false,נקטר עגבניות פרימור 1 לי,גניר,IL,נקטר עגבניות,ליטרים,1.00,ליטר,false,1,8.90,8.90,true,1,
7290013675378,false,שניצל לבבות מאמא עוף 700,תנובה,IL,שניצל לבבות מאמא,גרמים,700.00,100 גרם,false,1,37.90,5.41,true,1,
7290013702005,false,מים טעם פירות יער 1.5 ל,יפאורה שותפות מובגלת לשיווק,IL,מים פירות יער,ליטרים,1.50,ליטר,false,0,7.20,4.80,true,1,
7290013702029,false,שוופס מים טעם אפרסק 1.5ל,יפאורה שותפות מובגלת לשי,IL,שוופס מים אפרסק,ליטרים,1.50,ליטר,false,0,7.20,4.80,true,1,
7290013702371,false,שוופס מים בטעם תפוח 1.5ל,יפאורה שותפות מובגלת לשיווק,IL,שוופס מים תפוח,ליטרים,1.50,ליטר,false,0,7.20,4.80,true,1,
7290013702388,false,"שוופס תפוח 500 מ""ל",יפאורה שותפות מובגלת לשי,IL,שוופס תפוח,מיליליטרים,500.00,"100 מ""ל",false,0,5.90,1.18,true,1,
7290013702463,false,שוופס מוגז למונייד 1.5 ל,יפאורה שותפות מובגלת לשי,IL,שוופס למונייד,ליטרים,1.50,ליטר,false,0,7.00,4.67,true,1,
7290013702470,false,שוופס מוגז לימונדה ורודה,יפאורה שותפות מובגלת לשי,IL,שוופס לימונדה,ליטרים,1.50,ליטר,false,0,7.00,4.67,true,1,
7290013771131,false,לאבנה עיזים 5% 250 גרם,מחלבת השומרון,,לאבנה עיזים,גרמים,250.00,100 גרם,false,0,17.60,7.04,true,1,
7290013771216,false,פטאקי 16% 250 גרם,מחלבת השומרון,IL,פטאקי 16%,גרמים,250.00,100 גרם,false,0,14.90,5.96,true,1,
7290013771391,false,גב.צפתית מעודנת5% 200גר,מחלבת השומרון,IL,צפתית מעודנת 5%,גרמים,200.00,100 גרם,false,1,14.90,7.45,true,1,
7290013771407,false,צפתית מעודנת5%קצח 200גר,מחלבת השומרון,IL,צפתית מעודנת קצח,גרמים,200.00,100 גרם,false,1,14.90,7.45,true,1,
7290013986023,false,שמפו+מרכך סרקל,,IL,שמפו+מרכך סרקל,ליטרים,1.25,ליטר,false,0,29.60,23.68,true,1,
7290013994172,false,משקה כוסמין,,IT,משקה כוסמין,ליטרים,1.00,ליטר,false,0,17.70,17.70,true,1,
7290013994776,false,גרגירי תירס קפוא אורג800,פינגווין,BE,גרגירי תירס קפוא,גרמים,800.00,100 גרם,false,1,22.90,2.86,true,1,
7290014083479,false,גבינת גאודה,,DE,גבינת גאודה,גרמים,150.00,100 גרם,false,0,10.90,7.27,true,1,
7290014094062,false,גרעין שחור קלוי 200גרם,שקדיה,IL,גרעין שחור קלוי,גרמים,200.00,100 גרם,false,0,7.80,3.90,true,1,
7290014204874,false,רוטב לעוף של פנינה 800גר,פוליבה,IL,רוטב לעוף,גרמים,800.00,100 גרם,false,1,21.90,2.74,true,1,
7290014217263,false,תערובת תיבול לפרגיות100ג,תבליני טעם וריח,IL,תערובת לפרגיות,גרמים,100.00,100 גרם,false,1,11.90,11.90,true,1,
7290014217492,false,תערובת תיבול פילדלפיה100,תבליני טעם וריח,IL,תערובת תבלינים,גרמים,100.00,100 גרם,false,1,11.90,11.90,true,1,
7290014218093,false,פיצה משפחתית קמח מלא 500,"מעדנות בע""מ",IL,פיצה משפחתית,גרמים,500.00,100 גרם,false,0,24.70,4.94,true,1,
7290014218536,false,בצק עלים מופחת שומן1קג,תנובה,IL,בצק עלים מופחת,גרמים,1000.00,100 גרם,false,1,24.90,2.49,true,1,
7290014218598,false,פוקאצ'ה קמח מלא 600 גרם,"מעדנות בע""מ",IL,פוקאצ'ה קמח מלא,גרמים,600.00,100 גרם,false,1,17.90,2.98,true,1,
7290014218666,false,פיצה פוקצה מרגריטה 530 ג,תנובה,IL,פיצה פוקצה מרגרי,גרמים,530.00,100 גרם,false,1,24.90,4.70,true,1,
7290014241589,false,מיקס אגוזים 150גרם,פיצוחי הטיב,IL,מיקס אגוזים,גרמים,150.00,100 גרם,false,0,14.80,9.87,true,1,
7290014256972,false,תירוש לבן 1 ליטר,יקבי כרמל,IL,תירוש לבן,ליטרים,1.00,ליטר,false,1,20.70,20.70,true,1,
7290014397279,false,שקיות מזון,,IL,שקיות מזון,יחידה,1.00,יחידה,false,0,12.50,12.50,true,1,
7290014397729,false,אקונומיקה פיסגה,,IL,אקונומיקה פיסגה,ליטרים,2.00,ליטר,false,0,11.50,5.75,true,1,
7290014397835,false,סנומט סמארט,,IL,סנומט סמארט,יחידה,1.00,יחידה,false,0,37.00,37.00,true,1,
7290014455245,false,גרנה פדנו משולש 200 גרם,גרנה פדני איטליה,IT,גבינה גרנה פדנו,גרמים,200.00,100 גרם,false,1,23.90,11.95,true,1,
7290014455252,false,גרנה פדנו מגורדת 100 גרם,גרנה פדני איטליה,IT,גבינה גרנה פדנו,גרמים,100.00,100 גרם,false,1,11.50,11.50,true,1,
7290014455269,false,צפתית ללא תוספת מלח200ג,מחלבות גד,IL,גבינה צפתית,גרמים,200.00,100 גרם,false,1,15.50,7.75,true,1,
7290014455320,false,כדור מוצרלה פרסקה 100גרם,מחלבות גד,IL,מוצרלה פרסקה,גרמים,100.00,100 גרם,false,1,9.90,9.90,true,1,
7290014455610,false,יוגורט עיזים +תות 125גרם,מחלבות גד,IL,יוגורט עיזים,גרמים,125.00,100 גרם,false,1,6.50,5.20,true,1,
7290014455627,false,יוגורט עיזים +דובדבן125ג,מחלבות גד,IL,יוגורט עיזים,גרמים,125.00,100 גרם,false,1,6.50,5.20,true,1,
7290014459137,false,סטייק צ'יפס תפוגן 1.5קג,תפוגן,IL,סטייק ציפס1.5קג,גרמים,1500.00,100 גרם,false,0,26.90,1.79,true,1,
7290014525016,false,סלים פרוט יוגורט תות 5י,סלים פרוטס,ES,חטיפי דגנים מרבה,גרמים,182.00,100 גרם,false,0,16.90,9.29,true,1,
7290014603073,false,מאגדת מיני דואט עם נוגט,שטראוס,IL,מאגדת מיני מגנום,גרמים,310.00,100 גרם,false,0,29.90,9.65,true,1,
7290014603813,false,קרמיסימו מסטיק וניל 1330,שטראוס,IL,גלידת קרמיסימו,ליטרים,1.33,ליטר,false,0,21.90,16.47,true,1,
7290014692541,false,אדם מגורדת EMMA,,LE,אדם מגורדת EMMA,גרמים,500.00,100 גרם,false,0,20.70,4.14,true,1,
7290014692565,false,גרעיני תירס מתוק,,IL,גרעיני תירס מתוק,גרמים,320.00,100 גרם,false,0,5.90,1.84,true,1,
7290014692817,false,מוצרלה מגורדת,,,מוצרלה מגורדת,גרמים,200.00,100 גרם,false,0,15.80,7.90,true,1,
7290014725294,false,סוכרזית סוכרלוז 100שקיות,"ביסקול בע""מ",IL,סוכרזית סוכרלוז,גרמים,100.00,100 גרם,false,0,21.70,21.70,true,1,
7290014747791,false,פסטרמה אמרק.סטייל דלי,עוף טוב,IL,פסטרמה דלי,גרמים,240.00,100 גרם,false,8,24.90,10.38,true,1,
7290014748149,false,כתף בקר עסיסי דלי 200 גר,עוף טוב,IL,כתף בקר עסיסי,גרמים,200.00,100 גרם,false,1,24.90,12.45,true,1,
7290014758100,false,יוגורט ביו 8 יח,,IL,יוגורט ביו 8 יח,קילוגרמים,1.20,"ק""ג",false,0,16.90,14.08,true,1,
7290014758117,false,יוגורט ביו 8 יח,,IL,יוגורט ביו 8 יח,קילוגרמים,1.20,"ק""ג",false,0,16.90,14.08,true,1,
7290014758162,false,חלב עיזים מלא 1ל,,IL,חלב עיזים מלא 1ל,ליטרים,1.00,ליטר,false,0,15.70,15.70,true,1,
7290014759084,false,גבינת נפוליאון,,IL,גבינת נפוליאון,גרמים,225.00,100 גרם,false,0,14.50,6.44,true,1,
7290014759534,false,בולגרית למריחה5%,,IL,בולגרית למריחה5%,גרמים,200.00,100 גרם,false,0,14.30,7.15,true,1,
7290014759978,false,קולאז' קצ'קבל,,IL,קולאז' קצ'קבל,גרמים,200.00,100 גרם,false,0,27.60,13.80,true,1,
7290014760141,false,משקה שקדים טרי 1 ליטר,סוי מג'יק,IL,משקה שקדים,ליטרים,1.00,ליטר,false,1,14.80,14.80,true,1,
7290014761056,false,יולו שוקולד חלב,,IL,יולו שוקולד חלב,גרמים,123.00,100 גרם,false,0,4.80,3.90,true,1,
7290014761063,false,יולו שוקולד מריר,,IL,יולו שוקולד מריר,גרמים,123.00,100 גרם,false,0,4.80,3.90,true,1,
7290014761070,false,יולו שוקולד לבן,,IL,יולו שוקולד לבן,גרמים,123.00,100 גרם,false,0,4.80,3.90,true,1,
7290014761414,false,יולו שכבות שוקו.,,IL,יולו שכבות שוקו.,גרמים,123.00,100 גרם,false,0,4.80,3.90,true,1,
7290014761865,false,"שטוזים תות מוקצף 125מ""ל",תנובה,IL,שטוזים מטקצף,מיליליטרים,125.00,"100 מ""ל",false,1,2.80,2.24,true,1,
7290014762220,false,ג'לי בטעם ענבים 125 גרם,תנובה,IL,ג'לי בטעם ענבים,גרמים,125.00,100 גרם,false,1,2.70,2.16,true,1,
7290014762282,false,יופלה 0% עם אוכמניות150ג,תנובה,IL,יופלה דיאט,גרמים,150.00,100 גרם,false,1,5.20,3.47,true,1,
7290014762756,false,נפוליאון 16%עם בצל 225ג,תנובה,IL,גבינת נפוליאון,גרמים,225.00,100 גרם,false,1,14.50,6.44,true,1,
7290014762787,false,מעדן סויה בטעם תות 125גר,תנובה,IL,מעדן סויה ט.תות,גרמים,125.00,100 גרם,false,1,4.70,3.76,true,1,
7290014762800,false,מעדן סויה טעם שוקולד125ג,תנובה,IL,מעדן סויה ט.שוקו,גרמים,125.00,100 גרם,false,1,4.70,3.76,true,1,
7290014763494,false,חלב משק 3.5%-3.8% 1 ליטר,תנובה,IL,חלב משק,ליטרים,1.00,ליטר,false,1,6.20,6.20,true,1,
7290014763531,false,יופלה+מנגו בתחתית0% 150ג,תנובה,IL,יופלה דיאט,גרמים,150.00,100 גרם,false,1,5.20,3.47,true,1,
7290014763586,false,ממ.סויה סגנ.גב.טוסקנה250,תנובה,IL,ממרח סויה,גרמים,250.00,100 גרם,false,1,10.90,4.36,true,1,
7290014763678,false,משקה חלבוןGO טעם וניל250,תנובה,IL,משקה חלבון GO,מיליליטרים,250.00,"100 מ""ל",false,1,5.90,2.36,true,1,
7290014763777,false,שמנת הקצפה שוקולד32% 250,תנובה,IL,שמנת להקצפה,מיליליטרים,250.00,"100 מ""ל",false,1,6.70,2.68,true,1,
7290014763814,false,פתיתי עמק+תבל.לפיצה200גר,תנובה,IL,פתיתי עמק,גרמים,200.00,100 גרם,false,1,15.90,7.95,true,1,
7290014763890,false,משקה חלב אגוז לוז1% 800מ,תנובה,IL,משקה חלב,מיליליטרים,800.00,"100 מ""ל",false,1,7.00,0.88,true,1,
7290014791077,false,ספרינג תה ענבים 1.5 ליטר,יפאורה שותפות מובגלת לשיווק,IL,ספרינג תה ענבים,ליטרים,1.50,ליטר,false,0,6.90,4.60,true,1,
7290014791237,false,שוופס מים 0קלור.אפרסק1.5,יפאורה שותפות מובגלת לשיווק,IL,שוופס מים אפרסק,ליטרים,1.50,ליטר,false,0,7.20,4.80,true,1,
7290014791558,false,שוופס סודה נענע לי1.5*4ל,יפאורה שותפות מובגלת לשיווק,IL,שוופס סודה 4 יח,ליטרים,6.00,ליטר,false,0,11.90,1.98,true,1,
7290014791787,false,פרוט ווטר אננס 1.5 ליטר,יפאורה שותפות מובגלת לשי,IL,פרוט ווטר אננס,ליטרים,1.50,ליטר,false,1,7.50,5.00,true,1,
7290014791800,false,פרוט ווטר אפרסק 1.5 ליטר,יפאורה שותפות מובגלת לשי,IL,פרוט ווטר אפרסק,ליטרים,1.50,ליטר,false,1,7.50,5.00,true,1,
7290014791817,false,פרוט ווטר אבטיח 1.5 ליטר,יפאורה שותפות מובגלת לשי,IL,פרוט ווטר אבטיח,ליטרים,1.50,ליטר,false,1,7.50,5.00,true,1,
7290014791824,false,פרוט ווטר תות 1.5 ליטר,יפאורה שותפות מובגלת לשי,IL,פרוט ווטר תות,ליטרים,1.50,ליטר,false,1,7.50,5.00,true,1,
7290014890077,false,ריקוטה סג.איטלקי5% 400ג,משק יעקבס,IL,גבינת ריקוטה,גרמים,400.00,100 גרם,false,1,18.70,4.68,true,1,
7290014890145,false,גבינת שמנת 25% 225 גרם,גבינות משק יעקבס,IL,גבינת שמנת,גרמים,225.00,100 גרם,false,1,11.90,5.29,true,1,
7290014910379,false,מלפפונים במלח לינה 690גר,יוניקורן פיקלס,IN,מלפפונים במלח,גרמים,690.00,100 גרם,false,1,8.90,1.29,true,1,
7290014931008,false,פטרוזיליה עם השורש יחידה,גדי מרדכי-מושב שלוש,IL,פטרוזיליה עםשורש,יחידה,1.00,יחידה,false,1,7.90,7.90,true,1,
7290014931053,false,בזיליקום עם השורש יחידה,גדי מרדכי-מושב שלוש,IL,בזיליקום עם שורש,יחידה,1.00,יחידה,false,1,7.90,7.90,true,1,
7290014931077,false,עירית עם השורש יחידה,גדי מרדכי-מושב שלוש,IL,עירית עם שורש,יחידה,1.00,יחידה,false,1,7.90,7.90,true,1,
7290014931084,false,אורגנו עם השורש יחידה,גדי מרדכי-מושב שלוש,IL,אורגנו עם השורש,יחידה,1.00,יחידה,false,1,7.90,7.90,true,1,
7290014931091,false,קורנית -טימין עם השורש י,גדי מרדכי-מושב שלוש,IL,קורנית-טימין,יחידה,1.00,יחידה,false,1,7.90,7.90,true,1,
7290014931107,false,נענע עם השורש יחידה,גדי מרדכי-מושב שלוש,IL,נענע עם השורש,יחידה,1.00,יחידה,false,1,7.90,7.90,true,1,
7290014931190,false,פאק - צוי יחידה,גדי מרדכי-מושב שלוש,IL,פאק-צ'וי,יחידה,1.00,יחידה,false,1,11.90,11.90,true,1,
7290014940901,false,לחם פשוט מלא 750 גרם,מאפיית שלמה א. אנג'ל,IL,לחם מלא,גרמים,750.00,100 גרם,false,1,15.00,2.00,true,1,
7290015009294,false,גבינת פרמיזאנו ראזשנו170,ביג גראנה,IT,גבינת פרמיזאנו,גרמים,170.00,100 גרם,false,1,34.90,20.53,true,1,
7290015039130,false,חמאה ללא מלח,,BE,חמאה ללא מלח,גרמים,200.00,100 גרם,false,0,10.00,5.00,true,1,
7290015055000,false,עגבניה שרי ליקופ,,IL,עגבניה שרי ליקופ,יחידה,1.00,יחידה,false,0,10.90,10.90,true,1,
7290015116800,false,תפוח אדמה נשיקות ארוז,קטיף.,IL,תפוח אדמה נשיקות,קילוגרמים,0.00,"ק""ג",true,0,4.90,4.90,true,1,
7290015150729,false,תה ירוק סקיני גריני 25שק,ויסוצקי,IL,תה ירוק ויסוצקי,גרמים,37.00,100 גרם,false,1,26.90,72.70,true,1,
7290015150903,false,תה ירוק קינמון ודבש 25שק,ויסוצקי,IL,תה ירוק ויסוצקי,גרמים,37.00,100 גרם,false,1,26.90,72.70,true,1,
7290015220880,false,"פחם מעץ אקולוגי 2 ק""ג",גלו,ZA,פחם מעץ אקולוגי,קילוגרמים,2.00,"ק""ג",false,1,16.90,8.45,true,1,
7290015309981,false,תות עץ יחידה,מ.ע שיווק ומסחר,IL,תות עץ,יחידה,1.00,יחידה,false,1,23.90,23.90,true,1,
7290015309998,false,פטל שחור יחידה,מ.ע שיווק ומסחר,IL,פטל שחור,יחידה,1.00,יחידה,false,1,19.90,19.90,true,1,
7290015324038,false,פפריקה בשמן בשקית 80 גרם,תבליני טעם וריח,IL,פפריקה בשמן,גרמים,80.00,100 גרם,false,0,8.80,11.00,true,1,
7290015324069,false,גריל עוף בשקית 80 גרם,תבליני טעם וריח,IL,גריל עוף,גרמים,80.00,100 גרם,false,0,6.80,8.50,true,1,
7290015324106,false,כורכום בשקית 80 גרם,תבליני טעם וריח,IL,כורכום,גרמים,80.00,100 גרם,false,0,8.80,11.00,true,1,
7290015597326,false,מאגדת אייס לייט 312גרם,שטראוס,IL,מאגדת אייס לייט,גרמים,312.00,100 גרם,false,1,28.90,9.26,true,1,
7290015597531,false,מאגדת מיני לייט פרי יער,שטראוס,IL,מאגדת פרי יער לי,מיליליטרים,312.00,"100 מ""ל",false,1,28.90,9.26,true,1,
7290015597715,false,מאגדת קורנטו לוטוס 315 ג,שטראוס,IL,מאגדת קורנטו לוט,יחידה,1.00,יחידה,false,1,37.90,37.90,true,1,
7290015597753,false,מאגדת סולרו תות פרי יער,שטראוס,IL,מאגדת סולרו תות,יחידה,1.00,יחידה,false,1,26.90,26.90,true,1,
7290015597883,false,מיני סולרו מנגו פסיפלורה,שטראוס,IL,מיני סולרו מנגו,גרמים,325.00,100 גרם,false,1,26.90,8.28,true,1,
7290015597906,false,"עוגת גבינה לוטוס1000מ""ל",שטראוס,IL,עוגת גבינה לוטוס,מיליליטרים,1000.00,"100 מ""ל",false,1,24.90,2.49,true,1,
7290015597920,false,אלפחורס שוקולד לבן,שטראוס,IL,אלפחורס שוקולד ל,מיליליטרים,1000.00,"100 מ""ל",false,1,24.90,2.49,true,1,
7290015626408,false,אגוז פקאן קלוף טבעי 200ג,ששון מלוינסקי,IL,א.פקאן קלוף טבעי,גרמים,200.00,100 גרם,false,1,31.90,15.95,true,1,
7290015626439,false,אגוז מלך קלוף טבעי 300ג,ששון מלוינסקי,IL,א..מלך קלוף טבעי,גרמים,300.00,100 גרם,false,1,33.90,11.30,true,1,
7290015626712,false,צימוקים מזן מידנייט 500ג,ששון,IL,צימוקים מידנייט,גרמים,500.00,100 גרם,false,1,22.90,4.58,true,1,
7290015644297,false,לחמניות פשוט מלא 75*6גרם,מאפיית שלמה א. אנג'ל,IL,לחמניות 6 יח',גרמים,450.00,100 גרם,false,1,11.50,2.56,true,1,
7290015644433,false,לחם צרפתי100%שיפון600ג,מאפיית שלמה א. אנג'ל,IL,לחם צרפתי,גרמים,600.00,100 גרם,false,1,15.90,2.65,true,1,
7290015726085,false,לחם שאור שיפון יח,מאפ גדרון,IL,לחם  שאור שיפון,יחידה,1.00,יחידה,false,12,17.90,17.90,true,1,
7290015726108,false,לחם שאור תמרים יח,מאפ גדרון,IL,לחם שאור תמרים,יחידה,1.00,יחידה,false,11,17.90,17.90,true,1,
7290015804394,false,רסק עגבניות טל 260 גרם,מילוז,IL,רסק עגבניות טל,גרמים,260.00,100 גרם,false,1,4.40,1.69,true,1,
7290015848992,false,אולטרסול ק.פנים קידSPF50,פישר מעבדות פרמצבטיות,IL,אולטרסול לפנים,מיליליטרים,75.00,"100 מ""ל",false,1,49.90,66.53,true,1,
7290015995399,false,ערמונים  אלטאי 100גרם,צ'נגדה שנליפוד סי או לטד,CN,ערמונים אלטאי,גרמים,100.00,100 גרם,false,1,6.90,6.90,true,1,
7290016006292,false,ספרינג מנגו בננה מלון1ל,יפאורה שותפות מובגלת לשיווק,IL,נקטר ספרינג,ליטרים,1.00,ליטר,false,1,5.90,5.90,true,1,
7290016006360,false,שוופס מוגז תות ליים 1.5ל,יפאורה שותפות מובגלת לשי,IL,שוופס מוגז תות,ליטרים,1.50,ליטר,false,1,7.00,4.67,true,1,
7290016077766,false,שעועית אפויה היינץ 753גר,היינץ,NL,שעועית אפויה,גרמים,753.00,100 גרם,false,1,9.50,1.26,true,1,
7290016114300,false,נייר טואלט לילי כפול16י,חוגלה קימברלי,IL,נייר טואלט לילי,מטרים,588.00,100 מטר,false,1,37.90,6.45,true,1,
7290016135558,false,פסטה ביצים ח.כמרים 3צבע,פ.פ.ה. טאביס,PL,פסטה ביצים,גרמים,400.00,100 גרם,false,1,11.90,2.98,true,1,
7290016188523,false,קברנה שיראז סדרה אזורית,יקבי כרמל,IL,קברנה שיראז,מיליליטרים,750.00,"100 מ""ל",false,1,64.90,8.65,true,1,
7290016197495,false,מטלית לרצפה 2יח,,CN,מטלית לרצפה 2יח,יחידה,1.00,יחידה,false,1,24.90,24.90,true,1,
7290016197624,false,8 תחבושות דיפנד סופר,חוגלה קימברלי,IL,תחבושות דיפנד,יחידה,1.00,יחידה,false,1,19.90,19.90,true,1,
7290016246261,false,טחינה 100%שומשום כשלפ550,רושדי תעשיות מזון,IL,טחינה 100%שומשום,גרמים,550.00,100 גרם,false,1,16.90,3.07,true,1,
7290016314847,false,סלמון מובחר 100גרם,סלטי שמיר,IL,סלמון מובחר,גרמים,100.00,100 גרם,false,1,20.90,20.90,true,1,
7290016372458,false,חליטת לימונית לואיזה50שק,ויסוצקי,IL,חליטת לימונית,גרמים,75.00,100 גרם,false,1,33.60,44.80,true,1,
7290016372526,false,חליטת נירוונה 20שק1.5*ג,ויסוצקי,IL,חליטת נירוונה,גרמים,30.00,100 גרם,false,1,21.90,73.00,true,1,
7290016408294,false,מרשמלו ורוד לבן 150 גרם,כרמית,IL,מרשמלו ורוד לבן,גרמים,150.00,100 גרם,false,1,6.50,4.33,true,1,
7290016497243,false,ביגלה רומני 150גרם,גידרון,IL,ביגלה רומני,גרמים,150.00,100 גרם,false,1,5.50,3.67,true,1,
7290016497526,false,בגט אותנטי 280גרם,מאפ גדרון,IL,בגט אותנטי,גרמים,280.00,100 גרם,false,1,7.90,2.82,true,1,
7290016497731,false,לחם 7 דגנים פרוס 600 גרם,מאפ גדרון,IL,לחם 7 דגנים,גרמים,600.00,100 גרם,false,1,12.90,2.15,true,1,
7290016566987,false,אוהל חוף משפחתי,.,CN,אוהל חוף,יחידה,1.00,יחידה,false,1,79.90,79.90,true,1,
7290016619003,false,מלפפון בייבי יחידה,קטיף,IL,מלפפון בייבי,יחידה,1.00,יחידה,false,1,9.90,9.90,true,1,
7290016998139,false,מארז מיני מיקס יחידה,נטורזה,IL,מארז מיני מיקס,יחידה,1.00,יחידה,false,1,10.90,10.90,true,1,
7290017031361,false,כיסונים מילוי בטטה 250 ג,גלוזרו,FI,כיסונים ממולאים,גרמים,250.00,100 גרם,false,1,26.90,10.76,true,1,
7290017031385,false,כיסונ.מילוי תדד ובצל250,גלוזרו,FI,כיסונים ממולאים,גרמים,250.00,100 גרם,false,1,26.90,10.76,true,1,
7290017058139,false,"רסק תפו""ע+תות שדה113*4ג",GROWERS CHERRY,US,"רסק תפו""ע",גרמים,452.00,100 גרם,false,1,11.00,2.43,true,1,
7290017058146,false,"רסק תפו""ע עם אפרסק113*4",GROWERS CHERRY,US,"רסק תפו""ע",גרמים,452.00,100 גרם,false,1,11.00,2.43,true,1,
7290017065007,false,מוצרלה פרוסות22% 150 גרם,מחלבות גד,IL,מוצרלה פרוסות,גרמים,150.00,100 גרם,false,1,18.90,12.60,true,1,
7290017065137,false,ריקוטה למריחה 5% 200 גרם,מחלבות גד,IL,ריקוטה למריחה,גרמים,200.00,100 גרם,false,1,10.50,5.25,true,1,
7290017065144,false,ריקוטה בזיליקום5% 200גרם,מחלבות גד,IL,ריקוטה למריחה,גרמים,200.00,100 גרם,false,1,10.50,5.25,true,1,
7290017065151,false,ריקוטה פלפל 4 עונות 200ג,מחלבות גד,IL,ריקוטה למריחה,גרמים,200.00,100 גרם,false,1,10.50,5.25,true,1,
7290017597096,false,פומלה מקולפת יחידה,פרוט פור יו,IL,פומלה מקולפת,יחידה,1.00,יחידה,false,1,13.90,13.90,true,1,
7290017597126,false,אננס חתוך מוכן לאכילה יח,פרוט פור יו,IL,אננס חתוך,יחידה,1.00,יחידה,false,1,19.90,19.90,true,1,
7290017597287,false,קוקוס מקולף יחידה,פרוט פור יו,IL,קוקוס מקולף,יחידה,1.00,יחידה,false,1,12.90,12.90,true,1,
7290017597294,false,מלון קוביות + ענבים יחיד,פרוט פור יו,IL,מלון קוביות וענב,יחידה,1.00,יחידה,false,1,12.90,12.90,true,1,
7290019297222,false,פולי סויה אדממה 450גרם,שקדיה,IL,פולי סויה אדממה,גרמים,450.00,100 גרם,false,0,12.90,2.87,true,1,
7290100243664,false,"בדין אקסטרה סגול 960 מ""ל",יוניליוור,TR,מרכך כביסה בדין,מיליליטרים,960.00,"100 מ""ל",false,0,17.90,1.86,true,1,
7290100243671,false,"בדין אקסטרה כחול 960 מ""ל",יוניליוור,TR,מרכך כביסה בדין,מיליליטרים,960.00,"100 מ""ל",false,0,17.90,1.86,true,1,
7290100243688,false,"בדין אקסטרה ורוד 960 מ""ל",יוניליוור,TR,מרכך כביסה בדין,מיליליטרים,960.00,"100 מ""ל",false,0,17.90,1.86,true,1,
7290100247808,false,נמס בכוס ט.עוף אקסטרה28ג,יוניליוור,IL,נמס בכוס טעם עוף,גרמים,28.00,100 גרם,false,0,4.90,17.50,true,1,
7290100247815,false,נמס בכוס עגבנ.אקסטרה39גר,יוניליוור,IL,נמס בכוס עגבניות,גרמים,39.00,100 גרם,false,0,4.90,12.56,true,1,
7290100249352,false,מרק טעם עוף 400 גרם,יוניליוור,IL,מרק טעם עוף,גרמים,400.00,100 גרם,false,0,15.90,3.98,true,1,
7290100249482,false,נמס בכוס אפונה 25*2 גרם,יוניליוור,IL,נמס בכוס אפונה,גרמים,50.00,100 גרם,false,0,7.80,15.60,true,1,
7290100249628,false,רוטב עוף ברביקיו סויה310,יוניליוור,IL,רוטב ברביקיו,גרמים,310.00,100 גרם,false,0,11.90,3.84,true,1,
7290100680728,false,פירורית רגילה 350 גרם,אסם,IL,פירורית אסם,גרמים,350.00,100 גרם,false,0,8.10,2.31,true,1,
7290100681015,false,אינסטנ.פודינג ריבת חלב84,אסם,IL,אינסטנט פודינג,גרמים,84.00,100 גרם,false,0,5.70,6.79,true,1,
7290100685136,false,"מרק טעם עוף פרווה 1 ק""ג",אסם,IL,מרק טעם עוף,קילוגרמים,1.00,"ק""ג",false,0,16.90,16.90,true,1,
7290100685341,false,מרק ט.עוף רכ' טבעיים400ג,אסם,IL,מרק טעם עוף,גרמים,400.00,100 גרם,false,0,18.90,4.73,true,1,
7290100686171,false,ביסלי גריל 6 * 35 גרם,אסם,IL,ביסלי מארז 6 יח,גרמים,210.00,100 גרם,false,0,14.50,6.90,true,1,
7290100687109,false,במבה נוגט 60 גרם,אסם,IL,במבה נוגט,גרמים,60.00,100 גרם,false,0,5.50,9.17,true,1,
7290100700075,false,פירורי לחם מוזהבים200ג,סוגת,IL,פירורי לחם מוזהב,גרמים,200.00,100 גרם,false,0,4.60,2.30,true,1,
7290100700242,false,"אורז מלא עגול סוגת 1 ק""ג",סוגת,IL,אורז מלא עגול,קילוגרמים,1.00,"ק""ג",false,0,9.80,9.80,true,1,
7290100700396,false,"אורז יסמין קלאסי 1 ק""ג",סוגת,IL,אורז יסמין סוגת,קילוגרמים,1.00,"ק""ג",false,0,12.40,12.40,true,1,
7290100700587,false,בורגול 500 גרם,סוגת,IL,בורגול 500 גרם,גרמים,500.00,100 גרם,false,0,6.80,1.36,true,1,
7290100701157,false,"אורז להכנת סושי 1 ק""ג","סוגת תעשיות בע""מ",IL,אורז להכנת סושי,קילוגרמים,1.00,"ק""ג",false,0,14.80,14.80,true,1,
7290100702611,false,פתיתים אפויים אורז500גרם,אסיף תעשיות מזון,IL,פתיתים סוגת,גרמים,500.00,100 גרם,false,0,5.20,1.04,true,1,
7290100702628,false,פתיתים אפויים קוסקוס500ג,אסיף תעשיות מזון,IL,פתיתים סוגת,גרמים,500.00,100 גרם,false,0,5.20,1.04,true,1,
7290100703458,false,כוסמת לא קלויה 500 גרם,סוגת,IL,כוסמת לא קלויה,גרמים,500.00,100 גרם,false,1,7.90,1.58,true,1,
7290100850336,false,מיני פסק זמן 195 גרם,שטראוס,IL,מיני פסק זמן,גרמים,195.00,100 גרם,false,0,17.50,8.97,true,1,
7290100850459,false,מיקס חטיפים 390 גרם,שטראוס,IL,מיקס חטיפים,גרמים,390.00,100 גרם,false,0,24.90,6.38,true,1,
7290100850466,false,מיקס פסק זמן 390 גרם,שטראוס,IL,מיקס פסק זמן,גרמים,390.00,100 גרם,false,0,24.90,6.38,true,1,
7290100850930,false,דוריטוס בטעם טבעי 70 גרם,עלית,IL,חטיף דוריטוס,גרמים,70.00,100 גרם,false,0,4.10,5.86,true,1,
7290100852606,false,קפה טורקי 100*4 גרם,עלית,IL,קפה טורקי 4 יח,גרמים,400.00,100 גרם,false,0,32.90,8.23,true,1,
7290100854266,false,שוקולד מריר 60%קקאו100ג,שטראוס,IL,שוקולד מריר,גרמים,100.00,100 גרם,false,0,9.10,9.10,true,1,
7290100859162,false,שוקולד פרה60% מריר100*2ג,שטראוס,IL,שוקולד מריר 2 יח,גרמים,200.00,100 גרם,false,0,16.20,8.10,true,1,
7290100859209,false,מסטיק מאסט עלמה אוכמני28,שטראוס,IL,מסטיק מאסט,גרמים,28.00,100 גרם,false,0,4.60,16.43,true,1,
7290100921609,false,כדוריות אסלה אוקינוס50ג,הנקל סוד,IL,סבון אסלה,גרמים,50.00,100 גרם,false,0,10.20,20.40,true,1,
7290100923122,false,תח.רחצה הוואי יוגורט 750,הנקל סוד,IL,תחליב רחצה הוואי,מיליליטרים,750.00,"100 מ""ל",false,0,14.90,1.99,true,1,
7290100924457,false,סוד כדוריות לאסלה 50*3גר,הנקל סוד,PL,כדוריות לאסלה,גרמים,150.00,100 גרם,false,1,19.90,13.27,true,1,
7290100924600,false,סוד מרכך מרוכז כחול900מ,הנקל סוד,IL,סוד מרכך כחול,מיליליטרים,900.00,"100 מ""ל",false,1,14.90,1.66,true,1,
7290100924778,false,פרסיל סופר קאפס 14יח,הנקל סוד,HU,פרסיל סופר קאפס,יחידה,1.00,יחידה,false,1,21.70,21.70,true,1,
7290100925539,false,פרסיל ג'ל 2.7 ליטר,הנקל סוד,IL,פרסיל ג'ל,ליטרים,2.70,ליטר,false,1,36.90,13.67,true,1,
7290100925577,false,פרסיל ג'ל בייבי 2.7 ליטר,הנקל סוד,IL,פרסיל ג'ל בייבי,ליטרים,2.70,ליטר,false,1,36.90,13.67,true,1,
7290100929728,false,מרכך ארומה סגול 900מל,סוד,IL,מרכך מרוכז ארומה,מיליליטרים,900.00,"100 מ""ל",false,0,14.90,1.66,true,1,
7290101110149,false,גל.וניל עם נטיפי שוקולד,גלידות פלדמן,IL,גל.פלדמן,ליטרים,1.30,ליטר,false,0,23.90,18.38,true,1,
7290101864127,false,וניש קליה ספריי 750מל,רקיט בנקיזר,PL,וניש קליה ספריי,מיליליטרים,750.00,"100 מ""ל",false,0,19.90,2.65,true,1,
7290101865261,false,"פיניש נוזל הברקה 800 מ""ל",רקיט בנקיזר,PL,פיניש נוזל הברקה,מיליליטרים,800.00,"100 מ""ל",false,0,20.90,2.61,true,1,
7290101866787,false,וניש קליה מסיר כתמים 3ל,רקיט בנקיזר,IL,וניש לכביסה לבנה,ליטרים,3.00,ליטר,false,0,27.90,9.30,true,1,
7290101869702,false,"פיניש ג'ל למדיח 600 מ""ל",רקיט בנקיזר,PL,פיניש ג'ל למדיח,מיליליטרים,600.00,"100 מ""ל",false,1,35.90,5.98,true,1,
7290101869719,false,"פיניש ג'ל למדיח 600 מ""ל",רקיט בנקיזר,PL,פיניש ג'ל למדיח,מיליליטרים,600.00,"100 מ""ל",false,1,35.90,5.98,true,1,
7290101869788,false,איירוויק מילוי 250מל,רקיט בנקיזר,PL,אירוויק מילוי,מיליליטרים,250.00,"100 מ""ל",false,1,21.90,8.76,true,1,
7290101869818,false,אירויק מכשיר חלום ל.קיץ,רקיט בנקיזר,PL,אירויק מכשיר,מיליליטרים,19.00,"100 מ""ל",false,1,29.90,157.37,true,1,
7290102031276,false,"אקטימל תות בננה 100*8מ""ל",שטראוס,IL,אקטימל 8 יח,מיליליטרים,800.00,"100 מ""ל",false,0,22.70,2.84,true,1,
7290102300822,false,צ'דר אנגלי כתום,,GB,צ'דר אנגלי כתום,גרמים,200.00,100 גרם,false,0,24.90,12.45,true,1,
7290102300860,false,צ'דר אנגלית,,GB,צ'דר אנגלית,גרמים,200.00,100 גרם,false,0,24.90,12.45,true,1,
7290102301881,false,גבינת טרטר,,FR,גבינת טרטר,גרמים,150.00,100 גרם,false,0,24.90,16.60,true,1,
7290102302260,false,גבינת גרנה פדנו 200 גרם,אמברוסי,FR,גבינת גרנה פדנו,גרמים,200.00,100 גרם,false,1,29.90,14.95,true,1,
7290102302529,false,גב.מגורדת גאודה 33% 140ג,גרוזטי,NL,גאודה מגורדת,גרמים,140.00,100 גרם,false,1,19.90,14.21,true,1,
7290102302543,false,גב.מגורדת אמנטל 29% 140ג,גרוזטי,NL,אמנטל מגורדת,גרמים,140.00,100 גרם,false,1,19.90,14.21,true,1,
7290102390427,false,"יוגורט תות מולר 150 מ""ל",טרה,IL,יוגורט מולר תות,מיליליטרים,150.00,"100 מ""ל",false,0,5.20,3.47,true,1,
7290102391844,false,יוגורט מולר פירות יער150,טרה,IL,יוגורט מולר,מיליליטרים,150.00,"100 מ""ל",false,0,5.20,3.47,true,1,
7290102392049,false,תבור גבינה לאפיה5% 500ג,משק צוריאל תבור,IL,תבור גבינה לאפיה,גרמים,500.00,100 גרם,false,0,25.90,5.18,true,1,
7290102392728,false,יוגורט לבן ביו 2.8% 200ג,טרה,IL,יוגורט לבן ביו,גרמים,200.00,100 גרם,false,0,4.00,2.00,true,1,
7290102393169,false,יוג.תות+חתיכות פרי3% 150,טרה,IL,יוגורט מולר תות,גרמים,150.00,100 גרם,false,0,4.90,3.27,true,1,
7290102393176,false,יוגורט+חתיכ.אפרסק3% 150ג,טרה,IL,יוגורט אפרסק,גרמים,150.00,100 גרם,false,0,4.90,3.27,true,1,
7290102393190,false,יוג.פירות יער+פרי3% 150ג,טרה,IL,יוגורט מולר,גרמים,150.00,100 גרם,false,0,4.90,3.27,true,1,
7290102393299,false,יוגורט עיזים לשתייה500גר,משק צוריאל תבור,IL,יוגורט עיזים,גרמים,500.00,100 גרם,false,0,12.70,2.54,true,1,
7290102393718,false,חלומי בקר 200 גרם,משק צוריאל תבור,IL,חלומי בקר,גרמים,200.00,100 גרם,false,0,22.80,11.40,true,1,
7290102393947,false,יוג.סימפלי פרוט קיוי150ג,טרה,IL,יוגורט מולר קיוי,גרמים,150.00,100 גרם,false,0,4.90,3.27,true,1,
7290102394258,false,מה עז 9% שומן 180 גרם,משק צוריאל תבור,IL,מה עז9%שומן,גרמים,180.00,100 גרם,false,0,24.60,13.67,true,1,
7290102394463,false,ג.צהובה נעם ואקום28% 500,טרה,IL,גבינה צהובה 28%,גרמים,500.00,100 גרם,false,0,27.10,5.42,true,1,
7290102394821,false,ג.צהובה נעם דק דק28% 200,טרה,IL,גבינה צהובה דק,גרמים,200.00,100 גרם,false,0,15.60,7.80,true,1,
7290102394845,false,גב.צהובה נעם דק דק9% 200,טרה,IL,גבינה צהובה דק9%,גרמים,200.00,100 גרם,false,0,16.40,8.20,true,1,
7290102395101,false,ממרח גבינה+שוק.מו16% 200,טרה,IL,ממרח גבינה מו,גרמים,200.00,100 גרם,false,0,10.90,5.45,true,1,
7290102395217,false,יוג.מולר1.4%מעודן150*8ג',טרה,IL,יוגורט מולר 8י,קילוגרמים,1.20,"ק""ג",false,0,19.20,16.00,true,1,
7290102395224,false,יוג.מולר נטורל1.7% 150*8,טרה,IL,יוגורט ביאנקו 8י,קילוגרמים,1.20,"ק""ג",false,0,18.50,15.42,true,1,
7290102395231,false,יוג.מולר נטורל2.8% 150*8,טרה,IL,יוגורט ביאנקו 8י,קילוגרמים,1.20,"ק""ג",false,0,18.50,15.42,true,1,
7290102395460,false,מו שוקולד אגוזים+קצפת123,טרה,IL,מו שוקולד אגוזים,גרמים,123.00,100 גרם,false,0,2.90,2.36,true,1,
7290102396047,false,יוג.סימפלי אננס1.5% 150ג,טרה,IL,יוגורט אננס 1.5%,גרמים,150.00,100 גרם,false,0,4.90,3.27,true,1,
7290102396405,false,מעדן וניל 100*8גרם,טרה,IL,מעדן וניל 8 יח,גרמים,800.00,100 גרם,false,0,13.40,1.68,true,1,
7290102396436,false,מעדן שוקולד מוו1.5% 125ג,טרה,IL,מעדן שוקולד,גרמים,125.00,100 גרם,false,0,2.90,2.32,true,1,
7290102396443,false,מעדן וניל מוו1.5% 125גרם,טרה,IL,מעדן וניל,גרמים,125.00,100 גרם,false,0,2.90,2.32,true,1,
7290102396665,false,גב.צהובה נעם דק 15% 200ג,טרה,IL,גבינה צהובה נעם,גרמים,200.00,100 גרם,false,1,15.70,7.85,true,1,
7290102396726,false,יוגורט0%סימפלי אפרסק150ג,טרה,IL,יוגורט אפרסק,גרמים,150.00,100 גרם,false,0,4.90,3.27,true,1,
7290102396757,false,שוקו מוו קרטון 1 ליטר,טרה,IL,שוקו מוו בקרטון,ליטרים,1.00,ליטר,false,0,12.20,12.20,true,1,
7290102396979,false,יוגורט סימפלי אננס0% 150,טרה,IL,יוגורט אננס,גרמים,150.00,100 גרם,false,1,4.90,3.27,true,1,
7290102397075,false,יוגורט 4% בקרטון 1.5ליטר,טרה,IL,יוגורט4% בקרטון,ליטרים,1.50,ליטר,false,1,13.90,9.27,true,1,
7290102397532,false,גבינה לבנה 9% 250 גרם,טרה,IL,גבינה לבנה 9%,גרמים,250.00,100 גרם,false,1,4.60,1.84,true,1,
7290102397686,false,בולגרית מעודנת 5% 200גרם,משק צוריאל תבור,IL,בולגרית מעודנת,גרמים,200.00,100 גרם,false,1,15.90,7.95,true,1,
7290102397730,false,אמנטל נועם פתיח.חוזרת200,טרה,IL,גבינת אמנטל נועם,גרמים,200.00,100 גרם,false,1,16.90,8.45,true,1,
7290102397785,false,גבינת שמנת פלפלים 5% 200,טרה,IL,גבינת שמנת 5%,גרמים,200.00,100 גרם,false,1,11.20,5.60,true,1,
7290102398065,false,חלב 3% בקרטון מהדרין 2ל',טרה,IL,חלב 3% בקרטון,ליטרים,2.00,ליטר,false,1,11.50,5.75,true,1,
7290102398072,false,חלב 3% בקרטון מהדרין 1 ל,טרה,IL,חלב 3% בקרטון,ליטרים,1.00,ליטר,false,1,5.75,5.75,true,1,
7290102398287,false,יוגורט פרופ תות 150ג,טרה,IL,יוגורט מולר תות,גרמים,150.00,100 גרם,false,1,5.20,3.47,true,1,
7290102398324,false,חלב מועשר ביו+סיבים1% 1ל,טרה,IL,חלב מועשר ביו,ליטרים,1.00,ליטר,false,1,7.90,7.90,true,1,
7290102398416,false,גב.שמנת בצל קלוי5% 200גר,טרה,IL,גבינת שמנת 5%,גרמים,200.00,100 גרם,false,1,11.20,5.60,true,1,
7290103126797,false,"קולגייט פרו ריליף 75 מ""ל",קולגייט-פלמוליב,BR,משחת קולגייט,מיליליטרים,75.00,"100 מ""ל",false,0,28.70,38.27,true,1,
7290103400231,false,"גזר 400גרם/בד""צ שטראוס",שטראוס,IL,"גזר 400גרם בד""צ",גרמים,400.00,100 גרם,false,0,9.90,2.48,true,1,
7290103400255,false,"סלט קולסלאו/בד""צ 400גרם",שטראוס,IL,סלט קולסלאו,גרמים,400.00,100 גרם,false,0,9.90,2.48,true,1,
7290103401382,false,קפה נמס פרא אפריקאי200גר,עלית,IL,קפה פרא אפריקאי,גרמים,200.00,100 גרם,false,0,29.90,14.95,true,1,
7290103402815,false,אצבעות שוקולד+קרם חלב96ג,שטראוס,IL,אצבעות שוקולד,גרמים,96.00,100 גרם,false,0,8.10,8.44,true,1,
7290103404758,false,סלט כרוב אדום יום יום120,שטראוס,IL,כרוב אדום אחלה,גרמים,120.00,100 גרם,false,0,5.40,4.50,true,1,
7290103407223,false,אצבעות שוק+סוכ.קופצות96ג,שטראוס,IL,אצבעות שוקולד,גרמים,96.00,100 גרם,false,0,8.10,8.44,true,1,
7290103408206,false,חסה ערבית שטוף250גרם,שטראוס,IL,חסה ערבית250ג',גרמים,250.00,100 גרם,false,0,11.90,4.76,true,1,
7290104060403,false,מסטיק מאסט בזוקה ענבים28,שטראוס,IL,מסטיק מאסט בזוקה,גרמים,28.00,100 גרם,false,0,4.60,16.43,true,1,
7290104061417,false,חומוס עם טחינה אחלה 400ג,שטראוס,IL,חומוס טחינה אחלה,גרמים,400.00,100 גרם,false,0,11.90,2.98,true,1,
7290104061424,false,חומוס עם זעתר אחלה 400 ג,שטראוס,IL,חומוס זעתר אחלה,גרמים,400.00,100 גרם,false,0,11.90,2.98,true,1,
7290104065934,false,עלי רוקט 150גרם שטראוס,שטראוס,IL,עלי רוקט 150גרם,גרמים,150.00,100 גרם,false,0,10.90,7.27,true,1,
7290104066016,false,"מילקי טופ עדשים 170 מ""ל",שטראוס,IL,מילקי טופ עדשים,מיליליטרים,170.00,"100 מ""ל",false,0,5.00,2.94,true,1,
7290104067198,false,ספלנדיד מריר 70%תפוז100ג,שטראוס,IL,שוקולד ספלנדיד,גרמים,100.00,100 גרם,false,0,12.50,12.50,true,1,
7290104068546,false,מאסט פליפ קולה מגדים28ג,שטראוס,IL,מסטיק מאסט,גרמים,28.00,100 גרם,false,0,4.60,16.43,true,1,
7290104069680,false,עלי תרד ניו זילנדי 300ג,שטראוס,IL,עלי תרד ניו זילנ,גרמים,300.00,100 גרם,false,0,15.50,5.17,true,1,
7290104504228,false,מיני דובונים 20*5 גרם,אסם,IL,מיני דובונים 5יח,גרמים,100.00,100 גרם,false,0,14.70,14.70,true,1,
7290104508943,false,במבה חטיף בוטנים 200 גרם,אסם,IL,במבה חטיף בוטנים,גרמים,200.00,100 גרם,false,0,9.10,4.55,true,1,
7290104721533,false,רצועות פלפלים קלויים400ג,שטראוס,IL,רצועות פלפלים,גרמים,400.00,100 גרם,false,0,16.90,4.23,true,1,
7290104721953,false,לקט מסולסלים350ג שטראוס,שטראוס,IL,לקט מסולסלים350ג,גרמים,350.00,100 גרם,false,0,14.00,4.00,true,1,
7290104724190,false,גב.סימפוניה פימנטה5% 200,שטראוס,IL,גבינת סימפוניה,גרמים,200.00,100 גרם,false,1,12.40,6.20,true,1,
7290104725326,false,קוטג' 5% 400 גרם,שטראוס,IL,קוטג5%',גרמים,400.00,100 גרם,false,0,9.10,2.28,true,1,
7290104726712,false,מארז מילקי ט.שוקולד170*8,שטראוס,IL,מארז מילקי 8 יח',ליטרים,1.36,ליטר,false,0,21.20,15.59,true,1,
7290104727467,false,מטבל עגבניות מיובשות140ג,שטראוס,IL,עגבניות מיובשות,גרמים,140.00,100 גרם,false,0,12.80,9.14,true,1,
7290104728310,false,שמנת עמידה לקצפת38% 250מ,יטבתה,IL,שמנת עמידה לקצפת,גרמים,250.00,100 גרם,false,0,5.95,2.38,true,1,
7290104729492,false,שוקולד חלב 100*5 גרם,שטראוס,IL,מארז שוקולד חלב,גרמים,500.00,100 גרם,false,0,24.90,4.98,true,1,
7290104729539,false,אנרג'י אגוזים+שוק.חלב6יח,שטראוס,IL,חטיפי אנרג'י,גרמים,180.00,100 גרם,false,0,17.90,9.94,true,1,
7290104961885,false,"מרכך קרטין נטורל 400 מ""ל",קוסמופארם,IL,מרכך קרטין,מיליליטרים,400.00,"100 מ""ל",false,0,30.00,7.50,true,1,
7290104962073,false,דאו.טיטניום,,IL,דאו.טיטניום,מיליליטרים,180.00,"100 מ""ל",false,0,19.70,10.94,true,1,
7290104964381,false,אמפולות נטורל פורמול40*4,קוסמופארם,IL,אמפלות נטורל,מיליליטרים,160.00,"100 מ""ל",false,1,49.90,31.19,true,1,
7290105360762,false,"שמן זית 1 עדין 750 מ""ל",יד מרדכי,IL,שמן זית 1 עדין,מיליליטרים,750.00,"100 מ""ל",false,0,39.90,5.32,true,1,
7290105366054,false,טחינה עם פטרוזיליה 400גר,שטראוס,IL,טחינה+פטרוזיליה,גרמים,400.00,100 גרם,false,0,16.90,4.23,true,1,
7290105366993,false,סימפוניה שיפקה חריף200,שטראוס,IL,סימפוניה פלפל,גרמים,200.00,100 גרם,false,0,12.40,6.20,true,1,
7290105368225,false,חומוס עם פלפל שיפקה 400ג,שטראוס,IL,חומוס עם פלפל,גרמים,400.00,100 גרם,false,0,11.90,2.98,true,1,
7290105368331,false,"מילקי בטעם תות 170 מ""ל",שטראוס,IL,מילקי טעם תות,מיליליטרים,170.00,"100 מ""ל",false,0,2.90,1.71,true,1,
7290105368904,false,"שמנת מתוקה 32% 250 מ""ל",יטבתה,IL,שמנת מתוקה32%,מיליליטרים,250.00,"100 מ""ל",false,0,7.80,3.12,true,1,
7290105368928,false,שמנת 9% יטבתה מהדרין200מ,יטבתה,IL,שמנת 9% יטבתה,מיליליטרים,200.00,"100 מ""ל",false,0,3.20,1.60,true,1,
7290105368959,false,פונץ בננה+פקק מהדרין250מ,יטבתה,IL,משקה פונץ' בננה,מיליליטרים,250.00,"100 מ""ל",false,0,5.60,2.24,true,1,
7290105369147,false,שוק.ספלנדיד פירות יער100,שטראוס,IL,שוקולד ספלנדיד,גרמים,100.00,100 גרם,false,0,12.50,12.50,true,1,
7290105434050,false,דאו. ספיד סטיק,,,דאו. ספיד סטיק,יחידה,1.00,יחידה,false,0,29.60,29.60,true,1,
7290105694775,false,טריקס פירות דגני תירס480,ג'נרל מילס,US,טריקס בטעם פירות,גרמים,480.00,100 גרם,false,0,28.90,6.02,true,1,
7290105694904,false,מרק פטריות רכיבים טבעיים,אסם,IL,מרק פטריות,גרמים,220.00,100 גרם,false,0,18.50,8.41,true,1,
7290105694928,false,מרק בצל רכיבים טבעיים220,אסם,IL,מרק בצל,גרמים,220.00,100 גרם,false,0,18.50,8.41,true,1,
7290105695994,false,"רוטב סויה טבעי 290 מ""ל",אסם,IL,רוטב סויה טבעי,מיליליטרים,290.00,"100 מ""ל",false,0,16.80,5.79,true,1,
7290105961525,false,שוק.ספלנדיד מריר85% 100ג,שטראוס,IL,שוקולד ספלנדיד,גרמים,100.00,100 גרם,false,0,12.50,12.50,true,1,
7290105962331,false,סחוג חריף מאוד זהבי220ג,זהבי הכרם,IL,סחוג חריף זהבי,גרמים,220.00,100 גרם,false,0,11.70,5.32,true,1,
7290105965738,false,דנונה לשתיה תות בננה267ג,שטראוס,IL,דנונה לשתיה,גרמים,267.00,100 גרם,false,0,5.30,1.99,true,1,
7290105968654,false,רביולי בטטה פרווה 400 גר,שטראוס,IL,רביולי בטטה 400ג,גרמים,400.00,100 גרם,false,0,21.70,5.43,true,1,
7290106506954,false,24 אולוויז רדיאנט נורמל,פרוקטר & גמבל,HU,אולוויז רדיאנט,יחידה,1.00,יחידה,false,1,39.90,39.90,true,1,
7290106520066,false,רבע לשבע 160 גרם,עלית,IL,רבע לשבע 160 גרם,גרמים,160.00,100 גרם,false,0,13.50,8.44,true,1,
7290106520288,false,דנונה פרו תות 150 גרם,שטראוס,IL,דנונה פרו תות,גרמים,150.00,100 גרם,false,1,4.90,3.27,true,1,
7290106520295,false,דנונה פרו לבן 2.9% 150גר,שטראוס,IL,דנונה פרו לבן,גרמים,150.00,100 גרם,false,1,4.90,3.27,true,1,
7290106520905,false,סלט טורקי 400 גרם,שטראוס,IL,סלט טורקי,גרמים,400.00,100 גרם,false,0,16.90,4.23,true,1,
7290106520912,false,"שמנת לבישול 9% 250 מ""ל",יטבתה,IL,שמנת לבישול 9%,מיליליטרים,250.00,"100 מ""ל",false,0,8.60,3.44,true,1,
7290106521049,false,סלט קוביות סלק 400 גרם,שטראוס,IL,סלט קוביות סלק,גרמים,400.00,100 גרם,false,0,16.90,4.23,true,1,
7290106525320,false,שוקולית לאפיה 500 גרם,עלית,IL,שוקולית לאפיה,גרמים,500.00,100 גרם,false,0,16.50,3.30,true,1,
7290106528949,false,לקט ערוגות שטראוס 450גרם,שטראוס,IL,לקט ערוגות,גרמים,450.00,100 גרם,false,0,13.90,3.09,true,1,
7290106570573,false,בונזור חלה מתוקה 500 גרם,אסם,IL,בונזור חלה מתוקה,גרמים,500.00,100 גרם,false,1,13.90,2.78,true,1,
7290106571037,false,מאגדת גומיגם 5יח,נסטלה,IL,מאגדת גומיגם,גרמים,450.00,100 גרם,false,0,31.10,6.91,true,1,
7290106572997,false,"קמח שמרים לפיצה 1 ק""ג",תחנת קמח המפרץ,IL,קמח שמרים לפיצה,קילוגרמים,1.00,"ק""ג",false,0,10.80,10.80,true,1,
7290106573024,false,סירופ אננס דיאט 1 ליטר,בית השיטה,IL,סירופ אננס דיאט,ליטרים,1.00,ליטר,false,0,11.90,11.90,true,1,
7290106573277,false,חט.קריספי טאפאס זיתים150,אסם,IL,חטיפי קריספי,גרמים,150.00,100 גרם,false,0,13.40,8.93,true,1,
7290106573598,false,חומוס לבנוני צבר 400 גרם,צבר,IL,חומוס לבנוני צבר,גרמים,400.00,100 גרם,false,0,12.50,3.13,true,1,
7290106573628,false,חומוס עם טחינה צבר 400גר,צבר,IL,חומוס עם טחינה,גרמים,400.00,100 גרם,false,0,12.50,3.13,true,1,
7290106573642,false,חומוס צנובר צבר 400 גרם,צבר,IL,חומוס צנובר,גרמים,400.00,100 גרם,false,0,12.60,3.15,true,1,
7290106573819,false,חומוס אבו גוש צבר 400 גר,צבר,IL,חומוס אבו גוש,גרמים,400.00,100 גרם,false,0,12.00,3.00,true,1,
7290106574953,false,בייגלה שטוחים שומשום300ג,אסם,IL,בייגלה שטוחים,גרמים,300.00,100 גרם,false,0,11.90,3.97,true,1,
7290106575011,false,פתיתים פלוס חיטה מלאה400,אסם,IL,פתיתים פלוס,גרמים,400.00,100 גרם,false,0,7.80,1.95,true,1,
7290106576391,false,צ'יפסי בטעם שמנת בצל50גר,אסם,IL,חטיף צ'יפסי,גרמים,50.00,100 גרם,false,0,3.50,7.00,true,1,
7290106576810,false,לה קרמריה צמחי ריבת,נסטלה,IL,לה קרמריה צמחי,ליטרים,1.40,ליטר,false,0,23.90,17.07,true,1,
7290106576834,false,לה קרמריה פונש בננה,נסטלה,IL,לה קרמריה,ליטרים,1.40,ליטר,false,0,23.90,17.07,true,1,
7290106576926,false,לה קרמריה שוקו וניל לייט,נסטלה,IL,לה קרמריה לייט,ליטרים,1.40,ליטר,false,0,23.90,17.07,true,1,
7290106576995,false,לה קרמריה תות מנגו לייט,נסטלה,IL,לה קרמריה לייט,ליטרים,1.40,ליטר,false,0,23.90,17.07,true,1,
7290106577480,false,חציל על האש בטחינה400גר,צבר,IL,חציל על האש צבר,גרמים,400.00,100 גרם,false,0,14.50,3.63,true,1,
7290106577503,false,חציל במיונז מרובע 400גרם,צבר,IL,חציל במיונז צבר,גרמים,400.00,100 גרם,false,0,13.50,3.38,true,1,
7290106577541,false,כרוב אדום מרובע צבר400ג,צבר,IL,כרוב אדום צבר,גרמים,400.00,100 גרם,false,0,13.40,3.35,true,1,
7290106577572,false,מטבוחה מרובע צבר 400 גרם,צבר,IL,מטבוחה צבר,גרמים,400.00,100 גרם,false,0,11.90,2.98,true,1,
7290106577701,false,בונזור רוגעלך 560 גרם,אסם,IL,בונזור רוגעלך,גרמים,560.00,100 גרם,false,1,23.90,4.27,true,1,
7290106578241,false,דובונים 100 גרם,אסם,IL,חטיף דובונים,גרמים,100.00,100 גרם,false,0,9.40,9.40,true,1,
7290106578821,false,עוגת שמרים שוקולד 350גרם,אסם,IL,עוגת שמרים,גרמים,350.00,100 גרם,false,0,18.50,5.29,true,1,
7290106653689,false,לקט לסלט אסייאתי 350גרם,שטראוס,IL,לקט לסלט אסייאתי,גרמים,350.00,100 גרם,false,1,10.90,3.11,true,1,
7290106654099,false,מילקי קייק 34*8 גרם,שטראוס,IL,מילקי קייק 8 יח',גרמים,272.00,100 גרם,false,1,20.90,7.68,true,1,
7290106654921,false,תפוציפס אקסטרא טבעי50ג,עלית,IL,תפוצ'יפס אקסטרא,גרמים,50.00,100 גרם,false,0,4.40,8.80,true,1,
7290106656727,false,חיוכים שוקולד 600 גרם,שטראוס,IL,חיוכים שוקולד,גרמים,600.00,100 גרם,false,0,18.70,3.12,true,1,
7290106657748,false,עדשים קנדי קראש חלבי80ג,שטראוס,IL,עדשים חלבי,גרמים,80.00,100 גרם,false,0,8.40,10.50,true,1,
7290106662223,false,"אפיפיות שוקולד לל""ג400ג",שטראוס,IL,אפיפיות לל.גלוטן,גרמים,400.00,100 גרם,false,1,14.90,3.73,true,1,
7290106663015,false,טורטית נשנושים 130 גרם,עלית,IL,טורטית נשנושים,גרמים,130.00,100 גרם,false,1,12.90,9.92,true,1,
7290106664548,false,רוטב שמנת4+גבינות9% 250מ,שטראוס,IL,רוטב שמנת גבינות,מיליליטרים,250.00,"100 מ""ל",false,1,11.30,4.52,true,1,
7290106664562,false,רוטב שמנת+פטריות 9% 200מ,שטראוס,IL,רוטב שמנת פטריות,מיליליטרים,250.00,"100 מ""ל",false,1,11.30,4.52,true,1,
7290106666399,false,חט.אנרג'י שוקולד חלב26*6,עלית,IL,חטיפי אנרג'י 6יח,גרמים,156.00,100 גרם,false,1,17.90,11.47,true,1,
7290106666412,false,חטיפי אנרגי שוק.מריר26*6,עלית,IL,חטיפי אנרג'י 6יח,גרמים,156.00,100 גרם,false,1,17.90,11.47,true,1,
7290106667266,false,דוריטוס חמוץ חריף 185גרם,עלית,IL,דוריטוס,גרמים,185.00,100 גרם,false,1,8.40,4.54,true,1,
7290106668713,false,דנונה פירות יער 3% 150גר,שטראוס,IL,דנונה פירות יער,גרמים,150.00,100 גרם,false,1,3.90,2.60,true,1,
7290106668737,false,דנונה לשתיה דיאט תות267ג,שטראוס,IL,דנונה לשתיה,גרמים,267.00,100 גרם,false,1,5.30,1.99,true,1,
7290106720329,false,נישנושי תירס משפחתי 600ג,שטראוס,IL,נישנושי תירס,גרמים,600.00,100 גרם,false,0,15.00,2.50,true,1,
7290106720626,false,ציטוס גבינה 80 גרם,שטראוס,IL,ציטוס גבינה,גרמים,80.00,100 גרם,false,1,5.40,6.75,true,1,
7290106723689,false,עלי תרד בייבי 200גרם,שטראוס,IL,עלי תרד בייבי,גרמים,200.00,100 גרם,false,0,11.90,5.95,true,1,
7290106726161,false,דנונה פרו אפרסק2.4% 150ג,שטראוס,IL,דנונה פרו אפרסק,גרמים,150.00,100 גרם,false,1,4.90,3.27,true,1,
7290106726178,false,דנונה פרו פירות יער150ג,שטראוס,IL,דנונה פרו פ.יער,גרמים,150.00,100 גרם,false,1,4.90,3.27,true,1,
7290106728127,false,חלב טבעי בקבוק3.6% 1ליטר,יטבתה,IL,חלב טבעי בקבוק,ליטרים,1.00,ליטר,false,1,7.90,7.90,true,1,
7290106729421,false,עוגת בראוניז טורטית380ג,שטראוס,IL,עוגת בראוניז,גרמים,380.00,100 גרם,false,1,18.50,4.87,true,1,
7290107280037,false,מגבונים לניקוי,,IL,מגבונים לניקוי,יחידה,1.00,יחידה,false,0,11.30,11.30,true,1,
7290107280747,false,"נוזל לכלים קלאסי 700מ""ל",סנו,IL,נוזל לכלים קלאסי,מיליליטרים,700.00,"100 מ""ל",false,0,11.80,1.69,true,1,
7290107644716,false,פינוק שמפו שמן קוקוס700מ,יוניליוור,IL,שמפו פינוק,מיליליטרים,700.00,"100 מ""ל",false,1,14.90,2.13,true,1,
7290107644907,false,שוקולד מריר מגנום 90 גרם,יוניליוור,GB,שוקולד מריר,גרמים,90.00,100 גרם,false,1,13.90,15.44,true,1,
7290107645591,false,מרק טעם עוף ר.טבעיים400ג,יוניליוור,IL,מרק טעם עוף,גרמים,400.00,100 גרם,false,1,19.50,4.88,true,1,
7290107645645,false,שוקולד מריר 100*5 גרם,יוניליוור,IL,שוקולד מריר 5 יח,גרמים,500.00,100 גרם,false,1,19.90,3.98,true,1,
7290107645706,false,ממרח קקאו קליק 350 גרם,יוניליוור,BE,ממרח קקאו קליק,גרמים,350.00,100 גרם,false,1,9.90,2.83,true,1,
7290107645713,false,ממרח פצפוצים קליק 350 גר,יוניליוור,BE,ממרח עם פצפוצים,גרמים,350.00,100 גרם,false,1,9.90,2.83,true,1,
7290107646055,false,מרק פטריות רכ.טבעיים400ג,יוניליוור,IL,מרק פטריות,גרמים,400.00,100 גרם,false,1,29.50,7.38,true,1,
7290107646994,false,שוקולד חלב תפוז מגנום90ג,יוניליוור,GB,שוקולד מגנום,גרמים,90.00,100 גרם,false,1,13.90,15.44,true,1,
7290107647076,false,קרמיסימו תותים ושוקולד ל,שטראוס,IL,גלידת קרמיסימו,גרמים,665.00,100 גרם,false,1,21.90,3.29,true,1,
7290107647243,false,דג דג גריל 180 גרם,יוניליוור,IL,דג דג גריל,גרמים,180.00,100 גרם,false,1,8.90,4.94,true,1,
7290107647816,false,"ברנפלקס ללת""ס 500 גרם",יוניליוור,IL,"ברנפלקס ללת""ס",גרמים,500.00,100 גרם,false,1,26.60,5.32,true,1,
7290107873062,false,פתי בר שוקולד מריר500גרם,אסם,IL,פתיבר שוקולד,גרמים,500.00,100 גרם,false,1,12.00,2.40,true,1,
7290107873239,false,פתי בר קרמל 500גרם,אסם,IL,פתיבר קרמל,גרמים,500.00,100 גרם,false,1,12.00,2.40,true,1,
7290107932080,false,חלב מועשר3% בקבוק 1ליטר,יטבתה,IL,חלב מועשר 3%,ליטרים,1.00,ליטר,false,1,7.90,7.90,true,1,
7290107932127,false,חלב מועשר2% בקבוק 1ליטר,יטבתה,IL,חלב מועשר 2%,ליטרים,1.00,ליטר,false,1,7.90,7.90,true,1,
7290107932134,false,חלב מועשר1% בקבוק 1ליטר,יטבתה,IL,חלב מועשר 1%,ליטרים,1.00,ליטר,false,1,7.90,7.90,true,1,
7290107932233,false,שוק.אקסטרה צימוק+אגוז100,שטראוס,IL,שוקולד אקסטרה,גרמים,100.00,100 גרם,false,1,7.10,7.10,true,1,
7290107932875,false,מאסט לימונענע מגדים 28גר,שטראוס,IL,מאסט לימונענע,גרמים,28.00,100 גרם,false,1,4.60,16.43,true,1,
7290107933193,false,סלק מבושל 500גרם,שטראוס,IL,סלק מבושל 500גרם,גרמים,500.00,100 גרם,false,1,9.90,1.98,true,1,
7290107933315,false,חלב דל לקטוז בקבוק2% 1ל,יטבתה,IL,חלבדל לקטוז 2%,ליטרים,1.00,ליטר,false,1,7.90,7.90,true,1,
7290107934473,false,דנונה אקטיביה1.5% 150*8מ,שטראוס,IL,אקטביה 1.5% 8 יח,ליטרים,1.20,ליטר,false,1,21.50,17.92,true,1,
7290107934480,false,דנונה אקטיביה 3% 150*8מ,שטראוס,IL,אקטביה 3% 8 יח,ליטרים,1.20,ליטר,false,1,21.50,17.92,true,1,
7290107936309,false,דנונה יווני לבן 7% 130גר,שטראוס,IL,דנונה יווני,גרמים,130.00,100 גרם,false,1,3.50,2.69,true,1,
7290107936460,false,דנכול בטעם מעודן 100*8גר,שטראוס,IL,דנכול מעודן 8 יח,גרמים,800.00,100 גרם,false,1,30.50,3.81,true,1,
7290107936958,false,עד חצות אצבעות 125 גרם,עלית,IL,עד חצות אצבעות,גרמים,125.00,100 גרם,false,1,12.90,10.32,true,1,
7290107936965,false,עד חצות עיגולים 225 גרם,עלית,IL,עד חצות עיגולים,גרמים,230.00,100 גרם,false,1,14.80,6.43,true,1,
7290107938396,false,"אקטימל תותדיסני 100*8מ""ל",שטראוס,IL,אקטימל תות 8יח',מיליליטרים,800.00,"100 מ""ל",false,1,22.70,2.84,true,1,
7290107939942,false,דנ.פרו טריפל זרו אננס150,שטראוס,IL,דנונה פרו,גרמים,150.00,100 גרם,false,1,4.90,3.27,true,1,
7290107939959,false,דנ.פרו טריפל זירו תות150,שטראוס,IL,דנונה פרו,גרמים,150.00,100 גרם,false,1,4.90,3.27,true,1,
7290107939966,false,דנונה פרו לבן 0% 150 גרם,שטראוס,IL,דנונה פרו,גרמים,150.00,100 גרם,false,1,4.90,3.27,true,1,
7290107940252,false,השוקו שלי ללא תוס.סוכר1ל,שטראוס,IL,השוקו שלי,ליטרים,1.00,ליטר,false,1,12.00,12.00,true,1,
7290107940450,false,אקטיביה 0% 200 גרם,שטראוס,IL,אקטיביה 0%,גרמים,200.00,100 גרם,false,1,4.20,2.10,true,1,
7290107940467,false,אקטיביה 1.5% 200 גרם,שטראוס,IL,אקטיביה 1.5%,גרמים,200.00,100 גרם,false,1,4.20,2.10,true,1,
7290107941259,false,עדשים ירוקות מבושלות 475,שטראוס,ES,עדשים ירוקות,גרמים,475.00,100 גרם,false,1,12.90,2.72,true,1,
7290107941266,false,שעועית אדומה מבושלת 475ג,שטראוס,ES,שעועית אדומה,גרמים,475.00,100 גרם,false,1,14.90,3.14,true,1,
7290107941273,false,חומוס מבושל 475גרם,הורקסה לס לגונס,ES,חומוס מבושל,גרמים,475.00,100 גרם,false,1,12.90,2.72,true,1,
7290107942249,false,מעדן ספלנדיד שוק.לבן130ג,שטראוס,IL,מעדן ספלנדיד,גרמים,130.00,100 גרם,false,1,3.40,2.62,true,1,
7290107942324,false,מילקי שוקולד עשיר133גרם,שטראוס,IL,מילקי שוקולד,גרמים,133.00,100 גרם,false,1,4.00,3.01,true,1,
7290107943192,false,שמנת חמוצ.מהערבה27% 200מ,יטבתה,IL,שמנת חמוצה 27%,מיליליטרים,200.00,"100 מ""ל",false,1,4.20,2.10,true,1,
7290107944410,false,חלב מועשר 1% יטבתה כד 2ל,יטבתה,IL,חלב מועשר בכד,ליטרים,2.00,ליטר,false,1,15.60,7.80,true,1,
7290107944472,false,סימפוניה שום שמיר5% 200ג,שטראוס,IL,גבינת סימפוניה,גרמים,200.00,100 גרם,false,1,12.40,6.20,true,1,
7290107945295,false,השוקו שלי בקבוקונ150*6מל,יטבתה,IL,השוקו שלי 6 יח,מיליליטרים,900.00,"100 מ""ל",false,1,12.90,1.43,true,1,
7290107946704,false,דנונה זירו פ.יער0% 150גר,שטראוס,IL,דנונה טריפל זירו,גרמים,150.00,100 גרם,false,1,4.90,3.27,true,1,
7290107950527,false,סימפוניה9% קרם שמנת 200ג,שטראוס,IL,גבינת סימפוניה,גרמים,200.00,100 גרם,false,1,12.40,6.20,true,1,
7290107951395,false,משקה פרו וניל יטבתה250מ,יטבתה,IL,משקה פרו וניל,מיליליטרים,250.00,"100 מ""ל",false,1,5.50,2.20,true,1,
7290107951401,false,משקה פרו קפה יטבתה250מ,יטבתה,IL,משקה פרו קפה,מיליליטרים,250.00,"100 מ""ל",false,1,5.50,2.20,true,1,
7290107951494,false,ספלנדיד טרמיסו משפחתי500,שטראוס,IL,ספלנדיד טרמיסו,גרמים,500.00,100 גרם,false,1,29.90,5.98,true,1,
7290107951623,false,שוק.בלונדי קרמל ומלח100ג,שטראוס,IL,שוקולד בלונדי,גרמים,100.00,100 גרם,false,1,8.10,8.10,true,1,
7290107951630,false,שוק.בלונדי שבבי קוקוס100,שטראוס,IL,שוקולד בלונדי,גרמים,100.00,100 גרם,false,1,8.10,8.10,true,1,
7290107951715,false,מסטיק קוביות ענבים צנצ58,אסקום קונפקשיין,DE,מסטיק קוביות,גרמים,58.00,100 גרם,false,1,11.50,19.83,true,1,
7290107954457,false,בראוניז פסק זמן 380 גרם,שטראוס,IL,בראוניז פסק זמן,גרמים,380.00,100 גרם,false,1,18.50,4.87,true,1,
7290107954488,false,חלב עמיד 3% יטבתה 1 ליטר,יטבתה,IL,חלב עמיד 3%,ליטרים,1.00,ליטר,false,1,7.60,7.60,true,1,
7290107956529,false,דנונה פרו לבן 700 גרם,שטראוס,IL,דנונה פרו לבן,גרמים,700.00,100 גרם,false,1,20.90,2.99,true,1,
7290107956666,false,מסטיק באבלמינט לארג80'ג,אסקום קונפקשיין,DE,מסטיק מאסט,גרמים,80.00,100 גרם,false,1,15.90,19.88,true,1,
7290107957731,false,דנונה ביו 3% שומן 700 גר,שטראוס,IL,דנונה ביו 3%,גרמים,700.00,100 גרם,false,1,12.90,1.84,true,1,
7290107957779,false,"דניאלה בטעם אפרסק 150מ""ל",שטראוס,IL,דניאלה אפרסק,מיליליטרים,150.00,"100 מ""ל",false,1,4.30,2.87,true,1,
7290107957885,false,גמדים תות בננה ל.סוכר4יח,שטראוס,IL,גמדים מארז 4יח,גרמים,400.00,100 גרם,false,1,11.90,2.98,true,1,
7290107957953,false,דנונה פרו משקה תות 250גר,שטראוס,IL,דנונה פרו משקה,גרמים,250.00,100 גרם,false,1,6.90,2.76,true,1,
7290107957977,false,דנונה פרו משקה פ.יער250ג,שטראוס,IL,דנונה פרו משקה,גרמים,250.00,100 גרם,false,1,6.90,2.76,true,1,
7290107958035,false,דנונה מתיקות מעודנת150*8,שטראוס,IL,דנונה מעודן 8 יח,קילוגרמים,1.20,"ק""ג",false,1,19.30,16.08,true,1,
7290107958103,false,אקטיביה חלב מלא אפרסק150,שטראוס,IL,אקטיביה אפרסק,גרמים,150.00,100 גרם,false,1,4.70,3.13,true,1,
7290107958639,false,מטבוחה מרוקאית חריפה400ג,שטראוס,IL,מטבוחה,גרמים,400.00,100 גרם,false,1,16.90,4.23,true,1,
7290107958714,false,"סלט תפו""א במיונז400גרם",שטראוס,IL,"סלט תפו""א מיונז",גרמים,400.00,100 גרם,false,1,16.90,4.23,true,1,
7290107974844,false,פריכיות אורז כוסמת 90גרם,מנה,IL,פריכיות אורז,גרמים,90.00,100 גרם,false,1,9.90,11.00,true,1,
7290107976725,false,"רוטב סויה דל נתרן 620מ""ל",מסוונג רונרוג,TH,רוטב סויה,מיליליטרים,620.00,"100 מ""ל",false,1,16.90,2.73,true,1,
7290107978323,false,איטריות דקיקות 400 גרם,פי.פי.איג' ארטלקס,PL,איטריות דקיקות,גרמים,400.00,100 גרם,false,1,6.90,1.73,true,1,
7290108200225,false,גולד אבקה להסרת כתמים470,רקיט בנקיזר,IT,וניש גולד אבקה,גרמים,470.00,100 גרם,false,1,22.60,4.81,true,1,
7290108201437,false,"אבקת כביסה קולון 2.5 ק""ג",רקיט בנקיזר,IL,אבקת כביסה קולון,קילוגרמים,2.50,"ק""ג",false,1,25.90,10.36,true,1,
7290108350128,false,40שק.אשפה חזקות אקסטרה,סנו,IL,שקיות אשפה,יחידה,1.00,יחידה,false,1,29.60,29.60,true,1,
7290108350258,false,נייר טואלט סנו סופט 12גל,סנו,IL,נייר טואלט סופט,מטרים,662.00,100 מטר,false,1,33.90,5.12,true,1,
7290108350531,false,ספארק לכלים קלאסי+משאבה,סנו,IL,ספארק לכלים,ליטרים,1.00,ליטר,false,1,12.90,12.90,true,1,
7290108351613,false,ריצפז פרש הום בית מלון2ל,סנו,IL,ריצפז פרש הום,ליטרים,2.00,ליטר,false,1,21.20,10.60,true,1,
7290108352672,false,מטליות לרצפה סנו סושי2יח,,CN,מטליות לרצפה 2יח,יחידה,1.00,יחידה,false,1,19.90,19.90,true,1,
7290108501346,false,גב.גאודה מגורדת 28% 500ג,איווארצ'יז,NL,גאודה מגורדת,גרמים,500.00,100 גרם,false,1,26.90,5.38,true,1,
7290108501391,false,גבינת עיזים פרוסות 150גר,היחוס דה סאלבאדור,ES,גבינת עיזים פרוס,גרמים,150.00,100 גרם,false,1,24.90,16.60,true,1,
7290108501445,false,חמאה צרפתית מליחות קל250,ליתא,FR,חמאה צרפתית,גרמים,250.00,100 גרם,false,1,19.90,7.96,true,1,
7290109351025,false,חומוסטחינה צבר 400 גרם,צבר,IL,חומוסטחינה צבר,גרמים,400.00,100 גרם,false,1,14.20,3.55,true,1,
7290109355160,false,לה פרוטה משפחתיבננה 680,נסטלה,IL,לה פרוטה,מיליליטרים,680.00,"100 מ""ל",false,1,24.90,3.66,true,1,
7290109355207,false,לה פרוטה משפחתי אננס 680,נסטלה,IL,לה פרוטה,מיליליטרים,680.00,"100 מ""ל",false,1,24.90,3.66,true,1,
7290109357485,false,קריספי ברוסקטה בזיליק120,אסם,IL,קריספי ברוסקטה,גרמים,120.00,100 גרם,false,1,9.30,7.75,true,1,
7290109358284,false,שניצל תירס עם חלבון 664,אסם,IL,שניצל תירס,גרמים,664.00,100 גרם,false,1,31.90,4.80,true,1,
7290109358765,false,קראנץ' רולס 450 גרם,אסם,IL,קראנץ' רולס,גרמים,450.00,100 גרם,false,1,27.90,6.20,true,1,
7290110110321,false,"בירה טובורג 330*4 מ""ל",מבשלות בירה בינלאומיות,IL,בירה טובורג 4 יח,ליטרים,1.32,ליטר,false,1,29.90,22.65,true,1,
7290110110611,false,ספרייט ליים 1.5 ליטר,החברה המרכזית,IL,ספרייט ליים,ליטרים,1.50,ליטר,false,1,6.90,4.60,true,1,
7290110320317,false,קרם פרש 30% השף הלבן200ג,תנובה,IL,קרם פרש 30%,גרמים,200.00,100 גרם,false,1,7.20,3.60,true,1,
7290110320591,false,בולגרית16%במרקם מעודן250,תנובה,IL,גבינה בולגרית,גרמים,250.00,100 גרם,false,1,22.90,9.16,true,1,
7290110320607,false,פיראוס גבינת שמנת25% 225,תנובה,IL,גבינת שמנת,גרמים,225.00,100 גרם,false,1,14.90,6.62,true,1,
7290110320614,false,משקה דיאט יופלה תות 250ג,תנובה,IL,משקה דיאט יופלה,גרמים,250.00,100 גרם,false,1,5.90,2.36,true,1,
7290110320683,false,משקה יוגורט תות 107*8ג,תנובה,IL,משקה יוגורט 8 יח,גרמים,856.00,100 גרם,false,1,17.20,2.01,true,1,
7290110320737,false,מלית לבלינצ'ס 4% 250 גרם,תנובה,IL,מלית לבלינצ'ס,גרמים,250.00,100 גרם,false,1,7.50,3.00,true,1,
7290110320850,false,פתיתי עמק 28% 200 גרם,תנובה,IL,פתיתי עמק,גרמים,200.00,100 גרם,false,1,15.90,7.95,true,1,
7290110320867,false,פתיתי עמק 28% 500גרם,תנובה,IL,פתיתי עמק,גרמים,500.00,100 גרם,false,1,35.00,7.00,true,1,
7290110320881,false,משקה חלבון אשכול/אננס250,תנובה,IL,משקה מועשר חלבון,גרמים,250.00,100 גרם,false,1,6.40,2.56,true,1,
7290110320935,false,פרוסות מוצרלה 150 גרם,תנובה,IL,פרוסות מוצרלה,גרמים,150.00,100 גרם,false,1,18.90,12.60,true,1,
7290110321048,false,יופלהGO מתיקות מעודנ200ג,תנובה,IL,יופלה GO יוגורט,גרמים,200.00,100 גרם,false,1,6.30,3.15,true,1,
7290110321222,false,יולו שוק.לבן פטיסייר123ג,תנובה,IL,יולו קרם פטיסייר,גרמים,123.00,100 גרם,false,1,4.80,3.90,true,1,
7290110321277,false,קוטג' בקטנה 5% 100 גרם,תנובה,IL,קוטג' בקטנה 5%,גרמים,100.00,100 גרם,false,1,2.70,2.70,true,1,
7290110321284,false,קוטג' בקטנה 9% 100 גרם,תנובה,IL,קוטג' בקטנה 9%,גרמים,100.00,100 גרם,false,1,2.70,2.70,true,1,
7290110321697,false,יופלה GO אפרסק 200 גרם,תנובה,IL,יופלה GO יוגורט,גרמים,200.00,100 גרם,false,1,6.70,3.35,true,1,
7290110321826,false,קוטג' תנובה 7% 250 גרם,תנובה,IL,קוטג תנובה 7%,גרמים,250.00,100 גרם,false,1,5.70,2.28,true,1,
7290110560195,false,"אקטימל אפרסק 8 * 100 מ""ל",שטראוס,IL,אקטימל אפרסק 8יח,מיליליטרים,800.00,"100 מ""ל",false,1,22.70,2.84,true,1,
7290110560706,false,סימפוניה ק.שמנת9%שום200ג,שטראוס,IL,גבינת סימפוניה,גרמים,200.00,100 גרם,false,1,12.40,6.20,true,1,
7290110560751,false,סימפונ9% ק.שמנת 200פלפל,שטראוס,IL,גבינת סימפוניה,גרמים,200.00,100 גרם,false,1,12.40,6.20,true,1,
7290110560829,false,מילקי בטעם טורטית 133 גר,שטראוס,IL,מילקי טעם טורטית,גרמים,133.00,100 גרם,false,1,2.90,2.18,true,1,
7290110560836,false,מילקי בטעם פסק זמן 133 ג,שטראוס,IL,מילקי פסק זמן,גרמים,133.00,100 גרם,false,1,2.90,2.18,true,1,
7290110561024,false,מילקי מוס תותים 81 גרם,שטראוס,IL,מילקי מוס,גרמים,81.00,100 גרם,false,1,3.70,4.57,true,1,
7290110561406,false,דניאלה וניל+שכבות תות150,שטראוס,IL,דניאלה וניל,מיליליטרים,150.00,"100 מ""ל",false,1,4.30,2.87,true,1,
7290110561413,false,"דניאלה וניל+אננס 150מ""ל",שטראוס,IL,דניאלה וניל,מיליליטרים,150.00,"100 מ""ל",false,1,4.30,2.87,true,1,
7290110561543,false,פרו טריפל זירו וניל 150ג,שטראוס,IL,דנונה פרו,גרמים,150.00,100 גרם,false,1,4.90,3.27,true,1,
7290110561598,false,דנונה זירו אפרסק 0% 150ג,שטראוס,IL,דנונה טריפל זירו,גרמים,150.00,100 גרם,false,1,4.90,3.27,true,1,
7290110561604,false,גמדים תות בננה 100*8 גרם,שטראוס,IL,גמדים תות בננה8י,גרמים,800.00,100 גרם,false,1,18.90,2.36,true,1,
7290110563486,false,חלבPRO מועשר בחלבון2% 1ל,יטבתה,IL,חלב PRO יטבתה,ליטרים,1.00,ליטר,false,1,10.80,10.80,true,1,
7290110563493,false,רוטב שמנת חריף+פלפ9% 250,שטראוס,IL,רוטב שמנת,מיליליטרים,250.00,"100 מ""ל",false,1,11.30,4.52,true,1,
7290110563905,false,"פסק זמן ללת""ס 3 * 45 גרם",שטראוס,IL,פסק זמן 3 יח,גרמים,135.00,100 גרם,false,1,15.90,11.78,true,1,
7290110564391,false,חומוס עשיר ב30% טחינה400,שטראוס,IL,חומוס בטחינה,גרמים,400.00,100 גרם,false,1,15.20,3.80,true,1,
7290110564698,false,רוטב שמנת+תרד 13.5% 250מ,שטראוס,IL,רוטב שמנת,מיליליטרים,250.00,"100 מ""ל",false,1,11.30,4.52,true,1,
7290110564841,false,משקה פרו שוקו יטבתה250מ,יטבתה,IL,משקה פרו שוקו,מיליליטרים,250.00,"100 מ""ל",false,1,5.50,2.20,true,1,
7290110565497,false,משקה פרו קפה ללא סוכר250,יטבתה,IL,משקה פרו וניל,מיליליטרים,250.00,"100 מ""ל",false,1,5.50,2.20,true,1,
7290110565541,false,קפה נמס+כוס קשית200ג,שטראוס,IL,קפה נמס מארז,יחידה,1.00,יחידה,false,1,21.90,21.90,true,1,
7290111350030,false,"רסק תפו""ע טבעי צנצנת670ג",טעמי הגליל,IL,"רסק תפו""ע טבעי",גרמים,670.00,100 גרם,false,1,11.90,1.78,true,1,
7290111560583,false,"קמח תופח30%+ח.מלאה 1 ק""ג",אסם,IL,קמח תופח פלוס,קילוגרמים,1.00,"ק""ג",false,1,11.90,11.90,true,1,
7290111562716,false,ביסקוויט פתי בר פלוס500ג,אסם,IL,ביסקוויט פתי בר,גרמים,500.00,100 גרם,false,1,12.00,2.40,true,1,
7290111563140,false,חומוס סמיר הגדול מגדל600,צבר,IL,חומוס צבר,גרמים,600.00,100 גרם,false,1,14.20,2.37,true,1,
7290111563393,false,חומוס סמיר הגדול חריף400,צבר,IL,חומוס צבר,גרמים,400.00,100 גרם,false,1,14.20,3.55,true,1,
7290111563416,false,טחינה פיקנ.מלך החומוס400,צבר,IL,טחינה צבר,גרמים,400.00,100 גרם,false,1,14.20,3.55,true,1,
7290111564192,false,להפרוטה משפחתית מנגו 470,נסטלה,IL,להפרוטה משפחתי מ,גרמים,470.00,100 גרם,false,1,24.90,5.30,true,1,
7290111564215,false,להפרוטה משפחתית קוקוס אנ,נסטלה,IL,להפרוטה משפחתית,גרמים,490.00,100 גרם,false,1,24.90,5.08,true,1,
7290111564253,false,פסטה צינורות פלוס 400גרם,אסם,IL,פסטה צינורות,גרמים,400.00,100 גרם,false,1,6.50,1.63,true,1,
7290111564819,false,אח של ביסלי מעושן 70 גרם,אסם,IL,אח של ביסלי,גרמים,70.00,100 גרם,false,1,4.50,6.43,true,1,
7290111565007,false,מרק עוף אמיתי33%דל נתרן,אסם,IL,מרק עוף אמיתי33%,גרמים,300.00,100 גרם,false,1,27.90,9.30,true,1,
7290111565052,false,מאגדת להפרוטה תותיוגורט,נסטלה,IL,מאגדתלהפרוטהתות,גרמים,300.00,100 גרם,false,1,27.90,9.30,true,1,
7290111565335,false,לחמית זיתים 170 גרם,אסם,IL,לחמית זיתים,גרמים,170.00,100 גרם,false,1,11.60,6.82,true,1,
7290111565922,false,פנה פלוס 50%יותר חלבו400,אסם,IL,פנה פלוס,גרמים,400.00,100 גרם,false,1,6.50,1.63,true,1,
7290111565946,false,ספגטי פלוס 50%חלבון400ג,אסם,IL,ספגטי פלוס,גרמים,400.00,100 גרם,false,1,6.50,1.63,true,1,
7290111566226,false,שניצל ברוקולי טבעול 564,טבעול,IL,שניצל ברוקולי,גרמים,564.00,100 גרם,false,1,34.90,6.19,true,1,
7290111566752,false,שניצל תירס 99 קלוריות 69,טבעול,IL,שניצל תירס 99,גרמים,693.00,100 גרם,false,1,34.90,5.04,true,1,
7290111567179,false,מאגדת שעת סיפור 300 גרם,נסטלה,IL,מאגדת שעת סיפור,גרמים,300.00,100 גרם,false,1,27.90,9.30,true,1,
7290111932052,false,פודינג וניל מאסטר שף80ג,רוף לבנסמיטל,DE,פודינג וניל,גרמים,80.00,100 גרם,false,1,5.90,7.38,true,1,
7296073005896,false,חיטה שופרסל 500 גרם,מיה,IL,חיטה שופרסל,גרמים,500.00,100 גרם,false,0,5.90,1.18,true,1,
7296073005919,false,עדשים ירוקות שופרסל500ג,מיה,IL,עדשים ירוקות,גרמים,500.00,100 גרם,false,0,6.50,1.30,true,1,
7296073005926,false,עדשים אדומות שופרסל500גר,מיה,IL,עדשים אדומות,גרמים,500.00,100 גרם,false,0,6.50,1.30,true,1,
7296073006015,false,"חומוס גדול שופרסל 1 ק""ג",מיה,IL,חומוס גדול,קילוגרמים,1.00,"ק""ג",false,0,11.60,11.60,true,1,
7296073006114,false,"עדשים ירוקות שופרסל 1ק""ג",מיה,IL,עדשים ירוקות,קילוגרמים,1.00,"ק""ג",false,0,11.80,11.80,true,1,
7296073006411,false,מלפ.במלח 10-12שופרסל560ג,בני דרום,IL,מלפפון במלח12-,גרמים,560.00,100 גרם,false,0,8.00,1.43,true,1,
7296073011224,false,פסטה פוסילי36שופר 500גרם,שופרסל,IL,פסטה פוסילי,גרמים,500.00,100 גרם,false,0,4.90,0.98,true,1,
7296073011248,false,פסטה פרפלה מס57שופרסל500,שופרסל,IT,פסטה פרפלה,גרמים,500.00,100 גרם,false,0,4.90,0.98,true,1,
7296073020356,false,150כוס שתייה קרה בייסיק,שופרסל,,כוס שתיה,יחידה,1.00,יחידה,false,0,8.90,8.90,true,1,
7296073020370,false,צלחות גדולות שופרסל 100,שופרסל,IL,"צלחות ח""פ גדולות",יחידה,1.00,יחידה,false,0,16.90,16.90,true,1,
7296073020936,false,פטריות חתוכות שופרסל400ג,פרוצ'אמפ,NL,פטריות חתוכות,גרמים,400.00,100 גרם,false,0,4.60,1.15,true,1,
7296073021568,false,"קמח לבן שופרסל 1 ק""ג",שופרסל,IL,קמח לבן,קילוגרמים,1.00,"ק""ג",false,0,3.80,3.80,true,1,
7296073021575,false,"קמח תופח שופרסל 1 ק""ג",שופרסל,IL,קמח תופח מאיליו,קילוגרמים,1.00,"ק""ג",false,0,6.70,6.70,true,1,
7296073033752,false,שמן קנולה שופרסל 1 ליטר,NV AOR,BE,שמן קנולה 1 ל',ליטרים,1.00,ליטר,false,0,7.90,7.90,true,1,
7296073048954,false,אורז לבן עגול שופרסל 1קג,מיה,IL,אורז לבן עגול,קילוגרמים,1.00,"ק""ג",false,0,8.40,8.40,true,1,
7296073048978,false,קרוטונים לסלט שופרסל400ג,שופרסל,IL,קרוטונים לסלט,גרמים,400.00,100 גרם,false,0,16.80,4.20,true,1,
7296073049654,false,טבעות זיתים ירוקים 560גר,שופרסל,IL,טבעות זיתים,גרמים,560.00,100 גרם,false,0,9.60,1.71,true,1,
7296073053743,false,פסטה קונקיליוני39 שופרסל,שופרסל,IT,פסטה קונקיליוני,גרמים,500.00,100 גרם,false,0,4.90,0.98,true,1,
7296073053767,false,דפי לזניה שופרסל 500 גרם,שופרסל,IT,דפי לזניה,גרמים,500.00,100 גרם,false,0,13.90,2.78,true,1,
7296073058984,false,גרנולה קראנץ פירות+אג400,בריגן קי. ג'י,DE,גרנולה קראנץ,גרמים,400.00,100 גרם,false,0,16.90,4.23,true,1,
7296073058991,false,מוזלי שופרסל 500 גרם,בריגן קי ג'י,DE,מוזלי שופרסל,גרמים,500.00,100 גרם,false,0,16.90,3.38,true,1,
7296073059059,false,ברנפלקס שופרסל 500 גרם,בריגן קי. ג'י,DE,ברנפלקס שופרסל,גרמים,500.00,100 גרם,false,0,17.70,3.54,true,1,
7296073059097,false,25 מגבונים להסרת איפור,שופרסל,IL,מגבונים לאיפור,יחידה,1.00,יחידה,false,0,9.90,9.90,true,1,
7296073066330,false,חלווה מעודנת שופרסל 400ג,"אחדות בע""מ א.ת. ברקן",IL,חלווה מעודנת,גרמים,400.00,100 גרם,false,0,14.10,3.53,true,1,
7296073066347,false,חלווה מסולסלת שופרסל250ג,"אחדות בע""מ א.ת. ברקן",IL,חלווה מסולסלת,גרמים,250.00,100 גרם,false,0,14.10,5.64,true,1,
7296073066354,false,חטיפי חלווה שופרסל 250 ג,"אחדות בע""מ א.ת. ברקן",IL,חטיפי חלווה,גרמים,250.00,100 גרם,false,0,11.20,4.48,true,1,
7296073074441,false,פתי בר שוקו גדול שופר500,שופרסל,IL,פתי בר שוקו,גרמים,500.00,100 גרם,false,0,9.50,1.90,true,1,
7296073078555,false,בצק עלים שופרסל 1קג,שופרסל,IL,בצק עלים 1קג,קילוגרמים,1.00,"ק""ג",false,0,15.80,15.80,true,1,
7296073078975,false,פריכיות אורז מלא שופר100,שופרסל,IL,פריכיות אורז,גרמים,100.00,100 גרם,false,0,6.80,6.80,true,1,
7296073079040,false,פריכיות זעתר שופרסל 50גר,שופרסל,IL,פריכיות אורז,גרמים,50.00,100 גרם,false,0,8.50,17.00,true,1,
7296073079866,false,עגבניות מרוסקות שופר800ג,פריניר,IL,עגבניות מרוסקות,גרמים,800.00,100 גרם,false,0,6.80,0.85,true,1,
7296073080343,false,חצאי אפרסק שופרסל 820גרם,Pavlides,GR,לפתן אפרסקים,גרמים,820.00,100 גרם,false,0,7.50,0.91,true,1,
7296073080510,false,חומוס שלם שופרסל 560 גרם,פרי גליל,IL,חומוס שלם,גרמים,560.00,100 גרם,false,0,6.10,1.09,true,1,
7296073080534,false,תירס מתוק שופרסל 550 גרם,פרי גליל,IL,תירס גרעינים,גרמים,550.00,100 גרם,false,0,6.30,1.15,true,1,
7296073080558,false,תירס לייט שופרסל 550 גרם,פרי גליל,IL,תירס לייט,גרמים,550.00,100 גרם,false,0,7.50,1.36,true,1,
7296073081449,false,פירורי לחם מוזהב שופר200,שופרסל,IL,פירורי לחם,גרמים,200.00,100 גרם,false,0,4.20,2.10,true,1,
7296073081456,false,פירורי לחם לבן שופרסל200,שופרסל,IL,פירורי לחם לבן,גרמים,200.00,100 גרם,false,0,5.40,2.70,true,1,
7296073081487,false,ציפוי לשניצל פיקנטי 400ג,שופרסל,IL,ציפוי לשניצל,גרמים,400.00,100 גרם,false,0,8.90,2.23,true,1,
7296073081579,false,צמר גפן נתלש שופרסל100גר,שופרסל,IL,צמר גפן נתלש,גרמים,100.00,100 גרם,false,0,5.50,5.50,true,1,
7296073087250,false,קונפ.אוכמניות שופרסל370ג,LTD 99 CIMA,BG,קונפ.אוכמניות,גרמים,370.00,100 גרם,false,0,13.50,3.65,true,1,
7296073091394,false,גרעין לבן קלוי400גשופרסל,ששון,IL,גרעין לבן קלוי,גרמים,400.00,100 גרם,false,0,21.90,5.48,true,1,
7296073091417,false,בוטן קלוי בקליפה400שופרס,ששון,IL,בוטן קלוי בקליפה,גרמים,400.00,100 גרם,false,0,16.80,4.20,true,1,
7296073091493,false,גרעין שחור קלוי200גשופרס,ששון,IL,גרעין שחור קלוי,גרמים,200.00,100 גרם,false,0,7.80,3.90,true,1,
7296073091523,false,משמש מיובש400ג שופרסל,ששון,IL,משמש מיובש,גרמים,400.00,100 גרם,false,0,19.90,4.98,true,1,
7296073091530,false,שזיף מיובש 400ג שופרסל,ששון,IL,שזיף מיובש,גרמים,400.00,100 גרם,false,0,23.90,5.98,true,1,
7296073091585,false,שקד קלוף טבעי200ג שופרסל,ששון,IL,שקד קלוף טבעי,גרמים,200.00,100 גרם,false,0,18.90,9.45,true,1,
7296073091608,false,קשיו טבעי 200ג שופרסל,ששון,IL,אגוזי קשיו טבעי,גרמים,200.00,100 גרם,false,0,23.90,11.95,true,1,
7296073094463,false,חלווה שיש שופרסל 400 גרם,"אחדות בע""מ א.ת. ברקן",IL,חלווה שיש,גרמים,400.00,100 גרם,false,0,14.10,3.53,true,1,
7296073103813,false,תפוח אדמה לבן ארוז,שופרסל,IL,"תפו""א לבן ארוז",קילוגרמים,0.00,"ק""ג",true,0,4.90,4.90,true,1,
7296073103820,false,תפוח אדמה לטיגון ארוז,שופרסל,IL,"תפו""א לטיגון",קילוגרמים,0.00,"ק""ג",true,0,5.90,5.90,true,1,
7296073103844,false,תפוח אדמה למיקרו,קטיף,IL,"תפו""א למיקרו",יחידה,1.00,יחידה,false,0,6.90,6.90,true,1,
7296073106081,false,טריקולור פרפלה שופר500.ג,שופרסל,IT,טריקולור פרפלה,גרמים,500.00,100 גרם,false,0,6.80,1.36,true,1,
7296073106098,false,פריכיות דק.כוסמת שופר100,שופרסל,IL,פריכיות כוסמת,גרמים,100.00,100 גרם,false,0,7.40,7.40,true,1,
7296073107392,false,גרנולה צימוק שקד תפוח400,בריגן קי ג'י,DE,גרנולה שופרסל,גרמים,400.00,100 גרם,false,0,16.90,4.23,true,1,
7296073108245,false,עלי תרד בייבי שטופים200ג,פרסקו,IL,עלי תרד בייבי,גרמים,200.00,100 גרם,false,0,9.90,4.95,true,1,
7296073108252,false,עלי בייבי שטופים 110גרם,פרסקו,IL,עלי בייבי שטופים,גרמים,110.00,100 גרם,false,0,9.50,8.64,true,1,
7296073108269,false,חסה ערבית שטופה250גרם,פרסקו,IL,חסה ערבית שטופה,גרמים,250.00,100 גרם,false,0,9.50,3.80,true,1,
7296073108313,false,סלט קולסלאו שטוף 400גרם,פרסקו,IL,סלט קולסלאו שטוף,גרמים,400.00,100 גרם,false,0,8.50,2.13,true,1,
7296073108320,false,שבבי גזר שטופים 400גרם,פרסקו,IL,שבבי גזר שטופים,גרמים,400.00,100 גרם,false,0,8.50,2.13,true,1,
7296073108344,false,לקט קלאסי שטוף350גרם,פרסקו,IL,לקט קלאסי שטוף,גרמים,350.00,100 גרם,false,0,10.50,3.00,true,1,
7296073108351,false,חסה אייסברג שטופה 300גרם,פרסקו,IL,חסה אייסברג שטוף,גרמים,300.00,100 גרם,false,0,9.90,3.30,true,1,
7296073108368,false,לקט הגינה שטוף 300גרם,פרסקו,IL,לקט הגינה שטוף,גרמים,300.00,100 גרם,false,0,10.50,3.50,true,1,
7296073108375,false,כרוב לבן שטוף לאכילה400ג,פרסקו,IL,כרוב לבן שטוף,גרמים,400.00,100 גרם,false,0,8.50,2.13,true,1,
7296073108573,false,קרם קרקר שופרסל 230 גרם,מגדנית הדר,IL,קרם קרקר,גרמים,230.00,100 גרם,false,0,8.70,3.78,true,1,
7296073112457,false,קוסקוס חיטה מלא.שופר350ג,אסיף תעשיות מזון,IL,קוסקוס,גרמים,350.00,100 גרם,false,0,6.20,1.77,true,1,
7296073112464,false,פוזילי חיטה מלא.שופר500ג,שופרסל,IT,פוזילי שופרסל,גרמים,500.00,100 גרם,false,0,8.70,1.74,true,1,
7296073115717,false,סודה לשתיה שופרסל 50 גרם,שופרסל,,סודה לשתיה,גרמים,50.00,100 גרם,false,0,2.30,4.60,true,1,
7296073115724,false,אבקת אפיה שופרסל10*10 גר,שופרסל,IL,אבקת אפיה 10יח,גרמים,100.00,100 גרם,false,0,3.10,3.10,true,1,
7296073115731,false,אבקת סוכר שופרסל 100 גרם,שופרסל,IL,אבקת סוכר,גרמים,100.00,100 גרם,false,0,2.20,2.20,true,1,
7296073115748,false,סוכר וניל שופרסל 10*10גר,שופרסל,IL,סוכר וניל 10 יח,גרמים,100.00,100 גרם,false,0,3.30,3.30,true,1,
7296073115762,false,קורנפלור שופרסל 200 גרם,שופרסל,IL,קורנפלור,גרמים,200.00,100 גרם,false,0,4.00,2.00,true,1,
7296073116769,false,קוקוס טחון שופרסל 100גרם,מיה,IL,קוקוס טחון,גרמים,100.00,100 גרם,false,0,4.40,4.40,true,1,
7296073116783,false,שומשום שופרסל 100 גרם,מיה,IL,שומשום שופרסל,גרמים,100.00,100 גרם,false,0,4.20,4.20,true,1,
7296073116813,false,קמח תירס שופרסל 400 גרם,מיה,IL,קמח תירס,גרמים,400.00,100 גרם,false,0,5.90,1.48,true,1,
7296073118770,false,עלי בייבי שטופים 300גרם,פרסקו,IL,עלי בייבי שטופים,גרמים,300.00,100 גרם,false,0,12.90,4.30,true,1,
7296073118787,false,תע חסה אלון שטופה 350גרם,פרסקו,IL,תע חסה אלון,גרמים,350.00,100 גרם,false,0,9.90,2.83,true,1,
7296073119456,false,תע חסה+עלי בייבי350גרם,פרסקו,IL,תע חסה+ע.בייבי,גרמים,350.00,100 גרם,false,0,9.90,2.83,true,1,
7296073120018,false,100 נרות חימום בלוק,שופרסל,IL,נרות חימום,יחידה,1.00,יחידה,false,0,20.40,20.40,true,1,
7296073121190,false,תמר אמרי 400גרם שופרסל,הדיקלאים,IL,תמר אמרי 400 גרם,גרמים,400.00,100 גרם,false,0,13.90,3.48,true,1,
7296073123729,false,"תמצית וניל שופרסל 50 מ""ל",מיה,IL,תמצית וניל,מיליליטרים,50.00,"100 מ""ל",false,0,4.40,8.80,true,1,
7296073124382,false,ספגטיני מספר 3 שופרסל500,שופרסל,IT,ספגטיני מס' 3,גרמים,500.00,100 גרם,false,0,4.90,0.98,true,1,
7296073124399,false,ספגטי מספר 5 שופרסל 500ג,שופרסל,IT,ספגטי מס' 5,גרמים,500.00,100 גרם,false,0,4.90,0.98,true,1,
7296073125884,false,שמן סויה שופרסל 1 ליטר,NV AOR,BE,שמן סויה,ליטרים,1.00,ליטר,false,0,7.90,7.90,true,1,
7296073128236,false,מעדן משמש שופרסל 284 גרם,LTD 99 CIMA,BG,מעדן מישמש,גרמים,284.00,100 גרם,false,0,14.80,5.21,true,1,
7296073129523,false,נר נשמה שבועי שופרסל,שופרסל,IL,נר נשמה שבועי,יחידה,1.00,יחידה,false,0,11.50,11.50,true,1,
7296073132479,false,לבבות דקל שלמים שופר400ג,אינדוסטריה אגריקולה,EC,לבבות דקל שלמים,גרמים,400.00,100 גרם,false,0,9.80,2.45,true,1,
7296073132936,false,עוגת מאפין שיש שופרסל400,גידרון,IL,עוגת מאפין,גרמים,400.00,100 גרם,false,0,11.90,2.98,true,1,
7296073132974,false,צלחות לבן אלגנט ענק 25 י,,IL,צלחות ענק,יחידה,1.00,יחידה,false,0,14.90,14.90,true,1,
7296073133001,false,קעריות מרק לבן שופרסל 25,שופרסל,,קעריות מרק,יחידה,1.00,יחידה,false,0,7.90,7.90,true,1,
7296073140979,false,60מגן תחתון נורמל שופרסל,שופרסל,IL,מגן תחתון שופרסל,יחידה,1.00,יחידה,false,0,13.90,13.90,true,1,
7296073140986,false,52מגן תחתון לארג' שופרסל,שופרסל,IL,מגן תחתון שופרסל,יחידה,1.00,יחידה,false,0,13.90,13.90,true,1,
7296073140993,false,28 תחבושות נורמל+ שופרסל,קוראטקס,DE,תחבושות שופרסל,יחידה,1.00,יחידה,false,0,13.50,13.50,true,1,
7296073142041,false,גביעי גלידה שופרסל 24יח',גילרו,IL,גביעי גלידה,גרמים,120.00,100 גרם,false,0,11.90,9.92,true,1,
7296073143727,false,פתיתים קוסקוס 3 צבעים500,אסיף תעשיות מזון,IL,פתיתים קוסקוס,גרמים,500.00,100 גרם,false,0,6.70,1.34,true,1,
7296073146957,false,שוק.חלב שברי אגוז שופ100,שופרסל,CH,שוקולד חלב אגוז,גרמים,100.00,100 גרם,false,0,5.80,5.80,true,1,
7296073150442,false,תערובת לכדורי שוקולד500ג,שופרסל,IL,תערובת לכדורים,גרמים,500.00,100 גרם,false,0,16.00,3.20,true,1,
7296073150527,false,קורנפלקס שופרסל 750 גרם,שופרסל,,קורנפלקס שופרסל,גרמים,750.00,100 גרם,false,0,12.40,1.65,true,1,
7296073151463,false,פריכיות דקות דל נתרן100ג,שופרסל,IL,פריכיות דקות,גרמים,100.00,100 גרם,false,0,7.40,7.40,true,1,
7296073151524,false,צנימים שופרסל 320 גרם,שופרסל,IT,צנימים שופרסל,גרמים,320.00,100 גרם,false,0,9.60,3.00,true,1,
7296073151548,false,מלח בישול גס שופרסל 1 קג,מלח הארץ אילת,IL,מלח בישול גס,קילוגרמים,1.00,"ק""ג",false,0,2.07,2.07,true,1,
7296073151555,false,מלח שולחן דק שופרסל 1 קג,מלח הארץ אילת,IL,מלח שולחן דק,קילוגרמים,1.00,"ק""ג",false,0,2.07,2.07,true,1,
7296073153238,false,גזר ארוז שופרסל,,IL,גזר ארוז שופרסל,קילוגרמים,0.00,"ק""ג",true,0,4.90,4.90,true,1,
7296073153849,false,זוג רדידי אלומינ7.5*0.3מ,שופרסל,IL,זוג רדידי אלומינ,מטרים,15.00,מטר,false,0,9.90,0.66,true,1,
7296073161493,false,שוק.מריר60%שופרסל 100*2ג,שופרסל,,שוקולד מריר זוג,גרמים,200.00,100 גרם,false,0,14.20,7.10,true,1,
7296073161783,false,קבוקים שומשום400ג שופרסל,שופרסל,CN,קבוקים עם שומשום,גרמים,400.00,100 גרם,false,0,14.90,3.73,true,1,
7296073161806,false,מנצ'ס 400גרם שופרסל,שופרסל,CN,מנצ'ס 400גרם,גרמים,400.00,100 גרם,false,0,12.90,3.23,true,1,
7296073169260,false,עגבנ.מרוסקות שופרסל260גר,שופרסל,IL,עגבניות מרוסקות,גרמים,260.00,100 גרם,false,0,4.90,1.88,true,1,
7296073170891,false,צ'יפס זיגזג שופרסל 1.5קג,תפוגן,IL,צ'יפס זיגזג,קילוגרמים,1.50,"ק""ג",false,0,27.90,18.60,true,1,
7296073170938,false,44 מגני תחתון לונג +,קוראטקס,DE,מגני תחתון,יחידה,1.00,יחידה,false,0,13.90,13.90,true,1,
7296073173199,false,אפונה ירוקה עדינה שופרסל,שופרסל,IL,אפונה עדינה,גרמים,600.00,100 גרם,false,0,18.90,3.15,true,1,
7296073174219,false,תבניות קרטון,,,תבניות קרטון,יחידה,1.00,יחידה,false,0,9.90,9.90,true,1,
7296073179863,false,דבש טבעי לחיץ שופרסל250ג,שופרסל,,דבש לחיץ,גרמים,250.00,100 גרם,false,0,16.90,6.76,true,1,
7296073189572,false,פקאן סיני 200גרם שופרסל,שקרצי,IL,פקאן סיני 200גרם,גרמים,200.00,100 גרם,false,0,25.90,12.95,true,1,
7296073189589,false,פקאן טבעי 200גרם שופרסל,שקרצי,IL,פקאן טבעי 200גרם,גרמים,200.00,100 גרם,false,0,26.90,13.45,true,1,
7296073189596,false,בוטן מטוגן200גרם שופרסל,שקרצי,IL,בוטן מטוגן200גרם,גרמים,200.00,100 גרם,false,0,9.80,4.90,true,1,
7296073189602,false,בוטן מטוגן 400גרם שופרסל,שקרצי,IL,בוטן מטוגן,גרמים,400.00,100 גרם,false,0,15.90,3.98,true,1,
7296073189688,false,ג.חמניה קלוף150ג שופרסל,ששון,IL,גרעין חמניה 150ג,גרמים,150.00,100 גרם,false,0,6.80,4.53,true,1,
7296073191421,false,קפה טורקי 4 יח,,IL,קפה טורקי 4 יח,גרמים,400.00,100 גרם,false,0,20.90,5.23,true,1,
7296073193784,false,כרובית שטופה 500גרם,פרסקו,IL,כרובית שטופה,גרמים,500.00,100 גרם,false,0,13.00,2.60,true,1,
7296073195191,false,טחינה שומשום מלא גרין500,"אחדות בע""מ א.ת. ברקן",IL,טחינה שומשום מלא,גרמים,500.00,100 גרם,false,0,16.90,3.38,true,1,
7296073195894,false,אטריות דקיקות שופרסל400ג,שיבולים בני דרום,IL,אטריות דקיקות,גרמים,400.00,100 גרם,false,0,5.70,1.43,true,1,
7296073195917,false,אטריות בינוניות 400 גרם,שיבולים בני דרום,IL,אטריות בינוניות,גרמים,400.00,100 גרם,false,0,5.70,1.43,true,1,
7296073195924,false,אטריות רחבות שופרסל400ג,שיבולים בני דרום,IL,אטריות דקות,גרמים,400.00,100 גרם,false,0,5.70,1.43,true,1,
7296073197478,false,שוקולד מריר 3 יח,,CH,שוקולד מריר 3 יח,גרמים,300.00,100 גרם,false,0,14.90,4.97,true,1,
7296073199014,false,נודלס דק להקפצה 400 גרם,INDUSTRY ANLIDA LONGHAI FUJIAN,CN,נודלס דק להקפצה,גרמים,400.00,100 גרם,false,0,11.50,2.88,true,1,
7296073200987,false,פטריות חתוכות 3 * 400 גר,פרוצ'אמפ,DE,פטריות חתוכות3יח,קילוגרמים,1.20,"ק""ג",false,0,13.60,11.33,true,1,
7296073201410,false,נודלס רחב להקפצה 400ג,פרוצ'אמפ,CN,נודלס רחב להקפצה,גרמים,400.00,100 גרם,false,0,11.50,2.88,true,1,
7296073201434,false,סילאן שופרסל,,IL,סילאן שופרסל,גרמים,900.00,100 גרם,false,0,15.80,1.76,true,1,
7296073202479,false,שוקולד מריר 6 יח,,CH,שוקולד מריר 6 יח,גרמים,600.00,100 גרם,false,0,25.20,4.20,true,1,
7296073204640,false,בוטן אמריקאי200ג שופרסל,ששון,IL,בוטנים אמריקאים,גרמים,200.00,100 גרם,false,0,7.80,3.90,true,1,
7296073205081,false,מיונז,,IL,מיונז,גרמים,500.00,100 גרם,false,0,8.90,1.78,true,1,
7296073205425,false,פוסילי אורגני,,IT,פוסילי אורגני,גרמים,100.00,100 גרם,false,0,9.30,9.30,true,1,
7296073205456,false,פנה מלא אורגני,,IT,פנה מלא אורגני,גרמים,500.00,100 גרם,false,0,9.30,1.86,true,1,
7296073205463,false,פנה אורגני,,IT,פנה אורגני,גרמים,500.00,100 גרם,false,0,9.30,1.86,true,1,
7296073205708,false,רוט.פסט.בזיליקום אורג350,אלת'אה אס.פי.איי,IT,רוטב פסטה,גרמים,350.00,100 גרם,false,0,14.90,4.26,true,1,
7296073207078,false,בוטן קלוף קלוי300 שופרסל,ששון,IL,בוטן קלוף קלוי,גרמים,300.00,100 גרם,false,0,13.90,4.63,true,1,
7296073208624,false,סילאן לחיץ,,IL,סילאן לחיץ,גרמים,400.00,100 גרם,false,0,13.40,3.35,true,1,
7296073209829,false,פטריות חתוכות דל נתרן400,פרוצ'אמפ,NL,פטריות חתוכות,גרמים,400.00,100 גרם,false,0,6.80,1.70,true,1,
7296073211624,false,פילה אמנון קפוא קג,שופרסל,CN,פילה אמנון קפוא,קילוגרמים,0.00,"ק""ג",true,0,35.90,35.90,true,1,
7296073211709,false,שליש באגט ללא גלוטן גרין,גידרון,IL,שליש באגט,יחידה,1.00,יחידה,false,0,14.90,14.90,true,1,
7296073214144,false,פלחי אפרסקים,,IL,פלחי אפרסקים,גרמים,312.00,100 גרם,false,0,5.90,1.89,true,1,
7296073215967,false,שוםגבישי,,IL,שוםגבישי,גרמים,100.00,100 גרם,false,0,11.00,11.00,true,1,
7296073215981,false,אבקת שום,,IL,אבקת שום,גרמים,90.00,100 גרם,false,0,8.80,9.78,true,1,
7296073216018,false,תערובת תיבול,,IL,תערובת תיבול,גרמים,100.00,100 גרם,false,0,8.90,8.90,true,1,
7296073216025,false,תערובת תיבול,,IL,תערובת תיבול,גרמים,100.00,100 גרם,false,0,11.30,11.30,true,1,
7296073216124,false,בזיליקום תבלין,,IL,בזיליקום תבלין,גרמים,30.00,100 גרם,false,0,5.40,18.00,true,1,
7296073216131,false,טימין,,IL,טימין,גרמים,20.00,100 גרם,false,0,7.80,39.00,true,1,
7296073216148,false,פלפל שחור טחון,,IL,פלפל שחור טחון,גרמים,100.00,100 גרם,false,0,13.80,13.80,true,1,
7296073216209,false,פלפל שחור,,IL,פלפל שחור,גרמים,35.00,100 גרם,false,0,10.90,31.14,true,1,
7296073216223,false,פפריקה מתוקה,,IL,פפריקה מתוקה,גרמים,80.00,100 גרם,false,0,5.50,6.88,true,1,
7296073216278,false,פפריקה מרוקאית,,IL,פפריקה מרוקאית,גרמים,90.00,100 גרם,false,0,9.10,10.11,true,1,
7296073218753,false,פתי בר שופרסל 500 גרם,BV BISCUIT PALLY,NL,פתי בר,גרמים,500.00,100 גרם,false,0,9.90,1.98,true,1,
7296073218807,false,בישקוטים,,IT,בישקוטים,גרמים,200.00,100 גרם,false,0,8.20,4.10,true,1,
7296073218920,false,לחם אחיד פרוס שופרסל 750,מאפיית שלמה א. אנג'ל,IL,לחם אחיד פרוס,גרמים,750.00,100 גרם,false,0,6.79,0.91,true,1,
7296073219255,false,קפה נמס,,IL,קפה נמס,גרמים,200.00,100 גרם,false,0,14.90,7.45,true,1,
7296073219347,false,לחם אחיד פרוס750ג שופרסל,מאפית ברמן,IL,לחם אחיד פרוס,גרמים,750.00,100 גרם,false,0,6.79,0.91,true,1,
7296073219880,false,פודינג שוקולד,,IL,פודינג שוקולד,גרמים,95.00,100 גרם,false,0,5.20,5.47,true,1,
7296073219897,false,פודינג וניל,,IL,פודינג וניל,גרמים,80.00,100 גרם,false,0,5.20,6.50,true,1,
7296073219903,false,ג'לי פטל,,IL,ג'לי פטל,גרמים,85.00,100 גרם,false,0,5.80,6.82,true,1,
7296073219927,false,ג'לי תות,,IL,ג'לי תות,גרמים,85.00,100 גרם,false,0,5.80,6.82,true,1,
7296073219965,false,חט.דגנים שוק.חלב+בוט23*6,back and Snack,AT,חטיף בוטנים,גרמים,138.00,100 גרם,false,0,10.90,7.90,true,1,
7296073220176,false,מרשמלו ורוד לבן,,IL,מרשמלו ורוד לבן,גרמים,180.00,100 גרם,false,0,6.30,3.50,true,1,
7296073220183,false,עוגיות שוקוצ'יפס,,DE,עוגיות שוקוצ'יפס,גרמים,225.00,100 גרם,false,0,9.50,4.22,true,1,
7296073220275,false,וופל ט.שוקולד שופרסל500ג,מנעמים,IL,וופל טעם שוקולד,גרמים,500.00,100 גרם,false,0,9.90,1.98,true,1,
7296073220398,false,חטיפי קרח,,IL,חטיפי קרח,מיליליטרים,800.00,"100 מ""ל",false,0,7.90,0.99,true,1,
7296073221791,false,וופל בטעם אגוזים 400 גרם,מנעמים,IL,וופל אגוזים,גרמים,400.00,100 גרם,false,0,9.90,2.48,true,1,
7296073222200,false,פסטרמה הודו על גחלים שופ,מעדני יחיעם,IL,פסטרמה הודו,גרמים,300.00,100 גרם,false,0,22.90,7.63,true,1,
7296073223009,false,שמן זית,,IT,שמן זית,מיליליטרים,750.00,"100 מ""ל",false,0,32.90,4.39,true,1,
7296073224204,false,שמן זית,,IT,שמן זית,ליטרים,1.00,ליטר,false,0,44.90,44.90,true,1,
7296073224365,false,קמח שמרים,,IL,קמח שמרים,קילוגרמים,1.00,"ק""ג",false,0,9.80,9.80,true,1,
7296073224815,false,מרכך מרוכז כחול,,IL,מרכך מרוכז כחול,ליטרים,1.00,ליטר,false,0,11.90,11.90,true,1,
7296073225249,false,ג.חמניה ללא מלח200ג שופר,ששון,IL,גרעין חמנייה,גרמים,200.00,100 גרם,false,0,7.80,3.90,true,1,
7296073225256,false,ג.חמניה ק.עפולה 200ג שופ,ששון,IL,גרעין חמנייה,גרמים,200.00,100 גרם,false,0,7.80,3.90,true,1,
7296073225492,false,רסק עגבני.מרוכז22% 260ג,פריניר,IL,רסק עגבניות,גרמים,260.00,100 גרם,false,0,3.60,1.38,true,1,
7296073225560,false,"וופל שוקולד ללת""ס200גרם",מנעמים,IL,וופל שוקולד ללתס,גרמים,200.00,100 גרם,false,0,7.90,3.95,true,1,
7296073225577,false,"וופל בלגי שוקו.ללת""ס200ג",גילרו,IL,וופל בלגי שוקולד,גרמים,200.00,100 גרם,false,0,8.80,4.40,true,1,
7296073226154,false,ביסקוויט שוקולד מריר125,.,DE,ביסקוויט מצופה,גרמים,125.00,100 גרם,false,0,8.80,7.04,true,1,
7296073226291,false,חיתולים שופרסל,,IL,חיתולים שופרסל,יחידה,1.00,יחידה,false,0,29.90,29.90,true,1,
7296073226543,false,אורגנו תבלין,,IL,אורגנו תבלין,גרמים,40.00,100 גרם,false,0,9.80,24.50,true,1,
7296073226963,false,סלט חומוס+גרגרים שופר400,סלטי שמיר,IL,חומוס עם גרגרים,גרמים,400.00,100 גרם,false,0,9.50,2.38,true,1,
7296073226987,false,סלט חומוס+מסבחה שופר400ג,סלטי שמיר,IL,חומוס עם מסבחה,גרמים,400.00,100 גרם,false,0,9.50,2.38,true,1,
7296073230021,false,מנקה רצפות כחול 2 ליטר,קליר כימיקלים,IL,מנקה רצפות כחול,ליטרים,2.00,ליטר,false,0,15.90,7.95,true,1,
7296073230038,false,מנקה רצפות ורוד 2 ליטר,קליר כימיקלים,IL,מנקה רצפות,ליטרים,2.00,ליטר,false,0,15.90,7.95,true,1,
7296073230106,false,"סלט תפו""א שופרסל 400 גרם",סלטי שמיר,IL,"סלט תפו""א",גרמים,400.00,100 גרם,false,0,9.50,2.38,true,1,
7296073230731,false,נוזל כלים 24% תפוח 750מל,קליר כימיקלים,IL,נוזל לכלים תפוח,מיליליטרים,750.00,"100 מ""ל",false,0,8.50,1.13,true,1,
7296073230816,false,נוזל לכלים 24% לימון750מ,קליר כימיקלים,IL,נוזל לכלים לימון,מיליליטרים,750.00,"100 מ""ל",false,0,8.50,1.13,true,1,
7296073231547,false,חלב 1% בקרטון שופרסל 1ל,מחלבות רמת הגולן,IL,חלב 1% קרטון 1ל',ליטרים,1.00,ליטר,false,1,5.20,5.20,true,1,
7296073231554,false,חלב 3% בקרטון שופרסל 1ל,מחלבות רמת הגולן,IL,חלב 3% קרטון 1ל',ליטרים,1.00,ליטר,false,1,5.40,5.40,true,1,
7296073231561,false,שמנת עמידה לקצפת38% 250ג,מחלבות רמת הגולן,IL,שמנת עמידה 38%,מיליליטרים,250.00,"100 מ""ל",false,1,5.80,2.32,true,1,
7296073232124,false,גב.פרמז'ן קשה27%שופר200ג,.,IT,משולש פרמז'ן,גרמים,200.00,100 גרם,false,1,23.90,11.95,true,1,
7296073232377,false,חלב1% נטול לקטוז גרין1ל,מחלבת רמת-הגולן,IL,חלב נטול לקטוז,ליטרים,1.00,ליטר,false,1,8.90,8.90,true,1,
7296073232391,false,"סוכר לבן שופרסל 1 ק""ג","אגרנה צוקר בע""מ",AT,סוכר לבן,קילוגרמים,1.00,"ק""ג",false,1,4.80,4.80,true,1,
7296073232445,false,משקה חלב מועשר 3% 1 ליטר,מחלבות רמת הגולן,IL,משקה חלב מועשר3%,ליטרים,1.00,ליטר,false,1,6.90,6.90,true,1,
7296073234111,false,עוגיות מרוקאיות מקלות600,גידרון,IL,עוגיות מרוקאיות,גרמים,600.00,100 גרם,false,1,18.90,3.15,true,1,
7296073234128,false,עוגיות מיני פרפריות 600,גידרון,IL,עוגיות פרפריות,גרמים,600.00,100 גרם,false,1,18.90,3.15,true,1,
7296073235613,false,מלית תמרים 450 גרם,חצר כנרת מוצרי תמר,IL,מלית תמרים,גרמים,450.00,100 גרם,false,1,5.90,1.31,true,1,
7296073235651,false,רדיד אלומיניום כוכבים30מ,אופל אריזות,IL,רדיד אלומיניום,מטרים,30.00,מטר,false,1,16.90,0.56,true,1,
7296073235750,false,נוזל לניקוי חלונות 750מל,קליר כימיקלים,IL,נוזל לחלונות,מיליליטרים,750.00,"100 מ""ל",false,1,7.80,1.04,true,1,
7296073236306,false,אקונומיקה סופר מבושמת4ל,קליר כימיקלים,IL,אקונומיקה מבושמת,ליטרים,4.00,ליטר,false,1,12.80,3.20,true,1,
7296073236603,false,"שמנת לבישול 15% 250 מ""ל",מחלבת רמת-הגולן,IL,שמנת לבישול 15%,מיליליטרים,250.00,"100 מ""ל",false,1,6.70,2.68,true,1,
7296073237525,false,קוקטייל פירות בסירופ קל,CANNED QIWWEI LINYI,CN,קוקטייל פירות,גרמים,820.00,100 גרם,false,1,8.90,1.09,true,1,
7296073237655,false,שוק.מריר 72% קקאו 100 גר,"שוקולד פריי בע""מ",CH,שוקולד מריר 72%,גרמים,100.00,100 גרם,false,1,10.90,10.90,true,1,
7296073237662,false,שוק72%. מריר תפוז 100גרם,פריי )שוקולד(,CH,שוקולד מריר תפוז,גרמים,100.00,100 גרם,false,1,10.90,10.90,true,1,
7296073237860,false,קפסולות קפה שופרסל חום,רוני רג'ואן ושות,IL,קפסולות קפה,גרמים,50.00,100 גרם,false,1,15.90,31.80,true,1,
7296073237884,false,קפסולות קפה שופרסל שחור,רוני רג'ואן ושות,IL,קפסולות קפה,גרמים,50.00,100 גרם,false,1,15.90,31.80,true,1,
7296073239239,false,"כוס שתיה חמה 240מ""ל 50יח",,IL,כוסות שתיה חמה,יחידה,1.00,יחידה,false,1,11.90,11.90,true,1,
7296073240013,false,משקה סויה אורגני וניל 1,ביוסלים,IT,משקה סויה וניל,ליטרים,1.00,ליטר,false,1,12.90,12.90,true,1,
7296073240044,false,משקה שיבולת שועל אורגני,ביוסלים,IT,משקה שיבולת שועל,ליטרים,1.00,ליטר,false,1,12.90,12.90,true,1,
7296073240051,false,משקה שקדים אורגני גרין 1,ביוסלים,IT,משקה שקדים,ליטרים,1.00,ליטר,false,1,12.90,12.90,true,1,
7296073240204,false,"40יח' כוס יהלום 240מ""ל",,CN,40כוסות יהלום,יחידה,1.00,יחידה,false,1,9.90,9.90,true,1,
7296073241324,false,אננס פרוסות 850 גרם,CANNING FRUIT KUIBURI,TH,אננס פרוסות,גרמים,850.00,100 גרם,false,1,9.60,1.13,true,1,
7296073241829,false,פטריות שלמות 400 גרם,אוקשמפ אי איי,PL,פטריות שלמות,גרמים,400.00,100 גרם,false,1,7.80,1.95,true,1,
7296073241935,false,נייר טואלט סופר דיל 48גל,שניב,IL,נ.טואלט סופר דיל,מטרים,860.00,100 מטר,false,1,41.90,4.87,true,1,
7296073242277,false,תאנים יבשות 300ג שופרסל,SA AKCA OSMAN,TR,תאנים יבשות 300ג,גרמים,300.00,100 גרם,false,1,15.00,5.00,true,1,
7296073243342,false,עוג.במילוי וניל ל.ג300ג,קופרנט פיינבק ג'י אם בי,DE,עוגיות וניל,גרמים,300.00,100 גרם,false,1,14.90,4.97,true,1,
7296073243359,false,ביצים M שופרסל 12 יחידות,גליקסמן,IL,ביצים 12יחידות M,יחידה,1.00,יחידה,false,1,10.55,10.55,true,1,
7296073243366,false,ביצים L שופרסל 12 יחידות,גליקסמן,IL,ביצים 12 יחידותL,יחידה,1.00,יחידה,false,1,11.45,11.45,true,1,
7296073243731,false,ריבת חלב שופרסל 400 גרם,מיה,IL,ריבת חלב שופרסל,גרמים,400.00,100 גרם,false,1,13.80,3.45,true,1,
7296073243847,false,קינואה אורגנית גרין 340,גרופ אורגניקו,PE,קינואה אורגנית,גרמים,340.00,100 גרם,false,1,13.90,4.09,true,1,
7296073245315,false,סרדינים בשמן חמניות125ג,SOCIETE DANSA,MA,סרדינים בשמן,גרמים,125.00,100 גרם,false,1,6.00,4.80,true,1,
7296073246022,false,כפפות ויניל ללא אבקה M,אינטרסן,CN,כפפות ויניל,יחידה,1.00,יחידה,false,1,18.90,18.90,true,1,
7296073246060,false,פולי סויה בקליפה 450 גרם,שופרסל,IL,פולי סויה,גרמים,450.00,100 גרם,false,1,12.90,2.87,true,1,
7296073246640,false,חתיכות אננס בסירופ קל227,CANNING FRUIT KUIBURI,TH,חתיכות אננס,גרמים,227.00,100 גרם,false,1,3.80,1.67,true,1,
7296073247494,false,רביולי גבינה ותרד 300 גר,פסטה נונה,IL,רביולי גבינה תרד,גרמים,300.00,100 גרם,false,1,13.90,4.63,true,1,
7296073248477,false,55 צימרוני שסתום לתינוק,LTD CO S.T.O,CN,צימרוני שסתום,יחידה,1.00,יחידה,false,1,5.90,5.90,true,1,
7296073254102,false,טונה בשמן סויה 160*4 גרם,אסיאן אליאנס,VN,טונה בשמן 4 יח,גרמים,640.00,100 גרם,false,1,22.90,3.58,true,1,
7296073254133,false,"שמן זית פרימיום 750 מ""ל",אליעד בית בד בגולן,IL,שמן זית פרימיום,מיליליטרים,750.00,"100 מ""ל",false,1,36.90,4.92,true,1,
7296073254256,false,ערמונים אורגניים גרין100,CO FOODS LIYUAN HEBEI,CN,ערמונים אורגניים,גרמים,100.00,100 גרם,false,1,8.90,8.90,true,1,
7296073254287,false,"אל סבון כחול 500*3 מ""ל",שופרסל,TR,אל סבון נוזלי3יח,ליטרים,1.50,ליטר,false,1,12.90,8.60,true,1,
7296073258902,false,קפסולות נ.קופאין ירוק50ג,רוני רג'ואן ושות,IL,קפסולות קפה,גרמים,50.00,100 גרם,false,1,15.90,31.80,true,1,
7296073259916,false,שוקו.חלב שברי עוגיות100ג,אלפיה,DE,שוקולד חלב,גרמים,100.00,100 גרם,false,1,5.90,5.90,true,1,
7296073261155,false,קסמי אוזניים פלסטיק400יח,PRODUC UES DAILY JIEYANG,IL,קסמי אוזניים,יחידה,1.00,יחידה,false,1,10.90,10.90,true,1,
7296073261179,false,200 קסמי אוזניים פלסטיק,PRODUC UES DAILY JIEYANG,CN,קסמי אוזניים,יחידה,1.00,יחידה,false,1,7.50,7.50,true,1,
7296073261186,false,100 קסמי אוזניים שקית,PRODUC UES DAILY JIEYANG,CN,קסמי אוזניים,יחידה,1.00,יחידה,false,1,2.50,2.50,true,1,
7296073262008,false,עוגות אישיות קרם שוקו350,קסליני,IT,עוגות אישיות,גרמים,350.00,100 גרם,false,1,14.90,4.26,true,1,
7296073262152,false,גרעיני תירס מתוק 340גרם,סזאטמרי קונזרוגיאר,HU,גרעיני תירס מתוק,גרמים,340.00,100 גרם,false,1,5.90,1.74,true,1,
7296073262978,false,גרנולה טריפל אגוזים 400ג,בריגן,DE,גרנולה פרימיום,גרמים,400.00,100 גרם,false,1,19.90,4.98,true,1,
7296073262992,false,סירופ מייפל פרימיום250מל,.,CA,סירופ מייפל 100%,מיליליטרים,250.00,"100 מ""ל",false,1,32.90,13.16,true,1,
7296073263166,false,מרכך בייבי מרוכז 1ל,גליל כימיקלים,IL,מרכך בייבי מרוכז,ליטרים,1.00,ליטר,false,1,14.90,14.90,true,1,
7296073263432,false,מרק ירקות מצונן 550 גרם,"סי.אי.פי מבוא חורון בע""מ",IL,מרק ירקות מצונן,גרמים,550.00,100 גרם,false,1,10.90,1.98,true,1,
7296073263449,false,מרק עדשים מצונן 550 גרם,"סי.אי.פי מבוא חורון בע""מ",IL,מרק עדשים מצונן,גרמים,550.00,100 גרם,false,1,10.90,1.98,true,1,
7296073263470,false,אוש פלאו 550 גרם,סי.אי.פי מבוא חורון,IL,אוש פלאו,גרמים,550.00,100 גרם,false,1,15.90,2.89,true,1,
7296073263487,false,נודלס מוקפץ 550 גרם,סי.אי.פי מבוא חורון,IL,נודלס מוקפץ,גרמים,550.00,100 גרם,false,1,15.90,2.89,true,1,
7296073263500,false,קוסקוס עם ירקות 650גרם,סי.אי.פי מבוא חורון,IL,קוסקוס עם ירקות,גרמים,650.00,100 גרם,false,1,15.90,2.45,true,1,
7296073263517,false,שקיות אוכל שופרסל 150*2,WEIFANG,CN,שקיות אוכל זוג,יחידה,1.00,יחידה,false,1,11.50,11.50,true,1,
7296073263814,false,מ.אגוזי לוז אורג.גרין350,S.R.L NUTKAO,IT,ממרח אגוזי לוז,גרמים,350.00,100 גרם,false,1,19.90,5.69,true,1,
7296073263845,false,קינואה שופרסל 500 גרם,הנמל,PE,קינואה שופרסל,גרמים,500.00,100 גרם,false,1,18.90,3.78,true,1,
7296073263913,false,לפתן ליצ'י שופרסל 567 גר,זאנגזו גאנגצ'נג,CN,לפתן ליצ'י,גרמים,567.00,100 גרם,false,1,7.90,1.39,true,1,
7296073265344,false,חלב נטול לקטוז3%גרין 1ל,מחלבת רמת-הגולן,IL,חלב נטול לקטוז,ליטרים,1.00,ליטר,false,1,9.50,9.50,true,1,
7296073266242,false,טחינה שומשום מלא 500 גרם,אחדות,IL,טחינה שומשום מלא,גרמים,500.00,100 גרם,false,1,14.90,2.98,true,1,
7296073266600,false,גרעיני תירס וואקום160*3ג,KFT KONZERVGYAR SZATMARI,HU,גרעיני תירס 3 יח,גרמים,480.00,100 גרם,false,1,9.90,2.06,true,1,
7296073266693,false,מיץ תפוזים אורגני גרין1ל,גניר,IL,מיץ תפוזים,ליטרים,1.00,ליטר,false,1,16.90,16.90,true,1,
7296073267058,false,תותים בג'לי תות 144*4 גר,FOODS HUIXANG JIANGSU,CN,תותים בג'לי תות,גרמים,452.00,100 גרם,false,1,10.90,2.41,true,1,
7296073267836,false,תרסיס בסיס תמצית שום40מל,FIRENZE TURCI,IT,תמצית תבלין,מיליליטרים,40.00,"100 מ""ל",false,1,10.90,27.25,true,1,
7296073267867,false,תרסיס על בסיס בזיליקום40,FIRENZE TURCI,IT,תמצית תבלין,מיליליטרים,40.00,"100 מ""ל",false,1,10.90,27.25,true,1,
7296073268925,false,נייר טואלט 16 גליל כפול,שניב תעשיות נייר,IL,נייר טואלט,מטרים,573.00,100 מטר,false,1,28.90,5.04,true,1,
7296073270287,false,תבנית אלומיניום אינגליש,,IL,תבנית אינגליש,יחידה,1.00,יחידה,false,1,12.90,12.90,true,1,
7296073270300,false,תבניות אלומיניום קטנות15,.,IL,תבנית קטנה,יחידה,1.00,יחידה,false,1,12.90,12.90,true,1,
7296073270348,false,תבנית קטנה עמוקה 10יח',.,IL,תבנית קטנה,יחידה,1.00,יחידה,false,1,12.90,12.90,true,1,
7296073270980,false,"וופל בטעם לימון ללת""ס200",מנעמים,IL,וופל בטעם לימון,גרמים,200.00,100 גרם,false,1,7.90,3.95,true,1,
7296073271420,false,שוק.מריר תאנים+אגוז מלך,פריי )שוקולד(,CH,שוקולד מריר,גרמים,100.00,100 גרם,false,1,10.90,10.90,true,1,
7296073271529,false,סט 4 תבניות אפיה מלבניות,,IL,תבניות,יחידה,1.00,יחידה,false,1,9.90,9.90,true,1,
7296073271550,false,ממרח עגבניות מיובשות190ג,SPA POLLI F.LLI,IT,ממרח עגבניות,גרמים,190.00,100 גרם,false,1,11.90,6.26,true,1,
7296073271567,false,ממרח זיתים ירוקים 190 גר,SPA POLLI F.LLI,IT,ממרח זיתים ירוק,גרמים,190.00,100 גרם,false,1,11.90,6.26,true,1,
7296073271574,false,ממרח זיתים שחורים 190גרם,SPA POLLI F.LLI,IT,ממרח זיתים,גרמים,190.00,100 גרם,false,1,11.90,6.26,true,1,
7296073272533,false,עוגות אישיות ק.אגוזים350,מידי,IT,עוגות אישיות,גרמים,350.00,100 גרם,false,1,14.90,4.26,true,1,
7296073272540,false,סילאן טבעי לחיץ 400 גרם,חצר כנרת מוצרי תמר,IL,סילאן טבעי לחיץ,גרמים,400.00,100 גרם,false,1,15.90,3.98,true,1,
7296073272588,false,מיני קרוטונים שופרסל400ג,חטיפים מן הטבע,IL,מיני קרוטונים,גרמים,400.00,100 גרם,false,1,15.90,3.98,true,1,
7296073272922,false,טונה בשמן קנולה160*4ג,אסיאן אליאנס,VN,טונה קנולה 4 יח,גרמים,640.00,100 גרם,false,1,23.90,3.73,true,1,
7296073273387,false,גבינת גאודה 30.4%שופר200,ROUVEEN,NL,גבינת גאודה,גרמים,200.00,100 גרם,false,1,17.90,8.95,true,1,
7296073273394,false,גבינת פסטו ירוק שופר200ג,ROUVEEN,NL,גבינת פסטו,גרמים,200.00,100 גרם,false,1,19.90,9.95,true,1,
7296073273400,false,גבינת פסטו אדום שופר200ג,ROUVEEN,NL,גבינת פסטו,גרמים,200.00,100 גרם,false,1,19.90,9.95,true,1,
7296073273424,false,גבינת עיזים הולנדית 200ג,ROUVEEN,NL,גבינת עיזים,גרמים,200.00,100 גרם,false,1,22.90,11.45,true,1,
7296073273431,false,גב.גאודה זיתים+עגבנ200.ג,ROUVEEN,NL,גבינת גאודה,גרמים,200.00,100 גרם,false,1,19.90,9.95,true,1,
7296073273622,false,קרם קוקוס אורגני גרין400,קונסולידת ביזניס סיסטם,LK,קרם קוקוס אורגני,מיליליטרים,400.00,"100 מ""ל",false,1,9.90,2.48,true,1,
7296073273714,false,סילאן אורג.לחיץ גרין500ג,פוליבה,IL,סילאן אורגני,גרמים,500.00,100 גרם,false,1,19.90,3.98,true,1,
7296073273844,false,מפות אל בד מקופלות חלק 4,,CN,מפות אל בד,יחידה,1.00,יחידה,false,1,12.90,12.90,true,1,
7296073274421,false,קולה דיאט שופרסל 1.5ליטר,אולקר,TR,קולה דיאט שופרסל,ליטרים,1.50,ליטר,false,1,4.30,2.87,true,1,
7296073275053,false,משקפיים דגם צר ידית צבעו,שופרסל,IL,משקפיים דגם צר,יחידה,1.00,יחידה,false,1,19.90,19.90,true,1,
7296073275114,false,גבינה גאודה פרוס שופר150,ROUVEEN,NL,גבינה גאודה,גרמים,150.00,100 גרם,false,1,14.90,9.93,true,1,
7296073275145,false,גאודה זיתים+עגבניה150גרם,ROUVEEN,NL,גבינת גאודה,גרמים,150.00,100 גרם,false,1,15.90,10.60,true,1,
7296073277255,false,מגבונים לחים 72*6 יח,דינמיק,IL,מגבונים לחים 6יח,יחידה,1.00,יחידה,false,1,24.90,24.90,true,1,
7296073277262,false,מגבונים לחים 72 יח,שופרסל,IL,מגבונים לחים,יחידה,1.00,יחידה,false,1,4.90,4.90,true,1,
7296073277484,false,כפפות לטקס M 100 יחידות,LTD T.G.C,TH,כפפות לטקס M,יחידה,1.00,יחידה,false,1,17.90,17.90,true,1,
7296073277507,false,כפפות לטקס XL 100 יחידות,LTD T.G.C,TH,כפפות לטקס XL,יחידה,1.00,יחידה,false,1,17.90,17.90,true,1,
7296073277927,false,וופל מצופ.ללתס שופרסל100,הלווה ופלבקרי,NL,וופל מצופה,גרמים,100.00,100 גרם,false,1,10.90,10.90,true,1,
7296073280323,false,רביולי גבינה וכמהין 300,פסטה נונה,IL,רביולי מצונן,גרמים,300.00,100 גרם,false,1,15.90,5.30,true,1,
7296073283133,false,ענב ירוק ארוז שקיל,קטיף.,IL,ענב ירוק ארוז,קילוגרמים,0.00,"ק""ג",true,1,20.90,20.90,true,1,
7296073283430,false,ביצי חופש אורגניM גרין12,גליקסמן,IL,ביצי חופש אורגני,יחידה,1.00,יחידה,false,1,21.90,21.90,true,1,
7296073283942,false,גבינה צהובה9% פרוס 400גר,MLEKOVITA,PL,גבינה צהובה 9%,גרמים,400.00,100 גרם,false,1,15.90,3.98,true,1,
7296073285274,false,"מזלג שקוף עבה ח""פ 100 יח",,CN,מזלג שקוף עבה,יחידה,1.00,יחידה,false,1,12.90,12.90,true,1,
7296073285281,false,"כפית שקוף עבה ח""פ 100 יח",,CN,כפית שקוף עבה,יחידה,1.00,יחידה,false,1,12.90,12.90,true,1,
7296073285298,false,"כף שקוף עבה ח""פ 100 יח",,CN,כף שקוף עבה,יחידה,1.00,יחידה,false,1,12.90,12.90,true,1,
7296073285403,false,נרות חימום בשקית 50 יח,CANDLE ITBRIGHT,CN,נרות חימום בשקית,יחידה,1.00,יחידה,false,1,10.90,10.90,true,1,
7296073285427,false,50שקיות 50/45,אשפלסט,IL,שקיות אשפה,יחידה,1.00,יחידה,false,1,11.90,11.90,true,1,
7296073286011,false,אורז פרסי זיפר שופרסל1קג,ltd co produce Uthai,TH,אורז פרסי,קילוגרמים,1.00,"ק""ג",false,1,6.80,6.80,true,1,
7296073286042,false,אורז יסמין זיפר שופרסל1ק,ltd co produce Uthai,TH,אורז יסמין,קילוגרמים,0.00,"ק""ג",false,1,11.00,11.00,true,1,
7296073286073,false,"אורז בסמטי בצנצנת 1 ק""ג",SETIA LAL CHAMAN,IN,אורז בסמטי,קילוגרמים,1.00,"ק""ג",false,1,14.90,14.90,true,1,
7296073286226,false,דובדבן לבן ארוז,בראשית,IL,דובדבן לבן ארוז,גרמים,0.00,"ק""ג",true,1,90.00,90.00,true,1,
7296073286349,false,55שקיות אשפה65/52,אשפלסט,IL,שקיות אשפה,יחידה,1.00,יחידה,false,1,19.90,19.90,true,1,
7296073286363,false,50שקיות אשפה בגליל75/90,אשפלסט,IL,שקיות אשפה HD,יחידה,1.00,יחידה,false,1,14.80,14.80,true,1,
7296073286370,false,שקיות רב שימושיות 100 יח,אשפלסט,IL,שקיות רב שימושי,יחידה,1.00,יחידה,false,1,6.30,6.30,true,1,
7296073286394,false,100 שקיות אשפה 52/65,אשפלסט,IL,שקיות אשפה,יחידה,1.00,יחידה,false,1,37.50,37.50,true,1,
7296073286417,false,60שקיות אשפה 52/65,אשפלסט,IL,שקיות אשפה,יחידה,1.00,יחידה,false,1,23.90,23.90,true,1,
7296073288756,false,תירס ארוז,קטיף.,IL,תירס ארוז,קילוגרמים,0.00,"ק""ג",true,1,9.90,9.90,true,1,
7296073289739,false,שקיות צליה שופרסל 10 יח,.,TR,שקיות צליה,יחידה,1.00,יחידה,false,1,12.90,12.90,true,1,
7296073289746,false,50 מגבונים לניקוי כללי,דינמיק תעשיות מגבונים,IL,מגבונים לניקוי,יחידה,1.00,יחידה,false,1,9.90,9.90,true,1,
7296073290858,false,"קרם קוקוס שופרסל 400 מ""ל",COCONUT THAI,TH,קרם קוקוס,מיליליטרים,400.00,"100 מ""ל",false,1,7.50,1.88,true,1,
7296073291244,false,חומץ טבעי 5% שופרסל 1ל,מיטב,IL,חומץ טבעי 5%,ליטרים,1.00,ליטר,false,1,6.40,6.40,true,1,
7296073292210,false,במיה שופרסל 600 גרם,פרי גליל,IL,במיה 600 גרם,גרמים,600.00,100 גרם,false,1,14.80,2.47,true,1,
7296073295099,false,ופל מצופה+מילוי קוקוס100,לזרוני,IT,וופלים מצופים,גרמים,100.00,100 גרם,false,1,9.90,9.90,true,1,
7296073295105,false,ופל מצופ+מילוי קפוצינ100,לזרוני,IT,וופלים מצופים,גרמים,100.00,100 גרם,false,1,9.90,9.90,true,1,
7296073295211,false,מפיות דו שכבתי 50יחידות,.,IL,מפיות,יחידה,1.00,יחידה,false,1,6.90,6.90,true,1,
7296073296959,false,חליט.ג'ינגר שומר אשכול60,עדנים,IL,חליטת ג'ינג'ר,גרמים,60.00,100 גרם,false,1,13.90,23.17,true,1,
7296073297826,false,שוקולד חלב מיניז 100 גרם,פריי )שוקולד(,CH,שוקולד חלב מיניז,גרמים,100.00,100 גרם,false,1,13.90,13.90,true,1,
7296073299202,false,גבינה צהובה 28% 400 גרם,MEKOVITA,PL,גבינה צהובה,גרמים,400.00,100 גרם,false,1,15.90,3.98,true,1,
7296073320111,false,גזר צבעוני גזר צבעוני,מרינה,IL,גזר צבעוני,יחידה,1.00,יחידה,false,1,9.90,9.90,true,1,
7296073320517,false,יוגורט יווני מסורת2% 150,S.A MEVGAL,GR,יוגורט יווני,גרמים,150.00,100 גרם,false,1,5.90,3.93,true,1,
7296073320524,false,יוגורט יווני תות0.9% 150,S.A MEVGAL,GR,יוגורט יווני,גרמים,150.00,100 גרם,false,1,5.90,3.93,true,1,
7296073320531,false,יוג.יווני תפוח קינמון150,S.A MEVGAL,GR,יוגורט יווני,גרמים,150.00,100 גרם,false,1,5.90,3.93,true,1,
7296073320548,false,יוג.יווני פ.אדומים0.9%,S.A MEVGAL,GR,יוגורט יווני,גרמים,150.00,100 גרם,false,1,5.90,3.93,true,1,
7296073320555,false,יוג.יווני מסורתי10% 150ג,S.A MEVGAL,GR,יוגורט יווני,גרמים,150.00,100 גרם,false,1,5.90,3.93,true,1,
7296073321545,false,מיקס בייבי יחידה,קטיף.,IL,מיקס בייבי יחידה,יחידה,1.00,יחידה,false,1,15.90,15.90,true,1,
7296073321637,false,"מיץ ענבים שופרסל 750 מ""ל",יקבי ירושלים,IL,מיץ ענבים,מיליליטרים,750.00,"100 מ""ל",false,1,14.90,1.99,true,1,
7296073322580,false,מיץ ענבים תירוש 1 ליטר,יקבי ירושלים,IL,מיץ ענבים תירוש,ליטרים,1.00,ליטר,false,1,14.50,14.50,true,1,
7296073322641,false,חסה אלון אדום/ירוק,יבולי הבשור,IL,ח.אלון אדום/ירוק,יחידה,1.00,יחידה,false,1,8.90,8.90,true,1,
7296073322726,false,מפיות  תלת שכבתי מתנה,,IL,מפיות,יחידה,1.00,יחידה,false,1,9.90,9.90,true,1,
7296073323587,false,עגבניה שרי וויטני יחידה,עידו נחום,IL,שרי וויטני,יחידה,1.00,יחידה,false,1,10.90,10.90,true,1,
7296073323747,false,קיש תרד קפוא 380 גרם,KOVCARZ,FR,קיש תרד קפוא,גרמים,380.00,100 גרם,false,1,24.90,6.55,true,1,
7296073325055,false,עוג.מיני רייף שופרסל220ג,קונדיטוריית אנג'ל,IL,עוגיות מיני רייף,גרמים,220.00,100 גרם,false,1,15.90,7.23,true,1,
7296073325062,false,עוגיות רייף שופרסל 350גר,קונדיטוריית אנג'ל,IL,עוגיות רייף,גרמים,350.00,100 גרם,false,1,15.90,4.54,true,1,
7296073327448,false,קמח לבן בהיר מנופה 1קג,בר רב מפעלי תעשיה,IL,קמח לבן בהיר,קילוגרמים,1.00,"ק""ג",false,1,6.50,6.50,true,1,
7296073327455,false,קמח תופח מנופה זיפר 1 קג,בר רב מפעלי תעשיה,IL,קמח תופח מנופה,קילוגרמים,1.00,"ק""ג",false,1,8.90,8.90,true,1,
7296073327707,false,לקט לסלט יחידה,רוני יצחק תעשיות מזון,IL,לקט לסלט,יחידה,1.00,יחידה,false,1,10.90,10.90,true,1,
7296082000035,false,"ביצים ""פלוס"" 6 יחידות",ביו אומגה,IL,ביצים פלוס 6 י,יחידה,1.00,יחידה,false,0,15.40,15.40,true,1,
7501013132106,false,מיץ אננס טבעי,,IL,מיץ אננס טבעי,מיליליטרים,1000.00,"100 מ""ל",false,0,13.20,1.32,true,1,
7501064191466,false,בירה קורונה 6 יח,,,בירה קורונה 6 יח,ליטרים,2.13,ליטר,false,0,49.90,23.43,true,1,
7610023050215,false,קרנצ' X 500 גרם,ביו פמיליה,CH,קרנצ' X דגנים,גרמים,500.00,100 גרם,false,0,26.00,5.20,true,1,
7613033548192,false,פיטנס שוקולד מריר 375גרם,נסטלה,FR,פיטנס שוקולד,גרמים,375.00,100 גרם,false,0,23.90,6.37,true,1,
7613034792785,false,מולטי צ'יריוס 565 גרם,סי.פי אנגליה,GB,מולטי צ'יריוס,גרמים,565.00,100 גרם,false,0,25.90,4.58,true,1,
7613035635845,false,גרנולה שוקולד פיטנס 300ג,נסטלה,FR,גרנולה פיטנס,גרמים,300.00,100 גרם,false,1,15.90,5.30,true,1,
7613035698741,false,קפסולות שוקוצ'ינו 256 גר,נסטלה,GB,קפסולות שוקוצינו,גרמים,256.00,100 גרם,false,1,28.90,11.29,true,1,
7613036045544,false,פייבר וואן 460 גרם,נסטלה,PT,פייבר וואן,גרמים,460.00,100 גרם,false,1,25.90,5.63,true,1,
7613036387798,false,דגני פיטנס יוגורט 350 גר,נסטלה,IL,דגני פיטנס,גרמים,350.00,100 גרם,false,1,23.90,6.83,true,1,
7622201050757,false,שוקולד מילקה קרמל 100גרם,מונדלייז,DE,שוקולד מילקה,גרמים,100.00,100 גרם,false,0,7.90,7.90,true,1,
7622300489427,false,אוראו מצופה שוק.לבן246ג,מונדלייז,ES,עוגיות אוראו,גרמים,246.00,100 גרם,false,1,21.50,8.74,true,1,
7622300489434,false,אוראו מצופה שוק.חלב246ג,מונדלייז,ES,עוגיות אוראו,גרמים,246.00,100 גרם,false,1,21.50,8.74,true,1,
7622300495046,false,מילקה אקסטרה קקאו 100גר,מונדלייז,DE,שוקולד מילקה,גרמים,100.00,100 גרם,false,0,7.90,7.90,true,1,
7622300617820,false,שוקולד מילקה אוראו 100 ג,מונדלייז,DE,שוקולד מילקה,גרמים,100.00,100 גרם,false,0,7.90,7.90,true,1,
7702018357871,false,ג'ל ג. פרוגלייד 2ב1- 200,פרוקטר & גמבל,GB,ג'ל גילוח,מיליליטרים,200.00,"100 מ""ל",false,1,29.20,14.60,true,1,
7792860006218,false,בייבי דול לקקן 24 גרם,לרטייר,AR,בייבי דול לקקן,גרמים,24.00,100 גרם,false,0,2.50,10.42,true,1,
7891024030974,false,משחת קולגייט טריפל אקש75,קולגייט-פלמוליב,PL,משחת שיניים,מיליליטרים,75.00,"100 מ""ל",false,1,6.90,9.20,true,1,
8000380001446,false,לואקיני חלב 100 גרם,לואקר,IT,לואקיני מריר,גרמים,100.00,100 גרם,false,1,16.90,16.90,true,1,
8000380004966,false,ופלים קואדרטיני קקאו250ג,לואקר,IT,ופל קואדרטיני,גרמים,250.00,100 גרם,false,0,15.20,6.08,true,1,
8000500026731,false,ביצי הפתעה קינדר 20*3 גר,פררו אס.פי.אי,IT,ביצי הפתעה קינדר,גרמים,60.00,100 גרם,false,1,15.50,25.83,true,1,
8000500075708,false,ביצי קינדר ג'וי כחול20*3,פררו - אלבה,PL,קינדר ג'וי כחול,גרמים,60.00,100 גרם,false,0,15.50,25.83,true,1,
8000500121436,false,קינדר בואנו לבן 39*3 גרם,פררו - אלבה,PL,קינדר בואנו לבן,גרמים,117.00,100 גרם,false,0,11.90,10.17,true,1,
8000500214138,false,קינדר בואנו דארק43*3גר,פררו - אלבה,PL,קינדר בואנו דארק,גרמים,129.00,100 גרם,false,1,11.90,9.22,true,1,
8000500249352,false,קינדר בואנו מיני מיקס205,פררו - אלבה,PL,קינדר בואנו מיני,גרמים,205.00,100 גרם,false,1,18.90,9.22,true,1,
8001090162496,false,טבליות כביסה אריאל 42 יח,פרוקטר & גמבל,FR,טבליות לכביסה,יחידה,1.00,יחידה,false,1,46.90,46.90,true,1,
8001090184375,false,פיירי לכלים אוריגינל 900,פרוקטר אנד גמבל,GB,פיירי לכלים,מיליליטרים,900.00,"100 מ""ל",false,1,12.50,1.39,true,1,
8001090184412,false,פיירי לכלים לימון 900 מל,פרוקטר אנד גמבל,GB,פיירי לכלים,מיליליטרים,900.00,"100 מ""ל",false,1,12.50,1.39,true,1,
8001090734044,false,64מגני תח.אולוויז מגה L,פרוקטר & גמבל,DE,מגן תחתון אולווי,יחידה,1.00,יחידה,false,1,26.90,26.90,true,1,
8001090776068,false,פיירי נ.כלים משי ורד780מ,פרוקטר אנד גמבל,GB,פיירי נוזל כלים,מיליליטרים,780.00,"100 מ""ל",false,1,12.50,1.60,true,1,
8002267014945,false,ביצי הפתעה הוט ווילס20*3,דולפין,IT,ביצי הפתעה,גרמים,60.00,100 גרם,false,1,13.90,23.17,true,1,
8003496004707,false,רוטב פסאטה פטי 700 גרם,איטליאן פוד,IT,רוטב פסאטה,גרמים,700.00,100 גרם,false,1,12.90,1.84,true,1,
8004030081024,false,טונה בשמן זית ופלפל160גר,בולטון,IT,טונה בשמן זית,גרמים,160.00,100 גרם,false,0,18.70,11.69,true,1,
8004030344938,false,טונה בשמן זית 80*3גרם,בולטון,IT,טונה ריו מרה 3יח,גרמים,240.00,100 גרם,false,0,28.70,11.96,true,1,
8005110060007,false,עגבניות מקולפות,,,עגבניות מקולפות,גרמים,400.00,100 גרם,false,0,7.20,1.80,true,1,
8005110170300,false,עגבניות חתוכות3*,,,עגבניות חתוכות3*,קילוגרמים,1.20,"ק""ג",false,0,18.90,15.75,true,1,
8005110191015,false,רסק עגבניות+בזיליקום700ג,מוטי,IT,רסק עגבניות,גרמים,700.00,100 גרם,false,0,13.90,1.99,true,1,
8005110551215,false,רוטב לפיצה 400 גרם,מוטי,IT,רוטב לפיצה,גרמים,400.00,100 גרם,false,1,9.90,2.48,true,1,
8005120211963,false,משמש חצי מיובש 200גרם,NOBERASCO,IT,משמש חצי מיובש,גרמים,200.00,100 גרם,false,1,19.90,9.95,true,1,
8005200516520,false,נסטי דיאט טעם אפרסק 1.5ל,סן-פלגרינו,IT,נסטי דיאט אפרסק,ליטרים,1.50,ליטר,false,0,6.90,4.60,true,1,
8005200536528,false,נסטי מנגו אננס 1.5 ליטר,סן-פלגרינו,IT,נסטי מנגו אננס,ליטרים,1.50,ליטר,false,0,6.90,4.60,true,1,
8005803010357,false,גריסיני קלאסי 125 גרם,הוסטה איטליה,IT,גריסיני קלאסי,גרמים,125.00,100 גרם,false,1,8.90,7.12,true,1,
8005803010586,false,גריסיני פיצה 125 גרם,הוסטה איטליה,IT,גריסיני פיצה,גרמים,125.00,100 גרם,false,1,8.90,7.12,true,1,
8007178120310,false,"חומץ בלסמי גקובזי 500מ""ל",ג'אקובזי,IT,חומץ בלסמי,מיליליטרים,500.00,"100 מ""ל",false,0,24.60,4.92,true,1,
8008343200035,false,פסטה רומו ספגטי 500 גרם,רומו,IT,פסטה רומו,גרמים,500.00,100 גרם,false,1,9.90,1.98,true,1,
8008343200134,false,פסטה רומו לינגוינה 500גר,רומו,IT,פסטה רומו,גרמים,500.00,100 גרם,false,1,9.90,1.98,true,1,
8008343200486,false,פסטה רומו פוזילי 500 גרם,רומו,IT,פסטה רומו,גרמים,500.00,100 גרם,false,1,9.90,1.98,true,1,
8008343200851,false,פסטה רומו פרפלה 500 גרם,רומו,IT,פסטה רומו,גרמים,500.00,100 גרם,false,1,9.90,1.98,true,1,
8008343201377,false,פסטה רומו רדיאטורי 500גר,רומו,IT,פסטה רומו,גרמים,500.00,100 גרם,false,1,9.90,1.98,true,1,
8008343279819,false,רוטב פסטה ארביאטה 350גרם,גרופו פיני,IT,רוטב פסטה רומו,גרמים,350.00,100 גרם,false,1,12.90,3.69,true,1,
8014515330738,false,קוביות עגבניות פומו400גר,שופרסל-ייבוא,,קוביות עגבניות,גרמים,400.00,100 גרם,false,0,6.70,1.68,true,1,
8015565030210,false,חטיף קרקר עם זיתים175ג,לוריארי אס אל אר,IT,קרקר עם זיתים,גרמים,175.00,100 גרם,false,1,9.90,5.66,true,1,
8015565030289,false,קרקרים עם שומשום ופרג175,לוריארי אס אל אר,IT,קרקרים שומשום,גרמים,175.00,100 גרם,false,1,9.90,5.66,true,1,
8076800195033,false,ספגטיני מס' 3 500 גרם,ברילה,IT,ספגטיני מס' 3,גרמים,500.00,100 גרם,false,0,7.90,1.58,true,1,
8076800195057,false,ספגטיני מס' 5 ברילה500גר,ברילה,IT,ספגטי מס 5 ברילה,גרמים,500.00,100 גרם,false,0,7.90,1.58,true,1,
8076800195132,false,אטריות בבטה מס13' 500גרם,ברילה,IT,אטריות בבטה,גרמים,500.00,100 גרם,false,0,7.90,1.58,true,1,
8076800315097,false,ספגטי בוקטיני מס9' 500גר,ברילה,IT,ספגטי בוקטיני,גרמים,500.00,100 גרם,false,0,7.90,1.58,true,1,
8076800315271,false,כוכבים סטלינה 500 גרם,ברילה,IT,כוכבים סטלינה,גרמים,500.00,100 גרם,false,1,7.90,1.58,true,1,
8076802085738,false,פנה ריגטה מס73' 500 גרם,ברילה,IL,פנה ריגטה ברילה,גרמים,500.00,100 גרם,false,0,7.90,1.58,true,1,
8076802085936,false,קונצ'יליה ריגטי 500 גרם,ברילה,IT,קונצ'יליה,גרמים,500.00,100 גרם,false,0,7.90,1.58,true,1,
8076802085981,false,פסטה פוזילי מס98' 500גרם,ברילה,IT,פוזילי ברילה,גרמים,500.00,100 גרם,false,0,7.90,1.58,true,1,
8076808060654,false,פסטה פרפלה מס65' 500 גרם,ברילה,IL,פסטה פרפלה ברילה,גרמים,500.00,100 גרם,false,0,7.90,1.58,true,1,
8076808070882,false,קנלוני ברילה 250 גרם,ברילה,IT,קנלוני ברילה,גרמים,250.00,100 גרם,false,0,15.80,6.32,true,1,
8076808150072,false,ספגטי מס' 7 500 גרם,ברילה,IT,ספגטי ברילה,גרמים,500.00,100 גרם,false,0,7.90,1.58,true,1,
8076809512268,false,פסטה גירנדולה מס34' 500ג,ברילה,IT,פסטה גירנדולה,גרמים,500.00,100 גרם,false,0,7.90,1.58,true,1,
8076809513395,false,רוטב פומודורו ברילה 400ג,ברילה,IT,רוטב עגבניות,גרמים,400.00,100 גרם,false,0,15.90,3.98,true,1,
8076809513692,false,רוטב לפסטה נפוליטנה400גר,ברילה,IT,רוטב לפסטה,גרמים,400.00,100 גרם,false,0,15.90,3.98,true,1,
8076809523561,false,רוטב עגבניות טוסקנה400ג,ברילה,IT,רוטב עגבניות,גרמים,400.00,100 גרם,false,0,15.90,3.98,true,1,
8076809523738,false,לזניה ברילה 500 גרם,ברילה,IT,לזניה ברילה,גרמים,500.00,100 גרם,false,0,25.70,5.14,true,1,
8076809529419,false,ספגטי מחיטה מלאה 500 גרם,ברילה,IT,ספגטי חיטה מלא,גרמים,500.00,100 גרם,false,0,14.90,2.98,true,1,
8076809529433,false,פנטה רגטה מחיטה מלאה500ג,ברילה,IT,פנטה רגטה,גרמים,500.00,100 גרם,false,0,14.90,2.98,true,1,
8076809537100,false,פתיתים סלנטני ברילה500ג,ברילה,IT,פתיתים סלנטיני,גרמים,500.00,100 גרם,false,0,7.90,1.58,true,1,
8410076600622,false,קראנץ שבבי שוקולד 210ג,ג'נרל מילס,GB,נייצר וואלי שוקו,גרמים,210.00,100 גרם,false,0,21.90,10.43,true,1,
8410076610379,false,נייטשר פרוטאין שוקו40*4ג,ג'נרל מילס,ES,נייטשר וואלי,גרמים,160.00,100 גרם,false,1,26.90,16.81,true,1,
8410076620361,false,נייטשר ואלי קרם שקד38*4ג,"סרלטו סינטרה מזון בע""מ",PT,חטיף נייטשר ואלי,גרמים,196.00,100 גרם,false,1,21.90,11.17,true,1,
8410104044916,false,"פיניש אבקה למדיח 2.7 ק""ג",רקיט בנקיזר,IL,"פיניש אבקה למדיח 2.7 ק""ג",קילוגרמים,2.70,"ק""ג",false,0,53.40,19.78,true,1,
8410104045111,false,"פיניש מלח למדיח 2 ק""ג",רקיט בנקיזר,IL,מלח למדיח,קילוגרמים,2.00,"ק""ג",false,0,16.80,8.40,true,1,
8410644611203,false,קאווה אימבריקה,,ES,קאווה אימבריקה,מיליליטרים,750.00,"100 מ""ל",false,0,34.60,4.61,true,1,
8420708012822,false,גבינה קשקבל בשלה 200 גרם,לקטיס סאן וינשנטה,ES,גבינה קשקבל,גרמים,200.00,100 גרם,false,0,23.90,11.95,true,1,
8423207206488,false,סלים דליס מצופה שוקולד6י,סלים דליס,ES,חטיפי דגנים מרבה,גרמים,120.00,100 גרם,false,0,16.90,14.08,true,1,
8423207206495,false,סלים דליס שוקולד מריר6י,סלים דליס,ES,חטיפי דגנים מרבה,גרמים,120.00,100 גרם,false,0,16.90,14.08,true,1,
8423207206501,false,סלים דליס רב דגנים חלב6י,סלים דליס,ES,חטיפי דגנים מרבה,גרמים,120.00,100 גרם,false,0,16.90,14.08,true,1,
8425206000081,false,ריבת חלב,,IL,ריבת חלב,גרמים,450.00,100 גרם,false,0,21.90,4.87,true,1,
8690637655968,false,סיף ג'ל אקונומיקה 750מל,יוניליוור,IL,סיף ג'ל רוח ים,מיליליטרים,750.00,"100 מ""ל",false,0,14.60,1.95,true,1,
8690637682551,false,בדין אקסטרה שחור960מל,יוניליוור,TR,בדין אקסטרה,מיליליטרים,960.00,"100 מ""ל",false,0,17.90,1.86,true,1,
8690637835643,false,תה ירוק לימונית לואיזה20,יוניליוור,TR,תה ירוק ליפטון,גרמים,30.00,100 גרם,false,1,17.30,57.67,true,1,
8690766087265,false,חטיפי ניבלס שוקולד חלב45,DIGESTIVE MCVITIES,TR,חטיפי ניבלס,גרמים,45.00,100 גרם,false,1,6.50,14.44,true,1,
8690777221405,false,פלפל אדום קלוי,,,פלפל אדום קלוי,גרמים,650.00,100 גרם,false,0,14.50,2.23,true,1,
8690784511445,false,דאק לאסלה 5ב1ניחוח לבנדר,דאופלור S.P.I,IT,דאק לאסלה 5ב1,יחידה,1.00,יחידה,false,1,9.90,9.90,true,1,
8690784516556,false,"דאק נוזל ג'ל מנטה 750מ""ל",אס סי ג'ונסון,NL,דאק נוזל ג'ל,מיליליטרים,750.00,"100 מ""ל",false,1,11.90,1.59,true,1,
8697530910743,false,פאל מאל כחול חפיסה,bat,TR,פאל מאל חפ.,יחידה,1.00,יחידה,false,0,29.00,29.00,false,1,
8697530910750,false,פאל מאל כחול ארוך חפ.,bat,TR,פאל מאל חפ.,יחידה,1.00,יחידה,false,0,29.00,29.00,false,1,
8710502515019,false,חטיפי גרנולה אוכמניות127,מרבה,NL,חטיפי גרנולה,גרמים,127.00,100 גרם,false,1,10.90,8.58,true,1,
8710908160226,false,מרכך טרזמה לפני חפיפה500,יוניליוור,IL,מרכך טרזמה,מיליליטרים,500.00,"100 מ""ל",false,1,22.90,4.58,true,1,
8710908326691,false,דאב תחליב רח.אדמונית750,יוניליוור,DE,תחליב רחצה דאב,מיליליטרים,750.00,"100 מ""ל",false,1,25.90,3.45,true,1,
8710908688041,false,דאו.אקס ספריי אדרנלין150,יוניליוור,GB,דאו.אקס,מיליליטרים,150.00,"100 מ""ל",false,1,22.90,15.27,true,1,
8711000362747,false,קפסולות ריסטרטו לור 52גר,JDE,FR,קפסולות לור,גרמים,52.00,100 גרם,false,1,19.90,38.27,true,1,
8713276001207,false,פופקורן פפריקה 90 גרם,גימי פרודוכטס בי וי,NL,פופקורן פפריקה,גרמים,90.00,100 גרם,false,1,6.50,7.22,true,1,
8714599513835,false,קפה ג'קובס נט.קופאין200ג,*ג'יי.די.אי,RU,קפה ג'קובס נטול,גרמים,200.00,100 גרם,false,1,42.90,21.45,true,1,
8714599513866,false,קפה נמס ג'קובס קרוננג200,ג'יי.די.אי.,RU,קפה נמס ג'קובס,גרמים,200.00,100 גרם,false,1,33.90,16.95,true,1,
8714789095653,false,"משחה קולגייט הרבל100 מ""ל",קולגייט-פלמוליב,IL,משחת שיניים,מיליליטרים,100.00,"100 מ""ל",false,0,14.80,14.80,true,1,
8714789132549,false,קולגייט הרבל להלבנה100מל,קולגייט-פלמוליב,BR,משחת שיניים,מיליליטרים,100.00,"100 מ""ל",false,0,14.80,14.80,true,1,
8714789177229,false,4 מב.קולגייט אקסטרה קלין,קולגייט-פלמוליב,VN,4 מברשות שיניים,יחידה,1.00,יחידה,false,0,17.90,17.90,true,1,
8714789303925,false,2 מברשות קולגייט סנסטיב,קולגייט-פלמוליב,CH,2 מברשות שיניים,יחידה,1.00,יחידה,false,0,40.90,40.90,true,1,
8714789722610,false,משחת קולגייט סנסטיב 75מל,קולגייט-פלמוליב,PL,משחת קולגייט,מיליליטרים,75.00,"100 מ""ל",false,0,14.90,19.87,true,1,
8715700110141,false,ממרח מיונז צנצנת היינ460,היינץ,NL,ממרח מיונז,גרמים,460.00,100 גרם,false,1,12.90,2.80,true,1,
8715700110158,false,ממרח מיונז במרקם קרמי490,היינץ,NL,ממרח מיונז,גרמים,490.00,100 גרם,false,1,12.90,2.63,true,1,
8715700419732,false,מתבל עגבניות היינץ700גרם,היינץ,NL,מתבל עגבניות,גרמים,700.00,100 גרם,false,0,14.90,2.13,true,1,
8715700423906,false,מתבל עגב.מופ.סוכר/מלח550,היינץ,NL,מתבל עגבניות,גרמים,555.00,100 גרם,false,1,11.90,2.14,true,1,
8723400776901,false,סוכ.מנטוס פופינס פירות50,פרפטי ואן מלה,NL,סוכריות מנטוס,גרמים,50.00,100 גרם,false,1,5.50,11.00,true,1,
8723400776918,false,סוכ.מנטוס פופינס חמוץ50ג,פרפטי ואן מלה,NL,סוכריות מנטוס,גרמים,50.00,100 גרם,false,1,5.50,11.00,true,1,
8801055706952,false,נסקפה קפוצ'ינו קרמל170גר,נסטלה,KR,קפוצ'ינו קרמל,גרמים,170.00,100 גרם,false,0,21.10,12.41,true,1,
8801055706976,false,נסקפה קפוצ'ינו וניל185ג,נסטלה,KR,קפוצ'ינו וניל,גרמים,185.00,100 גרם,false,0,21.10,11.41,true,1,
8801055707010,false,נסקפה קפוצינו קלאסיק125ג,נסטלה,KR,נס קפה קפוצ'ינו,גרמים,125.00,100 גרם,false,0,21.10,16.88,true,1,
8801055707966,false,טסטרס צ'וייס בריסטה180ג,נסטלה,KR,טסטרס צ'וייס,גרמים,180.00,100 גרם,false,1,32.90,18.28,true,1,
8850389105849,false,סאפה אלוורה טעם אפרסק 1ל,FOOD GENERAL SAPANAN,TH,סאפה אפרסק,ליטרים,1.00,ליטר,false,0,12.80,12.80,true,1,
8850632604259,false,יוגטה חמוץ מקלות תות 50ג,סאאדת,TH,יוגטה ממתק חמוץ,גרמים,50.00,100 גרם,false,0,5.30,10.60,true,1,
8851613101385,false,חלב קוקוס,,TR,חלב קוקוס,מיליליטרים,500.00,"100 מ""ל",false,0,12.00,2.40,true,1,
8857101301008,false,רוטב צ'ילי,,TH,רוטב צ'ילי,מיליליטרים,700.00,"100 מ""ל",false,0,10.20,1.46,true,1,
8888021200720,false,שמינית סוללות AAA,אנרג'ייזר,US,8 סוללות AAA,יחידה,1.00,יחידה,false,0,29.70,29.70,true,1,
8901483010505,false,קורנישון בחומץ,,,קורנישון בחומץ,גרמים,680.00,100 גרם,false,0,10.40,1.53,true,1,
9310072028743,false,טים טם אורגינל 200 גרם,ספץ תעשיות,AU,טים טם אורגינל,גרמים,200.00,100 גרם,false,1,21.70,10.85,true,1,
