code,internal_code,name,manufacturer_name,manufacture_country,manufacturer_item_description,unit_qty,quantity,unit_of_measure,weighted,qty_in_package,price,unit_of_measure_price,allow_discount,status,item_id
-999,true,~מב~~צע ~מ~~ק~~ס~~~10000~,שונות /שרות,,,"י""ח",1,,false,1,0.01,0.01,false,1,
-999,true,+,לפ קואופ ישראל רשת סופרמר,,,"י""ח",200,ל  גרם,false,1,5,2.50,false,1,
2,true,"עמלת החזרת צ ק 14ש""ח",שונות /שרות,,,"י""ח",1,,false,1,14,14,false,1,
4,true,משלוח מוסדות,שונות /שרות,,,"י""ח",1,,false,1,23,23,false,1,
10,true,כרטיס מועדון,שונות /שרות,,,"י""ח",1,,false,1,30,30,false,1,
39,true,ב  39 תו קניה,שונות /שרות,,,"י""ח",1,,false,1,10,10,false,1,
55,true,צלי כתף בשר לא מוכשר,ב ספק בשר קפוא,,,"ק""ג",10,"ק""ג",true,1,62.90,6.29,false,1,
59,true,קשתית בשר לא מוכשר,ב ספק בשר קפוא,,,"ק""ג",1,,true,1,27.90,27.90,false,1,
139,true,"תיבה מעץ 28 ש""ח",לפ אליס אריזות מתנה~~~,,,"י""ח",1,,false,1,28,28,false,1,
151,true,עוף טחון טרי  {קצביה]**,ח.י. מעדני גורמה בעמ,,,"ק""ג",1,,true,1,49.90,49.90,true,1,
235,true,סלק אדום,שונות /שרות,,,"ק""ג",1,,true,1,28,28,false,1,
318,true,מדבקות למקודד ציבעוני,שונות /שרות,,,"י""ח",1,,false,1,0.10,0.10,false,1,
352,true,חסה עגולה,ביכורי השדה צפון 1994 ג.ד. בעמ,,,"י""ח",1,,false,1,6.90,6.90,false,1,
457,true,חלה מיני,לפ מאפיית שפע נעמן,,,"י""ח",1,,false,1,3.99,3.99,false,1,
504,true,אנונה,ביכורי השדה צפון 1994 ג.ד. בעמ,,,"ק""ג",1,,true,1,24.90,24.90,false,1,
505,true,אבוקדו,ביכורי השדה צפון 1994 ג.ד. בעמ,,,"ק""ג",1,"ק""ג",true,1,10.90,10.90,false,1,
506,true,אבטיח,ביכורי השדה צפון 1994 ג.ד. בעמ,,,"ק""ג",1,"ק""ג",true,1,5.90,5.90,false,1,
509,true,קסביה,ביכורי השדה צפון 1994 ג.ד. בעמ,,,"ק""ג",1,"ק""ג",true,1,15.90,15.90,false,1,
510,true,אגסים,ביכורי השדה צפון 1994 ג.ד. בעמ,,,"ק""ג",1,"ק""ג",true,1,12.90,12.90,false,1,
511,true,אגס קטן,ביכורי השדה צפון 1994 ג.ד. בעמ,,,"י""ח",1,,true,1,7.90,7.90,false,1,
514,true,תפוזון,ביכורי השדה צפון 1994 ג.ד. בעמ,,,"ק""ג",1,,true,1,5.90,5.90,false,1,
515,true,אפרסמון,ביכורי השדה צפון 1994 ג.ד. בעמ,,,"ק""ג",1,"ק""ג",true,1,11.90,11.90,false,1,
516,true,קרמבולה,ביכורי השדה צפון 1994 ג.ד. בעמ,,,"ק""ג",1,,true,1,39.90,39.90,false,1,
522,true,אננס.,ביכורי השדה צפון 1994 ג.ד. בעמ,,,"י""ח",1,,false,1,29.90,29.90,false,1,
523,true,אשכולית אדומה,ביכורי השדה צפון 1994 ג.ד. בעמ,,,"ק""ג",1,"ק""ג",true,1,6.90,6.90,false,1,
525,true,אשכולית,ביכורי השדה צפון 1994 ג.ד. בעמ,,,"ק""ג",1,"ק""ג",true,1,5.90,5.90,false,1,
530,true,בננה.,ביכורי השדה צפון 1994 ג.ד. בעמ,,,"ק""ג",1,"ק""ג",true,1,7.90,7.90,false,1,
533,true,גויאבה,ביכורי השדה צפון 1994 ג.ד. בעמ,,,"ק""ג",1,"ק""ג",true,1,18.90,18.90,false,1,
535,true,לימון,ביכורי השדה צפון 1994 ג.ד. בעמ,,,"ק""ג",1,"ק""ג",true,1,6.90,6.90,false,1,
536,true,פמלה,ביכורי השדה צפון 1994 ג.ד. בעמ,,,"ק""ג",1,"ק""ג",true,1,6.90,6.90,false,1,
540,true,מלון,ביכורי השדה צפון 1994 ג.ד. בעמ,,,"ק""ג",1,"ק""ג",true,1,6.90,6.90,false,1,
543,true,מנגו,ביכורי השדה צפון 1994 ג.ד. בעמ,,,"ק""ג",1,"ק""ג",true,1,5.90,5.90,false,1,
545,true,נקטרינה,ביכורי השדה צפון 1994 ג.ד. בעמ,,,"ק""ג",1,"ק""ג",true,1,6.90,6.90,false,1,
546,true,פפאיה,ביכורי השדה צפון 1994 ג.ד. בעמ,,,"ק""ג",1,,true,1,11.90,11.90,false,1,
549,true,תפוח ארוז,ביכורי השדה צפון 1994 ג.ד. בעמ,,,"ק""ג",1,,true,1,8.90,8.90,false,1,
553,true,ענב אדום,ביכורי השדה צפון 1994 ג.ד. בעמ,,,"ק""ג",1,"ק""ג",true,1,16.90,16.90,false,1,
554,true,ענבים לבן .,ביכורי השדה צפון 1994 ג.ד. בעמ,,,"ק""ג",1,"ק""ג",true,1,22.90,22.90,false,1,
557,true,פמלית,ביכורי השדה צפון 1994 ג.ד. בעמ,,,"ק""ג",1,"ק""ג",true,1,8.90,8.90,false,1,
560,true,קלמנטינה,ביכורי השדה צפון 1994 ג.ד. בעמ,,,"ק""ג",1,"ק""ג",true,1,5.90,5.90,false,1,
563,true,קיווי.,ביכורי השדה צפון 1994 ג.ד. בעמ,,,"ק""ג",1,"ק""ג",true,1,19.90,19.90,false,1,
564,true,רימונים,ביכורי השדה צפון 1994 ג.ד. בעמ,,,"ק""ג",1,"ק""ג",true,1,7.90,7.90,false,1,
566,true,שזיף אדום.,ביכורי השדה צפון 1994 ג.ד. בעמ,,,"ק""ג",1,"ק""ג",true,1,15.90,15.90,false,1,
567,true,גזר בתפזורת,ביכורי השדה צפון 1994 ג.ד. בעמ,,,"ק""ג",1,,true,1,3.90,3.90,false,1,
569,true,שזיף שגיב,ביכורי השדה צפון 1994 ג.ד. בעמ,,,"ק""ג",1,,true,1,19.90,19.90,false,1,
575,true,תפוז תבורי.,ביכורי השדה צפון 1994 ג.ד. בעמ,,,"ק""ג",1,"ק""ג",true,1,5.90,5.90,false,1,
576,true,תפוזינה,ביכורי השדה צפון 1994 ג.ד. בעמ,,,"ק""ג",1,,true,1,4.90,4.90,false,1,
580,true,תפוח אנה,ביכורי השדה צפון 1994 ג.ד. בעמ,,,"ק""ג",1,"ק""ג",true,1,10.90,10.90,false,1,
581,true,תפוח יונתן,ביכורי השדה צפון 1994 ג.ד. בעמ,,,"ק""ג",1,"ק""ג",true,1,10.90,10.90,false,1,
583,true,תפוח סמיט ירוק,ביכורי השדה צפון 1994 ג.ד. בעמ,,,"ק""ג",1,"ק""ג",true,1,10.90,10.90,false,1,
585,true,תפוח חרמון,ביכורי השדה צפון 1994 ג.ד. בעמ,,,"ק""ג",1,"ק""ג",true,1,10.90,10.90,false,1,
586,true,תפוז ברשת,ביכורי השדה צפון 1994 ג.ד. בעמ,,,"ק""ג",1,,true,1,7.90,7.90,false,1,
588,true,תפוח גלה,ביכורי השדה צפון 1994 ג.ד. בעמ,,,"ק""ג",1,"ק""ג",true,1,13.90,13.90,false,1,
590,true,תפוח זהוב.,ביכורי השדה צפון 1994 ג.ד. בעמ,,,"ק""ג",1,"ק""ג",true,1,10.90,10.90,false,1,
594,true,סברס,ביכורי השדה צפון 1994 ג.ד. בעמ,,,"ק""ג",1,"ק""ג",true,1,29.90,29.90,false,1,
596,true,תפוזינה,ביכורי השדה צפון 1994 ג.ד. בעמ,,,"י""ח",1,,true,1,3.90,3.90,false,1,
600,true,לימון בלדי-קטן,ביכורי השדה צפון 1994 ג.ד. בעמ,,,"ק""ג",1,,true,1,13.90,13.90,false,1,
601,true,ארטישוק,ביכורי השדה צפון 1994 ג.ד. בעמ,,,"ק""ג",1,"ק""ג",true,1,9.90,9.90,false,1,
603,true,פטרוזיליה רגילה לא ארוז,ביכורי השדה צפון 1994 ג.ד. בעמ,,,"י""ח",1,,false,1,3.90,3.90,true,1,
604,true,נענע רגילה לא ארוז,ביכורי השדה צפון 1994 ג.ד. בעמ,,,"י""ח",1,,false,1,3.90,3.90,true,1,
605,true,בצל יבש,ביכורי השדה צפון 1994 ג.ד. בעמ,,,"ק""ג",1,"ק""ג",true,1,3.90,3.90,false,1,
606,true,בצל אדום,ביכורי השדה צפון 1994 ג.ד. בעמ,,,"ק""ג",1,"ק""ג",true,1,6.90,6.90,false,1,
612,true,בטטה,ביכורי השדה צפון 1994 ג.ד. בעמ,,,"ק""ג",1,"ק""ג",true,1,9.90,9.90,false,1,
620,true,דלעת,ביכורי השדה צפון 1994 ג.ד. בעמ,,,"ק""ג",1,"ק""ג",true,1,12.90,12.90,false,1,
622,true,דלורית,ביכורי השדה צפון 1994 ג.ד. בעמ,,,"ק""ג",1,"ק""ג",true,1,5.90,5.90,false,1,
623,true,חסה ערבית,ביכורי השדה צפון 1994 ג.ד. בעמ,,,"י""ח",1,,false,1,3.90,3.90,false,1,
625,true,חציל,ביכורי השדה צפון 1994 ג.ד. בעמ,,,"ק""ג",1,"ק""ג",true,1,6.90,6.90,false,1,
629,true,ירק בתפזורת,ביכורי השדה צפון 1994 ג.ד. בעמ,,,"י""ח",1,,false,1,3.90,3.90,true,1,
630,true,כרוב לבן,ביכורי השדה צפון 1994 ג.ד. בעמ,,,"ק""ג",1,"ק""ג",true,1,3.90,3.90,false,1,
633,true,כרוב אדום,ביכורי השדה צפון 1994 ג.ד. בעמ,,,"ק""ג",1,"ק""ג",true,1,4.90,4.90,false,1,
635,true,כרובית,ביכורי השדה צפון 1994 ג.ד. בעמ,,,"י""ח",1,"ק""ג",false,1,10.90,10.90,false,1,
636,true,שמיר רגיל לא ארוז,ביכורי השדה צפון 1994 ג.ד. בעמ,,,"י""ח",1,,false,1,3.90,3.90,true,1,
643,true,כוסברה רגילה לא ארוז,ביכורי השדה צפון 1994 ג.ד. בעמ,,,"י""ח",1,,false,1,3.90,3.90,true,1,
644,true,חסה אמריקאית,ביכורי השדה צפון 1994 ג.ד. בעמ,,,"י""ח",1,,false,1,6.90,6.90,false,1,
645,true,מלפפון.,ביכורי השדה צפון 1994 ג.ד. בעמ,,,"ק""ג",1,"ק""ג",true,1,6.90,6.90,false,1,
657,true,סלרי,ביכורי השדה צפון 1994 ג.ד. בעמ,,,"י""ח",1,,false,1,5.90,5.90,false,1,
659,true,סלק אדום,ביכורי השדה צפון 1994 ג.ד. בעמ,,,"ק""ג",1,"ק""ג",true,1,3.90,3.90,false,1,
660,true,עגבניה.,ביכורי השדה צפון 1994 ג.ד. בעמ,,,"ק""ג",1,"ק""ג",true,1,6.90,6.90,false,1,
661,true,עגבניה שרי תפזורת,ביכורי השדה צפון 1994 ג.ד. בעמ,,,"ק""ג",1,,true,1,18.90,18.90,false,1,
663,true,פלפל חריף ירוק,ביכורי השדה צפון 1994 ג.ד. בעמ,,,"ק""ג",1,"ק""ג",true,1,9.90,9.90,false,1,
664,true,פלפל חריף אדום,ביכורי השדה צפון 1994 ג.ד. בעמ,,,"ק""ג",1,,true,1,9.90,9.90,false,1,
665,true,פלפל כהה,ביכורי השדה צפון 1994 ג.ד. בעמ,,,"ק""ג",1,"ק""ג",true,1,8.90,8.90,false,1,
666,true,פלפל צהוב,ביכורי השדה צפון 1994 ג.ד. בעמ,,,"ק""ג",1,"ק""ג",true,1,9.90,9.90,false,1,
667,true,גמבה אדומה,ביכורי השדה צפון 1994 ג.ד. בעמ,,,"ק""ג",1,"ק""ג",true,1,9.90,9.90,false,1,
668,true,פק צ וי,ביכורי השדה צפון 1994 ג.ד. בעמ,,,"י""ח",1,,false,1,13.90,13.90,false,1,
669,true,פלפל בהיר,ביכורי השדה צפון 1994 ג.ד. בעמ,,,"ק""ג",0,"ק""ג",true,1,9.90,9.90,false,1,
677,true,צנון שחור,ביכורי השדה צפון 1994 ג.ד. בעמ,,,"ק""ג",1,,true,1,7.90,7.90,false,1,
678,true,סלט המלך,ביכורי השדה צפון 1994 ג.ד. בעמ,,,"י""ח",1,,false,1,10.90,10.90,false,1,
680,true,צנון,ביכורי השדה צפון 1994 ג.ד. בעמ,,,"ק""ג",1,"ק""ג",true,1,7.90,7.90,false,1,
684,true,זנגביל,ביכורי השדה צפון 1994 ג.ד. בעמ,,,"ק""ג",1,,true,1,29.90,29.90,false,1,
685,true,קישואים.,ביכורי השדה צפון 1994 ג.ד. בעמ,,,"ק""ג",1,"ק""ג",true,1,8.90,8.90,false,1,
687,true,קולורבי,ביכורי השדה צפון 1994 ג.ד. בעמ,,,"ק""ג",1,"ק""ג",true,1,9.90,9.90,false,1,
689,true,שום ארוז.,ביכורי השדה צפון 1994 ג.ד. בעמ,,,"י""ח",1,,false,1,7.90,7.90,true,1,
690,true,שומר,ביכורי השדה צפון 1994 ג.ד. בעמ,,,"ק""ג",1,"ק""ג",true,1,8.90,8.90,false,1,
692,true,שום טרי.,ביכורי השדה צפון 1994 ג.ד. בעמ,,,"ק""ג",1,,true,1,19.90,19.90,false,1,
698,true,תירס קלחים טרי ארוז.,ביכורי השדה צפון 1994 ג.ד. בעמ,,,"ק""ג",1,"ק""ג",true,1,8.90,8.90,false,1,
699,true,תפוח אדמה אדום.,ביכורי השדה צפון 1994 ג.ד. בעמ,,,"ק""ג",1,"ק""ג",true,1,4.90,4.90,false,1,
700,true,תפוח אדמה לבן ארוז,ביכורי השדה צפון 1994 ג.ד. בעמ,,,"ק""ג",1,"ק""ג",true,1,3.90,3.90,false,1,
702,true,"תפו""א לאפיה",ביכורי השדה צפון 1994 ג.ד. בעמ,,,"ק""ג",1,,true,1,3.90,3.90,false,1,
716,true,פלפל כתום,ביכורי השדה צפון 1994 ג.ד. בעמ,,,"ק""ג",1,"ק""ג",true,1,9.90,9.90,false,1,
720,true,אבוקדו ברשת,ביכורי השדה צפון 1994 ג.ד. בעמ,,,"ק""ג",1,,true,1,10.90,10.90,false,1,
723,true,תפוח פינק ישראלי.,ביכורי השדה צפון 1994 ג.ד. בעמ,,,"ק""ג",1,,true,1,19.90,19.90,false,1,
734,true,קובו,ביכורי השדה צפון 1994 ג.ד. בעמ,,,"ק""ג",1,,true,1,29.90,29.90,false,1,
741,true,"תפו""א בתפזורת",ביכורי השדה צפון 1994 ג.ד. בעמ,,,"ק""ג",1,,true,1,5.90,5.90,false,1,
770,true,פלפל שושקה,ביכורי השדה צפון 1994 ג.ד. בעמ,,,"ק""ג",1,,true,1,15.90,15.90,false,1,
821,true,תפוח פינק,ביכורי השדה צפון 1994 ג.ד. בעמ,,,"ק""ג",1,"ק""ג",true,1,19.90,19.90,false,1,
853,true,זיתים מיוחדים,תאסת את אצלן בעמ,,,"ק""ג",1,,true,1,44.90,44.90,false,1,
868,true,חצי בגט,שונות /שרות,,,"י""ח",1,,false,1,3,3,false,1,
877,true,מלפפון בייבי,ביכורי השדה צפון 1994 ג.ד. בעמ,,,"י""ח",1,,false,1,9.90,9.90,true,1,
891,true,אפרסמון קרמבו.,ביכורי השדה צפון 1994 ג.ד. בעמ,,,"ק""ג",1,"ק""ג",true,1,11.90,11.90,false,1,
918,true,שובר משלוחים צבי,שונות /שרות,,,"י""ח",1,,false,1,0.01,0.01,false,1,
958,true,פטיה,ביכורי השדה צפון 1994 ג.ד. בעמ,,,"ק""ג",0,"י""ח",true,1,24.90,24.90,false,1,
987,true,"שתיה קרה 330 מ""ל",תנובה בעמ ***,,,"י""ח",1,,false,1,5,5,false,1,
1074,true,כרוב אדום,ביכורי השדה צפון 1994 ג.ד. בעמ,,,"ק""ג",1,,true,1,5.90,5.90,false,1,
1326,true,תחתון טנגה לגבר *4,ליאור יבוא ושיווק מוצרי הלבשה,,,"י""ח",1,,false,1,29.90,29.90,false,1,
1461,true,גרביים בנים/בנות,ליאור יבוא ושיווק מוצרי הלבשה,,,"י""ח",1,,false,1,12.90,12.90,false,1,
1527,true,גרבי בריאות,ליאור יבוא ושיווק מוצרי הלבשה,,,"י""ח",1,,false,1,21.90,21.90,false,1,
1616,true,כוסברה,ביכורי השדה צפון 1994 ג.ד. בעמ,,,"י""ח",1,,false,1,6.90,6.90,true,1,
1727,true,גרב עקב בנים/בנות,ליאור יבוא ושיווק מוצרי הלבשה,,,"י""ח",1,,false,1,16.90,16.90,false,1,
2061,true,סטייק עם עצם  טרי**.,ח.י. מעדני גורמה בעמ,,,"ק""ג",1,,true,1,119.90,119.90,true,1,
2065,true,צלי כתף  טרי/מצונן**,ח.י. מעדני גורמה בעמ,,,"ק""ג",1,,true,1,99.90,99.90,false,1,
2068,true,שריר  טרי/מצונן**,ח.י. מעדני גורמה בעמ,,,"ק""ג",1,"ק""ג",true,1,69.90,69.90,true,1,
3416,true,קוקטייל עוף טרי מקוצב,ח.י. מעדני גורמה בעמ,,,"ק""ג",1,,true,1,49.90,49.90,true,1,
3993,true,בגט,לפ קבוצת אלירן בעמ,,,"י""ח",1,,false,1,5,5,false,1,
4443,true,סופגניה רגילה עם ריבה.,שונות /שרות,,,"י""ח",1,,false,1,4.90,4.90,true,1,
4444,true,סופגניה פרימיום מצופות.,ג נרל מילס ישראל בעמ,,,"י""ח",1,,false,1,5.90,5.90,true,1,
5015,true,סט כביסה עגול נמ,לפ הום פרפקט ק.ד.מבעמ,,,"י""ח",1,,false,1,5.67,5.67,false,1,
5052,true,3 ניסיון אלן,יוניליוור ישראל שיווק בעמ,,,"י""ח",1,,false,1,45,45,false,1,
5300,true,צוואר כבש  טרי**,ח.י. מעדני גורמה בעמ,,,"ק""ג",1,,true,1,79.90,79.90,false,1,
5757,true,תפוז אוצר הארץ,ביכורי השדה צפון 1994 ג.ד. בעמ,,,"ק""ג",1,"ק""ג",true,1,7.90,7.90,false,1,
6600,true,עגבניות בישול,ביכורי השדה צפון 1994 ג.ד. בעמ,,,"ק""ג",1,,true,1,3.90,3.90,false,1,
6660,true,סלסלה לחג,שונות /שרות,,,"י""ח",1,,false,1,180,180,false,1,
7557,true,פומלית שמיטה,ביכורי השדה צפון 1994 ג.ד. בעמ,,,"ק""ג",1,,true,1,5.90,5.90,false,1,
8027,true,תרומה ילדים בסיכוי,שונות /שרות,,,"י""ח",1,,false,1,10,10,false,1,
8867,true,"קנס""חותמת   אדומה""לא פעיל נרמין עזאם",שונות /שרות,,,"י""ח",1,,false,1,200,200,false,1,
8883,true,שקית שרות קופה גופיה ירוק עבה במיוחד,רזפול בעמ,,,"י""ח",1,,false,1,0.30,0.30,true,1,
9341,true,קופון הנחה ביסלי 200ג ב2ש,קבוצת אוסם סחר-שות.מוגבלת,,,"י""ח",1,,false,1,0.01,0.01,false,1,
9342,true,קופון הנחה אדממה 400ג ב2ש,בלדי בעמ,,,"י""ח",1,,false,1,0.01,0.01,false,1,
9343,true,קופון הנחה פיצה שלושת האופים ב5ש,נטו מלינדה סחר בעמ,,,"י""ח",1,,false,1,0.01,0.01,false,1,
11117,true,מאפים משקל,שונות /שרות,,,"ק""ג",300,ל  גרם,true,1,29.90,9.97,false,1,
12243,true,פפיה,ח.כהן סוכנות מזון ומשקאות בע,,,"ק""ג",1,,true,1,30.50,30.50,false,1,
18163,true,קישואים,פלאפל הגשר מרכז,,,"ק""ג",0,"ק""ג",true,1,8.90,8.90,false,1,
23809,true,יין קלאסיק ברקן ק. סובניון,טמפו משקאות בעמ,,,"י""ח",750,"ל  מ""ל",false,1,32.90,4.35,true,1,
23977,true,יין קלאסיק מרלו ברקן.,טמפו משקאות בעמ,,,"י""ח",750,"ל  מ""ל",false,1,32.90,4.35,true,1,
24554,true,יין   אסמבלאז`ריחן 2012,טמפו משקאות בעמ,,,"י""ח",750,"ל  מ""ל",false,1,59.90,7.95,true,1,
40974,true,חלב טרי דל לקטוז 1 ליטר,תנובה בעמ ***,,,"י""ח",1,ליטר,false,1,7.10,7.10,false,1,
41043,true,כנפיים עוף חצוי טרי**.,ח.י. מעדני גורמה בעמ,,,"ק""ג",1,,true,1,19,19,true,1,
41212,true,סטייק פרגיות  עוף טרי**,ח.י. מעדני גורמה בעמ,,,"ק""ג",1,,true,1,79.90,79.90,true,1,
41218,true,גרון עוף טרי  **,ח.י. מעדני גורמה בעמ,,,"ק""ג",1,,true,1,14.90,14.90,true,1,
41235,true,רצועות שוארמה  הודו**,ח.י. מעדני גורמה בעמ,,,"ק""ג",1,,true,1,74.90,74.90,false,1,
41260,true,כתף בקר טרי /מצונן חלק.,ח.י. מעדני גורמה בעמ,,,"ק""ג",1,,true,1,79.90,79.90,true,1,
41270,true,כנפית עוף **,ח.י. מעדני גורמה בעמ,,,"ק""ג",1,,true,1,21.90,21.90,true,1,
41271,true,אנטריקוט טרי/מצונן**,ח.י. מעדני גורמה בעמ,,,"ק""ג",1,,true,1,199,199,true,1,
41298,true,שוארמה נקבה  מחפוד  טרי**,ח.י. מעדני גורמה בעמ,,,"ק""ג",1,,true,1,69.90,69.90,false,1,
41379,true,שוקית כנף עוף **,ח.י. מעדני גורמה בעמ,,,"ק""ג",1,,true,1,21.90,21.90,true,1,
41414,true,אונטריף טרי/מצונן**,ח.י. מעדני גורמה בעמ,,,"ק""ג",1,,true,1,89.90,89.90,true,1,
41447,true,פרגית עוף לתנור עם עצם טרי**,ח.י. מעדני גורמה בעמ,,,"ק""ג",1,,true,1,59.90,59.90,true,1,
41545,true,רצועות  חזה עוף להקפצה /טחינה**.,ח.י. מעדני גורמה בעמ,,,"ק""ג",1,,true,1,44.90,44.90,true,1,
41548,true,שווארמה פרגיות **.,ח.י. מעדני גורמה בעמ,,,"ק""ג",1,,true,1,69.90,69.90,false,1,
41996,true,מעורב ישראלי,ח.י. מעדני גורמה בעמ,,,"ק""ג",1,,true,1,69.90,69.90,true,1,
42209,true,טחון כתף/צלעות טרי **,ח.י. מעדני גורמה בעמ,,,"ק""ג",1,,true,1,59.90,59.90,true,1,
46006,true,עמק שקילה  *,תנובה בעמ ***,,,"ק""ג",1000,ל  גרם,true,1,44.79,4.48,false,1,
46501,true,טל העמק שקיל,תנובה בעמ ***,,,"ק""ג",1000,ל  גרם,true,1,58,5.80,false,1,
46549,true,מוצרלה  חריץ 20% מהדרין שקיל,תנובה בעמ ***,,,"ק""ג",1,"ק""ג",true,1,80,80,false,1,
46662,true,.גבינה סקנדינבית,תנובה בעמ ***,,,"ק""ג",10,"ק""ג",true,1,76,7.60,false,1,
47034,true,רוקפור(גליל) חריץ שקיל תנובה,תנובה בעמ ***,,,"ק""ג",1000,ל  גרם,true,1,122,12.20,false,1,
47485,true,בולגרית פיראוס  %24 שקיל,תנובה בעמ ***,,,"ק""ג",1,"ק""ג",true,1,61,61,false,1,
51352,true,חלב של פעם 1 ליטר,תנובה בעמ ***,,,"י""ח",1,ליטר,false,1,7.60,7.60,false,1,
51710,true,פיראוס לאבנה עם שמן זית וזעתר 263גר`,תנובה בעמ ***,,,"י""ח",263,ל  גרם,false,1,13.90,5.29,false,1,
52311,true,עמק 15% פרוס בקופסא 200גר`,תנובה בעמ ***,,,"י""ח",200,ל  גרם,false,1,16.20,8.10,true,1,
52649,true,פיראוס לאבנה 5% 500גר`,תנובה בעמ ***,,,"י""ח",500,ל  גרם,false,1,20,4,false,1,
55329,true,"יופלה משקה יוגורט טעם תות-מלון 250מ""ל",תנובה בעמ ***,,,"י""ח",250,ל  גרם,false,1,5.60,2.24,false,1,
55336,true,"יופלה משקה יוגורט טעם בננה-אפרסק 250מ""",תנובה בעמ ***,,,"י""ח",250,ל  גרם,false,1,5.60,2.24,false,1,
55343,true,"יופלה משקה יוגורט טעם טרופי 250מ""ל",תנובה בעמ ***,,,"י""ח",250,ל  גרם,false,1,5.60,2.24,false,1,
55893,true,חמאה 200גרם   רגיל*תנובה,תנובה בעמ ***,,,"י""ח",200,ל  גרם,false,1,7.80,3.90,false,1,
56081,true,מאגדת פרילי טבע 6 יח,תנובה בעמ ***,,,"י""ח",1.20,"ק""ג",false,1,21.90,18.25,false,1,
56845,true,חלב תנובה טרי הומוגני 3% 1.5  ליטר*,תנובה בעמ ***,,,"י""ח",1.50,ליטר,false,1,9.34,6.23,false,1,
56883,true,מאגדת יופלה שמיניה פירות 3%,תנובה בעמ ***,,,"י""ח",1.20,ליטר,false,1,29.90,24.92,false,1,
56890,true,מאגדת  יופלה שמיניה דיאט 0%,תנובה בעמ ***,,,"י""ח",1.20,ליטר,false,1,30.50,25.42,false,1,
57088,true,עמק דק 200גר`,תנובה בעמ ***,,,"י""ח",200,ל  גרם,false,1,16.30,8.15,true,1,
57118,true,עמק סמי מעדניה  400גרם,תנובה בעמ ***,,,"י""ח",400,ל  גרם,false,1,20.90,5.23,false,1,
57132,true,יוגורט תנובה 1.5% 200גרם,תנובה בעמ ***,,,"י""ח",200,ל  גרם,false,1,3.20,1.60,false,1,
57149,true,יוגורט תנובה 3% 200גרם,תנובה בעמ ***,,,"י""ח",200,ל  גרם,false,1,3.20,1.60,false,1,
58047,true,"שמנת מתוקה  (38%תנובה)עם  פקק 500 מ""ל*",תנובה בעמ ***,,,"י""ח",500,"ל  מ""ל",false,1,12.94,2.59,false,1,
58979,true,ג לי בטעם תות 125גר,תנובה בעמ ***,,,"י""ח",125,"ל  מ""ל",false,1,1.50,1.20,false,1,
60316,true,פרפקטו ספגטי,קבוצת אוסם סחר-שות.מוגבלת,,,"י""ח",500,ל  גרם,false,1,8.70,1.74,false,1,
60903,true,פתיתים אפויים אורז אוסם,קבוצת אוסם סחר-שות.מוגבלת,,,"י""ח",500,ל  גרם,false,1,6.90,1.38,true,1,
61214,true,פתיתים קוסקום עם בצל 500גר`,קבוצת אוסם סחר-שות.מוגבלת,,,"י""ח",500,ל  גרם,false,1,7.90,1.58,true,1,
61450,true,פתיתים קוסקוס 3 צבעים 500גר`,קבוצת אוסם סחר-שות.מוגבלת,,,"י""ח",500,ל  גרם,false,1,7.60,1.52,true,1,
62129,true,"פודינג אינסטנט וניל  1 ק""ג",קבוצת אוסם סחר-שות.מוגבלת,,,"י""ח",1,"ק""ג",false,1,23.90,23.90,false,1,
65248,true,כרעיים עוף מוזל טרי,ח.י. מעדני גורמה בעמ,,,"ק""ג",1,,true,1,29.90,29.90,true,1,
65250,true,כנפיים עוף מוזל  טרי,ח.י. מעדני גורמה בעמ,,,"ק""ג",1,,true,1,16.90,16.90,true,1,
65977,true,חטיפי פריכונים תירס שומשום 80 ג`,קבוצת אוסם סחר-שות.מוגבלת,,,"י""ח",800,ל  גרם,false,1,8.30,1.04,false,1,
69609,true,חטיפי קרקר זעתר 300גר`,קבוצת אוסם סחר-שות.מוגבלת,,,"י""ח",300,ל  גרם,false,1,11.90,3.97,true,1,
72067,true,במבה חלבה 60גר`,קבוצת אוסם סחר-שות.מוגבלת,,,"י""ח",60,ל  גרם,false,1,4.30,7.17,true,1,
74481,true,לחמית אגוזים 230גרם,קבוצת אוסם סחר-שות.מוגבלת,,,"י""ח",230,ל  גרם,false,1,9.90,4.30,true,1,
75693,true,עוגת שמרים בריוש שוקולד,קבוצת אוסם סחר-שות.מוגבלת,,,"י""ח",360,ל  גרם,false,1,17.90,4.97,false,1,
77253,true,לחמית כפרית עם דגנים מלאים 190 ג`,קבוצת אוסם סחר-שות.מוגבלת,,,"י""ח",190,ל  גרם,false,1,9.90,5.21,true,1,
103471,true,מיני ברוקולי (600סנפרוסט),תנובה בשר,,,"י""ח",600,ל  גרם,false,1,17.90,2.98,true,1,
103815,true,לקט להקפצה בסגנון   תאילנ}סנפרוסט {800,תנובה בשר,,,"י""ח",800,ל  גרם,false,1,22.90,2.86,true,1,
103839,true,מרק כתום   572גרם סנפרוסט,תנובה בשר,,,"י""ח",572,ל  גרם,false,1,17.90,3.13,true,1,
103846,true,מרק אפונה 572גרם סנפרוסט,תנובה בשר,,,"י""ח",572,ל  גרם,false,1,10.90,1.91,true,1,
103860,true,מרק עדשים 572גרם סנפרוסט,תנובה בשר,,,"י""ח",572,ל  גרם,false,1,17.90,3.13,true,1,
104072,true,"עדשים מבושלים 1ק""ג",תנובה בשר,,,"י""ח",1,"ק""ג",false,1,19.90,19.90,true,1,
110851,true,כיפלי חטיף בצל,יוניליוור ישראל שיווק בעמ,,,"י""ח",70,ל  גרם,false,1,5.90,8.43,false,1,
116884,true,רוטב ברביקיו-קנור  340גרם,יוניליוור ישראל שיווק בעמ,,,"י""ח",340,ל  גרם,false,1,10.90,3.21,true,1,
116945,true,רוטב סויה-קנור  340גרם,יוניליוור ישראל שיווק בעמ,,,"י""ח",340,ל  גרם,false,1,10.90,3.21,true,1,
120874,true,מיונז הלמנס לייט 424גרם,יוניליוור ישראל שיווק בעמ,,,"י""ח",424,ל  גרם,false,1,12.90,3.04,false,1,
135311,true,פפסי מקס ליים 1.5 ליטר,טמפו משקאות בעמ,,,"י""ח",1.50,ליטר,false,1,7.50,4.80,true,1,
135595,true,פפסי מקס טעם דובדבן 1.5 ליטר,טמפו משקאות בעמ,,,"י""ח",1.50,ליטר,false,1,7.20,4.60,true,1,
136141,true,פפסי 1.5 ליטר.,טמפו משקאות בעמ,,,"י""ח",150,"ל  מ""ל",false,1,7.60,4.87,true,1,
136158,true,פפסי מקס 1.5 ליטר,טמפו משקאות בעמ,,,"י""ח",1.50,ליטר,false,1,7.50,4.80,true,1,
136165,true,מירנדה 1.5 ליטר,טמפו משקאות בעמ,,,"י""ח",1.50,ליטר,false,1,7.60,4.87,true,1,
136172,true,סבן אפ 1.5 ליטר.,טמפו משקאות בעמ,,,"י""ח",1.50,ליטר,false,1,7.60,4.87,true,1,
136264,true,טוניק 1.5 ליטר,טמפו משקאות בעמ,,,"י""ח",1.50,ליטר,false,1,9.90,6.40,true,1,
136455,true,ג אמפ אשכוליות 1.5 ליטר,טמפו משקאות בעמ,,,"י""ח",1.50,ליטר,false,1,7.50,4.80,true,1,
136516,true,ג אמפ מנגו פסיפלורה 1.5 ליטר,טמפו משקאות בעמ,,,"י""ח",1.50,ליטר,false,1,7.50,4.80,true,1,
136523,true,ג אמפ ענבים 1.5 ליטר,טמפו משקאות בעמ,,,"י""ח",1.50,ליטר,false,1,7.50,4.80,true,1,
136561,true,ג אמפ תות בננה 1.5 ליטר,טמפו משקאות בעמ,,,"י""ח",1.50,ליטר,false,1,7.50,4.80,true,1,
136752,true,"סבן אפ דיאט, 1.5 ליטר שישייה.",טמפו משקאות בעמ,,,"י""ח",9,ליטר,false,1,37.90,4.01,true,1,
136769,true,פפסי 1.5 ליטר שישיה,טמפו משקאות בעמ,,,"י""ח",9,ליטר,false,1,39.90,4.23,false,1,
136776,true,פפסי מקס 1.5 ליטר שישיה,טמפו משקאות בעמ,,,"י""ח",9,ליטר,false,1,37.90,4.01,false,1,
136790,true,סודה 1.5 ליטר שישיה טמפו,טמפו משקאות בעמ,,,"י""ח",9,ליטר,false,1,16.90,1.68,false,1,
136820,true,סודה פירות יער  1.5ליטר רביעייה.,טמפו משקאות בעמ,,,"י""ח",6,ליטר,false,1,12.30,1.85,true,1,
136868,true,סאן בנדטו שישיה 1.5 ל,טמפו משקאות בעמ,,,"י""ח",9,ליטר,false,1,17.90,1.79,false,1,
136875,true,סאן בנדטו  מוגז שישיה 1.5 ליטר,טמפו משקאות בעמ,,,"י""ח",9,ליטר,false,1,18.90,1.90,false,1,
146973,true,משחת שיניים זברה 100גר`,עיסא ערטול בעמ-סוכן הנקל סוד,,,"י""ח",100,ל  גרם,false,1,5.90,5.90,false,1,
152943,true,מארז סלמי+פסטרמה  350*2,קבוצת אוסם סחר-שות.מוגבלת,,,"י""ח",700,ל  גרם,false,1,29.90,4.27,false,1,
153469,true,קציצות עוף קלאסיות עוף טוב 600 גרם,קבוצת אוסם סחר-שות.מוגבלת,,,"י""ח",600,ל  גרם,false,1,29.90,4.98,true,1,
158105,true,שניצל דינוזאור עוף טוב,קבוצת אוסם סחר-שות.מוגבלת,,,"י""ח",700,ל  גרם,false,1,29.90,4.27,true,1,
168173,true,ברנפלקס קראנצ`ים 375גרם,יוניליוור ישראל שיווק בעמ,,,"י""ח",500,ל  גרם,false,1,19.90,3.98,false,1,
169538,true,נמס בכוס מרק עגבניות עם קרוטונים 62  ג`ב,יוניליוור ישראל שיווק בעמ,,,"י""ח",34,ל  גרם,false,1,6.90,20.29,true,1,
169798,true,"עוגי מופחת סוכר  500 ג בד""ץ",יוניליוור ישראל שיווק בעמ,,,"י""ח",500,ל  גרם,false,1,19.90,3.98,true,1,
176420,true,111,"שטראוס גרופ בע""מ",,,"י""ח",200,"ל  מ""ל",false,1,19.90,9.95,true,1,
185590,true,סילאן 635ג טבעי בקבוק,תה ויסוצקי (ישראל)בעמ,,,"י""ח",635,ל  גרם,false,1,19.90,3.13,false,1,
186535,true,נייר טואלט לילי טריו 32 לבן,קימברלי קלארק ישראל שיווק בעמ,,,"י""ח",1788,ל  גרם,false,1,41.90,2.34,false,1,
187853,true,נייר טואלט לילי לבן 1/40,קימברלי קלארק ישראל שיווק בעמ,,,"י""ח",40,"י""ח",false,1,43.90,1.10,true,1,
188355,true,מגבות ניקול לבנה 1/6,קימברלי קלארק ישראל שיווק בעמ,,,"י""ח",66.20,מטר,false,1,12.90,0.19,true,1,
188386,true,מגבות ניקול לבנה 1/12,קימברלי קלארק ישראל שיווק בעמ,,,"י""ח",132.40,מארז,false,1,21.90,0.17,false,1,
188553,true,מגני תחתון קוטקס SILK נורמל,קימברלי קלארק ישראל שיווק בעמ,,,"י""ח",1,"י""ח",false,1,22.90,22.90,true,1,
189079,true,תבניות אינגליש קייק חזקות ועבות,קימברלי קלארק ישראל שיווק בעמ,,,"י""ח",1,,false,1,11.90,11.90,false,1,
189116,true,תבניות עגולות חזקות ועבות,קימברלי קלארק ישראל שיווק בעמ,,,"י""ח",1,,false,1,11.90,11.90,false,1,
189277,true,.תבניות מלבניות גדולות ועמוקות,קימברלי קלארק ישראל שיווק בעמ,,,"י""ח",1,,false,1,11.90,11.90,false,1,
189499,true,תבנית אפייה מקרטון עגולה,קימברלי קלארק ישראל שיווק בעמ,,,"י""ח",1,"י""ח",false,1,11.90,11.90,false,1,
189505,true,תבנית אפייה מקרטון אינגליש,קימברלי קלארק ישראל שיווק בעמ,,,"י""ח",1,"י""ח",false,1,11.90,11.90,false,1,
189598,true,מטליות לחות חד פעמיות ניקול,קימברלי קלארק ישראל שיווק בעמ,,,"י""ח",100,ל  גרם,false,1,9.80,9.80,false,1,
189659,true,ניקול מטליות לחות לרצפה,קימברלי קלארק ישראל שיווק בעמ,,,"י""ח",1,"י""ח",false,1,10.90,10.90,false,1,
189680,true,זוג מטליות לחות לרצפה,קימברלי קלארק ישראל שיווק בעמ,,,"י""ח",200,ל  גרם,false,1,21.90,10.95,false,1,
192581,true,מגבות ניקול גליל כפול 6=12,קימברלי קלארק ישראל שיווק בעמ,,,"י""ח",6,"י""ח",false,1,21.90,3.65,false,1,
194288,true,משטח החתלה,קימברלי קלארק ישראל שיווק בעמ,,,"י""ח",1,,false,1,22.90,22.90,false,1,
194837,true,שקיות למזון גדולות במיוחד,קימברלי קלארק ישראל שיווק בעמ,,,"י""ח",200,"י""ח",false,1,13.90,0.07,true,1,
195216,true,נייר אפיה לתנור בשקית 50יח,קימברלי קלארק ישראל שיווק בעמ,,,"י""ח",1,"י""ח",false,1,10.90,10.90,false,1,
197425,true,האגיס פרידום דריי שלב 3,קימברלי קלארק ישראל שיווק בעמ,,,"י""ח",54,"י""ח",false,1,45.90,0.85,true,1,
197456,true,האגיס פרידום דריי שלב 4,קימברלי קלארק ישראל שיווק בעמ,,,"י""ח",44,"י""ח",false,1,45.90,1.04,true,1,
197463,true,האגיס פרידום דריי שלב 4+,קימברלי קלארק ישראל שיווק בעמ,,,"י""ח",42,"י""ח",false,1,45.90,1.09,true,1,
197548,true,האגיס פרידום דריי שלב 5,קימברלי קלארק ישראל שיווק בעמ,,,"י""ח",38,"י""ח",false,1,45.90,1.21,true,1,
197678,true,האגיס פרידום דריי שלב  6,קימברלי קלארק ישראל שיווק בעמ,,,"י""ח",34,"י""ח",false,1,45.90,1.35,true,1,
201818,true,טיטולים פרמיום שלב 2,קימברלי קלארק ישראל שיווק בעמ,,,"י""ח",1,"י""ח",false,1,36.90,36.90,true,1,
201832,true,טיטולים פרמיום שלב 3,קימברלי קלארק ישראל שיווק בעמ,,,"י""ח",1,"י""ח",false,1,36.90,36.90,true,1,
201849,true,טיטולים פרמיום שלב 4,קימברלי קלארק ישראל שיווק בעמ,,,"י""ח",1,"י""ח",false,1,36.90,36.90,true,1,
201856,true,טיטולים פרמיום שלב 4+,קימברלי קלארק ישראל שיווק בעמ,,,"י""ח",1,"י""ח",false,1,36.90,36.90,true,1,
201870,true,טיטולים פרמיום שלב 6,קימברלי קלארק ישראל שיווק בעמ,,,"י""ח",1,"י""ח",false,1,36.90,36.90,true,1,
201979,true,מגבוני האגיס,קימברלי קלארק ישראל שיווק בעמ,,,"י""ח",4,"י""ח",false,1,19.90,4.98,true,1,
205762,true,האגיס אקסטרא קר מידה 3,קימברלי קלארק ישראל שיווק בעמ,,,"י""ח",1,"י""ח",false,1,57.90,57.90,true,1,
209371,true,שלשות תירס 6OZ,זנלכל בעמ,,,"י""ח",600,ל  גרם,false,1,14.90,2.48,false,1,
209388,true,תירס לייט 150 ג  שלישיה,זנלכל בעמ,,,"י""ח",1,,false,1,14.90,14.90,false,1,
253459,true,שוקולד  ציפס טעם קרמל 260גר אופניימר,תה ויסוצקי (ישראל)בעמ,,,"י""ח",260,ל  גרם,false,1,10.90,4.19,false,1,
263359,true,האגיס פומלה NB1.,קימברלי קלארק ישראל שיווק בעמ,,,"י""ח",1,"י""ח",false,1,31.90,31.90,false,1,
311746,true,עוגיות קרמל 300ג מן,ח.כהן סוכנות מזון ומשקאות בע,,,"י""ח",300,ל  גרם,false,1,6.90,2.30,false,1,
311869,true,וופל שוקולד ללא סוכר 180ג מן,ח.כהן סוכנות מזון ומשקאות בע,,,"י""ח",180,ל  גרם,false,1,7.90,4.39,false,1,
311876,true,"וופלים  וניל לל""ס 180גר מן",ח.כהן סוכנות מזון ומשקאות בע,,,"י""ח",200,ל  גרם,false,1,7.90,3.95,false,1,
315140,true,"קורנפלקס מלאה  500גר בד""ץ",יוניליוור ישראל שיווק בעמ,,,"י""ח",575,ל  גרם,false,1,18.90,3.29,false,1,
318189,true,פסטרמה ברביקיו על האש 300גר.,מעדני יחיעם 1993 בעמ,,,"י""ח",300,ל  גרם,false,1,21.90,7.30,false,1,
319292,true,"נקניקיות וינר פלוס1 ק""ג",מעדני יחיעם 1993 בעמ,,,"י""ח",1,"ק""ג",false,1,19.90,19.90,false,1,
319834,true,קבנוס פפרוני קלאסי 125ג,מעדני יחיעם 1993 בעמ,,,"י""ח",125,ל  גרם,false,1,13.90,11.12,true,1,
379240,true,חלה רגילה מרובעת  500  גרם*,שלמה א.אנג ל בעמ,,,"י""ח",500,ל  גרם,false,1,5.10,1.02,false,1,
416809,true,ממרח שחר חצי חצי מובחר למריחה 350 חלבי,השחר העולה תעשית ממתקים,,,"י""ח",350,ל  גרם,false,1,10.90,3.11,false,1,
419374,true,מארז לנדוור טחון טורקי 3*100גרם,ש.שסטוביץ בעמ,,,"י""ח",200,ל  גרם,false,1,18.90,9.45,false,1,
453385,true,שמרים יבשים פאקא אינסטנט שקית 500גר,"שטראוס גרופ בע""מ",,,"י""ח",500,ל  גרם,false,1,12.90,2.58,true,1,
453408,true,בצק פיצה דק ומוכן לאפיה שמרית 415גר,"שטראוס גרופ ***בע""מ",,,"י""ח",415,ל  גרם,false,1,16.90,4.07,true,1,
453415,true,בצק עלים מצונן ומוכן לאפיה שמרית 300גר,"שטראוס גרופ ***בע""מ",,,"י""ח",300,ל  גרם,false,1,14.90,4.97,true,1,
453422,true,בצק פילו מוכן לאפיה שמרית 300גר,"שטראוס גרופ ***בע""מ",,,"י""ח",300,ל  גרם,false,1,14.90,4.97,true,1,
453781,true,שמרים יבשים 125ג שמרית.,"שטראוס גרופ בע""מ",,,"י""ח",125,ל  גרם,false,1,5.90,4.72,true,1,
453798,true,שמרים אקטיבים 500גר עלית,"שטראוס גרופ בע""מ",,,"י""ח",500,ל  גרם,false,1,15,3,true,1,
453866,true,נטורינה קוקוס  200גר,"שטראוס גרופ ***בע""מ",,,"י""ח",200,ל  גרם,false,1,7.90,3.95,true,1,
455545,true,פלסטיק ריק  *20,החברה המרכזית להפצת משקאות בעמ,,,"י""ח",1,,false,1,16.90,16.90,false,1,
455546,true,ארגז פלסטיק טמפו,טמפו משקאות בעמ,,,"י""ח",1,,false,1,23.50,23.50,false,1,
462141,true,סחוג אדום חריף זהבי  150גר`,"שטראוס גרופ ***בע""מ",,,"י""ח",150,ל  גרם,false,1,7.90,5.27,true,1,
467153,true,חומוס סמיר הגדול 400גר,קבוצת אוסם סחר-שות.מוגבלת,,,"י""ח",400,ל  גרם,false,1,14.80,3.70,true,1,
467320,true,חומוס אבו מרוואן 400גר,קבוצת אוסם סחר-שות.מוגבלת,,,"י""ח",400,ל  גרם,false,1,14.80,3.70,true,1,
481029,true,מארז 10 פיתות בטעם ביתי(דגנית),דגנית עין בר ~~~,,,"י""ח",10,"י""ח",false,1,12.90,1.29,false,1,
481074,true,לחם דגנים  טריו מלא }דגנית {750,דגנית עין בר ~~~,,,"י""ח",750,ל  גרם,false,1,15.90,2.12,false,1,
481531,true,מארז 10 לחמניות מחיטה מלאה,דגנית עין בר ~~~,,,"י""ח",1,,false,1,12.90,12.90,false,1,
481883,true,מארז 10 לחמניות אצבע.,דגנית עין בר ~~~,,,"י""ח",1,,false,1,11.90,11.90,false,1,
521008,true,יין סגל אדום יבש,טמפו משקאות בעמ,,,"י""ח",750,"ל  מ""ל",false,1,21.90,2.88,true,1,
521015,true,יין  סגל לבן,טמפו משקאות בעמ,,,"י""ח",750,"ל  מ""ל",false,1,21.90,2.88,true,1,
521022,true,יין סגל לבן חצי יבש,טמפו משקאות בעמ,,,"י""ח",750,"ל  מ""ל",false,1,21.90,2.88,true,1,
523804,true,"מלח עדין 1 ק""ג צנצנת הארץ",סוגת תעשיות בעמ,,,"י""ח",1,"ק""ג",false,1,6.90,6.90,false,1,
523811,true,"מלח גס 1 ק""ג צנצנת הארץ",סוגת תעשיות בעמ,,,"י""ח",1,"ק""ג",false,1,6.90,6.90,false,1,
536743,true,קריספי סטיקס תירס 500 גרם,זוגלובק שיווק בעמ,,,"י""ח",1.50,"ק""ג",false,1,14.90,9.93,false,1,
551067,true,בשר  מס `5  מוכשר,נטו מלינדה סחר בעמ,,,"ק""ג",1,,true,1,59.90,59.90,false,1,
554532,true,צפתית גד  מעודנת 5% במלח ים טבעי 200 ג,מחלבות גד,,,"י""ח",200,"ל  מ""ל",false,1,13.90,6.95,false,1,
554754,true,מוצרלה במים גד,מחלבות גד,,,"ק""ג",1,"ק""ג",true,1,92.80,92.80,false,1,
554815,true,גבינה מוצרלה  משק}גד{,מחלבות גד,,,"ק""ג",1,,true,1,79.90,79.90,false,1,
554921,true,ריקוטה  }גד 5%  מעדנייה,מחלבות גד,,,"ק""ג",1,,true,1,56.90,56.90,false,1,
555502,true,אריזת פקדון(חוק  פקדון),שונות /שרות,,,"י""ח",1,,false,1,0.30,0.30,false,1,
555503,true,פיקדון X 6,שונות /שרות,,,"י""ח",1,,false,1,1.80,1.80,false,1,
555504,true,פיקדון X 4,שונות /שרות,,,"י""ח",1,,false,1,1.20,1.20,false,1,
555513,true,פיקדון *5בקבוקים,טמפו משקאות בעמ,,,"י""ח",1,,false,1,1.50,1.50,false,1,
570138,true,גזר,א.מ.א קייטרינג קולינרי בעמ,,,"י""ח",1,,false,1,64.90,64.90,false,1,
570576,true,חצי באגט,לפ מאפיית גילת בעמ,,,"י""ח",0,"י""ח",false,1,2.90,2.90,false,1,
571017,true,צנונית,רגבים עלים ירוקים בעמ,,,"י""ח",1,,false,1,6.90,6.90,false,1,
574066,true,לחם מקמחים מלאים ושיפון בלבד 750גר,דגנית עין בר ~~~,,,"י""ח",750,ל  גרם,false,1,13.90,1.85,false,1,
574172,true,לחם קל מחיטה מלאה 750גר`,דגנית עין בר ~~~,,,"י""ח",750,ל  גרם,false,1,13.90,1.85,false,1,
574455,true,לחם חיטה מלא פלוס כוסמין 750גר,דגנית עין בר ~~~,,,"י""ח",750,ל  גרם,false,1,14.90,1.99,false,1,
630519,true,עוף טרי שלם מוכשר(קצביה)**.,ח.י. מעדני גורמה בעמ,,,"ק""ג",1,"ק""ג",true,1,19.90,19.90,false,1,
631059,true,כבד עוף  טרי(קצביה) **.,ח.י. מעדני גורמה בעמ,,,"ק""ג",1,"ק""ג",true,1,29.90,29.90,true,1,
632278,true,שניצל עוף פרימיום  נקי ודק  דק[קצביה].,ח.י. מעדני גורמה בעמ,,,"ק""ג",1,"ק""ג",true,1,49.90,49.90,true,1,
632308,true,חזה עוף חצוי נקי טרי(קצביה )**.,ח.י. מעדני גורמה בעמ,,,"ק""ג",1,,true,1,42.80,42.80,true,1,
633800,true,כנפיים פטם  עטרה]קפוא[,נטו מלינדה סחר בעמ,,,"ק""ג",1,"ק""ג",true,1,14.90,14.90,false,1,
641751,true,חזה הודו טרי נז  קצביה**,ח.י. מעדני גורמה בעמ,,,"ק""ג",1,,true,1,34.90,34.90,false,1,
643243,true,שווארמה הודו נקבה}קצביה{**,ח.י. מעדני גורמה בעמ,,,"ק""ג",1,,true,1,74.90,74.90,false,1,
644356,true,גרון   הודו טרי(קצביה)**,ח.י. מעדני גורמה בעמ,,,"ק""ג",1,,true,1,32.90,32.90,false,1,
644783,true,דג סלמון קפוא מנות תנובה,תנובה בשר,,,"ק""ג",1,"ק""ג",true,1,89.90,89.90,false,1,
646299,true,פילה נסיכת נילוס 100% דג,תנובה בשר,,,"ק""ג",1,,true,1,54.90,54.90,false,1,
652177,true,נתחי פילה נסיכה 100% דג,תנובה בשר,,,"ק""ג",1,,true,1,59.90,59.90,false,1,
657657,true,מאפים טריים במשקל אפיה מקומית.,ג נרל מילס ישראל בעמ,,,"ק""ג",1,,true,1,44.90,44.90,true,1,
657658,true,מאפים פרימיום פילסברי,ג נרל מילס ישראל בעמ,,,"ק""ג",1,,true,1,34.90,34.90,false,1,
663036,true,פילה אמנון ללא עור קפוא,תנובה בשר,,,"ק""ג",1,,true,1,44.90,44.90,false,1,
663135,true,קוביות סלמון קפוא 300ג,תנובה בשר,,,"י""ח",300,ל  גרם,false,1,29.90,9.97,false,1,
666601,true,פיקדון 0.30.,שונות /שרות,,,"י""ח",1,"י""ח",false,1,0.30,0.30,false,1,
688374,true,מי עדן בייבי שישיה 250,יפאורה שותפות מוגבלת לשיווק,,,"י""ח",1.50,ליטר,false,1,15.80,9.33,false,1,
688381,true,מי עדן שישיה 0.5 ליטר,יפאורה שותפות מוגבלת לשיווק,,,"י""ח",3,ליטר,false,1,13.90,4.03,true,1,
688428,true,מי מינרלים בודד חצי ליטר,יפאורה שותפות מוגבלת לשיווק,,,"י""ח",500,"ל  מ""ל",false,1,3,0.54,false,1,
688503,true,"מי עדן שישייה ג ים 750 מ""ל",יפאורה שותפות מוגבלת לשיווק,,,"י""ח",4.50,ליטר,false,1,16.50,3.27,false,1,
961804,true,דלעת ארוזה שקיל,ביכורי השדה צפון 1994 ג.ד. בעמ,,,"ק""ג",1,,true,1,12.90,12.90,false,1,
982113,true,עגבניה,ביכורי השדה צפון 1994 ג.ד. בעמ,,,"י""ח",1,,false,1,5.90,5.90,false,1,
990261,true,"חומוס 1 ק""ג סוגת.",סוגת תעשיות בעמ,,,"י""ח",1,"ק""ג",false,1,14.90,14.90,true,1,
995410,true,נבטים,ביכורי השדה צפון 1994 ג.ד. בעמ,,,"י""ח",1,,false,1,6.90,6.90,false,1,
1003862,true,עוף  מס `2 ביסטריצקי}קפוא{,עוף ירושלים שיווק בעמ,,,"ק""ג",1,"ק""ג",true,1,29.90,29.90,false,1,
1003916,true,חזה עוף ביסטריצקי}קפוא{,עוף ירושלים שיווק בעמ,,,"ק""ג",1,"ק""ג",true,1,39.90,39.90,false,1,
1003954,true,שניצל עוף ביסטריצקי}קפוא{.,עוף ירושלים שיווק בעמ,,,"ק""ג",1,"ק""ג",true,1,41.90,41.90,false,1,
1022085,true,גבינת פקורינו מחלב כבשים 365 שומן,ג.וילי פוד אינטרנשיונל בעמ,,,"ק""ג",1,,true,1,115,115,false,1,
1045633,true,"מיץ לימונענע 400 מ""ל","שטראוס גרופ ***בע""מ",,,"י""ח",400,"ל  מ""ל",false,1,7.90,1.90,true,1,
1045657,true,מיץ תפוח עץ צלול,"שטראוס גרופ ***בע""מ",,,"י""ח",400,"ל  מ""ל",false,1,7.90,1.90,true,1,
1072011,true,"דאו נובו מן  150מ""ל Breeze",סאסאטק אגשח בעמ,,,"י""ח",150,"ל  מ""ל",false,1,8.90,5.93,false,1,
1072035,true,"דאו נובו מן  150מ""ל Victory",סאסאטק אגשח בעמ,,,"י""ח",150,"ל  מ""ל",false,1,8.90,5.93,false,1,
1121672,true,פסטרמה מעודנת בפפריקה   300ג,מעדני יחיעם 1993 בעמ,,,"י""ח",330,ל  גרם,false,1,19.90,6.03,false,1,
1121795,true,נקניקיות עוף חריפות 400גרם,מעדני יחיעם 1993 בעמ,,,"י""ח",400,ל  גרם,false,1,11.90,2.98,false,1,
1121979,true,"סלמי הרץ 150מ""ל",מעדני יחיעם 1993 בעמ,,,"י""ח",150,ל  גרם,false,1,23.90,15.93,false,1,
1123041,true,בשר 5 חלק,נטו מלינדה סחר בעמ,,,"ק""ג",1,,true,1,59.90,59.90,false,1,
1123058,true,בשר 6 חלק,נטו מלינדה סחר בעמ,,,"ק""ג",2.49,"ק""ג",true,1,39.90,16.02,false,1,
1201510,true,ביצים M 30 יח,מ.לסר בעמ,,,"י""ח",30,"י""ח",false,1,27.80,0.93,false,1,
1201589,true,ביצים L 12 יח*,מ.לסר בעמ,,,"י""ח",12,"י""ח",false,1,12.05,1,false,1,
1201596,true,ביצים M 12 יח*,מ.לסר בעמ,,,"י""ח",12,"י""ח",false,1,11.15,0.93,false,1,
1201602,true,ביצים L 18יח,מ.לסר בעמ,,,"י""ח",18,"י""ח",false,1,18,1,false,1,
1216040,true,"טחינה""אל   ארז""רגילה  500גר",סוגת תעשיות בעמ,,,"י""ח",500,ל  גרם,false,1,16.90,3.38,false,1,
1216057,true,"טחינה אל ארז  1ק""ג",סוגת תעשיות בעמ,,,"י""ח",1,"ק""ג",false,1,31.90,31.90,false,1,
1216101,true,"טחינה""אל   ארז""מלאה 1ק""ג",סוגת תעשיות בעמ,,,"י""ח",1,"ק""ג",false,1,35.90,35.90,false,1,
1230331,true,כאמל בוקס בודד.,גלוברנדס בעמ,,,"י""ח",1,,false,1,31,31,false,1,
1231932,true,וינסטון כחול בודד.,גלוברנדס בעמ,,,"י""ח",1,,false,1,32.50,32.50,false,1,
1235938,true,וינסטון כחול ארוך,גלוברנדס בעמ,,,"י""ח",1,,false,1,32.50,32.50,false,1,
1245842,true,נוזל רצפות מאסק 4ליטר טאצ`,סאסאטק אגשח בעמ,,,"י""ח",4,ליטר,false,1,14.90,3.73,true,1,
1246337,true,"גל אסלות אורנים 750מ""ל   טאצ`",סאסאטק אגשח בעמ,,,"י""ח",750,"ל  מ""ל",false,1,9.90,1.32,false,1,
1246351,true,נוזל רצפות לבנדר 4ליטר טאצ`.,סאסאטק אגשח בעמ,,,"י""ח",4,ליטר,false,1,14.90,3.73,true,1,
1246528,true,מרכך כביסה מרוכז פרםיום מיסטרי  1 ל`טא,סאסאטק אגשח בעמ,,,"י""ח",1,ליטר,false,1,13.90,13.90,true,1,
1343845,true,"גרנולה פירות 1ק""ג",דין שיווק וקליה 2021 בעמ,,,"י""ח",1,"ק""ג",false,1,19.90,19.90,true,1,
1407592,true,"טחינה גולמית בארכה פי 6 סידן 1 ק""ג",קבוצת אוסם סחר-שות.מוגבלת,,,"י""ח",1,"ק""ג",false,1,24.90,24.90,false,1,
1407936,true,טחינה  בארכה מעודנת 310גר,קבוצת אוסם סחר-שות.מוגבלת,,,"י""ח",310,ל  גרם,false,1,13.90,4.48,false,1,
1439074,true,כדור ליפה בשקית שלישיה,מוסקו בעמ,,,"י""ח",1,,false,1,11.90,11.90,false,1,
1482094,true,פרמזנו 200 ג ויליפוד,ג.וילי פוד אינטרנשיונל בעמ,,,"י""ח",200,ל  גרם,false,1,18.90,9.45,false,1,
1567708,true,נקניק וינר 400ג ללא,מעדני יחיעם 1993 בעמ,,,"י""ח",400,ל  גרם,false,1,11.90,2.98,false,1,
1567760,true,פסטרמה של פעם  300ג,מעדני יחיעם 1993 בעמ,,,"י""ח",300,ל  גרם,false,1,24.90,8.30,false,1,
1567807,true,כתף בקר מעושן 250ג,מעדני יחיעם 1993 בעמ,,,"י""ח",250,ל  גרם,false,1,32.90,13.16,false,1,
1567814,true,סלמי מעושן בסגנון איטלקי 300ג,מעדני יחיעם 1993 בעמ,,,"י""ח",300,ל  גרם,false,1,19.90,6.63,false,1,
1591505,true,סטייק דג טונה  קפוא עם עור מחנה יהודה.,נטו מלינדה סחר בעמ,,,"ק""ג",1,"ק""ג",true,1,39.90,39.90,true,1,
1591550,true,פילה אמנון ללא עור מחנה יהודה.,נטו מלינדה סחר בעמ,,,"ק""ג",1,"ק""ג",true,1,37.90,37.90,true,1,
1591567,true,פילה אמנון 100% מחנה יהודה.,נטו מלינדה סחר בעמ,,,"ק""ג",1,"ק""ג",true,1,36.90,36.90,true,1,
1591574,true,פילה אמנון 80% מחנה יהודה.,נטו מלינדה סחר בעמ,,,"ק""ג",1,"ק""ג",true,1,26.90,26.90,true,1,
1591604,true,המבורגר אנגוס מחנה יהודה 600גר,נטו מלינדה סחר בעמ,,,"י""ח",600,ל  גרם,false,1,29.90,4.98,true,1,
1591611,true,קבבוני אנגוס עגול מחנה יהודה 500גר,נטו מלינדה סחר בעמ,,,"י""ח",500,ל  גרם,false,1,29.90,5.98,true,1,
1591628,true,קבב על מקל מחנה יהודה 500גר,נטו מלינדה סחר בעמ,,,"י""ח",500,ל  גרם,false,1,29.90,5.98,true,1,
1591635,true,נקניקיות מרגז סגנון מרוקאי מחנה יהודה,נטו מלינדה סחר בעמ,,,"י""ח",500,ל  גרם,false,1,29.90,5.98,true,1,
1591642,true,קבבוני טלה מחנה יהודה 500גר.,נטו מלינדה סחר בעמ,,,"י""ח",500,ל  גרם,false,1,29.90,5.98,true,1,
1873489,true,קרפציו 120ג  בלאק אנגוס,נטו מלינדה סחר בעמ,,,"י""ח",120,ל  גרם,false,1,14.90,12.42,true,1,
1879627,true,פילה עוף  טרי**,ח.י. מעדני גורמה בעמ,,,"ק""ג",1,,true,1,49.90,49.90,true,1,
1946121,true,פפריקה 400גר`,דין שיווק וקליה 2021 בעמ,,,"י""ח",400,ל  גרם,false,1,19.90,4.98,false,1,
2026440,true,פרצלס קפוא,מוצרי איכות אמריקאיים בעמ,,,"י""ח",400,ל  גרם,false,1,16,4,true,1,
2043065,true,מיני פריכיות אורז חום צ. שוקול 70ג,א.ל.יצור ושיווקתבלינים בעמ,,,"י""ח",70,ל  גרם,false,1,8.90,12.71,true,1,
2043072,true,מיני פריכיות אורז חום צ. שוקול 70ג,א.ל.יצור ושיווקתבלינים בעמ,,,"י""ח",70,ל  גרם,false,1,8.90,12.71,true,1,
2043218,true,צ`יפס אורז חום מלא מלוח 60גר,א.ל.יצור ושיווקתבלינים בעמ,,,"י""ח",60,ל  גרם,false,1,6.90,11.50,true,1,
2043232,true,צ`יפס אורז חום מלא טקסס ברביקיו 120גר,א.ל.יצור ושיווקתבלינים בעמ,,,"י""ח",120,ל  גרם,false,1,11.90,9.92,true,1,
2043379,true,צ`יפס אורז חום מלא עדשים שחורות 60גר,א.ל.יצור ושיווקתבלינים בעמ,,,"י""ח",60,ל  גרם,false,1,7.90,13.17,false,1,
2043782,true,צ`יפס אורז חום מלא טקסס ברביקיו 60גר,א.ל.יצור ושיווקתבלינים בעמ,,,"י""ח",60,ל  גרם,false,1,6.90,11.50,true,1,
2043850,true,באר אקסטרה בציפוי שוקולד מריר 90גר,א.ל.יצור ושיווקתבלינים בעמ,,,"י""ח",90,ל  גרם,false,1,13.90,15.44,true,1,
2043867,true,באר אקסטרה בציפוי שוקולד לבן 90גר,א.ל.יצור ושיווקתבלינים בעמ,,,"י""ח",90,ל  גרם,false,1,13.90,15.44,true,1,
2057246,true,"מלפ  בחומץ 10\12 בד""ץ",קבוצת יבנה מוצרי מזון בעמ,,,"י""ח",600,ל  גרם,false,1,5.90,0.98,false,1,
2065616,true,לחם שיפון גרעינים 750גר`,שלמה א.אנג ל בעמ,,,"י""ח",750,ל  גרם,false,1,12.90,1.72,false,1,
2065623,true,לחם שיפון כפרי 750גר`,שלמה א.אנג ל בעמ,,,"י""ח",750,ל  גרם,false,1,12.90,1.72,false,1,
2105145,true,בשר  מס `2מחפוד,עוף ירושלים שיווק בעמ,,,"ק""ג",1,"ק""ג",true,1,51.90,51.90,false,1,
2105183,true,צלי כתף 5 בקר קפוא מחפוד,עוף ירושלים שיווק בעמ,,,"ק""ג",0,ל  גרם,true,1,99,99,false,1,
2105190,true,פילה מדומה 6 בקר קפאו מחפוד,עוף ירושלים שיווק בעמ,,,"ק""ג",1,"ק""ג",true,1,59.90,59.90,false,1,
2105527,true,גולש בקר800 גר`מחפוד,עוף ירושלים שיווק בעמ,,,"י""ח",800,ל  גרם,false,1,44.90,5.61,false,1,
2105541,true,סטייק אנטריקוט 800גר`,עוף ירושלים שיווק בעמ,,,"י""ח",800,ל  גרם,false,1,44.90,5.61,false,1,
2105565,true,טחון הודו 500גר`מחפוד,עוף ירושלים שיווק בעמ,,,"י""ח",500,ל  גרם,false,1,12.90,2.58,false,1,
2105671,true,טחון עוף 500 גר`מחפוד,עוף ירושלים שיווק בעמ,,,"י""ח",500,ל  גרם,false,1,12.90,2.58,false,1,
2105749,true,"טחון בקר%100ק""ג קפוא מחפוד",עוף ירושלים שיווק בעמ,,,"י""ח",1,"ק""ג",false,1,39.90,39.90,false,1,
2105756,true,"טחון בקר 1ק""ר קפוא מחפוד",עוף ירושלים שיווק בעמ,,,"י""ח",1,"ק""ג",false,1,34.90,34.90,false,1,
2107385,true,מה עז  180 גרם צוריאל,*החברה המרכזית להפצת משקאותבעמ,,,"י""ח",180,ל  גרם,false,1,23.30,12.94,false,1,
2109372,true,בורקס פילו אצבעות בולגרית 700גר`,נטו מלינדה סחר בעמ,,,"י""ח",600,ל  גרם,false,1,21.90,3.65,true,1,
2111313,true,"עגב. קוביות A2.5 בד""ץ",זנלכל בעמ,,,"י""ח",1,,false,1,9.90,9.90,false,1,
2129417,true,"קציצות דג מהדרין 1ק""ג",נטו מלינדה סחר בעמ,,,"י""ח",1,"ק""ג",false,1,33.90,33.90,false,1,
2129479,true,פיצה איטלקית דקה שלושת האופים 320גר,נטו מלינדה סחר בעמ,,,"י""ח",320,ל  גרם,false,1,16.90,5.28,true,1,
2157953,true,טונה  קנולה 140ג 1/4,נטו מלינדה סחר בעמ,,,"י""ח",560,ל  גרם,false,1,19.90,3.55,true,1,
2195054,true,המבורגר בלדי 400גרם ארוז,בלדי בעמ,,,"י""ח",400,ל  גרם,false,1,13.90,3.48,false,1,
2195078,true,קבב כבש 400גרם  ארוז,בלדי בעמ,,,"י""ח",400,ל  גרם,false,1,13.90,3.48,false,1,
2195085,true,קבב מזרחי 400גרם  ארוז,בלדי בעמ,,,"י""ח",400,ל  גרם,false,1,13.90,3.48,false,1,
2195092,true,קבב רומני 400גרם  ארוז,בלדי בעמ,,,"י""ח",400,ל  גרם,false,1,13.90,3.48,false,1,
2225959,true,שווארמה הודו זכר טרי מחפוד,ח.י. מעדני גורמה בעמ,,,"ק""ג",1,,true,1,69.90,69.90,false,1,
2238452,true,בשר 5 חלק,נטו מלינדה סחר בעמ,,,"ק""ג",1,,true,1,59.90,59.90,false,1,
2253235,true,דורות רוטב פסטו 160גר,קבוצת אוסם סחר-שות.מוגבלת,,,"י""ח",160,ל  גרם,false,1,10.90,6.81,false,1,
2263562,true,"רוטב לימון משומר 200מ""ל",א.ל.יצור ושיווקתבלינים בעמ,,,"י""ח",200,"ל  מ""ל",false,1,6.70,3.35,false,1,
2278528,true,זוג כריות ניקוי כלים,ח.כהן סוכנות מזון ומשקאות בע,,,"י""ח",2,"י""ח",false,1,7.90,3.95,false,1,
2281405,true,סלט סלמון מעושן 160*2יח,נטו מלינדה סחר בעמ,,,"י""ח",320,ל  גרם,false,1,9.90,3.09,false,1,
2281474,true,פיצה מארז 5יח. טוב טעם,נטו מלינדה סחר בעמ,,,"י""ח",5,"י""ח",false,1,59.90,11.98,false,1,
2281825,true,בשר  מס `5  מוכשר,נטו מלינדה סחר בעמ,,,"ק""ג",1,,true,1,59.90,59.90,false,1,
2281948,true,צלי כתף 5 חלק.,נטו מלינדה סחר בעמ,,,"ק""ג",1,,true,1,59.90,59.90,false,1,
2300877,true,צ`דר אנגלי לבן נטו,א. סיימן סחר בעמ,,,"ק""ג",1,,true,1,129,129,true,1,
2300884,true,צ`דר אנגלי כתום נטו.,א. סיימן סחר בעמ,,,"ק""ג",1,,true,1,129,129,true,1,
2316367,true,בוקסר,אחים וייס ישי ייצור בעמ,,,"י""ח",1,,false,1,14.90,14.90,false,1,
2327066,true,קונכיות בצק קפוא,נטו מלינדה סחר בעמ,,,"י""ח",500,ל  גרם,false,1,21.90,4.38,true,1,
2327073,true,בורקס גבינה 800 גרם,נטו מלינדה סחר בעמ,,,"י""ח",800,ל  גרם,false,1,17.90,2.24,true,1,
2331360,true,נביעות שישיות 500 מייל פקק ספורט,החברה המרכזית להפצת משקאות בעמ,,,"י""ח",3,ליטר,false,1,14.90,4.37,true,1,
2331483,true,"נביעות שישיות בייבי 320מ""ל",החברה המרכזית להפצת משקאות בעמ,,,"י""ח",3,ליטר,false,1,13.80,4,true,1,
2331490,true,נביעות 1ליטר,החברה המרכזית להפצת משקאות בעמ,,,"י""ח",1,ליטר,false,1,3.50,3.50,true,1,
2345015,true,סינטה דקדק 250גר אל גאוצו,נטו מלינדה סחר בעמ,,,"י""ח",250,ל  גרם,false,1,16.90,6.76,true,1,
2345022,true,אנטריקוט דקדק 250גר,נטו מלינדה סחר בעמ,,,"י""ח",250,ל  גרם,false,1,19.90,7.96,true,1,
2345077,true,שניצל בקר דק דק 250ג אל גאוצו,נטו מלינדה סחר בעמ,,,"י""ח",250,ל  גרם,false,1,14.90,5.96,true,1,
2345121,true,אסאדו דקדק 250גר אל גאוצו,נטו מלינדה סחר בעמ,,,"י""ח",250,ל  גרם,false,1,27.90,11.16,true,1,
2345282,true,נתחי פילה סלמון נורבגי מנות,נטו מלינדה סחר בעמ,,,"ק""ג",1,"ק""ג",true,1,99,99,false,1,
2345435,true,פילה מרלוזה,נטו מלינדה סחר בעמ,,,"ק""ג",1,"ק""ג",true,1,31.90,31.90,false,1,
2349020,true,מלכודת עש המזון ללא רעלים וחומרי הדברה,נאמן לאורך זמן בעמ,,,"י""ח",1,,false,1,24.90,24.90,false,1,
2349051,true,מלכודת עש הבגדים ללא רעלים וחומרי הדברה,נאמן לאורך זמן בעמ,,,"י""ח",1,,false,1,24.90,24.90,false,1,
2349341,true,כרית ניקוי מיקרופייבר גיטרה,נאמן לאורך זמן בעמ,,,"י""ח",1,,false,1,6.90,6.90,false,1,
2349471,true,מלכודת דבק לעכברים ידידותית לבסיסה,נאמן לאורך זמן בעמ,,,"י""ח",1,,false,1,12.90,12.90,false,1,
2370161,true,גבינת צ`דר שקיל,ג.וילי פוד אינטרנשיונל בעמ,,,"ק""ג",1,"ק""ג",true,1,94.90,94.90,false,1,
2370475,true,גבינה כחולה עם עובש שקיל,ג.וילי פוד אינטרנשיונל בעמ,,,"ק""ג",1,"ק""ג",true,1,99.90,99.90,true,1,
2370680,true,אצבעות מוצרלי במשקל ויליפוד,ג.וילי פוד אינטרנשיונל בעמ,,,"ק""ג",1,,true,1,79.90,79.90,true,1,
2374640,true,שמן קנולה פלוס אומגה 3 עץ הזית 1ליטר,סוגת תעשיות בעמ,,,"י""ח",1,ליטר,false,1,15.90,15.90,false,1,
2385509,true,גבינת שמנת שמיר 30% שקיל גד,מחלבות גד,,,"ק""ג",1,,true,1,44.90,44.90,false,1,
2385745,true,פקורינו משולשים שקיל גד,מחלבות גד,,,"ק""ג",1,,true,1,130,130,false,1,
2390541,true,חלה  כפתור}דגנית{,מאפיה מרחבית קרית שמונה,,,"י""ח",500,ל  גרם,false,1,4.90,0.98,false,1,
2395408,true,"גבנצ  נעם 28% ק""ג  *.",*החברה המרכזית להפצת משקאותבעמ,,,"ק""ג",1,,true,1,44.79,44.79,false,1,
2395415,true,חריץ גבינה נעם 9% שקיל,*החברה המרכזית להפצת משקאותבעמ,,,"ק""ג",1,,true,1,70.90,70.90,false,1,
2395422,true,גבינה צהובה נעם 22%  שקיל*,*החברה המרכזית להפצת משקאותבעמ,,,"ק""ג",1,,true,1,42.58,42.58,false,1,
2420941,true,אנטריקוט פרוס ארוז זוגות קפוא מחפוד,עוף ירושלים שיווק בעמ,,,"ק""ג",800,ל  גרם,true,1,110,13.75,false,1,
2439998,true,קבב בקר וכבש אל גאוצ`ו 400גר`,נטו מלינדה סחר בעמ,,,"י""ח",400,ל  גרם,false,1,22.90,5.73,true,1,
2487364,true,בורקס פילו גבינה  זיתים 700 גרם,נטו מלינדה סחר בעמ,,,"י""ח",700,ל  גרם,false,1,21.90,3.13,true,1,
2507604,true,פיצה השף איטלקית 320ג,נטו מלינדה סחר בעמ,,,"י""ח",320,ל  גרם,false,1,17.90,5.59,true,1,
2509002,true,לחם  שחור/לבן*,שלמה א.אנג ל בעמ,,,"י""ח",700,ל  גרם,false,1,4.90,0.70,false,1,
2511137,true,פטה עיזים,מחלבות המושבה בעמ,,,"ק""ג",1000,ל  גרם,true,1,95.90,9.59,false,1,
2511229,true,בולגרית מעודנת 16%  המושבה,מחלבות המושבה בעמ,,,"ק""ג",1000,ל  גרם,true,1,39.90,3.99,false,1,
2511236,true,בולגרית מעודנת  5%  המושבה,מחלבות המושבה בעמ,,,"ק""ג",1,,true,1,39.90,39.90,false,1,
2511281,true,ברינזה צאן/כבשים המושבה,מחלבות המושבה בעמ,,,"ק""ג",1,"ק""ג",true,1,79.90,79.90,false,1,
2511335,true,גבינת תום  כבשים,מחלבות המושבה בעמ,,,"ק""ג",1,,true,1,124.90,124.90,false,1,
2511342,true,גבינת מנצ`גו כבשים,מחלבות המושבה בעמ,,,"ק""ג",1,,true,1,124.90,124.90,false,1,
2511397,true,ברי בקר  שקיל,מחלבות המושבה בעמ,,,"ק""ג",150,"ל  מ""ל",true,1,106.90,71.27,false,1,
2511748,true,גאודה  כמהין שקיל,מחלבות המושבה בעמ,,,"ק""ג",150,"ל  מ""ל",true,1,120,80,false,1,
2512066,true,גחנון אפוי  650 גרם צנעני,א.ג בחירה חכמה בעמ,,,"י""ח",650,ל  גרם,false,1,18.90,2.91,false,1,
2512264,true,גחנון מופחת שומן 700ג צנעני,א.ג בחירה חכמה בעמ,,,"י""ח",600,ל  גרם,false,1,16.90,2.82,false,1,
2542780,true,"בירה סטלה ארטואה 330מ""ל  1/6 בקבוק",תימקו בירה בעמ,,,"י""ח",330,"ל  מ""ל",false,1,39.90,11.55,true,1,
2542810,true,"הוגרדן בקבוק 330מ""ל",תימקו בירה בעמ,,,"י""ח",330,"ל  מ""ל",false,1,12.90,3.82,true,1,
2542865,true,"הוגרדן בקבוק 330מ""ל 1/6",תימקו בירה בעמ,,,"י""ח",330,"ל  מ""ל",false,1,49.90,14.58,true,1,
2579731,true,"נר נשמה שבועי   בזכוכית""שווה""",ח.כהן סוכנות מזון ומשקאות בע,,,"י""ח",1,,false,1,9.90,9.90,false,1,
2603474,true,פיצה שף שגב רוטב פטריות טעם ממהין200ג,נטו מלינדה סחר בעמ,,,"י""ח",200,ל  גרם,false,1,16.90,8.45,true,1,
2603504,true,פיצה שף שגב עגבניות ובצל סגול 200ג,נטו מלינדה סחר בעמ,,,"י""ח",200,ל  גרם,false,1,16.90,8.45,true,1,
2610250,true,כבד עוף קפוא ארוז שופרא,עוף ירושלים שיווק בעמ,,,"ק""ג",1,,true,1,14.90,14.90,false,1,
2628170,true,צלי כתף מס 5 חלק ג.חול פרגוואי.,בלדי בעמ,,,"ק""ג",1,"ק""ג",true,1,79.90,79.90,true,1,
2628187,true,פילה מדומה מס 6 חלק קפוא,בלדי בעמ,,,"ק""ג",1,,true,1,39.90,39.90,false,1,
2692775,true,"תרסיס שמן קנולה  200מ""ל עץ הזית",סוגת תעשיות בעמ,,,"י""ח",2,ליטר,false,1,14.90,7.45,false,1,
2707141,true,"סולת 1ק""ג",טחנות קמח מפרץ בעמ,,,"י""ח",1,"ק""ג",false,1,3.90,3.90,false,1,
2730903,true,סבון מוצק ורדים פלמוליב  4יח,ש.שסטוביץ בעמ,,,"י""ח",360,ל  גרם,false,1,16.90,4.69,true,1,
2750178,true,גבטה 180 כפרית,ג נרל מילס ישראל בעמ,,,"י""ח",1,,false,1,4.50,4.50,true,1,
2750925,true,חצי בגט כפרי,ג נרל מילס ישראל בעמ,,,"י""ח",1,,false,1,3,3,false,1,
2757139,true,מלוואח 700 גר`שלושת האופים,נטו מלינדה סחר בעמ,,,"י""ח",700,ל  גרם,false,1,17.90,2.56,true,1,
2757511,true,קציצת דג לבישול 750גר`,נטו מלינדה סחר בעמ,,,"י""ח",750,"ל  מ""ל",false,1,28.90,3.85,true,1,
2757535,true,בורקס פילו-אצבעות גבינה 500גר`,נטו מלינדה סחר בעמ,,,"י""ח",500,ל  גרם,false,1,21.90,4.38,true,1,
2757542,true,אטריות קדאיף 400גר,נטו מלינדה סחר בעמ,,,"י""ח",400,ל  גרם,false,1,21.90,5.48,false,1,
2757733,true,ג`חנון 650 ג`,נטו מלינדה סחר בעמ,,,"י""ח",650,ל  גרם,false,1,12.90,1.98,false,1,
2757740,true,"בורקס תפו""א 700 ג` סדרה אדומה",נטו מלינדה סחר בעמ,,,"י""ח",700,ל  גרם,false,1,14.90,2.13,false,1,
2757757,true,מלאווח 700גר`,נטו מלינדה סחר בעמ,,,"י""ח",700,ל  גרם,false,1,13.90,1.99,false,1,
2787495,true,פילה סלמון קפוא,נטו מלינדה סחר בעמ,,,"ק""ג",1,,true,1,79.90,79.90,false,1,
2787884,true,"מקלות  בורקס פילו תפו""א 650גר`",נטו מלינדה סחר בעמ,,,"י""ח",650,ל  גרם,false,1,21.90,3.37,true,1,
2814580,true,טורנדו גרגרים לפתיחת סתימות 200גרם,קומפלקס כימיקלסבעמ ~~~,,,"י""ח",200,ל  גרם,false,1,9.90,4.95,false,1,
2814603,true,"מסיר שומנים קר מבושם 750מ""ל",קומפלקס כימיקלסבעמ ~~~,,,"י""ח",0.75,ליטר,false,1,13.90,18.53,false,1,
2814870,true,"מסיר שומנים קר מבושם 750מ""ל",קומפלקס כימיקלסבעמ ~~~,,,"י""ח",0.75,ליטר,false,1,12.90,17.20,false,1,
2827306,true,נקניקיות עוף 400 גר`מחפוד,עוף ירושלים שיווק בעמ,,,"י""ח",400,ל  גרם,false,1,8.90,2.23,true,1,
2827825,true,שניצל עוף אמיתי מצופה 600 ג`,עוף ירושלים שיווק בעמ,,,"י""ח",600,ל  גרם,false,1,19.90,3.32,false,1,
2830948,true,גבינת מון בלאן עיזים 120גר`,נטו מלינדה סחר בעמ,,,"י""ח",120,ל  גרם,false,1,8.90,7.42,false,1,
2862109,true,פרורי לחם מוזהבים 400גר,רוז חקלאות בעמ,,,"י""ח",400,ל  גרם,false,1,6.90,1.73,false,1,
2862222,true,"פרורי לחם רגילים 1ק""ג",רוז חקלאות בעמ,,,"י""ח",1,"ק""ג",false,1,9.90,9.90,false,1,
2862444,true,"פרורי לחם מוזהבים 1ק""ג הררית",רוז חקלאות בעמ,,,"י""ח",1,"ק""ג",false,1,12.90,12.90,false,1,
2862840,true,מתובלים 400ג בטעם שום,רוז חקלאות בעמ,,,"י""ח",400,ל  גרם,false,1,8.90,2.23,false,1,
2862857,true,מתובלים 400ג בטעם גריל,רוז חקלאות בעמ,,,"י""ח",400,ל  גרם,false,1,8.90,2.23,false,1,
2862864,true,מתובלים טעם קלאסי 400ג,רוז חקלאות בעמ,,,"י""ח",400,ל  גרם,false,1,6.90,1.73,false,1,
2871248,true,טובורג רד 500 חוזר,החברה המרכזית להפצת משקאות בעמ,,,"י""ח",500,"ל  מ""ל",false,1,8.20,1.40,true,1,
2871361,true,קרלסברג  בירה 500 חוזר,החברה המרכזית להפצת משקאות בעמ,,,"י""ח",500,"ל  מ""ל",false,1,8.20,1.40,false,1,
2909569,true,פילה  ברבוניה 400 גרם,בלדי בעמ,,,"י""ח",400,ל  גרם,false,1,25.90,6.48,false,1,
2909804,true,פילה   בקלה(מרלוזה)ארוז ללא עור.,בלדי בעמ,,,"ק""ג",1,"ק""ג",true,1,29.90,29.90,false,1,
2909880,true,פולי סויה אדממה 400גר,בלדי בעמ,,,"י""ח",400,ל  גרם,false,1,8.90,2.23,true,1,
2919872,true,פילה נסיכת הנילוס קפוא..,בלדי בעמ,,,"ק""ג",1,"ק""ג",true,1,49.90,49.90,false,1,
2922865,true,קבב מובחר טאק טורו בית יוסף,נטו מלינדה סחר בעמ,,,"י""ח",1,,false,1,17.90,17.90,true,1,
2929642,true,טונה מארז 4 יח  }ויליגיר{ 140גר,נטו מלינדה סחר בעמ,,,"י""ח",560,ל  גרם,false,1,19.90,3.55,true,1,
2954392,true,תמצית חרובים 450גר`,בני ג ורג שוקחה (חיפה) בעמ,,,"י""ח",450,ל  גרם,false,1,11.90,2.64,false,1,
2954477,true,"אורז אוסטרלי 5 ק""ג",בני ג ורג שוקחה (חיפה) בעמ,,,"י""ח",5,"ק""ג",false,1,49.90,9.98,false,1,
2971955,true,"קמח לבן 650 ללא צורך בניפוי 1ק""ג שטיבל",ח.כהן סוכנות מזון ומשקאות בע,,,"י""ח",1,"ק""ג",false,1,8.90,8.90,false,1,
2971962,true,"קמח מלא 100% 1ק""ג  ללא צורך בניפוי",ח.כהן סוכנות מזון ומשקאות בע,,,"י""ח",1,"ק""ג",false,1,8.90,8.90,false,1,
2972006,true,"קמח בהיר 405 ללא צורך בניפוי 1ק""ג שטיב",ח.כהן סוכנות מזון ומשקאות בע,,,"י""ח",1,"ק""ג",false,1,8.90,8.90,false,1,
2972365,true,"קמח תופח ללא צורך בניפוי 1ק""ג",ח.כהן סוכנות מזון ומשקאות בע,,,"י""ח",1,"ק""ג",false,1,8.90,8.90,false,1,
2973812,true,"קמח כוסמין 80% ללא צורך  בניפוי 1ק""ג",ח.כהן סוכנות מזון ומשקאות בע,,,"י""ח",1,"ק""ג",false,1,15.90,15.90,false,1,
2974222,true,קמח עוגיות 4 שטיבל ללא צ.בניפוי,ח.כהן סוכנות מזון ומשקאות בע,,,"י""ח",1,"ק""ג",false,1,7.90,7.90,false,1,
2974314,true,קמח פיצה שטיבל ללא צ.בניפוי,ח.כהן סוכנות מזון ומשקאות בע,,,"י""ח",1,"ק""ג",false,1,10.90,10.90,false,1,
3010025,true,"רוטב פיצה  240ג בד""ץ",זנלכל בעמ,,,"י""ח",240,ל  גרם,false,1,5.50,2.29,false,1,
3013128,true,פתיל משושה,צבע ומכחול (2014) בעמ,,,"י""ח",1,,false,1,5.90,5.90,false,1,
3069156,true,פילה דג סלמון קפוא V,נטו מלינדה סחר בעמ,,,"ק""ג",1,"ק""ג",true,1,79.90,79.90,false,1,
3069590,true,"סול פילה ארוז 1ק""ג.",נטו מלינדה סחר בעמ,,,"י""ח",1,"ק""ג",false,1,36.90,36.90,false,1,
3069682,true,בצק פילאס 500ג,נטו מלינדה סחר בעמ,,,"י""ח",500,ל  גרם,false,1,21.90,4.38,true,1,
3069705,true,"פיצה אישית גבינה דקה תפזורת בעל""ז",נטו מלינדה סחר בעמ,,,"י""ח",1,"י""ח",false,1,2.90,2.90,true,1,
3072965,true,קבנוס חריף מעושן 120ג,תנובה בשר,,,"י""ח",120,ל  גרם,false,1,9.90,8.25,false,1,
3075553,true,לבנה 500גר,מחלבת רג`ב בעמ,,,"י""ח",500,ל  גרם,false,1,21.90,4.38,false,1,
3075652,true,לבנה 250גר,מחלבת רג`ב בעמ,,,"י""ח",250,ל  גרם,false,1,13.90,5.56,false,1,
3075850,true,לבנה עם זעתר 250גר,מחלבת רג`ב בעמ,,,"י""ח",250,ל  גרם,false,1,14.90,5.96,false,1,
3102136,true,צמר גפן רפואי,אינטרסן (1996) בעמ,,,"י""ח",1,,false,1,4.50,4.50,false,1,
3103285,true,פטינה שקיל שאראוס .,"שטראוס גרופ ***בע""מ",,,"ק""ג",1,"ק""ג",true,1,24.90,24.90,true,1,
3105807,true,בלוז שקיל שטראוס .,"שטראוס גרופ ***בע""מ",,,"ק""ג",1,"ק""ג",true,1,69.90,69.90,true,1,
3141159,true,יוגטה מרשמלו 180ג,ליימן שליסל,,,"י""ח",180,ל  גרם,false,1,8.90,4.94,true,1,
3142361,true,הוטפופ מתוק מלוח 5שקיות,ליימן שליסל,,,"י""ח",600,ל  גרם,false,1,16.90,2.82,true,1,
3143139,true,סילאן קליית גת 900גרם,ליימן שליסל,,,"י""ח",900,ל  גרם,false,1,14.90,1.66,true,1,
3143146,true,"ממרח תמרים קליית גת 450גרם כשל""פ",ליימן שליסל,,,"י""ח",450,ל  גרם,false,1,6.90,1.53,false,1,
3143276,true,יוגטה מרשמלו מגולגל 180ג,ליימן שליסל,,,"י""ח",180,ל  גרם,false,1,8.90,4.94,true,1,
3144679,true,הוטפופ 5(בדלי) שקיות עם מלח,ליימן שליסל,,,"י""ח",500,ל  גרם,false,1,14.90,2.98,true,1,
3145782,true,צנובר טבעי 100גר`,ליימן שליסל,,,"י""ח",100,ל  גרם,false,1,24.90,24.90,false,1,
3189045,true,הולנדי כפיר-א. חלב נוכרי,גבינות הכפר בעמ,,,"ק""ג",1,,true,1,37.90,37.90,false,1,
3189199,true,צהובה חריפה במשקל-א.חלב נוכרי,גבינות הכפר בעמ,,,"ק""ג",1,,true,1,33.90,33.90,false,1,
3189274,true,צהובה מעושן חלב נוכרי במשקל,גבינות הכפר בעמ,,,"ק""ג",1,"י""ח",true,1,39.90,39.90,false,1,
3189380,true,צהובה שום שמיר במשקל חלב נוכרי,גבינות הכפר בעמ,,,"ק""ג",1,,true,1,35.90,35.90,false,1,
3229123,true,פסטרמה על גחלים,תנובה בשר,,,"י""ח",400,ל  גרם,false,1,24.90,6.23,true,1,
3229154,true,סלמי קוניאק מובחר,תנובה בשר,,,"י""ח",300,ל  גרם,false,1,24.90,8.30,false,1,
3229222,true,סלמי תה משובח 300גר`,תנובה בשר,,,"י""ח",300,ל  גרם,false,1,20.90,6.97,false,1,
3268252,true,לחם חיטה מלא 750 לילדים,דגנית עין בר ~~~,,,"י""ח",750,ל  גרם,false,1,13.90,1.85,false,1,
3268429,true,לחם ירוק 750גר,דגנית עין בר ~~~,,,"י""ח",750,ל  גרם,false,1,14.90,1.99,false,1,
3287253,true,מרגז ארוז 500גרם,בלדי בעמ,,,"י""ח",500,ל  גרם,false,1,31.90,6.38,false,1,
3287260,true,צ`וריסוס ארוז 600גרם,בלדי בעמ,,,"י""ח",600,ל  גרם,false,1,31.90,5.32,false,1,
3287956,true,פילה לברק יפני 5-7 וואקום בלדי.,בלדי בעמ,,,"ק""ג",1,"ק""ג",true,1,49.90,49.90,false,1,
3329502,true,צלי כתף מס 5 חלק ג.חול פרגוואי.,נטו מלינדה סחר בעמ,,,"ק""ג",1,"ק""ג",true,1,59.90,59.90,true,1,
3332007,true,קפה נחלה עם הל 250ג,סובחה נחלה ובניו בעמ,,,"י""ח",250,ל  גרם,false,1,13.90,5.56,false,1,
3332014,true,קפה נחלה 500 ג^,סובחה נחלה ובניו בעמ,,,"י""ח",500,ל  גרם,false,1,27.10,5.42,false,1,
3364008,true,צעצועים קבוצה 8,צעצועי דורון ~~~,,,"י""ח",1,,false,1,50,50,false,1,
3400500,true,חטיף קרמל עם בוטנים נטרייג`ס 47גר,ליימן שליסל,,,"י""ח",47,ל  גרם,false,1,4.90,10.43,false,1,
3414406,true,שוקולד צ יפס  283גר ריזס..,ליימן שליסל,,,"י""ח",283,ל  גרם,false,1,14.90,5.27,true,1,
3423909,true,חטיף שוקולד לבן קוקיז אנד קרים 43,ליימן שליסל,,,"י""ח",43,ל  גרם,false,1,4.90,11.40,false,1,
3444009,true,חטיף שוקולד לבן ריזס 42גר,ליימן שליסל,,,"י""ח",43,ל  גרם,false,1,3.90,9.07,false,1,
3514007,true,שקדי מרק 400 גר`MANA,ש.שסטוביץ בעמ,,,"י""ח",400,ל  גרם,false,1,8.90,2.23,true,1,
3550937,true,רגל פרוסה במגש.,נטו מלינדה סחר בעמ,,,"ק""ג",1,,true,1,39.90,39.90,false,1,
3570928,true,קבב בלדי ארוז 500גר קצביה,בלדי בעמ,,,"י""ח",500,ל  גרם,false,1,31.90,6.38,false,1,
3571550,true,סטייק טונה בוואקום,בלדי בעמ,,,"ק""ג",1,"ק""ג",true,1,54.90,54.90,false,1,
3578085,true,גבינת מוצרלה %21שומן למעדניות,ג.וילי פוד אינטרנשיונל בעמ,,,"ק""ג",1,,true,1,69,69,false,1,
3579966,true,אצבעות אנטריקוט ברזיל  מוכשר,בלדי בעמ,,,"ק""ג",1,"י""ח",true,1,55.90,55.90,false,1,
3598311,true,מינוט סטייק דקדק 100% בשר 300גרם,בלדי בעמ,,,"י""ח",300,ל  גרם,false,1,24.90,8.30,false,1,
3598472,true,פילה סלומון מנות בלדי.,בלדי בעמ,,,"ק""ג",1,"ק""ג",true,1,89.90,89.90,false,1,
3718610,true,במיה 400 גרם ארוז,בלדי בעמ,,,"י""ח",600,ל  גרם,false,1,9.90,1.65,false,1,
3718627,true,פול ירוק  ארוז 400ג,בלדי בעמ,,,"י""ח",400,ל  גרם,false,1,9.90,2.48,false,1,
3726615,true,טופו ויילר 300גר,"שטראוס גרופ ***בע""מ",,,"י""ח",300,ל  גרם,false,1,12,4,true,1,
3726684,true,טופו חומוס 300גר טעם טבעי.,"שטראוס גרופ ***בע""מ",,,"י""ח",300,ל  גרם,false,1,12.90,4.30,true,1,
3976607,true,אקונומיקה סמיכה 4 ל` טאצ`לבנדר.,סאסאטק אגשח בעמ,,,"י""ח",4,ליטר,false,1,12.90,3.23,true,1,
3976614,true,אקונומיקה סמיכה 4 ל` טאצ`פרחים,סאסאטק אגשח בעמ,,,"י""ח",4,ליטר,false,1,12.90,3.23,true,1,
3976966,true,מרסס לניקוי כללי בתוספת חומץ 1ליטר טאצ,סאסאטק אגשח בעמ,,,"י""ח",1,ליטר,false,1,12.90,12.90,false,1,
3976973,true,מרסס לניקוי כללי בתוספת סודה 1ליטר טאצ,סאסאטק אגשח בעמ,,,"י""ח",1,ליטר,false,1,12.90,12.90,false,1,
4003006,true,חצי בגט,מאפיית אריאל,,,"י""ח",260,ל  גרם,false,1,1.60,0.62,false,1,
4011284,true,"בסיס להכנת קצפת 212מ""ל",נטו מלינדה סחר בעמ,,,"י""ח",212,"ל  מ""ל",false,1,9.90,4.67,true,1,
4011291,true,"בסיס להכנת קצפת 425מ""ל",נטו מלינדה סחר בעמ,,,"י""ח",425,"ל  מ""ל",false,1,12.90,3.04,false,1,
4011338,true,"קצפת 250מ""ל",נטו מלינדה סחר בעמ,,,"י""ח",250,"ל  מ""ל",false,1,9.90,3.96,false,1,
4011345,true,"קצפת  ריצ`פרווה במיכל 250 מ""ל",נטו מלינדה סחר בעמ,,,"י""ח",250,"ל  מ""ל",false,1,9.90,3.96,false,1,
4011796,true,קבבונים אל גאוצ`ו 400גר`,נטו מלינדה סחר בעמ,,,"י""ח",400,ל  גרם,false,1,24.90,6.23,true,1,
4011819,true,המבורגר ריב אנטריקוט 360גרם,נטו מלינדה סחר בעמ,,,"י""ח",360,ל  גרם,false,1,24.90,6.92,true,1,
4011826,true,מיני המבורגר ריב אנטריקוט 320גרם,נטו מלינדה סחר בעמ,,,"י""ח",320,ל  גרם,false,1,21.90,6.84,true,1,
4030018,true,"פריניב מיץ לימון סחוט 500מ""ל",תנובה בעמ ***,,,"י""ח",500,"ל  מ""ל",false,1,11.80,2.30,false,1,
4030544,true,מיץ לימונענע 1 ליטר,תנובה בעמ ***,,,"י""ח",1,ליטר,false,1,15.60,15.60,true,1,
4030728,true,"מיץ לימון 100%  250 מ""ל מחנה יהודה",פריניב סחר והפצה בעמ,,,"י""ח",250,"ל  מ""ל",false,1,7.90,3.16,true,1,
4043108,true,MNM שוקו   80ג.,מרס ריגלי ישראל בעמ,,,"י""ח",80,ל  גרם,false,1,7.90,9.88,false,1,
4043205,true,MNM פינאטס 92ג,מרס ריגלי ישראל בעמ,,,"י""ח",92,ל  גרם,false,1,7.90,8.59,false,1,
4063016,true,"מלח שולחן 1 ק""ג*",סוגת תעשיות בעמ,,,"י""ח",1,"ק""ג",false,1,1.70,1.70,false,1,
4064099,true,מטחנה מלח מהרי ההימלאיה,סוגת תעשיות בעמ,,,"י""ח",400,ל  גרם,false,1,12.90,3.23,false,1,
4064174,true,"מלח דק 1 ק""ג צנצנת ההימלאיה",סוגת תעשיות בעמ,,,"י""ח",1,"ק""ג",false,1,17.90,17.90,false,1,
4064181,true,"מלח גס 1 ק""ג צנצנת ההימלאיה",סוגת תעשיות בעמ,,,"י""ח",1,"ק""ג",false,1,17.90,17.90,false,1,
4064198,true,מטחנה מלח אקסטרא תבלינים ספייסי,סוגת תעשיות בעמ,,,"י""ח",175,ל  גרם,false,1,12.90,7.37,false,1,
4064228,true,מטחנה מלח אקסטרא תבלינים שום פלפל,סוגת תעשיות בעמ,,,"י""ח",175,ל  גרם,false,1,13.90,7.94,false,1,
4064297,true,"מלח מאושר ביוד צנצנת 1ק""ג",סוגת תעשיות בעמ,,,"י""ח",1,"ק""ג",false,1,8.90,8.90,false,1,
4064365,true,"מלח דק מועשר ביוד 1ק""ג קרטון",סוגת תעשיות בעמ,,,"י""ח",1,"ק""ג",false,1,5.90,5.90,false,1,
4064372,true,מטחנה מלח אקסטרא תבלינים איטלקי 105גר,סוגת תעשיות בעמ,,,"י""ח",175,ל  גרם,false,1,13.90,7.94,false,1,
4068172,true,יוגורט עזים דלי 600ג 5%,מחלבות גד,,,"י""ח",600,ל  גרם,false,1,17.20,2.87,false,1,
4068332,true,קממבר בקר משולשים גד שקיל 25%,מחלבות גד,,,"ק""ג",1,,true,1,111,111,false,1,
4075231,true,סטייק דק דק פרמיום מיט קפוא מחפוד 300ג,עוף ירושלים שיווק בעמ,,,"י""ח",300,ל  גרם,false,1,29.90,9.97,false,1,
4128333,true,לבנה פיראוס,תנובה בעמ ***,,,"י""ח",500,ל  גרם,false,1,20,4,false,1,
4129903,true,.גבינת שמנת  שקילה 30% תנובה.,תנובה בעמ ***,,,"ק""ג",1,"י""ח",true,1,40,40,false,1,
4135324,true,בולגרית מעודנת,תנובה בעמ ***,,,"ק""ג",1,"ק""ג",true,1,49,49,false,1,
4136291,true,צפתית מעודנת פיראוס (5%שקיל).,תנובה בעמ ***,,,"ק""ג",1,"ק""ג",true,1,51,51,false,1,
4136833,true,פיראוס בולגרית 16% שקיל.,תנובה בעמ ***,,,"ק""ג",1,,true,1,58,58,false,1,
4194208,true,כרעיים עוף מחפוד  קפוא~,עוף ירושלים שיווק בעמ,,,"ק""ג",1,"ק""ג",true,1,31.90,31.90,false,1,
4194239,true,חזה עוף ארוז מחפוד  קפוא~,עוף ירושלים שיווק בעמ,,,"ק""ג",1,"ק""ג",true,1,31.90,31.90,false,1,
4194253,true,כנפיים עוף ארוז מחפוד קפוא ~,עוף ירושלים שיווק בעמ,,,"ק""ג",1,"ק""ג",true,1,13.90,13.90,true,1,
4194260,true,שוקיים עוף ארוז מחפוד קפוא,עוף ירושלים שיווק בעמ,,,"ק""ג",1,"ק""ג",true,1,31.90,31.90,false,1,
4194529,true,עוף טרי ארוז  מחפוד**,ח.י. מעדני גורמה בעמ,,,"ק""ג",1,"ק""ג",true,1,22.90,22.90,false,1,
4194536,true,חזה עוף טרי שלם ארוז   מחפוד**,ח.י. מעדני גורמה בעמ,,,"ק""ג",1,,true,1,34.90,34.90,false,1,
4194543,true,כרעיים עוף טרי ארוז  מחפוד**,ח.י. מעדני גורמה בעמ,,,"ק""ג",1,,true,1,34.90,34.90,true,1,
4194550,true,כנפיים עוף טרי ארוז  מחפוד**,ח.י. מעדני גורמה בעמ,,,"ק""ג",1,,true,1,14.90,14.90,true,1,
4194581,true,פרגיות עוף טרי ארוז  מחפוד**,ח.י. מעדני גורמה בעמ,,,"ק""ג",1,,true,1,69.90,69.90,false,1,
4225285,true,דנאבלו 100גר נטו,נטו מלינדה סחר בעמ,,,"י""ח",100,ל  גרם,false,1,12.10,12.10,false,1,
4228804,true,עלי בצק למילוי סיגרים 450 ג`,נטו מלינדה סחר בעמ,,,"י""ח",450,ל  גרם,false,1,13.90,3.09,true,1,
4230104,true,קציצות בקר ברוטב עגבניות  שגב 800גר,נטו מלינדה סחר בעמ,,,"י""ח",800,ל  גרם,false,1,29.90,3.74,true,1,
4230364,true,מקלות בורקס פילו גבינה צרפתית,נטו מלינדה סחר בעמ,,,"י""ח",700,ל  גרם,false,1,21.90,3.13,true,1,
4263041,true,גולש עגל-עטרה,נטו מלינדה סחר בעמ,,,"ק""ג",1,"ק""ג",true,1,39.90,39.90,false,1,
4263393,true,קישקע ירושלמי עטרה,נטו מלינדה סחר בעמ,,,"י""ח",1,,false,1,12.90,12.90,false,1,
4267049,true,עוגיות  מיני ריבועיות 180   ג`ברמן,ח.כהן סוכנות מזון ומשקאות בע,,,"י""ח",300,ל  גרם,false,1,5.90,1.97,false,1,
4267216,true,עוגיות ממולאות ריבה 200  ג`ברמן,ח.כהן סוכנות מזון ומשקאות בע,,,"י""ח",200,ל  גרם,false,1,5.90,2.95,false,1,
4267759,true,עוגיות  מיני-עיגוליות  180  ג`ברמן,ח.כהן סוכנות מזון ומשקאות בע,,,"י""ח",180,ל  גרם,false,1,5.90,3.28,false,1,
4494919,true,"יין כנען קברנה שיראז דלתון  750מ""",הכרם משקאות חריפים בעמ,,,"י""ח",750,"ל  מ""ל",false,1,44.90,5.95,true,1,
4603175,true,מלח ים האדום גס 500ג,סוגת תעשיות בעמ,,,"י""ח",500,ל  גרם,false,1,8.90,1.78,false,1,
4649159,true,צלי כתף 5  מוכשר=,נטו מלינדה סחר בעמ,,,"ק""ג",1,,true,1,59.90,59.90,false,1,
4861025,true,בולגרית מסורתית שקיל 5% המושבה,מחלבות המושבה בעמ,,,"ק""ג",10,"ק""ג",true,1,49.90,4.99,false,1,
4861278,true,גבינת שמנת טבעי/שום שמיר 30%  המושבה,מחלבות המושבה בעמ,,,"ק""ג",1,,true,1,39.90,39.90,false,1,
4861285,true,טבורוג המושבה שקילה 5%,מחלבות המושבה בעמ,,,"ק""ג",1,"ק""ג",true,1,29.90,29.90,false,1,
4861360,true,צפתית קצח  המושבה שקיל,מחלבות המושבה בעמ,,,"ק""ג",100,ל  גרם,true,1,44.90,44.90,false,1,
4861520,true,שמנת טבעי/טעמים   5%,מחלבות המושבה בעמ,,,"ק""ג",1,,true,1,27.90,27.90,false,1,
5079290,true,חריץ גבינה נעם 15% שקיל,*החברה המרכזית להפצת משקאותבעמ,,,"ק""ג",1,,true,1,66.90,66.90,false,1,
5079412,true,אמנטל נעם חריץ מעדניה.,*החברה המרכזית להפצת משקאותבעמ,,,"ק""ג",200,ל  גרם,true,1,59.90,29.95,false,1,
5095702,true,חיטה תפוחה  בדבש(שלוה),ציון תורגמן בעמ,,,"י""ח",1,"י""ח",false,1,8.90,8.90,false,1,
5095719,true,חיטה תפוחה  טבעית(שלוה),ציון תורגמן בעמ,,,"י""ח",1,"י""ח",false,1,8.90,8.90,false,1,
5287930,true,"מארז טונה סטארקיסט 160  גר`בד""צ",דיפלומט מפיצים (1968) בעמ**,,,"י""ח",1,,false,1,26.90,26.90,true,1,
5326585,true,אוליביה פסטו בזיליקום,תנובה בעמ ***,,,"י""ח",180,ל  גרם,false,1,12.90,7.17,false,1,
5358548,true,בשר  מס `5חלק.,נטו מלינדה סחר בעמ,,,"ק""ג",1,,true,1,59.90,59.90,false,1,
5358739,true,בשר ראש קפוא חלק,נטו מלינדה סחר בעמ,,,"ק""ג",1,,true,1,79.90,79.90,false,1,
5358753,true,לשון חלק,נטו מלינדה סחר בעמ,,,"ק""ג",1,,true,1,34.90,34.90,false,1,
5358852,true,צלי כתף 5 חלק.,נטו מלינדה סחר בעמ,,,"ק""ג",1,,true,1,59.90,59.90,false,1,
5358883,true,שריר בשר  מס `8   חלק.,נטו מלינדה סחר בעמ,,,"ק""ג",1,,true,1,32.90,32.90,false,1,
5387043,true,צלעות מס 2 חלק רבנות,בלדי בעמ,,,"ק""ג",1,"ק""ג",true,1,34.90,34.90,true,1,
5423055,true,"סנו פורטה פלוס 750מ""ל לניחוח לימון",החב הדרומית לשיווק,,,"י""ח",750,"ל  מ""ל",false,1,16.90,2.25,false,1,
5425110,true,תרסיס חיטוי משטחים 99.9% סנו,החב הדרומית לשיווק,,,"י""ח",750,"ל  מ""ל",false,1,14.90,1.99,false,1,
5425127,true,תרסיס חיטוי ניקוי יסודי  99.9% סנו,החב הדרומית לשיווק,,,"י""ח",750,"ל  מ""ל",false,1,14.90,1.99,false,1,
5431883,true,מלבי חלבי 165ג. תנובה,תנובה בעמ ***,,,"י""ח",165,"ל  מ""ל",false,1,6.90,4.18,false,1,
5431913,true,עוגת גבינה פירורים 92ג(. תנובה),תנובה בעמ ***,,,"י""ח",92,"ל  מ""ל",false,1,6.90,7.50,false,1,
5431968,true,מלבי שמנת 150ג,תנובה בעמ ***,,,"י""ח",150,"ל  מ""ל",false,1,6.90,4.60,false,1,
5559907,true,פיצה משפחתית גבינה 500 ג מעדנות,תנובה בשר,,,"י""ח",500,ל  גרם,false,1,19.90,3.98,true,1,
5559990,true,בצק פילאס טורקי,תנובה בשר,,,"י""ח",600,ל  גרם,false,1,22.90,3.82,false,1,
5678318,true,ענב טלי בוטיק אוטם קריספי,ביכורי השדה צפון 1994 ג.ד. בעמ,,,"ק""ג",1,,true,1,22.90,22.90,false,1,
5678325,true,ענב טלי,ביכורי השדה צפון 1994 ג.ד. בעמ,,,"ק""ג",1,,true,1,22.90,22.90,false,1,
5678387,true,ענב טלי,ביכורי השדה צפון 1994 ג.ד. בעמ,,,"ק""ג",1,,true,1,22.90,22.90,false,1,
5678455,true,ענבים אדומים,ביכורי השדה צפון 1994 ג.ד. בעמ,,,"ק""ג",1,,true,1,19.90,19.90,false,1,
5678585,true,ענב סקרלוטה אדום מארז,ביכורי השדה צפון 1994 ג.ד. בעמ,,,"ק""ג",1,,true,1,16.90,16.90,false,1,
5678608,true,ענבים אדומים טלי,ביכורי השדה צפון 1994 ג.ד. בעמ,,,"ק""ג",1,,true,1,16.90,16.90,false,1,
5678806,true,ענב אדום ארוז.,ביכורי השדה צפון 1994 ג.ד. בעמ,,,"ק""ג",1,,true,1,22.90,22.90,false,1,
5678929,true,פטרוזליה,ביכורי השדה צפון 1994 ג.ד. בעמ,,,"י""ח",1,,false,1,3.90,3.90,false,1,
5692543,true,"נקניקיות מרגז חריפות 1ק""ג מחפוד",עוף ירושלים שיווק בעמ,,,"י""ח",1,"ק""ג",false,1,49.90,49.90,false,1,
5719318,true,לחמניות המבורגר 4יח,****דין שיווק וקליה 2021 בעמ,,,"י""ח",4,"י""ח",false,1,12.90,3.23,false,1,
5778711,true,מעטפות מכתב,צבע ומכחול (2014) בעמ,,,"י""ח",1,,false,1,5.90,5.90,false,1,
5896439,true,"מכבי בקבוק}חוזר   {500מ""ל",טמפו משקאות בעמ,,,"י""ח",500,"ל  מ""ל",false,1,6.60,1.08,false,1,
5896453,true,"מכבי  7.9% 500מ""ל בקבוק חוזר",טמפו משקאות בעמ,,,"י""ח",500,"ל  מ""ל",false,1,7.30,1.22,false,1,
5966033,true,"יין הר חרמון לבן 750 מ""ל",היכל היין שקד גולן בעמ,,,"י""ח",750,"ל  מ""ל",false,1,32.90,4.35,true,1,
5966088,true,"~יין הר חרמון אדום 750 מ""ל.",היכל היין שקד גולן בעמ,,,"י""ח",750,"ל  מ""ל",false,1,32.90,4.35,true,1,
5992858,true,פטה עיזים  גד שקיל,מחלבות גד,,,"ק""ג",300,ל  גרם,true,1,110,36.67,false,1,
5992872,true,צפתית 5% במים}גד {.,מחלבות גד,,,"ק""ג",1,,true,1,57.90,57.90,false,1,
5996009,true,סלמי גליל מעושן 40ג.,מעדני יחיעם 1993 בעמ,,,"י""ח",40,ל  גרם,false,1,19.90,49.75,false,1,
5996078,true,סרוולט הונגרי 125ג,מעדני יחיעם 1993 בעמ,,,"י""ח",125,ל  גרם,false,1,25.90,20.72,false,1,
5996221,true,פסטרמה של פעם  דק דק 120ג,מעדני יחיעם 1993 בעמ,,,"י""ח",120,ל  גרם,false,1,9.90,8.25,false,1,
5996238,true,פסטרמה בדבש דק דק 120ג,מעדני יחיעם 1993 בעמ,,,"י""ח",120,ל  גרם,false,1,9.90,8.25,false,1,
5996276,true,פסטרמה ברביקיו  דק דק 120ג,מעדני יחיעם 1993 בעמ,,,"י""ח",120,ל  גרם,false,1,9.90,8.25,false,1,
5996740,true,סלמי פפרוני 300ג,מעדני יחיעם 1993 בעמ,,,"י""ח",300,ל  גרם,false,1,19.90,6.63,false,1,
6271174,true,ג חנון  בצק}מעדנות 700 ג,תנובה בשר,,,"י""ח",700,ל  גרם,false,1,18.90,2.70,false,1,
6306296,true,רביולי גבינה לילדים 400ג,מחלבות גד,,,"י""ח",400,ל  גרם,false,1,19.90,4.98,false,1,
6342645,true,טורטיה גדולה 840 ג  12 יח`,דין שיווק וקליה 2021 בעמ,,,"י""ח",840,ל  גרם,false,1,14.90,1.77,false,1,
6459961,true,אובלט קימל תמר 282 גרם,ציון תורגמן בעמ,,,"י""ח",282,ל  גרם,false,1,9.90,3.51,false,1,
6640024,true,מגש קרטון קטן,צבע ומכחול (2014) בעמ,,,"י""ח",1,,false,1,4.90,4.90,false,1,
6640031,true,דבק דו צדדי,צבע ומכחול (2014) בעמ,,,"י""ח",1,,false,1,5.50,5.50,false,1,
6704771,true,גינגר,ביכורי השדה צפון 1994 ג.ד. בעמ,,,"י""ח",1,,false,1,8.90,8.90,false,1,
6738615,true,קבב זהב 400גר`,זוגלובק שיווק בעמ,,,"י""ח",400,ל  גרם,false,1,21.90,5.48,true,1,
6739124,true,בצק פילאס 500גר זוגלובק,זוגלובק שיווק בעמ,,,"י""ח",500,ל  גרם,false,1,17.90,3.58,true,1,
6739131,true,בצק פילו 500גר זוגלובק,זוגלובק שיווק בעמ,,,"י""ח",500,ל  גרם,false,1,14.90,2.98,true,1,
6739292,true,פסטרמה תבור 330 ג,זוגלובק שיווק בעמ,,,"י""ח",330,ל  גרם,false,1,26.90,8.15,false,1,
6739407,true,שניצל תירס לייט 600גר`,זוגלובק שיווק בעמ,,,"י""ח",600,ל  גרם,false,1,25.90,4.32,true,1,
6739445,true,שניצל תירס קלאסי  750גר`,זוגלובק שיווק בעמ,,,"י""ח",750,ל  גרם,false,1,26.90,3.59,true,1,
6742278,true,פסטרממיה צלויה על לבנים 330גר`,זוגלובק שיווק בעמ,,,"י""ח",330,ל  גרם,false,1,26.90,8.15,false,1,
6742315,true,חזה הודו ברביקיו 330גר`,זוגלובק שיווק בעמ,,,"י""ח",330,ל  גרם,false,1,26.90,8.15,false,1,
6764058,true,"בירה נשר לבנה 500  מ""ל}חוזר{",טמפו משקאות בעמ,,,"י""ח",500,"ל  מ""ל",false,1,5,0.76,false,1,
6764065,true,נשר מאלט }500 חוזר{,טמפו משקאות בעמ,,,"י""ח",500,"ל  מ""ל",false,1,5,0.76,true,1,
6764072,true,"גולדסטאר 500  מ""ל}חוזר{",טמפו משקאות בעמ,,,"י""ח",500,"ל  מ""ל",false,1,7.70,1.30,false,1,
6764270,true,סודה בנגיעות אשכולית אד 1.5ליטר רביעיי,טמפו משקאות בעמ,,,"י""ח",6,ליטר,false,1,12.30,1.85,true,1,
6764478,true,נשר מאלט דיאט }330 פקדון{,טמפו משקאות בעמ,,,"י""ח",330,"ל  מ""ל",false,1,4.30,1.21,false,1,
6764737,true,נשר מאלט 500  דיאט}חוזר{,טמפו משקאות בעמ,,,"י""ח",500,"ל  מ""ל",false,1,5,0.76,true,1,
6775900,true,עוגיות מרוקאיות 500גרם אחוה,אחדות בעמ,,,"י""ח",450,ל  גרם,false,1,10.90,2.42,false,1,
6784322,true,"ניקוי נירוסטה 400 מ""ל",קומפלקס כימיקלסבעמ ~~~,,,"י""ח",400,"ל  מ""ל",false,1,15.90,3.98,false,1,
6784339,true,"תרסיס רהיט 300מ""ל",קומפלקס כימיקלסבעמ ~~~,,,"י""ח",300,"ל  מ""ל",false,1,9.90,3.30,false,1,
6784346,true,"קצף לניקוי שטיחים 630מ""ל",קומפלקס כימיקלסבעמ ~~~,,,"י""ח",630,"ל  מ""ל",false,1,15,2.38,false,1,
6784360,true,מס  1 לניקוי חלונות 1 ליטר,קומפלקס כימיקלסבעמ ~~~,,,"י""ח",1,ליטר,false,1,4.90,4.90,false,1,
6784865,true,מטבחים 1ל מרוכז.,קומפלקס כימיקלסבעמ ~~~,,,"י""ח",1,ליטר,false,1,9.90,9.90,false,1,
6804068,true,"בורקס תפו""א פילסברי",ג נרל מילס ישראל בעמ,,,"ק""ג",1,,true,1,44.90,44.90,true,1,
6804082,true,קרואסון ביס שוקולד שקילה,ג נרל מילס ישראל בעמ,,,"ק""ג",1,,true,1,44.90,44.90,true,1,
6805362,true,חצי בגט מאפית אפיה מקומית.,ג נרל מילס ישראל בעמ,,,"י""ח",1,,false,1,3.30,3.30,true,1,
6855404,true,ברבריא בייטס תמר קשיו שקדים ופיסטוק 55,ש.שסטוביץ בעמ,,,"י""ח",55,ל  גרם,false,1,8.90,16.18,false,1,
6855435,true,ברבריא בייטס תמר שקדים קוקוס אננס 55גר,ש.שסטוביץ בעמ,,,"י""ח",55,ל  גרם,false,1,8.90,16.18,false,1,
6920980,true,"מוצרלה בייבי 2 ק""ג חלב נוכרי",גבינות הכפר בעמ,,,"ק""ג",1,,true,1,54.90,54.90,false,1,
6941466,true,שמן קנולה 1 ליטר שווה,ח.כהן סוכנויות מזון ומשקאות***,,,"י""ח",1,ליטר,false,1,9.90,9.90,false,1,
8000796,true,סופרמן משחת שיניים לילדים,גורי ע.ע.ע. בעמ,,,"י""ח",1,,false,1,8.90,8.90,false,1,
8101318,true,קריספי פירורי לחם זהוב 300גר,א.ל.יצור ושיווקתבלינים בעמ,,,"י""ח",300,ל  גרם,false,1,6.90,2.30,true,1,
8101356,true,קריספי פאנקו זהוב 300גר,א.ל.יצור ושיווקתבלינים בעמ,,,"י""ח",300,ל  גרם,false,1,9.90,3.30,true,1,
8175760,true,גבינת מנצ`יגו(חלב  כבשים)למעדניה,ג.וילי פוד אינטרנשיונל בעמ,,,"ק""ג",1,"ק""ג",true,1,99,99,true,1,
8175777,true,גבינת איבריקו למעדניה,ג.וילי פוד אינטרנשיונל בעמ,,,"ק""ג",1,"ק""ג",true,1,94,94,true,1,
8175814,true,"פטריות חתוך 400 גרם 8""",ג.וילי פוד אינטרנשיונל בעמ,,,"י""ח",400,ל  גרם,false,1,5.40,1.35,false,1,
8175906,true,גבינה  עיזים שקיל,ג.וילי פוד אינטרנשיונל בעמ,,,"ק""ג",1,"ק""ג",true,1,100,100,false,1,
8203937,true,מקל בודד למגב/מטאטא,לפ אינטרהום 2000 בעמ,,,"י""ח",1,,false,1,9.90,9.90,false,1,
8211145,true,גבינה גאודה נטו.,א. סיימן סחר בעמ,,,"ק""ג",4.50,"ק""ג",true,1,99,22,true,1,
8403917,true,גאודה פסטו ירוק  שקיל,א. סיימן סחר בעמ,,,"ק""ג",1,,true,1,144,144,true,1,
8403924,true,גאודה פסטו אדום  שקיל,א. סיימן סחר בעמ,,,"ק""ג",1,,true,1,144,144,true,1,
8403931,true,גאודה כמון שקיל,א. סיימן סחר בעמ,,,"ק""ג",1,,true,1,115,115,true,1,
8409049,true,מיני מיני שניצלונים בציפוי שומשום,תנובה בשר,,,"י""ח",1,,false,1,22.90,22.90,false,1,
8409216,true,.שניצל דק דק פריך 700גר`,תנובה בשר,,,"י""ח",700,ל  גרם,false,1,39.90,5.70,false,1,
8409315,true,מיני מיני שניצלונים בציפוי פריך 500ג,תנובה בשר,,,"י""ח",1,,false,1,22.90,22.90,false,1,
8461283,true,טריפל צ`דר 200גרם.,א. סיימן סחר בעמ,,,"י""ח",200,ל  גרם,false,1,23.90,11.95,true,1,
8464024,true,"גולדסטאר פחית 500 מ""ל לט מסונן",טמפו משקאות בעמ,,,"י""ח",500,"ל  מ""ל",false,1,9,1.74,false,1,
8464406,true,"פחית פפסי מקס 330מ""ל",טמפו משקאות בעמ,,,"י""ח",330,"ל  מ""ל",false,1,3.90,1.09,true,1,
8464611,true,"סודה טמפו 275 מ""ל.",טמפו משקאות בעמ,,,"י""ח",275,"ל  מ""ל",false,1,3.50,1.16,true,1,
8464635,true,"מי טוניק 275 מ""ל",טמפו משקאות בעמ,,,"י""ח",275,"ל  מ""ל",false,1,4.30,1.45,false,1,
8464673,true,"גולדסטאר פחית 500 מ""ל Slowbrew 10%",טמפו משקאות בעמ,,,"י""ח",500,"ל  מ""ל",false,1,8.50,1.64,false,1,
8464741,true,גולדסטאר  330 מייל שישייה.,טמפו משקאות בעמ,,,"י""ח",1980,"ל  מ""ל",false,1,33.90,1.62,true,1,
8464796,true,היינקן   שישיה}בקבוק 330 מייל,טמפו משקאות בעמ,,,"י""ח",1.98,ליטר,false,1,38.90,18.74,true,1,
8466806,true,מארז שניק וניל 500ג מחנה יהודה,הלל בן הלל שיווק ומסחר בעמ,,,"י""ח",500,ל  גרם,false,1,17.90,3.58,true,1,
8493710,true,פירורי גריסיני זהב 200ג,דנשר (1963) בעמ,,,"י""ח",200,ל  גרם,false,1,6.90,3.45,false,1,
8500531,true,ערכת יום הולדת של פילסברי 525ג,ליימן שליסל,,,"י""ח",525,ל  גרם,false,1,25.90,4.93,false,1,
8500692,true,עוגיות מיניבאדי בצל שקיל,ג נרל מילס ישראל בעמ,,,"ק""ג",1,,true,1,49,49,false,1,
8670159,true,"יין רקאנטי יסמין לבן 750מ""ל.",היכל היין שקד גולן בעמ,,,"י""ח",750,"ל  מ""ל",false,1,36.90,4.88,true,1,
8711528,true,גבינת עיזים הולנד נטו,א. סיימן סחר בעמ,,,"ק""ג",1,,true,1,169,169,true,1,
8739016,true,נר אוירה,מוסקו בעמ,,,"י""ח",1,,false,1,19.90,19.90,false,1,
8739955,true,רחנים,מוסקו בעמ,,,"י""ח",1,,false,1,11.90,11.90,false,1,
8747547,true,"תפוצ יפס קראנץ טבעי 200ג כשל""פ","שטראוס פריטו ליי בע""מ",,,"י""ח",200,ל  גרם,false,1,10.90,5.45,true,1,
8757072,true,פחית שוופס תות,יפאורה שותפות מוגבלת לשיווק,,,"י""ח",330,"ל  מ""ל",false,1,4.90,1.39,true,1,
8757386,true,"מפ""ז ענבים פח 330מ""ל",יפאורה שותפות מוגבלת לשיווק,,,"ל 100 מ""ל",330,"ל  מ""ל",false,1,3.20,0.88,true,1,
8801522,true,K.D קונקורד,אגודת הכורמים,,,"י""ח",750,"ל  מ""ל",false,1,21.90,2.88,true,1,
8801843,true,סלקטד קברנה  סובניון 0.75,אגודת הכורמים,,,"י""ח",750,"ל  מ""ל",false,1,29.90,3.95,true,1,
8801850,true,סלקטד ריזלינג 0.75 ל,אגודת הכורמים,,,"י""ח",750,"ל  מ""ל",false,1,29.90,3.95,true,1,
8802512,true,VINO אדום כרמל 750,אגודת הכורמים,,,"י""ח",750,"ל  מ""ל",false,1,21,2.76,true,1,
8802529,true,VINO לבן כרמל 0.75 ל,אגודת הכורמים,,,"י""ח",750,"ל  מ""ל",false,1,21,2.76,true,1,
8804332,true,"PC  שיראז 750מ""ל",אגודת הכורמים,,,"י""ח",750,"ל  מ""ל",false,1,39.90,5.28,true,1,
8805520,true,סלקטד קברנה מרלו  0.75 ל,אגודת הכורמים,,,"י""ח",750,"ל  מ""ל",false,1,29.90,3.95,true,1,
8835992,true,פילה נסיכת הנילוס פרוס,בלדי בעמ,,,"ק""ג",1,"ק""ג",true,1,62.90,62.90,false,1,
8899505,true,בגט ארוך לבן (אפיה מקומית),ג נרל מילס ישראל בעמ,,,"י""ח",250,ל  גרם,false,1,4.50,1.80,true,1,
8899512,true,בגט כפרי (אפיה מקומית),ג נרל מילס ישראל בעמ,,,"י""ח",1,,false,1,4.50,4.50,true,1,
8989091,true,פריכיות אורז שלישיה B D,בטר אנד דיפרנט בעמ,,,"י""ח",310,ל  גרם,false,1,12.90,4.16,false,1,
9169272,true,פקדון,שונות /שרות,,,"י""ח",1,,false,1,0.30,0.30,false,1,
14205017,true,"צלחת   קטנות""שווה""50יח",ח.כהן סוכנות מזון ומשקאות בע,,,"י""ח",30,"י""ח",false,1,10.90,0.36,false,1,
40084107,true,קינדר ביצת  הפתעה בודד,פרימיום - חברה לדברי מתיקה ולמ,,,"י""ח",1,,false,1,5.90,5.90,false,1,
40111216,true,באונטי חטיף שוקולד 57גר,מרס ריגלי ישראל בעמ,,,"י""ח",57,ל  גרם,false,1,4.50,7.89,true,1,
40144061,true,וופל קנופרס 25גר.,ליימן שליסל,,,"י""ח",25,ל  גרם,false,1,2.90,11.60,true,1,
42299363,true,רול און  לגבר,אלפא ב.ד.ף בעמ,,,"י""ח",50,"ל  מ""ל",false,1,13.90,27.80,true,1,
54051157,true,אלפרו מעדן סויה שוקו 500 ג`,"שטראוס גרופ בע""מ",,,"י""ח",500,ל  גרם,false,1,18.90,3.78,true,1,
59068907,true,פאל מאל כחול דמי סמילס,גלוברנדס בעמ,,,"י""ח",1,,false,1,25,25,false,1,
72940754,true,"מילקי וניל רובין כשל""פ 135גר","שטראוס גרופ ***בע""מ",,,"י""ח",130,"ל  מ""ל",false,1,2.90,2.23,true,1,
72940761,true,"מילקי   שוקו}שטראוס{רובין כשל""פ","שטראוס גרופ ***בע""מ",,,"י""ח",130,"ל  מ""ל",false,1,2.90,2.23,true,1,
72940952,true,מילקי פי2 קצפת 111גר,"שטראוס גרופ ***בע""מ",,,"י""ח",111,ל  גרם,false,1,3.90,3.51,true,1,
72940976,true,כרוב  אדום}אחלה{,"שטראוס גרופ ***בע""מ",,,"י""ח",250,ל  גרם,false,1,7.40,2.96,true,1,
72940983,true,חומוס אחלה 250 גר.,"שטראוס גרופ ***בע""מ",,,"י""ח",250,ל  גרם,false,1,6.90,2.76,true,1,
72941041,true,מיני מילקי שוקו,"שטראוס גרופ ***בע""מ",,,"י""ח",130,"ל  מ""ל",false,1,2,1.54,true,1,
72961209,true,שמנית*,תנובה בעמ ***,,,"י""ח",200,"ל  מ""ל",false,1,2.40,1.20,false,1,
72961506,true,"פרילי תות 125 מ""ל",תנובה בעמ ***,,,"י""ח",125,"ל  מ""ל",false,1,3.50,2.80,false,1,
72961544,true,באדי תות,תנובה בעמ ***,,,"י""ח",125,"ל  מ""ל",false,1,3,2.40,false,1,
72964422,true,שלי  יוגורט 4.5%  שומן,תנובה בעמ ***,,,"י""ח",200,"ל  מ""ל",false,1,2.90,1.45,false,1,
72986424,true,גלידה פיינטים קרם עוגיות,מוצרי איכות אמריקאיים בעמ,,,"י""ח",750,"ל  מ""ל",false,1,19.90,2.65,true,1,
72986448,true,גלידה פיינטים טופי קראנץ,מוצרי איכות אמריקאיים בעמ,,,"י""ח",750,"ל  מ""ל",false,1,19.90,2.65,true,1,
72986455,true,גלידה פיינטים ניו-יורק סופר,מוצרי איכות אמריקאיים בעמ,,,"י""ח",500,"ל  מ""ל",false,1,19.90,3.98,true,1,
72986479,true,גלידה פיינטים צאנקי מנקי,מוצרי איכות אמריקאיים בעמ,,,"י""ח",500,"ל  מ""ל",false,1,19.90,3.98,true,1,
72991886,true,גלידה פיינטים דולציה דה לצ ה,מוצרי איכות אמריקאיים בעמ,,,"י""ח",500,"ל  מ""ל",false,1,19.90,3.98,true,1,
72993637,true,דני שוקולד בודד,"שטראוס גרופ ***בע""מ",,,"י""ח",125,"ל  מ""ל",false,1,2.70,2.16,true,1,
72994061,true,פסק זמן GOOD 2,"שטראוס גרופ בע""מ",,,"י""ח",40,ל  גרם,false,1,4.90,12.25,true,1,
74138447,true,ערכת אבלים מקורות.,שונות /שרות,,,"י""ח",1,,false,1,798.60,798.60,false,1,
80042556,true,עגבניות חתוכות 400ג   MUTTI.,רסטרטו יבוא ושיווק בעמ,,,"י""ח",400,ל  גרם,false,1,5.90,1.48,true,1,
80050025,true,טיק טק תפוז,פרימיום - חברה לדברי מתיקה ולמ,,,"י""ח",16,ל  גרם,false,1,3.50,21.88,true,1,
80050124,true,חטיף טיק טק,פרימיום - חברה לדברי מתיקה ולמ,,,"י""ח",16,ל  גרם,false,1,3.50,21.88,true,1,
80052487,true,חטיף רפאלו שלשה,פרימיום - חברה לדברי מתיקה ולמ,,,"י""ח",1,"י""ח",false,1,3.60,3.60,false,1,
80052760,true,קינדר בואנו,פרימיום - חברה לדברי מתיקה ולמ,,,"י""ח",1,,false,1,3.90,3.90,false,1,
80136194,true,קינדר הפי היפו 1/5 אגוזי לוז,פרימיום - חברה לדברי מתיקה ולמ,,,"י""ח",5,"י""ח",false,1,12.90,2.58,false,1,
80177609,true,קינדר 50 גרם,פרימיום - חברה לדברי מתיקה ולמ,,,"י""ח",50,ל  גרם,false,1,4.20,8.40,false,1,
80177616,true,קינדר אצבעות 100 גר,פרימיום - חברה לדברי מתיקה ולמ,,,"י""ח",1,,false,1,8.90,8.90,false,1,
80310167,true,קינדר אצבעות 126 גר,פרימיום - חברה לדברי מתיקה ולמ,,,"י""ח",126,ל  גרם,false,1,9.90,7.86,true,1,
80310549,true,הפי היפו אגוזי לוז בודד,פרימיום - חברה לדברי מתיקה ולמ,,,"י""ח",35,ל  גרם,false,1,3.20,9.14,false,1,
80310891,true,ביצת הפתעה קינדר ג וי 20ג,פרימיום - חברה לדברי מתיקה ולמ,,,"י""ח",200,ל  גרם,false,1,5.40,2.70,false,1,
80761761,true,קינדר בואנו לבן בודד,פרימיום - חברה לדברי מתיקה ולמ,,,"י""ח",1,,false,1,3.90,3.90,false,1,
80773429,true,מנטוס טעם תות בקבוק 60ג,ליימן שליסל,,,"י""ח",60,ל  גרם,false,1,9.90,16.50,true,1,
80773443,true,מנטוס טעם פירות מנטה  בקבוק 60ג,ליימן שליסל,,,"י""ח",60,ל  גרם,false,1,9.90,16.50,true,1,
80776307,true,מנטוס טעם  פירות מנטה   בקבוק 90ג,ליימן שליסל,,,"י""ח",90,ל  גרם,false,1,15.90,17.67,false,1,
80790990,true,מנטוס טעם מנטה  עדין בקבוק 60ג,ליימן שליסל,,,"י""ח",60,ל  גרם,false,1,9.90,16.50,true,1,
80843184,true,מנטוס טעם ענבים  בקבוק 60ג,ליימן שליסל,,,"י""ח",60,ל  גרם,false,1,9.90,16.50,true,1,
80864295,true,מנטוס בוקס וואיט מנטה עדינה  30 יח`,ליימן שליסל,,,"י""ח",60,ל  גרם,false,1,9.90,16.50,true,1,
80896081,true,מנטוס טעם אבטיח בקבוק 60ג,ליימן שליסל,,,"י""ח",60,ל  גרם,false,1,9.90,16.50,true,1,
80913467,true,מנטוס טעם מנטה בקבוק 60ג,ליימן שליסל,,,"י""ח",60,ל  גרם,false,1,9.90,16.50,true,1,
80936848,true,טיק טק בטעם תות שדה,פרימיום - חברה לדברי מתיקה ולמ,,,"י""ח",1,,false,1,3.50,3.50,true,1,
80945468,true,מנטוס בוקס וואיט מנטה מתוקה  30 יח`,ליימן שליסל,,,"י""ח",60,ל  גרם,false,1,9.90,16.50,true,1,
80979128,true,מנטוס טעם דובדבן  בקבוק 60ג,ליימן שליסל,,,"י""ח",60,ל  גרם,false,1,9.90,16.50,true,1,
80986348,true,מנטוס בוקס וואיט מנטה  30 יח`,ליימן שליסל,,,"י""ח",60,ל  גרם,false,1,9.90,16.50,true,1,
80995128,true,מנטוס טעם הדרים בתוספת ויטמין D,ליימן שליסל,,,"י""ח",60,ל  גרם,false,1,9.90,16.50,true,1,
87108538,true,מנטוס גלילים תות,ליימן שליסל,,,"י""ח",37,ל  גרם,false,1,3.30,8.92,true,1,
87108651,true,מנטוס מנטה 1\4,ליימן שליסל,,,"י""ח",1,,false,1,11.90,11.90,false,1,
87108712,true,מנטוס פירות 1\4,ליימן שליסל,,,"י""ח",150,ל  גרם,false,1,11.90,7.93,false,1,
87354041,true,מנטוס גלילים בטעם דובדבן,ליימן שליסל,,,"י""ח",37.50,ל  גרם,false,1,3.30,8.80,true,1,
90162602,true,"רד בול פחית 250 מ""ל",דיפלומט מפיצים (1968) בעמ**,,,"י""ח",250,"ל  מ""ל",false,1,5.90,2.24,true,1,
90446269,true,"רד בול אבטיח  250מ""ל",דיפלומט מפיצים (1968) בעמ**,,,"י""ח",250,ל  גרם,false,1,6.80,2.60,true,1,
8112100298,true,"שמן שומשום טהור  185מ""ל",מזרח ומערב יבוא ושיווק,,,"י""ח",185,"ל  מ""ל",false,1,14.90,8.05,false,1,
8888888888,true,1711,לפ הוצ בולט תעשיו,,,"י""ח",1,,false,1,13.11,13.11,false,1,
11210000094,true,"טבסקו חריף 60 מ""ל",ציון תורגמן בעמ,,,"י""ח",60,"ל  מ""ל",false,1,9.90,16.50,true,1,
11210002500,true,"טבסקו באפלו 150מ""ל",ציון תורגמן בעמ,,,"י""ח",150,"ל  מ""ל",false,1,22.90,15.27,false,1,
11210618503,true,"טבסקו חריף אקסטרא 60 מ""ל",ציון תורגמן בעמ,,,"י""ח",60,"ל  מ""ל",false,1,19.90,33.17,false,1,
16000185517,true,פייבר וואן 555גר.,קבוצת אוסם סחר-שות.מוגבלת,,,"י""ח",460,ל  גרם,false,1,24.90,5.41,true,1,
16000423534,true,נייטשר קראנצ`י ש.שועל ושוקולד מריר 1/5,ליימן שליסל,,,"י""ח",210,ל  גרם,false,1,19.90,9.48,true,1,
16000548404,true,נייטשר קראנצ`י שיבולת שועל ודבש 1/5,ליימן שליסל,,,"י""ח",210,ל  גרם,false,1,19.90,9.48,true,1,
16000548503,true,חטיף ניצ`ר ואלי  מייפל בסוכר חום,ליימן שליסל,,,"י""ח",210,ל  גרם,false,1,19.90,9.48,true,1,
16229924263,true,"קרם קוקוס 250מ""ל",גורי מוצרי צריכה בעמ,,,"י""ח",250,"ל  מ""ל",false,1,9.90,3.96,false,1,
18000701223,true,תערובת לעוגת  שוק(פילסברי),ליימן שליסל,,,"י""ח",517,ל  גרם,false,1,17.90,3.46,false,1,
19548003107,true,בלוק צימקאו לבן 300גר,תה ויסוצקי (ישראל)בעמ,,,"י""ח",300,ל  גרם,false,1,8.90,2.97,false,1,
24000161035,true,עגבניות קצוצות דק במיץ עגב. מארז 3*400,ליימן שליסל,,,"י""ח",1.20,"ק""ג",false,1,12.90,10.75,false,1,
25675120037,true,מקלות חמוצות 100,גורי ע.ע.ע. בעמ,,,"י""ח",100,ל  גרם,false,1,7.90,7.90,false,1,
25675120068,true,ממתק מקלות בטעם קולה,גורי ע.ע.ע. בעמ,,,"י""ח",100,ל  גרם,false,1,7.90,7.90,false,1,
25675121027,true,חמצוצים 115גר`,גורי ע.ע.ע. בעמ,,,"י""ח",115,ל  גרם,false,1,10.20,8.87,false,1,
25675121034,true,חמצוצים 115גר`,גורי ע.ע.ע. בעמ,,,"י""ח",115,ל  גרם,false,1,10.20,8.87,false,1,
25675121058,true,חמצוצים 115גר`,גורי ע.ע.ע. בעמ,,,"י""ח",115,ל  גרם,false,1,10.20,8.87,false,1,
25675301108,true,מקלות חמוצות 50 גרם,גורי ע.ע.ע. בעמ,,,"י""ח",50,ל  גרם,false,1,4,8,false,1,
25675301153,true,מקלות חמוצות 50 ג  פטל,גורי ע.ע.ע. בעמ,,,"י""ח",50,ל  גרם,false,1,4,8,false,1,
30000315989,true,קוואקר פרוטאין חמוציות ושקדים 372ג.,"שטראוס פריטו ליי בע""מ",,,"י""ח",372,ל  גרם,false,1,21.90,5.89,true,1,
33383220291,true,אוכמניות,ביכורי השדה צפון 1994 ג.ד. בעמ,,,"י""ח",1,,false,1,15.90,15.90,true,1,
33617000026,true,וואזה מקמח מלא 260ג,גורי מוצרי צריכה בעמ,,,"י""ח",260,ל  גרם,false,1,12.90,4.96,true,1,
34000148301,true,נטיפי שוקולד מריר לאפייה  340גר הרשי,ליימן שליסל,,,"י""ח",340,ל  גרם,false,1,18.90,5.56,true,1,
34000196173,true,הרשי קוקיס קרים XL,ליימן שליסל,,,"י""ח",47,ל  גרם,false,1,8.90,18.94,false,1,
34000312177,true,סירופ שוקולד הרשי 680גר,ליימן שליסל,,,"י""ח",680,"ל  מ""ל",false,1,17.90,2.63,true,1,
34000442652,true,ריזס קבלה XL,ליימן שליסל,,,"י""ח",47,ל  גרם,false,1,8.90,18.94,false,1,
34000544028,true,ממתק בטעם תות 198ג,ליימן שליסל,,,"י""ח",198,ל  גרם,false,1,7.90,3.99,false,1,
34000544431,true,ליקרויץ 198 גרם -דובדבן,ליימן שליסל,,,"י""ח",1,,false,1,7.90,7.90,false,1,
34000996643,true,הרשי דרופס ארזה משפחתית 215ג,ליימן שליסל,,,"י""ח",215,ל  גרם,false,1,19.90,9.26,false,1,
35000458476,true,קולגייט מברשת ילדים מארז רביעייה,ש.שסטוביץ בעמ,,,"י""ח",1,,false,1,24.90,24.90,false,1,
37600207256,true,חמאת בוטנים סקיפי עם שברי בוטנים 462 ג,דיפלומט מפיצים (1968) בעמ**,,,"י""ח",462,ל  גרם,false,1,19.90,4.31,false,1,
37600297943,true,מטבל סלסה חריפה 300ג CHI CHIS,ליימן שליסל,,,"י""ח",300,"ל  מ""ל",false,1,16.90,5.63,true,1,
37600297967,true,מטבל סלסה עדינה 300ג CHI CHIS,ליימן שליסל,,,"י""ח",300,"ל  מ""ל",false,1,16.90,5.63,true,1,
38000138638,true,פרינגלס פיצה 161 גר`פלקס,דיפלומט מפיצים (1968) בעמ**,,,"י""ח",161,ל  גרם,false,1,9.90,6.15,true,1,
38000138720,true,פרינגלס ראנץ  158ג,דיפלומט מפיצים (1968) בעמ**,,,"י""ח",161,ל  גרם,false,1,9.90,6.15,true,1,
38000183928,true,פרינגלס חרדל דבש 158ג`,דיפלומט מפיצים (1968) בעמ**,,,"י""ח",158,ל  גרם,false,1,9.90,6.27,true,1,
38000197840,true,פרינגלס גלי בטעם חריף מתוק 137גר,דיפלומט מפיצים (1968) בעמ**,,,"י""ח",149,ל  גרם,false,1,9.90,6.64,true,1,
38000202278,true,פרינגלס גלי בטעם אוריגינל 130 גר`,דיפלומט מפיצים (1968) בעמ**,,,"י""ח",130,ל  גרם,false,1,9.90,7.62,true,1,
38000232152,true,פרינגלס ברביקיו 161 גר`פלקס,דיפלומט מפיצים (1968) בעמ**,,,"י""ח",161,ל  גרם,false,1,9.90,6.15,true,1,
38000232176,true,פרינגלס שמנת בצל 161 גר`פלקס,דיפלומט מפיצים (1968) בעמ**,,,"י""ח",161,ל  גרם,false,1,9.90,6.15,true,1,
38000232183,true,פרינגלס אוריגינל 149 גר`.,דיפלומט מפיצים (1968) בעמ**,,,"י""ח",149,ל  גרם,false,1,9.90,6.64,true,1,
38527591060,true,דגנים מרובעים,"שטראוס פריטו ליי בע""מ",,,"י""ח",453,ל  גרם,false,1,19.90,4.39,true,1,
40000513568,true,שוקולד M M אריזה גדולה  156ג,מרס ריגלי ישראל בעמ,,,"י""ח",1560,ל  גרם,false,1,10.90,0.70,false,1,
40000513629,true,חמאת בוטנים   M M אריזה גדולה  156ג,מרס ריגלי ישראל בעמ,,,"י""ח",1560,ל  גרם,false,1,10.90,0.70,false,1,
40232885518,true,אוכמניות,ביכורי השדה צפון 1994 ג.ד. בעמ,,,"י""ח",1,,false,1,15.90,15.90,true,1,
41390001079,true,"רוטב סויה דל נטרן 444מ""ל",דיפלומט מפיצים (1968) בעמ**,,,"י""ח",144,"ל  מ""ל",false,1,19.90,13.82,false,1,
44600300580,true,קלין אפ פרש 946 מ``ל,גורי מוצרי צריכה בעמ,,,"י""ח",946,"ל  מ""ל",false,1,19.90,2.10,false,1,
46214372250,true,.עוגיות שטרודל 225 גרם תפוח מרבה,ש.שסטוביץ בעמ,,,"י""ח",225,ל  גרם,false,1,8.90,3.96,false,1,
46214731552,true,עוגיות שוקו צ יפ מרבה,ש.שסטוביץ בעמ,,,"י""ח",225,ל  גרם,false,1,8.90,3.96,false,1,
50000084500,true,פריסקייז מעדני השף,קבוצת אוסם סחר-שות.מוגבלת,,,"י""ח",1.42,"ק""ג",false,1,40.60,28.59,false,1,
50000168583,true,"פריסקיז אקסטרא קראנץ 1.43ק""ג.",קבוצת אוסם סחר-שות.מוגבלת,,,"י""ח",1.43,"ק""ג",false,1,40.60,28.39,false,1,
50000170180,true,פריסקיז עוף ברוטב 156גר`,קבוצת אוסם סחר-שות.מוגבלת,,,"י""ח",156,ל  גרם,false,1,7.40,4.74,false,1,
50000238910,true,פריסקיז  פארטי מיקס אוריג`ינל 60גר,קבוצת אוסם סחר-שות.מוגבלת,,,"י""ח",60,ל  גרם,false,1,11.90,19.83,false,1,
50000429448,true,פנסי פיסט נתחי הודו,קבוצת אוסם סחר-שות.מוגבלת,,,"י""ח",85,ל  גרם,false,1,7.40,8.71,false,1,
50000571987,true,פריסקיז נתחי עוף  ברוטב 156גר,קבוצת אוסם סחר-שות.מוגבלת,,,"י""ח",156,ל  גרם,false,1,8.40,5.38,false,1,
55369901673,true,רבעיות אפרסק חתם סופר 452 גר,מור ים מרקטינג בעמ,,,"י""ח",452,ל  גרם,false,1,15.90,3.52,false,1,
55369901703,true,רבעיות תות שדה חתם סופר 452גרם,מור ים מרקטינג בעמ,,,"י""ח",452,ל  גרם,false,1,15.90,3.52,false,1,
64144090051,true,תרסיס שמן פאם קנולה 148 ג,ליימן שליסל,,,"י""ח",148,"ל  מ""ל",false,1,16.90,11.42,true,1,
76840100156,true,גלידה פיינטים צרי גרסיה,מוצרי איכות אמריקאיים בעמ,,,"י""ח",750,"ל  מ""ל",false,1,19.90,2.65,true,1,
76840100583,true,גלידה פיינטים בצק עוגיות 473 מל,מוצרי איכות אמריקאיים בעמ,,,"י""ח",750,"ל  מ""ל",false,1,19.90,2.65,true,1,
76840400218,true,"גלידת בן אנד גריס 473מ""לעוגת גבינה עם",מוצרי איכות אמריקאיים בעמ,,,"י""ח",473,"ל  מ""ל",false,1,23.90,5.05,true,1,
77245110610,true,סוכריות מאסט מנטה ללא סוכ,"שטראוס גרופ בע""מ",,,"י""ח",80,ל  גרם,false,1,8.80,11,true,1,
77975036976,true,סלסה מטבל עגבניות חריפות מעודנת,ליימן שליסל,,,"י""ח",354,ל  גרם,false,1,16.90,4.77,false,1,
77975094624,true,סניידרס שברי בייגל חמאת בונים 283גר,ליימן שליסל,,,"י""ח",340,ל  גרם,false,1,15.90,4.68,true,1,
77975094631,true,סנדוויץ בייגל במילוי קרם צ דר 226ג.,ליימן שליסל,,,"י""ח",226,ל  גרם,false,1,15.90,7.04,true,1,
77975094761,true,סניידרס שברי בייגל גבינת צ`דר 340גר,ליימן שליסל,,,"י""ח",340,ל  גרם,false,1,15.90,4.68,true,1,
77975094778,true,"סניידרס שברי בייגל  בצל,חרדל ודבש 340ג",ליימן שליסל,,,"י""ח",340,ל  גרם,false,1,15.90,4.68,true,1,
77975095133,true,סניידרס שברי בייגל   318ג,ליימן שליסל,,,"י""ח",318,ל  גרם,false,1,15.90,5,true,1,
77975095157,true,סניידרס שברי בגיילה טעם חלפיניו 318גר,ליימן שליסל,,,"י""ח",318,ל  גרם,false,1,15.90,5,true,1,
80432402931,true,"וויסקי שיבאס רגאל 700מ""ל",טמפו משקאות בעמ,,,"י""ח",700,"ל  מ""ל",false,1,119.90,17.09,true,1,
80518810247,true,פרסים,שמחה זה אנחנו,,,"י""ח",1,,false,1,15,15,false,1,
85696608037,true,טופו רך ללא גלוטן 340גר,מזרח ומערב יבוא ושיווק,,,"י""ח",349,ל  גרם,false,1,12.90,3.70,true,1,
85696608044,true,טופו ללא גלוטן 349גר,מזרח ומערב יבוא ושיווק,,,"י""ח",349,ל  גרם,false,1,12.90,3.70,true,1,
89041081056,true,"שמן צילי 185מ""ל",מזרח ומערב יבוא ושיווק,,,"י""ח",185,"ל  מ""ל",false,1,10.90,5.89,false,1,
608614310456,true,אוכמניות,ביכורי השדה צפון 1994 ג.ד. בעמ,,,"י""ח",1,,false,1,15.90,15.90,true,1,
608614310463,true,אוכמניות,ביכורי השדה צפון 1994 ג.ד. בעמ,,,"י""ח",1,,false,1,15.90,15.90,false,1,
613008753290,true,"אריזונה אפרסק 450מ""ל",טמפו משקאות בעמ,,,"י""ח",450,"ל  מ""ל",false,1,7.40,1.58,true,1,
613008753351,true,"אריזונה רימונים 450מ""ל",טמפו משקאות בעמ,,,"י""ח",450,"ל  מ""ל",false,1,7.40,1.58,true,1,
613008753382,true,"אריזונה אוכמניות 450מ""ל",טמפו משקאות בעמ,,,"י""ח",450,"ל  מ""ל",false,1,7.40,1.58,true,1,
633824913432,true,ואן גוך אסאי 750,טמפו משקאות בעמ,,,"י""ח",750,"ל  מ""ל",false,1,129.90,17.28,true,1,
634065831295,true,גרביים 39-42 שחור נשים,איי.איקס.אם ישראל בעמ,,,"י""ח",1,,false,1,13.90,13.90,false,1,
634065832940,true,גרביים 23-26 לבן ילדים,איי.איקס.אם ישראל בעמ,,,"י""ח",1,,false,1,13.90,13.90,false,1,
634065835415,true,גרביים 39-42 שחור גברים,איי.איקס.אם ישראל בעמ,,,"י""ח",1,,false,1,13.90,13.90,false,1,
634065835460,true,גרביים 43-46 שחור גברים,איי.איקס.אם ישראל בעמ,,,"י""ח",1,,false,1,13.90,13.90,false,1,
634065837754,true,גרביים 32-36 לבן ילדים,איי.איקס.אם ישראל בעמ,,,"י""ח",1,,false,1,13.90,13.90,false,1,
634065838256,true,גרביים 23-26 שחור ילדים,איי.איקס.אם ישראל בעמ,,,"י""ח",1,,false,1,13.90,13.90,false,1,
634065847258,true,גרביים 27-31 לבן ילדים,איי.איקס.אם ישראל בעמ,,,"י""ח",1,,false,1,13.90,13.90,false,1,
634065847821,true,גרביים 43-46 לבן גברים,איי.איקס.אם ישראל בעמ,,,"י""ח",1,,false,1,13.90,13.90,false,1,
634065849733,true,גרביים 27-31 שחור ילדים,איי.איקס.אם ישראל בעמ,,,"י""ח",1,,false,1,13.90,13.90,false,1,
634065854607,true,גרביים 35-38 שחור נשים,איי.איקס.אם ישראל בעמ,,,"י""ח",1,,false,1,13.90,13.90,false,1,
634065863531,true,גרביים 32-36 שחור ילדים,איי.איקס.אם ישראל בעמ,,,"י""ח",1,,false,1,13.90,13.90,false,1,
634065874773,true,גרביים 39-42 לבן גברים,איי.איקס.אם ישראל בעמ,,,"י""ח",1,,false,1,13.90,13.90,false,1,
634065875046,true,גרביים 35-38 לבן שנים,איי.איקס.אם ישראל בעמ,,,"י""ח",1,,false,1,13.90,13.90,false,1,
634065877156,true,גרביים 39-42 לבן שנים,איי.איקס.אם ישראל בעמ,,,"י""ח",1,,false,1,13.90,13.90,false,1,
651080161510,true,אוראל בי פלוסר קיסם+חוט 3,דנשר (1963) בעמ,,,"י""ח",1,,false,1,9.90,9.90,false,1,
651080647519,true,פלאקרס פלוסר קיסם+חוט,דנשר (1963) בעמ,,,"י""ח",1,,false,1,10.90,10.90,false,1,
693493102575,true,עגבניות שרי קלמרים,ביכורי השדה צפון 1994 ג.ד. בעמ,,,"י""ח",450,ל  גרם,false,1,9.90,2.20,false,1,
728229123590,true,צי פס אורגינל TERRA,מ.סידס ובנו בעמ,,,"י""ח",110,ל  גרם,false,1,15.90,14.45,true,1,
728229123811,true,תה רה צי פס מתובל,מ.סידס ובנו בעמ,,,"י""ח",50,ל  גרם,false,1,15.90,31.80,true,1,
728229124764,true,צי פס בטטה עם מלח ים  TERRA 110גר,מ.סידס ובנו בעמ,,,"י""ח",110,ל  גרם,false,1,15.90,14.45,true,1,
728229124771,true,צי פס בטטה טעם ברביקיו TERRA,מ.סידס ובנו בעמ,,,"י""ח",110,ל  גרם,false,1,15.90,14.45,true,1,
729001494562,true,גביעי גלידה  1/24 גילרו,ח.כהן סוכנות מזון ומשקאות בע,,,"י""ח",1,,false,1,8.90,8.90,false,1,
729002766247,true,פלפל אדום חריף,ביכורי השדה צפון 1994 ג.ד. בעמ,,,"י""ח",1,,false,1,9.90,9.90,false,1,
729002864025,true,נבטי אלפלפא,ביכורי השדה צפון 1994 ג.ד. בעמ,,,"י""ח",1,,false,1,6.90,6.90,false,1,
729016400205,true,צלחות 100יח גדול צבעוני שווה,ח.כהן סוכנות מזון ומשקאות בע,,,"י""ח",100,"י""ח",false,1,34.90,0.35,false,1,
739748027627,true,בייגלה טעם גבינה כחולה 160ג,מור ים מרקטינג בעמ,,,"י""ח",160,ל  גרם,false,1,14.90,9.31,false,1,
753182231761,true,משקה אנרגיה בלו סיקס ללא סוכר,בני פאוזי שמשום (2009) בעמ,,,"י""ח",250,"ל  מ""ל",false,1,4.50,1.68,true,1,
768404001640,true,גלידה פיינטים קפה,מוצרי איכות אמריקאיים בעמ,,,"י""ח",500,"ל  מ""ל",false,1,19.90,3.98,true,1,
786150000274,true,"לף בראון בקבוק 330מ""ל",תימקו בירה בעמ,,,"י""ח",330,"ל  מ""ל",false,1,12.90,3.82,true,1,
807251101223,true,פלסטלינה,צבע ומכחול (2014) בעמ,,,"י""ח",1,,false,1,9.90,9.90,false,1,
807252930105,true,סט מכחולים,צבע ומכחול (2014) בעמ,,,"י""ח",1,,false,1,9.90,9.90,false,1,
807253241019,true,גואש אומגה 12יח.,צבע ומכחול (2014) בעמ,,,"י""ח",1,,false,1,14.90,14.90,false,1,
807253930104,true,סט מכחולים,צבע ומכחול (2014) בעמ,,,"י""ח",1,,false,1,9.90,9.90,false,1,
807259441888,true,דבק סטיק 3יח,צבע ומכחול (2014) בעמ,,,"י""ח",1,,false,1,7.50,7.50,false,1,
813724023756,true,"ווטקינס וניל אפיה 59מ""ל",מ.סידס ובנו בעמ,,,"י""ח",59,"ל  מ""ל",false,1,29.90,50.68,false,1,
813724025927,true,"ווטקינס וניל ללא אלכוהול 59מ""ל",מ.סידס ובנו בעמ,,,"י""ח",59,"ל  מ""ל",false,1,49.90,84.58,false,1,
813724025934,true,"ווטקינס מחית  וניל 56מ""ל",מ.סידס ובנו בעמ,,,"י""ח",56,"ל  מ""ל",false,1,49.90,89.11,false,1,
835811004189,true,פרורי לחם מוזהבים  800 גרם הנמל,הנמל אריזות ושווק בעמ,,,"י""ח",800,ל  גרם,false,1,13.20,1.65,false,1,
835811007142,true,לקט עדשים ירוקים 500 גרם מרובע,הנמל אריזות ושווק בעמ,,,"י""ח",500,ל  גרם,false,1,7.90,1.58,false,1,
835811007234,true,אפונה מרובע 500 גרם,הנמל אריזות ושווק בעמ,,,"י""ח",500,ל  גרם,false,1,6.90,1.38,false,1,
835811008743,true,קינואה 500 גרם מרובע,הנמל אריזות ושווק בעמ,,,"י""ח",500,ל  גרם,false,1,15.90,3.18,false,1,
839762000641,true,איילנד מנגו 1 ליטר,טמפו משקאות בעמ,,,"י""ח",1,ליטר,false,1,13.20,13.20,true,1,
839762000658,true,איילנד גויאבה 1 ליטר,טמפו משקאות בעמ,,,"י""ח",1,ליטר,false,1,13.20,13.20,true,1,
856591000055,true,עבאדי עוגיות מזרחיות קריספי  -400,תה ויסוצקי (ישראל)בעמ,,,"י""ח",400,ל  גרם,false,1,17.90,4.48,false,1,
856591000062,true,עבאדי עוגיות מזרחיות מלח  -400,תה ויסוצקי (ישראל)בעמ,,,"י""ח",400,ל  גרם,false,1,17.90,4.48,false,1,
856591000109,true,עבאדי עוגיות מזרחיות פריך במיוחד 400גר,תה ויסוצקי (ישראל)בעמ,,,"י""ח",400,ל  גרם,false,1,17.90,4.48,false,1,
873999000029,true,סוללות קאמיליון גדול,עולם הבית שיווק והפצה בעמ,,,"י""ח",1,,false,1,8.90,8.90,false,1,
884912126115,true,דגני בוקר גרייט גריינס 454גרם,ר.ב. מוצרי דגנים בעמ,,,"י""ח",454,ל  גרם,false,1,23.90,5.26,false,1,
884912129512,true,דגני בוקר קוקו פבלס 311 גרם,ר.ב. מוצרי דגנים בעמ,,,"י""ח",1,,false,1,21.90,21.90,false,1,
884912359155,true,דגני בוקר האני באנצ  רוסטד 340ג,ר.ב. מוצרי דגנים בעמ,,,"י""ח",340,ל  גרם,false,1,21.90,6.44,true,1,
884912359483,true,דגני בוקר האני באנצ  תות 340ג,ר.ב. מוצרי דגנים בעמ,,,"י""ח",340,ל  גרם,false,1,21.90,6.44,true,1,
884912365200,true,דגני בוקר אוראו 311גר.,ר.ב. מוצרי דגנים בעמ,,,"י""ח",311,ל  גרם,false,1,23.90,7.68,true,1,
884912377142,true,דגני בוקר האני באנצ וניל 340ג,ר.ב. מוצרי דגנים בעמ,,,"י""ח",340,ל  גרם,false,1,21.90,6.44,true,1,
885320010577,true,גו-גו ארוחת אורז וקינואה מאק טבעונית ל,מור ים מרקטינג בעמ,,,"י""ח",1,,false,1,24.90,24.90,false,1,
3014260022730,false,מברשת שיניים  אדוונטג  WHITE 3D זוג,דיפלומט מפיצים 1968 בעמ,,,"י""ח",1,,false,1,19.90,19.90,true,1,
3014260240226,false,"גילט קצף גילוח רגיש 200 מ""ל",דיפלומט מפיצים 1968 בעמ,,,"י""ח",200,"ל  מ""ל",false,1,16.30,8.15,true,1,
3014260287030,false,ג ילט 2 חמישיה,דיפלומט מפיצים 1968 בעמ,,,"י""ח",1,,false,1,6.90,6.90,true,1,
3014260289287,false,גילט בלו 2 חמישיה  לאשה,דיפלומט מפיצים 1968 בעמ,,,"י""ח",1,,false,1,14.90,14.90,true,1,
3046920028004,false,לינדט אקסלנס 70% 100ג,מ.סידס ובנו בעמ,,,"י""ח",100,ל  גרם,false,1,16.90,16.90,true,1,
3046920029674,false,לינדט אקס`מלח 100גר`,מ.סידס ובנו בעמ,,,"י""ח",100,ל  גרם,false,1,16.90,16.90,true,1,
3046920029759,false,לינדט אקסלנס 90% 100ג,מ.סידס ובנו בעמ,,,"י""ח",100,ל  גרם,false,1,16.90,16.90,true,1,
3059940007768,false,אירוויק ספריי וניל,רקיט בנקיזר (ניר איסט) בעמ,,,"י""ח",300,"ל  מ""ל",false,1,9.90,3.30,true,1,
3059943015128,false,אירוויק נטול גז לוונדר,רקיט בנקיזר (ניר איסט) בעמ,,,"י""ח",345,"ל  מ""ל",false,1,14.90,4.32,true,1,
3059943016507,false,אירוויק ספריי לבנדר,רקיט בנקיזר (ניר איסט) בעמ,,,"י""ח",300,"ל  מ""ל",false,1,9.90,3.30,true,1,
3059943016569,false,אירוויק ספריי פריסיה ויסמין,רקיט בנקיזר (ניר איסט) בעמ,,,"י""ח",300,"ל  מ""ל",false,1,9.90,3.30,true,1,
3068320014067,false,"מים אויאן 750מ""ל פלסטיק",יורוסטנדרט בעמ,,,"י""ח",330,"ל  מ""ל",false,1,9.90,2.91,false,1,
3068320085005,false,מים אויאן 1.5ליטר פלסטיק,יורוסטנדרט בעמ,,,"י""ח",1.50,ליטר,false,1,13.90,9.07,false,1,
3073781161663,false,גבינה לוואש קירי 8יח`,בני ג ורג שוקחה (חיפה) בעמ,,,"י""ח",128,ל  גרם,false,1,11.90,9.30,false,1,
3073781161687,false,גבינה לוואש קירי 16 יח`,בני ג ורג שוקחה (חיפה) בעמ,,,"י""ח",256,ל  גרם,false,1,22.90,8.95,true,1,
3073781162790,false,בייבי בל 6 יח  120גר` נטו,א. סיימן סחר בעמ,,,"י""ח",120,ל  גרם,false,1,21.90,18.25,true,1,
3282554138911,false,כפיות לבן 100יח  שווה,ח.כהן סוכנות מזון ומשקאות בע,,,"י""ח",100,"י""ח",false,1,6.90,0.07,false,1,
3282554174841,false,מזלגות לבן 100יח  שווה,ח.כהן סוכנות מזון ומשקאות בע,,,"י""ח",100,"י""ח",false,1,9.90,0.10,false,1,
3282554174957,false,כפות לבן 100יח  שווה,ח.כהן סוכנות מזון ומשקאות בע,,,"י""ח",100,"י""ח",false,1,9.90,0.10,false,1,
3387390320244,false,פיטנס דגנים עם פירות 375גרם,קבוצת אוסם סחר-שות.מוגבלת,,,"י""ח",375,ל  גרם,false,1,22.90,6.11,true,1,
3387390525960,false,קראנץ  500גר`,קבוצת אוסם סחר-שות.מוגבלת,,,"י""ח",500,ל  גרם,false,1,19.90,3.98,true,1,
3523230045827,false,סנט מור 160 גרם,א. סיימן סחר בעמ,,,"י""ח",160,ל  גרם,false,1,27.90,17.44,true,1,
3563490014898,false,חרדל דיג ון 255 גרם,דיפלומט מפיצים (1968) בעמ**,,,"י""ח",255,ל  גרם,false,1,12.90,5.06,false,1,
3574660342291,false,"קרם ידיים ציפורניים 75מ""ל",ש.שסטוביץ בעמ,,,"י""ח",1,,false,1,24.90,24.90,false,1,
3574660514643,false,"קרם גוף עשיר 300מ""ל ניוטרוגינה",ש.שסטוביץ בעמ,,,"י""ח",300,"ל  מ""ל",false,1,29.90,9.97,false,1,
3574661114637,false,"ליסטרין זירו  500 מ""ל",שקד תבל בעמ,,,"י""ח",500,"ל  מ""ל",false,1,17.90,3.58,true,1,
3574661352275,false,"ליסטרין קידס ברי 250מ""ל",שקד תבל בעמ,,,"י""ח",250,"ל  מ""ל",false,1,14.90,5.96,true,1,
3574661485218,false,טמפוני OB 32+8,ש.שסטוביץ בעמ,,,"י""ח",1,,false,1,24.90,24.90,false,1,
3574661552576,false,קרפרי מגן תחתון רגיל טנגה לבן 56יח`,ש.שסטוביץ בעמ,,,"י""ח",1,,false,1,16.90,16.90,true,1,
3574669907781,false,"ג ונסון בייבי שמפו גולד 750מ""ל",ש.שסטוביץ בעמ,,,"י""ח",750,"ל  מ""ל",false,1,24.90,3.32,true,1,
3574669908443,false,ג ונסון בייבי אל סבון וקצף אמבט 750ג,ש.שסטוביץ בעמ,,,"י""ח",750,"ל  מ""ל",false,1,21.90,2.92,true,1,
3600523652242,false,"אלביב שמפו קולור   550מ""ל",לוריאל ישראל קוסמטיקס בעמ,,,"י""ח",550,"ל  מ""ל",false,1,13.90,2.53,true,1,
3600523652280,false,"אלביב שמפו 6 שמנים   550מ""ל",לוריאל ישראל קוסמטיקס בעמ,,,"י""ח",550,"ל  מ""ל",false,1,13.90,2.53,true,1,
3600523755806,false,"אלביב שמפו קוקוס  550מ""ל",לוריאל ישראל קוסמטיקס בעמ,,,"י""ח",550,"ל  מ""ל",false,1,13.90,2.53,true,1,
3600523782574,false,אלביב מסכה דרים לונג 300ML,לוריאל ישראל קוסמטיקס בעמ,,,"י""ח",360,"ל  מ""ל",false,1,24.90,6.92,false,1,
3600523782581,false,אלביב מרכך דרים לונג 500,לוריאל ישראל קוסמטיקס בעמ,,,"י""ח",500,"ל  מ""ל",false,1,13.90,2.78,true,1,
3600540928863,false,גרנייה מינרל דאו רול טורקיז,לוריאל ישראל קוסמטיקס בעמ,,,"י""ח",50,"ל  מ""ל",false,1,13.90,27.80,true,1,
3600541029323,false,מסיר איפור עמיד במים,לוריאל ישראל קוסמטיקס בעמ,,,"י""ח",1,,false,1,27.90,27.90,true,1,
3600542431835,false,גרניה קולור נטורלס 3,לוריאל ישראל קוסמטיקס בעמ,,,"י""ח",1,,false,1,18.90,18.90,false,1,
3600542431859,false,צבע לשיער גרניה קולור 5,לוריאל ישראל קוסמטיקס בעמ,,,"י""ח",1,,false,1,18.90,18.90,false,1,
3600542431903,false,גצבע לשיער רניה קולור 10,לוריאל ישראל קוסמטיקס בעמ,,,"י""ח",1,,false,1,18.90,18.90,false,1,
3608580730255,false,קונפיטורה משמש  370ג,ר.ב. מוצרי דגנים בעמ,,,"י""ח",370,ל  גרם,false,1,19.90,5.38,false,1,
3614221653715,false,"אדידס גל רחצה 400מ""ל  קליימקול",דנשר (1963) בעמ,,,"י""ח",400,"ל  מ""ל",false,1,10.90,2.73,false,1,
3614223736003,false,"אדידס ספריי לגבר אדיפיור 150מ""ל",דנשר (1963) בעמ,,,"י""ח",150,"ל  מ""ל",false,1,12.90,8.60,true,1,
3614224051235,false,"ספריי גברים אדידס  200מ""ל",דנשר (1963) בעמ,,,"י""ח",200,"ל  מ""ל",false,1,19.90,9.95,false,1,
3661163970448,false,"ספריי גברים דרי מקס A3 פרש 200מ""ל",דנשר (1963) בעמ,,,"י""ח",200,"ל  מ""ל",false,1,15.10,7.55,false,1,
3800020423578,false,קיט קאט צ`אנקי 40 גרם,קבוצת אוסם סחר-שות.מוגבלת,,,"י""ח",48,ל  גרם,false,1,3.90,8.13,true,1,
3800020472569,false,קיט קאט צ`אנקי קרמל 43גר,קבוצת אוסם סחר-שות.מוגבלת,,,"י""ח",43,ל  גרם,false,1,4.90,11.40,true,1,
3838824127248,false,צבעי שיער חום בהיר סמי קיט,הנקל סוד בעמ,,,"י""ח",1,,false,1,19.90,19.90,true,1,
3838824127262,false,צבעי שיער בלונד כהה סמי קיט,הנקל סוד בעמ,,,"י""ח",1,,false,1,19.90,19.90,true,1,
3838824127286,false,צבעי שיער  בלונד בינוני סמי קיט,הנקל סוד בעמ,,,"י""ח",1,,false,1,19.90,19.90,true,1,
3838824127309,false,צבעי שיער בלונד בהיר סמי קיט,הנקל סוד בעמ,,,"י""ח",1,,false,1,19.90,19.90,true,1,
3838824380827,false,צבעי שיער בלונד כהה סמי קיט פאלטה,הנקל סוד בעמ,,,"י""ח",1,,false,1,19.90,19.90,true,1,
4000417019004,false,ריטר חלב אגוזים 100 גרם,ליימן שליסל,,,"י""ח",100,ל  גרם,false,1,10.90,10.90,true,1,
4000417022004,false,ריטר שוקולד צימוק אגוז,ליימן שליסל,,,"י""ח",100,ל  גרם,false,1,8.90,8.90,true,1,
4000417023001,false,ריטר ספורט שקדים חלב,ליימן שליסל,,,"י""ח",100,ל  גרם,false,1,10.90,10.90,true,1,
4000417025005,false,ריטר ספורט מרציפן,ליימן שליסל,,,"י""ח",100,ל  גרם,false,1,8.90,8.90,true,1,
4000417026002,false,ריטר שוקולד פרלין 100 גרם,ליימן שליסל,,,"י""ח",100,ל  גרם,false,1,8.90,8.90,true,1,
4000417211002,false,ריטר ספורט מוס קרמל ושברי שקדים,ליימן שליסל,,,"י""ח",100,ל  גרם,false,1,8.90,8.90,true,1,
4000417212009,false,ריטר שוקולד מריר תפוז שקד 100 גרם,ליימן שליסל,,,"י""ח",100,ל  גרם,false,1,8.90,8.90,true,1,
4000417224002,false,ריטר ספורט שוקולד מריר עם אגוזים שלמים,ליימן שליסל,,,"י""ח",100,ל  גרם,false,1,10.90,10.90,true,1,
4000417294005,false,ריטר מוס קקאו,ליימן שליסל,,,"י""ח",100,ל  גרם,false,1,8.90,8.90,true,1,
4000417708007,false,ריטר ספורט חלב שקד 100גר,ליימן שליסל,,,"י""ח",100,ל  גרם,false,1,10.90,10.90,true,1,
4000869032569,false,הפי פרש יעקובי,יעקב יעקבי ובניו בעמ,,,"י""ח",1,,false,1,10.20,10.20,false,1,
4002448017684,false,סיליט באנג ספריי רב שימושי,רקיט בנקיזר (ניר איסט) בעמ,,,"י""ח",750,"ל  מ""ל",false,1,12.90,1.72,false,1,
4002590000022,false,קלפני אוכמניות 150גר.,ליימן שליסל,,,"י""ח",150,ל  גרם,false,1,9.50,6.33,false,1,
4002720005736,false,קפה לפילטר מליטה 250גר`,דנשר (1963) בעמ,,,"י""ח",250,ל  גרם,false,1,15.90,6.36,false,1,
4004715020755,false,קישוטי עוגה פרינס אנד פרינסס,ליימן שליסל,,,"י""ח",1,,false,1,13.90,13.90,false,1,
4005808366392,false,שפתון לבלו כחול,אלפא ב.ד.ף בעמ,,,"י""ח",1,,false,1,11.90,11.90,true,1,
4005808368280,false,שפתון לבלו דובדבן,אלפא ב.ד.ף בעמ,,,"י""ח",1,"י""ח",false,1,11.90,11.90,true,1,
4005808588640,false,"קרם גילוח לעור רגיש ניוואה 100מ""ל",אלפא ב.ד.ף בעמ,,,"י""ח",100,"ל  מ""ל",false,1,13.90,13.90,false,1,
4005808702107,false,תחליב גוף לעור יבש ניוואה,אלפא ב.ד.ף בעמ,,,"י""ח",500,ל  גרם,false,1,29.90,5.98,true,1,
4005808813063,false,"תחליב לחות לעור רגיש ניוואה 100מ""ל",אלפא ב.ד.ף בעמ,,,"י""ח",100,"ל  מ""ל",false,1,44.90,44.90,true,1,
4005808817405,false,"ג ל גילוח לעור רגיש ניוואה 200מ""ל",אלפא ב.ד.ף בעמ,,,"י""ח",200,"ל  מ""ל",false,1,19.90,9.95,false,1,
4005808828838,false,אקווה ספריי דאו,אלפא ב.ד.ף בעמ,,,"י""ח",150,"ל  מ""ל",false,1,15.90,10.60,true,1,
4005900513045,false,דאו ספריי DEEP גבר,אלפא ב.ד.ף בעמ,,,"י""ח",150,"ל  מ""ל",false,1,15.90,10.60,true,1,
4005900828088,false,דאו  רול און לגבר פרש,אלפא ב.ד.ף בעמ,,,"י""ח",50,"ל  מ""ל",false,1,13.90,27.80,true,1,
4005900874931,false,"ניוואה מן דאו  ספריי דיפ ביט לגבר 150מ""ל",אלפא ב.ד.ף בעמ,,,"י""ח",150,"ל  מ""ל",false,1,15.90,10.60,true,1,
4005900978950,false,שפתון לבלו דובדבן,אלפא ב.ד.ף בעמ,,,"י""ח",1,"י""ח",false,1,11.90,11.90,true,1,
4008287051032,false,קרומבאכר פילס פחית בודד 0.5ל,אגודת הכורמים,,,"י""ח",50,"ל  מ""ל",false,1,9.90,19.20,true,1,
4008287905786,false,קרומבאכר חיטה פחית בודד 0.5ל,אגודת הכורמים,,,"י""ח",50,"ל  מ""ל",false,1,9.90,19.20,true,1,
4009300522935,false,תה ירוק עם לימונית ולואיז,ש.שסטוביץ בעמ,,,"י""ח",30,ל  גרם,false,1,16.90,56.33,false,1,
4009300525011,false,תה ירוק תפוז ג`ינג`ר,ש.שסטוביץ בעמ,,,"י""ח",30,ל  גרם,false,1,16.90,56.33,false,1,
4009300525684,false,פומפדור חליטת צמחים ג`ינגר לימון,ש.שסטוביץ בעמ,,,"י""ח",300,ל  גרם,false,1,13.90,4.63,true,1,
4009300527909,false,פומפדור-חליטת גינגר כורכום,ש.שסטוביץ בעמ,,,"י""ח",30,ל  גרם,false,1,13.90,46.33,true,1,
4009300529552,false,פומפדור חליטת פירות אפרסק,ש.שסטוביץ בעמ,,,"י""ח",30,ל  גרם,false,1,14.90,49.67,false,1,
4009300529576,false,פומפדור חליטת פירות רימונים.,ש.שסטוביץ בעמ,,,"י""ח",30,ל  גרם,false,1,13.90,46.33,true,1,
4009300530183,false,פומפדור חליטה תפוז ספרדי,ש.שסטוביץ בעמ,,,"י""ח",44,ל  גרם,false,1,15.90,36.14,false,1,
4009300530206,false,פומפדור חליטה תפוח טורקי,ש.שסטוביץ בעמ,,,"י""ח",44,ל  גרם,false,1,15.90,36.14,false,1,
4009300530275,false,פומפדור חליטה מנטה מרוקאית,ש.שסטוביץ בעמ,,,"י""ח",44,ל  גרם,false,1,15.90,36.14,false,1,
4009900013581,false,מארז חמישיית אורביט סטיקס ספירמינט,מרס ריגלי ישראל בעמ,,,"י""ח",5,"י""ח",false,1,9.90,1.98,false,1,
4009900402965,false,אורביט בקבוקון WHITE טעם פירות,מרס ריגלי ישראל בעמ,,,"י""ח",90,ל  גרם,false,1,10.50,11.67,true,1,
4009900403023,false,אורביט בקבוקון WHITE טעם מנטה,מרס ריגלי ישראל בעמ,,,"י""ח",90,ל  גרם,false,1,10.50,11.67,true,1,
4009900420129,false,אורביט בקבוקון פרופשיונל פפרמינט,מרס ריגלי ישראל בעמ,,,"י""ח",90,ל  גרם,false,1,10.50,11.67,true,1,
4009900455299,false,סוכריות סקיטלס פירות 174ג,מרס ריגלי ישראל בעמ,,,"י""ח",174,ל  גרם,false,1,8.90,5.11,false,1,
4009900465304,false,סוכריות סקיטלס פירות חמוצים 174ג,מרס ריגלי ישראל בעמ,,,"י""ח",174,ל  גרם,false,1,8.90,5.11,false,1,
4009900479998,false,אורביט בקבוקון WHITE טעם אוכמניות,מרס ריגלי ישראל בעמ,,,"י""ח",90,ל  גרם,false,1,10.50,11.67,true,1,
4009900484060,false,אורביט בקבוק 60יח פפרמינט,מרס ריגלי ישראל בעמ,,,"י""ח",84,ל  גרם,false,1,13,15.48,false,1,
4009900487283,false,מארז חמישיית אורביט סטיקס פירות,מרס ריגלי ישראל בעמ,,,"י""ח",5,"י""ח",false,1,9.90,1.98,false,1,
4009900500166,false,סקיטלס פירות בקבוק,מרס ריגלי ישראל בעמ,,,"י""ח",1,,false,1,8.90,8.90,false,1,
4009900531122,false,אורביט בקבוקון פרופשיונל ספירמינט,מרס ריגלי ישראל בעמ,,,"י""ח",90,ל  גרם,false,1,10.50,11.67,true,1,
4009900531573,false,סוכריות סקיטלס סמודיס  174ג.,מרס ריגלי ישראל בעמ,,,"י""ח",174,ל  גרם,false,1,8.90,5.11,false,1,
4009900539432,false,פייב באונס בטעם אבטיח HP,מרס ריגלי ישראל בעמ,,,"י""ח",15,ל  גרם,false,1,3.90,26,false,1,
4009900539685,false,פייב באונס בטעם מנטה בקבוקון,מרס ריגלי ישראל בעמ,,,"י""ח",67,ל  גרם,false,1,11.90,17.76,true,1,
4009900539746,false,פייב באונס בטעם אבטיח בקבוקון,מרס ריגלי ישראל בעמ,,,"י""ח",67,ל  גרם,false,1,11.90,17.76,true,1,
4009900540551,false,אורביט רפרשרס טרופיקל בקבוקון,מרס ריגלי ישראל בעמ,,,"י""ח",67,ל  גרם,false,1,11.90,17.76,false,1,
4011100002227,false,באונטי מיני 403 גרם,מרס ריגלי ישראל בעמ,,,"י""ח",403,ל  גרם,false,1,22.90,5.68,false,1,
4011800290030,false,קורני חלבון שוקו 50ג,מ.סידס ובנו בעמ,,,"י""ח",50,ל  גרם,false,1,8.90,17.80,false,1,
4011800567613,false,קורני מילק דארק 120 גרם,מ.סידס ובנו בעמ,,,"י""ח",1,,false,1,14.80,14.80,true,1,
4011800568610,false,קורני מילק קלאסיק 120 ג`,מ.סידס ובנו בעמ,,,"י""ח",1,,false,1,14.80,14.80,true,1,
4011800577810,false,קורני פרי נוגט 120 ג,מ.סידס ובנו בעמ,,,"י""ח",120,ל  גרם,false,1,14.80,12.33,true,1,
4011800628512,false,קורני בייס שוקו 150 ג,מ.סידס ובנו בעמ,,,"י""ח",150,ל  גרם,false,1,11.90,7.93,true,1,
4011800629519,false,קורני בייס נאטס 150 ג,מ.סידס ובנו בעמ,,,"י""ח",150,ל  גרם,false,1,14.80,9.87,true,1,
4011800630515,false,קורני בייס שוק בננה 150 ג,מ.סידס ובנו בעמ,,,"י""ח",150,ל  גרם,false,1,11.90,7.93,true,1,
4011800632519,false,קורני בייס קוקונט 150ג`,מ.סידס ובנו בעמ,,,"י""ח",150,ל  גרם,false,1,11.90,7.93,true,1,
4011800633516,false,קורני בייס דרק שוק 138 ג`,מ.סידס ובנו בעמ,,,"י""ח",6,"י""ח",false,1,11.90,1.98,true,1,
4011800636517,false,קורני פרי עם שוקולד חלב 6  יח`ללא סוכ,מ.סידס ובנו בעמ,,,"י""ח",6,"י""ח",false,1,11.90,1.98,true,1,
4013197767034,false,קוונדיש סוכריות בפחית לימון,שוקוטרייד בעמ,,,"י""ח",300,ל  גרם,false,1,10.90,3.63,false,1,
4014400900217,false,מרסי 400 ג,ליימן שליסל,,,"י""ח",400,ל  גרם,false,1,49.90,12.48,true,1,
4014400901191,false,מרסי 250 ג,ליימן שליסל,,,"י""ח",250,ל  גרם,false,1,25.50,10.20,true,1,
4014400904277,false,אייספרש 425 ג,ליימן שליסל,,,"י""ח",425,ל  גרם,false,1,14.90,3.51,true,1,
4014400904307,false,קליפורניה 425 גרם,ליימן שליסל,,,"י""ח",425,ל  גרם,false,1,14.90,3.51,true,1,
4014400904376,false,שוקולדן 325 גרם.,ליימן שליסל,,,"י""ח",325,ל  גרם,false,1,14.90,4.58,true,1,
4014400904390,false,וולמילש 325 גרם,ליימן שליסל,,,"י""ח",325,ל  גרם,false,1,14.90,4.58,true,1,
4014400910063,false,וורטר טופי 135גר`,ליימן שליסל,,,"י""ח",135,ל  גרם,false,1,8.90,6.59,true,1,
4014400913910,false,וורטר במילוי קרם 125ג,ליימן שליסל,,,"י""ח",135,ל  גרם,false,1,8.90,6.59,true,1,
4014400914696,false,וורטל ללא סוכר שקית 80גר`,ליימן שליסל,,,"י""ח",1,,false,1,8.90,8.90,true,1,
4014400923711,false,טופיפי 125 גרם,ליימן שליסל,,,"י""ח",125,ל  גרם,false,1,11.90,9.52,true,1,
4014400925319,false,פופקורן וורטר קרמל 140גר,ליימן שליסל,,,"י""ח",140,ל  גרם,false,1,15.90,11.36,true,1,
4014400931327,false,פופקורן וורטר בציפוי גרעינים 140גר.,ליימן שליסל,,,"י""ח",140,ל  גרם,false,1,15.90,11.36,true,1,
4015000519915,false,דאודורנט ספריי FA ULTIMATE DRY ספורט,הנקל סוד בעמ,,,"י""ח",200,"ל  מ""ל",false,1,10.90,5.45,true,1,
4015000615921,false,דאו`ספריי פה ספורט 200 מ``ל,הנקל סוד בעמ,,,"י""ח",1,,false,1,10.90,10.90,true,1,
4015000976268,false,"שמפו גליס  400מ""ל  MILLION GLOSS",הנקל סוד בעמ,,,"י""ח",400,"ל  מ""ל",false,1,20.90,5.23,true,1,
4015000976275,false,"מרכך גליס  400מ""ל  MILLION GLOSS",הנקל סוד בעמ,,,"י""ח",400,"ל  מ""ל",false,1,20.90,5.23,true,1,
4015400564034,false,אולדייז מגה פק לונג פלוס 58 יח`***,דיפלומט מפיצים 1968 בעמ,,,"י""ח",58,"י""ח",false,1,19.90,0.34,true,1,
4015400564454,false,אולדייז מגה פק  לארג `68יח`***,דיפלומט מפיצים 1968 בעמ,,,"י""ח",1,,false,1,19.90,19.90,true,1,
4015400623663,false,פמפרס מגבוני ניו בייבי רביעייה,דיפלומט מפיצים 1968 בעמ,,,"י""ח",4,"י""ח",false,1,19.90,4.98,false,1,
4015400681670,false,אולוויז לילה בטוח 18יח,דיפלומט מפיצים 1968 בעמ,,,"י""ח",1,,false,1,19.90,19.90,true,1,
4015400715290,false,טמפקס קומפאק סופר פלוס 22יח,דיפלומט מפיצים 1968 בעמ,,,"י""ח",1,,false,1,26.90,26.90,false,1,
4015400715320,false,טמפקס קומפאק רגולר 22יח,דיפלומט מפיצים 1968 בעמ,,,"י""ח",1,,false,1,26.90,26.90,false,1,
4015400731719,false,אולוויז וליו פק  לילה 20יח`,דיפלומט מפיצים 1968 בעמ,,,"י""ח",1,,false,1,19.90,19.90,true,1,
4015400746812,false,אולדייז מגה פק נורמל 80יח`***,דיפלומט מפיצים 1968 בעמ,,,"י""ח",80,"י""ח",false,1,19.90,0.25,true,1,
4015400755241,false,אולוויז וליו פק  נורמל פלוס 28יח`.,דיפלומט מפיצים 1968 בעמ,,,"י""ח",1,,false,1,19.90,19.90,true,1,
4015400755487,false,אולוויז וליו פק  לונג פלוס  24יח`,דיפלומט מפיצים 1968 בעמ,,,"י""ח",1,,false,1,19.90,19.90,true,1,
4015600762742,false,"הד שולדרס שמפו קלאסי  500מ""ל",דיפלומט מפיצים 1968 בעמ,,,"י""ח",500,"ל  מ""ל",false,1,21.90,4.38,false,1,
4015600762780,false,"הד שולדרס 2ב1 קלאסי  500מ""ל",דיפלומט מפיצים 1968 בעמ,,,"י""ח",500,"ל  מ""ל",false,1,21.90,4.38,false,1,
4015600762902,false,"הד שולדרס שמפו מנטול 500מ""ל.",דיפלומט מפיצים 1968 בעמ,,,"י""ח",500,"ל  מ""ל",false,1,21.90,4.38,false,1,
4015600762940,false,"הד שולדרס שמפו תפוח   500מ""ל",דיפלומט מפיצים 1968 בעמ,,,"י""ח",500,"ל  מ""ל",false,1,21.90,4.38,false,1,
4015600763022,false,"הד שולדרס שמפו מגע משי  500מ""ל",דיפלומט מפיצים 1968 בעמ,,,"י""ח",500,"ל  מ""ל",false,1,21.90,4.38,false,1,
4015600763251,false,"הד שולדרס שמפו קלאסי 600מ""ל",דיפלומט מפיצים 1968 בעמ,,,"י""ח",600,"ל  מ""ל",false,1,24.90,4.15,false,1,
4015600763299,false,"הד שולדרס שמפו קלאסי 2ב1 600מ""ל",דיפלומט מפיצים 1968 בעמ,,,"י""ח",600,"ל  מ""ל",false,1,24.90,4.15,false,1,
4015600763411,false,"הד שולדרס שמפו מנטול 600מ""ל",דיפלומט מפיצים 1968 בעמ,,,"י""ח",600,"ל  מ""ל",false,1,24.90,4.15,false,1,
4015600763459,false,"הד שולדרס שמפו תפוח 600מ""ל",דיפלומט מפיצים 1968 בעמ,,,"י""ח",600,"ל  מ""ל",false,1,24.90,4.15,false,1,
4015600763534,false,"הד שולדרס שמפו מגע משי 600מ""ל",דיפלומט מפיצים 1968 בעמ,,,"י""ח",600,"ל  מ""ל",false,1,24.90,4.15,false,1,
4015600766658,false,"הד שולדרס שמפו מנטול 2ב1  600מ""ל",דיפלומט מפיצים 1968 בעמ,,,"י""ח",600,"ל  מ""ל",false,1,24.90,4.15,false,1,
4017100364112,false,היט באלזן קקאו 220 גר,ליימן שליסל,,,"י""ח",220,ל  גרם,false,1,7.90,3.59,true,1,
4022025002100,false,"יין בלו ווין מבעבע רוזה כשר 750מ""ל",היכל היין שקד גולן בעמ,,,"י""ח",750,"ל  מ""ל",false,1,59.90,7.95,true,1,
4022025261002,false,יין בלו ווין גוורצטרמינר,היכל היין שקד גולן בעמ,,,"י""ח",750,"ל  מ""ל",false,1,49.90,6.61,true,1,
4023800012109,false,מרציפן מצופה 100ג,שוקוטרייד בעמ,,,"י""ח",100,ל  גרם,false,1,6.90,6.90,false,1,
4023800231647,false,בונבו. מוצרט קוגל 200ג,שוקוטרייד בעמ,,,"י""ח",200,ל  גרם,false,1,20.90,10.45,false,1,
4025700001962,false,שוקולד מילקה לבן 100ג,דיפלומט מפיצים (1968) בעמ**,,,"י""ח",100,ל  גרם,false,1,6.50,6.50,true,1,
4033100013348,false,אל די לייט ארוך,גלוברנדס בעמ,,,"י""ח",1,,false,1,27.50,27.50,false,1,
4033100014499,false,אל די כחול בודד,גלוברנדס בעמ,,,"י""ח",1,,false,1,27.50,27.50,false,1,
4033100024146,false,וינסטון קוד,גלוברנדס בעמ,,,"י""ח",1,,false,1,31,31,false,1,
4037719068317,false,קוונדיש סוכריות בפחית פירות יער,שוקוטרייד בעמ,,,"י""ח",200,ל  גרם,false,1,10.90,5.45,false,1,
4037719068522,false,קוונדיש סוכריות בפחית דובדבן ליים,שוקוטרייד בעמ,,,"י""ח",200,ל  גרם,false,1,10.90,5.45,false,1,
4037719657290,false,קוונדיש סוכריות צנצנת שי 300ג,שוקוטרייד בעמ,,,"י""ח",300,ל  גרם,false,1,19.90,6.63,false,1,
4053700292455,false,ויט רצועות שעווה תמצית צמחים,רקיט בנקיזר (ניר איסט) בעמ,,,"י""ח",1,"י""ח",false,1,19.90,19.90,false,1,
4072700001188,false,"בירה פרנסיסקאנר כהה 500מ""ל בקבוק",הכרם משקאות חריפים בעמ,,,"י""ח",500,"ל  מ""ל",false,1,10.90,2.12,true,1,
4072700003649,false,"בירה פרנסיסקאנר בהירה 500מ""ל בקבוק",הכרם משקאות חריפים בעמ,,,"י""ח",500,"ל  מ""ל",false,1,10.90,2.12,true,1,
4084500065536,false,"פנטן קרם לחות לשיער  300מ""ל",דיפלומט מפיצים 1968 בעמ,,,"י""ח",300,"ל  מ""ל",false,1,17.90,5.97,false,1,
4084500088917,false,"~פיירי לימון 650מ""ל",דיפלומט מפיצים 1968 בעמ,,,"י""ח",650,"ל  מ""ל",false,1,9.90,1.52,false,1,
4084500149526,false,טייד ג`ל 2.48 ליטר,דיפלומט מפיצים 1968 בעמ,,,"י""ח",2.48,ליטר,false,1,29.90,12.06,false,1,
4084500739253,false,אורל בי משחת שיניים להלבנה,דיפלומט מפיצים 1968 בעמ,,,"י""ח",124,ל  גרם,false,1,21.90,17.66,true,1,
4603400000043,false,וודקה רוסקי סטנדרט 700.,יורוסטנדרט בעמ,,,"י""ח",700,"ל  מ""ל",false,1,69.90,9.94,false,1,
4603928000976,false,"וודקה בלוגה 700מ""ל",טמפו משקאות בעמ,,,"י""ח",700,"ל  מ""ל",false,1,129.90,18.51,true,1,
4605561010343,false,פילה הרינג בשמן חתיכות 500גר,דילר בי.אמ.די פורמולה בעמ,,,"י""ח",500,ל  גרם,false,1,26.90,5.38,true,1,
4605561013009,false,פילה הרינג בשמן 400גר,דילר בי.אמ.די פורמולה בעמ,,,"י""ח",400,ל  גרם,false,1,15.90,3.98,true,1,
4607109409619,false,פיניש 25 טבליות AIO,רקיט בנקיזר (ניר איסט) בעמ,,,"י""ח",25,"י""ח",false,1,29.90,1.20,false,1,
4640018993343,false,פיניש קוואנטום 30 קפסולות בשקית,רקיט בנקיזר (ניר איסט) בעמ,,,"י""ח",30,"י""ח",false,1,39.90,1.33,true,1,
4640018993398,false,פיניש קוואנטום 60 קפסולות בשקית,רקיט בנקיזר (ניר איסט) בעמ,,,"י""ח",45,"י""ח",false,1,59.90,1.33,true,1,
4710068001692,false,מאסטר קפה לאטה 240מל פחית,טמפו משקאות בעמ,,,"י""ח",240,"ל  מ""ל",false,1,6.60,2.63,true,1,
4710068002798,false,מאסטר קפה ונילה 240מל פחית,טמפו משקאות בעמ,,,"י""ח",240,"ל  מ""ל",false,1,6.30,2.63,true,1,
4710964104916,false,"שמן שומשום טהור 370מ""ל",מזרח ומערב יבוא ושיווק,,,"י""ח",370,"ל  מ""ל",false,1,22.90,6.19,false,1,
4715896110165,false,עפרונות צבעוני 12 יח,צבע ומכחול (2014) בעמ,,,"י""ח",1,,false,1,9.90,9.90,false,1,
4715896311357,false,זוג דבק מהיר,צבע ומכחול (2014) בעמ,,,"י""ח",1,,false,1,5.90,5.90,false,1,
4750021000133,false,"וודקה סטולי 500מ""ל",הכרם משקאות חריפים בעמ,,,"י""ח",500,"ל  מ""ל",false,1,51.20,10.18,true,1,
4791021001096,false,תה שחור 100 שקיקים,דברים טובים סגל בעמ,,,"י""ח",100,ל  גרם,false,1,24.90,24.90,true,1,
4791021002789,false,תה ירוק 100 שקיקים,דברים טובים סגל בעמ,,,"י""ח",100,ל  גרם,false,1,22.90,22.90,true,1,
4791021003588,false,תה צהוב 1.5 גרם,דברים טובים סגל בעמ,,,"י""ח",150,ל  גרם,false,1,12.90,8.60,true,1,
4791021904861,false,תה ירוק    25+5ש גנגיר,דברים טובים סגל בעמ,,,"י""ח",25,"י""ח",false,1,12.90,0.52,true,1,
4791021944720,false,תה ארלגרי 2 גרם  100,דברים טובים סגל בעמ,,,"י""ח",200,ל  גרם,false,1,21.90,10.95,true,1,
4800888219510,false,דאב דאו סטיק מלפפונים 50גר,יוניליוור ישראל שיווק בעמ,,,"י""ח",50,ל  גרם,false,1,14.90,29.80,true,1,
4800888219534,false,דאו סטיק דאב 50ג.,יוניליוור ישראל שיווק בעמ,,,"י""ח",76,ל  גרם,false,1,14.90,19.61,true,1,
4800888219541,false,רקסונה סטיק נשים פאודר דרי 50גר,יוניליוור ישראל שיווק בעמ,,,"י""ח",1,"י""ח",false,1,14.90,14.90,true,1,
4810168000011,false,פילה דג הרינג מלוח מצונן 250גר,דילר בי.אמ.די פורמולה בעמ,,,"י""ח",250,ל  גרם,false,1,13.90,5.56,true,1,
4810168018795,false,חתיכות פילה דג הרינג מלוח מצונן 200גר,דילר בי.אמ.די פורמולה בעמ,,,"י""ח",200,ל  גרם,false,1,13.90,6.95,true,1,
4810168019051,false,חתיכות פילה דג הרינג מלוח מצונן מתובל,דילר בי.אמ.די פורמולה בעמ,,,"י""ח",200,ל  גרם,false,1,13.90,6.95,true,1,
4810168051396,false,בצק שמרים מרודד מוקפא  450גר,דילר בי.אמ.די פורמולה בעמ,,,"י""ח",450,ל  גרם,false,1,8.90,1.98,true,1,
4810168055875,false,"חתיכות פילה דג הרינג מתובל בשמן 1.2ק""ג",דילר בי.אמ.די פורמולה בעמ,,,"י""ח",1.20,"ק""ג",false,1,39.90,33.25,false,1,
4810168055882,false,חתיכות פילה דג הרינג מומלח בשמן מצונן,דילר בי.אמ.די פורמולה בעמ,,,"י""ח",1.20,"ק""ג",false,1,39.90,33.25,false,1,
4810168055899,false,"פילה דג הרינג מומלח בשמן מצונן  1.2ק""ג",דילר בי.אמ.די פורמולה בעמ,,,"י""ח",1.20,"ק""ג",false,1,39.90,33.25,false,1,
4810168055905,false,פילה דג הרינג סקנדינבי מומלח בשמן  1.2,דילר בי.אמ.די פורמולה בעמ,,,"י""ח",1.20,"ק""ג",false,1,39.90,33.25,false,1,
4810168057510,false,חתיכות פילה הרינג מתובל מלוח בשמן 400גר,דילר בי.אמ.די פורמולה בעמ,,,"י""ח",400,ל  גרם,false,1,26.90,6.73,true,1,
4810168058548,false,חתיכות פילה דג הרינג סקנדינבי מלוח בשמן,דילר בי.אמ.די פורמולה בעמ,,,"י""ח",1.20,"ק""ג",false,1,39.90,33.25,false,1,
4810168058982,false,חתיכות פילה הרינג סקנדינבי בשמן 400גר,דילר בי.אמ.די פורמולה בעמ,,,"י""ח",400,ל  גרם,false,1,26.90,6.73,true,1,
4810168062125,false,כיסונים פרווה במילוי אוכמניות  45גר קפ,דילר בי.אמ.די פורמולה בעמ,,,"י""ח",450,ל  גרם,false,1,22.90,5.09,false,1,
4810168062132,false,כיסונים במילוי גבינת טבורוג קפוא 450גר,דילר בי.אמ.די פורמולה בעמ,,,"י""ח",450,ל  גרם,false,1,17.90,3.98,false,1,
4810168062149,false,כיסונים פרווה במילוי דובדבנים 450גר קפ,דילר בי.אמ.די פורמולה בעמ,,,"י""ח",450,ל  גרם,false,1,22.90,5.09,false,1,
4810168062156,false,כיסונים במילוי טבורוג וצימוקים 450גר ק,דילר בי.אמ.די פורמולה בעמ,,,"י""ח",450,ל  גרם,false,1,17.90,3.98,false,1,
4810168062163,false,"כיסונים פרווה במילוי תפו""א ופטריות 450",דילר בי.אמ.די פורמולה בעמ,,,"י""ח",450,ל  גרם,false,1,14.90,3.31,false,1,
4810168062170,false,"כיסונים פרווה במילוי תפו""א ובצל 450גר",דילר בי.אמ.די פורמולה בעמ,,,"י""ח",450,ל  גרם,false,1,14.90,3.31,false,1,
4810168062187,false,"בלינצ`ס פרווה במילוי תפו""א ופטריות 420",דילר בי.אמ.די פורמולה בעמ,,,"י""ח",420,ל  גרם,false,1,15.90,3.79,false,1,
4810168062194,false,בלינצ`ס במילוי גבינת טבורוג 360גר קפוא,דילר בי.אמ.די פורמולה בעמ,,,"י""ח",360,ל  גרם,false,1,15.90,4.42,false,1,
4810168062200,false,בלינצ`ס פרווה במילוי דובדבן 360גר קפוא,דילר בי.אמ.די פורמולה בעמ,,,"י""ח",360,ל  גרם,false,1,15.90,4.42,false,1,
4810168062217,false,"בלינצ`ס פרווה במילוי תפו""ע וקינמון 360",דילר בי.אמ.די פורמולה בעמ,,,"י""ח",360,ל  גרם,false,1,15.90,4.42,false,1,
4810168062224,false,בלינצ`ס פרווה במילוי ממרח קקאו-א.לוז,דילר בי.אמ.די פורמולה בעמ,,,"י""ח",360,ל  גרם,false,1,15.90,4.42,false,1,
4810168062231,false,עלי בלינצ`ס פרווה 320גר מוקפאים,דילר בי.אמ.די פורמולה בעמ,,,"י""ח",320,ל  גרם,false,1,11.90,3.72,false,1,
4810168062279,false,לביבות גבינת טבורוג מוקפאות 450גר,דילר בי.אמ.די פורמולה בעמ,,,"י""ח",450,ל  גרם,false,1,22.90,5.09,false,1,
4820034925546,false,"בירה לאנג צאזז לייט  500מ""ל בקבוק",בני פאוזי שמשום (2009) בעמ,,,"י""ח",500,"ל  מ""ל",false,1,3.90,0.72,true,1,
4820163121420,false,וודקה חורטיצה 0.5ליטר פלטינום,לפ א.ג.ת.ד. שיווק והפצה,,,"י""ח",50,"ל  מ""ל",false,1,49.90,99.20,false,1,
4823077602863,false,סוכריות 200גר בשקית Crazy bee,דילר בי.אמ.די.אינטרנשיונל בעמ,,,"י""ח",200,ל  גרם,false,1,6.90,3.45,true,1,
4823077613203,false,שוקולד רושן מריר עם אגוז שלם 90גר,דילר בי.אמ.די.אינטרנשיונל בעמ,,,"י""ח",90,ל  גרם,false,1,7.90,8.78,true,1,
4823077613630,false,חטיף שוקולד רושן ממולא קרם ברולה 43גר,דילר בי.אמ.די.אינטרנשיונל בעמ,,,"י""ח",40,ל  גרם,false,1,3.90,9.75,true,1,
4823077614767,false,שוקולד רושן חלב נוגט טעם אגוזי לוז 90גר,דילר בי.אמ.די.אינטרנשיונל בעמ,,,"י""ח",90,ל  גרם,false,1,4.90,5.44,true,1,
4823077614804,false,שוקולד רושן חלב נוגט טעם אוכמניות כחול,דילר בי.אמ.די.אינטרנשיונל בעמ,,,"י""ח",90,ל  גרם,false,1,4.90,5.44,true,1,
4823077617041,false,חטיף שוקולד רושן ממולא קרם קרמל 43גר,דילר בי.אמ.די.אינטרנשיונל בעמ,,,"י""ח",43,ל  גרם,false,1,3.90,9.07,true,1,
4823077618161,false,"וופל  רול""קונאפטו"" חלב 140גר",דילר בי.אמ.די.אינטרנשיונל בעמ,,,"י""ח",140,ל  גרם,false,1,6.90,4.93,true,1,
4823077618901,false,בונבוניירה רושן Shooters ליקר רום 150גר,דילר בי.אמ.די.אינטרנשיונל בעמ,,,"י""ח",150,ל  גרם,false,1,12.90,8.60,false,1,
4823077625589,false,וופל רושן בטעם חלב 216גר,דילר בי.אמ.די.אינטרנשיונל בעמ,,,"י""ח",216,ל  גרם,false,1,6.90,3.19,true,1,
4823077625602,false,וופל רושן בטעם שוקולד 216גר,דילר בי.אמ.די.אינטרנשיונל בעמ,,,"י""ח",216,ל  גרם,false,1,6.90,3.19,true,1,
4823077625626,false,וופל רושן בטעם אגוז 216גר,דילר בי.אמ.די.אינטרנשיונל בעמ,,,"י""ח",216,ל  גרם,false,1,6.90,3.19,true,1,
4823077626203,false,שוקולד רושן אורירי מריר 80גר,דילר בי.אמ.די.אינטרנשיונל בעמ,,,"י""ח",80,ל  גרם,false,1,6.90,8.63,true,1,
4823077626227,false,שוקולד רושן אורירי חלב 80גר,דילר בי.אמ.די.אינטרנשיונל בעמ,,,"י""ח",80,ל  גרם,false,1,6.90,8.63,true,1,
4823077626364,false,שוקולד רושן אורירי לבן 80גר,דילר בי.אמ.די.אינטרנשיונל בעמ,,,"י""ח",80,ל  גרם,false,1,6.90,8.63,true,1,
4823077630422,false,סנדוויץ קרקר חלב וניל רושן 235גר,דילר בי.אמ.די.אינטרנשיונל בעמ,,,"י""ח",235,ל  גרם,false,1,9.90,4.21,true,1,
4823077631863,false,"וופל  רול""קונאפטו"" וניל 140גר",דילר בי.אמ.די.אינטרנשיונל בעמ,,,"י""ח",140,ל  גרם,false,1,6.90,4.93,true,1,
4823077632112,false,וופל רושן בטעם קקאו חלב 216גר,דילר בי.אמ.די.אינטרנשיונל בעמ,,,"י""ח",216,ל  גרם,false,1,6.90,3.19,true,1,
4823077632570,false,שוקולד רושן מריר 85גר Brut,דילר בי.אמ.די.אינטרנשיונל בעמ,,,"י""ח",85,ל  גרם,false,1,6.90,8.12,true,1,
4823077632594,false,שוקולד רושן חלב עם אגוז שלם 90גר,דילר בי.אמ.די.אינטרנשיונל בעמ,,,"י""ח",90,ל  גרם,false,1,7.90,8.78,true,1,
4823077633058,false,"וופל  רול""קונאפטו"" אגוז 140גר",דילר בי.אמ.די.אינטרנשיונל בעמ,,,"י""ח",140,ל  גרם,false,1,6.90,4.93,true,1,
4823077633348,false,עוגיות רושן  Lovita עם חתיכות בוטנים,דילר בי.אמ.די.אינטרנשיונל בעמ,,,"י""ח",150,ל  גרם,false,1,6.90,4.60,true,1,
4823077633508,false,רושן חטיף וופל במילוי קרם קקאו מצופה 3,דילר בי.אמ.די.אינטרנשיונל בעמ,,,"י""ח",34,ל  גרם,false,1,3.90,11.47,true,1,
4823077633515,false,רושן חטיף וופל במילוי קרם חלבי מצופה,דילר בי.אמ.די.אינטרנשיונל בעמ,,,"י""ח",34,ל  גרם,false,1,3.90,11.47,true,1,
4823077635489,false,חטיף וופל קרם קקאו350ג Johny Krocker,דילר בי.אמ.די.אינטרנשיונל בעמ,,,"י""ח",350,ל  גרם,false,1,16.90,4.83,true,1,
4823077635533,false,חטיף וופל קרם חלב350ג Johny Krocker,דילר בי.אמ.די.אינטרנשיונל בעמ,,,"י""ח",350,ל  גרם,false,1,16.90,4.83,true,1,
4823077636004,false,עוגיות רושן קקאו דובדבן 135גר LOVITA,דילר בי.אמ.די.אינטרנשיונל בעמ,,,"י""ח",168,ל  גרם,false,1,6.90,4.11,true,1,
4823077636059,false,עוגיות קקאו דובדבן 420גר LOVITA,דילר בי.אמ.די.אינטרנשיונל בעמ,,,"י""ח",420,ל  גרם,false,1,16.90,4.02,false,1,
4823077636073,false,עוגיות תות שדה 420גר LOVITA,דילר בי.אמ.די.אינטרנשיונל בעמ,,,"י""ח",420,ל  גרם,false,1,16.90,4.02,false,1,
4823077636097,false,עוגיות פטל 420גר LOVITA,דילר בי.אמ.די.אינטרנשיונל בעמ,,,"י""ח",420,ל  גרם,false,1,16.90,4.02,false,1,
4823077636110,false,עוגיות תפוז 420גר LOVITA,דילר בי.אמ.די.אינטרנשיונל בעמ,,,"י""ח",420,ל  גרם,false,1,16.90,4.02,false,1,
4823077636172,false,וופל רושן בטעם לימון 216גר,דילר בי.אמ.די.אינטרנשיונל בעמ,,,"י""ח",216,ל  גרם,false,1,6.90,3.19,true,1,
4823077636332,false,עוגיות רושן במילוי קרם ש. 127גר LOVITA,דילר בי.אמ.די.אינטרנשיונל בעמ,,,"י""ח",127,ל  גרם,false,1,6.90,5.43,false,1,
4823077636400,false,עוגיות רושן במילוי קרם חלב 127גר LOVIT,דילר בי.אמ.די.אינטרנשיונל בעמ,,,"י""ח",127,ל  גרם,false,1,6.90,5.43,false,1,
4823077636417,false,עוגיות רושן במילוי קרם אגוז 127גר LOVI,דילר בי.אמ.די.אינטרנשיונל בעמ,,,"י""ח",127,ל  גרם,false,1,6.90,5.43,false,1,
4823077636608,false,סוכריות טופי במילוי שוקולד 325גר,דילר בי.אמ.די.אינטרנשיונל בעמ,,,"י""ח",325,ל  גרם,false,1,11.90,3.66,true,1,
4860019001346,false,"בורז ומי מים מינרלים 500מ""ל",יורוסטנדרט בעמ,,,"י""ח",500,"ל  מ""ל",false,1,8.20,1.58,false,1,
4891199178504,false,סוללות סופר אלקליין(שמינייה) AAA C8,סמיקום לקסיס בעמ,,,"י""ח",1,,false,1,16.90,16.90,true,1,
4891228304119,false,שיק אקזקטה 2 נשים,ש.שסטוביץ בעמ,,,"י""ח",1,,false,1,19.90,19.90,false,1,
4891228308049,false,שיק היידרו גבר מארז סנס ידית+7,ש.שסטוביץ בעמ,,,"י""ח",1,,false,1,64.90,64.90,false,1,
4891228430047,false,סכיני גילוח שיק אקסטרה 10 יח  ירוק,ש.שסטוביץ בעמ,,,"י""ח",1,,false,1,24.90,24.90,false,1,
4891228430085,false,אקסטרים שיק רגיש 3 יח,ש.שסטוביץ בעמ,,,"י""ח",1,,false,1,14.90,14.90,false,1,
4891228460242,false,שיק/קוואטרו לנשים 3יח,ש.שסטוביץ בעמ,,,"י""ח",1,,false,1,29.90,29.90,false,1,
4895149077589,false,נורת לד  75W מקבילה אור צהוב,פוגיקום בעמ,,,"י""ח",1,,false,1,19.90,19.90,true,1,
4895149084921,false,שלישיית נורות לד 12W=75W הברגה E27 אור,פוגיקום בעמ,,,"י""ח",1,,false,1,24.90,24.90,true,1,
4903001945706,false,"רוטב סויה פונזו יאמאסה 500מ""ל",ליימן שליסל,,,"י""ח",500,"ל  מ""ל",false,1,19.90,3.98,false,1,
4904530589126,false,סוללות טושיבה גדול,עולם הבית שיווק והפצה בעמ,,,"י""ח",1,,false,1,9.90,9.90,false,1,
4904530589133,false,סוללות טושיבה קטן,עולם הבית שיווק והפצה בעמ,,,"י""ח",1,,false,1,9.90,9.90,false,1,
5000146980322,false,"ויט רקם הסרת שיער פרחים 100מ""ל",רקיט בנקיזר (ניר איסט) בעמ,,,"י""ח",100,"ל  מ""ל",false,1,19.90,19.90,false,1,
5000157143365,false,"מתבל טעם מיונז וקטשופ 425מ""ל",דיפלומט מפיצים (1968) בעמ**,,,"י""ח",425,ל  גרם,false,1,14.90,3.51,false,1,
5000159407236,false,מרס חטיף שוק 51גר,מרס ריגלי ישראל בעמ,,,"י""ח",51,ל  גרם,false,1,4.50,8.82,true,1,
5000159409179,false,סניקרס מיני 403ג שקית,מרס ריגלי ישראל בעמ,,,"י""ח",403,ל  גרם,false,1,18.90,4.69,false,1,
5000159414197,false,מלטיזרס 135ג,מרס ריגלי ישראל בעמ,,,"י""ח",1560,ל  גרם,false,1,10.90,0.70,false,1,
5000159452540,false,סניקרס מארז 5 יח,מרס ריגלי ישראל בעמ,,,"י""ח",180,ל  גרם,false,1,12.90,7.17,false,1,
5000159459228,false,טוויקס חטיף 50גר,מרס ריגלי ישראל בעמ,,,"י""ח",50,ל  גרם,false,1,4.50,9,true,1,
5000159461122,false,סניקרס חטיף 50גר,מרס ריגלי ישראל בעמ,,,"י""ח",51,ל  גרם,false,1,4.50,8.82,true,1,
5000159538626,false,טוויקס מארז 5 יח,מרס ריגלי ישראל בעמ,,,"י""ח",180,ל  גרם,false,1,12.90,7.17,false,1,
5000159538640,false,באונטי מארז 5 יח,מרס ריגלי ישראל בעמ,,,"י""ח",180,ל  גרם,false,1,12.90,7.17,false,1,
5000159541152,false,טוויקס חטיף 50גר,מרס ריגלי ישראל בעמ,,,"י""ח",50,ל  גרם,false,1,4.50,9,true,1,
5000168199245,false,שוקולד חלב מעולה קרם קרמל 90גר Godi,תה ויסוצקי (ישראל)בעמ,,,"י""ח",90,ל  גרם,false,1,14.90,16.56,true,1,
5000189974579,false,קיט קט מיני 200גר.,קבוצת אוסם סחר-שות.מוגבלת,,,"י""ח",200,ל  גרם,false,1,14.40,7.20,true,1,
5000204133509,false,שקיות אחסון גדולות  19 יח`זיפלוק,דנשר (1963) בעמ,,,"י""ח",1,,false,1,12.90,12.90,false,1,
5000204153903,false,"גלייד ספריי אוטומטי 269מ""ל מילוי",דנשר (1963) בעמ,,,"י""ח",269,"ל  מ""ל",false,1,14.90,5.54,false,1,
5000204155723,false,גלייד מארז אוטומטי מעוצב אקזוטי,דנשר (1963) בעמ,,,"י""ח",269,"ל  מ""ל",false,1,39.90,14.83,false,1,
5000204657883,false,"קיווי משחת נעליים בקופסא חום 50מ""ל",דנשר (1963) בעמ,,,"י""ח",50,ל  גרם,false,1,5.80,11.60,false,1,
5000267014234,false,"וויסקי ג וני ווקר אדום 700מ""ל",החברה המרכזית להפצת משקאות בעמ,,,"י""ח",700,"ל  מ""ל",false,1,79.90,11.37,false,1,
5000267024233,false,"וויסקי ג`וני ווקר (בלאק) 700מ""ל 40%",החברה המרכזית להפצת משקאות בעמ,,,"י""ח",700,"ל  מ""ל",false,1,119.90,17.09,false,1,
5000289925440,false,"ג`ין גורדונס 700 מ""ל",החברה המרכזית להפצת משקאות בעמ,,,"י""ח",700,"ל  מ""ל",false,1,89.90,12.80,false,1,
5010026515919,false,מוזלי קריספי נאטי  650ג,ליימן שליסל,,,"י""ח",650,ל  גרם,false,1,24.90,3.83,false,1,
5010026515940,false,מוזלי קריספי פרוטי 750ג,ליימן שליסל,,,"י""ח",650,ל  גרם,false,1,24.90,3.83,false,1,
5010029221084,false,דגנ בוקר וויטביקס פרוטאין קראנץ 450ג,ר.ב. מוצרי דגנים בעמ,,,"י""ח",450,ל  גרם,false,1,28.90,6.42,false,1,
5010038454831,false,"בירה בלו מון 330מ""ל",הכרם משקאות חריפים בעמ,,,"י""ח",330,"ל  מ""ל",false,1,13.90,4.12,true,1,
5010106113127,false,"וויסקי בלנטיין 700מ""ל",טמפו משקאות בעמ,,,"י""ח",700,"ל  מ""ל",false,1,79.90,11.37,true,1,
5010182996799,false,ג ל אסלה דאק,דנשר (1963) בעמ,,,"י""ח",1,,false,1,9.90,9.90,false,1,
5010182997918,false,טואלט דק ג ל אסלה,דנשר (1963) בעמ,,,"י""ח",55,ל  גרם,false,1,9.90,18,false,1,
5010182998847,false,"טואלט דאק נוזל כחול 750מ""ל",דנשר (1963) בעמ,,,"י""ח",750,"ל  מ""ל",false,1,8.90,1.19,false,1,
5010182998861,false,"טואלט דאק נוזל ירוק 750מ""ל",דנשר (1963) בעמ,,,"י""ח",750,"ל  מ""ל",false,1,8.90,1.19,false,1,
5010327105215,false,מונקי שולדר,הכרם משקאות חריפים בעמ,,,"י""ח",700,"ל  מ""ל",false,1,169.90,24.23,true,1,
5010677551397,false,"בקרדי בריזר למון ליים 275מ""ל",טמפו משקאות בעמ,,,"י""ח",275,"ל  מ""ל",false,1,14.20,5.05,true,1,
5010677552387,false,בקרדי בריזר-אננס.,טמפו משקאות בעמ,,,"י""ח",275,"ל  מ""ל",false,1,14.20,5.05,true,1,
5010677554398,false,"בקרדי בריזר אבטיח 275מ""ל",טמפו משקאות בעמ,,,"י""ח",275,"ל  מ""ל",false,1,14.20,5.05,true,1,
5011026108033,false,"טולמור דיו וויסקי אירי 700מ""ל",הכרם משקאות חריפים בעמ,,,"י""ח",700,"ל  מ""ל",false,1,110.90,15.80,false,1,
5011417552247,false,איירוויק נטול גז לילך,רקיט בנקיזר (ניר איסט) בעמ,,,"י""ח",345,"ל  מ""ל",false,1,14.90,4.32,true,1,
5014271002675,false,מעדן תפוח קינמון 284ג דלפור,א. סיימן סחר בעמ,,,"י""ח",284,ל  גרם,false,1,22.90,8.06,true,1,
5014271300429,false,מעדן דלפור משמש 284 ג,א. סיימן סחר בעמ,,,"י""ח",284,ל  גרם,false,1,22.90,8.06,true,1,
5014271400426,false,מעדן תות שדה דלפור,א. סיימן סחר בעמ,,,"י""ח",284,ל  גרם,false,1,22.90,8.06,true,1,
5014271795980,false,מעדן דלפור אוכמניות חמוציות 284גר`,א. סיימן סחר בעמ,,,"י""ח",284,ל  גרם,false,1,22.90,8.06,true,1,
5024546356600,false,"וויסקי גראן מקניש סקוטש 700מ""ל",לפ א.ג.ת.ד. שיווק והפצה,,,"י""ח",1,,false,1,99.60,99.60,false,1,
5026489500454,false,חטיף חומוס צילי ציז 45ג,מ.סידס ובנו בעמ,,,"י""ח",45,ל  גרם,false,1,7.90,17.56,true,1,
5029053002408,false,קלינקס  נייר טואלט פרימיום לבן 1/9,קימברלי קלארק ישראל שיווק בעמ,,,"י""ח",1184,ל  גרם,false,1,31.90,2.69,false,1,
5029053002439,false,קליניקס נייר טואלט  פרימיום צהוב 1/9.,קימברלי קלארק ישראל שיווק בעמ,,,"י""ח",1184,ל  גרם,false,1,31.90,2.69,false,1,
5029053032658,false,טישו קלינקס 1/8,קימברלי קלארק ישראל שיווק בעמ,,,"י""ח",8,"י""ח",false,1,9.90,1.24,false,1,
5029053039725,false,טישו קלינקס נטורל פרש 72 דף,קימברלי קלארק ישראל שיווק בעמ,,,"י""ח",72,"י""ח",false,1,10.90,0.15,true,1,
5029053510811,false,קוטקס נורמל 28 יחידות,קימברלי קלארק ישראל שיווק בעמ,,,"י""ח",28,"י""ח",false,1,16.90,0.60,true,1,
5029053527598,false,דריי נייטס 8-15 בנים,קימברלי קלארק ישראל שיווק בעמ,,,"י""ח",1,"י""ח",false,1,38.90,38.90,false,1,
5029053527604,false,דריי נייטס בנות 8-15,קימברלי קלארק ישראל שיווק בעמ,,,"י""ח",1,"י""ח",false,1,38.90,38.90,false,1,
5029053535227,false,קוטקס טמפון+מוליך נורמל,קימברלי קלארק ישראל שיווק בעמ,,,"י""ח",1,"י""ח",false,1,27.90,27.90,false,1,
5029054220085,false,מגבוני רך נולד 1/4,קימברלי קלארק ישראל שיווק בעמ,,,"י""ח",4,"י""ח",false,1,29.90,7.48,false,1,
5035766044673,false,"סיידר אלכוהולי 330מ""ל בודד",טמפו משקאות בעמ,,,"י""ח",330,"ל  מ""ל",false,1,8.20,2.39,false,1,
5060045588128,false,ג ים בים לבן,הכרם משקאות חריפים בעמ,,,"י""ח",375,"ל  מ""ל",false,1,90.20,23.97,true,1,
5060517886486,false,"משקה אנרגיה מונסטר פח 500מ""ל",החברה המרכזית להפצת משקאות בעמ,,,"י""ח",500,"ל  מ""ל",false,1,7,1.34,false,1,
5060517886516,false,"משקה אנרגיה מונסטר זירו פח 500מ""ל",החברה המרכזית להפצת משקאות בעמ,,,"י""ח",500,"ל  מ""ל",false,1,7,1.34,false,1,
5060639129102,false,"משקה אנרגיה מונסטר מנגו פח 500מ""ל",החברה המרכזית להפצת משקאות בעמ,,,"י""ח",500,"ל  מ""ל",false,1,7,1.34,false,1,
5060751218173,false,"משקה אנרגיה מונסטר פח 500מ""ל",החברה המרכזית להפצת משקאות בעמ,,,"י""ח",500,"ל  מ""ל",false,1,7.50,1.44,false,1,
5060751219033,false,"משקה אנרגיה מונסטר פח 500מ""ל",החברה המרכזית להפצת משקאות בעמ,,,"י""ח",500,"ל  מ""ל",false,1,7,1.34,false,1,
5201178801054,false,ניוואה קרם 250,אלפא ב.ד.ף בעמ,,,"י""ח",250,ל  גרם,false,1,29.90,11.96,true,1,
5201184055663,false,שקיות יום הולדת,שמחה זה אנחנו,,,"י""ח",1,,false,1,7.90,7.90,false,1,
5201184816448,false,מפיות נייר 20יח מיני,שמחה זה אנחנו,,,"י""ח",1,,false,1,8.90,8.90,false,1,
5201347160326,false,"קלגון ג ל 750 מ""ל",רקיט בנקיזר (ניר איסט) בעמ,,,"י""ח",750,"ל  מ""ל",false,1,29.90,3.99,false,1,
5202300014472,false,ולפלקס ספרי חזק מאד,דיפלומט מפיצים 1968 בעמ,,,"י""ח",250,"ל  מ""ל",false,1,34.70,13.88,true,1,
5202300014496,false,ולפלקס ספרי חזק מאד,דיפלומט מפיצים 1968 בעמ,,,"י""ח",250,"ל  מ""ל",false,1,34.70,13.88,true,1,
5202795080709,false,אוזו מטקסה,הכרם משקאות חריפים בעמ,,,"י""ח",750,"ל  מ""ל",false,1,77.90,10.35,true,1,
5407005170021,false,פטריות,ביכורי השדה צפון 1994 ג.ד. בעמ,,,"י""ח",1,,false,1,10.90,10.90,false,1,
5410103161617,false,לוריאל טריפל קרם לחות יום יבש ורגי 50מ,לוריאל ישראל קוסמטיקס בעמ,,,"י""ח",15,"ל  מ""ל",false,1,39.90,266,false,1,
5410126006087,false,"לוטוס ביסקויט  בטעם קרמל 700גר בד""ץ",דיפלומט מפיצים (1968) בעמ**,,,"י""ח",700,ל  גרם,false,1,24.90,3.56,false,1,
5410126006360,false,לוטוס עוגיות סנדוויץ מילוי לוטוס 150ג,דיפלומט מפיצים (1968) בעמ**,,,"י""ח",150,ל  גרם,false,1,9.90,6.60,false,1,
5410126006377,false,עוגיות לוטוס סנדוויץ בטעם וניל 150גר,דיפלומט מפיצים (1968) בעמ**,,,"י""ח",150,ל  גרם,false,1,9.90,6.60,false,1,
5410126106022,false,לוטוס ביסקויט מארז חג 2*250ג.,דיפלומט מפיצים (1968) בעמ**,,,"י""ח",500,ל  גרם,false,1,17.90,3.58,true,1,
5410126116953,false,ממרח לוטוס קרמל 400ג,דיפלומט מפיצים (1968) בעמ**,,,"י""ח",312,ל  גרם,false,1,22.90,7.34,false,1,
5410126716016,false,לוטוס ביסקויט בטעם קרמל 250 גרם,דיפלומט מפיצים (1968) בעמ**,,,"י""ח",250,ל  גרם,false,1,12.90,5.16,false,1,
5410173210055,false,קפה טחון,ליימן שליסל,,,"י""ח",100,ל  גרם,false,1,18.90,18.90,false,1,
5410228267515,false,"בירה באדוויזר 1/6 330מ""ל",הכרם משקאות חריפים בעמ,,,"י""ח",1.98,ליטר,false,1,31.70,15.10,true,1,
5410291021991,false,ממרח צ`וקטה אגוזי לוז עם קקאו 700גרם,ש.שסטוביץ בעמ,,,"י""ח",385,ל  גרם,false,1,18.90,4.91,false,1,
5410291022011,false,ממרח צ`וקטה אגוזי לוז עם קקאו 350גרם,ש.שסטוביץ בעמ,,,"י""ח",385,ל  גרם,false,1,11.90,3.09,false,1,
5410291022738,false,ממרח צ`וקטה חום לבן  350ג,ש.שסטוביץ בעמ,,,"י""ח",350,ל  גרם,false,1,11.90,3.40,false,1,
5410291022752,false,ממרח צ`וקטה פרווה 350ג,ש.שסטוביץ בעמ,,,"י""ח",350,ל  גרם,false,1,11.90,3.40,false,1,
5410316994019,false,וודקה סמירנוף אדום 700,החברה המרכזית להפצת משקאות בעמ,,,"י""ח",750,"ל  מ""ל",false,1,62.90,8.35,true,1,
5410769100081,false,"בירה לה שוף  330מ""ל",הכרם משקאות חריפים בעמ,,,"י""ח",330,"ל  מ""ל",false,1,14.90,4.42,true,1,
5410769800097,false,"בירה צ`רי  שוף 8%  330מ""ל",הכרם משקאות חריפים בעמ,,,"י""ח",330,"ל  מ""ל",false,1,14.90,4.42,true,1,
5411188094173,false,אלפרו מעדן סויה טעם קרמל 500 ג`,"שטראוס גרופ בע""מ",,,"י""ח",500,ל  גרם,false,1,18.90,3.78,true,1,
5411188096108,false,אלפרו סויה לבישול  5%,"שטראוס גרופ ***בע""מ",,,"י""ח",250,"ל  מ""ל",false,1,9.90,3.96,true,1,
5411188110835,false,אלפרו חלב סויה שקדים,"שטראוס גרופ בע""מ",,,"י""ח",1,ליטר,false,1,13.90,13.90,true,1,
5411188112709,false,אלפרו שקדים ללא סוכר 1ל,"שטראוס גרופ בע""מ",,,"י""ח",1,ליטר,false,1,13.90,13.90,true,1,
5411188115366,false,אלפרו משקה שיבולת שועל 1ל,"שטראוס גרופ בע""מ",,,"י""ח",1,ליטר,false,1,13.90,13.90,true,1,
5411188115434,false,אלפרו בריסטה סויה 1ליטר,"שטראוס גרופ בע""מ",,,"י""ח",1,ליטר,false,1,15.90,15.90,true,1,
5411188115472,false,אלפרו סויה 1ל אלפרו,"שטראוס גרופ בע""מ",,,"י""ח",1,ליטר,false,1,13.90,13.90,true,1,
5411188116905,false,אלפרו בריסטה שיבולת שועל  1ליטר,"שטראוס גרופ בע""מ",,,"י""ח",1,ליטר,false,1,13.90,13.90,true,1,
5411188118732,false,אלפרו משקה קוקס שקדים  1ל,"שטראוס גרופ בע""מ",,,"י""ח",1,ליטר,false,1,13.90,13.90,true,1,
5411188120957,false,"אלפרו קוקוס לבישול 250מ""ל","שטראוס גרופ ***בע""מ",,,"י""ח",250,"ל  מ""ל",false,1,9.90,3.96,true,1,
5411188121923,false,אלפרו סויה סידן  1/3,"שטראוס גרופ בע""מ",,,"י""ח",750,"ל  מ""ל",false,1,15.90,2.12,true,1,
5411188121978,false,אלפרו סויה שוקו 1/3,"שטראוס גרופ בע""מ",,,"י""ח",750,"ל  מ""ל",false,1,15.90,2.12,true,1,
5411188124689,false,"אלפרו משקה שיבולת שועל לל""ס 1ל","שטראוס גרופ בע""מ",,,"י""ח",1,ליטר,false,1,13.90,13.90,true,1,
5411188127697,false,אלפרו בריסטה שיבולת שועל  1ליטר,"שטראוס גרופ בע""מ",,,"י""ח",1,ליטר,false,1,13.90,13.90,true,1,
5411188133476,false,"אלפרו משקה סויה שוקו עם חלבון 250מ""ל","שטראוס גרופ בע""מ",,,"י""ח",250,"ל  מ""ל",false,1,6.90,2.76,true,1,
5411188133490,false,"אלפרו משקה סויה קפה קרמל עם חלבון 250מ""ל","שטראוס גרופ בע""מ",,,"י""ח",750,"ל  מ""ל",false,1,6.90,0.92,true,1,
5411188134985,false,אלפרו 3.5%שומן MLKשיבולת שועל  1ליטר,"שטראוס גרופ ***בע""מ",,,"י""ח",1,ליטר,false,1,13.90,13.90,true,1,
5411188543398,false,אלפרו סויה ללא סוכר 1ל אלפרו,"שטראוס גרופ בע""מ",,,"י""ח",1,ליטר,false,1,13.90,13.90,true,1,
5411616002190,false,"בירה מרטינס סטרונג8.5% 500מ""ל",החברה המרכזית להפצת משקאות בעמ,,,"י""ח",500,"ל  מ""ל",false,1,6.50,1.24,false,1,
5411616133245,false,"בירה מרטנס לאגר 500מ""ל",החברה המרכזית להפצת משקאות בעמ,,,"י""ח",500,"ל  מ""ל",false,1,6.50,1.24,false,1,
5411616148546,false,"בירה מרטינס גולד 500מ""ל פחית",החברה המרכזית להפצת משקאות בעמ,,,"י""ח",500,"ל  מ""ל",false,1,6.50,1.24,false,1,
5413149922907,false,"אריאל 5ק""ג קולור",דיפלומט מפיצים 1968 בעמ,,,"י""ח",5,"ק""ג",false,1,44.90,8.98,true,1,
5413149922938,false,"אריאל 5 ק""ג שושן צחור",דיפלומט מפיצים 1968 בעמ,,,"י""ח",5,"ק""ג",false,1,44.90,8.98,true,1,
5413149930025,false,"טייד 5ק""ג רגיל",דיפלומט מפיצים 1968 בעמ,,,"י""ח",5,"ק""ג",false,1,36.90,7.38,true,1,
5414359898679,false,צ`יפס צ`ילי 150גר אדום,נאמן לאורך זמן בעמ,,,"י""ח",150,ל  גרם,false,1,11.90,7.93,false,1,
5601008200451,false,גודיס עוגיות מצופות שוק.מריר,ש.שסטוביץ בעמ,,,"י""ח",150,ל  גרם,false,1,6.90,4.60,true,1,
5601008200468,false,גודיס עוגיות מצופות שוק.לבן,ש.שסטוביץ בעמ,,,"י""ח",150,ל  גרם,false,1,6.90,4.60,true,1,
5601045300022,false,"גוארנה אנטרטיקה 330מ""ל",טמפו משקאות בעמ,,,"י""ח",330,"ל  מ""ל",false,1,5.90,1.70,false,1,
5701932026964,false,הוטפופ מלוח 600 גרם,ליימן שליסל,,,"י""ח",600,ל  גרם,false,1,16.90,2.82,true,1,
5701932026971,false,הוטפופ חמאה 600 גרם,ליימן שליסל,,,"י""ח",600,ל  גרם,false,1,16.90,2.82,true,1,
5701932026995,false,הוטפופ לייט טבעי 500גר.,ליימן שליסל,,,"י""ח",510,ל  גרם,false,1,16.90,3.31,true,1,
5711953106583,false,גבינת  ארלה שמנת 24% שומן   200גר,"שטראוס גרופ ***בע""מ",,,"י""ח",200,ל  גרם,false,1,15.90,7.95,true,1,
5711953106590,false,גבינת שמנת 24% שומן עם שום  200ג.,"שטראוס גרופ ***בע""מ",,,"י""ח",200,ל  גרם,false,1,15.90,7.95,true,1,
5711953106606,false,גבינת שמנת 24% שומן עם עשבי תיבול  200,"שטראוס גרופ ***בע""מ",,,"י""ח",200,ל  גרם,false,1,15.90,7.95,true,1,
5711953148347,false,גבינת שמנת טבעי ארלה 300ג,"שטראוס גרופ ***בע""מ",,,"י""ח",300,ל  גרם,false,1,24.90,8.30,true,1,
5740900403215,false,ממרח לורפק עם מלח 250גר,"שטראוס גרופ ***בע""מ",,,"י""ח",250,ל  גרם,false,1,16.90,6.76,true,1,
5740900403222,false,ממרח לורפק עם מלח מופחת שומן 250גר,"שטראוס גרופ ***בע""מ",,,"י""ח",250,ל  גרם,false,1,16.90,6.76,true,1,
5740900403246,false,ממרח לורפק ללא מלח 500גר,"שטראוס גרופ ***בע""מ",,,"י""ח",500,ל  גרם,false,1,28.90,5.78,true,1,
5740900403253,false,ממרח לורפק עם מלח 500גר,"שטראוס גרופ ***בע""מ",,,"י""ח",500,ל  גרם,false,1,28.90,5.78,true,1,
5740900403260,false,ממרח לורפק ללא מלח מופחת שומן 250גר,"שטראוס גרופ ***בע""מ",,,"י""ח",250,ל  גרם,false,1,16.90,6.76,true,1,
5740900403864,false,לורפק חמאה עם מלח  200גר,"שטראוס גרופ ***בע""מ",,,"י""ח",200,ל  גרם,false,1,11.90,5.95,true,1,
5900017062419,false,"תחליב רחצה ורדים ושמן שקדים 750מ""ל",אלפא ב.ד.ף בעמ,,,"י""ח",750,"ל  מ""ל",false,1,15.90,2.12,true,1,
5900020015174,false,פיטנס חטיף דגנים שוקולד 141ג,קבוצת אוסם סחר-שות.מוגבלת,,,"י""ח",141,ל  גרם,false,1,15.90,11.28,true,1,
5900020018908,false,פיטנס חטיף דגנים קרם עוגיות  141ג,קבוצת אוסם סחר-שות.מוגבלת,,,"י""ח",141,ל  גרם,false,1,15.90,11.28,true,1,
5900020020710,false,מארז   קראנץ`בר שוקו וניל 6*25גר,קבוצת אוסם סחר-שות.מוגבלת,,,"י""ח",150,ל  גרם,false,1,16.70,11.13,true,1,
5900020020741,false,נסקוויק בר דגנים שוקו שוקו 6*25גר,קבוצת אוסם סחר-שות.מוגבלת,,,"י""ח",150,ל  גרם,false,1,16.70,11.13,true,1,
5900020025647,false,פיטנס בר דליס שוקולד חלב 135ג,קבוצת אוסם סחר-שות.מוגבלת,,,"י""ח",135,ל  גרם,false,1,15.90,11.78,true,1,
5900020026552,false,האני נאט צ`יריוס עידן הקרח 625גר,קבוצת אוסם סחר-שות.מוגבלת,,,"י""ח",615,ל  גרם,false,1,19.90,3.24,true,1,
5900020034021,false,פיטנס חטיף דגנים שוק.בננה,קבוצת אוסם סחר-שות.מוגבלת,,,"י""ח",141,ל  גרם,false,1,15.90,11.28,true,1,
5900020034991,false,דגני בוקר קראנץ צדפים טעם שוקולד 450גר,קבוצת אוסם סחר-שות.מוגבלת,,,"י""ח",450,ל  גרם,false,1,19.90,4.42,true,1,
5900020039590,false,פיטנס חטיף דגנים קלאסי 6.8*23.5גר פרווה,קבוצת אוסם סחר-שות.מוגבלת,,,"י""ח",141,ל  גרם,false,1,16.70,11.84,true,1,
5900020039620,false,פיטנס חטיף דגנים שקדים 6.8*23.5גר פרוו,קבוצת אוסם סחר-שות.מוגבלת,,,"י""ח",141,ל  גרם,false,1,15.70,11.13,true,1,
5900452078419,false,מחית תפוחים שלב 1,קבוצת אוסם סחר-שות.מוגבלת,,,"י""ח",80,ל  גרם,false,1,6.10,7.63,false,1,
5900627066715,false,פיניש 100 טבליות AIO,רקיט בנקיזר (ניר איסט) בעמ,,,"י""ח",100,"י""ח",false,1,59.90,0.60,true,1,
5900907001450,false,מלפפונים במלח 900 גרם,דברים טובים סגל בעמ,,,"י""ח",900,ל  גרם,false,1,15.20,1.69,false,1,
5901483010102,false,תה מעויעם תפוח,דברים טובים סגל בעמ,,,"י""ח",50,ל  גרם,false,1,8.90,17.80,false,1,
5901483010706,false,תה וורדים,דברים טובים סגל בעמ,,,"י""ח",50,ל  גרם,false,1,8.90,17.80,false,1,
5901483020309,false,תה פירות יער 2ג*25שק,דברים טובים סגל בעמ,,,"י""ח",500,ל  גרם,false,1,8.90,1.78,false,1,
5901483020408,false,תה תות בר 25 יח,דברים טובים סגל בעמ,,,"י""ח",50,ל  גרם,false,1,8.90,17.80,false,1,
5901483060022,false,תה מרווה 2ג*20שק,דברים טובים סגל בעמ,,,"י""ח",40,ל  גרם,false,1,8.90,22.25,false,1,
5901483060206,false,תה מנטה  2ג*25שק,דברים טובים סגל בעמ,,,"י""ח",500,ל  גרם,false,1,8.90,1.78,false,1,
5901483060305,false,תה מליסה  2ג*25שק,דברים טובים סגל בעמ,,,"י""ח",500,ל  גרם,false,1,8.90,1.78,false,1,
5901483060404,false,תה בבונג,דברים טובים סגל בעמ,,,"י""ח",50,ל  גרם,false,1,8.90,17.80,false,1,
5901483071103,false,תה חמוציות קרנברי,דברים טובים סגל בעמ,,,"י""ח",500,ל  גרם,false,1,8.90,1.78,false,1,
5901483081027,false,חליטת לואיזה 2ג*20שק,דברים טובים סגל בעמ,,,"י""ח",40,ל  גרם,false,1,8.90,22.25,false,1,
5902198160403,false,משקה אנרגיה XL TEN,טמפו משקאות בעמ,,,"י""ח",250,"ל  מ""ל",false,1,4,1.48,true,1,
5904941750312,false,משקה אנרגיה בלו מוחיטו,בני פאוזי שמשום (2009) בעמ,,,"י""ח",250,"ל  מ""ל",false,1,4.50,1.68,true,1,
5904941751241,false,משקה אנרגיה בלו  דיי סיקס ללא סוכר,בני פאוזי שמשום (2009) בעמ,,,"י""ח",250,"ל  מ""ל",false,1,4.50,1.68,true,1,
5904941751302,false,משקה אנרגיה בלו רגולר  כחול,בני פאוזי שמשום (2009) בעמ,,,"י""ח",250,"ל  מ""ל",false,1,3.90,1.44,true,1,
5904941751524,false,משקה אנרגיה בלו אבטיח,בני פאוזי שמשום (2009) בעמ,,,"י""ח",250,"ל  מ""ל",false,1,4.50,1.68,true,1,
5904941751715,false,משקה אנרגיה בלו רגולר קרנברי,בני פאוזי שמשום (2009) בעמ,,,"י""ח",250,"ל  מ""ל",false,1,3.90,1.44,true,1,
5904941751920,false,משקה אנרגיה בלו day,בני פאוזי שמשום (2009) בעמ,,,"י""ח",250,"ל  מ""ל",false,1,4.50,1.68,true,1,
5904941751975,false,משקה אנרגיה בלו day ענבים,בני פאוזי שמשום (2009) בעמ,,,"י""ח",250,"ל  מ""ל",false,1,4.50,1.68,true,1,
5904941752262,false,משקה אנרגיה בלו לימון סיקס ללא סוכר,בני פאוזי שמשום (2009) בעמ,,,"י""ח",250,"ל  מ""ל",false,1,4.50,1.68,true,1,
5906485301012,false,משקה אנרגיה XL,טמפו משקאות בעמ,,,"י""ח",250,"ל  מ""ל",false,1,4,1.48,true,1,
5997321701806,false,"קלגון 1 ק""ג",רקיט בנקיזר (ניר איסט) בעמ,,,"י""ח",1,"ק""ג",false,1,29.90,29.90,false,1,
5998710131877,false,ממתק שוקולד CHERRY QUEEN,דילר בי.אמ.די.אינטרנשיונל בעמ,,,"י""ח",36,ל  גרם,false,1,3.90,10.83,true,1,
6001067017332,false,מברשת שיניים קולגייט אופטיק וויט בודד,ש.שסטוביץ בעמ,,,"י""ח",1,,false,1,10.90,10.90,false,1,
6001067017530,false,קולגייט סמיילס ג וניור,ש.שסטוביץ בעמ,,,"י""ח",1,,false,1,10.90,10.90,false,1,
6001130000889,false,קיוי קופ. חום,לפ י.ששון יבוא ושווק בעמ,,,"י""ח",1,,false,1,5,5,false,1,
6009188004828,false,קיט קאט צ`אנקי לבן 40גר,קבוצת אוסם סחר-שות.מוגבלת,,,"י""ח",40,ל  גרם,false,1,4.90,12.25,true,1,
6912977000140,false,אטריות  שעועית 250ג,מזרח ומערב יבוא ושיווק,,,"י""ח",200,ל  גרם,false,1,8.90,4.45,true,1,
6920174761528,false,מילון הצלילים הראשון שלי,כוכב נולד פלוס נתיבות בעמ,,,"י""ח",1,,false,1,109.90,109.90,false,1,
6920354824395,false,קולגייט נטורל משחת שיניים תמציות פחם,ש.שסטוביץ בעמ,,,"י""ח",68,"ל  מ""ל",false,1,24.90,36.62,false,1,
6921850620368,false,לד 10W אור יום אריזת 3יח,עולם הבית שיווק והפצה בעמ,,,"י""ח",3,"י""ח",false,1,24.90,8.30,false,1,
6921850620504,false,לד 15W אור יום אריזת 3יח,עולם הבית שיווק והפצה בעמ,,,"י""ח",3,"י""ח",false,1,24.90,8.30,false,1,
6922276100083,false,מחית וואסבי 43,מזרח ומערב יבוא ושיווק,,,"י""ח",500,ל  גרם,false,1,8.70,1.74,false,1,
6924485403252,false,טוש 12יח,צבע ומכחול (2014) בעמ,,,"י""ח",1,,false,1,9.90,9.90,false,1,
6924485408103,false,לורד גמבו,צבע ומכחול (2014) בעמ,,,"י""ח",1,,false,1,14.90,14.90,false,1,
6930126758636,false,מכשירי כתיבה,צבע ומכחול (2014) בעמ,,,"י""ח",1,,false,1,7.50,7.50,false,1,
6934930849016,false,שמן חמניות  1 ליטר.,ישרא-בר שמנים ותבואות בעמ,,,"י""ח",1,ליטר,false,1,9.90,9.90,true,1,
6934931265266,false,סוללות 10יח גדול,עולם הבית שיווק והפצה בעמ,,,"י""ח",1,,false,1,9.90,9.90,false,1,
6934931265334,false,סוללות  קטן,עולם הבית שיווק והפצה בעמ,,,"י""ח",1,,false,1,9.90,9.90,false,1,
6934932049728,false,אוכמניות,ביכורי השדה צפון 1994 ג.ד. בעמ,,,"י""ח",1,,false,1,15.90,15.90,true,1,
6935673035612,false,זוג כפפות משק בית אלוורה,מ.א.ייצור ויבוא מטליות בעמ,,,"י""ח",1,,false,1,6.80,6.80,false,1,
6936613888667,false,שום ארוז.,ביכורי השדה צפון 1994 ג.ד. בעמ,,,"י""ח",1,,false,1,7.90,7.90,true,1,
6938247142839,false,עפרון+מחק  איכותי,צבע ומכחול (2014) בעמ,,,"י""ח",1,,false,1,7.50,7.50,false,1,
7038513866304,false,ג ורדון מברשת שיניים,דנשר (1963) בעמ,,,"י""ח",1,,false,1,13.20,13.20,true,1,
7038516140357,false,ג ורדון מברשת שיניים טוטל קלין רביעייה,דנשר (1963) בעמ,,,"י""ח",1,,false,1,10.90,10.90,false,1,
7162203011016,false,שמיכת חורף דו צדדית טיטניום זוגי,דהן פרוספר בעמ,,,"י""ח",1,,false,1,89.90,89.90,false,1,
7162203027017,false,פוך חורף באבא זוגי,דהן פרוספר בעמ,,,"י""ח",1,,false,1,129.90,129.90,false,1,
7262626058459,false,טייץ פרווה,ביג מול בעמ,,,"י""ח",1,,false,1,39.90,39.90,false,1,
7262626088173,false,גרבי אנגורה 4 צבעים,ביג מול בעמ,,,"י""ח",183,ל  גרם,false,1,9.90,5.41,false,1,
7262626088302,false,טייץ גינס מהודר,ביג מול בעמ,,,"י""ח",1,,false,1,39.90,39.90,false,1,
7271730901261,false,פסטה עם גבינה 156ג,מור ים מרקטינג בעמ,,,"י""ח",156,ל  גרם,false,1,11.90,7.63,false,1,
7290000000695,false,אספרגוס,ביכורי השדה צפון 1994 ג.ד. בעמ,,,"י""ח",1,,false,1,29.90,29.90,false,1,
7290000000848,false,תירס ארוז,ביכורי השדה צפון 1994 ג.ד. בעמ,,,"ק""ג",1,,true,1,19.90,19.90,false,1,
7290000000985,false,גלאט קטיף פטרוזיליה.,ביכורי השדה צפון 1994 ג.ד. בעמ,,,"י""ח",1,,false,1,5.90,5.90,true,1,
7290000001043,false,כרוב לבן מהדרין-ברכת קטיף,ביכורי השדה צפון 1994 ג.ד. בעמ,,,"ק""ג",1,,true,1,14.90,14.90,false,1,
7290000001401,false,מנגולד גלאט שמיטה,ביכורי השדה צפון 1994 ג.ד. בעמ,,,"י""ח",1,,false,1,6.90,6.90,false,1,
7290000001579,false,סלרי עלים גלאט,ביכורי השדה צפון 1994 ג.ד. בעמ,,,"י""ח",1,,false,1,5.90,5.90,true,1,
7290000001586,false,גלאט קטיף שמיר,ביכורי השדה צפון 1994 ג.ד. בעמ,,,"י""ח",1,,false,1,6.90,6.90,true,1,
7290000001593,false,גלאט קטיף נענע,ביכורי השדה צפון 1994 ג.ד. בעמ,,,"י""ח",1,,false,1,6.90,6.90,true,1,
7290000001609,false,עלי סלק יחידה גלאט,ביכורי השדה צפון 1994 ג.ד. בעמ,,,"י""ח",1,,false,1,6.90,6.90,false,1,
7290000001616,false,כוסברה מהדרין,ביכורי השדה צפון 1994 ג.ד. בעמ,,,"י""ח",1,,false,1,5.90,5.90,true,1,
7290000023007,false,סטוק }84 ברנדי{ כש,טמפו משקאות בעמ,,,"י""ח",750,ל  גרם,false,1,70.20,9.32,true,1,
7290000023083,false,"ארק אשקלון 40% 700מ""ל",טמפו משקאות בעמ,,,"י""ח",700,"ל  מ""ל",false,1,55.90,7.94,true,1,
7290000024523,false,תירוש של סגל 1ל.,טמפו משקאות בעמ,,,"י""ח",7.50,"י""ח",false,1,15.90,2.08,true,1,
7290000034256,false,ביסקוויט הדר תירוש חצי מצופה  175ג,ח.כהן סוכנות מזון ומשקאות בע,,,"י""ח",175,ל  גרם,false,1,5.90,3.37,true,1,
7290000040042,false,יופלה תות 3%,תנובה בעמ ***,,,"י""ח",150,"ל  מ""ל",false,1,5,3.33,false,1,
7290000040080,false,יופלה אפרסק,תנובה בעמ ***,,,"י""ח",150,"ל  מ""ל",false,1,5,3.33,false,1,
7290000040301,false,קממבר 125   ג`תנובה,תנובה בעמ ***,,,"י""ח",125,ל  גרם,false,1,18.50,14.80,false,1,
7290000041445,false,~קוט ג  }5%  בדץ  תנובה{,תנובה בעמ ***,,,"י""ח",275,ל  גרם,false,1,5.50,2,false,1,
7290000041858,false,שמנת יוטבתה 200,"שטראוס גרופ ***בע""מ",,,"י""ח",200,"ל  מ""ל",false,1,2.40,1.20,true,1,
7290000041865,false,לבן 4.5%,"שטראוס גרופ ***בע""מ",,,"י""ח",200,"ל  מ""ל",false,1,2,1,true,1,
7290000042015,false,חלב שקית   מהדרין 3%  תנובה*,תנובה בעמ ***,,,"י""ח",1,ליטר,false,1,5.43,5.43,false,1,
7290000042435,false,חלב  קרטון דל שומן 1  ל תנובה 1%,תנובה בעמ ***,,,"י""ח",1,ליטר,false,1,5.86,5.86,false,1,
7290000042640,false,"חלב עמיד 250 מ""ל",תנובה בעמ ***,,,"י""ח",250,"ל  מ""ל",false,1,2.60,1.04,false,1,
7290000042855,false,שוקו יטבתה 250,"שטראוס גרופ ***בע""מ",,,"י""ח",225,"ל  מ""ל",false,1,2.90,1.29,true,1,
7290000043012,false,"שוקו עמיד קרטון 250מ""ל 2%",תנובה בעמ ***,,,"י""ח",250,"ל  מ""ל",false,1,4.70,1.88,false,1,
7290000043814,false,"שמנת עמידה  38% להקצפה 250  מ""ל*(תנובה",תנובה בעמ ***,,,"י""ח",250,"ל  מ""ל",false,1,6.47,2.59,false,1,
7290000043890,false,ריויון 1 ליטר קרטון 1.5% שומן,תנובה בעמ ***,,,"י""ח",1.0350,ליטר,false,1,11.50,11.11,false,1,
7290000043944,false,יוגורט  בכד 1.5 ליטר 4.5%,תנובה בעמ ***,,,"י""ח",1.50,ליטר,false,1,16.50,11,false,1,
7290000044712,false,".פרילי  תות 500 מ""ל.",תנובה בעמ ***,,,"י""ח",500,"ל  מ""ל",false,1,10.70,2.14,false,1,
7290000044880,false,באדי תות אננס,תנובה בעמ ***,,,"י""ח",500,"ל  מ""ל",false,1,8.80,1.76,false,1,
7290000045580,false,נעמה 240גר,תנובה בעמ ***,,,"י""ח",240,ל  גרם,false,1,18.10,7.54,false,1,
7290000045917,false,גבינת  עיזים(פרומעז) גליל 200גר,תנובה בעמ ***,,,"י""ח",1,,false,1,26.30,26.30,false,1,
7290000046020,false,"גלבוע  22% שקילה}גבנ""צ{*.",תנובה בעמ ***,,,"ק""ג",1000,ל  גרם,true,1,42.58,4.26,false,1,
7290000046327,false,גלבוע  פרוס]תנובה[ 200ג,תנובה בעמ ***,,,"י""ח",200,ל  גרם,false,1,13,6.50,false,1,
7290000046563,false,פרמזן  חריץ תנובה שקיל,תנובה בעמ ***,,,"ק""ג",1000,ל  גרם,true,1,113,11.30,false,1,
7290000047546,false,כנען 500 ג,תנובה בעמ ***,,,"י""ח",500,ל  גרם,false,1,23.70,4.74,false,1,
7290000047621,false,גבינה לבנה 5% תנובה  250  גרם*,תנובה בעמ ***,,,"י""ח",250,ל  גרם,false,1,4.70,1.88,false,1,
7290000048185,false,גבינה%5  תנובה 250גרם*,תנובה בעמ ***,,,"י""ח",250,ל  גרם,false,1,4.98,1.99,false,1,
7290000048192,false,גבינה 9%  250 גרם,תנובה בעמ ***,,,"י""ח",250,ל  גרם,false,1,4.80,1.92,false,1,
7290000048413,false,חמד פיראוס 16% 250גר,תנובה בעמ ***,,,"י""ח",250,ל  גרם,false,1,18.90,7.56,false,1,
7290000048437,false,צפתית  פיראוס 200  ג%`5,תנובה בעמ ***,,,"י""ח",200,ל  גרם,false,1,14.90,7.45,false,1,
7290000056951,false,"שמנת לבישול 500 תנובה מ""ל",תנובה בעמ ***,,,"י""ח",500,"ל  מ""ל",false,1,16.20,3.24,false,1,
7290000060071,false,חטיפי פריכונים מאורז מלא.,קבוצת אוסם סחר-שות.מוגבלת,,,"י""ח",1,,false,1,8.30,8.30,false,1,
7290000060088,false,בייגלה מקלות מלוחים 400גרם,קבוצת אוסם סחר-שות.מוגבלת,,,"י""ח",400,ל  גרם,false,1,10.90,2.73,false,1,
7290000060156,false,אטריות ביצים דקות 200 גרם,קבוצת אוסם סחר-שות.מוגבלת,,,"י""ח",200,ל  גרם,false,1,7.90,3.95,true,1,
7290000060163,false,אטריות דקות 400 גרם אוסם.,קבוצת אוסם סחר-שות.מוגבלת,,,"י""ח",400,ל  גרם,false,1,7.90,1.98,true,1,
7290000060200,false,פתיתים אפויים 500 גרם אסם,קבוצת אוסם סחר-שות.מוגבלת,,,"י""ח",500,ל  גרם,false,1,6.90,1.38,true,1,
7290000060217,false,מקרוני פרומנטי,קבוצת אוסם סחר-שות.מוגבלת,,,"י""ח",500,ל  גרם,false,1,5.90,1.18,true,1,
7290000060248,false,פרומנטי פתיתים,קבוצת אוסם סחר-שות.מוגבלת,,,"י""ח",500,ל  גרם,false,1,5.90,1.18,true,1,
7290000060408,false,טבעות פתיתים 500 גרם,קבוצת אוסם סחר-שות.מוגבלת,,,"י""ח",500,ל  גרם,false,1,6.90,1.38,true,1,
7290000060415,false,לזניה לה 500  ג` פרפקטו אוסם,קבוצת אוסם סחר-שות.מוגבלת,,,"י""ח",500,ל  גרם,false,1,15.90,3.18,false,1,
7290000060576,false,פתיתים אפויים כוכבים 500,קבוצת אוסם סחר-שות.מוגבלת,,,"י""ח",500,"ל  מ""ל",false,1,6.90,1.38,true,1,
7290000060828,false,פרומנטי  קרניים אוסם,קבוצת אוסם סחר-שות.מוגבלת,,,"י""ח",500,ל  גרם,false,1,5.90,1.18,true,1,
7290000060842,false,פרומנטי פת.צדפות,קבוצת אוסם סחר-שות.מוגבלת,,,"י""ח",500,ל  גרם,false,1,5.90,1.18,true,1,
7290000060880,false,~פרומנטי ספגטי אוסם,קבוצת אוסם סחר-שות.מוגבלת,,,"י""ח",500,ל  גרם,false,1,5.90,1.18,true,1,
7290000060958,false,איטריות בינוניות אוסם,קבוצת אוסם סחר-שות.מוגבלת,,,"י""ח",400,ל  גרם,false,1,7.90,1.98,true,1,
7290000060965,false,איטריות רחבות אוסם,קבוצת אוסם סחר-שות.מוגבלת,,,"י""ח",400,ל  גרם,false,1,7.90,1.98,true,1,
7290000061061,false,קרם קרקר טעם בצל,קבוצת אוסם סחר-שות.מוגבלת,,,"י""ח",250,ל  גרם,false,1,10.90,4.36,true,1,
7290000061085,false,רוטב צ ילי מתוק אוסם,קבוצת אוסם סחר-שות.מוגבלת,,,"י""ח",290,"ל  מ""ל",false,1,11.90,4.10,true,1,
7290000061108,false,רוטב טריאקי,קבוצת אוסם סחר-שות.מוגבלת,,,"י""ח",290,"ל  מ""ל",false,1,11.90,4.10,true,1,
7290000061764,false,קפה  רד מאג 200גר`,קבוצת אוסם סחר-שות.מוגבלת,,,"י""ח",200,ל  גרם,false,1,21.40,10.70,false,1,
7290000062952,false,מיני קרוטונים למרק ולסלט אוסם,קבוצת אוסם סחר-שות.מוגבלת,,,"י""ח",250,ל  גרם,false,1,15.90,6.36,false,1,
7290000063102,false,קמח תופח 350גרם,קבוצת אוסם סחר-שות.מוגבלת,,,"י""ח",350,ל  גרם,false,1,5,1.43,false,1,
7290000063133,false,שקדי מרק  100 ג אוסם,קבוצת אוסם סחר-שות.מוגבלת,,,"י""ח",100,ל  גרם,false,1,5.90,5.90,false,1,
7290000063140,false,שקדי מרק 400  ג{אסם},קבוצת אוסם סחר-שות.מוגבלת,,,"י""ח",400,ל  גרם,false,1,10.90,2.73,true,1,
7290000063157,false,"קמח עוגה תופח 1 ק""ג",קבוצת אוסם סחר-שות.מוגבלת,,,"י""ח",1,"ק""ג",false,1,9.90,9.90,true,1,
7290000064758,false,קוסקוס 350 גרם אוסם,קבוצת אוסם סחר-שות.מוגבלת,,,"י""ח",350,ל  גרם,false,1,8.90,2.54,false,1,
7290000064871,false,מנה חמה פירה עם בצל,קבוצת אוסם סחר-שות.מוגבלת,,,"י""ח",87,ל  גרם,false,1,6.90,7.93,true,1,
7290000065090,false,מיני קרוטונים למרק וסלט אוסם,קבוצת אוסם סחר-שות.מוגבלת,,,"י""ח",400,ל  גרם,false,1,22.80,5.70,false,1,
7290000065557,false,מנה חמה-קוסקוס,קבוצת אוסם סחר-שות.מוגבלת,,,"י""ח",50,ל  גרם,false,1,6.90,13.80,true,1,
7290000066141,false,ביסלי  גריל}קטן{,קבוצת אוסם סחר-שות.מוגבלת,,,"י""ח",70,ל  גרם,false,1,3.90,5.57,true,1,
7290000066196,false,ביסלי  גדול גריל,קבוצת אוסם סחר-שות.מוגבלת,,,"י""ח",200,ל  גרם,false,1,8.90,4.45,true,1,
7290000066226,false,ביסלי פיצה}גדול{,קבוצת אוסם סחר-שות.מוגבלת,,,"י""ח",200,ל  גרם,false,1,8.90,4.45,true,1,
7290000066264,false,דובונים 40 גרם,קבוצת אוסם סחר-שות.מוגבלת,,,"י""ח",40,ל  גרם,false,1,5,12.50,true,1,
7290000066295,false,במבה תות 25 גרם,קבוצת אוסם סחר-שות.מוגבלת,,,"י""ח",30,ל  גרם,false,1,3.10,10.33,false,1,
7290000066318,false,במבה אסם{,קבוצת אוסם סחר-שות.מוגבלת,,,"י""ח",80,ל  גרם,false,1,4.30,5.38,true,1,
7290000066332,false,אפרופו 50 גרם,קבוצת אוסם סחר-שות.מוגבלת,,,"י""ח",50,ל  גרם,false,1,5,10,true,1,
7290000066349,false,אפרופו חטיף גדול,קבוצת אוסם סחר-שות.מוגבלת,,,"י""ח",100,ל  גרם,false,1,8.90,8.90,true,1,
7290000066431,false,פופקו חמאה ודבש,קבוצת אוסם סחר-שות.מוגבלת,,,"י""ח",80,ל  גרם,false,1,5.50,6.88,true,1,
7290000067544,false,פירורית זהב 200 ג,קבוצת אוסם סחר-שות.מוגבלת,,,"י""ח",200,ל  גרם,false,1,6.90,3.45,true,1,
7290000067599,false,מנה חמה ספגטי בולונז,קבוצת אוסם סחר-שות.מוגבלת,,,"י""ח",55,ל  גרם,false,1,6.90,12.55,true,1,
7290000068138,false,פודינג  וניל 80 ג אסם,קבוצת אוסם סחר-שות.מוגבלת,,,"י""ח",80,ל  גרם,false,1,5.90,7.38,true,1,
7290000068190,false,ג לי בטעם  תות אסם,קבוצת אוסם סחר-שות.מוגבלת,,,"י""ח",85,ל  גרם,false,1,6.90,8.12,false,1,
7290000068343,false,פריכונים מאורז מלא,קבוצת אוסם סחר-שות.מוגבלת,,,"י""ח",140,ל  גרם,false,1,7.90,5.64,false,1,
7290000068701,false,שקדי מרק  אוסם במיכל,קבוצת אוסם סחר-שות.מוגבלת,,,"י""ח",400,ל  גרם,false,1,17.30,4.33,false,1,
7290000068770,false,במבה יום הולדת 80 גרם,קבוצת אוסם סחר-שות.מוגבלת,,,"י""ח",80,ל  גרם,false,1,4.30,5.38,true,1,
7290000069258,false,פרפקטו פנה ריגאט,קבוצת אוסם סחר-שות.מוגבלת,,,"י""ח",500,ל  גרם,false,1,8.70,1.74,false,1,
7290000069364,false,~פריכונים מאורז מלא 140 ג`,קבוצת אוסם סחר-שות.מוגבלת,,,"י""ח",140,ל  גרם,false,1,7.70,5.50,false,1,
7290000070308,false,מרק עוף 400 ג  אמיתי אסם,קבוצת אוסם סחר-שות.מוגבלת,,,"י""ח",400,ל  גרם,false,1,17.90,4.48,false,1,
7290000070322,false,מרק פטריות 400 גרם,קבוצת אוסם סחר-שות.מוגבלת,,,"י""ח",400,ל  גרם,false,1,24.90,6.23,false,1,
7290000070353,false,מרק בצל 400 גרם,קבוצת אוסם סחר-שות.מוגבלת,,,"י""ח",400,ל  גרם,false,1,24.90,6.23,false,1,
7290000072227,false,רוטב סויה בסגנון אסם,קבוצת אוסם סחר-שות.מוגבלת,,,"י""ח",290,"ל  מ""ל",false,1,11.90,4.10,true,1,
7290000072241,false,רוטב פיצה בקבוק,קבוצת אוסם סחר-שות.מוגבלת,,,"י""ח",290,"ל  מ""ל",false,1,11.90,4.10,true,1,
7290000072623,false,קטשופ אסם 750 גרם,קבוצת אוסם סחר-שות.מוגבלת,,,"י""ח",750,ל  גרם,false,1,10.90,1.45,true,1,
7290000072753,false,~קפה נמס טסטר צוייס 200 ג`,קבוצת אוסם סחר-שות.מוגבלת,,,"י""ח",200,ל  גרם,false,1,29.90,14.95,true,1,
7290000072777,false,קפה נמס טסטר צוייס ללא קפאין,קבוצת אוסם סחר-שות.מוגבלת,,,"י""ח",200,ל  גרם,false,1,35.90,17.95,false,1,
7290000072968,false,סיני מיניס 500גרם,קבוצת אוסם סחר-שות.מוגבלת,,,"י""ח",375,ל  גרם,false,1,19.90,5.31,true,1,
7290000073125,false,מנה חמה איטריות,קבוצת אוסם סחר-שות.מוגבלת,,,"י""ח",55,ל  גרם,false,1,6.90,12.55,true,1,
7290000073750,false,מנה חמה נודלס בטעם עוף,קבוצת אוסם סחר-שות.מוגבלת,,,"י""ח",76,ל  גרם,false,1,6.90,9.08,true,1,
7290000073767,false,מנה חמה נודלס בקר,קבוצת אוסם סחר-שות.מוגבלת,,,"י""ח",76,ל  גרם,false,1,6.90,9.08,true,1,
7290000073774,false,מנה חמה אטריות ורוטב צ יל,קבוצת אוסם סחר-שות.מוגבלת,,,"י""ח",76,ל  גרם,false,1,6.90,9.08,true,1,
7290000074153,false,פתיבר שוקו 500 אוסם,קבוצת אוסם סחר-שות.מוגבלת,,,"י""ח",500,ל  גרם,false,1,13.90,2.78,true,1,
7290000074184,false,פתי בר אוסם 500 ג`,קבוצת אוסם סחר-שות.מוגבלת,,,"י""ח",500,ל  גרם,false,1,11.90,2.38,true,1,
7290000074245,false,קרקר 250 ג  מלוח,קבוצת אוסם סחר-שות.מוגבלת,,,"י""ח",250,ל  גרם,false,1,9.90,3.96,true,1,
7290000074252,false,קרקר שומשום 250,קבוצת אוסם סחר-שות.מוגבלת,,,"י""ח",250,ל  גרם,false,1,9.60,3.84,true,1,
7290000074276,false,קרקר טבעון250 גר פיקנ,קבוצת אוסם סחר-שות.מוגבלת,,,"י""ח",250,ל  גרם,false,1,10.90,4.36,true,1,
7290000074696,false,".קרם קרקר 1 ק""ג",קבוצת אוסם סחר-שות.מוגבלת,,,"י""ח",1,"ק""ג",false,1,27.90,27.90,true,1,
7290000074764,false,קרקר זהב 900 גרם,קבוצת אוסם סחר-שות.מוגבלת,,,"י""ח",900,ל  גרם,false,1,27.90,3.10,true,1,
7290000075204,false,לחמית 250 גרם,קבוצת אוסם סחר-שות.מוגבלת,,,"י""ח",250,ל  גרם,false,1,9.90,3.96,true,1,
7290000076126,false,שמיניות מלוח פאוור אישי 80גר,קבוצת אוסם סחר-שות.מוגבלת,,,"י""ח",80,ל  גרם,false,1,3.10,3.88,false,1,
7290000076133,false,בייגלה  שמיניה]אסם[400גרם,קבוצת אוסם סחר-שות.מוגבלת,,,"י""ח",400,ל  גרם,false,1,10.70,2.68,false,1,
7290000078212,false,קרוטונים מתובלים אוסם,קבוצת אוסם סחר-שות.מוגבלת,,,"י""ח",250,ל  גרם,false,1,15.90,6.36,false,1,
7290000079233,false,קרם קרקר דל נתרן,קבוצת אוסם סחר-שות.מוגבלת,,,"י""ח",250,ל  גרם,false,1,10.90,4.36,true,1,
7290000080758,false,טוסטעים פת קלויה,קבוצת אוסם סחר-שות.מוגבלת,,,"י""ח",100,ל  גרם,false,1,10.70,10.70,false,1,
7290000081663,false,בייגלה טבעות עם שומשום 300גר,קבוצת אוסם סחר-שות.מוגבלת,,,"י""ח",300,ל  גרם,false,1,10.70,3.57,false,1,
7290000100272,false,"כרובית 600ג  בד""צ סנפרוסט",תנובה בשר,,,"י""ח",600,ל  גרם,false,1,29.90,4.98,true,1,
7290000104201,false,אפונה   עדינה(סנפרוסט )600ג`,תנובה בשר,,,"י""ח",600,ל  גרם,false,1,16.90,2.82,true,1,
7290000104218,false,במיה 600  ג}סנפרוסט{,תנובה בשר,,,"י""ח",800,ל  גרם,false,1,15.90,1.99,true,1,
7290000104225,false,בצל קצוץ,תנובה בשר,,,"י""ח",800,ל  גרם,false,1,17,2.13,true,1,
7290000104676,false,#אפונה גינה סנפרוסט 800ג`.,תנובה בשר,,,"י""ח",800,ל  גרם,false,1,14.90,1.86,true,1,
7290000104683,false,שעועית שלמה 800 גרם סנפרוסט,תנובה בשר,,,"י""ח",800,ל  גרם,false,1,19.90,2.49,true,1,
7290000104690,false,תירס סנפרוסט 800 ג`,תנובה בשר,,,"י""ח",800,ל  גרם,false,1,17.90,2.24,true,1,
7290000104706,false,גזר גמדי 800 גרם,תנובה בשר,,,"י""ח",800,ל  גרם,false,1,16.90,2.11,true,1,
7290000104713,false,פול ירוק  800 גרם סנפרוסט,תנובה בשר,,,"י""ח",800,ל  גרם,false,1,22.90,2.86,true,1,
7290000104720,false,~שעועית חתוכה ירוקה 800 ג`,תנובה בשר,,,"י""ח",800,ל  גרם,false,1,17.90,2.24,true,1,
7290000104737,false,שעועית צהובה חתוכה 800 ג`,תנובה בשר,,,"י""ח",800,ל  גרם,false,1,17.90,2.24,true,1,
7290000104744,false,כרובית 800 גרם}סנפרוסט{,תנובה בשר,,,"י""ח",800,ל  גרם,false,1,23.90,2.99,true,1,
7290000104775,false,תרד מדליון 800 גרם,תנובה בשר,,,"י""ח",800,ל  גרם,false,1,23.90,2.99,true,1,
7290000104799,false,שעועית   לבנה}סנפרוסט 800 גרם,תנובה בשר,,,"י""ח",1,"ק""ג",false,1,18.90,18.90,true,1,
7290000104805,false,גרגירי   חומוס(סנפרוסט{800גר,תנובה בשר,,,"י""ח",800,ל  גרם,false,1,18.90,2.36,true,1,
7290000104836,false,שעועית עדינה שלמה 600 ג סנפרוסט,תנובה בשר,,,"י""ח",600,ל  גרם,false,1,23.90,3.98,true,1,
7290000104874,false,לקט לקוסקוס}סנפרוסט{,תנובה בשר,,,"י""ח",800,ל  גרם,false,1,21.90,2.74,true,1,
7290000104881,false,אפונה  וגזר}סנפרוסט {800ג`,תנובה בשר,,,"י""ח",800,ל  גרם,false,1,14.90,1.86,true,1,
7290000104911,false,לקט נורמנדי 800 גסנפרוסט,תנובה בשר,,,"י""ח",800,ל  גרם,false,1,21.90,2.74,true,1,
7290000106526,false,לקט חגיגה ירוקה להקפצה 800 גרם סנפרוסט,תנובה בשר,,,"י""ח",800,ל  גרם,false,1,22.90,2.86,true,1,
7290000107165,false,מנצ ו חטיף סויה 400 ג` סנפרוסט,תנובה בשר,,,"י""ח",400,ל  גרם,false,1,13.90,3.48,true,1,
7290000107189,false,ארטישוק   תחתיות}סנפרוסט{400גר,תנובה בשר,,,"י""ח",400,ל  גרם,false,1,20.90,5.23,true,1,
7290000107295,false,ברוקולי (800 סנפרוסט),תנובה בשר,,,"י""ח",800,ל  גרם,false,1,24.90,3.11,true,1,
7290000110844,false,"כיפלי גריל בד""ץ 70 גרם",יוניליוור ישראל שיווק בעמ,,,"י""ח",70,ל  גרם,false,1,5.90,8.43,false,1,
7290000111063,false,מיונז תלמה 250גרם,יוניליוור ישראל שיווק בעמ,,,"י""ח",250,ל  גרם,false,1,6.80,2.72,false,1,
7290000111117,false,בדין לבן 4 ליטר,יוניליוור ישראל שיווק בעמ,,,"י""ח",4,ליטר,false,1,19.90,4.98,false,1,
7290000111186,false,מיונז 500 תלמה,יוניליוור ישראל שיווק בעמ,,,"י""ח",500,ל  גרם,false,1,9.90,1.98,false,1,
7290000111353,false,"מיונז 1 ק""ג תלמה",יוניליוור ישראל שיווק בעמ,,,"י""ח",1,"ק""ג",false,1,16.90,16.90,false,1,
7290000111360,false,חרדל 250 גרם תלמה,יוניליוור ישראל שיווק בעמ,,,"י""ח",250,ל  גרם,false,1,5.90,2.36,false,1,
7290000112220,false,טחינה גולמית בארכה 500גרם,קבוצת אוסם סחר-שות.מוגבלת,,,"י""ח",500,ל  גרם,false,1,13.90,2.78,false,1,
7290000112503,false,קנור ירקות עשיר61גרם,יוניליוור ישראל שיווק בעמ,,,"י""ח",61,ל  גרם,false,1,9.90,16.23,true,1,
7290000112619,false,מרק עוף   אמיתי{קנור}400גר.,יוניליוור ישראל שיווק בעמ,,,"י""ח",400,ל  גרם,false,1,17.90,4.48,true,1,
7290000116204,false,"מרק דגש 1 ק""ג",יוניליוור ישראל שיווק בעמ,,,"י""ח",1,מטר,false,1,15.90,15.90,true,1,
7290000116921,false,רוטב צ ילי מתוק 340גרם קנור,יוניליוור ישראל שיווק בעמ,,,"י""ח",340,"ל  מ""ל",false,1,10.90,3.21,true,1,
7290000117171,false,טעם עוף  דלקל 48גרם,יוניליוור ישראל שיווק בעמ,,,"י""ח",48,ל  גרם,false,1,6.70,13.96,false,1,
7290000117720,false,פטריות נמס 43 גרם,יוניליוור ישראל שיווק בעמ,,,"י""ח",43,ל  גרם,false,1,6.90,16.05,true,1,
7290000118277,false,קניידלך 65גרם*2יח,יוניליוור ישראל שיווק בעמ,,,"י""ח",130,ל  גרם,false,1,9.90,7.62,false,1,
7290000120836,false,מיונז הלמנס 394גרם,יוניליוור ישראל שיווק בעמ,,,"י""ח",394,ל  גרם,false,1,12.90,3.27,false,1,
7290000121093,false,גבינה מון בלאן,נטו מלינדה סחר בעמ,,,"י""ח",120,ל  גרם,false,1,8.90,7.42,false,1,
7290000121154,false,ג מבון בלאן סלמו,נטו מלינדה סחר בעמ,,,"י""ח",120,ל  גרם,false,1,8.90,7.42,false,1,
7290000123363,false,צמקאו י-ם 500 גרם,יוניליוור ישראל שיווק בעמ,,,"י""ח",500,ל  גרם,false,1,10.90,2.18,false,1,
7290000124841,false,מארז שוקולד חלב 100*3,יוניליוור ישראל שיווק בעמ,,,"י""ח",300,ל  גרם,false,1,13.90,4.63,true,1,
7290000133645,false,אורביטול שלישיה סודה,החב הדרומית לשיווק,,,"י""ח",435,ל  גרם,false,1,16.50,3.79,false,1,
7290000135045,false,"משקה אנרגיה XL TEN תפוח 250מ""ל",טמפו משקאות בעמ,,,"י""ח",250,"ל  מ""ל",false,1,4,1.48,true,1,
7290000135113,false,"משקה אנרגיה XL נענע ליים 250מ""ל 2019",טמפו משקאות בעמ,,,"י""ח",250,"ל  מ""ל",false,1,3.90,1.44,true,1,
7290000135175,false,"פפסי מקס ליים  פחיות 330מ""ל דל ק",טמפו משקאות בעמ,,,"י""ח",330,"ל  מ""ל",false,1,3.90,1.09,true,1,
7290000135663,false,"פפסי מקס דובדבן שישייה פחיות 330מ""ל",טמפו משקאות בעמ,,,"י""ח",1.98,ליטר,false,1,19.90,9.14,false,1,
7290000136585,false,ג אמפ אשכוליות 1.5 ליטר,טמפו משקאות בעמ,,,"י""ח",1.50,ליטר,false,1,7.50,4.80,true,1,
7290000136646,false,נשר מאלט 1.5 ליטר,טמפו משקאות בעמ,,,"י""ח",1.50,ליטר,false,1,9.10,5.87,true,1,
7290000136653,false,נשר מאלט דיאט 1.5 ליטר,טמפו משקאות בעמ,,,"י""ח",1.50,ליטר,false,1,8.90,5.73,true,1,
7290000136844,false,אקווה נובה 2 ליטר שישייה.,טמפו משקאות בעמ,,,"י""ח",12,ליטר,false,1,11.90,0.84,false,1,
7290000137643,false,טעמקור משפחתי שטראוס,גלידות שטראוס בעמ,,,"י""ח",1,,false,1,34.90,34.90,false,1,
7290000143187,false,שמפו+קונדישינר   לגבר,הנקל סוד בעמ,,,"י""ח",700,"ל  מ""ל",false,1,10.90,1.56,false,1,
7290000143194,false,הוואי שמפו+מרכך,הנקל סוד בעמ,,,"י""ח",700,"ל  מ""ל",false,1,10.90,1.56,false,1,
7290000143200,false,מרכך לשיער יבש הוואי,הנקל סוד בעמ,,,"י""ח",700,"ל  מ""ל",false,1,10.90,1.56,false,1,
7290000143217,false,שמפו הוואי לשיער יבש,הנקל סוד בעמ,,,"י""ח",700,"ל  מ""ל",false,1,10.90,1.56,false,1,
7290000143255,false,שמפו הוואי ירוק 700,הנקל סוד בעמ,,,"י""ח",700,"ל  מ""ל",false,1,10.90,1.56,false,1,
7290000143262,false,שמפו ילדים 700 הוואי,הנקל סוד בעמ,,,"י""ח",700,"ל  מ""ל",false,1,10.90,1.56,false,1,
7290000144467,false,שמן בריאות חמניות 1 ליטר]ע .הזיית,סוגת תעשיות בעמ,,,"י""ח",1,ליטר,false,1,16.90,16.90,false,1,
7290000144474,false,שמן בריאות קנולה 1 ליטר ]ע.זיית[,סוגת תעשיות בעמ,,,"י""ח",1,ליטר,false,1,15.90,15.90,false,1,
7290000146645,false,סבון מוצק הוואי  רבעייה שחור 100,הנקל סוד בעמ,,,"י""ח",400,ל  גרם,false,1,11.90,2.98,true,1,
7290000146980,false,משחת שיניים פלאוריד,עיסא ערטול בעמ-סוכן הנקל סוד,,,"י""ח",100,ל  גרם,false,1,6.90,6.90,false,1,
7290000146997,false,טום וג רי משחת שיניים מסטיק,הנקל סוד בעמ,,,"י""ח",50,ל  גרם,false,1,7.90,15.80,true,1,
7290000148380,false,פיסטוק קלוי 200 ג,ליימן שליסל,,,"י""ח",200,ל  גרם,false,1,21.90,10.95,true,1,
7290000148489,false,גרעיני דלעת 200 גרם,ליימן שליסל,,,"י""ח",200,ל  גרם,false,1,9.90,4.95,false,1,
7290000148748,false,גרעיני חמניות 200 גרם,ליימן שליסל,,,"י""ח",200,ל  גרם,false,1,6.40,3.20,true,1,
7290000149844,false,סינטבון חתול,החב הדרומית לשיווק,,,"י""ח",230,ל  גרם,false,1,6.90,3,false,1,
7290000149905,false,טקסטיל שמפו 1 ליטר,החב הדרומית לשיווק,,,"י""ח",1,ליטר,false,1,12.90,12.90,false,1,
7290000152288,false,נקניקיות עוף 400 (עוף טוב),קבוצת אוסם סחר-שות.מוגבלת,,,"י""ח",400,ל  גרם,false,1,10.90,2.73,true,1,
7290000174723,false,שוקולית 500 גר.,"שטראוס גרופ בע""מ",,,"י""ח",500,ל  גרם,false,1,11.80,2.36,true,1,
7290000176062,false,#קפה טורקי 100 גרם עלית.,"שטראוס גרופ בע""מ",,,"י""ח",100,ל  גרם,false,1,9.20,9.20,true,1,
7290000176413,false,קפה נמס 50 ג,"שטראוס גרופ בע""מ",,,"י""ח",50,ל  גרם,false,1,9.60,19.20,true,1,
7290000176468,false,האג נטול 50,"שטראוס גרופ בע""מ",,,"י""ח",50,ל  גרם,false,1,10.90,21.80,true,1,
7290000176475,false,קפה נמס האג,"שטראוס גרופ בע""מ",,,"י""ח",200,ל  גרם,false,1,38.90,19.45,true,1,
7290000178707,false,תפוצ יפס 50 גרם,"שטראוס פריטו ליי בע""מ",,,"י""ח",50,ל  גרם,false,1,4.50,9,true,1,
7290000178721,false,תפוצי פס 200 ג,"שטראוס פריטו ליי בע""מ",,,"י""ח",200,ל  גרם,false,1,10.90,5.45,true,1,
7290000186030,false,מגבוני האגיס רביעייה עם תחליב,קימברלי קלארק ישראל שיווק בעמ,,,"י""ח",4,"י""ח",false,1,27.90,6.98,true,1,
7290000187952,false,נייר טואלט לילי טריו 32 צבע וורוד,קימברלי קלארק ישראל שיווק בעמ,,,"י""ח",537,מטר,false,1,39.90,0.07,false,1,
7290000189536,false,אשפתון 40 יח M,קימברלי קלארק ישראל שיווק בעמ,,,"י""ח",40,"י""ח",false,1,21.90,0.55,false,1,
7290000189550,false,זוג שקיות אשפה גדול ניקול,קימברלי קלארק ישראל שיווק בעמ,,,"י""ח",1,"י""ח",false,1,23.90,23.90,true,1,
7290000190068,false,מפיות ניקול 100 יח לבן,קימברלי קלארק ישראל שיווק בעמ,,,"י""ח",100,"י""ח",false,1,7.90,0.08,false,1,
7290000190150,false,מפיות מודפסות 20 יח,קימברלי קלארק ישראל שיווק בעמ,,,"י""ח",20,"י""ח",false,1,8.90,0.45,false,1,
7290000191539,false,לילי צבעוני חמישיה,קימברלי קלארק ישראל שיווק בעמ,,,"י""ח",593,ל  גרם,false,1,17.90,3.02,false,1,
7290000191652,false,קלינקס ניילון שלישיות,קימברלי קלארק ישראל שיווק בעמ,,,"י""ח",1,,false,1,13.90,13.90,false,1,
7290000193083,false,נובה לי,קימברלי קלארק ישראל שיווק בעמ,,,"י""ח",1,"י""ח",false,1,9.90,9.90,false,1,
7290000193205,false,לילי נטורל לילה,קימברלי קלארק ישראל שיווק בעמ,,,"י""ח",1,"י""ח",false,1,16.90,16.90,false,1,
7290000193472,false,פדיות לילי אינט אורירי,קימברלי קלארק ישראל שיווק בעמ,,,"י""ח",1,"י""ח",false,1,16.90,16.90,false,1,
7290000193540,false,לילי אינטימייט לונג,קימברלי קלארק ישראל שיווק בעמ,,,"י""ח",1,"י""ח",false,1,16.90,16.90,false,1,
7290000193649,false,תח  לילי אינטימט,קימברלי קלארק ישראל שיווק בעמ,,,"י""ח",1,"י""ח",false,1,16.90,16.90,false,1,
7290000193656,false,תחתוניות לילי,קימברלי קלארק ישראל שיווק בעמ,,,"י""ח",100,ל  גרם,false,1,16.90,16.90,false,1,
7290000195537,false,מגבוני האגיס קמומיל 4 יח,קימברלי קלארק ישראל שיווק בעמ,,,"י""ח",4,"י""ח",false,1,19.90,4.98,true,1,
7290000195773,false,האגיס נטורל אלוורה+קמומיל,קימברלי קלארק ישראל שיווק בעמ,,,"י""ח",1,,false,1,19.90,19.90,true,1,
7290000197326,false,רדיד אלומיניום ניקול זוגות 7.5*2קצר,קימברלי קלארק ישראל שיווק בעמ,,,"י""ח",200,ל  גרם,false,1,10.90,5.45,false,1,
7290000197340,false,רדיד אלומיניום  זוג  ניקול,קימברלי קלארק ישראל שיווק בעמ,,,"י""ח",1,"י""ח",false,1,21.90,21.90,false,1,
7290000197432,false,סנדויצ ון זוג חוגלה,קימברלי קלארק ישראל שיווק בעמ,,,"י""ח",2,"י""ח",false,1,12.90,6.45,false,1,
7290000197470,false,מקפיאון שקיות 100*3,קימברלי קלארק ישראל שיווק בעמ,,,"י""ח",200,"י""ח",false,1,17.90,0.09,false,1,
7290000197753,false,ניילון נצמד נילונית 30  מ`זוג,קימברלי קלארק ישראל שיווק בעמ,,,"י""ח",1,"י""ח",false,1,11.90,11.90,false,1,
7290000197883,false,מגשית 100,קימברלי קלארק ישראל שיווק בעמ,,,"י""ח",1,"י""ח",false,1,11.90,11.90,false,1,
7290000197951,false,מגשית 200 אר  חסכון,קימברלי קלארק ישראל שיווק בעמ,,,"י""ח",1,,false,1,11.90,11.90,false,1,
7290000199313,false,תחבושות קוטקס יאנג,קימברלי קלארק ישראל שיווק בעמ,,,"י""ח",1,"י""ח",false,1,16.90,16.90,true,1,
7290000204215,false,כרית יפנית שישייה ניקול,קימברלי קלארק ישראל שיווק בעמ,,,"י""ח",600,ל  גרם,false,1,10.90,1.82,false,1,
7290000204239,false,מטליות ריצפה ניקול רביעיה,קימברלי קלארק ישראל שיווק בעמ,,,"י""ח",4,"י""ח",false,1,10.90,2.73,false,1,
7290000204253,false,מטליות רב שימושי תשעייה,קימברלי קלארק ישראל שיווק בעמ,,,"י""ח",9,"י""ח",false,1,10.90,1.21,false,1,
7290000204611,false,ניקול ספוגית הקסם שישיה,קימברלי קלארק ישראל שיווק בעמ,,,"י""ח",6,"י""ח",false,1,10.90,1.82,false,1,
7290000207063,false,רוטב פריכוז }240 יכין{.,זנלכל בעמ,,,"י""ח",240,ל  גרם,false,1,4.90,2.04,false,1,
7290000207162,false,רוטב עגבניות 100 גר]יכין[.,זנלכל בעמ,,,"י""ח",100,ל  גרם,false,1,2.50,2.50,true,1,
7290000208022,false,"עגבניות מרוסקות 800 בד""צ",זנלכל בעמ,,,"י""ח",800,ל  גרם,false,1,9.90,1.24,false,1,
7290000208077,false,אפונת   גינה{גדול}יכין,זנלכל בעמ,,,"י""ח",550,ל  גרם,false,1,8.90,1.62,true,1,
7290000208114,false,אפונת גינה וגזר יכין,זנלכל בעמ,,,"י""ח",550,ל  גרם,false,1,8.90,1.62,true,1,
7290000208138,false,סירופ דיאט ענבים 1 ליטר,זנלכל בעמ,,,"י""ח",1,ליטר,false,1,18.90,18.90,false,1,
7290000208213,false,שעועית אפויה A2,זנלכל בעמ,,,"י""ח",580,ל  גרם,false,1,8.90,1.53,true,1,
7290000208220,false,צ ילי חריף A2,זנלכל בעמ,,,"י""ח",550,ל  גרם,false,1,9.90,1.80,false,1,
7290000208244,false,רוטב שקשוקה יכין,זנלכל בעמ,,,"י""ח",570,ל  גרם,false,1,9.90,1.74,true,1,
7290000208312,false,תירס ואקום יכין,זנלכל בעמ,,,"י""ח",325,ל  גרם,false,1,7.90,2.43,true,1,
7290000208329,false,תירס A2 יכין,זנלכל בעמ,,,"י""ח",550,ל  גרם,false,1,8.90,1.62,true,1,
7290000208336,false,רוטב עגבניות 240 גרם יכין,זנלכל בעמ,,,"י""ח",240,ל  גרם,false,1,4.50,1.88,true,1,
7290000208367,false,עגבניות מרוסקות בזיליקום 800,זנלכל בעמ,,,"י""ח",800,ל  גרם,false,1,9.90,1.24,false,1,
7290000208428,false,~חומוס גרעינים A2 יכין,זנלכל בעמ,,,"י""ח",550,ל  גרם,false,1,8.90,1.62,true,1,
7290000208534,false,תירס קיד יכין,זנלכל בעמ,,,"י""ח",550,ל  גרם,false,1,9.90,1.80,false,1,
7290000208855,false,רוטב פסטה 240 גרם יכין,זנלכל בעמ,,,"י""ח",240,ל  גרם,false,1,5.50,2.29,false,1,
7290000208893,false,תירס ואקום לייט יכין,זנלכל בעמ,,,"י""ח",340,ל  גרם,false,1,6.90,2.03,false,1,
7290000208947,false,עגבניות מרוסקות 240 DRO HFHI,זנלכל בעמ,,,"י""ח",240,ל  גרם,false,1,5.50,2.29,false,1,
7290000208978,false,רוטב עג  פריכוז יכין 100 ג`.,זנלכל בעמ,,,"י""ח",100,ל  גרם,false,1,2.90,2.90,false,1,
7290000209043,false,רוטב לימון משומר]יכין[,זנלכל בעמ,,,"י""ח",1,ליטר,false,1,6.90,6.90,true,1,
7290000209173,false,חומץ סינטטי 1 ל,זנלכל בעמ,,,"י""ח",1,ליטר,false,1,5.50,5.50,false,1,
7290000209524,false,סירופ דיאט פטל 1 ליטר,זנלכל בעמ,,,"י""ח",1,ליטר,false,1,18.90,18.90,false,1,
7290000209555,false,סירופ דיאט תפוח עץ 1 ליטר,זנלכל בעמ,,,"י""ח",1,ליטר,false,1,18.90,18.90,false,1,
7290000209579,false,סירופ דיאט אננס 1 ליטר,זנלכל בעמ,,,"י""ח",1,ליטר,false,1,18.90,18.90,false,1,
7290000209708,false,עגבניות בתוספת בזיליקום 240ג,זנלכל בעמ,,,"י""ח",240,ל  גרם,false,1,5.50,2.29,false,1,
7290000209722,false,רוטב עגבניות  פריכוז יכין A2,זנלכל בעמ,,,"י""ח",580,ל  גרם,false,1,10.90,1.88,true,1,
7290000209913,false,עגב  קוביות 240גר,זנלכל בעמ,,,"י""ח",240,ל  גרם,false,1,5.50,2.29,false,1,
7290000209944,false,בסיס עגבניות לשקשוקה 240 גרם יכין,זנלכל בעמ,,,"י""ח",240,ל  גרם,false,1,5.50,2.29,false,1,
7290000209951,false,רוטב פיצה 240גר,זנלכל בעמ,,,"י""ח",240,"ל  מ""ל",false,1,5.50,2.29,false,1,
7290000211169,false,"אורז בסגנון תאילנדי סוגת 1 ק""ג",סוגת תעשיות בעמ,,,"י""ח",1,"ק""ג",false,1,7.90,7.90,false,1,
7290000211312,false,אורז מלא בסגנון פרסי,סוגת תעשיות בעמ,,,"י""ח",1,"ק""ג",false,1,7.90,7.90,false,1,
7290000211442,false,"~אורז בסגנון פרסי 1 ק""ג]סוגת[",סוגת תעשיות בעמ,,,"י""ח",1,"ק""ג",false,1,10.90,10.90,false,1,
7290000211503,false,סוכר  לבן}סוגת{.,סוגת תעשיות בעמ,,,"י""ח",1,"ק""ג",false,1,4.30,4.30,false,1,
7290000211626,false,"חיש אורז 1 ק""ג",סוגת תעשיות בעמ,,,"י""ח",1,"ק""ג",false,1,7.90,7.90,false,1,
7290000211985,false,אורז בסגנון פרסי עגול]סוגת[,סוגת תעשיות בעמ,,,"י""ח",1,"ק""ג",false,1,9.90,9.90,false,1,
7290000226545,false,"טורט יער שחור קפולסקי 1ק""ג",קפולסקי אדל בעמ,,,"י""ח",1,"ק""ג",false,1,69.90,69.90,false,1,
7290000238029,false,בצק עלים  צרפתי מעדנות 1 קג מרודד,תנובה בשר,,,"י""ח",1,"ק""ג",false,1,21.90,21.90,false,1,
7290000238036,false,מלאווח 700  גרם}מעדנות{,תנובה בשר,,,"י""ח",700,ל  גרם,false,1,17.90,2.56,true,1,
7290000238173,false,בורקס גבינה מעדנות 800 ג`,תנובה בשר,,,"י""ח",800,ל  גרם,false,1,21.90,2.74,true,1,
7290000238180,false,"בורקס מעדנות תפו""א",תנובה בשר,,,"י""ח",800,ל  גרם,false,1,17.90,2.24,true,1,
7290000244051,false,"הוואי  אל סבון  נוזלי טרופי 3*500 מ""ל",הנקל סוד בעמ,,,"י""ח",1.50,ליטר,false,1,17.90,11.93,true,1,
7290000245089,false,מרכך כביסה סוד 4 ליטר,גורי שיווק בעמ,,,"י""ח",4,ליטר,false,1,16.90,4.23,false,1,
7290000245157,false,מרכך כביסה סוד 4 ל,גורי שיווק בעמ,,,"י""ח",4,ליטר,false,1,16.90,4.23,false,1,
7290000245294,false,"פרסיל אבקת כביסה סופרא 2.5ק""ג",גורי שיווק בעמ,,,"י""ח",2.50,"ק""ג",false,1,24.90,9.96,false,1,
7290000245782,false,מרכך כביסה סוד ורוד 4 ליטר,גורי שיווק בעמ,,,"י""ח",4,ליטר,false,1,16.90,4.23,false,1,
7290000245799,false,מרכך כביסה כחול 4 ליטר,גורי שיווק בעמ,,,"י""ח",4,ליטר,false,1,16.90,4.23,false,1,
7290000253220,false,שוקולד  ציפס 260גר אופניימר,תה ויסוצקי (ישראל)בעמ,,,"י""ח",260,ל  גרם,false,1,10.90,4.19,false,1,
7290000254197,false,אספרסו  זהב}קפה{,"שטראוס גרופ בע""מ",,,"י""ח",200,ל  גרם,false,1,25.20,12.60,true,1,
7290000262161,false,נייר טואלט מולט לב 40,קימברלי קלארק ישראל שיווק בעמ,,,"י""ח",716,מטר,false,1,36.90,0.05,false,1,
7290000262260,false,נייר טואלט SCOTT 32 יח,שונות /שרות,,,"י""ח",1904,ל  גרם,false,1,22.99,1.21,false,1,
7290000267050,false,שקד טבעי טחון 100 גרם,דין שיווק וקליה 2021 בעמ,,,"י""ח",100,ל  גרם,false,1,9.90,9.90,true,1,
7290000272696,false,מיץ לימון משומר אסם,קבוצת אוסם סחר-שות.מוגבלת,,,"י""ח",1,ליטר,false,1,9.90,9.90,false,1,
7290000272726,false,חומץ טבעי1ליטר אוסם,קבוצת אוסם סחר-שות.מוגבלת,,,"י""ח",1,ליטר,false,1,6.50,6.50,false,1,
7290000286228,false,סנו סושי ספוגיות לניקוי `כלים 6 יח,החב הדרומית לשיווק,,,"י""ח",6,"י""ח",false,1,10.90,1.82,false,1,
7290000286297,false,סנו מסיר אבן מקומקום,החב הדרומית לשיווק,,,"י""ח",700,"ל  מ""ל",false,1,10.90,1.56,false,1,
7290000286501,false,ספוג מסג,החב הדרומית לשיווק,,,"י""ח",1,,false,1,10.90,10.90,false,1,
7290000286549,false,מטליות רב שימוש סנו סושי 9 יחידות,החב הדרומית לשיווק,,,"י""ח",9,"י""ח",false,1,10.90,1.21,false,1,
7290000286761,false,פלסטיק נצמד זוג 30 מטר סנו,החב הדרומית לשיווק,,,"י""ח",1,,false,1,10.90,10.90,false,1,
7290000286921,false,סנוקל רסס כבס,החב הדרומית לשיווק,,,"י""ח",600,"ל  מ""ל",false,1,10.90,1.82,false,1,
7290000287195,false,סנו רהיט ארוסול,החב הדרומית לשיווק,,,"י""ח",305,"ל  מ""ל",false,1,13.70,4.49,false,1,
7290000287409,false,סנו בון שלישיה תות,החב הדרומית לשיווק,,,"י""ח",165,ל  גרם,false,1,11.90,7.21,false,1,
7290000287430,false,סנו בון שלישיה לימון,החב הדרומית לשיווק,,,"י""ח",165,ל  גרם,false,1,11.90,7.21,false,1,
7290000287485,false,סנובון לובר 55 גרם  `3X יח,החב הדרומית לשיווק,,,"י""ח",165,ל  גרם,false,1,11.90,7.21,false,1,
7290000287492,false,"סנובון נוזלי לימון 750 מ""ל",החב הדרומית לשיווק,,,"י""ח",750,"ל  מ""ל",false,1,8.90,1.19,false,1,
7290000287621,false,סנו חיטוי WC סנו,החב הדרומית לשיווק,,,"י""ח",750,"ל  מ""ל",false,1,9.90,1.32,true,1,
7290000288017,false,סנו ג`אוול לימון 1 ליטר,החב הדרומית לשיווק,,,"י""ח",1,ליטר,false,1,7.90,7.90,false,1,
7290000288024,false,"סנו אקונומיקה ז""אוול 4 ליטר",החב הדרומית לשיווק,,,"י""ח",4,ליטר,false,1,16.90,4.23,false,1,
7290000288031,false,אקונומיקה תו תקן 4 ליטר,החב הדרומית לשיווק,,,"י""ח",4,ליטר,false,1,10.90,2.73,false,1,
7290000288048,false,סנו JAVEL מרסס לבנדר,החב הדרומית לשיווק,,,"י""ח",1,ליטר,false,1,18.90,18.90,false,1,
7290000288079,false,סנו  זאוול לימון 2 ליטר,החב הדרומית לשיווק,,,"י""ח",2,ליטר,false,1,11.90,5.95,false,1,
7290000288086,false,אבקת ניקוי לימון,החב הדרומית לשיווק,,,"י""ח",600,ל  גרם,false,1,9.90,1.65,false,1,
7290000288253,false,.K-400 סנו,החב הדרומית לשיווק,,,"י""ח",630,"ל  מ""ל",false,1,21.90,3.48,false,1,
7290000288352,false,K-300 סנו.,החב הדרומית לשיווק,,,"י""ח",630,"ל  מ""ל",false,1,21.90,3.48,false,1,
7290000288642,false,מרכך סנסטיב 4 ליטר,החב הדרומית לשיווק,,,"י""ח",4,ליטר,false,1,21.90,5.48,false,1,
7290000289069,false,סנו ג`אבל מרסס,החב הדרומית לשיווק,,,"י""ח",1,ליטר,false,1,18.90,18.90,false,1,
7290000289380,false,סנו JAVEL לימון לניקוי אסלות 750 מ``ל,החב הדרומית לשיווק,,,"י""ח",750,ל  גרם,false,1,10.80,1.44,true,1,
7290000289472,false,שקיות לפח אשפה 50יח ענק,החב הדרומית לשיווק,,,"י""ח",1,,false,1,18.90,18.90,false,1,
7290000289595,false,אורביטול ילדים,החב הדרומית לשיווק,,,"י""ח",145,ל  גרם,false,1,6.90,4.76,false,1,
7290000289748,false,"סנו פורטה פלוס 750מ""ל.",החב הדרומית לשיווק,,,"י""ח",750,"ל  מ""ל",false,1,14.90,1.99,false,1,
7290000291963,false,סנו אקונומיקה סמיכה לימון 1 ליטר,החב הדרומית לשיווק,,,"י""ח",1,ליטר,false,1,7.90,7.90,false,1,
7290000292311,false,פוליויקס סחלבים 2 ליטר,החב הדרומית לשיווק,,,"י""ח",200,"ל  מ""ל",false,1,19.90,9.95,true,1,
7290000292687,false,סנובון כחול שלישיה.,החב הדרומית לשיווק,,,"י""ח",165,ל  גרם,false,1,14.90,9.03,true,1,
7290000292915,false,"סנו רסס ונגב מרסס 750 מ""ל",החב הדרומית לשיווק,,,"י""ח",600,"ל  מ""ל",false,1,10.90,1.82,false,1,
7290000293073,false,מקסימה מרכך לבן  ביו מקסי 4 ל,החב הדרומית לשיווק,,,"י""ח",4,ליטר,false,1,21.90,5.48,false,1,
7290000293561,false,מסיר עובש סנו תרסיס,החב הדרומית לשיווק,,,"י""ח",750,"ל  מ""ל",false,1,19.90,2.65,false,1,
7290000293943,false,אנטי קאלק מרסס,החב הדרומית לשיווק,,,"י""ח",1,ליטר,false,1,18.90,18.90,false,1,
7290000294773,false,סנו JAVEL לבנדר 4 ליטר,החב הדרומית לשיווק,,,"י""ח",4,ליטר,false,1,16.90,4.23,false,1,
7290000294780,false,סנו JAVEL  פרובנס]סמיכה [4ליטר,החב הדרומית לשיווק,,,"י""ח",4,ליטר,false,1,16.90,4.23,false,1,
7290000295121,false,"מטליות לניקוי רצפות סנו 3 יחידות, מארז",החב הדרומית לשיווק,,,"י""ח",1,,false,1,10.90,10.90,false,1,
7290000295299,false,כריות הפלא סנו סושי 4 יחידות,החב הדרומית לשיווק,,,"י""ח",1,,false,1,10.90,10.90,false,1,
7290000295367,false,"א.כביסה מקסימה 2.5 אפקט זאוול  ק""ג",החב הדרומית לשיווק,,,"י""ח",2.50,"ק""ג",false,1,25.90,10.36,false,1,
7290000295404,false,שקיות אשפה סושי 60 יח,החב הדרומית לשיווק,,,"י""ח",1,"י""ח",false,1,22.90,22.90,false,1,
7290000295503,false,זוג סנו סושי מזון בקרטון,החב הדרומית לשיווק,,,"י""ח",1,,false,1,15.90,15.90,false,1,
7290000295541,false,סנו סושי רב מגבת ג`מבו 75 יחידות,החב הדרומית לשיווק,,,"י""ח",390,ל  גרם,false,1,19.90,5.10,false,1,
7290000295558,false,זוג נייר אלומיניום  30*7.5 סנו,החב הדרומית לשיווק,,,"י""ח",1,,false,1,10.90,10.90,false,1,
7290000295794,false,ספוגיות מתכת אל חלד לניקוי סנו 3 יחידו,החב הדרומית לשיווק,,,"י""ח",1,,false,1,10.90,10.90,false,1,
7290000300900,false,שניצל תירס 750 גרם,קבוצת אוסם סחר-שות.מוגבלת,,,"י""ח",750,ל  גרם,false,1,37.90,5.05,true,1,
7290000303581,false,פול מצרי A2,ויטה- פרי גליל (החדשה) בעמ,,,"י""ח",560,ל  גרם,false,1,7.90,1.41,true,1,
7290000303598,false,שעועית לבנה אפוי,ויטה- פרי גליל (החדשה) בעמ,,,"י""ח",550,ל  גרם,false,1,7.90,1.44,true,1,
7290000307015,false,אפונה גינה A2,ויטה- פרי גליל (החדשה) בעמ,,,"י""ח",600,ל  גרם,false,1,7.90,1.32,true,1,
7290000307046,false,אפונה וגזר A2,ויטה- פרי גליל (החדשה) בעמ,,,"י""ח",550,ל  גרם,false,1,7.90,1.44,true,1,
7290000307220,false,תירס  ואקום}פריגליל{,ויטה- פרי גליל (החדשה) בעמ,,,"י""ח",450,ל  גרם,false,1,5.90,1.31,false,1,
7290000307237,false,תירס A2 פרי גליל,ויטה- פרי גליל (החדשה) בעמ,,,"י""ח",540,ל  גרם,false,1,7.90,1.46,true,1,
7290000311128,false,עוגיות חמאה 300ג מן,ח.כהן סוכנות מזון ומשקאות בע,,,"י""ח",300,ל  גרם,false,1,6.90,2.30,false,1,
7290000311135,false,עוגיות  מן סטיקם שוקולד 300גר,ח.כהן סוכנות מזון ומשקאות בע,,,"י""ח",300,ל  גרם,false,1,6.90,2.30,false,1,
7290000311203,false,וופל שוקו 200 גר מן,ח.כהן סוכנות מזון ומשקאות בע,,,"י""ח",200,ל  גרם,false,1,4.90,2.45,false,1,
7290000311210,false,לימון 200 ופל מן,ח.כהן סוכנות מזון ומשקאות בע,,,"י""ח",200,ל  גרם,false,1,4.90,2.45,false,1,
7290000311227,false,וופל קפה 220גר מן,ח.כהן סוכנות מזון ומשקאות בע,,,"י""ח",200,ל  גרם,false,1,4.90,2.45,false,1,
7290000311319,false,וופל מצופה 1 קג מן.,ח.כהן סוכנות מזון ומשקאות בע,,,"י""ח",1,"ק""ג",false,1,24.90,24.90,false,1,
7290000311425,false,וופל מצופה כחול 10יח מן,ח.כהן סוכנות מזון ומשקאות בע,,,"י""ח",200,ל  גרם,false,1,8.90,4.45,false,1,
7290000311500,false,וופלים שוקו 500גר מן,ח.כהן סוכנות מזון ומשקאות בע,,,"י""ח",500,ל  גרם,false,1,9.90,1.98,false,1,
7290000311708,false,עוג יות חיטה מלאה 300ג  מן,ח.כהן סוכנות מזון ומשקאות בע,,,"י""ח",300,ל  גרם,false,1,6.90,2.30,false,1,
7290000311715,false,עוגיות כוכבים שוקולד 300ג מן,ח.כהן סוכנות מזון ומשקאות בע,,,"י""ח",300,ל  גרם,false,1,6.90,2.30,false,1,
7290000311722,false,עוגיות כוכבים 300ג מן,ח.כהן סוכנות מזון ומשקאות בע,,,"י""ח",300,ל  גרם,false,1,6.90,2.30,false,1,
7290000313160,false,חברים זברה 3דובים שוקו,קבוצת אוסם סחר-שות.מוגבלת,,,"י""ח",250,ל  גרם,false,1,8.60,3.44,false,1,
7290000313184,false,חברים-בסקוויט גן חיות 250ג.,קבוצת אוסם סחר-שות.מוגבלת,,,"י""ח",250,ל  גרם,false,1,8.60,3.44,false,1,
7290000313290,false,נודלס-אטריות מסולסלות,קבוצת אוסם סחר-שות.מוגבלת,,,"י""ח",200,ל  גרם,false,1,9.90,4.95,false,1,
7290000318127,false,מיני ביס נקנקיות 380 גרם,מעדני יחיעם 1993 בעמ,,,"י""ח",380,ל  גרם,false,1,11.90,3.13,false,1,
7290000318677,false,סלמי סרוולט,מעדני יחיעם 1993 בעמ,,,"י""ח",150,ל  גרם,false,1,22.90,15.27,false,1,
7290000318707,false,סלמי מעושן 500 גרם,מעדני יחיעם 1993 בעמ,,,"י""ח",500,ל  גרם,false,1,29.90,5.98,true,1,
7290000318738,false,נקניק עוף 450ג,מעדני יחיעם 1993 בעמ,,,"י""ח",450,ל  גרם,false,1,11.90,2.64,false,1,
7290000318943,false,פסטרמה של פעם,מעדני יחיעם 1993 בעמ,,,"י""ח",200,ל  גרם,false,1,21.90,10.95,false,1,
7290000319063,false,כתף בקר מפולפל 150 ג,מעדני יחיעם 1993 בעמ,,,"י""ח",150,ל  גרם,false,1,23.90,15.93,false,1,
7290000319124,false,סלמי סרוולט 250 גרם,מעדני יחיעם 1993 בעמ,,,"י""ח",250,ל  גרם,false,1,33.90,13.56,false,1,
7290000319131,false,נקניקיות עוף 400 גרם,מעדני יחיעם 1993 בעמ,,,"י""ח",400,ל  גרם,false,1,11.90,2.98,true,1,
7290000319414,false,נקניקיות פרמיום בראטוורסט  280גר,מעדני יחיעם 1993 בעמ,,,"י""ח",400,ל  גרם,false,1,21.90,5.48,true,1,
7290000319520,false,סלמי צרפתי,מעדני יחיעם 1993 בעמ,,,"י""ח",100,ל  גרם,false,1,19.90,19.90,false,1,
7290000334325,false,שלישיית צ`יפס למקרוגל,קבוצת אוסם סחר-שות.מוגבלת,,,"י""ח",0.38,"ק""ג",false,1,13.90,36.58,false,1,
7290000334684,false,טבעות בצל 700גר,קבוצת אוסם סחר-שות.מוגבלת,,,"י""ח",700,ל  גרם,false,1,17.90,2.56,false,1,
7290000334745,false,"אמריקן ציפס 1.5  ק""ג(תפוגן)",קבוצת אוסם סחר-שות.מוגבלת,,,"י""ח",1.50,"ק""ג",false,1,24.90,16.60,false,1,
7290000336282,false,"סיידר מוגז 330מ""ל",טמפו משקאות בעמ,,,"י""ח",330,"ל  מ""ל",false,1,6.90,2,false,1,
7290000339191,false,רן הלבנה 35גר קל,יוניליוור ישראל שיווק בעמ,,,"י""ח",350,ל  גרם,false,1,18.60,5.31,false,1,
7290000339566,false,בדין ורוד 4 ליטר,יוניליוור ישראל שיווק בעמ,,,"י""ח",4,ליטר,false,1,19.90,4.98,false,1,
7290000339849,false,"משחה לכלים 3.5 ק""ג סמדר",יוניליוור ישראל שיווק בעמ,,,"י""ח",3.50,"ק""ג",false,1,26.90,7.69,false,1,
7290000339887,false,"משחת קלין 3.5 ק""ג",יוניליוור ישראל שיווק בעמ,,,"י""ח",3.50,"ק""ג",false,1,26.90,7.69,false,1,
7290000342832,false,בדין צהוב 4 ל,יוניליוור ישראל שיווק בעמ,,,"י""ח",4,ליטר,false,1,19.90,4.98,false,1,
7290000342856,false,בדין כחול 4 ליטר,יוניליוור ישראל שיווק בעמ,,,"י""ח",4,ליטר,false,1,19.90,4.98,false,1,
7290000345116,false,תה ירוק 125 תפזורת,תה ויסוצקי (ישראל)בעמ,,,"י""ח",125,ל  גרם,false,1,14.90,11.92,false,1,
7290000345208,false,תה בריבוע 25/1,תה ויסוצקי (ישראל)בעמ,,,"י""ח",25,ל  גרם,false,1,6.90,27.60,false,1,
7290000345215,false,תה ויסוצקי כחול} {100,תה ויסוצקי (ישראל)בעמ,,,"י""ח",100,"י""ח",false,1,15.90,0.16,false,1,
7290000345260,false,תה בריבוע 1.5/25,תה ויסוצקי (ישראל)בעמ,,,"י""ח",37.50,ל  גרם,false,1,6.90,18.40,false,1,
7290000345284,false,תה קלאסיק 100 יח 1.5ג ק.ירוקה,תה ויסוצקי (ישראל)בעמ,,,"י""ח",150,ל  גרם,false,1,17.90,11.93,false,1,
7290000345291,false,תה ארל גריי 1.5/25,תה ויסוצקי (ישראל)בעמ,,,"י""ח",37.50,ל  גרם,false,1,15.90,42.40,true,1,
7290000345307,false,תה ארל גריי 50 שקיות,תה ויסוצקי (ישראל)בעמ,,,"י""ח",75,ל  גרם,false,1,28.90,38.53,true,1,
7290000346137,false,חליטת הילולי פירות,תה ויסוצקי (ישראל)בעמ,,,"י""ח",62.50,ל  גרם,false,1,17.90,28.64,true,1,
7290000346168,false,חליטת שומר גן קסום,תה ויסוצקי (ישראל)בעמ,,,"י""ח",37.50,ל  גרם,false,1,17.90,47.73,true,1,
7290000346199,false,חליטת פירות יער  גן קסום 25 שק`,תה ויסוצקי (ישראל)בעמ,,,"י""ח",67.50,ל  גרם,false,1,17.90,26.52,true,1,
7290000346205,false,חליטת  קמומיל גן קסום 25יח,תה ויסוצקי (ישראל)בעמ,,,"י""ח",37.50,ל  גרם,false,1,17.90,47.73,true,1,
7290000347738,false,תה ירוק בטעם נענע 25יח,תה ויסוצקי (ישראל)בעמ,,,"י""ח",25,"י""ח",false,1,24.90,1,true,1,
7290000347752,false,תה ירוק  25 עם לימונית לואיזה,תה ויסוצקי (ישראל)בעמ,,,"י""ח",37.50,ל  גרם,false,1,24.90,66.40,true,1,
7290000355481,false,רוטב עגבניות BX22 טומטו,ויטה- פרי גליל (החדשה) בעמ,,,"י""ח",600,ל  גרם,false,1,5.90,0.98,false,1,
7290000355498,false,תרכיז עגבניות BX28 TOMATO,ויטה- פרי גליל (החדשה) בעמ,,,"י""ח",600,ל  גרם,false,1,6.90,1.15,false,1,
7290000363363,false,קבנוס מיוחד 160 גרם,תנובה בשר,,,"י""ח",160,ל  גרם,false,1,12.90,8.06,false,1,
7290000364858,false,"נקניקיות עוף 1 ק""ג טירת צבי",תנובה בשר,,,"י""ח",1,"ק""ג",false,1,22.90,22.90,false,1,
7290000377445,false,מאנצס 200 גר  שקית,ליימן שליסל,,,"י""ח",200,ל  גרם,false,1,8.90,4.45,true,1,
7290000377452,false,גרעיני אבטיח 200 גרם,ליימן שליסל,,,"י""ח",200,ל  גרם,false,1,11.90,5.95,false,1,
7290000377612,false,תפוזים סחוט טבעי פרי גת,*החברה המרכזית להפצת משקאותבעמ,,,"י""ח",400,"ל  מ""ל",false,1,8.60,2.15,false,1,
7290000408316,false,דנונה יוגורט טבעי,"שטראוס גרופ ***בע""מ",,,"י""ח",200,"ל  מ""ל",false,1,3.70,1.85,true,1,
7290000408354,false,דנונה קראנצי פצפוצים,"שטראוס גרופ ***בע""מ",,,"י""ח",175,"ל  מ""ל",false,1,4.60,2.63,true,1,
7290000412481,false,מנקה אסלות 1 ליטר 00,החב הדרומית לשיווק,,,"י""ח",1,ליטר,false,1,7.50,7.50,false,1,
7290000416021,false,#ממרח שחר 500 חלבי,השחר העולה תעשית ממתקים,,,"י""ח",500,ל  גרם,false,1,13.90,2.78,false,1,
7290000416045,false,"ממרח שחר 1  ק""ג חלבי",השחר העולה תעשית ממתקים,,,"י""ח",1,"ק""ג",false,1,23.90,23.90,false,1,
7290000416618,false,"ממרח שחר בד""צ} {400",השחר העולה תעשית ממתקים,,,"י""ח",400,ל  גרם,false,1,11.90,2.98,false,1,
7290000416632,false,"ממרח שחר פרווה 1 ק""ג",השחר העולה תעשית ממתקים,,,"י""ח",1,מטר,false,1,22.80,22.80,false,1,
7290000418131,false,טופד סופר 18 יח,שקד תבל בעמ,,,"י""ח",1,,false,1,7.50,7.50,true,1,
7290000419909,false,קפה לנדוור טעם אספרסו 100ג,ש.שסטוביץ בעמ,,,"י""ח",100,ל  גרם,false,1,8.50,8.50,false,1,
7290000420325,false,פופ סטאר פופקורן  טבעי  500גרם,דנשר (1963) בעמ,,,"י""ח",500,ל  גרם,false,1,13.80,2.76,true,1,
7290000420332,false,פופ סטאר פופקורן בטעם חמאה 500גר,דנשר (1963) בעמ,,,"י""ח",500,ל  גרם,false,1,13.80,2.76,true,1,
7290000420417,false,"גלילונית ,50/70 60 יח",דנשר (1963) בעמ,,,"י""ח",60,"י""ח",false,1,18.90,0.32,false,1,
7290000430102,false,"קוביות קרח 2 ק""ג",אייס קיובס בעמ מיסטר אייס,,,"י""ח",2,"ק""ג",false,1,12,6,false,1,
7290000446325,false,תרכיז תפוחים 1.2 ליטר,בטר אנד דיפרנט בעמ,,,"י""ח",1.20,ליטר,false,1,47.90,39.92,false,1,
7290000446523,false,חמאת בוטנים B D,בטר אנד דיפרנט בעמ,,,"י""ח",350,ל  גרם,false,1,13.90,3.97,false,1,
7290000446547,false,חמאה בוטנים350 גרם BD,בטר אנד דיפרנט בעמ,,,"י""ח",350,ל  גרם,false,1,13.90,3.97,false,1,
7290000446554,false,"חמאת בוטנים טבעי 1ק""ג  BD",בטר אנד דיפרנט בעמ,,,"י""ח",510,ל  גרם,false,1,29.90,5.86,false,1,
7290000446776,false,פיצפוצי אורז מלא ללא סוכר ומלח,בטר אנד דיפרנט בעמ,,,"י""ח",500,ל  גרם,false,1,19.90,3.98,false,1,
7290000449128,false,סיף כללי חדש 4 ליטר,יוניליוור ישראל שיווק בעמ,,,"י""ח",4,ליטר,false,1,21.70,5.43,false,1,
7290000450209,false,פוסידון 110 גר  בשמן,נטו מלינדה סחר בעמ,,,"י""ח",110,ל  גרם,false,1,5.50,5,false,1,
7290000450308,false,פוסידון 110 גר  במים,נטו מלינדה סחר בעמ,,,"י""ח",110,ל  גרם,false,1,5.90,5.36,false,1,
7290000453019,false,שמרית שקית,"שטראוס גרופ ***בע""מ",,,"י""ח",50,ל  גרם,false,1,4.50,9,true,1,
7290000461625,false,בייגלה ]400בייגל שמיניות מלוחות,יוניליוור ישראל שיווק בעמ,,,"י""ח",400,ל  גרם,false,1,9.90,2.48,true,1,
7290000461656,false,בייגלה אחד אחד 400,יוניליוור ישראל שיווק בעמ,,,"י""ח",400,ל  גרם,false,1,9.90,2.48,true,1,
7290000462172,false,סחוג זהבי ירוק 150ג,"שטראוס גרופ ***בע""מ",,,"י""ח",150,ל  גרם,false,1,7.90,5.27,true,1,
7290000474090,false,חלב 1 ליטר קרטון   *1% *,*החברה המרכזית להפצת משקאותבעמ,,,"י""ח",1,ליטר,false,1,5.86,5.86,false,1,
7290000474373,false,"שמנת חמוצה 200  מ""ל*",*החברה המרכזית להפצת משקאותבעמ,,,"י""ח",200,"ל  מ""ל",false,1,2.40,1.20,false,1,
7290000474502,false,גבינה לבנה  ב250 גרם 5%*,*החברה המרכזית להפצת משקאותבעמ,,,"י""ח",250,ל  גרם,false,1,4.98,1.99,false,1,
7290000474540,false,טוב טעם גבינה 5% טרה,*החברה המרכזית להפצת משקאותבעמ,,,"י""ח",250,ל  גרם,false,1,11.50,4.60,false,1,
7290000480442,false,קוואקר שקית (עלית),"שטראוס פריטו ליי בע""מ",,,"י""ח",500,ל  גרם,false,1,11.90,2.38,true,1,
7290000484747,false,"ערק עלית 700 מ""ל",יקב הגליל שיווק בעמ,,,"י""ח",700,"ל  מ""ל",false,1,55.90,7.94,false,1,
7290000493183,false,אבקת רוטב פטריות לבשר,קבוצת אוסם סחר-שות.מוגבלת,,,"י""ח",30,ל  גרם,false,1,4.90,16.33,false,1,
7290000504049,false,סוכרזית קנקן 1200,"שטראוס גרופ בע""מ",,,"י""ח",984,ל  גרם,false,1,23.90,2.43,true,1,
7290000504209,false,דיאט טיפ-ממתק נו,"שטראוס גרופ בע""מ",,,"י""ח",220,"ל  מ""ל",false,1,17.90,8.14,true,1,
7290000504278,false,סוכרזית פטנט,"שטראוס גרופ בע""מ",,,"י""ח",574,ל  גרם,false,1,14.40,2.51,true,1,
7290000518169,false,מתוק וקל 1000 טבליות,מתוק וקל בעמ,,,"י""ח",1000,"י""ח",false,1,7.90,0.01,false,1,
7290000521411,false,מרום גליל סינגל מרלו,טמפו משקאות בעמ,,,"י""ח",750,"ל  מ""ל",false,1,34.90,4.61,true,1,
7290000521428,false,מרום גליל סינגל שרדונה,טמפו משקאות בעמ,,,"י""ח",750,"ל  מ""ל",false,1,34.90,4.61,true,1,
7290000523125,false,מלח ים יבש הארץ  250  ג,סוגת תעשיות בעמ,,,"י""ח",250,ל  גרם,false,1,5.40,2.16,false,1,
7290000523224,false,מלח ים יבש  הארץ 500 ג,סוגת תעשיות בעמ,,,"י""ח",500,ל  גרם,false,1,7.90,1.58,false,1,
7290000523514,false,מלח 250 ג  בקבוק הארץ,סוגת תעשיות בעמ,,,"י""ח",250,ל  גרם,false,1,9.90,3.96,false,1,
7290000525969,false,פרימור תפוזים 1 ליטר,"שטראוס גרופ ***בע""מ",,,"י""ח",1,ליטר,false,1,15.90,15.90,true,1,
7290000530086,false,נקניק מעושן  7000,זוגלובק שיווק בעמ,,,"י""ח",800,ל  גרם,false,1,29.90,3.74,true,1,
7290000530109,false,זוג קבנוס בואקום,זוגלובק שיווק בעמ,,,"י""ח",400,ל  גרם,false,1,24.90,6.23,true,1,
7290000530116,false,נקניק בשן זוגלובק,זוגלובק שיווק בעמ,,,"י""ח",700,ל  גרם,false,1,26.90,3.84,true,1,
7290000530413,false,המבורגר זהב 400,זוגלובק שיווק בעמ,,,"י""ח",400,ל  גרם,false,1,21.90,5.48,true,1,
7290000530468,false,"וינר  טרי 1 ק""ג זוגלובק",זוגלובק שיווק בעמ,,,"י""ח",1,"ק""ג",false,1,27.90,27.90,true,1,
7290000530598,false,נקניקיות וינר טרי זוגלובק,זוגלובק שיווק בעמ,,,"י""ח",500,ל  גרם,false,1,15.80,3.16,true,1,
7290000530703,false,מארז פסטרמ/חרמון+תה מעושן 800 ג` זוגלובק,זוגלובק שיווק בעמ,,,"י""ח",800,ל  גרם,false,1,26.90,3.36,true,1,
7290000531601,false,סטייק בורגר 400 גרם,זוגלובק שיווק בעמ,,,"י""ח",400,ל  גרם,false,1,21.90,5.48,true,1,
7290000533353,false,בצק עלים זוגלובק 1 קג,זוגלובק שיווק בעמ,,,"י""ח",1,"ק""ג",false,1,15.90,15.90,true,1,
7290000537566,false,נקניקיות עוף טרי 400 ג זוגלובק,זוגלובק שיווק בעמ,,,"י""ח",400,ל  גרם,false,1,10.90,2.73,true,1,
7290000537603,false,"נקניקיות עוף 1 ק""ג זוגלובק.",זוגלובק שיווק בעמ,,,"י""ח",1,"ק""ג",false,1,25.90,25.90,true,1,
7290000538709,false,תה מעושן,זוגלובק שיווק בעמ,,,"י""ח",200,ל  גרם,false,1,14.90,7.45,false,1,
7290000552927,false,טחון עוף טיבון ויל,נטו מלינדה סחר בעמ,,,"י""ח",500,ל  גרם,false,1,14.90,2.98,false,1,
7290000554402,false,מלבי גד 160 גרם,מחלבות גד,,,"י""ח",160,"ל  מ""ל",false,1,5.50,3.44,false,1,
7290000554471,false,מוצרלה 180גר }.גד{,מחלבות גד,,,"י""ח",1,,false,1,15.90,15.90,false,1,
7290000554600,false,מוצרלה מגורדת  300 גרם גד,מחלבות גד,,,"י""ח",300,ל  גרם,false,1,21.90,7.30,false,1,
7290000554624,false,ירח מתוק גד,מחלבות גד,,,"י""ח",150,"ל  מ""ל",false,1,5.50,3.67,false,1,
7290000554686,false,לאבנה בתוספת  שמןזית  וזעתר  גד{5%,מחלבות גד,,,"י""ח",250,ל  גרם,false,1,13.80,5.52,false,1,
7290000554792,false,בולגרית פח% }5 גד{,מחלבות גד,,,"ק""ג",1000,ל  גרם,true,1,54.90,5.49,false,1,
7290000554822,false,ריקוטה 5% בסגנון איטלקי 250 גד{,מחלבות גד,,,"י""ח",250,ל  גרם,false,1,13.90,5.56,false,1,
7290000554839,false,מסקרפונה 250 גרם,מחלבות גד,,,"י""ח",250,ל  גרם,false,1,19.90,7.96,false,1,
7290000554990,false,כדורי מוצרלה גדולים,מחלבות גד,,,"ק""ג",1,,true,1,89,89,false,1,
7290000560540,false,אדג  ג ל רגיש 200,דנשר (1963) בעמ,,,"י""ח",200,ל  גרם,false,1,15.90,7.95,false,1,
7290000572208,false,חלווה 100 גרם,אחדות בעמ,,,"י""ח",100,ל  גרם,false,1,2.90,2.90,false,1,
7290000572222,false,חלבה וניל 500 גרם אחווה,אחדות בעמ,,,"י""ח",500,ל  גרם,false,1,10.90,2.18,false,1,
7290000572536,false,חלוה מגש 400גר ו,אחדות בעמ,,,"י""ח",400,ל  גרם,false,1,12.90,3.23,false,1,
7290000572543,false,חלוה שוקו וניל,אחדות בעמ,,,"י""ח",400,ל  גרם,false,1,12.90,3.23,false,1,
7290000572628,false,חטיפי חלוה ליט אחווה,אחדות בעמ,,,"י""ח",276,ל  גרם,false,1,10.90,3.95,false,1,
7290000572673,false,חלבה שי עשיריות]אחוה[,אחדות בעמ,,,"י""ח",300,ל  גרם,false,1,12.90,4.30,false,1,
7290000572819,false,"טחינה  אחווה 100 טבעי 1 ק""ג",אחדות בעמ,,,"י""ח",1,"ק""ג",false,1,21.90,21.90,false,1,
7290000574035,false,לחם אחיד פרוס}דגנית{*750,דגנית עין בר ~~~,,,"י""ח",750,ל  גרם,false,1,6.30,0.84,false,1,
7290000574141,false,לחם חיטה מלא 750,דגנית עין בר ~~~,,,"י""ח",750,ל  גרם,false,1,13.90,1.85,false,1,
7290000574219,false,חצי בגט,דגנית עין בר ~~~,,,"י""ח",1,,false,1,3.20,3.20,false,1,
7290000599090,false,מקל מטאטא טיטניום,*** מ.א.ייצור ויבוא מטליות,,,"י""ח",1,,false,1,6,6,false,1,
7290000631424,false,פרגיות עוף  טרי[קצביה]**,ח.י. מעדני גורמה בעמ,,,"ק""ג",1,"ק""ג",true,1,79.90,79.90,true,1,
7290000632452,false,כרעיים עוף טרי(קצביה )**.,ח.י. מעדני גורמה בעמ,,,"ק""ג",1,"ק""ג",true,1,36.90,36.90,true,1,
7290000632759,false,שוקיים עוף טרי (קצביה)**,ח.י. מעדני גורמה בעמ,,,"ק""ג",1,"ק""ג",true,1,42.90,42.90,true,1,
7290000659312,false,פילה סלומון קפוא פרימיום תנובה,תנובה בשר,,,"ק""ג",1,"ק""ג",true,1,69.90,69.90,false,1,
7290000663166,false,פילה הייק דרום אפריקאי,תנובה בשר,,,"ק""ג",1,,true,1,49,49,false,1,
7290000679440,false,משחה לתינוק 100 ג` דוקטור פישר,פישר תעשיות פרמבצטיות בעמ,,,"י""ח",100,ל  גרם,false,1,16.90,16.90,false,1,
7290000679532,false,עלמה פלוס קרם ידיים,פישר תעשיות פרמבצטיות בעמ,,,"י""ח",100,"ל  מ""ל",false,1,13,13,false,1,
7290000688077,false,"מי עדן 500 מ""ל בודד",יפאורה שותפות מוגבלת לשיווק,,,"י""ח",500,"ל  מ""ל",false,1,3.20,0.58,true,1,
7290000688824,false,מי עדן שישיה 1.5ליטר,יפאורה שותפות מוגבלת לשיווק,,,"י""ח",12,ליטר,false,1,12.90,1.08,false,1,
7290000692135,false,ספיד סטיק גבר ירוק,ש.שסטוביץ בעמ,,,"י""ח",60,ל  גרם,false,1,16.90,28.17,true,1,
7290000692210,false,אג קס ניקוי כללי 2 ל לוונדר,ש.שסטוביץ בעמ,,,"י""ח",2,ליטר,false,1,22.90,11.45,false,1,
7290000692227,false,פלמוליב נוזל לכלים 1 ליטר,ש.שסטוביץ בעמ,,,"י""ח",1,ליטר,false,1,13.90,13.90,false,1,
7290000692456,false,אג קס חלונות+רפי,ש.שסטוביץ בעמ,,,"י""ח",1.50,ליטר,false,1,24.90,16.60,false,1,
7290000803067,false,"אלמקס לילדים 75מ""ל",ש.שסטוביץ בעמ,,,"י""ח",75,ל  גרם,false,1,15.90,21.20,true,1,
7290000805795,false,"חול חתולים 10 ק""ג",דיפלומט מפיצים (1968) בעמ**,,,"י""ח",10,"ק""ג",false,1,29.90,2.99,false,1,
7290001041017,false,חוואיג  תימני,מיה תעשיות מזון מ.ת.מ בעמ,,,"י""ח",100,ל  גרם,false,1,6.30,6.30,false,1,
7290001041024,false,תבלין לקבב 100 גרם,מיה תעשיות מזון מ.ת.מ בעמ,,,"י""ח",100,ל  גרם,false,1,6.30,6.30,false,1,
7290001041260,false,שומשום 400גר ].מיה[,מיה תעשיות מזון מ.ת.מ בעמ,,,"י""ח",400,ל  גרם,false,1,10.90,2.73,false,1,
7290001041482,false,זנגויל  50גר`,מיה תעשיות מזון מ.ת.מ בעמ,,,,100,ל  גרם,false,1,6.30,6.30,false,1,
7290001041635,false,פירורי לחם מוזהבים 200גר.,מיה תעשיות מזון מ.ת.מ בעמ,,,"י""ח",200,ל  גרם,false,1,3.90,1.95,false,1,
7290001045688,false,מיץ תפוזים סחוט 400 מייל,"שטראוס גרופ ***בע""מ",,,"י""ח",400,"ל  מ""ל",false,1,7.90,1.90,true,1,
7290001121054,false,צמד חמד יחיעם 700 גרם,מעדני יחיעם 1993 בעמ,,,"י""ח",850,ל  גרם,false,1,24.90,2.93,false,1,
7290001123775,false,שווארמה אמיתית טיבון ויל,נטו מלינדה סחר בעמ,,,"י""ח",500,ל  גרם,false,1,19.90,3.98,false,1,
7290001123782,false,שווארמה הודו טיבון ויל,נטו מלינדה סחר בעמ,,,"י""ח",500,ל  גרם,false,1,19.90,3.98,false,1,
7290001136287,false,שמפו נקה 7 לשיער רגיל,החב הדרומית לשיווק,,,"י""ח",750,"ל  מ""ל",false,1,11.90,1.59,false,1,
7290001136294,false,"שמפו נקה 7 לשיער יבש 750 מ""ל",החב הדרומית לשיווק,,,"י""ח",750,"ל  מ""ל",false,1,11.90,1.59,false,1,
7290001209103,false,טחון עוף עטרה 500ג,נטו מלינדה סחר בעמ,,,"י""ח",1,,false,1,12.90,12.90,false,1,
7290001245699,false,אקונומיקה סמיכה 4 ל`טאצ`,סאסאטק אגשח בעמ,,,"י""ח",4,ליטר,false,1,12.90,3.23,true,1,
7290001245705,false,אקונומיקה מבושמת 4ל טאצ`,סאסאטק אגשח בעמ,,,"י""ח",4,ליטר,false,1,10.90,2.73,false,1,
7290001245712,false,אקונומיקה  4ל` טאצ`,סאסאטק אגשח בעמ,,,"י""ח",4,ליטר,false,1,9.90,2.48,false,1,
7290001245736,false,ג`ל כביסה כחול  3 ל`טאצ`,סאסאטק אגשח בעמ,,,"י""ח",1,ליטר,false,1,19.90,19.90,true,1,
7290001245958,false,מרכך כביסה ורוד 4ל טאצ`,סאסאטק אגשח בעמ,,,"י""ח",4,ליטר,false,1,15.90,3.98,true,1,
7290001245965,false,מרכך כביסה כחול 4ל טאצ`,סאסאטק אגשח בעמ,,,"י""ח",4,ליטר,false,1,15.90,3.98,true,1,
7290001245989,false,מרכך כביסה סגול 4ל טאצ`,סאסאטק אגשח בעמ,,,"י""ח",4,ליטר,false,1,15.90,3.98,true,1,
7290001246122,false,תרסיס ניקוי כללי 750 מ``ל טאצ,סאסאטק אגשח בעמ,,,"י""ח",75,"ל  מ""ל",false,1,12.90,17.20,false,1,
7290001246290,false,"תרסיס רסס נגב 750מ""ל טאצ",סאסאטק אגשח בעמ,,,"י""ח",750,"ל  מ""ל",false,1,12.90,1.72,false,1,
7290001247082,false,ספרינג עגבניות,יפאורה שותפות מוגבלת לשיווק,,,"י""ח",1,ליטר,false,1,6.90,6.90,true,1,
7290001247099,false,ספרינג נקטר מנגו,יפאורה שותפות מוגבלת לשיווק,,,"י""ח",1,ליטר,false,1,6.90,6.90,true,1,
7290001247105,false,ספרינג נקטר אפרסק,יפאורה שותפות מוגבלת לשיווק,,,"י""ח",1,ליטר,false,1,6.90,6.90,true,1,
7290001247129,false,ספרינג נקטר תפוזים,יפאורה שותפות מוגבלת לשיווק,,,"י""ח",1,ליטר,false,1,6.90,6.90,true,1,
7290001247143,false,ספרינג קרטונית תפוחים,יפאורה שותפות מוגבלת לשיווק,,,"י""ח",1,ליטר,false,1,6.90,6.90,true,1,
7290001305188,false,"פלמוליב נוזל לניקוי כלים 750 מ""ל ספרינ",ש.שסטוביץ בעמ,,,"י""ח",750,"ל  מ""ל",false,1,11.90,1.59,true,1,
7290001407813,false,חלבה פיסטוק,קבוצת אוסם סחר-שות.מוגבלת,,,"י""ח",350,ל  גרם,false,1,14.90,4.26,false,1,
7290001407820,false,חלבה קלאסית,קבוצת אוסם סחר-שות.מוגבלת,,,"י""ח",350,ל  גרם,false,1,14.90,4.26,false,1,
7290001468159,false,ריבת חלב 330 גרם נאמן,נאמן לאורך זמן בעמ,,,"י""ח",330,ל  גרם,false,1,13.90,4.21,false,1,
7290001468470,false,ספוג ליפה טבעי,נאמן לאורך זמן בעמ,,,"י""ח",1,,false,1,14.90,14.90,false,1,
7290001468487,false,ספוג ליפה טבעי,נאמן לאורך זמן בעמ,,,"י""ח",1,,false,1,20.90,20.90,false,1,
7290001468883,false,ריבה מעורבת 820 גרם,נאמן לאורך זמן בעמ,,,"י""ח",450,ל  גרם,false,1,11.90,2.64,false,1,
7290001491096,false,תה ירוק -50לימונית,תה ויסוצקי (ישראל)בעמ,,,"י""ח",75,ל  גרם,false,1,45.90,61.20,true,1,
7290001594575,false,פחית טובורג 500,החברה המרכזית להפצת משקאות בעמ,,,"י""ח",500,"ל  מ""ל",false,1,9.30,1.80,true,1,
7290001594858,false,בירה טובורג רד שישיה,החברה המרכזית להפצת משקאות בעמ,,,"י""ח",1.98,ליטר,false,1,41.70,20.15,true,1,
7290001791349,false,אקונומיקה ריחנית פיסגה 4 ליטר,החב הדרומית לשיווק,,,"י""ח",4,ליטר,false,1,10.90,2.73,false,1,
7290001813454,false,חיוכים שוקו 900 גרם,"שטראוס גרופ בע""מ",,,"י""ח",900,ל  גרם,false,1,21.90,2.43,true,1,
7290001813478,false,חיוכים וניל 900,"שטראוס גרופ בע""מ",,,"י""ח",900,ל  גרם,false,1,21.90,2.43,true,1,
7290001817377,false,צ יטוס O-X 60גר.,"שטראוס פריטו ליי בע""מ",,,"י""ח",60,ל  גרם,false,1,3.50,5.83,true,1,
7290001817728,false,צ יטוס כאפה 55גר,"שטראוס פריטו ליי בע""מ",,,"י""ח",0.55,"י""ח",false,1,3.50,6.36,true,1,
7290001865453,false,אל סבון 1לי סגול פמלי.,דנשר (1963) בעמ,,,"י""ח",1,ליטר,false,1,9.90,9.90,false,1,
7290001922231,false,כדורי פלאפל 700גר שף הטבע,קפוא זן תעשיות מזון בעמ,,,"י""ח",700,ל  גרם,false,1,15.90,2.27,false,1,
7290001973233,false,מגבוני דיספנסר 120 יח,פישר תעשיות פרמבצטיות בעמ,,,"י""ח",120,"י""ח",false,1,10.90,0.09,false,1,
7290001973332,false,מגבונים לפנים 60יח.,פישר תעשיות פרמבצטיות בעמ,,,"י""ח",1,,false,1,8.90,8.90,false,1,
7290001990094,false,סוכר חום צנצנת סוגת,סוגת תעשיות בעמ,,,"י""ח",1,"ק""ג",false,1,14.90,14.90,false,1,
7290001990148,false,סוכר גולרן קלסי צנצנת,סוגת תעשיות בעמ,,,"י""ח",1,"ק""ג",false,1,14.90,14.90,false,1,
7290001990278,false,"שעועית לבנה 1 ק""ג סוגת",סוגת תעשיות בעמ,,,"י""ח",1,"ק""ג",false,1,18.90,18.90,true,1,
7290001990407,false,"עדשים ירוקים 1 ק""ג סוגת",סוגת תעשיות בעמ,,,"י""ח",1,"ק""ג",false,1,13.90,13.90,true,1,
7290001990414,false,"עדשים אדומים 1 ק""ג סוגת",סוגת תעשיות בעמ,,,"י""ח",1,"ק""ג",false,1,14.90,14.90,true,1,
7290001990421,false,"פופקורן 1 ק""ג סוגת",סוגת תעשיות בעמ,,,"י""ח",1,"ק""ג",false,1,9.90,9.90,true,1,
7290002000136,false,שעווה למיקרוגל,דנשר (1963) בעמ,,,"י""ח",500,ל  גרם,false,1,19.90,3.98,false,1,
7290002007036,false,כוסמת 500 גרם מרובע,הנמל אריזות ושווק בעמ,,,"י""ח",500,ל  גרם,false,1,7.90,1.58,false,1,
7290002019114,false,רוטב עגב  28% פריניר,ח.כהן סוכנות מזון ומשקאות בע,,,"י""ח",580,ל  גרם,false,1,6.90,1.19,false,1,
7290002019183,false,עגבניות מקולפות 800,ח.כהן סוכנות מזון ומשקאות בע,,,"י""ח",850,ל  גרם,false,1,6.80,0.80,false,1,
7290002019787,false,רוטב עגבניות 260 פריניר,ח.כהן סוכנות מזון ומשקאות בע,,,"י""ח",260,ל  גרם,false,1,3.90,1.50,false,1,
7290002019794,false,רוטב פריניר 100גר`,ח.כהן סוכנות מזון ומשקאות בע,,,"י""ח",100,ל  גרם,false,1,1.90,1.90,false,1,
7290002022923,false,לקקן פופ תות ]50כרמית[,כרמית תעשיות ממתקים בעמ,,,"י""ח",500,ל  גרם,false,1,15.90,3.18,true,1,
7290002026341,false,צ`יפס בטטה פלאנק 500ג,מוצרי איכות אמריקאיים בעמ,,,"י""ח",500,ל  גרם,false,1,18.90,3.78,false,1,
7290002026358,false,צ`יפס בטטה קרינקל 500ג,מוצרי איכות אמריקאיים בעמ,,,"י""ח",500,ל  גרם,false,1,18.90,3.78,false,1,
7290002026365,false,טבעות בצל,מוצרי איכות אמריקאיים בעמ,,,"י""ח",1,"י""ח",false,1,11.90,11.90,false,1,
7290002026587,false,וופל בלגי קפוא,מוצרי איכות אמריקאיים בעמ,,,"י""ח",280,ל  גרם,false,1,16,5.71,true,1,
7290002040088,false,קוסקוס מלא]הנמל[,הנמל אריזות ושווק בעמ,,,"י""ח",350,ל  גרם,false,1,8.20,2.34,false,1,
7290002057031,false,מבוקעים גדול A2,קבוצת יבנה מוצרי מזון בעמ,,,"י""ח",560,ל  גרם,false,1,8.90,1.59,false,1,
7290002057093,false,מנזולינו גדול A2,קבוצת יבנה מוצרי מזון בעמ,,,"י""ח",600,ל  גרם,false,1,7.90,1.32,false,1,
7290002057123,false,חרוזית }A-2 יבנה{,קבוצת יבנה מוצרי מזון בעמ,,,"י""ח",560,ל  גרם,false,1,9.50,1.70,true,1,
7290002057185,false,טבעות ירוק-יבנה,קבוצת יבנה מוצרי מזון בעמ,,,"י""ח",560,ל  גרם,false,1,9.20,1.64,false,1,
7290002057352,false,מלפפון  מלח  }A-2   7-9 יבנה540 גרם,קבוצת יבנה מוצרי מזון בעמ,,,"י""ח",600,ל  גרם,false,1,6.50,1.08,false,1,
7290002057369,false,מלפ  מלח 10\12 2 יבנה,קבוצת יבנה מוצרי מזון בעמ,,,"י""ח",600,ל  גרם,false,1,7.50,1.25,false,1,
7290002057376,false,מלפ  מלח 13-17 יבנה,קבוצת יבנה מוצרי מזון בעמ,,,"י""ח",600,ל  גרם,false,1,9.90,1.65,false,1,
7290002057451,false,מלפפון  בחומץ }7-9 יבנה{,קבוצת יבנה מוצרי מזון בעמ,,,"י""ח",600,ל  גרם,false,1,6.50,1.08,false,1,
7290002057468,false,מלפפון  בחומץ 10\12 יבנה,קבוצת יבנה מוצרי מזון בעמ,,,"י""ח",600,ל  גרם,false,1,7.50,1.25,false,1,
7290002057482,false,מלפ  חומץ 18\25,קבוצת יבנה מוצרי מזון בעמ,,,"י""ח",560,ל  גרם,false,1,12.90,2.30,true,1,
7290002057604,false,שיפקה A-2,קבוצת יבנה מוצרי מזון בעמ,,,"י""ח",560,ל  גרם,false,1,5.50,0.98,false,1,
7290002057628,false,טבעות שחור-יבנה,קבוצת יבנה מוצרי מזון בעמ,,,"י""ח",540,ל  גרם,false,1,9.50,1.76,false,1,
7290002057734,false,זיתים מושחרים חרוזית,קבוצת יבנה מוצרי מזון בעמ,,,"י""ח",540,ל  גרם,false,1,7.90,1.46,false,1,
7290002065555,false,לחמניות בשקית 6 יח,שלמה א.אנג ל בעמ,,,"י""ח",1,,false,1,11.90,11.90,false,1,
7290002075233,false,אייסקונפקט 250גר`,שוקוטרייד בעמ,,,"י""ח",250,ל  גרם,false,1,17.90,7.16,false,1,
7290002107491,false,גבינת עיזים 5% 250 ג`,*החברה המרכזית להפצת משקאותבעמ,,,"י""ח",250,ל  גרם,false,1,14.90,5.96,true,1,
7290002107798,false,בולגרית בקר 5% צוריאל,*החברה המרכזית להפצת משקאותבעמ,,,"י""ח",250,ל  גרם,false,1,20.90,8.36,false,1,
7290002111085,false,רוטב 100גר. מבורך}פלסטיק[,זנלכל בעמ,,,"י""ח",400,ל  גרם,false,1,2.50,0.63,false,1,
7290002111337,false,"רוטב 240 גרם בד""צ פרי מבורך",זנלכל בעמ,,,"י""ח",240,ל  גרם,false,1,4.50,1.88,false,1,
7290002111474,false,אפונה ירוקה פרי מבורך,זנלכל בעמ,,,"י""ח",550,ל  גרם,false,1,8.90,1.62,true,1,
7290002111511,false,"אפונת גינה,גזר פרי מבורך",זנלכל בעמ,,,"י""ח",550,ל  גרם,false,1,8.90,1.62,true,1,
7290002111634,false,"חומוס בד""צ פרי מבורך",זנלכל בעמ,,,"י""ח",600,ל  גרם,false,1,8.90,1.48,true,1,
7290002111696,false,עגב.מרוסקות  800 ג פרי מבורך,זנלכל בעמ,,,"י""ח",800,ל  גרם,false,1,9.90,1.24,false,1,
7290002111764,false,שעועית  אפויה}מבורך{,זנלכל בעמ,,,"י""ח",600,ל  גרם,false,1,8.90,1.48,true,1,
7290002111818,false,"תירס בד""ץ וואקום",זנלכל בעמ,,,"י""ח",325,ל  גרם,false,1,6.90,2.12,false,1,
7290002111948,false,שעועית ירוקה 600 פרי מבורך,זנלכל בעמ,,,"י""ח",600,ל  גרם,false,1,9.90,1.65,false,1,
7290002130567,false,~דבש יד מרדכי 350 גרם,"שטראוס גרופ בע""מ",,,"י""ח",3.50,"י""ח",false,1,18.90,5.40,true,1,
7290002130581,false,"דבש טהור 1 ק""ג יד מרדכי","שטראוס גרופ בע""מ",,,"י""ח",1,קוב,false,1,48.90,48.90,true,1,
7290002132011,false,עבאדי עוגיות מלוחות 400גר,תה ויסוצקי (ישראל)בעמ,,,"י""ח",400,ל  גרם,false,1,17.90,4.48,false,1,
7290002253006,false,שום כתוש טרי 200,קבוצת אוסם סחר-שות.מוגבלת,,,"י""ח",200,ל  גרם,false,1,15.90,7.95,false,1,
7290002253105,false,מגשית קוביות שום,קבוצת אוסם סחר-שות.מוגבלת,,,"י""ח",80,ל  גרם,false,1,13.90,17.38,false,1,
7290002253150,false,דורות בזיליקום טרי קצוץ,קבוצת אוסם סחר-שות.מוגבלת,,,"י""ח",70,ל  גרם,false,1,10.90,15.57,false,1,
7290002253167,false,דורות פטרוזיליה טריה קצוצה,קבוצת אוסם סחר-שות.מוגבלת,,,"י""ח",70,ל  גרם,false,1,10.90,15.57,false,1,
7290002253181,false,דורות כוסברה טריה קצוצה,קבוצת אוסם סחר-שות.מוגבלת,,,"י""ח",70,ל  גרם,false,1,10.90,15.57,false,1,
7290002255055,false,"פלאפל בד""צ 800 גרם.",חטיפי אלקיים בעמ ~~~,,,"י""ח",800,ל  גרם,false,1,13.90,1.74,false,1,
7290002259664,false,רדיד אלומיניום דיימונד 086 0.30,גורי ע.ע.ע. בעמ,,,"י""ח",1,,false,1,48.90,48.90,false,1,
7290002319016,false,אבקת אפיה עשיריות מיה,מיה תעשיות מזון מ.ת.מ בעמ,,,"י""ח",100,ל  גרם,false,1,1.90,1.90,false,1,
7290002319023,false,סוכר וניל עשיריות מיה,מיה תעשיות מזון מ.ת.מ בעמ,,,"י""ח",100,ל  גרם,false,1,1.90,1.90,false,1,
7290002319115,false,חומוס גדול 500 מיה,מיה תעשיות מזון מ.ת.מ בעמ,,,"י""ח",500,ל  גרם,false,1,6.90,1.38,true,1,
7290002319139,false,שעועית לבנה 500 מיה,מיה תעשיות מזון מ.ת.מ בעמ,,,"י""ח",500,ל  גרם,false,1,6.90,1.38,true,1,
7290002319146,false,שעועית אדומה 500 מיה,מיה תעשיות מזון מ.ת.מ בעמ,,,"י""ח",500,ל  גרם,false,1,7.50,1.50,false,1,
7290002319160,false,אפונה ירוקה יבשה} {500,מיה תעשיות מזון מ.ת.מ בעמ,,,"י""ח",500,ל  גרם,false,1,4.90,0.98,true,1,
7290002319177,false,פופקורן 500,מיה תעשיות מזון מ.ת.מ בעמ,,,"י""ח",500,ל  גרם,false,1,4.90,0.98,true,1,
7290002319221,false,חיטה 500 ג מיה,מיה תעשיות מזון מ.ת.מ בעמ,,,"י""ח",500,ל  גרם,false,1,3.50,0.70,false,1,
7290002319733,false,אגוזי פקאן 100 ג,מיה תעשיות מזון מ.ת.מ בעמ,,,"י""ח",100,ל  גרם,false,1,19.90,19.90,false,1,
7290002319771,false,תמצית אפיה וניל מיה,מיה תעשיות מזון מ.ת.מ בעמ,,,"י""ח",50,"ל  מ""ל",false,1,2.90,5.80,false,1,
7290002327028,false,ג חנון 650 ג,נטו מלינדה סחר בעמ,,,"י""ח",650,ל  גרם,false,1,17.90,2.75,true,1,
7290002327042,false,"בורקס תפו""א אופרה.",נטו מלינדה סחר בעמ,,,"י""ח",800,ל  גרם,false,1,17.90,2.24,true,1,
7290002327103,false,ג חנון בטעם מיוחד,נטו מלינדה סחר בעמ,,,"י""ח",1,"ק""ג",false,1,21.90,21.90,true,1,
7290002331025,false,נביעות 500 ספורט,החברה המרכזית להפצת משקאות בעמ,,,"י""ח",500,"ל  מ""ל",false,1,3.30,0.60,false,1,
7290002331094,false,נביעות 755 מייל בודד,החברה המרכזית להפצת משקאות בעמ,,,"י""ח",755,"ל  מ""ל",false,1,4.30,0.53,false,1,
7290002331155,false,מינרלים אפרסק 0.5 ליטר,החברה המרכזית להפצת משקאות בעמ,,,"י""ח",500,"ל  מ""ל",false,1,5.80,1.10,false,1,
7290002331711,false,מינרלים תפוח 0.5 ליטר,החברה המרכזית להפצת משקאות בעמ,,,"י""ח",500,"ל  מ""ל",false,1,5.80,1.10,false,1,
7290002348238,false,לפתן אננס  חתוך 850 ג וויליגר,נטו מלינדה סחר בעמ,,,"י""ח",850,ל  גרם,false,1,8.90,1.05,false,1,
7290002348306,false,קוקטיל פירות,נטו מלינדה סחר בעמ,,,"י""ח",850,ל  גרם,false,1,11.90,1.40,true,1,
7290002360278,false,תה פומפדור-מנטה,ש.שסטוביץ בעמ,,,"י""ח",45,ל  גרם,false,1,13.90,30.89,true,1,
7290002360285,false,תה פומפדור-קמומיל,ש.שסטוביץ בעמ,,,"י""ח",30,ל  גרם,false,1,13.90,46.33,true,1,
7290002371854,false,"נקניקיות חריפות 1ק""ג",תנובה בשר,,,"י""ח",1,"ק""ג",false,1,31.90,31.90,false,1,
7290002374268,false,שמן חמניות מילומור 1 ליטר.,סוגת תעשיות בעמ,,,"י""ח",1,ליטר,false,1,11.90,11.90,false,1,
7290002374312,false,שמן קנולה מילו 1 ליטר,סוגת תעשיות בעמ,,,"י""ח",1,ליטר,false,1,10.90,10.90,false,1,
7290002485025,false,חומוס מסעדות 500 גרם,סלטי שמיר2006בעמ,,,"י""ח",500,ל  גרם,false,1,15.90,3.18,false,1,
7290002512004,false,מלווח צנעני 900גר,א.ג בחירה חכמה בעמ,,,"י""ח",900,ל  גרם,false,1,19.90,2.21,false,1,
7290002512011,false,ג חנון בצק 900ג צנעני,א.ג בחירה חכמה בעמ,,,"י""ח",900,ל  גרם,false,1,19.90,2.21,false,1,
7290002515333,false,"אל סבון עדין לתינוק 500 מ""ל",פישר תעשיות פרמבצטיות בעמ,,,"י""ח",400,"ל  מ""ל",false,1,18.60,4.65,false,1,
7290002515371,false,קמיל בלו 1 ליטר,פישר תעשיות פרמבצטיות בעמ,,,"י""ח",1,ליטר,false,1,26.90,26.90,true,1,
7290002543237,false,קורנפלקס 750 גרם קלוגס,דיפלומט מפיצים (1968) בעמ**,,,"י""ח",750,ל  גרם,false,1,16.90,2.25,true,1,
7290002618690,false,שף הים-קציצות דג 700גר,קפוא זן תעשיות מזון בעמ,,,"י""ח",700,ל  גרם,false,1,29.90,4.27,false,1,
7290002627210,false,~גפילטע פיש 520גר`=,נטו מלינדה סחר בעמ,,,"י""ח",520,ל  גרם,false,1,9.90,1.90,false,1,
7290002631101,false,פלפל אדום,מ.סידס ובנו בעמ,,,"י""ח",82,ל  גרם,false,1,14.90,18.17,false,1,
7290002674221,false,אקווה פרש מנטה משאבה 100,גורי ע.ע.ע. בעמ,,,"י""ח",100,ל  גרם,false,1,12.90,12.90,false,1,
7290002692478,false,"שמן זית כתית עץ הזית  750 מ""ל",סוגת תעשיות בעמ,,,"י""ח",750,"ל  מ""ל",false,1,29.90,3.99,true,1,
7290002707134,false,"קמח חיטה לבן בהיר 1ק""ג",טחנות קמח מפרץ בעמ,,,"י""ח",1,"ק""ג",false,1,4.40,4.40,true,1,
7290002730262,false,"פלמוליב נוזל כלים 750מ""ל",ש.שסטוביץ בעמ,,,"י""ח",750,"ל  מ""ל",false,1,11.90,1.59,true,1,
7290002730521,false,בלונס צימרונים,ש.שסטוביץ בעמ,,,"י""ח",100,ל  גרם,false,1,5.90,5.90,false,1,
7290002730675,false,"##קולגייט אדומה 100 מ""ל",ש.שסטוביץ בעמ,,,"י""ח",100,"ל  מ""ל",false,1,10.90,10.90,false,1,
7290002730811,false,קולגייט ג ל משפחתי,ש.שסטוביץ בעמ,,,"י""ח",138,ל  גרם,false,1,13.10,9.49,true,1,
7290002730941,false,בלונס צמר גפן,ש.שסטוביץ בעמ,,,"י""ח",100,ל  גרם,false,1,5.90,5.90,false,1,
7290002730958,false,סבון מוצק זיתים פלמוליב  4יח,ש.שסטוביץ בעמ,,,"י""ח",360,ל  גרם,false,1,16.90,4.69,true,1,
7290002735014,false,מלווח ארוז 800ג  -יינון,קפוא זן תעשיות מזון בעמ,,,"י""ח",800,ל  גרם,false,1,13.90,1.74,false,1,
7290002735021,false,ג חנון ינון 750ג,קפוא זן תעשיות מזון בעמ,,,"י""ח",750,ל  גרם,false,1,14.90,1.99,false,1,
7290002735113,false,בורקס  גבינה}ינון{,קפוא זן תעשיות מזון בעמ,,,"י""ח",800,ל  גרם,false,1,15.90,1.99,false,1,
7290002735120,false,"בורקס תפו""א ינון",קפוא זן תעשיות מזון בעמ,,,"י""ח",800,ל  גרם,false,1,13.90,1.74,false,1,
7290002735212,false,קונכיות,לפ הקצבים שיווק מוצרי בשר,,,"י""ח",800,ל  גרם,false,1,22.90,2.86,false,1,
7290002735274,false,ג חנון אפוי,קפוא זן תעשיות מזון בעמ,,,"י""ח",600,ל  גרם,false,1,15.90,2.65,false,1,
7290002750154,false,לחמניה יאמיס שישייה אפיה מקומית,ג נרל מילס ישראל בעמ,,,"י""ח",1,,false,1,11.90,11.90,true,1,
7290002752332,false,מנטוס גלילים פירות,ליימן שליסל,,,"י""ח",37.50,ל  גרם,false,1,3.30,8.80,true,1,
7290002752349,false,מנטוס גלילים מנטה,ליימן שליסל,,,"י""ח",37.50,ל  גרם,false,1,3.30,8.80,true,1,
7290002752493,false,טיק טק רביעיות מנטה,פרימיום - חברה לדברי מתיקה ולמ,,,"י""ח",250,ל  גרם,false,1,11.40,4.56,true,1,
7290002753223,false,טיק טק 4 יח,ליימן שליסל,,,"י""ח",1,,false,1,10.90,10.90,false,1,
7290002768036,false,תאדנט מי פה+פלו,החב הדרומית לשיווק,,,"י""ח",1.50,"י""ח",false,1,14.70,9.80,false,1,
7290002768043,false,תאדנט מי פה ענק,החב הדרומית לשיווק,,,"י""ח",150,"ל  מ""ל",false,1,14.70,9.80,false,1,
7290002768074,false,דרמפון 1 ליטר,החב הדרומית לשיווק,,,"י""ח",1,ליטר,false,1,17.80,17.80,false,1,
7290002768159,false,בת אורן-סבון אמב,החב הדרומית לשיווק,,,"י""ח",500,"ל  מ""ל",false,1,17.90,3.58,false,1,
7290002771104,false,קפה אלנחלה 500גר  עם הל,קפה אל נחלה בני רפיק,,,"י""ח",500,ל  גרם,false,1,31.90,6.38,false,1,
7290002771111,false,.קפה אלנחילה 250 גר עם הל,קפה אל נחלה בני רפיק,,,"י""ח",2.50,"י""ח",false,1,15.90,6.36,false,1,
7290002782131,false,דאודורנט ספריי פנינה,פנינה רוזנבלום בעמ,,,"י""ח",150,"ל  מ""ל",false,1,23.90,15.93,true,1,
7290002782742,false,דאודורנט פנינה חדש 2,פנינה רוזנבלום בעמ,,,"י""ח",150,"ל  מ""ל",false,1,16.90,11.27,true,1,
7290002782759,false,קרם גוף פ. רוזנבלום מס 2,פנינה רוזנבלום בעמ,,,"י""ח",500,"ל  מ""ל",false,1,22.90,4.58,true,1,
7290002805151,false,סיף נוזל רצפות סחלבים 4לי,יוניליוור ישראל שיווק בעמ,,,"י""ח",4,ליטר,false,1,16.90,4.23,false,1,
7290002824183,false,גבינה סקי 5% 500 גרם*,"שטראוס גרופ ***בע""מ",,,"י""ח",500,ל  גרם,false,1,9.50,1.90,true,1,
7290002824466,false,דנונה ביו  %0 שומן,"שטראוס גרופ ***בע""מ",,,"י""ח",200,"ל  מ""ל",false,1,3.70,1.85,true,1,
7290002824640,false,גבינה סקי 5% 250  גרם*,"שטראוס גרופ ***בע""מ",,,"י""ח",250,ל  גרם,false,1,4.97,1.99,true,1,
7290002825722,false,סלט כרוב אדום שטראוס 500גרם,"שטראוס גרופ ***בע""מ",,,"י""ח",500,ל  גרם,false,1,14.90,2.98,true,1,
7290002842002,false,פתיתי ש. שועל מורנפלייק 500ג,ליימן שליסל,,,"י""ח",500,ל  גרם,false,1,10.90,2.18,false,1,
7290002868996,false,קוטג  5% מועשר 250 גרם,*החברה המרכזית להפצת משקאותבעמ,,,"י""ח",250,ל  גרם,false,1,5.70,2.28,true,1,
7290002905462,false,מקל אלומיניום למטאטא,לפ סולומון סולור,,,"י""ח",1,,false,1,4.30,4.30,false,1,
7290002921240,false,שמפוזר-קרבונה אדום,יעקב יעקבי ובניו בעמ,,,"י""ח",650,"ל  מ""ל",false,1,24.90,3.83,false,1,
7290002922117,false,עוגיות אקלר פרמיום,הלל בן הלל שיווק ומסחר בעמ,,,"י""ח",250,ל  גרם,false,1,23.90,9.56,false,1,
7290002939528,false,גידים  עטרה}קפוא{,נטו מלינדה סחר בעמ,,,"י""ח",1,,true,1,59.90,59.90,false,1,
7290002954026,false,שמן תירס 3  ל]שוקחה[,בני ג ורג שוקחה (חיפה) בעמ,,,"י""ח",3,ליטר,false,1,44.90,14.97,false,1,
7290002954187,false,"אורז יסמין 5ק""ג מדליה",בני ג ורג שוקחה (חיפה) בעמ,,,"י""ח",5,"ק""ג",false,1,42.90,8.58,false,1,
7290002987963,false,"חומוס אחלה 1 ק""ג שטראוס","שטראוס גרופ ***בע""מ",,,"י""ח",1,"ק""ג",false,1,13.90,13.90,true,1,
7290003009312,false,בוטן קלוי 200 גרם שקית קליית גת,ליימן שליסל,,,"י""ח",200,ל  גרם,false,1,6.60,3.30,true,1,
7290003009329,false,בוטן אמריקאי 200 גרם,ליימן שליסל,,,"י""ח",200,ל  גרם,false,1,5.90,2.95,true,1,
7290003009336,false,קבוקים 200 ג,ליימן שליסל,,,"י""ח",200,ל  גרם,false,1,5.90,2.95,true,1,
7290003009640,false,פריגת סחוט 100%,*החברה המרכזית להפצת משקאותבעמ,,,"י""ח",1,ליטר,false,1,16.20,16.20,true,1,
7290003026036,false,קמיל בלו אל סבון  סנסטיב ליטר,פישר תעשיות פרמבצטיות בעמ,,,"י""ח",1,ליטר,false,1,32.90,32.90,true,1,
7290003026197,false,קמיל פלוס שמן טי,פישר תעשיות פרמבצטיות בעמ,,,"י""ח",520,"ל  מ""ל",false,1,30,5.77,true,1,
7290003026319,false,קמיל פלוס משחה לתינוק 120גר,פישר תעשיות פרמבצטיות בעמ,,,"י""ח",120,ל  גרם,false,1,18.90,15.75,true,1,
7290003029181,false,שוקו 1 ליטר בקבוק יטבתה,"שטראוס גרופ ***בע""מ",,,"י""ח",1,ליטר,false,1,11.90,11.90,true,1,
7290003029372,false,משקה חלב בננה 1ליטר בקבוק יטבתה,"שטראוס גרופ ***בע""מ",,,"י""ח",1,ליטר,false,1,11.90,11.90,true,1,
7290003029389,false,שוקו בטעם בננה יטבתה פקק 250מל.,"שטראוס גרופ ***בע""מ",,,"י""ח",250,"ל  מ""ל",false,1,5.50,2.20,true,1,
7290003029433,false,"שוקו יטבתה בקבוק 250מ""ל מהדרין","שטראוס גרופ ***בע""מ",,,"י""ח",250,"ל  מ""ל",false,1,5.50,2.20,true,1,
7290003029532,false,מוקה 1 ליטר יטבתה,"שטראוס גרופ ***בע""מ",,,"י""ח",1,ליטר,false,1,11.90,11.90,true,1,
7290003029617,false,שמנת מנה אישית,"שטראוס גרופ ***בע""מ",,,"י""ח",125,"ל  מ""ל",false,1,1.90,1.52,true,1,
7290003029792,false,מארז שוקו 8 יח  (יוטבתה),"שטראוס גרופ ***בע""מ",,,"י""ח",1.80,ליטר,false,1,18.90,10.50,true,1,
7290003029815,false,חלב יטבתה מעושר 2 ליטר,"שטראוס גרופ ***בע""מ",,,"י""ח",2,ליטר,false,1,15.20,7.60,true,1,
7290003029907,false,אייס קפה יטבתה 1 ליטר בקבוק,"שטראוס גרופ ***בע""מ",,,"י""ח",1,ליטר,false,1,11.90,11.90,true,1,
7290003047642,false,תה ליפטון 100שקיות (ללא עטיפה),יוניליוור ישראל שיווק בעמ,,,"י""ח",150,ל  גרם,false,1,12.90,8.60,false,1,
7290003054657,false,חרדל דיג ון אקסטרא פורטה דיפלומט,דיפלומט מפיצים (1968) בעמ**,,,"י""ח",370,ל  גרם,false,1,11.50,3.11,false,1,
7290003102280,false,צימרונים לתינוק,אינטרסן (1996) בעמ,,,"י""ח",1,"י""ח",false,1,3.90,3.90,false,1,
7290003102990,false,מרפדיות כותנה 70 יח,אינטרסן (1996) בעמ,,,"י""ח",1,,false,1,7.90,7.90,true,1,
7290003119509,false,בקבוק ריק 1.20,שונות /שרות,,,"י""ח",1,"י""ח",false,1,1.20,1.20,false,1,
7290003121090,false,מג יק ירקות בשקית,נטו מלינדה סחר בעמ,,,"י""ח",85,ל  גרם,false,1,2.50,2.94,false,1,
7290003126712,false,"יוגורט עזים 3% ביו 150מ""ל",*החברה המרכזית להפצת משקאותבעמ,,,"י""ח",140,"ל  מ""ל",false,1,6.30,4.50,true,1,
7290003126958,false,טופו טבעי בואקום 300גר,*החברה המרכזית להפצת משקאותבעמ,,,"י""ח",300,ל  גרם,false,1,12.10,4.03,false,1,
7290003127597,false,שקית שרות קופה גופיה,שונות /שרות,,,"י""ח",1,,false,1,0.10,0.10,false,1,
7290003189076,false,פיצרלה  500 גרם,גבינות הכפר בעמ,,,"י""ח",500,ל  גרם,false,1,19.90,3.98,false,1,
7290003199273,false,צמר פלדה 200 גרם ינה,ח.כהן סוכנות מזון ומשקאות בע,,,"י""ח",200,ל  גרם,false,1,6.90,3.45,false,1,
7290003229109,false,פסטרמה הודו בפפריקה,תנובה בשר,,,"י""ח",400,ל  גרם,false,1,25.90,6.48,false,1,
7290003229116,false,פסטרמה הודו בדבש טירת צבי,תנובה בשר,,,"י""ח",400,ל  גרם,false,1,25.90,6.48,false,1,
7290003229147,false,סלמי איטלקי מעושן,תנובה בשר,,,"י""ח",300,ל  גרם,false,1,24.90,8.30,false,1,
7290003258406,false,ווקס ברילנטין,פנינה רוזנבלום בעמ,,,"י""ח",100,"ל  מ""ל",false,1,18.90,18.90,false,1,
7290003321155,false,דנונה  בר קראנצי שבבי פקאן,"שטראוס גרופ ***בע""מ",,,"י""ח",175,"ל  מ""ל",false,1,4.60,2.63,true,1,
7290003321292,false,סקי 9% 250 גר*,"שטראוס גרופ ***בע""מ",,,"י""ח",250,ל  גרם,false,1,4.80,1.92,true,1,
7290003364107,false,צעצועים שונים 7,צעצועי דורון ~~~,,,"י""ח",1,,false,1,40,40,false,1,
7290003364275,false,4 מצתים אלקטרוניים,צעצועי דורון ~~~,,,"י""ח",1,,false,1,10,10,false,1,
7290003364343,false,משחק פעילות,צעצועי דורון ~~~,,,"י""ח",1,,false,1,23.90,23.90,false,1,
7290003364473,false,פאזל,צעצועי דורון ~~~,,,"י""ח",1,,false,1,20,20,false,1,
7290003401376,false,לחות לשיער  נטורל}קלאסיק{,החב הדרומית לשיווק,,,"י""ח",400,"ל  מ""ל",false,1,19.90,4.98,false,1,
7290003401420,false,לחות לשער  נטורל}קלאסיק{,החב הדרומית לשיווק,,,"י""ח",400,"ל  מ""ל",false,1,19.90,4.98,false,1,
7290003438006,false,ממרח פסטו צנובר,תה ויסוצקי (ישראל)בעמ,,,"י""ח",190,ל  גרם,false,1,13.90,7.32,true,1,
7290003438013,false,ממרח זיתים,תה ויסוצקי (ישראל)בעמ,,,"י""ח",190,ל  גרם,false,1,13.90,7.32,true,1,
7290003438020,false,ממרח עגבניות מיובשות,תה ויסוצקי (ישראל)בעמ,,,"י""ח",190,ל  גרם,false,1,13.90,7.32,true,1,
7290003450602,false,ממרח חרדל צהוב היינץ,דיפלומט מפיצים (1968) בעמ**,,,"י""ח",255,ל  גרם,false,1,8.90,3.49,false,1,
7290003521074,false,סרקל מרכך 1 ליטר,פישר תעשיות פרמבצטיות בעמ,,,"י""ח",1,ליטר,false,1,29.90,29.90,false,1,
7290003521197,false,סרקל מתיר קשרים ספריי,פישר תעשיות פרמבצטיות בעמ,,,"י""ח",340,"ל  מ""ל",false,1,25.90,7.62,false,1,
7290003525898,false,סלט טונה מארז שלישיה 3 *160 ג,נטו מלינדה סחר בעמ,,,"י""ח",180,ל  גרם,false,1,14.90,8.28,false,1,
7290003526444,false,אננס חתוך ויליגר A2,נטו מלינדה סחר בעמ,,,"י""ח",1,,false,1,6.10,6.10,false,1,
7290003526864,false,פטריות חתוך 290 גרם,נטו מלינדה סחר בעמ,,,"י""ח",290,ל  גרם,false,1,5,1.72,false,1,
7290003550753,false,טונה פוסידון רביעיות,נטו מלינדה סחר בעמ,,,"י""ח",340,ל  גרם,false,1,19.90,5.85,false,1,
7290003593170,false,צלי כתף,ב ספק בשר קפוא,,,"ק""ג",1,,true,1,59.90,59.90,false,1,
7290003643004,false,"אורז בסמטי קלאסי  סוגת1 ק""ג",סוגת תעשיות בעמ,,,"י""ח",1,"ק""ג",false,1,13.90,13.90,false,1,
7290003643387,false,"סוכר אריזת פלסטיק 1 ק""ג סוגת",סוגת תעשיות בעמ,,,"י""ח",1,"ק""ג",false,1,7.90,7.90,false,1,
7290003643646,false,סוכר חום דמררה סוגת,סוגת תעשיות בעמ,,,"י""ח",1,"ק""ג",false,1,13.90,13.90,false,1,
7290003643684,false,אפונה יבשה 500 גרם,סוגת תעשיות בעמ,,,"י""ח",500,ל  גרם,false,1,6.90,1.38,true,1,
7290003643707,false,גריסים 500 ג,סוגת תעשיות בעמ,,,"י""ח",500,ל  גרם,false,1,4.90,0.98,true,1,
7290003643714,false,חומוס 500 גרם סוגת,סוגת תעשיות בעמ,,,"י""ח",500,ל  גרם,false,1,7.90,1.58,true,1,
7290003643738,false,חיטה 500 גרם סוגת,סוגת תעשיות בעמ,,,"י""ח",500,ל  גרם,false,1,4.90,0.98,true,1,
7290003643745,false,כוסמת 500 גרם סוגת,סוגת תעשיות בעמ,,,"י""ח",500,ל  גרם,false,1,8.90,1.78,true,1,
7290003643752,false,~עדשים ירוקים 500 ג סוגת,סוגת תעשיות בעמ,,,"י""ח",500,ל  גרם,false,1,8.90,1.78,true,1,
7290003643769,false,עדשים אדומים 500 סוגת,סוגת תעשיות בעמ,,,"י""ח",500,ל  גרם,false,1,8.90,1.78,true,1,
7290003643776,false,פופקורן 500 גרם,סוגת תעשיות בעמ,,,"י""ח",500,ל  גרם,false,1,6.90,1.38,true,1,
7290003643806,false,שעועית לבנה 500 גרם סוגת,סוגת תעשיות בעמ,,,"י""ח",500,ל  גרם,false,1,11.90,2.38,true,1,
7290003643813,false,שעועית אדומה 500 גרם,סוגת תעשיות בעמ,,,"י""ח",500,ל  גרם,false,1,11.90,2.38,true,1,
7290003643820,false,חומוס ענק 500 סוגת,סוגת תעשיות בעמ,,,"י""ח",500,ל  גרם,false,1,10,2,true,1,
7290003681334,false,"קוקוס 400 גרם מיה בד""צ",מיה תעשיות מזון מ.ת.מ בעמ,,,"י""ח",400,ל  גרם,false,1,8.90,2.23,false,1,
7290003681365,false,סוכריות לקישוט צבעוני מיה,מיה תעשיות מזון מ.ת.מ בעמ,,,"י""ח",200,ל  גרם,false,1,4.90,2.45,false,1,
7290003681693,false,חומוס לבן ענק  500מיה,מיה תעשיות מזון מ.ת.מ בעמ,,,"י""ח",500,ל  גרם,false,1,8.90,1.78,false,1,
7290003681921,false,טופי פירות מיה,מיה תעשיות מזון מ.ת.מ בעמ,,,"י""ח",200,ל  גרם,false,1,6.10,3.05,true,1,
7290003781652,false,צלפים 370גר,ג.וילי פוד אינטרנשיונל בעמ,,,"י""ח",370,ל  גרם,false,1,8.90,2.41,false,1,
7290003804252,false,תיבולית נוסח הודי 72גרם,יוניליוור ישראל שיווק בעמ,,,"י""ח",72,ל  גרם,false,1,8.90,12.36,true,1,
7290003804320,false,תיבולית שום ופטרוזיליה  72גר,יוניליוור ישראל שיווק בעמ,,,"י""ח",72,ל  גרם,false,1,8.90,12.36,true,1,
7290003804382,false,תיבולית קוביות פטריות 72גרם,יוניליוור ישראל שיווק בעמ,,,"י""ח",72,ל  גרם,false,1,8.90,12.36,true,1,
7290003805501,false,פתית שבדי חסכוני 300 ג`,יוניליוור ישראל שיווק בעמ,,,"י""ח",300,ל  גרם,false,1,16.90,5.63,false,1,
7290003805587,false,"פתית ח.מ בד""צ",יוניליוור ישראל שיווק בעמ,,,"י""ח",250,ל  גרם,false,1,16.90,6.76,false,1,
7290003807178,false,"רוטב סויה 300 מ""ל סיג.סינ",יוניליוור ישראל שיווק בעמ,,,"י""ח",300,"ל  מ""ל",false,1,10.90,3.63,true,1,
7290003807482,false,"רוטב טריאקי 370 מ""ל",יוניליוור ישראל שיווק בעמ,,,"י""ח",370,"ל  מ""ל",false,1,10.90,2.95,true,1,
7290003864492,false,סרדין בשמן צמחי וילפוד,ג.וילי פוד אינטרנשיונל בעמ,,,"י""ח",110,ל  גרם,false,1,4.90,4.45,true,1,
7290003903788,false,קפוצינו וניל פחי,"שטראוס גרופ בע""מ",,,"י""ח",200,ל  גרם,false,1,24.20,12.10,true,1,
7290003989096,false,סלט חציל  פיקנטי-אחלה,"שטראוס גרופ ***בע""מ",,,"י""ח",500,ל  גרם,false,1,14.90,2.98,true,1,
7290003989539,false,רביולי גבינה שטראוס,"שטראוס גרופ ***בע""מ",,,"י""ח",400,ל  גרם,false,1,19.90,4.98,true,1,
7290003989553,false,טורטלוני פטריות  שטראוס,"שטראוס גרופ ***בע""מ",,,"י""ח",400,ל  גרם,false,1,19.90,4.98,true,1,
7290004048679,false,קובה למרק,נטו מלינדה סחר בעמ,,,"י""ח",1,"ק""ג",false,1,21.90,21.90,false,1,
7290004061449,false,שניצל אמריקאי 700 גרם,קפוא זן תעשיות מזון בעמ,,,"י""ח",700,ל  גרם,false,1,15.90,2.27,true,1,
7290004061487,false,טבעות עוף 700,קפוא זן תעשיות מזון בעמ,,,"י""ח",700,ל  גרם,false,1,16.90,2.41,true,1,
7290004061494,false,נגיסי עוף 700,קפוא זן תעשיות מזון בעמ,,,"י""ח",700,ל  גרם,false,1,16.90,2.41,true,1,
7290004063115,false,"מלח גביש 1  ק""ג}עבה{",סוגת תעשיות בעמ,,,"י""ח",1,"ק""ג",false,1,1.70,1.70,false,1,
7290004091255,false,וזלין פטרולאום ג ל 225,יוניליוור ישראל שיווק בעמ,,,"י""ח",225,"ל  מ""ל",false,1,19.35,8.60,false,1,
7290004119133,false,יוגורט כד1.5 ליטר 7%,תנובה בעמ ***,,,"י""ח",1.50,ליטר,false,1,17.50,11.67,false,1,
7290004119225,false,יופלה אננס,תנובה בעמ ***,,,"י""ח",150,"ל  מ""ל",false,1,5,3.33,false,1,
7290004120061,false,קרלו שוקו וניל,תנובה בעמ ***,,,"י""ח",125,"ל  מ""ל",false,1,3,2.40,false,1,
7290004120566,false,בולגרית פיראוס 24% 250 ג`,תנובה בעמ ***,,,"י""ח",250,ל  גרם,false,1,22.90,9.16,true,1,
7290004120573,false,פריאוס בולגרית 16% 250גר,תנובה בעמ ***,,,"י""ח",250,ל  גרם,false,1,23.20,9.28,false,1,
7290004120634,false,~בולגרית פיראוס 5% 250גר,תנובה בעמ ***,,,"י""ח",250,ל  גרם,false,1,21.90,8.76,true,1,
7290004121488,false,דיאט יופלה אפרסק,תנובה בעמ ***,,,"י""ח",150,"ל  מ""ל",false,1,5,3.33,false,1,
7290004121853,false,פיראוס בולגרית קוביות 5% 200גר,תנובה בעמ ***,,,"י""ח",200,ל  גרם,false,1,21.90,10.95,false,1,
7290004122119,false,פתיתי פרמזן לפסטה 23% השף הלבן 100גר,תנובה בעמ ***,,,"י""ח",100,ל  גרם,false,1,12.70,12.70,false,1,
7290004122195,false,גוש   חלב פרוס}מהדרין  {200ג`,תנובה בעמ ***,,,"י""ח",200,ל  גרם,false,1,13.80,6.90,false,1,
7290004122270,false,עמק פרוס בקופסא 200גר,תנובה בעמ ***,,,"י""ח",200,ל  גרם,false,1,16.10,8.05,true,1,
7290004122348,false,~עמק לייט 9% בקופסא 200 ג`,תנובה בעמ ***,,,"י""ח",200,ל  גרם,false,1,16.60,8.30,true,1,
7290004122676,false,חמד פיראוס 5% 250גר,תנובה בעמ ***,,,"י""ח",250,ל  גרם,false,1,18.50,7.40,true,1,
7290004122683,false,אצבעות עמק 172גר,תנובה בעמ ***,,,"י""ח",172,ל  גרם,false,1,16.40,9.53,true,1,
7290004124847,false,קצפת צמחית השף הלבן 500 מייל,תנובה בעמ ***,,,"י""ח",500,"ל  מ""ל",false,1,14.90,2.98,true,1,
7290004125370,false,שמנת 9% 200 ג,תנובה בעמ ***,,,"י""ח",200,"ל  מ""ל",false,1,3.70,1.85,false,1,
7290004125400,false,אשל  *4.5%,תנובה בעמ ***,,,"י""ח",200,"ל  מ""ל",false,1,1.69,0.85,false,1,
7290004125417,false,גיל  *3% 200 ג`,תנובה בעמ ***,,,"י""ח",200,ל  גרם,false,1,1.51,0.76,false,1,
7290004125455,false,"שמנת תנובה 15% מהדרין 200  מ""ל*",תנובה בעמ ***,,,"י""ח",200,"ל  מ""ל",false,1,2.40,1.20,false,1,
7290004125462,false,שמנת חמוצה 15% 500 ג*,תנובה בעמ ***,,,"י""ח",500,"ל  מ""ל",false,1,6,1.20,false,1,
7290004125509,false,"שמנת תנובה 15% חצי מנה 100 מ""ל",תנובה בעמ ***,,,"י""ח",100,"ל  מ""ל",false,1,1.80,1.80,false,1,
7290004125585,false,משקה סויה על הבוקר תנובה,תנובה בעמ ***,,,"י""ח",1,ליטר,false,1,10.90,10.90,true,1,
7290004125721,false,שמנת  לבישול השף תנובה 250 מייל,תנובה בעמ ***,,,"י""ח",250,"ל  מ""ל",false,1,8.20,3.28,false,1,
7290004125738,false,"שמנת לקצפת השף 250 מ""ל  32%( תנובה)",תנובה בעמ ***,,,"י""ח",250,"ל  מ""ל",false,1,6.50,2.60,false,1,
7290004125776,false,עמק קלאסית פרוס בקופסא 400 גרם,תנובה בעמ ***,,,"י""ח",400,ל  גרם,false,1,29.90,7.48,true,1,
7290004126674,false,טל העמק לייט 9% 200גר,תנובה בעמ ***,,,"י""ח",200,ל  גרם,false,1,18.50,9.25,false,1,
7290004126759,false,דאיט יופלה פירות יער טו יוג פרי 150גר.,תנובה בעמ ***,,,"י""ח",150,"ל  מ""ל",false,1,5,3.33,false,1,
7290004127329,false,קוטג% `5מהדרין תנובה 250,תנובה בעמ ***,,,"י""ח",275,ל  גרם,false,1,5.50,2,false,1,
7290004127336,false,קוטג 9%  מהדרין תנובה 250,תנובה בעמ ***,,,"י""ח",250,ל  גרם,false,1,5.50,2.20,false,1,
7290004127800,false,גבינה 5% 500 גרם*תנובה,תנובה בעמ ***,,,"י""ח",500,ל  גרם,false,1,9.96,1.99,false,1,
7290004127817,false,גבינה 9% 500 גרם תנובה,תנובה בעמ ***,,,"י""ח",500,ל  גרם,false,1,9.50,1.90,false,1,
7290004127862,false,"גבינה לבנה תנובה  5% 750  ג""ר*",תנובה בעמ ***,,,"י""ח",750,ל  גרם,false,1,14.94,1.99,true,1,
7290004129101,false,נפוליאון  בטעם טבעי,תנובה בעמ ***,,,"י""ח",225,ל  גרם,false,1,14.20,6.31,false,1,
7290004129156,false,נפוליאון 30% שומ,תנובה בעמ ***,,,"י""ח",225,ל  גרם,false,1,14.20,6.31,false,1,
7290004130794,false,משקה סויה מעושר טבעי 1 ל תנובה,תנובה בעמ ***,,,"י""ח",1,ליטר,false,1,10.90,10.90,true,1,
7290004130916,false,יופלה  פירות יער בשמנת,תנובה בעמ ***,,,"י""ח",150,"ל  מ""ל",false,1,5,3.33,false,1,
7290004131074,false,חלב 3% מהדרין תנובה קרטון+פקק   * 1 ל`,תנובה בעמ ***,,,"י""ח",1,ליטר,false,1,6.23,6.23,false,1,
7290004131814,false,צפתית מעודנת פיראוס 200 ג  5%,תנובה בעמ ***,,,"י""ח",200,ל  גרם,false,1,14.90,7.45,false,1,
7290004132552,false,דיאט סויה טבעי 1 ליטר,תנובה בעמ ***,,,"י""ח",1,ליטר,false,1,10.90,10.90,true,1,
7290004132712,false,אצבעות מוצרלה 172גר,תנובה בעמ ***,,,"י""ח",172,ל  גרם,false,1,16.90,9.83,true,1,
7290004133511,false,יופלה לבן מאגדת שמיניה,תנובה בעמ ***,,,"י""ח",1.20,ליטר,false,1,20.90,17.42,false,1,
7290004134945,false,יופלה טעם מוקה 3% 150ג,תנובה בעמ ***,,,"י""ח",150,"ל  מ""ל",false,1,5,3.33,false,1,
7290004135614,false,בולגרית מעודנת פיראוס  5% 250גר,תנובה בעמ ***,,,"י""ח",250,ל  גרם,false,1,21.90,8.76,false,1,
7290004136857,false,מעדן ג לי בטעם פטל,תנובה בעמ ***,,,"י""ח",125,"ל  מ""ל",false,1,2.30,1.84,false,1,
7290004136871,false,מעדן ג לי בטעם אפרסק,תנובה בעמ ***,,,"י""ח",125,"ל  מ""ל",false,1,2.80,2.24,false,1,
7290004137021,false,שמנת לבישול תנובה 250 מייל,תנובה בעמ ***,,,"י""ח",250,"ל  מ""ל",false,1,8.20,3.28,false,1,
7290004137311,false,עמק לייט %9משפחתית 400גר,תנובה בעמ ***,,,"י""ח",400,ל  גרם,false,1,30.90,7.73,true,1,
7290004146986,false,שמפו נקה -7 לשיער צבוע,החב הדרומית לשיווק,,,"י""ח",750,"ל  מ""ל",false,1,11.90,1.59,false,1,
7290004199203,false,קיסמי שיניים 300,אינטרסן (1996) בעמ,,,"י""ח",1,,false,1,3.90,3.90,true,1,
7290004199579,false,פלסטר 100 יחידות,אינטרסן (1996) בעמ,,,"י""ח",100,"י""ח",false,1,9.90,0.10,true,1,
7290004199791,false,כפפות לאטקס 100 יח  M,אינטרסן (1996) בעמ,,,"י""ח",1,,false,1,22.90,22.90,true,1,
7290004199807,false,כפפות לאטקס 100 יח  L,אינטרסן (1996) בעמ,,,"י""ח",1,,false,1,22.90,22.90,true,1,
7290004200282,false,פרסים רמה 7,שמחה זה אנחנו,,,"י""ח",1,,false,1,16.50,16.50,false,1,
7290004263652,false,נקניקיות  עוף(עטרה) 400ג,נטו מלינדה סחר בעמ,,,"י""ח",400,ל  גרם,false,1,8.90,2.23,true,1,
7290004263676,false,טחון   הודו}עטרה{500ג,נטו מלינדה סחר בעמ,,,"י""ח",500,ל  גרם,false,1,12.90,2.58,false,1,
7290004324605,false,מון בלאן רוקפורט,נטו מלינדה סחר בעמ,,,"י""ח",120,ל  גרם,false,1,8.90,7.42,false,1,
7290004324858,false,קבב כבש 400 גרם,נטו מלינדה סחר בעמ,,,"י""ח",500,ל  גרם,false,1,17.90,3.58,true,1,
7290004492762,false,נשנשים תירס 325 גרם,יוניליוור ישראל שיווק בעמ,,,"י""ח",325,ל  גרם,false,1,12.70,3.91,false,1,
7290004494131,false,דלתון קברנה סובניון D.,הכרם משקאות חריפים בעמ,,,"י""ח",750,"ל  מ""ל",false,1,49.90,6.61,false,1,
7290004494148,false,דלתון מרלו D.,הכרם משקאות חריפים בעמ,,,"י""ח",750,"ל  מ""ל",false,1,49.90,6.61,false,1,
7290004554330,false,אסקימו דובדבן,גלידות שטראוס בעמ,,,"י""ח",1,,false,1,1.90,1.90,true,1,
7290004554781,false,אסקימו לימון,גלידות שטראוס בעמ,,,"י""ח",1,,false,1,2.90,2.90,true,1,
7290004584351,false,סימפוניה החמישית 200 ג,"שטראוס גרופ ***בע""מ",,,"י""ח",200,ל  גרם,false,1,11.40,5.70,true,1,
7290004584528,false,דנונה ביו 1.7% שומן,"שטראוס גרופ ***בע""מ",,,"י""ח",200,"ל  מ""ל",false,1,3.70,1.85,true,1,
7290004585907,false,דני וניל,"שטראוס גרופ ***בע""מ",,,"י""ח",130,"ל  מ""ל",false,1,2.70,2.08,true,1,
7290004639006,false,סולטנה קוסקוס  תוניסאי}מטעמי  פאר{,מטעמי פאר (א.מ.נ) בעמ,,,"י""ח",800,ל  גרם,false,1,15.90,1.99,false,1,
7290004731090,false,אל סבון כיף 1 ליטר,החב הדרומית לשיווק,,,"י""ח",1,ליטר,false,1,13.90,13.90,false,1,
7290004731472,false,כיף אלסבון שלישייה,החב הדרומית לשיווק,,,"י""ח",1.50,ליטר,false,1,20.90,13.93,false,1,
7290004731519,false,תרסיס מקסימה סנסטיב ורוד למייבש כביסה,החב הדרומית לשיווק,,,"י""ח",750,"ל  מ""ל",false,1,17.90,2.39,true,1,
7290004731557,false,תרסיס מקסימה מאסק למייבש כביסה,החב הדרומית לשיווק,,,"י""ח",750,"ל  מ""ל",false,1,17.90,2.39,true,1,
7290004731670,false,דאופרש מטהר אוויר,החב הדרומית לשיווק,,,"י""ח",300,"ל  מ""ל",false,1,9.90,3.30,false,1,
7290004737900,false,חלב מרוכז ממותק ויליפוד,ג.וילי פוד אינטרנשיונל בעמ,,,"י""ח",397,ל  גרם,false,1,9.90,2.49,false,1,
7290004861315,false,לבנה טבעי/ירקות שקיל 5%,מחלבות המושבה בעמ,,,"ק""ג",1,,true,1,39.90,39.90,false,1,
7290004861421,false,חלומי שקיל  המושבה,מחלבות המושבה בעמ,,,"ק""ג",1,"ק""ג",true,1,79.90,79.90,false,1,
7290004944032,false,חומוס אסלי 400 ג,סלטי שמיר2006בעמ,,,"י""ח",400,ל  גרם,false,1,9.90,2.48,true,1,
7290004944049,false,טחינה 400 ג אסלי,סלטי שמיר2006בעמ,,,"י""ח",400,ל  גרם,false,1,9.90,2.48,true,1,
7290004944056,false,חציל במיונז אסלי 400ג,סלטי שמיר2006בעמ,,,"י""ח",400,ל  גרם,false,1,9.90,2.48,true,1,
7290004944063,false,סלט טורקי 400 ג,סלטי שמיר2006בעמ,,,"י""ח",400,ל  גרם,false,1,10.90,2.73,true,1,
7290005008481,false,##ספיד סטיק לגבר ג`ל כחול,ש.שסטוביץ בעמ,,,"י""ח",85,ל  גרם,false,1,15.90,18.71,true,1,
7290005068058,false,תירס קל פרי גליל A2,ויטה- פרי גליל (החדשה) בעמ,,,"י""ח",550,ל  גרם,false,1,7.90,1.44,false,1,
7290005084355,false,סנסודין דואל קר,גורי ע.ע.ע. בעמ,,,"י""ח",75,ל  גרם,false,1,20.90,27.87,true,1,
7290005111761,false,"בונזו בשר 3 ק""ג",דיפלומט מפיצים (1968) בעמ**,,,"י""ח",3,"ק""ג",false,1,44.90,14.97,false,1,
7290005174513,false,סלט חציל במיונז אחלה 500גרם,"שטראוס גרופ ***בע""מ",,,"י""ח",500,ל  גרם,false,1,14.90,2.98,true,1,
7290005174551,false,חומוס יום יום אחלה,"שטראוס גרופ ***בע""מ",,,"י""ח",125,ל  גרם,false,1,4.90,3.92,true,1,
7290005174568,false,חצילים יום יום,"שטראוס גרופ ***בע""מ",,,"י""ח",125,ל  גרם,false,1,4.90,3.92,true,1,
7290005174575,false,טחינה יום יום,"שטראוס גרופ ***בע""מ",,,"י""ח",125,ל  גרם,false,1,4.90,3.92,true,1,
7290005197758,false,חיוכים שוקו  150במגש,"שטראוס גרופ בע""מ",,,"י""ח",150,ל  גרם,false,1,4.90,3.27,true,1,
7290005199288,false,מסטיק מאסט פטל לימון,"שטראוס גרופ בע""מ",,,"י""ח",28,ל  גרם,false,1,4.30,15.36,true,1,
7290005199738,false,מסטיק מאסט ריח,"שטראוס גרופ בע""מ",,,"י""ח",28,ל  גרם,false,1,4.30,15.36,true,1,
7290005200786,false,תפוצ יפס שמנת ובצל,"שטראוס פריטו ליי בע""מ",,,"י""ח",50,ל  גרם,false,1,4.50,9,true,1,
7290005201882,false,קפה טורקי שקית 200 עלית,"שטראוס גרופ בע""מ",,,"י""ח",200,ל  גרם,false,1,17.90,8.95,true,1,
7290005287206,false,טונה סטארקיסט  בשמן 160גרם רבעייה,דיפלומט מפיצים (1968) בעמ**,,,"י""ח",640,ל  גרם,false,1,26.90,4.20,true,1,
7290005287251,false,~טונה סטארקיסט  במים רביעייה,דיפלומט מפיצים (1968) בעמ**,,,"י""ח",640,ל  גרם,false,1,26.90,4.20,true,1,
7290005287657,false,ממרח טונה סטארקיסט 160ג,דיפלומט מפיצים (1968) בעמ**,,,"י""ח",160,ל  גרם,false,1,6.50,4.06,true,1,
7290005296246,false,כלורקס פלמר לפתיחת סתימות,יעקב יעקבי ובניו בעמ,,,"י""ח",946,"ל  מ""ל",false,1,26.90,2.84,false,1,
7290005296260,false,אסטוניש רסס ונגב,יעקב יעקבי ובניו בעמ,,,"י""ח",750,"ל  מ""ל",false,1,11.90,1.59,true,1,
7290005317200,false,קרקר טופז רגיל 110גר הדר,ח.כהן סוכנות מזון ומשקאות בע,,,"י""ח",110,ל  גרם,false,1,2.90,2.64,true,1,
7290005423253,false,תרסיס מקסימה כחול אולטרה למייבש כביסה,החב הדרומית לשיווק,,,"י""ח",750,"ל  מ""ל",false,1,17.90,2.39,true,1,
7290005423567,false,מטליות בגליל סושי,החב הדרומית לשיווק,,,"י""ח",1,,false,1,18.90,18.90,false,1,
7290005423635,false,ריצפז דוחה חרקים 2 ליטר,החב הדרומית לשיווק,,,"י""ח",2,ליטר,false,1,19.90,9.95,false,1,
7290005423734,false,מקסימה מרכך 4 ל  אולטרא,החב הדרומית לשיווק,,,"י""ח",4,ליטר,false,1,21.90,5.48,false,1,
7290005423871,false,אורביטול שלישיה סודה,החב הדרומית לשיווק,,,"י""ח",435,ל  גרם,false,1,16.50,3.79,false,1,
7290005423918,false,מרכך כביסה מקסימה  ירוק 4 ליטר,החב הדרומית לשיווק,,,"י""ח",4,ליטר,false,1,21.90,5.48,false,1,
7290005424403,false,אל סבון כיף 1 ליטר,החב הדרומית לשיווק,,,"י""ח",1,ליטר,false,1,13.90,13.90,false,1,
7290005424762,false,ריצפז ווקס דוחה חרקים 2 ליטר,החב הדרומית לשיווק,,,"י""ח",2,ליטר,false,1,25.90,12.95,false,1,
7290005424847,false,סנו סופט 150 מפיות לבן.,החב הדרומית לשיווק,,,"י""ח",150,"י""ח",false,1,7.90,0.05,false,1,
7290005425202,false,"א.כביסה מקסימה 2.5 ק""ג",החב הדרומית לשיווק,,,"י""ח",2.50,"ק""ג",false,1,25.90,10.36,false,1,
7290005425646,false,סנו קליר אקדח 1ליטר,החב הדרומית לשיווק,,,"י""ח",1,ליטר,false,1,9.90,9.90,false,1,
7290005426193,false,ספוג הפלא סנו סושי 6 יחידות,החב הדרומית לשיווק,,,"י""ח",1,,false,1,10.90,10.90,false,1,
7290005426230,false,סנו סושי מטלית הפלא לרצפה,החב הדרומית לשיווק,,,"י""ח",1,,false,1,12.90,12.90,false,1,
7290005426568,false,לחות לשיער קרמה-רגיל,החב הדרומית לשיווק,,,"י""ח",400,"ל  מ""ל",false,1,16.90,4.23,false,1,
7290005426803,false,סנו מקסימה מרכך 4 ליטר,החב הדרומית לשיווק,,,"י""ח",4,ליטר,false,1,21.90,5.48,false,1,
7290005426964,false,סנובון שלישייה כחול אפרסק,החב הדרומית לשיווק,,,"י""ח",165,ל  גרם,false,1,14.90,9.03,true,1,
7290005426971,false,סנובון שלישייה כחול תפוח,החב הדרומית לשיווק,,,"י""ח",165,ל  גרם,false,1,14.90,9.03,true,1,
7290005427107,false,מגבות   הפלא}סנו{שישייה,החב הדרומית לשיווק,,,"י""ח",570,ל  גרם,false,1,11.90,2.09,true,1,
7290005428845,false,מפיות ארוח סופט 100,החב הדרומית לשיווק,,,"י""ח",100,"י""ח",false,1,7.90,0.08,false,1,
7290005429279,false,"סנו מקסימה אפקט זאוול  6 ק""ג.",החב הדרומית לשיווק,,,"י""ח",6,"ק""ג",false,1,45.90,7.65,true,1,
7290005429286,false,סנו מקסימה קומפקט ביו 6,החב הדרומית לשיווק,,,"י""ח",6,"ק""ג",false,1,45.90,7.65,true,1,
7290005430602,false,סנו אוקסיגאן מסיר בתרסיס מרסס,החב הדרומית לשיווק,,,"י""ח",750,"ל  מ""ל",false,1,17.70,2.36,false,1,
7290005430671,false,פוליוקס קרמיקה 2 ליטר,החב הדרומית לשיווק,,,"י""ח",2,ליטר,false,1,19.90,9.95,true,1,
7290005437502,false,"פיטריות טעמן ""8 חתוך",טעמן שווק מזון בעמ,,,"ק""ג",400,ל  גרם,false,1,5.90,1.48,false,1,
7290005509445,false,מיני קוקיס בטעם חמאה 600 ג`,כרמית תעשיות ממתקים בעמ,,,"י""ח",600,"ס""מ",false,1,16.90,2.82,false,1,
7290005559587,false,נקניקיות בבצק]מעדנות[,תנובה בשר,,,"י""ח",800,ל  גרם,false,1,28.10,3.51,false,1,
7290005559709,false,בורקס  פיצה}מעדנות{,תנובה בשר,,,"י""ח",700,ל  גרם,false,1,25.90,3.70,false,1,
7290005559914,false,"פיצה משפחתית זיתים 550ג""ר מעדנות",תנובה בשר,,,"י""ח",550,ל  גרם,false,1,19.90,3.62,true,1,
7290005591761,false,דבש טהור מפרחי בר לחיץ 400גר יד מרדכי,"שטראוס גרופ בע""מ",,,"י""ח",400,ל  גרם,false,1,24.90,6.23,true,1,
7290005678486,false,ענב אדום,ביכורי השדה צפון 1994 ג.ד. בעמ,,,"ק""ג",1,"ק""ג",true,1,19.90,19.90,false,1,
7290005678936,false,נענע,ביכורי השדה צפון 1994 ג.ד. בעמ,,,"י""ח",1,,false,1,3.90,3.90,true,1,
7290005733703,false,הרכבה,צעצועי דורון ~~~,,,"י""ח",1,,false,1,20,20,false,1,
7290005734274,false,כלי תחבורה,צעצועי דורון ~~~,,,"י""ח",1,,false,1,30,30,false,1,
7290005838002,false,דניאלה בטעם יוגורט וניל,"שטראוס גרופ ***בע""מ",,,"י""ח",150,"ל  מ""ל",false,1,4.10,2.73,true,1,
7290005838613,false,סקי וניל 3%,"שטראוס גרופ ***בע""מ",,,"י""ח",125,ל  גרם,false,1,3.80,3.04,true,1,
7290005839078,false,מארז שמיניה  ביו 3% 150גר,"שטראוס גרופ ***בע""מ",,,"י""ח",1.20,ליטר,false,1,16.90,14.08,true,1,
7290005839108,false,סימפוניה עם זיתים 5%,"שטראוס גרופ ***בע""מ",,,"י""ח",200,ל  גרם,false,1,11.40,5.70,true,1,
7290005839313,false,מילקי טופ שטראוס,"שטראוס גרופ ***בע""מ",,,"י""ח",130,"ל  מ""ל",false,1,4.90,3.77,true,1,
7290005896415,false,בירה איגל פחית 500מייל,טמפו משקאות בעמ,,,"י""ח",500,"ל  מ""ל",false,1,6.20,1.18,false,1,
7290005938245,false,פסטו קלאסי 220 גרם,נטו מלינדה סחר בעמ,,,"י""ח",220,ל  גרם,false,1,15.90,7.23,false,1,
7290005992247,false,חלומי מוסדי,מחלבות גד,,,"ק""ג",1,,true,1,93.80,93.80,false,1,
7290006185952,false,מגבונים להסרת איפור,פנינה רוזנבלום בעמ,,,"י""ח",1,,false,1,8.90,8.90,false,1,
7290006229427,false,שישית מים סן בנדטו 500,טמפו משקאות בעמ,,,"י""ח",3,ליטר,false,1,11.90,3.97,false,1,
7290006229588,false,"בירה איגל פחית זהב 500מ""ל",טמפו משקאות בעמ,,,"י""ח",330,"ל  מ""ל",false,1,6.20,1.79,false,1,
7290006241191,false,אגוז מלך שקית 150 גרם,ליימן שליסל,,,"י""ח",150,ל  גרם,false,1,17.90,11.93,true,1,
7290006241214,false,שקד טבעי שקית,ליימן שליסל,,,"י""ח",200,ל  גרם,false,1,17.90,8.95,false,1,
7290006251107,false,מסאלה צ אי,תה ויסוצקי (ישראל)בעמ,,,"י""ח",50,ל  גרם,false,1,17.90,35.80,false,1,
7290006251374,false,תה ירוק לימונית וג נג ר,תה ויסוצקי (ישראל)בעמ,,,"י""ח",25,ל  גרם,false,1,24.90,99.60,true,1,
7290006251589,false,תה ירוק נענע 50 יח,תה ויסוצקי (ישראל)בעמ,,,"י""ח",75,ל  גרם,false,1,45.90,61.20,true,1,
7290006265500,false,פטריות שמפיניון,ביכורי השדה צפון 1994 ג.ד. בעמ,,,"י""ח",1,,false,1,9.90,9.90,true,1,
7290006271181,false,ג חנון מעדנות אפוי למיקרוגל 750 ג,תנובה בשר,,,"י""ח",750,ל  גרם,false,1,21.90,2.92,false,1,
7290006271648,false,"מיני בורקס תפו""א",תנובה בשר,,,"י""ח",650,ל  גרם,false,1,22.70,3.49,false,1,
7290006271655,false,מיני בורקס גבינה,תנובה בשר,,,"י""ח",800,ל  גרם,false,1,24.90,3.11,false,1,
7290006272072,false,חטיפי פיצה מעדנות.,תנובה בשר,,,"י""ח",650,ל  גרם,false,1,22.90,3.52,false,1,
7290006306302,false,רביולי  גבינה פסטה נונה,מחלבות גד,,,"י""ח",400,ל  גרם,false,1,19.90,4.98,false,1,
7290006306319,false,רביולי בטטה פסטה נונה,מחלבות גד,,,"י""ח",400,ל  גרם,false,1,19.90,4.98,false,1,
7290006306326,false,רביולי פטריות פסטה נונה,מחלבות גד,,,"י""ח",400,ל  גרם,false,1,19.90,4.98,false,1,
7290006342553,false,קבוקים 200גר.,דין שיווק וקליה 2021 בעמ,,,"י""ח",200,ל  גרם,false,1,5.90,2.95,false,1,
7290006374738,false,קונפיטורה תות יד מרדכי בטעם תות,"שטראוס גרופ בע""מ",,,"י""ח",340,ל  גרם,false,1,13.60,4,true,1,
7290006492432,false,מוצרלה בייבי 150 ג,מחלבות גד,,,"י""ח",1,,false,1,13.90,13.90,false,1,
7290006492630,false,גדעזים גליל 180 ג גד,מחלבות גד,,,"י""ח",1,,false,1,21.90,21.90,false,1,
7290006492852,false,גבינה לבנה 5% עזים,מחלבות גד,,,"י""ח",1,,false,1,15.90,15.90,false,1,
7290006492913,false,לבנה ציזקי 250 גרם,מחלבות גד,,,"י""ח",250,ל  גרם,false,1,12.90,5.16,false,1,
7290006494917,false,מרמולייט וופל שוקו,דנשר (1963) בעמ,,,"י""ח",180,ל  גרם,false,1,7.80,4.33,false,1,
7290006494924,false,מרמולייט וופל לימון 180,דנשר (1963) בעמ,,,"י""ח",180,ל  גרם,false,1,7.80,4.33,false,1,
7290006498052,false,יוגורט טבעי מהדרין,"שטראוס גרופ ***בע""מ",,,"י""ח",150,"ל  מ""ל",false,1,2.60,1.73,true,1,
7290006511751,false,פטריות חתוך 290 גרם *שלישיה,ג.וילי פוד אינטרנשיונל בעמ,,,"י""ח",870,ל  גרם,false,1,11.90,1.37,false,1,
7290006546524,false,צ יפס מובחר 800,נטו מלינדה סחר בעמ,,,"י""ח",800,ל  גרם,false,1,10.90,1.36,false,1,
7290006618078,false,אסטוניש מרסס לניקוי 750 יעקבי,יעקב יעקבי ובניו בעמ,,,"י""ח",750,"ל  מ""ל",false,1,11.90,1.59,true,1,
7290006618085,false,אסטוניש מרסס לאמבט 750,יעקב יעקבי ובניו בעמ,,,"י""ח",750,"ל  מ""ל",false,1,11.90,1.59,true,1,
7290006640598,false,מכשירי כתיבה מגוון,צבע ומכחול (2014) בעמ,,,"י""ח",1,,false,1,5.50,5.50,false,1,
7290006640635,false,מכשירי כתיבה 704,צבע ומכחול (2014) בעמ,,,"י""ח",1,,false,1,4.90,4.90,false,1,
7290006640758,false,סלסלה עגולה בינונית,צבע ומכחול (2014) בעמ,,,"י""ח",1,,false,1,19.90,19.90,false,1,
7290006640765,false,ערכת צעצוע לים,צבע ומכחול (2014) בעמ,,,"י""ח",1,,false,1,14.90,14.90,false,1,
7290006640789,false,צעצועים,צבע ומכחול (2014) בעמ,,,"י""ח",1,,false,1,9.90,9.90,false,1,
7290006644480,false,תפוזינה תפוז 0.5 ליטר,יפאורה שותפות מוגבלת לשיווק,,,"י""ח",500,"ל  מ""ל",false,1,5.90,1.12,true,1,
7290006644510,false,תפוזינה ענבים 0.5 ליטר,יפאורה שותפות מוגבלת לשיווק,,,"י""ח",500,"ל  מ""ל",false,1,5.90,1.12,true,1,
7290006644527,false,תפוזינה תות בננה 0.5 ליטר,יפאורה שותפות מוגבלת לשיווק,,,"י""ח",500,"ל  מ""ל",false,1,5.90,1.12,true,1,
7290006652027,false,במבה מארז מולטיפק  *20יח,קבוצת אוסם סחר-שות.מוגבלת,,,"י""ח",300,ל  גרם,false,1,23.90,7.97,true,1,
7290006653819,false,קוסקוס דק 350 ג אוסם,קבוצת אוסם סחר-שות.מוגבלת,,,"י""ח",350,ל  גרם,false,1,8.90,2.54,false,1,
7290006664051,false,אקטימל מארז משפ 14 יח טבעי,"שטראוס גרופ ***בע""מ",,,"י""ח",1.40,ליטר,false,1,29.90,21.36,true,1,
7290006664310,false,סקי 3% 250  גרם*,"שטראוס גרופ ***בע""מ",,,"י""ח",250,ל  גרם,false,1,4.80,1.92,true,1,
7290006664402,false,גבינת סקי 5% 750  ג*,"שטראוס גרופ ***בע""מ",,,"י""ח",750,ל  גרם,false,1,14.25,1.90,true,1,
7290006664532,false,דנונה תות 3%,"שטראוס גרופ ***בע""מ",,,"י""ח",150,"ל  מ""ל",false,1,3.90,2.60,true,1,
7290006664655,false,אקטימל שמיניה טבעי,"שטראוס גרופ ***בע""מ",,,"י""ח",800,"ל  מ""ל",false,1,20.90,2.61,true,1,
7290006664693,false,דנונה אפרסק 3%,"שטראוס גרופ ***בע""מ",,,"י""ח",150,"ל  מ""ל",false,1,3.90,2.60,true,1,
7290006664990,false,~מארז שמינייה ביו 1.5% 150גר,"שטראוס גרופ ***בע""מ",,,"י""ח",1.20,ליטר,false,1,16.90,14.08,true,1,
7290006681065,false,טעמקור וניל+שוקולד,גלידות שטראוס בעמ,,,"י""ח",1,,false,1,8,8,false,1,
7290006681553,false,קרמבו וניל ]8 שטראוס[,גלידות שטראוס בעמ,,,"י""ח",8,"י""ח",false,1,15.90,1.99,true,1,
7290006681560,false,קרמבו מוקה ]8 שטראוס[,גלידות שטראוס בעמ,,,"י""ח",8,"י""ח",false,1,15.90,1.99,true,1,
7290006712981,false,"משחת שיניים  ילדים ספיידרמן 50מ""ל",ש.שסטוביץ בעמ,,,"י""ח",50,ל  גרם,false,1,11.90,23.80,false,1,
7290006739414,false,סלמי קוניאק 300גר`,זוגלובק שיווק בעמ,,,"י""ח",3.50,"י""ח",false,1,26.90,7.69,false,1,
7290006741387,false,מלאווח תימני 700 גרם זוגלובק,זוגלובק שיווק בעמ,,,"י""ח",700,ל  גרם,false,1,16.90,2.41,true,1,
7290006764096,false,איגל בקבוק חוזר 500 מייל,טמפו משקאות בעמ,,,"י""ח",500,"ל  מ""ל",false,1,5.10,0.78,true,1,
7290006775023,false,עוגת אנגלית-אחווה,אחדות בעמ,,,"י""ח",450,ל  גרם,false,1,9.90,2.20,false,1,
7290006775030,false,עוגת אחוה שוקולד,אחדות בעמ,,,"י""ח",450,ל  גרם,false,1,9.90,2.20,false,1,
7290006775047,false,עוגת שוקולד]אחוה[,אחדות בעמ,,,"י""ח",450,ל  גרם,false,1,9.90,2.20,false,1,
7290006775054,false,עוגת שיש]אחווה[.,אחדות בעמ,,,"י""ח",450,ל  גרם,false,1,9.90,2.20,false,1,
7290006775085,false,עוגת שמרים (400 אחוה).,אחדות בעמ,,,"י""ח",400,ל  גרם,false,1,10.90,2.73,false,1,
7290006775344,false,עוגת שמרים במילוי קרם קינמון 400 גרם,אחדות בעמ,,,"י""ח",400,ל  גרם,false,1,10.90,2.73,false,1,
7290006785633,false,שקית 10 מיטלי,שמחה זה אנחנו,,,"י""ח",1,,false,1,5,5,false,1,
7290006788405,false,רולאון נושם  2 קרליין פ. דיל.,החב הדרומית לשיווק,,,"י""ח",75,ל  גרם,false,1,11.90,15.87,false,1,
7290006788429,false,רולאון נושם כתום פ. דיל,החב הדרומית לשיווק,,,"י""ח",75,ל  גרם,false,1,11.90,15.87,false,1,
7290006788467,false,דאו ספריי נושם קרליין מס 2,החב הדרומית לשיווק,,,"י""ח",200,"ל  מ""ל",false,1,11.90,5.95,false,1,
7290006788481,false,דאו ספריי נושם  קרליין מס 4,החב הדרומית לשיווק,,,"י""ח",200,"ל  מ""ל",false,1,11.90,5.95,false,1,
7290006788498,false,דאו  ספריי נושם קרליין מס 5,החב הדרומית לשיווק,,,"י""ח",200,"ל  מ""ל",false,1,11.90,5.95,false,1,
7290006788504,false,דאו ספריי נושם  קרליין מס 6,החב הדרומית לשיווק,,,"י""ח",200,"ל  מ""ל",false,1,11.90,5.95,false,1,
7290006804907,false,פיתות מארז 5 יח אסלי פילסברי,ג נרל מילס ישראל בעמ,,,"י""ח",1,,false,1,7.90,7.90,true,1,
7290006805355,false,תערובת לכדורי שוקולד,ליימן שליסל,,,"י""ח",500,ל  גרם,false,1,17.90,3.58,false,1,
7290006805850,false,תערובת  לפנקייק(פילסברי),ליימן שליסל,,,"י""ח",500,ל  גרם,false,1,17.90,3.58,false,1,
7290006983152,false,קרוטונים מתובלים אוסם,קבוצת אוסם סחר-שות.מוגבלת,,,"י""ח",400,ל  גרם,false,1,19.90,4.98,false,1,
7290006983176,false,לחמית שיפון 230 ג`,קבוצת אוסם סחר-שות.מוגבלת,,,"י""ח",230,ל  גרם,false,1,9.90,4.30,true,1,
7290006983527,false,עוגת הבית תפוח עץ עם פרור,קבוצת אוסם סחר-שות.מוגבלת,,,"י""ח",400,ל  גרם,false,1,18.90,4.73,false,1,
7290006983763,false,עוגת הבית שוקולד,קבוצת אוסם סחר-שות.מוגבלת,,,"י""ח",400,ל  גרם,false,1,11.90,2.98,false,1,
7290006983770,false,עוגת הבית שיש,קבוצת אוסם סחר-שות.מוגבלת,,,"י""ח",400,ל  גרם,false,1,11.90,2.98,false,1,
7290006983787,false,עוגת בית שוקו צ יפס,קבוצת אוסם סחר-שות.מוגבלת,,,"י""ח",400,ל  גרם,false,1,11.90,2.98,false,1,
7290006983794,false,עוגת בית תפוז.,קבוצת אוסם סחר-שות.מוגבלת,,,"י""ח",400,ל  גרם,false,1,11.90,2.98,false,1,
7290008023542,false,שמפו רצפות 4 ליטר מרענן,יוניליוור ישראל שיווק בעמ,,,"י""ח",4,ליטר,false,1,18.50,4.63,false,1,
7290008116541,false,ליסטרין קול מינט 500,שקד תבל בעמ,,,"י""ח",500,"ל  מ""ל",false,1,17.90,3.58,true,1,
7290008154222,false,שניצלונים]עוף  טוב[,קבוצת אוסם סחר-שות.מוגבלת,,,"י""ח",700,ל  גרם,false,1,14.90,2.13,false,1,
7290008166331,false,אביטח 400 הטיב,פיצוחי הטיב,IL,,"י""ח",400,ל  גרם,false,1,19.99,5,false,1,
7290008175173,false,חמאה וואליו  200גר ללא תוספת מלח.,ג.וילי פוד אינטרנשיונל בעמ,,,"י""ח",200,ל  גרם,false,1,10.90,5.45,false,1,
7290008175692,false,אטריות להקפצה נודלס 400,ג.וילי פוד אינטרנשיונל בעמ,,,"י""ח",400,ל  גרם,false,1,7.90,1.98,false,1,
7290008190909,false,מיני קוקיס-שוקו   צ יפס 600גר,כרמית תעשיות ממתקים בעמ,,,"י""ח",600,ל  גרם,false,1,16.90,2.82,false,1,
7290008190985,false,לקקן גלידה 50 יח,כרמית תעשיות ממתקים בעמ,,,"י""ח",500,ל  גרם,false,1,15.90,3.18,true,1,
7290008335546,false,"וריניקי תפו""א",נטו מלינדה סחר בעמ,,,"י""ח",600,ל  גרם,false,1,13.90,2.32,false,1,
7290008343466,false,בצק פילו 500 גרם,נטו מלינדה סחר בעמ,,,"י""ח",500,ל  גרם,false,1,21.90,4.38,true,1,
7290008343558,false,"סיגרים בשר 1 ק""ג",נטו מלינדה סחר בעמ,,,"י""ח",1,"ק""ג",false,1,21.90,21.90,false,1,
7290008343565,false,"סיגרים תפו""א 1 ק""ג",נטו מלינדה סחר בעמ,,,"י""ח",1,"ק""ג",false,1,21.90,21.90,false,1,
7290008343572,false,אגרול סיני,נטו מלינדה סחר בעמ,,,"י""ח",1,"ק""ג",false,1,21.90,21.90,false,1,
7290008343602,false,קובה בשר מטוגן 1 קג,נטו מלינדה סחר בעמ,,,"י""ח",1,"ק""ג",false,1,21.90,21.90,false,1,
7290008343619,false,"פסטלים תפו""א 1 ק""ג",נטו מלינדה סחר בעמ,,,"י""ח",1,"ק""ג",false,1,21.90,21.90,false,1,
7290008345583,false,איקרא ביתית ורוד 300גר,נטו מלינדה סחר בעמ,,,"י""ח",300,ל  גרם,false,1,21.90,7.30,false,1,
7290008409100,false,אצבעות שניצל שומשום,תנובה בשר,,,"י""ח",600,ל  גרם,false,1,34.90,5.82,false,1,
7290008415071,false,חומוס עם טחינה 150.,קבוצת אוסם סחר-שות.מוגבלת,,,"י""ח",150,ל  גרם,false,1,5.20,3.47,false,1,
7290008443647,false,מרכך נקה 7 מייצב מתולתל סגול,החב הדרומית לשיווק,,,"י""ח",750,"ל  מ""ל",false,1,11.90,1.59,false,1,
7290008447614,false,תירס  ארוז טלפרוסט 800גר,לפ האחים חמוי בעמ,,,"י""ח",800,ל  גרם,false,1,14.90,1.86,false,1,
7290008447768,false,תרד טחון 800גר,לפ האחים חמוי בעמ,,,"י""ח",800,ל  גרם,false,1,14.90,1.86,false,1,
7290008462204,false,חרדל דיג ון,א. סיימן סחר בעמ,,,"י""ח",380,ל  גרם,false,1,15.90,4.18,true,1,
7290008462259,false,חרדל גרגירים 380 גרם,א. סיימן סחר בעמ,,,"י""ח",380,ל  גרם,false,1,18.90,4.97,true,1,
7290008464345,false,גולדסטאר בקבוק 330,טמפו משקאות בעמ,,,"י""ח",330,"ל  מ""ל",false,1,7.20,2.09,false,1,
7290008464369,false,פפסי קולה }330 פחית{,טמפו משקאות בעמ,,,"י""ח",330,"ל  מ""ל",false,1,3.90,1.09,true,1,
7290008464383,false,"סבן אפ 330 מ""ל",טמפו משקאות בעמ,,,"י""ח",330,"ל  מ""ל",false,1,3.90,1.09,true,1,
7290008464468,false,"גולדסטאר פחית 500 מ""ל.",טמפו משקאות בעמ,,,"י""ח",500,"ל  מ""ל",false,1,8.10,1.56,false,1,
7290008464604,false,היינקן בירה  500 פחית,טמפו משקאות בעמ,,,"י""ח",500,"ל  מ""ל",false,1,9.90,1.92,false,1,
7290008464734,false,גולדסטאר SLOW BREW בקבוק 330 שישייה.,טמפו משקאות בעמ,,,"י""ח",1.98,ליטר,false,1,41.90,20.25,true,1,
7290008466660,false,מארז רוגעלך 500ג מחנה יהודה,הלל בן הלל שיווק ומסחר בעמ,,,"י""ח",500,ל  גרם,false,1,17.90,3.58,true,1,
7290008466813,false,מארז עוגיות  קינמון 500ג מחנה יהודה,הלל בן הלל שיווק ומסחר בעמ,,,"י""ח",500,ל  גרם,false,1,17.90,3.58,true,1,
7290008493413,false,פירורי גריסיני,דנשר (1963) בעמ,,,"י""ח",200,ל  גרם,false,1,6.90,3.45,false,1,
7290008636209,false,כרכום 300 גרם,מיה תעשיות מזון מ.ת.מ בעמ,,,"י""ח",300,ל  גרם,false,1,19.60,6.53,false,1,
7290008636995,false,גרעיני דלעת קלופים 100 ג,מיה תעשיות מזון מ.ת.מ בעמ,,,"י""ח",100,ל  גרם,false,1,8.90,8.90,false,1,
7290008644112,false,מטבוחה יום יום,"שטראוס גרופ ***בע""מ",,,"י""ח",125,ל  גרם,false,1,4.90,3.92,true,1,
7290008679428,false,כפפות לבית ולמטבח,גורי מוצרי צריכה בעמ,,,"י""ח",1,,false,1,4.90,4.90,false,1,
7290008693134,false,דניאלה תות,"שטראוס גרופ ***בע""מ",,,"י""ח",150,"ל  מ""ל",false,1,4.10,2.73,true,1,
7290008713900,false,לחם רוסי שיפון עגול 750גר`,שלמה א.אנג ל בעמ,,,"י""ח",750,ל  גרם,false,1,12.90,1.72,false,1,
7290008745239,false,תפוצ יפס אקסטרא 55 גרם,"שטראוס פריטו ליי בע""מ",,,"י""ח",55,ל  גרם,false,1,4.50,8.18,true,1,
7290008750264,false,MUST דובדבן,"שטראוס גרופ בע""מ",,,"י""ח",28,ל  גרם,false,1,4.30,15.36,true,1,
7290008752244,false,תפו ציפס גריל 50 גרם,"שטראוס פריטו ליי בע""מ",,,"י""ח",50,ל  גרם,false,1,4.50,9,true,1,
7290008753111,false,תפוצ יפס מקסיקני 50 גרם,"שטראוס פריטו ליי בע""מ",,,"י""ח",50,ל  גרם,false,1,4.50,9,true,1,
7290008754415,false,"מאסט ספירמינט ללא סוכר 28גר כשל""פ","שטראוס גרופ בע""מ",,,"י""ח",28,ל  גרם,false,1,4.30,15.36,true,1,
7290008754422,false,מאסט טעמים שונים,"שטראוס גרופ בע""מ",,,"י""ח",28,ל  גרם,false,1,4.30,15.36,true,1,
7290008757034,false,"שוופס סודה 250 מ""ל",יפאורה שותפות מוגבלת לשיווק,,,"י""ח",250,"ל  מ""ל",false,1,3.50,1.28,true,1,
7290008757980,false,ספרינג רימונים קרטונית,יפאורה שותפות מוגבלת לשיווק,,,"י""ח",1,ליטר,false,1,6.90,6.90,true,1,
7290008775816,false,ערגליות שוקו 300 גרם,קבוצת אוסם סחר-שות.מוגבלת,,,"י""ח",300,ל  גרם,false,1,10.90,3.63,true,1,
7290008775823,false,ערגליות תות שדה 300 גרם,קבוצת אוסם סחר-שות.מוגבלת,,,"י""ח",300,ל  גרם,false,1,10.90,3.63,true,1,
7290008801119,false,"סלקטד סובניון בלאן  750מ""ל",אגודת הכורמים,,,"י""ח",750,"ל  מ""ל",false,1,29.90,3.95,true,1,
7290008849470,false,רוטב פלפל צוימה,תה ויסוצקי (ישראל)בעמ,,,"י""ח",185,ל  גרם,false,1,13.90,7.51,true,1,
7290008849739,false,רוטב סויה קלאסיק,תה ויסוצקי (ישראל)בעמ,,,"י""ח",290,"ל  מ""ל",false,1,15.90,5.48,true,1,
7290008909778,false,"קרלסברג שישייה 330מ""ל",החברה המרכזית להפצת משקאות בעמ,,,"י""ח",1.98,ליטר,false,1,42.70,20.66,true,1,
7290008975780,false,"בונזו גזע קטן  3 ק""ג",דיפלומט מפיצים (1968) בעמ**,,,"י""ח",3,"ק""ג",false,1,44.90,14.97,false,1,
7290010002023,false,כורכום הודי טחון 100 גרם צנצנת,א.ל.יצור ושיווקתבלינים בעמ,,,"י""ח",100,ל  גרם,false,1,11.50,11.50,false,1,
7290010002030,false,כמון 100 גרם צנצנת,א.ל.יצור ושיווקתבלינים בעמ,,,"י""ח",100,ל  גרם,false,1,11.50,11.50,false,1,
7290010002047,false,מלח לימון 200 גרם,א.ל.יצור ושיווקתבלינים בעמ,,,"י""ח",200,ל  גרם,false,1,9.50,4.75,false,1,
7290010002061,false,פלפל לבן טחון 100 גרם,א.ל.יצור ושיווקתבלינים בעמ,,,"י""ח",100,ל  גרם,false,1,16.90,16.90,false,1,
7290010002078,false,פלפל שחור טחון 100 גרם בצנצנת מימון.,א.ל.יצור ושיווקתבלינים בעמ,,,"י""ח",100,ל  גרם,false,1,15.50,15.50,false,1,
7290010002092,false,פלפל שחור גס דק90גר צנצנת מימון.,א.ל.יצור ושיווקתבלינים בעמ,,,"י""ח",90,ל  גרם,false,1,15.50,17.22,false,1,
7290010002122,false,פפריקה הונגרית מתוקה 100,א.ל.יצור ושיווקתבלינים בעמ,,,"י""ח",100,ל  גרם,false,1,11.50,11.50,false,1,
7290010002139,false,פפריקה הונגרית חריפה 100,א.ל.יצור ושיווקתבלינים בעמ,,,"י""ח",100,ל  גרם,false,1,11.50,11.50,false,1,
7290010002146,false,פפריקה מרוקאית מתוקה 100,א.ל.יצור ושיווקתבלינים בעמ,,,"י""ח",100,ל  גרם,false,1,11.50,11.50,false,1,
7290010002191,false,מקלות קינמון 50 גרם,א.ל.יצור ושיווקתבלינים בעמ,,,"י""ח",500,ל  גרם,false,1,11.50,2.30,false,1,
7290010002207,false,קינמון טחון 100גר.,א.ל.יצור ושיווקתבלינים בעמ,,,"י""ח",100,ל  גרם,false,1,9.50,9.50,false,1,
7290010002214,false,צ ילי מקסיקני גרוס 80גר,א.ל.יצור ושיווקתבלינים בעמ,,,"י""ח",80,ל  גרם,false,1,11.50,14.38,false,1,
7290010002290,false,תערובת לשוואמה טורקית 110,א.ל.יצור ושיווקתבלינים בעמ,,,"י""ח",100,ל  גרם,false,1,11.50,11.50,false,1,
7290010002306,false,תערובת לקציצות 100גר,א.ל.יצור ושיווקתבלינים בעמ,,,"י""ח",100,ל  גרם,false,1,11.50,11.50,false,1,
7290010002320,false,תבלין גריל עוף 100גר,א.ל.יצור ושיווקתבלינים בעמ,,,"י""ח",100,ל  גרם,false,1,11.50,11.50,false,1,
7290010002337,false,תבלין לסטייק 100 גרם,א.ל.יצור ושיווקתבלינים בעמ,,,"י""ח",100,ל  גרם,false,1,11.50,11.50,false,1,
7290010002351,false,זעטר ושומשום בלדי 100,א.ל.יצור ושיווקתבלינים בעמ,,,"י""ח",110,ל  גרם,false,1,11.50,10.45,false,1,
7290010002382,false,אורגנו 40גר.,א.ל.יצור ושיווקתבלינים בעמ,,,"י""ח",40,ל  גרם,false,1,9.50,23.75,false,1,
7290010002429,false,עלי דפנה 20 גרם,א.ל.יצור ושיווקתבלינים בעמ,,,"י""ח",20,ל  גרם,false,1,9.50,47.50,false,1,
7290010002597,false,כוסברה ירוקה 30גר,א.ל.יצור ושיווקתבלינים בעמ,,,"י""ח",30,ל  גרם,false,1,9.50,31.67,false,1,
7290010002658,false,פלפל יבש מתוק 150 גרם,א.ל.יצור ושיווקתבלינים בעמ,,,"י""ח",150,ל  גרם,false,1,15.50,10.33,false,1,
7290010002696,false,אקסטרה צ`יפס אורז חום מלא שמנת בצל 60ג,א.ל.יצור ושיווקתבלינים בעמ,,,"י""ח",60,ל  גרם,false,1,7.90,13.17,true,1,
7290010002726,false,תבלין לפרגיות 100גר,א.ל.יצור ושיווקתבלינים בעמ,,,"י""ח",100,ל  גרם,false,1,11.50,11.50,false,1,
7290010003075,false,פפריקה מרוקאית מתוקה 400 מימון,א.ל.יצור ושיווקתבלינים בעמ,,,"י""ח",400,ל  גרם,false,1,23.90,5.98,false,1,
7290010003686,false,עלי דפנה שקית 20ג,א.ל.יצור ושיווקתבלינים בעמ,,,"י""ח",20,ל  גרם,false,1,5.90,29.50,false,1,
7290010003693,false,פפריקה מתוקה  80ג שקית,א.ל.יצור ושיווקתבלינים בעמ,,,"י""ח",80,ל  גרם,false,1,5.90,7.38,false,1,
7290010003709,false,פלפל שחור טחון  50ג שקית,א.ל.יצור ושיווקתבלינים בעמ,,,"י""ח",50,ל  גרם,false,1,7.90,15.80,false,1,
7290010003754,false,כמון טחו 50ג שקית,א.ל.יצור ושיווקתבלינים בעמ,,,"י""ח",50,ל  גרם,false,1,5.90,11.80,false,1,
7290010003761,false,כורכום טחון שקית 80ג,א.ל.יצור ושיווקתבלינים בעמ,,,"י""ח",80,ל  גרם,false,1,5.90,7.38,false,1,
7290010003778,false,תיבול לגריל שקית 80ג,א.ל.יצור ושיווקתבלינים בעמ,,,"י""ח",80,ל  גרם,false,1,5.90,7.38,false,1,
7290010003792,false,מלח לימון שקית 100ג,א.ל.יצור ושיווקתבלינים בעמ,,,"י""ח",100,ל  גרם,false,1,5.90,5.90,false,1,
7290010003808,false,זעתר ושומשום שקית 80ג,א.ל.יצור ושיווקתבלינים בעמ,,,"י""ח",80,ל  גרם,false,1,5.90,7.38,false,1,
7290010003822,false,פפריקה חריפה שקית 80ג,א.ל.יצור ושיווקתבלינים בעמ,,,"י""ח",80,ל  גרם,false,1,5.90,7.38,false,1,
7290010003839,false,קינמון טחון  שקית 80ג,א.ל.יצור ושיווקתבלינים בעמ,,,"י""ח",80,ל  גרם,false,1,5.90,7.38,false,1,
7290010004348,false,פפריקה מתוקה 250ג.,א.ל.יצור ושיווקתבלינים בעמ,,,"י""ח",250,ל  גרם,false,1,19.90,7.96,false,1,
7290010023141,false,חליטת  לימונענע גן קסום,תה ויסוצקי (ישראל)בעמ,,,"י""ח",50,ל  גרם,false,1,17.90,35.80,true,1,
7290010051526,false,שמיר,ביכורי השדה צפון 1994 ג.ד. בעמ,,,"י""ח",1,,false,1,3.90,3.90,false,1,
7290010065332,false,פרינוק 190 גרם תפוח עץ/בננה,גורי מוצרי צריכה בעמ,,,"י""ח",760,ל  גרם,false,1,5.90,0.78,true,1,
7290010066001,false,נתחי טונה פילטונה 960גרם בשמן,תעשיות פילטונה בעמ,,,"י""ח",960,ל  גרם,false,1,34.90,3.64,false,1,
7290010066513,false,טונה 4  יח`בשמן צמחי פילטונה 160 ג`,תעשיות פילטונה בעמ,,,"י""ח",640,ל  גרם,false,1,22.90,3.58,false,1,
7290010066582,false,טונה 4 יחי קנולה פילטונה 160 ג`,תעשיות פילטונה בעמ,,,"י""ח",640,ל  גרם,false,1,22.90,3.58,false,1,
7290010116980,false,שוקולית 850 ג  (שקית),"שטראוס גרופ בע""מ",,,"י""ח",850,ל  גרם,false,1,18.90,2.22,true,1,
7290010117864,false,דוריטוס חריף אש 70 גרם,"שטראוס פריטו ליי בע""מ",,,"י""ח",70,ל  גרם,false,1,3.90,5.57,true,1,
7290010118328,false,מארז תפוציפס   {40X6(+אקס טבעי 3,"שטראוס פריטו ליי בע""מ",,,"י""ח",240,ל  גרם,false,1,13.90,5.79,true,1,
7290010124503,false,שומן כבש 200גרם ארוז,בלדי בעמ,,,"י""ח",200,ל  גרם,false,1,11.90,5.95,false,1,
7290010129676,false,עוגיות מרוקאיות ארוך 350ג,שיבולים ייצור ושיווק מאפה בעמ,,,"י""ח",350,ל  גרם,false,1,16.90,4.83,false,1,
7290010153510,false,בורגול 500 גרם,מיה תעשיות מזון מ.ת.מ בעמ,,,"י""ח",500,ל  גרם,false,1,3.90,0.78,false,1,
7290010153688,false,חומץ טבעי 1  ליטר(מיה),מיה תעשיות מזון מ.ת.מ בעמ,,,"י""ח",1,ליטר,false,1,5.90,5.90,false,1,
7290010153855,false,פפריקה מרוקאית בשמן 300גר,מיה תעשיות מזון מ.ת.מ בעמ,,,"י""ח",300,ל  גרם,false,1,17.90,5.97,false,1,
7290010153862,false,פלפל שחור צנצנת גרוס,מיה תעשיות מזון מ.ת.מ בעמ,,,"י""ח",1,,false,1,11.90,11.90,false,1,
7290010154005,false,סחוג תימני 250 גרם,נטו מלינדה סחר בעמ,,,"י""ח",250,ל  גרם,false,1,13.90,5.56,false,1,
7290010154029,false,אריסה מתוקה ביטון 250ג,נטו מלינדה סחר בעמ,,,"י""ח",250,ל  גרם,false,1,13.90,5.56,false,1,
7290010154050,false,ממרח שיפקה כבוש ביטון,נטו מלינדה סחר בעמ,,,"י""ח",250,ל  גרם,false,1,13.90,5.56,false,1,
7290010154418,false,סחוג אדום 130ג,נטו מלינדה סחר בעמ,,,"י""ח",220,ל  גרם,false,1,9.90,4.50,false,1,
7290010154425,false,סחוג ירוק 130ג,נטו מלינדה סחר בעמ,,,"י""ח",130,ל  גרם,false,1,9.90,7.62,false,1,
7290010154685,false,שום כתוש 250ג,נטו מלינדה סחר בעמ,,,"י""ח",250,ל  גרם,false,1,13.90,5.56,false,1,
7290010192120,false,צנונית ארוזה,ביכורי השדה צפון 1994 ג.ד. בעמ,,,"י""ח",1,,false,1,6.90,6.90,false,1,
7290010195268,false,פופ קורן טבעי למיקרוגל,דנשר (1963) בעמ,,,"י""ח",500,ל  גרם,false,1,13.80,2.76,true,1,
7290010237548,false,"פפסי מקס 500 מ""ל",טמפו משקאות בעמ,,,"י""ח",500,"ל  מ""ל",false,1,4.50,0.84,true,1,
7290010237685,false,"היינקן בירה 330 מ""ל",טמפו משקאות בעמ,,,"י""ח",330,"ל  מ""ל",false,1,8.90,2.61,false,1,
7290010237890,false,"הייניקן 500  מ""ל(חוזר{",טמפו משקאות בעמ,,,"י""ח",500,"ל  מ""ל",false,1,8.90,1.54,false,1,
7290010259007,false,בישקוטים וניל 200,ג.וילי פוד אינטרנשיונל בעמ,,,"י""ח",200,ל  גרם,false,1,6.90,3.45,false,1,
7290010259366,false,נודלס אטריות מסולסל 200 ג,ג.וילי פוד אינטרנשיונל בעמ,,,"י""ח",200,ל  גרם,false,1,4.90,2.45,false,1,
7290010259830,false,מנת השף נודלס בטעם סיני-פיקנטי,ג.וילי פוד אינטרנשיונל בעמ,,,"י""ח",70,ל  גרם,false,1,5.90,8.43,true,1,
7290010259847,false,מנת השף נודלס בטעם תירס,ג.וילי פוד אינטרנשיונל בעמ,,,"י""ח",70,ל  גרם,false,1,5.90,8.43,true,1,
7290010259854,false,מנת השף נודלס בטעם פטריות,ג.וילי פוד אינטרנשיונל בעמ,,,"י""ח",70,ל  גרם,false,1,5.90,8.43,true,1,
7290010259861,false,מנת השף מרק עם נודלס בטעם ירקות,ג.וילי פוד אינטרנשיונל בעמ,,,"י""ח",70,ל  גרם,false,1,5.90,8.43,true,1,
7290010259991,false,צנימים 250 גרם,ג.וילי פוד אינטרנשיונל בעמ,,,"י""ח",250,ל  גרם,false,1,6.90,2.76,true,1,
7290010300747,false,קיסמי דנטליים 200יח,נאמן לאורך זמן בעמ,,,"י""ח",1,,false,1,10.90,10.90,false,1,
7290010328246,false,טחינה  אחווה שומשום מלא 500 ג`,אחדות בעמ,,,"י""ח",500,ל  גרם,false,1,9.90,1.98,false,1,
7290010328253,false,טחינה גולמית אחווה 500גר,אחדות בעמ,,,"י""ח",500,ל  גרם,false,1,9.90,1.98,false,1,
7290010328505,false,חטיף מיני  חלבה  ללא סוכר 12יח,אחדות בעמ,,,"י""ח",12,"י""ח",false,1,9.90,0.83,false,1,
7290010328710,false,"קצפיות במגש 180גר אחווה כשל""פ",אחדות בעמ,,,"י""ח",180,ל  גרם,false,1,9.90,5.50,false,1,
7290010328765,false,חטיף חלווה שוקו וניל 50ג,אחדות בעמ,,,"י""ח",50,ל  גרם,false,1,1.50,3,false,1,
7290010329854,false,מיני קוקיס חמאה ללא סוכר,כרמית תעשיות ממתקים בעמ,,,"י""ח",700,ל  גרם,false,1,19.90,2.84,false,1,
7290010429684,false,"מארז 2 דבשים 350 ג כשל""פ.","שטראוס גרופ בע""מ",,,"י""ח",700,ל  גרם,false,1,35.90,5.13,true,1,
7290010471669,false,דנונה קראנצי יוגורט תות עם קורנפלקס,"שטראוס גרופ ***בע""מ",,,"י""ח",175,"ל  מ""ל",false,1,4.60,2.63,true,1,
7290010472307,false,גמדים לשתייה תות בננה 8,"שטראוס גרופ ***בע""מ",,,"י""ח",800,"ל  מ""ל",false,1,20,2.50,true,1,
7290010472390,false,"מארז שמינייה דני שוקולד רובין כשל""פ","שטראוס גרופ ***בע""מ",,,"י""ח",1,ליטר,false,1,15.90,15.90,true,1,
7290010513727,false,פנקו פרורי לחם וומטרי 200גרם,מזרח ומערב יבוא ושיווק,,,"י""ח",200,ל  גרם,false,1,7.90,3.95,false,1,
7290010558087,false,אריסה 200 גרם,עוזי טעמים של בית,,,"י""ח",1,,false,1,14.90,14.90,false,1,
7290010558681,false,ממרח עגבניות 200ג,עוזי טעמים של בית,,,"י""ח",1,,false,1,21.90,21.90,false,1,
7290010609000,false,טרופי קש בודד,דודו הדיל בעמ,,,"י""ח",1,,false,1,1.20,1.20,false,1,
7290010609550,false,טרופי קש  20 יח בקופסא,דודו הדיל בעמ,,,"י""ח",20,"י""ח",false,1,24.90,1.25,false,1,
7290010609727,false,פופסים  קידס 70 יח,דודו הדיל בעמ,,,"י""ח",1,,false,1,13.90,13.90,false,1,
7290010609734,false,אייס לי שלוקים שמינייה..,דודו הדיל בעמ,,,"י""ח",8,"י""ח",false,1,5.90,0.74,true,1,
7290010613519,false,דלי מטליות לנ.וחיטוי בנ.מלון בוטיק טאצ,סאסאטק אגשח בעמ,,,"י""ח",1,,false,1,22.90,22.90,false,1,
7290010613977,false,טאץ מטליות רצפה חד פעמי פרקט טאצ 10יח,סאסאטק אגשח בעמ,,,"י""ח",10,"י""ח",false,1,11.90,1.19,true,1,
7290010627004,false,טחינה ירושלים 500 גר,תה ויסוצקי (ישראל)בעמ,,,"י""ח",500,ל  גרם,false,1,16.90,3.38,true,1,
7290010632442,false,קופסא למוצצים,אינטרסן (1996) בעמ,,,"י""ח",1,,false,1,14.90,14.90,false,1,
7290010632657,false,מוצץ גומי בליסטר 3יחי,אינטרסן (1996) בעמ,,,"י""ח",1,,false,1,14.90,14.90,false,1,
7290010711086,false,סופר מגבת מבד עם ויסקוזה,מ.א.ייצור ויבוא מטליות בעמ,,,"י""ח",1,"י""ח",false,1,23.90,23.90,false,1,
7290010711123,false,רביעית ננסים באריזה,מ.א.ייצור ויבוא מטליות בעמ,,,"י""ח",1,,false,1,6.90,6.90,false,1,
7290010711208,false,גליל מטליות צהוב 40יח Shiny,מ.א.ייצור ויבוא מטליות בעמ,,,"י""ח",1,,false,1,21.90,21.90,false,1,
7290010711901,false,מיקרופייבר שלישייה לרצפה,מ.א.ייצור ויבוא מטליות בעמ,,,"י""ח",3,"י""ח",false,1,15.90,5.30,false,1,
7290010711918,false,מיקרופייבר חמישייה לניקוי כללי,מ.א.ייצור ויבוא מטליות בעמ,,,"י""ח",1,,false,1,9.90,9.90,false,1,
7290010711932,false,מטליות רב שימושיות פרימיום 9יח,מ.א.ייצור ויבוא מטליות בעמ,,,"י""ח",9,"י""ח",false,1,8.90,0.99,false,1,
7290010718023,false,קרם גוף איזבלה גדול,פנינה רוזנבלום בעמ,,,"י""ח",400,"ל  מ""ל",false,1,20.90,5.23,false,1,
7290010748518,false,סרקל פורטה שמפו,פישר תעשיות פרמבצטיות בעמ,,,"י""ח",750,"ל  מ""ל",false,1,24.30,3.24,false,1,
7290010748877,false,אפקטיב קרם גוף סנסטיב,פישר תעשיות פרמבצטיות בעמ,,,"י""ח",700,"ל  מ""ל",false,1,29.90,4.27,true,1,
7290010748891,false,אפקטיב קרם גוף עור יבש,פישר תעשיות פרמבצטיות בעמ,,,"י""ח",700,"ל  מ""ל",false,1,29.90,4.27,true,1,
7290010814251,false,שוקולד שלישיות חלב 85*3 גרם,כרמית תעשיות ממתקים בעמ,,,"י""ח",300,ל  גרם,false,1,10.90,3.63,true,1,
7290010814695,false,שוקולד פרמיום מריר ללס 85ג,כרמית תעשיות ממתקים בעמ,,,"י""ח",85,ל  גרם,false,1,6.90,8.12,true,1,
7290010814701,false,שוקולד פרמיום חלב ללס 85ג,כרמית תעשיות ממתקים בעמ,,,"י""ח",85,ל  גרם,false,1,6.90,8.12,true,1,
7290010838219,false,מרמולייט  סטיביה 100שקיות,דנשר (1963) בעמ,,,"י""ח",100,"י""ח",false,1,25.90,0.26,false,1,
7290010849512,false,"יין למברוסקו די לואיג`י רוזאטו 750מ""ל",הכרם משקאות חריפים בעמ,,,"י""ח",750,"ל  מ""ל",false,1,24.90,3.28,false,1,
7290010849529,false,"למברוסקו די לואיג`י ביאנקו 750מ""ל",הכרם משקאות חריפים בעמ,,,"י""ח",750,"ל  מ""ל",false,1,24.90,3.28,false,1,
7290010883356,false,כפפות אלוורה L,החב הדרומית לשיווק,,,"י""ח",1,,false,1,10.90,10.90,false,1,
7290010883370,false,כפפות אלוורה M,החב הדרומית לשיווק,,,"י""ח",1,,false,1,10.90,10.90,false,1,
7290010922871,false,"טחון בקר  1ק""ג אשפר",בלדי בעמ,,,"י""ח",1,"ק""ג",false,1,36.90,36.90,true,1,
7290010922895,false,המבורגר  בקר בלדי 400ג אשפר,בלדי בעמ,,,"י""ח",400,ל  גרם,false,1,14.90,3.73,false,1,
7290010922901,false,קבב מזרחי בלדי 400ג אשפר,בלדי בעמ,,,"י""ח",400,ל  גרם,false,1,14.90,3.73,false,1,
7290010922918,false,מינוט סטייק 250גר ארוז אשפר,בלדי בעמ,,,"י""ח",250,ל  גרם,false,1,36.90,14.76,false,1,
7290010922949,false,תות שדה  250גר קפוא בלדי,בלדי בעמ,,,"י""ח",250,ל  גרם,false,1,14.90,5.96,false,1,
7290010931330,false,סלט מטבוחה 500 גרם אחלה,"שטראוס גרופ ***בע""מ",,,"י""ח",500,ל  גרם,false,1,13.90,2.78,true,1,
7290010945146,false,קוטג  3% מועשר טרה,*החברה המרכזית להפצת משקאותבעמ,,,"י""ח",250,ל  גרם,false,1,5.90,2.36,true,1,
7290010945450,false,גבינה לבנה 3% 250  ג*,*החברה המרכזית להפצת משקאותבעמ,,,"י""ח",250,ל  גרם,false,1,4.98,1.99,false,1,
7290011017866,false,פחית קוקה קולה סליק,החברה המרכזית להפצת משקאות בעמ,,,"י""ח",330,"ל  מ""ל",false,1,4.50,1.27,true,1,
7290011017873,false,פחית קוקה קולה זירו  סליק,החברה המרכזית להפצת משקאות בעמ,,,"י""ח",330,"ל  מ""ל",false,1,4.50,1.27,true,1,
7290011018184,false,תה אפרסק 0.5 ליטר FUZE-T,החברה המרכזית להפצת משקאות בעמ,,,"י""ח",500,"ל  מ""ל",false,1,6.20,1.18,true,1,
7290011026530,false,"ד""ר פישר קמיל בלו 500 מ""ל",פישר תעשיות פרמבצטיות בעמ,,,"י""ח",500,"ל  מ""ל",false,1,20.90,4.18,false,1,
7290011051525,false,ספרינג -Tאפרסק   0.5 ל,יפאורה שותפות מוגבלת לשיווק,,,"י""ח",500,"ל  מ""ל",false,1,5.90,1.12,true,1,
7290011065416,false,פלפל שחור מטחנה 60גר,א.ל.יצור ושיווקתבלינים בעמ,,,"י""ח",60,ל  גרם,false,1,17.90,29.83,false,1,
7290011065423,false,מלח ים מטחנה 130גר,א.ל.יצור ושיווקתבלינים בעמ,,,"י""ח",130,ל  גרם,false,1,17.90,13.77,false,1,
7290011065430,false,צ`ילי מטחנה 50גר,א.ל.יצור ושיווקתבלינים בעמ,,,"י""ח",50,ל  גרם,false,1,17.90,35.80,false,1,
7290011113926,false,דאו טיטניום בלאק,החב הדרומית לשיווק,,,"י""ח",200,"ל  מ""ל",false,1,14.90,7.45,false,1,
7290011115203,false,סבון רביעיה לילך,החב הדרומית לשיווק,,,"י""ח",400,ל  גרם,false,1,10.90,2.73,false,1,
7290011115289,false,סבון רביעיה  נקה לילך,החב הדרומית לשיווק,,,"י""ח",400,ל  גרם,false,1,10.90,2.73,false,1,
7290011115401,false,נקה  -AROMA7סבון מוצק*4,החב הדרומית לשיווק,,,"י""ח",400,ל  גרם,false,1,10.90,2.73,false,1,
7290011126209,false,חליטת תפוח וקינמון גן קסום,תה ויסוצקי (ישראל)בעמ,,,"י""ח",55,ל  גרם,false,1,17.90,32.55,true,1,
7290011126452,false,חליטת קמומיל ונענע גן קסום,תה ויסוצקי (ישראל)בעמ,,,"י""ח",37.50,ל  גרם,false,1,17.90,47.73,true,1,
7290011126469,false,חליטת קמומיל ודבש גן קסום,תה ויסוצקי (ישראל)בעמ,,,"י""ח",37.50,ל  גרם,false,1,17.90,47.73,true,1,
7290011126957,false,תה ירוק ארל גריי,תה ויסוצקי (ישראל)בעמ,,,"י""ח",37.50,ל  גרם,false,1,24.90,66.40,true,1,
7290011131371,false,"מיזלי 1 ק""ג שקדים",מ.סידס ובנו בעמ,,,"י""ח",1,"ק""ג",false,1,27.90,27.90,true,1,
7290011132507,false,סו בנדטו מוגז עדין 0.5 ליטר בודד.,טמפו משקאות בעמ,,,"י""ח",500,"ל  מ""ל",false,1,3.10,0.56,false,1,
7290011133368,false,"שנדי(מכבי) שישיות טעם תפוח 330מ""ל",טמפו משקאות בעמ,,,"י""ח",1.98,ליטר,false,1,35.90,17.22,true,1,
7290011133375,false,"שנדי(מכבי)שישיות טעם אפרסק 330מ""ל",טמפו משקאות בעמ,,,"י""ח",330,"ל  מ""ל",false,1,35.90,10.33,true,1,
7290011133504,false,"שנדי טעם אפרסק בודד 330מ""ל",טמפו משקאות בעמ,,,"י""ח",330,"ל  מ""ל",false,1,6.90,2,false,1,
7290011133634,false,"פפסי מקס שישייה פחיות 330מ""ל",טמפו משקאות בעמ,,,"י""ח",1.98,ליטר,false,1,19.90,9.14,true,1,
7290011142001,false,"לחם""דואט"" 550גר",מאפיית דואט בעמ,,,"י""ח",550,ל  גרם,false,1,11.90,2.16,false,1,
7290011142025,false,לחם שיפון כפרי 600גר,מאפיית דואט בעמ,,,"י""ח",600,ל  גרם,false,1,12.90,2.15,false,1,
7290011142032,false,לחם שיפון ביתי 630גר,מאפיית דואט בעמ,,,"י""ח",630,ל  גרם,false,1,12.90,2.05,false,1,
7290011142049,false,לחם דגנים 630גר,מאפיית דואט בעמ,,,"י""ח",630,ל  גרם,false,1,11.90,1.89,false,1,
7290011142148,false,לחמים/לחמניות 450גר,מאפיית דואט בעמ,,,"י""ח",700,ל  גרם,false,1,12.90,1.84,false,1,
7290011142315,false,לחם מרוקאי מסורתי(פרנה),מאפיית דואט בעמ,,,"י""ח",700,ל  גרם,false,1,14.50,2.07,false,1,
7290011142322,false,10 פיתות  במארז( דואט),מאפיית דואט בעמ,,,"י""ח",700,ל  גרם,false,1,13.90,1.99,false,1,
7290011148812,false,צנונית,רגבים עלים ירוקים בעמ,,,"י""ח",1,,false,1,6.90,6.90,false,1,
7290011153885,false,נייר אכיל עיצוב,שמחה זה אנחנו,,,"י""ח",1,,false,1,14.90,14.90,false,1,
7290011154080,false,.תרכיז תפוחים מבית טעמי הגליל צלול,ליימן שליסל,,,"י""ח",500,"ל  מ""ל",false,1,22.90,4.58,true,1,
7290011194215,false,דניאלה בננה,"שטראוס גרופ ***בע""מ",,,"י""ח",150,"ל  מ""ל",false,1,4.10,2.73,true,1,
7290011194246,false,קוטג  5% עם סידן שטראוס,"שטראוס גרופ ***בע""מ",,,"י""ח",250,ל  גרם,false,1,5.80,2.32,true,1,
7290011223038,false,עלים לקרמשניט 300 גרם,דנשר (1963) בעמ,,,"י""ח",400,ל  גרם,false,1,14.90,3.73,false,1,
7290011223243,false,טואלט גק גל לאסלה,דנשר (1963) בעמ,,,"י""ח",55,"ל  מ""ל",false,1,9.90,18,false,1,
7290011249748,false,רולים שוקולד  100גרם גילרו,ח.כהן סוכנות מזון ומשקאות בע,,,"י""ח",100,ל  גרם,false,1,3.90,3.90,false,1,
7290011249755,false,רולים אגוזים  100גרם גילרו,ח.כהן סוכנות מזון ומשקאות בע,,,"י""ח",100,ל  גרם,false,1,3.90,3.90,false,1,
7290011254032,false,קינואה 500 גרם,מיה תעשיות מזון מ.ת.מ בעמ,,,"י""ח",500,ל  גרם,false,1,9.90,1.98,false,1,
7290011254070,false,פלפל שחור בשקית,מיה תעשיות מזון מ.ת.מ בעמ,,,"י""ח",80,ל  גרם,false,1,9.40,11.75,false,1,
7290011254087,false,קינמון טחון 80גרם,מיה תעשיות מזון מ.ת.מ בעמ,,,"י""ח",80,ל  גרם,false,1,4.30,5.38,false,1,
7290011254094,false,כמון 80גר,מיה תעשיות מזון מ.ת.מ בעמ,,,"י""ח",80,ל  גרם,false,1,4.30,5.38,false,1,
7290011254100,false,כורכום 80גרם בשקית,מיה תעשיות מזון מ.ת.מ בעמ,,,"י""ח",80,ל  גרם,false,1,5,6.25,false,1,
7290011254117,false,פפריקה מתוקה 80גרם,מיה תעשיות מזון מ.ת.מ בעמ,,,"י""ח",80,ל  גרם,false,1,5,6.25,false,1,
7290011254124,false,פפריקה חריפה 80גרם,מיה תעשיות מזון מ.ת.מ בעמ,,,"י""ח",80,ל  גרם,false,1,4.30,5.38,false,1,
7290011254131,false,אורגנו 20גרם,מיה תעשיות מזון מ.ת.מ בעמ,,,"י""ח",20,ל  גרם,false,1,4.20,21,false,1,
7290011254148,false,אבקת שום 80גרם,מיה תעשיות מזון מ.ת.מ בעמ,,,"י""ח",80,ל  גרם,false,1,7.90,9.88,false,1,
7290011254155,false,מלח לימון 80גר.,מיה תעשיות מזון מ.ת.מ בעמ,,,"י""ח",100,ל  גרם,false,1,4,4,false,1,
7290011254179,false,גריל עוף שקית חדש,מיה תעשיות מזון מ.ת.מ בעמ,,,"י""ח",80,ל  גרם,false,1,4.10,5.13,false,1,
7290011254186,false,שבבי בצל 50ג  שקית,מיה תעשיות מזון מ.ת.מ בעמ,,,"י""ח",80,ל  גרם,false,1,4.70,5.88,false,1,
7290011254209,false,גבישי שום 80גרם,מיה תעשיות מזון מ.ת.מ בעמ,,,"י""ח",80,ל  גרם,false,1,7.90,9.88,false,1,
7290011254254,false,"שוקולד צ יפס 300 ג  בד""צ מיה",מיה תעשיות מזון מ.ת.מ בעמ,,,"י""ח",300,ל  גרם,false,1,9.90,3.30,false,1,
7290011254759,false,שעועית שחורה 500גר`,מיה תעשיות מזון מ.ת.מ בעמ,,,"י""ח",500,ל  גרם,false,1,7.60,1.52,false,1,
7290011254773,false,שעועית ארגנטינאית 500גר`,מיה תעשיות מזון מ.ת.מ בעמ,,,"י""ח",500,ל  גרם,false,1,7.90,1.58,false,1,
7290011276485,false,חסה עגולה,ביכורי השדה צפון 1994 ג.ד. בעמ,,,"י""ח",1,,false,1,6.90,6.90,false,1,
7290011300975,false,"סבון נוזלי ורוד פרייז 500מ""ל",פנינה רוזנבלום בעמ,,,"י""ח",0.50,ליטר,false,1,6.90,13.80,false,1,
7290011378233,false,מאגדת חטיפי חלבה וניל ללא סוכר,קבוצת אוסם סחר-שות.מוגבלת,,,"י""ח",6,"י""ח",false,1,11.90,1.98,false,1,
7290011378257,false,"מאגדת 7יח חטיף חלבה-פקאן  ופיסטוק לל""ס",קבוצת אוסם סחר-שות.מוגבלת,,,"י""ח",7,"י""ח",false,1,10.90,1.56,false,1,
7290011378769,false,מאגדת 6יח חטיף חלבה-וניל,קבוצת אוסם סחר-שות.מוגבלת,,,"י""ח",6,"י""ח",false,1,11.90,1.98,false,1,
7290011378776,false,מאגדת 6יח חטיף חלבה-פיסטוק,קבוצת אוסם סחר-שות.מוגבלת,,,"י""ח",6,"י""ח",false,1,11.90,1.98,false,1,
7290011435226,false,דבש  לחיץ 650גר` יד מרדכי,"שטראוס גרופ בע""מ",,,"י""ח",650,ל  גרם,false,1,33.90,5.22,true,1,
7290011438142,false,"משקה חלב טעם קפה 350 מ""ל","שטראוס גרופ ***בע""מ",,,"י""ח",350,"ל  מ""ל",false,1,6.20,1.77,true,1,
7290011447304,false,מטרנה פרימיום א.חסכוןשלב 3,קבוצת אוסם סחר-שות.מוגבלת,,,"י""ח",700,ל  גרם,false,1,49.90,7.13,false,1,
7290011447359,false,מטרנה מהדרין חסכונית 1,קבוצת אוסם סחר-שות.מוגבלת,,,"י""ח",700,ל  גרם,false,1,49.90,7.13,false,1,
7290011461058,false,גומא ריחני במבוק,מוסקו בעמ,,,"י""ח",1,,false,1,19.90,19.90,false,1,
7290011480547,false,בצל ירוק כשר יבולי הכפר,ביכורי השדה צפון 1994 ג.ד. בעמ,,,"י""ח",1,,false,1,6.90,6.90,true,1,
7290011488062,false,בצלצלי שאלוט 350גר,ביכורי השדה צפון 1994 ג.ד. בעמ,,,"י""ח",350,ל  גרם,false,1,13.90,3.97,false,1,
7290011499051,false,פטה כבשים 250 גרם,מחלבות גד,,,"י""ח",250,ל  גרם,false,1,24.90,9.96,false,1,
7290011499129,false,בולגרית  קוביות מעודנת 5% 200 ג,מחלבות גד,,,"י""ח",200,ל  גרם,false,1,19.90,9.95,false,1,
7290011499303,false,בולגרית מעודנת עיזים 5% 250 ג,מחלבות גד,,,"י""ח",250,ל  גרם,false,1,29.90,11.96,false,1,
7290011499327,false,בולגרית מעודנת חלב בקר 5%,מחלבות גד,,,"י""ח",250,ל  גרם,false,1,21.90,8.76,false,1,
7290011499365,false,חלומי גד 200גר.,מחלבות גד,,,"י""ח",200,ל  גרם,false,1,19.90,9.95,false,1,
7290011499419,false,קרם שמנת ניו יורק  5%  בטעם טבעי 200גר`,מחלבות גד,,,"י""ח",200,ל  גרם,false,1,11.90,5.95,false,1,
7290011499624,false,גבינת שמנת 30% בטעם טבעי ניו יורק,מחלבות גד,,,"י""ח",200,ל  גרם,false,1,12.90,6.45,false,1,
7290011515683,false,מאגדת אקסטרים וניל X 6,נגה גלידות,,,"י""ח",1,,false,1,34.90,34.90,false,1,
7290011518561,false,אקטימל מארז משפ  14יח   תות,"שטראוס גרופ ***בע""מ",,,"י""ח",1.40,ליטר,false,1,29.90,21.36,true,1,
7290011525729,false,קמיל בלו סנסטיב שמפו 1 ל,פישר תעשיות פרמבצטיות בעמ,,,"י""ח",1,ליטר,false,1,32.90,32.90,true,1,
7290011530488,false,שייק איט תכלת יום שישי 150גר*3,בלדי בעמ,,,"י""ח",150,ל  גרם,false,1,29.90,19.93,false,1,
7290011530945,false,קרפצ`ו עגל 210גר,בלדי בעמ,,,"י""ח",210,ל  גרם,false,1,39.90,19,false,1,
7290011598211,false,אנטי קאלק כללי 4ב1,החב הדרומית לשיווק,,,"י""ח",700,"ל  מ""ל",false,1,18.90,2.70,false,1,
7290011598365,false,סנו סושי מטליות מקרופייבר מקצועיות 4 יח,החב הדרומית לשיווק,,,"י""ח",1,,false,1,13.90,13.90,false,1,
7290011598402,false,מרכך כביסה מקסימה מאסק  4 ל,החב הדרומית לשיווק,,,"י""ח",4,ליטר,false,1,21.90,5.48,false,1,
7290011607180,false,"קולון 1.250 ק""ג",רקיט בנקיזר (ניר איסט) בעמ,,,"י""ח",1.25,"ק""ג",false,1,14.90,11.92,false,1,
7290011607197,false,"קולון 101- 5 ק""ג",רקיט בנקיזר (ניר איסט) בעמ,,,"י""ח",5,"ק""ג",false,1,39.90,7.98,false,1,
7290011668143,false,מסיכה משקמת.,פנינה רוזנבלום בעמ,,,"י""ח",1,"ק""ג",false,1,29.90,29.90,false,1,
7290011668402,false,שמפו לגבר פנינה,פנינה רוזנבלום בעמ,,,"י""ח",750,"ל  מ""ל",false,1,12.90,1.72,true,1,
7290011668419,false,שמפו אובלי יומי פנינה,פנינה רוזנבלום בעמ,,,"י""ח",750,"ל  מ""ל",false,1,12.90,1.72,true,1,
7290011668433,false,שמפו שיאה לשיער צבוע  פנינה,פנינה רוזנבלום בעמ,,,"י""ח",750,"ל  מ""ל",false,1,12.90,1.72,true,1,
7290011668440,false,מרכך שיאה לשיער צבוע פנינה,פנינה רוזנבלום בעמ,,,"י""ח",750,"ל  מ""ל",false,1,12.90,1.72,true,1,
7290011695651,false,צנימים עגולים 300גר`,נאמן לאורך זמן בעמ,,,"י""ח",300,ל  גרם,false,1,11.90,3.97,false,1,
7290011695972,false,טוסטים פריכים 100גר`,נאמן לאורך זמן בעמ,,,"י""ח",100,ל  גרם,false,1,8.90,8.90,true,1,
7290011725013,false,כוסברה  גלאט,ביכורי השדה צפון 1994 ג.ד. בעמ,,,"י""ח",1,,false,1,5.90,5.90,true,1,
7290011765422,false,בוב ספוג אל סבון,החב הדרומית לשיווק,,,"י""ח",750,"ל  מ""ל",false,1,10.90,1.45,false,1,
7290011778378,false,ביצי אומגהL בארותיים 12 יח`,מן הטבע בארותיים בעמ,,,"י""ח",1,,false,1,17.90,17.90,false,1,
7290011800840,false,טחינה לבנה 400גר`,קבוצת אוסם סחר-שות.מוגבלת,,,"י""ח",400,ל  גרם,false,1,15.90,3.98,true,1,
7290011860271,false,תפוגן ביסבול טבעי 700 ג,קבוצת אוסם סחר-שות.מוגבלת,,,"י""ח",700,ל  גרם,false,1,15.90,2.27,false,1,
7290011870249,false,סוללות  *AAA12 פוגיקום,פוגיקום בעמ,,,"י""ח",1,,false,1,19.90,19.90,true,1,
7290011870270,false,סוללות   *AA12 פוגיקום,פוגיקום בעמ,,,"י""ח",1,,false,1,19.90,19.90,true,1,
7290011877859,false,סנו אינסטלטור בקבוקון,החב הדרומית לשיווק,,,"י""ח",200,"ל  מ""ל",false,1,13.90,6.95,false,1,
7290011877866,false,"סנו מקסימה מאסק 6 ק""ג",החב הדרומית לשיווק,,,"י""ח",6,"ק""ג",false,1,44.90,7.48,true,1,
7290011912642,false,"ליסטרין טאגד  500 מ""ל",שקד תבל בעמ,,,"י""ח",500,"ל  מ""ל",false,1,17.90,3.58,true,1,
7290011931162,false,סוכרלייט נוזלי,"שטראוס גרופ בע""מ",,,"י""ח",220,"ל  מ""ל",false,1,24.60,11.18,true,1,
7290011947309,false,זית סורי מבוקע עם לימון כבוש  220גר,תה ויסוצקי (ישראל)בעמ,,,"י""ח",560,ל  גרם,false,1,13.90,2.48,false,1,
7290011947316,false,זית קלמטה,תה ויסוצקי (ישראל)בעמ,,,"י""ח",200,ל  גרם,false,1,13.90,6.95,false,1,
7290011947521,false,שמן זית  זיתא כתית מעולה טעם מודגש 750,תה ויסוצקי (ישראל)בעמ,,,"י""ח",750,"ל  מ""ל",false,1,37.90,5.05,true,1,
7290011947767,false,שמן זית זיתא  קורנייקי כתית.מעולה 750,תה ויסוצקי (ישראל)בעמ,,,"י""ח",750,"ל  מ""ל",false,1,36.90,4.92,false,1,
7290012001994,false,חרדל דיג`ון גרעינים 370  גר`דיפלומט,דיפלומט מפיצים (1968) בעמ**,,,"י""ח",370,ל  גרם,false,1,11.90,3.22,false,1,
7290012022203,false,קליליות חיטה מלאה,דילייט 2005 בעמ,,,"י""ח",140,ל  גרם,false,1,13.50,9.64,false,1,
7290012022227,false,קליליות חיטה טעם טבעי,דילייט 2005 בעמ,,,"י""ח",140,ל  גרם,false,1,11.90,8.50,false,1,
7290012022272,false,קליליות קידס 30גר,דילייט 2005 בעמ,,,"י""ח",30,ל  גרם,false,1,10.90,36.33,false,1,
7290012025822,false,סלק  400 ג אסלי,סלטי שמיר2006בעמ,,,"י""ח",400,ל  גרם,false,1,9.90,2.48,true,1,
7290012025839,false,מטבוחה 400 ג אסלי,סלטי שמיר2006בעמ,,,"י""ח",400,ל  גרם,false,1,10.90,2.73,true,1,
7290012116360,false,פוליווקס 2 ל  גרניט פורצל,החב הדרומית לשיווק,,,"י""ח",2,ליטר,false,1,16.90,8.45,true,1,
7290012116537,false,"#א.כביסה מקסימה מאסק 2.5 ק""ג",החב הדרומית לשיווק,,,"י""ח",2.50,"ק""ג",false,1,25.90,10.36,false,1,
7290012116551,false,אנטי קאלק  4ב 1   2 ליטר,החב הדרומית לשיווק,,,"י""ח",2,ליטר,false,1,20.90,10.45,false,1,
7290012116612,false,אורביטול מברשות שיניים רביעיות,החב הדרומית לשיווק,,,"י""ח",1,,false,1,9.90,9.90,false,1,
7290012117275,false,"סנוקליר מילוי 750מ""ל",החב הדרומית לשיווק,,,"י""ח",750,"ל  מ""ל",false,1,5.80,0.77,false,1,
7290012117411,false,"גיל רחצה קרמה מן במבוק 700 מ""ל",החב הדרומית לשיווק,,,"י""ח",700,"ל  מ""ל",false,1,14.90,2.13,false,1,
7290012117428,false,שמפו וגיל רחצה  קרמה מן  2 ב -1 700מיי,החב הדרומית לשיווק,,,"י""ח",700,"ל  מ""ל",false,1,14.90,2.13,false,1,
7290012117435,false,"גיל רחצה אלוורה 700 מ""ל",החב הדרומית לשיווק,,,"י""ח",700,"ל  מ""ל",false,1,14.90,2.13,false,1,
7290012117534,false,.מרכך מקסימה סופר מרוכז COOL 1 ליטר,החב הדרומית לשיווק,,,"י""ח",1,ליטר,false,1,17.50,17.50,false,1,
7290012117541,false,מרכך מקסימה סופר מרוכז ZEN 1ליטר,החב הדרומית לשיווק,,,"י""ח",1,ליטר,false,1,17.50,17.50,false,1,
7290012117732,false,מקסימה מרכך 4 ליטר שחור,החב הדרומית לשיווק,,,"י""ח",4,ליטר,false,1,21.90,5.48,false,1,
7290012117916,false,סנו אינסטלטור נוזלי 1 ליטר,החב הדרומית לשיווק,,,"י""ח",1,ליטר,false,1,26.90,26.90,false,1,
7290012139567,false,בונזו גוי ביסקוויט 90גרם,דיפלומט מפיצים (1968) בעמ**,,,"י""ח",3,"ק""ג",false,1,16.90,5.63,false,1,
7290012226021,false,סלמי מעושן פראג 400 ג`,זוגלובק שיווק בעמ,,,"י""ח",400,ל  גרם,false,1,19.90,4.98,true,1,
7290012226120,false,קבנוס 135 ג`,זוגלובק שיווק בעמ,,,"י""ח",135,ל  גרם,false,1,11,8.15,true,1,
7290012226922,false,קבנוס טעם שום 135גרם,זוגלובק שיווק בעמ,,,"י""ח",135,ל  גרם,false,1,11,8.15,true,1,
7290012226991,false,"נקניקיות ג`מבו 1.5 ק""ג",זוגלובק שיווק בעמ,,,"י""ח",1.50,"י""ח",false,1,26.90,17.93,true,1,
7290012227172,false,מארז פסטרמה כפרית חרמון 300גר+300גר,זוגלובק שיווק בעמ,,,"י""ח",600,ל  גרם,false,1,31.90,5.32,true,1,
7290012227615,false,נקניקיות עוף 800גר זוגלובק,זוגלובק שיווק בעמ,,,"י""ח",800,ל  גרם,false,1,24.90,3.11,true,1,
7290012227622,false,חרמון כפרית דבש 400גר מחפוד,זוגלובק שיווק בעמ,,,"י""ח",400,ל  גרם,false,1,21.90,5.48,true,1,
7290012227691,false,סלמי תה פפרוני 360ג,זוגלובק שיווק בעמ,,,"י""ח",360,ל  גרם,false,1,19.90,5.53,false,1,
7290012227783,false,תה מעושן 400גר מחפוד,זוגלובק שיווק בעמ,,,"י""ח",400,ל  גרם,false,1,20.90,5.23,true,1,
7290012227981,false,פסטרמה ברביקיו 120גר`,זוגלובק שיווק בעמ,,,"י""ח",120,ל  גרם,false,1,13.90,11.58,true,1,
7290012227998,false,חזה בקר 120גר`,זוגלובק שיווק בעמ,,,"י""ח",120,ל  גרם,false,1,13.90,11.58,true,1,
7290012228247,false,המבורגר טקסס 1.4 קג מגשית,זוגלובק שיווק בעמ,,,"י""ח",1.40,"ק""ג",false,1,49.90,35.64,true,1,
7290012228261,false,נקניקיות הודו פרמיום  310גר,זוגלובק שיווק בעמ,,,"י""ח",310,ל  גרם,false,1,19.90,6.42,false,1,
7290012228278,false,נקניקיות הודו ובקר 310גר,זוגלובק שיווק בעמ,,,"י""ח",310,ל  גרם,false,1,19.90,6.42,false,1,
7290012228704,false,נקניקיות סוסג` ספרדית חריפה ריינהולד,זוגלובק שיווק בעמ,,,"י""ח",310,ל  גרם,false,1,19.90,6.42,false,1,
7290012228971,false,סלמי תה פפרוני 180 גרם.,זוגלובק שיווק בעמ,,,"י""ח",180,ל  גרם,false,1,14.90,8.28,false,1,
7290012228995,false,חרמון הודו ועוף ברבקיו 200גר.,זוגלובק שיווק בעמ,,,"י""ח",180,ל  גרם,false,1,14.90,8.28,false,1,
7290012245176,false,וופל ציפס קריספי קפוא 700ג,קפוא זן תעשיות מזון בעמ,,,"י""ח",700,ל  גרם,false,1,15.90,2.27,false,1,
7290012245312,false,"גולד ציפס אמריקאי 1.5ק""ג",קפוא זן תעשיות מזון בעמ,,,"י""ח",1.50,"ק""ג",false,1,21.90,14.60,true,1,
7290012275401,false,"בירה מולר  500מ""ל",בני פאוזי שמשום (2009) בעמ,,,"י""ח",210,"ל  מ""ל",false,1,4.50,2,true,1,
7290012295973,false,עלי רוקולה פרמיום 100ג שמיטה,ביכורי השדה צפון 1994 ג.ד. בעמ,,,"י""ח",1,,false,1,9.90,9.90,false,1,
7290012309311,false,ערמונים 100גר ששון הקולה,דין שיווק וקליה 2021 בעמ,,,"י""ח",1,,false,1,5.90,5.90,false,1,
7290012313264,false,כרוב כבוש A2,קבוצת יבנה מוצרי מזון בעמ,,,"י""ח",1,,false,1,7.90,7.90,false,1,
7290012367717,false,"קרם ידיים ד""ר פישר אפקטיב קר 150מ""ל",פישר תעשיות פרמבצטיות בעמ,,,"י""ח",12,ליטר,false,1,16.90,1.41,true,1,
7290012372155,false,"קמח כוסמין  80%  1ק""ג",סופר קמח רובינפלד בעמ,,,"י""ח",1,"ק""ג",false,1,16.90,16.90,false,1,
7290012372247,false,"קמח כוסמין לבן 1ק""ג",סופר קמח רובינפלד בעמ,,,"י""ח",1,"ק""ג",false,1,16.90,16.90,false,1,
7290012404177,false,"שוופס מוגז תפוחים 330מ""ל",יפאורה שותפות מוגבלת לשיווק,,,"י""ח",330,"ל  מ""ל",false,1,5.90,1.70,true,1,
7290012404955,false,ספרינג נקטר חמוציות 1.25,יפאורה שותפות מוגבלת לשיווק,,,"י""ח",1.25,ליטר,false,1,12.90,10.08,true,1,
7290012404993,false,ספרינג נקטר דיאט חמוציות 1.25,יפאורה שותפות מוגבלת לשיווק,,,"י""ח",1.25,ליטר,false,1,12.90,10.08,true,1,
7290012413636,false,תה ירוק צאי מסאלה 25שק.,תה ויסוצקי (ישראל)בעמ,,,"י""ח",37.50,ל  גרם,false,1,24.90,66.40,true,1,
7290012454172,false,סוכריות ללא סוכר טעם תות יוגורט,מיה תעשיות מזון מ.ת.מ בעמ,,,"י""ח",1,,false,1,6.50,6.50,true,1,
7290012454196,false,סוכריות ללא סוכר טעם קפוצ`ינו 80גר`,מיה תעשיות מזון מ.ת.מ בעמ,,,"י""ח",1,,false,1,6.50,6.50,true,1,
7290012454578,false,סוכריות לקישוט לבן,מיה תעשיות מזון מ.ת.מ בעמ,,,"י""ח",200,ל  גרם,false,1,5.40,2.70,false,1,
7290012561405,false,בצל חצי מטוגן,קבוצת אוסם סחר-שות.מוגבלת,,,"י""ח",180,ל  גרם,false,1,11.90,6.61,false,1,
7290012576607,false,יין פרימייר אדום קברנה סוביניון/מלבק,טמפו משקאות בעמ,,,"י""ח",750,"ל  מ""ל",false,1,26.90,3.55,true,1,
7290012645020,false,"יוגורט  עיזים טבעי  500מ""ל","שטראוס גרופ ***בע""מ",,,"י""ח",500,"ל  מ""ל",false,1,10,2,true,1,
7290012645112,false,"יוגורט  עיזים 750מ""ל בדלי","שטראוס גרופ ***בע""מ",,,"י""ח",750,"ל  מ""ל",false,1,19.90,2.65,true,1,
7290012645129,false,"יוגורט  כבשים 750מ""ל בדלי","שטראוס גרופ ***בע""מ",,,"י""ח",750,"ל  מ""ל",false,1,20.50,2.73,true,1,
7290012645174,false,גבינת עיזים 5% 200גר,"שטראוס גרופ ***בע""מ",,,"י""ח",200,ל  גרם,false,1,13.90,6.95,true,1,
7290012645297,false,"יוגורט  עיזים טבעי  150מ""ל","שטראוס גרופ ***בע""מ",,,"י""ח",150,"ל  מ""ל",false,1,5.90,3.93,true,1,
7290012645389,false,יוגורט עיזים  טבעי 1ל בקבוק,"שטראוס גרופ ***בע""מ",,,"י""ח",1,ליטר,false,1,23,23,true,1,
7290012823381,false,מרכך כביסה מקסימה 1 ליטר מרוכז,החב הדרומית לשיווק,,,"י""ח",1,ליטר,false,1,17.50,17.50,false,1,
7290012823398,false,מטליות לחות לריצפה ריצפז 10 יחידות,החב הדרומית לשיווק,,,"י""ח",1,,false,1,12.90,12.90,false,1,
7290012823602,false,נייר טואלט סופט לבן 32 גלילים,החב הדרומית לשיווק,,,"י""ח",32,"י""ח",false,1,35.90,1.12,true,1,
7290012823916,false,גל כביסה  מקסימה 5ל נואר,החב הדרומית לשיווק,,,"י""ח",5,ליטר,false,1,44.90,8.98,false,1,
7290012838026,false,עוגיות מלוחות עבודת יד 350גר,הלל בן הלל שיווק ומסחר בעמ,,,"י""ח",350,ל  גרם,false,1,15.90,4.54,false,1,
7290012850073,false,מחית סלט פירות   190ג,שקד תבל בעמ,,,"י""ח",190,"ל  מ""ל",false,1,5.90,3.11,true,1,
7290012864001,false,נבטי חמניה.,ביכורי השדה צפון 1994 ג.ד. בעמ,,,"י""ח",1,,false,1,9.90,9.90,false,1,
7290012884986,false,"צ יפס לתנור עד 4% שומן 1.5 ק""ג",קבוצת אוסם סחר-שות.מוגבלת,,,"י""ח",1.50,"ק""ג",false,1,24.90,16.60,false,1,
7290012901355,false,ארוחת איטריות עם גבינה 206גר,מור ים מרקטינג בעמ,,,"י""ח",206,ל  גרם,false,1,11.90,5.78,false,1,
7290012901980,false,שעועית אדומה 400 גרם לה מסריה,מור ים מרקטינג בעמ,,,"י""ח",400,ל  גרם,false,1,7.90,1.98,false,1,
7290012921032,false,בירה מלכה אדמונית,הכרם משקאות חריפים בעמ,,,"י""ח",660,"ל  מ""ל",false,1,13.20,1.95,true,1,
7290012921056,false,בירה מלכה חיטה,הכרם משקאות חריפים בעמ,,,"י""ח",660,"ל  מ""ל",false,1,12.90,1.91,true,1,
7290012921063,false,בירה מלכה הינדי,הכרם משקאות חריפים בעמ,,,"י""ח",660,"ל  מ""ל",false,1,13.20,1.95,true,1,
7290012931222,false,שיפוד חדש שטוח,מ.א.ייצור ויבוא מטליות בעמ,,,"י""ח",1,,false,1,6,6,false,1,
7290012936937,false,בהרט 40 גרם.,א.ל.יצור ושיווקתבלינים בעמ,,,"י""ח",40,ל  גרם,false,1,11.50,28.75,false,1,
7290012936944,false,אגוז מוסקט טחון 40גר. צנצנת,א.ל.יצור ושיווקתבלינים בעמ,,,"י""ח",50,ל  גרם,false,1,14.50,29,false,1,
7290012938405,false,דיימונד עבה במיוחד,גורי ע.ע.ע. בעמ,,,"י""ח",100,ל  גרם,false,1,13.90,13.90,false,1,
7290012938580,false,"סנסודיין הלבנה עדינה 75מ""ל",גורי ע.ע.ע. בעמ,,,"י""ח",75,ל  גרם,false,1,20.90,27.87,true,1,
7290012938597,false,"סנסודיין רפיד רליף 75 מ""ל",גורי ע.ע.ע. בעמ,,,"י""ח",75,ל  גרם,false,1,21.90,29.20,true,1,
7290012938740,false,"סנסודין מנטה 75מ""ל",גורי ע.ע.ע. בעמ,,,"י""ח",1,,false,1,20.90,20.90,true,1,
7290012962561,false,קיסמי שיניים 500יח,אינטרסן (1996) בעמ,,,"י""ח",200,"י""ח",false,1,4.90,0.02,true,1,
7290012962684,false,"שקיות צליה גמבו 50/35ס""מ",אינטרסן (1996) בעמ,,,"י""ח",50,"ס""מ",false,1,5.90,11.80,true,1,
7290012975875,false,כוסות יהלום בנדע שווה  75יח,ח.כהן סוכנות מזון ומשקאות בע,,,"י""ח",1,,false,1,10.90,10.90,true,1,
7290012996672,false,סבוני אסלה כחול זוגי,יעקב יעקבי ובניו בעמ,,,"י""ח",88,"ל  מ""ל",false,1,9.90,11.25,false,1,
7290013010018,false,"רוטב פסטה  240ג בד""ץ",זנלכל בעמ,,,"י""ח",240,ל  גרם,false,1,5.50,2.29,false,1,
7290013010094,false,"רוטב לפסטה בולונז   240ג בד""ץ",זנלכל בעמ,,,"י""ח",240,ל  גרם,false,1,5.50,2.29,false,1,
7290013027399,false,#לחם אנג ל 100 קל,שלמה א.אנג ל בעמ,,,"י""ח",750,ל  גרם,false,1,13.90,1.85,false,1,
7290013038432,false,אקווה נובה 2 ליטר בודד,טמפו משקאות בעמ,,,"י""ח",2,ליטר,false,1,3.60,1.65,false,1,
7290013083661,false,מטרנה אקסטרה קר שלב 1 חסכון 700גר`,קבוצת אוסם סחר-שות.מוגבלת,,,"י""ח",700,ל  גרם,false,1,59.90,8.56,false,1,
7290013117212,false,בורקס פילו במילוי גבינה 600 גר`מעדנות,תנובה בשר,,,"י""ח",600,ל  גרם,false,1,19.90,3.32,false,1,
7290013117229,false,"בורקס פילו במילוי תפו""א 600גר`",תנובה בשר,,,"י""ח",600,ל  גרם,false,1,19.90,3.32,false,1,
7290013117427,false,בצק עלים פריך   מלוח}מעדנות{900גר,תנובה בשר,,,"י""ח",900,ל  גרם,false,1,22.90,2.54,false,1,
7290013117526,false,בצק שמרים למאפים מתוקים 900גרם,תנובה בשר,,,"י""ח",900,ל  גרם,false,1,22.90,2.54,false,1,
7290013121103,false,שליש באגט 4 400 גר`Green lite,גורי ע.ע.ע. בעמ,,,"י""ח",400,ל  גרם,false,1,17.90,4.48,false,1,
7290013121158,false,רביעיית לחמניות סנדביץ 460גר. Green li,גורי ע.ע.ע. בעמ,,,"י""ח",460,ל  גרם,false,1,17.90,3.89,false,1,
7290013121691,false,שלישיית לאפות Green lite,גורי ע.ע.ע. בעמ,,,"י""ח",3,"י""ח",false,1,15.90,5.30,false,1,
7290013121769,false,שליש באגט ללא סוכר Green lite 400גר,גורי ע.ע.ע. בעמ,,,"י""ח",400,ל  גרם,false,1,15.90,3.98,false,1,
7290013121776,false,לחם כפרי ללא סוכר 700גר Green lite,גורי ע.ע.ע. בעמ,,,"י""ח",700,ל  גרם,false,1,18.90,2.70,false,1,
7290013144157,false,סחלב 130ג,א.ל.יצור ושיווקתבלינים בעמ,,,"י""ח",130,ל  גרם,false,1,10.90,8.38,true,1,
7290013144195,false,תערובת כדורי שוקולד 500גר`,א.ל.יצור ושיווקתבלינים בעמ,,,"י""ח",500,ל  גרם,false,1,16.90,3.38,true,1,
7290013144232,false,פודינג וניל,א.ל.יצור ושיווקתבלינים בעמ,,,"י""ח",8500,ל  גרם,false,1,4.90,0.06,true,1,
7290013144393,false,תמצית וניל,א.ל.יצור ושיווקתבלינים בעמ,,,"י""ח",1,,false,1,4.90,4.90,false,1,
7290013144409,false,תמצית רום,א.ל.יצור ושיווקתבלינים בעמ,,,"י""ח",1,,false,1,4.90,4.90,false,1,
7290013144515,false,צבע מאכל צהוב,א.ל.יצור ושיווקתבלינים בעמ,,,"י""ח",1,,false,1,4.30,4.30,false,1,
7290013144614,false,"סירופ מייפל אמיתי 100% 236מ""ל מימונס",א.ל.יצור ושיווקתבלינים בעמ,,,"י""ח",236,"ל  מ""ל",false,1,29.90,12.67,false,1,
7290013144805,false,אייס קפה לייט 250גר מימונס.,א.ל.יצור ושיווקתבלינים בעמ,,,"י""ח",250,ל  גרם,false,1,20.90,8.36,true,1,
7290013144911,false,מיקסשוקולד צ`יפס מריר וחלב 250גר`,א.ל.יצור ושיווקתבלינים בעמ,,,"י""ח",250,"ל  מ""ל",false,1,14.90,5.96,true,1,
7290013145024,false,אגוז מלך טחון 100 גר`מימונס,א.ל.יצור ושיווקתבלינים בעמ,,,"י""ח",100,ל  גרם,false,1,12.90,12.90,false,1,
7290013145062,false,"סירופ מייפל אמיתי 100% 187מ""ל מימונס",א.ל.יצור ושיווקתבלינים בעמ,,,"י""ח",187,"ל  מ""ל",false,1,19.90,10.64,false,1,
7290013145123,false,שקד מולבן פרוס 100 גר`מימונס,א.ל.יצור ושיווקתבלינים בעמ,,,"י""ח",100,ל  גרם,false,1,12.90,12.90,true,1,
7290013145178,false,קוקוס טחון לבן 100 גר`מימונס,א.ל.יצור ושיווקתבלינים בעמ,,,"י""ח",100,ל  גרם,false,1,4.60,4.60,false,1,
7290013145192,false,שומשום 100 גר`מימונס,א.ל.יצור ושיווקתבלינים בעמ,,,"י""ח",100,ל  גרם,false,1,4.60,4.60,false,1,
7290013145215,false,שומשום 400גר` מימונס,א.ל.יצור ושיווקתבלינים בעמ,,,"י""ח",400,ל  גרם,false,1,14.90,3.73,false,1,
7290013145277,false,עלים לקרמשניט 300ג,א.ל.יצור ושיווקתבלינים בעמ,,,"י""ח",300,ל  גרם,false,1,16.90,5.63,false,1,
7290013145390,false,שוקולד צ`יפס 250 גר`מימונס,א.ל.יצור ושיווקתבלינים בעמ,,,"י""ח",250,ל  גרם,false,1,9.30,3.72,false,1,
7290013145406,false,שוקולד צ`יפס לבן 250 גר`מימונס,א.ל.יצור ושיווקתבלינים בעמ,,,"י""ח",250,"ל  מ""ל",false,1,9.90,3.96,false,1,
7290013145437,false,שוקולד ציפס  אמיתי 48% 250ג מימונס,א.ל.יצור ושיווקתבלינים בעמ,,,"י""ח",250,ל  גרם,false,1,13.90,5.56,false,1,
7290013145628,false,סוכריות צבעוניות 200גר,א.ל.יצור ושיווקתבלינים בעמ,,,"י""ח",400,ל  גרם,false,1,8.90,2.23,false,1,
7290013145826,false,פודינג וניל לבן במיוחד 80גר,א.ל.יצור ושיווקתבלינים בעמ,,,"י""ח",80,ל  גרם,false,1,4.90,6.13,true,1,
7290013145833,false,פודינג שוקולד אמיתי 80גר,א.ל.יצור ושיווקתבלינים בעמ,,,"י""ח",80,ל  גרם,false,1,4.90,6.13,true,1,
7290013145840,false,סוכר וניל מימונס 10יח בצלופן,א.ל.יצור ושיווקתבלינים בעמ,,,"י""ח",10,"י""ח",false,1,2.30,0.23,false,1,
7290013145857,false,אבקת אפיה  מימונס 10יח בצלופן,א.ל.יצור ושיווקתבלינים בעמ,,,"י""ח",10,"י""ח",false,1,2.50,0.25,false,1,
7290013145864,false,"ג`לטין טהור אבקה בד""ץ 28גר`",א.ל.יצור ושיווקתבלינים בעמ,,,"י""ח",1,,false,1,11.90,11.90,false,1,
7290013145901,false,סודה לשתיה 100גר`,א.ל.יצור ושיווקתבלינים בעמ,,,"י""ח",100,ל  גרם,false,1,1.90,1.90,false,1,
7290013145918,false,אבקת סוכר 100 גר`מימונס,א.ל.יצור ושיווקתבלינים בעמ,,,"י""ח",100,ל  גרם,false,1,1.90,1.90,false,1,
7290013145963,false,שמרים יבשים בואקום 125גרם מימונס,א.ל.יצור ושיווקתבלינים בעמ,,,"י""ח",125,ל  גרם,false,1,5.90,4.72,false,1,
7290013145970,false,קורנפלור מימונס 200גר`,א.ל.יצור ושיווקתבלינים בעמ,,,"י""ח",100,ל  גרם,false,1,3.90,3.90,false,1,
7290013146014,false,מלית אוכמניות 70% פרי 400גר`,א.ל.יצור ושיווקתבלינים בעמ,,,"י""ח",400,ל  גרם,false,1,15.90,3.98,false,1,
7290013146816,false,אבקת סוכר שקית 500ג.,א.ל.יצור ושיווקתבלינים בעמ,,,"י""ח",200,ל  גרם,false,1,7.20,3.60,false,1,
7290013146854,false,קוקוס לבן 400ג מימונס,א.ל.יצור ושיווקתבלינים בעמ,,,"י""ח",1,,false,1,14.90,14.90,false,1,
7290013153418,false,מיץ סחוט טרי 1ל לימונענע פרי גת,*החברה המרכזית להפצת משקאותבעמ,,,"י""ח",1,ליטר,false,1,16.20,16.20,true,1,
7290013156006,false,אצבעות מתוקות 350ג גאקובס,הלל בן הלל שיווק ומסחר בעמ,,,"י""ח",300,ל  גרם,false,1,16.90,5.63,false,1,
7290013156822,false,עוגיות רייף 350ג גאקובס,הלל בן הלל שיווק ומסחר בעמ,,,"י""ח",350,ל  גרם,false,1,16.90,4.83,false,1,
7290013156846,false,מלוח קצח  350ג גאקובס,הלל בן הלל שיווק ומסחר בעמ,,,"י""ח",350,ל  גרם,false,1,16.90,4.83,false,1,
7290013156914,false,כעך טוניסאי  350ג גאקובס,הלל בן הלל שיווק ומסחר בעמ,,,"י""ח",350,ל  גרם,false,1,16.90,4.83,false,1,
7290013156921,false,אצבעות מתוקות   350ג גאקובס,הלל בן הלל שיווק ומסחר בעמ,,,"י""ח",350,ל  גרם,false,1,16.90,4.83,false,1,
7290013177360,false,פומלה,ביכורי השדה צפון 1994 ג.ד. בעמ,,,"ק""ג",1,,true,1,9.90,9.90,false,1,
7290013267665,false,מאגדת סולרו פירות טרופיים,גלידות שטראוס בעמ,,,"י""ח",354,ל  גרם,false,1,22.90,6.47,false,1,
7290013268020,false,מרכך כביסה מקסימה 1 ליטר א.פרש,החב הדרומית לשיווק,,,"י""ח",1,ליטר,false,1,17.50,17.50,false,1,
7290013268891,false,"סנו אוקסיגן  ג""ל 3ליטר",החב הדרומית לשיווק,,,"י""ח",3,ליטר,false,1,28.90,9.63,false,1,
7290013268990,false,מרכך כביסה ביו מקסימה 1 ליטר מרוכז,החב הדרומית לשיווק,,,"י""ח",1,ליטר,false,1,17.50,17.50,false,1,
7290013269003,false,מרכך כביסה בייבי מקסימה 1 ליטר מרוכז,החב הדרומית לשיווק,,,"י""ח",1,ליטר,false,1,17.90,17.90,false,1,
7290013269263,false,סנו ג ל כביסה 3ליטר קריסטל,החב הדרומית לשיווק,,,"י""ח",3,ליטר,false,1,28.90,9.63,false,1,
7290013269300,false,ניילון נצמד +150מטר סנו,החב הדרומית לשיווק,,,"י""ח",1,,false,1,23.90,23.90,false,1,
7290013269621,false,ריצפז פרש הום  2ל לרצפה מלון בוטיק,החב הדרומית לשיווק,,,"י""ח",1.45,ליטר,false,1,19.80,13.66,false,1,
7290013269638,false,ספוג הפלא אקסטרה 6 יחידות,החב הדרומית לשיווק,,,"י""ח",1,,false,1,10.90,10.90,false,1,
7290013269645,false,מטליות לחות לרצפה מאסק 10 יחידות,החב הדרומית לשיווק,,,"י""ח",1,,false,1,12.90,12.90,false,1,
7290013269669,false,ריצפז פנטזיה  3 ליטר,החב הדרומית לשיווק,,,"י""ח",3,ליטר,false,1,11.70,3.90,false,1,
7290013269690,false,סנובון ג ל אסלה לימון,החב הדרומית לשיווק,,,"י""ח",65,"ל  מ""ל",false,1,5.90,9.08,false,1,
7290013284310,false,רוטב פסטה 240גר פריניר,ח.כהן סוכנות מזון ומשקאות בע,,,"י""ח",70,ל  גרם,false,1,5.90,8.43,false,1,
7290013284662,false,רוטב פיצה  240גר פריניר,ח.כהן סוכנות מזון ומשקאות בע,,,"י""ח",70,ל  גרם,false,1,5.90,8.43,false,1,
7290013310064,false,חוט דנטאלי רפואי עם מנטה הוסטס,אינטרסן (1996) בעמ,,,"י""ח",1,,false,1,8.90,8.90,false,1,
7290013310132,false,נובי כוס+מכסה נסיכות 3 יח,אינטרסן (1996) בעמ,,,"י""ח",3,"י""ח",false,1,27.90,9.30,true,1,
7290013310217,false,נובי כוס  אימון מצוירת ללא נזילות,אינטרסן (1996) בעמ,,,"י""ח",3,"י""ח",false,1,27.20,9.07,false,1,
7290013310385,false,כפפות ניטריל   80יח M EASY TOUCH,אינטרסן (1996) בעמ,,,"י""ח",80,"י""ח",false,1,24.90,0.31,true,1,
7290013310392,false,כפפות ניטריל 80יח L EASY TOUCH,אינטרסן (1996) בעמ,,,"י""ח",80,"י""ח",false,1,24.90,0.31,true,1,
7290013358356,false,פירורי לחם מוזהבים 320גרם מאסטרשף,ש.שסטוביץ בעמ,,,"י""ח",320,ל  גרם,false,1,7.80,2.44,false,1,
7290013358363,false,פירורי לחם יפני פנקו מוזהבים 300גרם,ש.שסטוביץ בעמ,,,"י""ח",300,ל  גרם,false,1,9.80,3.27,false,1,
7290013358417,false,"רוטב טריאקי 300מ""ל",ש.שסטוביץ בעמ,,,"י""ח",300,"ל  מ""ל",false,1,10.90,3.63,false,1,
7290013358431,false,קרוטונים לסלט בתיבול עגבניות ובזיליקום,ש.שסטוביץ בעמ,,,"י""ח",200,ל  גרם,false,1,11.80,5.90,true,1,
7290013358448,false,קרוטונים לסלט 4דגנים 200גר מאסטר שף,ש.שסטוביץ בעמ,,,"י""ח",200,ל  גרם,false,1,11.80,5.90,true,1,
7290013358530,false,"רוטב צ`ילי מתוק  700מ""ל מאסטר שף",ש.שסטוביץ בעמ,,,"י""ח",700,"ל  מ""ל",false,1,11.90,1.70,false,1,
7290013358547,false,"רוטב צ`ילי חריף  700מ""ל",ש.שסטוביץ בעמ,,,"י""ח",700,"ל  מ""ל",false,1,11.90,1.70,false,1,
7290013358837,false,מנה מאגדת פריכיות ללא מלח 264ג.,ש.שסטוביץ בעמ,,,"י""ח",264,ל  גרם,false,1,10.90,4.13,true,1,
7290013381088,false,עמבה  הודית אורגינלית 500,נאמן לאורך זמן בעמ,,,"י""ח",500,ל  גרם,false,1,8.90,1.78,false,1,
7290013492005,false,"תפו""א ננסי  למיקרו שמיטה",ביכורי השדה צפון 1994 ג.ד. בעמ,,,"י""ח",1,,false,1,8.90,8.90,true,1,
7290013525253,false,טחינה מיוחדת 160גרם,סלטי שמיר2006בעמ,,,"י""ח",160,ל  גרם,false,1,5.90,3.69,false,1,
7290013525260,false,חציל במיונז 160גרם,סלטי שמיר2006בעמ,,,"י""ח",160,ל  גרם,false,1,5.90,3.69,false,1,
7290013525789,false,אריסה מרוקאית 150גר,סלטי שמיר2006בעמ,,,"י""ח",150,ל  גרם,false,1,10.90,7.27,false,1,
7290013525796,false,סחוג תימני 150גר,סלטי שמיר2006בעמ,,,"י""ח",150,ל  גרם,false,1,10.90,7.27,false,1,
7290013525802,false,סחוג אדום 150גר,סלטי שמיר2006בעמ,,,"י""ח",150,ל  גרם,false,1,10.90,7.27,false,1,
7290013531117,false,"רוטב פסטה קיד  240ג בד""ץ",זנלכל בעמ,,,"י""ח",240,ל  גרם,false,1,5.50,2.29,false,1,
7290013531759,false,שעועית  אפויה במים,זנלכל בעמ,,,"י""ח",600,ל  גרם,false,1,9.90,1.65,false,1,
7290013579232,false,אוכמניות כחולות  250גר קפוא בלדי,בלדי בעמ,,,"י""ח",250,ל  גרם,false,1,14.90,5.96,false,1,
7290013580009,false,המבורגר זהב 400גרם ארוז,בלדי בעמ,,,"י""ח",400,ל  גרם,false,1,18.90,4.73,false,1,
7290013585387,false,קוקה קולה 1ליטר ZERO,החברה המרכזית להפצת משקאות בעמ,,,"י""ח",1,ליטר,false,1,7.10,7.10,false,1,
7290013585394,false,קוקה קולה 1ליטר,החברה המרכזית להפצת משקאות בעמ,,,"י""ח",1,ליטר,false,1,7.10,7.10,false,1,
7290013608260,false,פרימור מיץ רימון  100% 1ליטר,"שטראוס גרופ ***בע""מ",,,"י""ח",1,ליטר,false,1,23.50,23.50,true,1,
7290013608864,false,פרימור פירות הדר בתוספת ויטמין C  1 ליטר,"שטראוס גרופ ***בע""מ",,,"י""ח",1,ליטר,false,1,15.90,15.90,true,1,
7290013652157,false,מגבונים להסרת איפור 30יח,פישר תעשיות פרמבצטיות בעמ,,,"י""ח",1,,false,1,24.90,24.90,false,1,
7290013652171,false,מגבונים להסרת איפור 30יח,פישר תעשיות פרמבצטיות בעמ,,,"י""ח",1,,false,1,24.90,24.90,false,1,
7290013652812,false,"קרם ידיים רגיל/יבש 150מ""ל גרם",פישר תעשיות פרמבצטיות בעמ,,,"י""ח",150,"ל  מ""ל",false,1,15.20,10.13,true,1,
7290013652935,false,שמפו יסמין ופרחי מגנליה לשיער רגיל 700,פישר תעשיות פרמבצטיות בעמ,,,"י""ח",700,"ל  מ""ל",false,1,18.90,2.70,true,1,
7290013677259,false,זעתר 50 גר`שקית,מיה תעשיות מזון מ.ת.מ בעמ,,,"י""ח",50,ל  גרם,false,1,5.50,11,false,1,
7290013677327,false,אבקת קארי 80 גר`שקית,מיה תעשיות מזון מ.ת.מ בעמ,,,"י""ח",80,ל  גרם,false,1,5.50,6.88,false,1,
7290013677648,false,שמן זית למאור1   ליטר מיה,מיה תעשיות מזון מ.ת.מ בעמ,,,"י""ח",100,"ל  מ""ל",false,1,18.90,18.90,false,1,
7290013677655,false,סודה לשתיה 600גרם,מיה תעשיות מזון מ.ת.מ בעמ,,,"י""ח",600,ל  גרם,false,1,23.70,3.95,false,1,
7290013677662,false,מלח לימון 300גרם,מיה תעשיות מזון מ.ת.מ בעמ,,,"י""ח",300,"ל  מ""ל",false,1,26.70,8.90,false,1,
7290013677679,false,סודה לשתיה 80גרם שקית,מיה תעשיות מזון מ.ת.מ בעמ,,,"י""ח",80,ל  גרם,false,1,4.70,5.88,false,1,
7290013702036,false,"שוופס 500מ""ל טעם אפרסק",יפאורה שותפות מוגבלת לשיווק,,,"י""ח",500,"ל  מ""ל",false,1,6.50,1.24,true,1,
7290013702050,false,שוופס ווטר ענבים 0.5ל,יפאורה שותפות מוגבלת לשיווק,,,"י""ח",500,"ל  מ""ל",false,1,6.50,1.24,true,1,
7290013702298,false,טאצ`אשפתון עבה 50יח בגליל 90*77.,שניב תעשיות נייר בעמ,,,"י""ח",50,"י""ח",false,1,16.90,0.34,true,1,
7290013702883,false,שוופס לימונייד 0.5ל פינק,יפאורה שותפות מוגבלת לשיווק,,,"י""ח",500,"ל  מ""ל",false,1,6.50,1.24,true,1,
7290013713025,false,"ג מס בקבוק פילס  330מ""ל",אגודת הכורמים,,,"י""ח",330,"ל  מ""ל",false,1,12.90,3.82,true,1,
7290013725752,false,נודלס דק 400גר`,דין שיווק וקליה 2021 בעמ,,,"י""ח",400,ל  גרם,false,1,5.90,1.48,false,1,
7290013847454,false,סטארקיסט רביעייה בשמן קנולה 160ג,דיפלומט מפיצים (1968) בעמ**,,,"י""ח",1,,false,1,26.90,26.90,true,1,
7290013847867,false,טונה סטארקיסט בשמן סויה 140גר(זוג),דיפלומט מפיצים (1968) בעמ**,,,"י""ח",280,ל  גרם,false,1,11.90,4.25,true,1,
7290013848345,false,מטליות חיטוי וניקוי יסודי 99.9% 1/3 סנ,החב הדרומית לשיווק,,,"י""ח",3,"י""ח",false,1,24.90,8.30,false,1,
7290013848581,false,מגבת נייר סנו גליל ענק,החב הדרומית לשיווק,,,"י""ח",1,"י""ח",false,1,12.90,12.90,false,1,
7290013848611,false,רדיד אלומיניום 61 מטר,החב הדרומית לשיווק,,,"י""ח",1,,false,1,39.90,39.90,false,1,
7290013848758,false,ג`ל כביסה מקסימה  בייבי 3ליטר,החב הדרומית לשיווק,,,"י""ח",3,ליטר,false,1,32.80,10.93,false,1,
7290013906052,false,נקניקיות פרגיות 300גרם,תנובה בשר,,,"י""ח",300,ל  גרם,false,1,10.90,3.63,false,1,
7290013906212,false,"נקניקיות  וינר 1ק""ג טירת צבי",תנובה בשר,,,"י""ח",1.80,"ק""ג",false,1,22.90,12.72,false,1,
7290013906489,false,חטיפי קבנוס 120ג,תנובה בשר,,,"י""ח",120,ל  גרם,false,1,9.90,8.25,false,1,
7290013906687,false,צמד כפרי ברביקיו ודבש 600ג,תנובה בשר,,,"י""ח",600,ל  גרם,false,1,29.90,4.98,false,1,
7290013906694,false,"נקנקיות עוף טירת צבי 1.5ק""ג",תנובה בשר,,,"י""ח",1.50,"ק""ג",false,1,29.90,19.93,false,1,
7290013906922,false,"נקניקיות  הודו  חריפות 1ק""ג מחפוד.",תנובה בשר,,,"י""ח",1,"ק""ג",false,1,24.90,24.90,false,1,
7290013927002,false,דקליות שוקו 400 גרם אחווה,אחדות בעמ,,,"י""ח",400,ל  גרם,false,1,10.90,2.73,false,1,
7290013927033,false,מעמול 600 גרם מגש אחווה,אחדות בעמ,,,"י""ח",600,ל  גרם,false,1,11.90,1.98,false,1,
7290013927101,false,עוגת תפוחים ללא סוכר 450גרם,אחדות בעמ,,,"י""ח",450,ל  גרם,false,1,11.90,2.64,false,1,
7290013927156,false,עוגת פירות יער ללא סוכר 450גרם,אחדות בעמ,,,"י""ח",450,ל  גרם,false,1,11.90,2.64,false,1,
7290013927200,false,עוגיות שוקולד צ`יפס עשירה 400גרם אחוה,אחדות בעמ,,,"י""ח",450,ל  גרם,false,1,10.90,2.42,false,1,
7290013927323,false,עוגת בראוניס 400גרם אחוה,אחדות בעמ,,,"י""ח",450,ל  גרם,false,1,10.90,2.42,false,1,
7290013927644,false,עוגיות כתר טעם תות 400ג,אחדות בעמ,,,"י""ח",400,ל  גרם,false,1,10.90,2.73,false,1,
7290013927996,false,עוגת שמרים קראנץ טעם שוקולד  (400 אחוה),אחדות בעמ,,,"י""ח",400,ל  גרם,false,1,10.90,2.73,false,1,
7290013971555,false,סוללות 12יח מעורב פוגיקום,פוגיקום בעמ,,,"י""ח",1,,false,1,19.90,19.90,true,1,
7290014002203,false,חליטת  לימונית ולואיזה גן קסום 25 יח,תה ויסוצקי (ישראל)בעמ,,,"י""ח",37.50,ל  גרם,false,1,17.90,47.73,true,1,
7290014002944,false,גן הקסום חליטת  חמדת שקד 25שק,תה ויסוצקי (ישראל)בעמ,,,"י""ח",1,,false,1,17.90,17.90,true,1,
7290014046016,false,פסטרמה של פעם 100% חומרים טבעיים 250גר,מעדני יחיעם 1993 בעמ,,,"י""ח",250,ל  גרם,false,1,26.90,10.76,false,1,
7290014046030,false,מוס כבד עוף 140ג,מעדני יחיעם 1993 בעמ,,,"י""ח",140,ל  גרם,false,1,14.90,10.64,false,1,
7290014046047,false,צמד פסטרמות 600ג,מעדני יחיעם 1993 בעמ,,,"י""ח",600,ל  גרם,false,1,24.90,4.15,false,1,
7290014046474,false,"נקניקיות עוף 1.5ק""ג יחיעם",מעדני יחיעם 1993 בעמ,,,"י""ח",1.50,"ק""ג",false,1,26.90,17.93,true,1,
7290014046580,false,פסטרמה מעודנת על גחלים 300 גרם,מעדני יחיעם 1993 בעמ,,,"י""ח",300,ל  גרם,false,1,19.90,6.63,false,1,
7290014046757,false,סלמי תה 300ג סד. שרולה,מעדני יחיעם 1993 בעמ,,,"י""ח",300,ל  גרם,false,1,19.90,6.63,false,1,
7290014059436,false,"סנסודיין לשיקום והגנה מלבינה 75מ""ל",גורי ע.ע.ע. בעמ,,,"י""ח",75,"ל  מ""ל",false,1,21.90,29.20,true,1,
7290014066359,false,קפסולות קפה לנדוור בלנסד  10יח,ש.שסטוביץ בעמ,,,"י""ח",10,"י""ח",false,1,16.90,1.69,false,1,
7290014066366,false,קפסולות קפה לנדוור ריסטרטו  10יח,ש.שסטוביץ בעמ,,,"י""ח",10,"י""ח",false,1,16.90,1.69,false,1,
7290014066373,false,קפסולות קפה לנדוור קלאסיק  10יח,ש.שסטוביץ בעמ,,,"י""ח",10,"י""ח",false,1,16.90,1.69,false,1,
7290014068902,false,בגט פרווה,מאפיית הראשונים מ.ל. בעמ,,,"י""ח",1,"י""ח",false,1,5,5,false,1,
7290014068919,false,חצי בגט,מאפיית הראשונים מ.ל. בעמ,,,"י""ח",1,"י""ח",false,1,3,3,false,1,
7290014069275,false,פיתה,מאפיית הראשונים מ.ל. בעמ,,,"י""ח",1,"י""ח",false,1,1.40,1.40,true,1,
7290014083813,false,שפרוטים  מעושנים בשמן 190גר`,ג.וילי פוד אינטרנשיונל בעמ,,,"י""ח",160,ל  גרם,false,1,7.90,4.94,false,1,
7290014094338,false,דלעת מקולפת 200גר בקופסא,דין שיווק וקליה 2021 בעמ,,,"י""ח",200,ל  גרם,false,1,17.90,8.95,false,1,
7290014094345,false,חמניות קלופות 200גר בקופסא,דין שיווק וקליה 2021 בעמ,,,"י""ח",200,ל  גרם,false,1,12.90,6.45,false,1,
7290014094352,false,אגוזי מלך 200גר בקופסא,דין שיווק וקליה 2021 בעמ,,,"י""ח",250,ל  גרם,false,1,14.90,5.96,false,1,
7290014094369,false,שקד טבעי 200גר בקופסא,דין שיווק וקליה 2021 בעמ,,,"י""ח",250,ל  גרם,false,1,19.90,7.96,false,1,
7290014094376,false,שזיף ללא גלעין 250גר בקופסא,דין שיווק וקליה 2021 בעמ,,,"י""ח",250,ל  גרם,false,1,19.90,7.96,false,1,
7290014094628,false,פקאן טבעי 200גר בקופסא,דין שיווק וקליה 2021 בעמ,,,"י""ח",200,ל  גרם,false,1,26.90,13.45,false,1,
7290014095861,false,שיבולת שועל דקה להכנה מהירה 500 ג`,דין שיווק וקליה 2021 בעמ,,,"י""ח",500,ל  גרם,false,1,5.90,1.18,false,1,
7290014095960,false,שיבולת שועל עבה להכנה מהירה 500 ג`,דין שיווק וקליה 2021 בעמ,,,"י""ח",500,ל  גרם,false,1,5.90,1.18,false,1,
7290014126428,false,סטיביה 150טבליות,דנשר (1963) בעמ,,,"י""ח",150,ל  גרם,false,1,24.90,16.60,false,1,
7290014204003,false,"שמפו פנינה לשיער צבוע 750מ""ל",פנינה רוזנבלום בעמ,,,"י""ח",750,"ל  מ""ל",false,1,12.90,1.72,true,1,
7290014204010,false,"מרכך פנינה לשיער צבוע 750מ""ל",פנינה רוזנבלום בעמ,,,"י""ח",750,"ל  מ""ל",false,1,12.90,1.72,true,1,
7290014204027,false,"שמפו יומי 750מ""ל",פנינה רוזנבלום בעמ,,,"י""ח",750,"ל  מ""ל",false,1,12.90,1.72,true,1,
7290014204034,false,"מרכך יומי 750מ""ל",פנינה רוזנבלום בעמ,,,"י""ח",750,"ל  מ""ל",false,1,12.90,1.72,true,1,
7290014204560,false,"סבון 500מ""ל שלישייה פנינה",פנינה רוזנבלום בעמ,,,"י""ח",0.50,ליטר,false,1,14.90,29.80,true,1,
7290014204584,false,"מרכך לילדים 750מ""ל",פנינה רוזנבלום בעמ,,,"י""ח",750,"ל  מ""ל",false,1,18.90,2.52,false,1,
7290014204591,false,"שמפו לילדים 750מ""ל",פנינה רוזנבלום בעמ,,,"י""ח",750,"ל  מ""ל",false,1,18.90,2.52,false,1,
7290014204706,false,סבון 1ל משאבה קורל,פנינה רוזנבלום בעמ,,,"י""ח",1,ליטר,false,1,13.90,13.90,false,1,
7290014205000,false,"צלחות גדולות *50 ""שווה""",ח.כהן סוכנות מזון ומשקאות בע,,,"י""ח",50,"י""ח",false,1,14.90,0.30,false,1,
7290014205024,false,קערה אובלית 25  יח`לבן,ח.כהן סוכנות מזון ומשקאות בע,,,"י""ח",30,"י""ח",false,1,5.90,0.20,true,1,
7290014205031,false,"לפתניה""שווה""לבן 25",ח.כהן סוכנות מזון ומשקאות בע,,,"י""ח",25,"י""ח",false,1,4.90,0.20,true,1,
7290014205048,false,"מרקיה""שווה""לבן 25",ח.כהן סוכנות מזון ומשקאות בע,,,"י""ח",2500,ל  גרם,false,1,7.90,0.32,false,1,
7290014205055,false,"צלחת   עמוקה""שווה""30יח לבן",ח.כהן סוכנות מזון ומשקאות בע,,,"י""ח",30,"י""ח",false,1,14.90,0.50,false,1,
7290014205062,false,"כוסות ח""פ פלסטיק ""100שווה"".",ח.כהן סוכנות מזון ומשקאות בע,,,"י""ח",100,"י""ח",false,1,8.90,0.09,false,1,
7290014205116,false,כוסות שקוף שמש 140יח שווה,ח.כהן סוכנות מזון ומשקאות בע,,,"י""ח",140,"י""ח",false,1,16.90,0.12,false,1,
7290014205130,false,"צלחת גדולה  ""שווה"" צבעוני 25",ח.כהן סוכנות מזון ומשקאות בע,,,"י""ח",2500,ל  גרם,false,1,11.90,0.48,false,1,
7290014205147,false,"צלחת   קטן""שווה""צבעוני 25",ח.כהן סוכנות מזון ומשקאות בע,,,"י""ח",25,"י""ח",false,1,6.90,0.28,false,1,
7290014205154,false,"קערה אובלית    צבעונית""שווה""25",ח.כהן סוכנות מזון ומשקאות בע,,,"י""ח",2500,ל  גרם,false,1,5.90,0.24,false,1,
7290014205178,false,"מרקיה  ""שווה"" צבעוני 25",ח.כהן סוכנות מזון ומשקאות בע,,,"י""ח",2500,ל  גרם,false,1,8.90,0.36,false,1,
7290014205185,false,"צלחת   ענק""שווה""צבעוני 25",ח.כהן סוכנות מזון ומשקאות בע,,,"י""ח",25,"י""ח",false,1,18.90,0.76,false,1,
7290014205673,false,שמן סויה מזוכך 1 ליטר,ח.כהן סוכנויות מזון ומשקאות***,,,"י""ח",1,ליטר,false,1,9.90,9.90,false,1,
7290014205758,false,מפת שולחן 1/6 עבה שווה,ח.כהן סוכנות מזון ומשקאות בע,,,"י""ח",6,"י""ח",false,1,11.90,1.98,false,1,
7290014205765,false,מפות שולחן 8* עבה במיוחד 1.35/2.4 מ`שו,ח.כהן סוכנות מזון ומשקאות בע,,,"י""ח",25,"י""ח",false,1,11.90,0.48,false,1,
7290014205772,false,"מפות שולחן 8* עבה  שקוף""שווה""",ח.כהן סוכנות מזון ומשקאות בע,,,"י""ח",1,,false,1,7.90,7.90,false,1,
7290014205796,false,שקיות אוכל זוג 150יח שווה,ח.כהן סוכנות מזון ומשקאות בע,,,"י""ח",750,"ל  מ""ל",false,1,11.90,1.59,false,1,
7290014205802,false,שקיות הקפאה שווה 200יח זוג,ח.כהן סוכנות מזון ומשקאות בע,,,"י""ח",200,"י""ח",false,1,7.90,0.04,false,1,
7290014205840,false,"שקיות אשפה 52/65 עם  שרון""שווה""",ח.כהן סוכנות מזון ומשקאות בע,,,"י""ח",20,"י""ח",false,1,6.90,0.35,false,1,
7290014205857,false,"שקיות אפור ""75/90  שווה""20 יח`ממוחזר.",ח.כהן סוכנות מזון ומשקאות בע,,,"י""ח",20,"י""ח",false,1,10.90,0.55,true,1,
7290014205864,false,"שקיות כתום  75/90  ""שווה"" 50יח",ח.כהן סוכנות מזון ומשקאות בע,,,"י""ח",50,"י""ח",false,1,11.90,0.24,false,1,
7290014206410,false,נוזל חלונות זוג 1ל שווה,ח.כהן סוכנות מזון ומשקאות בע,,,"י""ח",2,ליטר,false,1,8.90,4.45,false,1,
7290014206502,false,שקיות אוכל בשקית 200יח שווה,ח.כהן סוכנות מזון ומשקאות בע,,,"י""ח",200,"י""ח",false,1,3.90,0.02,false,1,
7290014206779,false,"מרקיה""חושן""  ""שווה"" 10יח",ח.כהן סוכנות מזון ומשקאות בע,,,"י""ח",10,"י""ח",false,1,13.90,1.39,false,1,
7290014206878,false,סרדינים ברוטב עגבניות  125גר שווה מרוק,ח.כהן סוכנות מזון ומשקאות בע,,,"י""ח",125,ל  גרם,false,1,5.90,4.72,false,1,
7290014206885,false,אנשובי ארוך בפח בשמן חמניות 77ג שווה,ח.כהן סוכנות מזון ומשקאות בע,,,"י""ח",77,ל  גרם,false,1,6.90,8.96,false,1,
7290014206892,false,אנשובי צנצנת שמן חמניות  100ג שווה,ח.כהן סוכנות מזון ומשקאות בע,,,"י""ח",100,ל  גרם,false,1,12.90,12.90,false,1,
7290014206915,false,"לפתניה קשוף  ""שווה"" 20יח",ח.כהן סוכנות מזון ומשקאות בע,,,"י""ח",2000,ל  גרם,false,1,5.90,0.30,false,1,
7290014206922,false,"קערית אובלית קשוף  ""שווה"" 20יח",ח.כהן סוכנות מזון ומשקאות בע,,,"י""ח",2000,ל  גרם,false,1,6.90,0.35,false,1,
7290014206939,false,"מרקיה קשופה  ""שווה"" 20יח",ח.כהן סוכנות מזון ומשקאות בע,,,"י""ח",2000,ל  גרם,false,1,9.90,0.50,false,1,
7290014206946,false,"צלחת קטנה קשופה  ""שווה"" 20יח",ח.כהן סוכנות מזון ומשקאות בע,,,"י""ח",2000,ל  גרם,false,1,8.90,0.45,false,1,
7290014206960,false,"צלחת ענקית קשופה  ""שווה"" 20יח",ח.כהן סוכנות מזון ומשקאות בע,,,"י""ח",2000,ל  גרם,false,1,24.90,1.25,true,1,
7290014218321,false,בורקס  יפו מעדנות גבינה 600ג,תנובה בשר,,,"י""ח",600,ל  גרם,false,1,17.90,2.98,false,1,
7290014218932,false,חטיפי פיצה  עם זיתים מעדנות,תנובה בשר,,,"י""ח",710,ל  גרם,false,1,22.90,3.23,false,1,
7290014288058,false,"להבונים 50 שקית  ""שווה""",ח.כהן סוכנות מזון ומשקאות בע,,,"י""ח",1,,false,1,10.90,10.90,true,1,
7290014288072,false,כריות יפניות רביעייה   שווה,ח.כהן סוכנות מזון ומשקאות בע,,,"י""ח",1,"י""ח",false,1,6.90,6.90,false,1,
7290014288089,false,סרטי קירצוף זוגות שווה איכותי,ח.כהן סוכנות מזון ומשקאות בע,,,"י""ח",10,"י""ח",false,1,5.90,0.59,false,1,
7290014288096,false,מטליות מיקרופייבר 5* ניקוי כלל   שווה,ח.כהן סוכנות מזון ומשקאות בע,,,"י""ח",3,"י""ח",false,1,9.90,3.30,false,1,
7290014288119,false,ממרקות מתכת  4יח שווה,ח.כהן סוכנות מזון ומשקאות בע,,,"י""ח",1,,false,1,5.90,5.90,false,1,
7290014288218,false,מפת שולחן אלבד עם ראנר   שווה,ח.כהן סוכנות מזון ומשקאות בע,,,,1,,false,1,8.90,8.90,true,1,
7290014288294,false,גליל אלבד עם ראנר 20 מטר  שווה,ח.כהן סוכנות מזון ומשקאות בע,,,,1,,false,1,39.90,39.90,false,1,
7290014288300,false,טורטיה 8יח 320ג שווה,ח.כהן סוכנות מזון ומשקאות בע,,,"י""ח",320,ל  גרם,false,1,10.90,3.41,true,1,
7290014288317,false,טורטיה 6יח 420ג שווה,ח.כהן סוכנות מזון ומשקאות בע,,,"י""ח",320,ל  גרם,false,1,10.90,3.41,true,1,
7290014288324,false,טורטיה קמח מלא 8יח 320ג שווה,ח.כהן סוכנות מזון ומשקאות בע,,,"י""ח",320,ל  גרם,false,1,10.90,3.41,true,1,
7290014288331,false,נודלס טעם עוף  60ג שווה,ח.כהן סוכנות מזון ומשקאות בע,,,"י""ח",60,ל  גרם,false,1,4.90,8.17,true,1,
7290014288355,false,נודלס טעם בקר 60ג שווה,ח.כהן סוכנות מזון ומשקאות בע,,,"י""ח",60,ל  גרם,false,1,4.90,8.17,true,1,
7290014288379,false,ערמונים 100ג שווה,ח.כהן סוכנות מזון ומשקאות בע,,,"י""ח",100,ל  גרם,false,1,5.90,5.90,true,1,
7290014288461,false,"נר נשמה פחית ""שווה""",ח.כהן סוכנות מזון ומשקאות בע,,,"י""ח",1,,false,1,2.90,2.90,true,1,
7290014288584,false,נייר אפיה 50יח איכותי  שווה,ח.כהן סוכנות מזון ומשקאות בע,,,"י""ח",50,"י""ח",false,1,9.90,0.20,true,1,
7290014288614,false,רדיד אלומיניום קצר כוכבים  גבוה/עבה 16M,ח.כהן סוכנות מזון ומשקאות בע,,,,10,"י""ח",false,1,21.90,2.19,false,1,
7290014288621,false,רדיד אלומיניום ארוך כוכבים שווה 16M,ח.כהן סוכנות מזון ומשקאות בע,,,,10,"י""ח",false,1,26.90,2.69,false,1,
7290014288645,false,מגבונים מגבופיל 72יח  שווה,ח.כהן סוכנות מזון ומשקאות בע,,,"י""ח",72,"י""ח",false,1,18.90,0.26,true,1,
7290014288676,false,מגש אובלי בינוני צבעוני 20יח שווה,ח.כהן סוכנות מזון ומשקאות בע,,,"י""ח",20,"י""ח",false,1,12.90,0.65,false,1,
7290014288706,false,קערת סלט ענקית 10יח שווה,ח.כהן סוכנות מזון ומשקאות בע,,,"י""ח",10,"י""ח",false,1,9.90,0.99,false,1,
7290014288720,false,כוסות וודקה 350CC שווה,ח.כהן סוכנות מזון ומשקאות בע,,,,10,"י""ח",false,1,9.90,0.99,false,1,
7290014288744,false,"נר נשמה שבועי   בזכוכית""שווה""",ח.כהן סוכנות מזון ומשקאות בע,,,"י""ח",1,,false,1,9.90,9.90,false,1,
7290014288843,false,נרות שבת מספרים שווה,ח.כהן סוכנות מזון ומשקאות בע,,,"י""ח",1,,false,1,3.90,3.90,false,1,
7290014288980,false,.נייר טישו 1/5 דו שכבתי שווה,ח.כהן סוכנות מזון ומשקאות בע,,,"י""ח",5,"י""ח",false,1,11.90,2.38,false,1,
7290014298217,false,"בקבוק שתיה קטן  350 מ""ל",מוסקו בעמ,,,"י""ח",1,,false,1,24.90,24.90,false,1,
7290014298996,false,"בקבוק תרמי לשתיה קרה/חמה  500 מ""ל",מוסקו בעמ,,,"י""ח",1,,false,1,59.90,59.90,false,1,
7290014325036,false,סוכריות ג`לי שמחה,מיה תעשיות מזון מ.ת.מ בעמ,,,"י""ח",750,ל  גרם,false,1,19.90,2.65,true,1,
7290014356061,false,ספגטי 500גר שדות,אחים אגא (א.מ.) שיווק,,,"י""ח",500,ל  גרם,false,1,3.90,0.78,true,1,
7290014356078,false,פסטה פנה  500גר שדות,אחים אגא (א.מ.) שיווק,,,"י""ח",500,ל  גרם,false,1,3.90,0.78,true,1,
7290014356085,false,פסטה מסולסלת  500גר שדות,אחים אגא (א.מ.) שיווק,,,"י""ח",500,ל  גרם,false,1,3.90,0.78,true,1,
7290014356115,false,"שמן זית כתית מעולה 750מ""ל",אחים אגא (א.מ.) שיווק,,,"י""ח",750,"ל  מ""ל",false,1,29.90,3.99,false,1,
7290014356535,false,פסטה פרפרים  500גר שדות,אחים אגא (א.מ.) שיווק,,,"י""ח",500,ל  גרם,false,1,3.90,0.78,true,1,
7290014356863,false,פטריות  חתוכות  400 גרם שדות,אחים אגא (א.מ.) שיווק,,,"י""ח",400,ל  גרם,false,1,5.90,1.48,false,1,
7290014397279,false,שקיות אוכל אריזת חיסכון,החב הדרומית לשיווק,,,"י""ח",1,,false,1,12.90,12.90,false,1,
7290014397286,false,מרכך כביסה מקסימה 1 ליטר מרוכז,החב הדרומית לשיווק,,,"י""ח",1,ליטר,false,1,17.50,17.50,false,1,
7290014397453,false,סנו אוקסיגן 3ליטר כביסה לבנה,החב הדרומית לשיווק,,,"י""ח",3,ליטר,false,1,28.90,9.63,false,1,
7290014397675,false,מרכך כביסה חלב ודבש 4 ליטר,החב הדרומית לשיווק,,,"י""ח",4,ליטר,false,1,21.90,5.48,false,1,
7290014397767,false,ריצפז פרש הום כותנה מלטפת 2ל,החב הדרומית לשיווק,,,"י""ח",1.45,ליטר,false,1,19.80,13.66,false,1,
7290014397774,false,ריצפז פרש  הום טבע רענן 2ל לרצפה,החב הדרומית לשיווק,,,"י""ח",1.45,ליטר,false,1,19.80,13.66,false,1,
7290014397781,false,ריצפז פרש הום סבון מפנק  2ל לרצפה,החב הדרומית לשיווק,,,"י""ח",1.45,ליטר,false,1,19.80,13.66,false,1,
7290014397873,false,מרכך כביסה  מקסימה GENTLE BREEZE י4ל`,החב הדרומית לשיווק,,,"י""ח",4,ליטר,false,1,21.90,5.48,false,1,
7290014435810,false,הרינג כבוש עם בצל  חמוץ מתוק 180ג,סלטי שמיר2006בעמ,,,"י""ח",180,ל  גרם,false,1,19.90,11.06,false,1,
7290014435841,false,פילה מטיאס הולנדי  בשמן 180ג,סלטי שמיר2006בעמ,,,"י""ח",180,ל  גרם,false,1,19.90,11.06,false,1,
7290014455245,false,גרנה פדנו משולש 200ג,מחלבות גד,,,"י""ח",200,ל  גרם,false,1,23.90,11.95,false,1,
7290014455320,false,כדור מוצרלה פרסקה 100ג,מחלבות גד,,,"י""ח",100,ל  גרם,false,1,8.90,8.90,false,1,
7290014459472,false,"תפוגן צ יפס קלאסי 2ק""ג  (תפוגן)",קבוצת אוסם סחר-שות.מוגבלת,,,"י""ח",2.50,"ק""ג",false,1,29.90,11.96,false,1,
7290014459632,false,"תפוגן צ יפס טוגן 1.5 ק""ג",קבוצת אוסם סחר-שות.מוגבלת,,,"י""ח",1.50,"ק""ג",false,1,17.90,11.93,false,1,
7290014466128,false,"יין הר חרמון אינדיגו 750 מ""ל",היכל היין שקד גולן בעמ,,,"י""ח",750,"ל  מ""ל",false,1,32.90,4.35,true,1,
7290014466609,false,יין גמלא מרלו `2016,היכל היין שקד גולן בעמ,,,"י""ח",1,,false,1,61.90,61.90,true,1,
7290014471429,false,"מוזלי פירות 1ק""ג",דין שיווק וקליה 2021 בעמ,,,"י""ח",0,"ק""ג",false,1,19.90,19.90,true,1,
7290014503137,false,"יין כנען אדום דלתון 750מ""ל",הכרם משקאות חריפים בעמ,,,"י""ח",750,"ל  מ""ל",false,1,44.90,5.95,true,1,
7290014503144,false,"יין כנען דלתון לבן 750מ""ל",הכרם משקאות חריפים בעמ,,,"י""ח",750,"ל  מ""ל",false,1,35.20,4.65,true,1,
7290014525177,false,מרבה סלים פרוט בטעם יוגורט ופירות יע 1,ש.שסטוביץ בעמ,,,"י""ח",120,ל  גרם,false,1,12.90,10.75,true,1,
7290014525290,false,מרבה סלים דלים קריספי תות 125ג,ש.שסטוביץ בעמ,,,"י""ח",120,ל  גרם,false,1,10.90,9.08,true,1,
7290014525306,false,מרבה סלים דלים קריספי אוכמניות  125ג,ש.שסטוביץ בעמ,,,"י""ח",120,ל  גרם,false,1,12.90,10.75,true,1,
7290014525313,false,מרבה סלים דלים קריספי שוקולד  125ג,ש.שסטוביץ בעמ,,,"י""ח",120,ל  גרם,false,1,10.90,9.08,true,1,
7290014603028,false,סולרו וניל ותות שדה,גלידות שטראוס בעמ,,,"י""ח",76,ל  גרם,false,1,10,13.16,true,1,
7290014673007,false,תערובת עשבי תיבול סגנון ים תיכוני 40ג,א.ל.יצור ושיווקתבלינים בעמ,,,"י""ח",40,ל  גרם,false,1,11.50,28.75,true,1,
7290014673052,false,תערובת תיבול לתפוחי אדמה 120ג,א.ל.יצור ושיווקתבלינים בעמ,,,"י""ח",120,ל  גרם,false,1,11.50,9.58,true,1,
7290014673137,false,תערובת תיבול לפיצה 100ג,א.ל.יצור ושיווקתבלינים בעמ,,,"י""ח",100,ל  גרם,false,1,11.50,11.50,true,1,
7290014673366,false,"כורכום 250 גר. בצנצנת כשל""פ",א.ל.יצור ושיווקתבלינים בעמ,,,"י""ח",250,ל  גרם,false,1,21.90,8.76,false,1,
7290014673380,false,כמון 250 גר בצנצנת,א.ל.יצור ושיווקתבלינים בעמ,,,"י""ח",250,ל  גרם,false,1,21.90,8.76,false,1,
7290014673403,false,פלפל שחור טחון 250 גר בצנצנת,א.ל.יצור ושיווקתבלינים בעמ,,,"י""ח",250,ל  גרם,false,1,27.90,11.16,false,1,
7290014673434,false,פלפל שחור גרוס דק  שקית 80ג,א.ל.יצור ושיווקתבלינים בעמ,,,"י""ח",80,ל  גרם,false,1,8.90,11.13,false,1,
7290014673618,false,זנגביל הודי40 גרם,א.ל.יצור ושיווקתבלינים בעמ,,,"י""ח",40,ל  גרם,false,1,11.50,28.75,false,1,
7290014674004,false,קריספי פירורי לחם שומשום ומלח ים 300גר,א.ל.יצור ושיווקתבלינים בעמ,,,"י""ח",300,ל  גרם,false,1,7.90,2.63,true,1,
7290014692350,false,עגבניות מיובשות בשמן 340גר,ג.וילי פוד אינטרנשיונל בעמ,,,"י""ח",340,ל  גרם,false,1,11.20,3.29,false,1,
7290014692541,false,צהובה מגורדת 500ג Golden,ג.וילי פוד אינטרנשיונל בעמ,,,"י""ח",500,ל  גרם,false,1,19.90,3.98,false,1,
7290014725348,false,סוכרזית קלאסי 100שק.,"שטראוס גרופ בע""מ",,,"י""ח",100,"י""ח",false,1,13.60,0.14,true,1,
7290014748613,false,מקלוני דגים בציפוי צ`יפס 600 ג,קבוצת אוסם סחר-שות.מוגבלת,,,"י""ח",170,ל  גרם,false,1,28.90,17,false,1,
7290014749078,false,מקלוני קבנוס 200גר,קבוצת אוסם סחר-שות.מוגבלת,,,"י""ח",200,ל  גרם,false,1,15.90,7.95,false,1,
7290014749764,false,שניצל עוף ביתי עדין ן עוף טוב 700גר,קבוצת אוסם סחר-שות.מוגבלת,,,"י""ח",700,ל  גרם,false,1,33.90,4.84,true,1,
7290014749825,false,עוף טוב צ`ונגו רצועות שניצל גריל 600ג,קבוצת אוסם סחר-שות.מוגבלת,,,"י""ח",700,ל  גרם,false,1,34.90,4.99,true,1,
7290014749887,false,שניצל דק ענק קריספי קלאסי עוף טוב.,קבוצת אוסם סחר-שות.מוגבלת,,,"י""ח",720,ל  גרם,false,1,28.90,4.01,true,1,
7290014758100,false,מאגדת *8יוגורט BIO 3% 150ג,תנובה בעמ ***,,,"י""ח",1.20,ליטר,false,1,16.60,13.83,true,1,
7290014758117,false,מאגדת *8יוגורט BIO 1.5% 150ג,תנובה בעמ ***,,,"י""ח",1.20,ליטר,false,1,16.60,13.83,true,1,
7290014758162,false,חלב עיזים מלא 3.6%,תנובה בעמ ***,,,"י""ח",1,ליטר,false,1,15.10,15.10,false,1,
7290014759084,false,נפוליאון 16% סקיני 225גר,תנובה בעמ ***,,,"י""ח",225,ל  גרם,false,1,14.20,6.31,false,1,
7290014760134,false,מעדן סויה טעם וניל,תנובה בעמ ***,,,"י""ח",125,"ל  מ""ל",false,1,4.30,3.44,false,1,
7290014760141,false,משקה שקדים טרי 1ל,תנובה בעמ ***,,,"י""ח",1,ליטר,false,1,12.90,12.90,true,1,
7290014760448,false,גלבוע פרוס 22% 400ג,תנובה בעמ ***,,,"י""ח",400,ל  גרם,false,1,23.90,5.98,false,1,
7290014760912,false,גוש חלב 28% מהדרין 400ג,תנובה בעמ ***,,,"י""ח",400,ל  גרם,false,1,25.90,6.48,false,1,
7290014761056,false,YOLO מעדן שוקולד חלב מעולה,תנובה בעמ ***,,,"י""ח",123,"ל  מ""ל",false,1,4.60,3.74,false,1,
7290014761070,false,YOLO מעדן שוקולד לבן מעולה,תנובה בעמ ***,,,"י""ח",123,"ל  מ""ל",false,1,4.60,3.74,false,1,
7290014761414,false,YOLO מעדן שכבות שוקולד חלב ולבן,תנובה בעמ ***,,,"י""ח",123,"ל  מ""ל",false,1,4.60,3.74,false,1,
7290014761438,false,בולגרית 24% פיראוס סמי מעדניה  400ג,תנובה בעמ ***,,,"י""ח",400,ל  גרם,false,1,28.50,7.13,false,1,
7290014761612,false,YOLO מעדן שוקולד מריר ולבן,תנובה בעמ ***,,,"י""ח",123,"ל  מ""ל",false,1,4.60,3.74,false,1,
7290014761698,false,"עמק סמי מעדנייה 600ג בד""ץ",תנובה בעמ ***,,,"י""ח",600,ל  גרם,false,1,30.90,5.15,false,1,
7290014762800,false,מעדן סויה בטעם שוקולד  בגביע 125ג,תנובה בעמ ***,,,"י""ח",125,"ל  מ""ל",false,1,4.30,3.44,false,1,
7290014762831,false,נפוליאון עם חלפיניו 225 ג`,תנובה בעמ ***,,,"י""ח",225,ל  גרם,false,1,14.20,6.31,false,1,
7290014762909,false,מוצרלה פתיתים 20% שומן 200ג,תנובה בעמ ***,,,"י""ח",200,ל  גרם,false,1,15.90,7.95,false,1,
7290014789913,false,אוראו  מארז שלישייה,דיפלומט מפיצים (1968) בעמ**,,,"י""ח",352,ל  גרם,false,1,22.90,6.51,true,1,
7290014791091,false,שוופס לימונייד 0.5ל,יפאורה שותפות מוגבלת לשיווק,,,"י""ח",500,"ל  מ""ל",false,1,6.50,1.24,true,1,
7290014791336,false,מי מינרלים בודד ליטר,יפאורה שותפות מוגבלת לשיווק,,,"י""ח",500,"ל  מ""ל",false,1,4.20,0.78,false,1,
7290014791626,false,"שוופס סודה נענע ליים 250 מ""ל",יפאורה שותפות מוגבלת לשיווק,,,"י""ח",250,"ל  מ""ל",false,1,3.50,1.28,true,1,
7290014791725,false,שוופס מוגז עדין 0.5 ליטר תפוח,יפאורה שותפות מוגבלת לשיווק,,,"י""ח",500,"ל  מ""ל",false,1,6.50,1.24,true,1,
7290014803565,false,צנימים חיטה מלאה 300ג,נאמן לאורך זמן בעמ,,,"י""ח",300,ל  גרם,false,1,11.90,3.97,false,1,
7290014855434,false,מגבונים בייבי סיטר פרפורמנס רבעייה מבו,שקד תבל בעמ,,,"י""ח",1,,false,1,15.90,15.90,true,1,
7290014860094,false,"מקלוני אורז ללא גלוטן 3מ""מ 454גר",מזרח ומערב יבוא ושיווק,,,"י""ח",454,ל  גרם,false,1,10.90,2.40,true,1,
7290014860247,false,שבבי אורז מרובעים ללא גלוטן 227גר,מזרח ומערב יבוא ושיווק,,,"י""ח",227,ל  גרם,false,1,9.90,4.36,false,1,
7290014860988,false,"קרם קוקוס 17% סלבס 400מ""ל מזרח ומערב",מזרח ומערב יבוא ושיווק,,,"י""ח",400,"ל  מ""ל",false,1,9.90,2.48,true,1,
7290014901896,false,"סנסודין מי פה 500 מ""ל",גורי ע.ע.ע. בעמ,,,"י""ח",300,"ל  מ""ל",false,1,19.90,6.63,true,1,
7290014905344,false,הפי קצף לשטיחים,יעקב יעקבי ובניו בעמ,,,"י""ח",650,"ל  מ""ל",false,1,24.20,3.72,false,1,
7290014940901,false,לחם פשוט מלא.אנגל,שלמה א.אנג ל בעמ,,,"י""ח",750,ל  גרם,false,1,14.90,1.99,false,1,
7290014945050,false,300 צמרוני עץ SHINY בקופסא,מ.א.ייצור ויבוא מטליות בעמ,,,"י""ח",1,,false,1,5.50,5.50,false,1,
7290014945067,false,200 צמרוני עץ SHINY בקופסא,מ.א.ייצור ויבוא מטליות בעמ,,,"י""ח",1,,false,1,4.20,4.20,false,1,
7290014945210,false,300 צמרוני עץ SHINY בשקית,מ.א.ייצור ויבוא מטליות בעמ,,,"י""ח",1,,false,1,5.90,5.90,false,1,
7290014945746,false,9 אטבים מודפסים,מ.א.ייצור ויבוא מטליות בעמ,,,"י""ח",30,"י""ח",false,1,6.90,0.23,false,1,
7290015014168,false,בייבי מיקס בוסטן,ביכורי השדה צפון 1994 ג.ד. בעמ,,,"י""ח",300,ל  גרם,false,1,9.90,3.30,false,1,
7290015014182,false,לבבות קיסר,ביכורי השדה צפון 1994 ג.ד. בעמ,,,"י""ח",300,ל  גרם,false,1,9.90,3.30,true,1,
7290015014465,false,רוזמרין,ביכורי השדה צפון 1994 ג.ד. בעמ,,,"י""ח",1,,false,1,6.90,6.90,false,1,
7290015014472,false,טימין,ביכורי השדה צפון 1994 ג.ד. בעמ,,,"י""ח",1,,false,1,6.90,6.90,false,1,
7290015027021,false,עוגות שמרים פרימיום 500גר,הלל בן הלל שיווק ומסחר בעמ,,,"י""ח",500,ל  גרם,false,1,21.90,4.38,false,1,
7290015037563,false,סלק,יעל ירק עלים לשיווק בעמ,,,"י""ח",1,,false,1,7.80,7.80,false,1,
7290015037655,false,פרחי כרובית חסלט 600ג קפוא,יעל ירק עלים לשיווק בעמ,,,"י""ח",600,ל  גרם,false,1,29.90,4.98,false,1,
7290015037662,false,פרחי ברוקולי חסלט קפוא 600גר,יעל ירק עלים לשיווק בעמ,,,"י""ח",600,ל  גרם,false,1,29.90,4.98,false,1,
7290015039246,false,טונה וילפוד 4 יחידות בשמן צימחי,ג.וילי פוד אינטרנשיונל בעמ,,,"י""ח",640,ל  גרם,false,1,19.90,3.11,false,1,
7290015039482,false,גבינת אדם פלח  230ג 24% שומן,ג.וילי פוד אינטרנשיונל בעמ,,,"י""ח",230,ל  גרם,false,1,21.90,9.52,false,1,
7290015039499,false,"עוגיות איטלקיות מובחרות 1ק""ג",ג.וילי פוד אינטרנשיונל בעמ,,,"י""ח",1,"ק""ג",false,1,12.90,12.90,true,1,
7290015129220,false,סקיני פסטה קוסקוס 270גר,נטורפוד בעמ,,,"י""ח",270,ל  גרם,false,1,11.90,4.41,false,1,
7290015139267,false,שוקולד פרמיום מריר ללס שקדים 85ג,כרמית תעשיות ממתקים בעמ,,,"י""ח",85,ל  גרם,false,1,6.90,8.12,true,1,
7290015139526,false,חופשי וופל בציפוי ומילוי שוקו 125גר לל,כרמית תעשיות ממתקים בעמ,,,"י""ח",125,ל  גרם,false,1,9.90,7.92,false,1,
7290015139533,false,חופשי וופל לימון 200גר ללא גלוטן,כרמית תעשיות ממתקים בעמ,,,"י""ח",200,ל  גרם,false,1,9.90,4.95,false,1,
7290015139571,false,חופשי וופל בארים 25גר ללא גלוטן,כרמית תעשיות ממתקים בעמ,,,"י""ח",25,ל  גרם,false,1,9.90,39.60,false,1,
7290015150088,false,מחית עגבניות בלה איטליה 700גר,תה ויסוצקי (ישראל)בעמ,,,"י""ח",700,ל  גרם,false,1,12.50,1.79,true,1,
7290015150118,false,עגבניות חתוכות בלה איטליה   400ג3X,תה ויסוצקי (ישראל)בעמ,,,"י""ח",400,ל  גרם,false,1,16.90,4.23,false,1,
7290015155830,false,פרינוק מחית תפוח ובננה 120ג,גורי מוצרי צריכה בעמ,,,"י""ח",120,ל  גרם,false,1,5.90,4.92,true,1,
7290015155885,false,חטיפטף בטעם אוכמניות 30גר,גורי מוצרי צריכה בעמ,,,"י""ח",1,,false,1,6.90,6.90,false,1,
7290015155892,false,חטיפטף בטעם בננה 31גר,גורי מוצרי צריכה בעמ,,,"י""ח",1,,false,1,6.90,6.90,false,1,
7290015156769,false,פרינוק מחית תפוח ואוכמניות 120ג,גורי מוצרי צריכה בעמ,,,"י""ח",120,ל  גרם,false,1,5.90,4.92,true,1,
7290015156776,false,פרינוק מחית פירות טרופיים 120ג,גורי מוצרי צריכה בעמ,,,"י""ח",120,ל  גרם,false,1,5.90,4.92,true,1,
7290015176385,false,מברשת ש. ילדים כחול פוגיקום,פוגיקום בעמ,,,"י""ח",1,,false,1,39.90,39.90,true,1,
7290015176781,false,מכונת גילוח,פוגיקום בעמ,,,"י""ח",1,,false,1,99.90,99.90,true,1,
7290015282000,false,איקרא אדומה 200גר SEVEN SEAS,סלטי שמיר2006בעמ,,,"י""ח",200,ל  גרם,false,1,14.90,7.45,false,1,
7290015282024,false,איקרא לבנה 200גר SEVEN SEAS,סלטי שמיר2006בעמ,,,"י""ח",200,ל  גרם,false,1,14.90,7.45,false,1,
7290015282352,false,תפוחי אדמה  300ג,סלטי שמיר2006בעמ,,,"י""ח",330,ל  גרם,false,1,12.90,3.91,false,1,
7290015282390,false,תורכי  200ג,סלטי שמיר2006בעמ,,,"י""ח",200,ל  גרם,false,1,12.90,6.45,true,1,
7290015282581,false,חומוס אבו גוש עם חריף 200ג,סלטי שמיר2006בעמ,,,"י""ח",200,ל  גרם,false,1,11.90,5.95,true,1,
7290015282598,false,חומוס מסעדות  200ג,סלטי שמיר2006בעמ,,,"י""ח",200,ל  גרם,false,1,11.90,5.95,true,1,
7290015282604,false,טחינה מיוחדת  200ג,סלטי שמיר2006בעמ,,,"י""ח",200,ל  גרם,false,1,11.90,5.95,true,1,
7290015282628,false,חציל בטעם כבד  200ג,סלטי שמיר2006בעמ,,,"י""ח",200,ל  גרם,false,1,12.90,6.45,true,1,
7290015282635,false,חומוס מסבחה  200ג,סלטי שמיר2006בעמ,,,"י""ח",200,ל  גרם,false,1,11.90,5.95,true,1,
7290015282642,false,חומוס אבו גוש  200ג,סלטי שמיר2006בעמ,,,"י""ח",200,ל  גרם,false,1,11.90,5.95,true,1,
7290015282666,false,סלט טונה בריאות 200ג,סלטי שמיר2006בעמ,,,"י""ח",200,ל  גרם,false,1,18.90,9.45,false,1,
7290015282673,false,חציל במיונז ביתי   200ג,סלטי שמיר2006בעמ,,,"י""ח",200,ל  גרם,false,1,11.90,5.95,true,1,
7290015282697,false,כרוב אדום  200ג,סלטי שמיר2006בעמ,,,"י""ח",200,ל  גרם,false,1,12.90,6.45,true,1,
7290015282727,false,גזר מרוקאי ברוטב פיקנטי  200ג,סלטי שמיר2006בעמ,,,"י""ח",200,ל  גרם,false,1,12.90,6.45,true,1,
7290015282741,false,חציל תאילנדי  200ג,סלטי שמיר2006בעמ,,,"י""ח",200,ל  גרם,false,1,12.90,6.45,true,1,
7290015282796,false,תפוח אדמה  200ג,סלטי שמיר2006בעמ,,,"י""ח",200,ל  גרם,false,1,12.90,6.45,true,1,
7290015325752,false,מגבונים אסותא רביעייה לתינוק,עיסא ערטול בעמ-סוכן הנקל סוד,,,"י""ח",4,"י""ח",false,1,17.90,4.48,false,1,
7290015347556,false,גבישי שום 80300גר צנצנת,מיה תעשיות מזון מ.ת.מ בעמ,,,"י""ח",300,ל  גרם,false,1,19.90,6.63,false,1,
7290015347990,false,עדשי שוקולד 1/8 160ג,מיה תעשיות מזון מ.ת.מ בעמ,,,"י""ח",160,ל  גרם,false,1,10.90,6.81,true,1,
7290015348423,false,תירוש משפחה  1ליטר,טמפו משקאות בעמ,,,"י""ח",7.50,"י""ח",false,1,15.90,2.08,true,1,
7290015350150,false,"יין סגל אדום חצי יבש 750מ""ל",טמפו משקאות בעמ,,,"י""ח",750,"ל  מ""ל",false,1,21.90,2.88,true,1,
7290015366663,false,אקווה פרש מנטה משחה 100,גורי ע.ע.ע. בעמ,,,"י""ח",100,ל  גרם,false,1,5.90,5.90,true,1,
7290015366670,false,אקווה פרש משחת שיניים 100,גורי ע.ע.ע. בעמ,,,"י""ח",100,ל  גרם,false,1,5.90,5.90,true,1,
7290015374286,false,"סיגר במילוי תפו""א בד""צ 400גר",חטיפי אלקיים בעמ ~~~,,,"י""ח",400,ל  גרם,false,1,11.90,2.98,false,1,
7290015374309,false,"פסטל במילוי תפו""א בד""צ 400גר",חטיפי אלקיים בעמ ~~~,,,"י""ח",400,ל  גרם,false,1,11.90,2.98,false,1,
7290015374354,false,"קרפלך במילוי תפו""א בד""צ 400גר",חטיפי אלקיים בעמ ~~~,,,"י""ח",400,ל  גרם,false,1,11.90,2.98,false,1,
7290015374361,false,"קרפלך במילוי בשר בד""צ 400גר",חטיפי אלקיים בעמ ~~~,,,"י""ח",400,ל  גרם,false,1,11.90,2.98,false,1,
7290015395939,false,חטיף יפני 150גר ששון הקולה,דין שיווק וקליה 2021 בעמ,,,"י""ח",150,ל  גרם,false,1,17.90,11.93,false,1,
7290015597210,false,מאגדת טילון קורנטו פרווה 1/6,גלידות שטראוס בעמ,,,"י""ח",378,ל  גרם,false,1,34.90,9.23,false,1,
7290015597937,false,קורנטו קלאסיק וניל עם צימוקים,גלידות שטראוס בעמ,,,"י""ח",70,ל  גרם,false,1,8.90,12.71,false,1,
7290015603195,false,אטריות תרד 454 גרם,מזרח ומערב יבוא ושיווק,,,"י""ח",454,ל  גרם,false,1,10.90,2.40,true,1,
7290015603201,false,אטריות מחיטה מלאה 454גר,מזרח ומערב יבוא ושיווק,,,"י""ח",454,ל  גרם,false,1,10.90,2.40,true,1,
7290015603546,false,"שימורי קרם קוקוס 19% 400מ""ל כשל""פ",מזרח ומערב יבוא ושיווק,,,"י""ח",400,ל  גרם,false,1,8.90,2.23,false,1,
7290015644297,false,לחמניות פשוט מלא 1/6,שלמה א.אנג ל בעמ,,,"י""ח",6,"י""ח",false,1,11.90,1.98,false,1,
7290015644426,false,לחם צרפתי חיטה מלאה ודגנים 600גרם,שלמה א.אנג ל בעמ,,,"י""ח",600,ל  גרם,false,1,16.90,2.82,false,1,
7290015644433,false,לחם צרפתי חיטה שיפון 100% קל 650גרם,שלמה א.אנג ל בעמ,,,"י""ח",650,ל  גרם,false,1,16.90,2.60,false,1,
7290015644457,false,מארז 9 לחמניות 675גר,שלמה א.אנג ל בעמ,,,"י""ח",675,ל  גרם,false,1,12.90,1.91,false,1,
7290015652070,false,קשיו קלוי 150גר,דין שיווק וקליה 2021 בעמ,,,"י""ח",150,ל  גרם,false,1,12.90,8.60,false,1,
7290015652254,false,גרעיני חמניה קלויים 400גרם ששון הקולה,דין שיווק וקליה 2021 בעמ,,,"י""ח",400,ל  גרם,false,1,9.90,2.48,false,1,
7290015652278,false,תערובת פיצוחים 250גר ששון הקולה,דין שיווק וקליה 2021 בעמ,,,"י""ח",250,ל  גרם,false,1,20,8,false,1,
7290015652285,false,אגוזים קלופים 250גר מדבקה,דין שיווק וקליה 2021 בעמ,,,"י""ח",250,ל  גרם,false,1,20,8,false,1,
7290015652292,false,קבוקים עם שומשום 400 גרם,דין שיווק וקליה 2021 בעמ,,,"י""ח",400,ל  גרם,false,1,10,2.50,false,1,
7290015652308,false,מנצ`ס 300גרם,דין שיווק וקליה 2021 בעמ,,,"י""ח",300,ל  גרם,false,1,10,3.33,false,1,
7290015652322,false,בוטנים אמריקאים מצופים 400 גרם,דין שיווק וקליה 2021 בעמ,,,"י""ח",400,ל  גרם,false,1,10,2.50,false,1,
7290015652407,false,פיסטוק קלוי 250גר,דין שיווק וקליה 2021 בעמ,,,"י""ח",250,ל  גרם,false,1,20,8,false,1,
7290015652605,false,מיקס קלוף  150 גרם,דין שיווק וקליה 2021 בעמ,,,"י""ח",150,ל  גרם,false,1,25.90,17.27,false,1,
7290015683326,false,קומקום חשמלי לבן.,פוגיקום בעמ,,,"י""ח",1,,false,1,99.90,99.90,true,1,
7290015781008,false,"יין מרלו VISION 750מ""ל",יקבי טפרברג 1870 בעמ,,,"י""ח",750,"ל  מ""ל",false,1,39.90,5.28,true,1,
7290015781015,false,"יין מלבק VISION 750מ""ל",יקבי טפרברג 1870 בעמ,,,"י""ח",750,"ל  מ""ל",false,1,39.90,5.28,true,1,
7290015781091,false,"יין קברנה סביניון VISION 750מ""ל",יקבי טפרברג 1870 בעמ,,,"י""ח",750,"ל  מ""ל",false,1,39.90,5.28,true,1,
7290015801799,false,סחוג ירוק 200 גרם,עוזי טעמים של בית,,,"י""ח",200,ל  גרם,false,1,14.60,7.30,false,1,
7290015801805,false,עמבה 200 גרם,עוזי טעמים של בית,,,"י""ח",200,ל  גרם,false,1,13.90,6.95,false,1,
7290015856935,false,ביסקוויט אקסטרא בטעם חמאה 400גר הדר.,ח.כהן סוכנות מזון ומשקאות בע,,,"י""ח",500,ל  גרם,false,1,6.90,1.38,false,1,
7290015858106,false,פסטו ביתי  על הלחם 180גר*,"שטראוס גרופ ***בע""מ",,,"י""ח",180,ל  גרם,false,1,16.90,9.39,true,1,
7290015858144,false,ממרח ארטישוק  180גר,"שטראוס גרופ ***בע""מ",,,"י""ח",180,ל  גרם,false,1,16.90,9.39,true,1,
7290015858151,false,ממרח שום 180ג עללחם*,"שטראוס גרופ ***בע""מ",,,"י""ח",180,ל  גרם,false,1,15.90,8.83,true,1,
7290015858427,false,מארז ממרח  240ג עללחם*,"שטראוס גרופ ***בע""מ",,,"י""ח",240,ל  גרם,false,1,24.90,10.38,true,1,
7290015858441,false,איולי פלפלים עללחם 295גר*,"שטראוס גרופ ***בע""מ",,,"י""ח",295,ל  גרם,false,1,14.90,5.05,true,1,
7290015858687,false,איולי שום עללחם 295גר*,"שטראוס גרופ ***בע""מ",,,"י""ח",295,ל  גרם,false,1,14.90,5.05,true,1,
7290015858694,false,איולי שום לימון עללחם 295גר*,"שטראוס גרופ ***בע""מ",,,"י""ח",295,ל  גרם,false,1,14.90,5.05,true,1,
7290015865692,false,קונפיטורה תות שדה 400ג,אבאל יזמות בעמ,,,"י""ח",400,ל  גרם,false,1,17.90,4.48,false,1,
7290015872096,false,חומוס אסלי 700ג{שמיר{,סלטי שמיר2006בעמ,,,"י""ח",700,ל  גרם,false,1,10.90,1.56,true,1,
7290015951227,false,גמלא השמורה,היכל היין שקד גולן בעמ,,,"י""ח",750,"ל  מ""ל",false,1,63.90,8.48,true,1,
7290015951869,false,"יין הר חרמון רוזה 750 מ""ל",היכל היין שקד גולן בעמ,,,"י""ח",750,"ל  מ""ל",false,1,31.90,4.21,true,1,
7290015968102,false,קיסמי שיניים רפואיים עם חוט דנטאלי 100,אינטרסן (1996) בעמ,,,"י""ח",200,"י""ח",false,1,14.90,0.07,true,1,
7290016006148,false,שוופס ענבים 0.5ל,יפאורה שותפות מוגבלת לשיווק,,,"י""ח",500,"ל  מ""ל",false,1,6.50,1.24,true,1,
7290016006292,false,ספרינג נקטר מנגו בננה מלון 1ל,יפאורה שותפות מוגבלת לשיווק,,,"י""ח",1,ליטר,false,1,6.90,6.90,true,1,
7290016006339,false,מי עדן 1ל רביעייה,יפאורה שותפות מוגבלת לשיווק,,,"י""ח",9,ליטר,false,1,10.90,1.08,false,1,
7290016006377,false,"שוופס מוגז תות ליים 330מ""ל",יפאורה שותפות מוגבלת לשיווק,,,"י""ח",330,"ל  מ""ל",false,1,5.90,1.70,true,1,
7290016035025,false,לחם פשתן 450ג,נאמן לאורך זמן בעמ,,,"י""ח",450,ל  גרם,false,1,22.90,5.09,false,1,
7290016087499,false,עגבניות חתוכות דק 400ג שלישיה,ח.כהן סוכנות מזון ומשקאות בע,,,"י""ח",400,ל  גרם,false,1,12.90,3.23,false,1,
7290016094695,false,"אלכוג`ל פישר על היגיינת הידיים 500מ""",פישר תעשיות פרמבצטיות בעמ,,,"י""ח",500,"ל  מ""ל",false,1,24.90,4.98,true,1,
7290016096491,false,טונה  בשמן צמחי 80גרם*מארז שלישיה,תעשיות פילטונה בעמ,,,"י""ח",240,ל  גרם,false,1,11.90,4.96,true,1,
7290016096507,false,טונה  בשמן קנולה  80גרם*מארז שלישיה,תעשיות פילטונה בעמ,,,"י""ח",240,ל  גרם,false,1,11.90,4.96,true,1,
7290016096811,false,111,תעשיות פילטונה בעמ,,,"י""ח",160,ל  גרם,false,1,19.90,12.44,false,1,
7290016114300,false,לילי גליל כפול 16 גלילים,קימברלי קלארק ישראל שיווק בעמ,,,"י""ח",1953,ל  גרם,false,1,41.90,2.15,true,1,
7290016136142,false,תערובת לפנקייק ללא גלוטן 400גר GFREE,גורי מוצרי צריכה בעמ,,,"י""ח",400,ל  גרם,false,1,21.90,5.48,false,1,
7290016136722,false,פתיתים פנה  ללא גלוטן 340ג,גורי מוצרי צריכה בעמ,,,"י""ח",340,ל  גרם,false,1,13.90,4.09,false,1,
7290016136739,false,פתיתים פוזילי ללא גלוטן 340ג,גורי מוצרי צריכה בעמ,,,"י""ח",340,ל  גרם,false,1,9.90,2.91,false,1,
7290016144017,false,"קמח מלא נפלאות 100% 1ק""ג",תה ויסוצקי (ישראל)בעמ,,,"י""ח",1,"ק""ג",false,1,9.90,9.90,true,1,
7290016144031,false,"קמח לבן מנופה  1ק""ג נפלאות",תה ויסוצקי (ישראל)בעמ,,,"י""ח",1,"ק""ג",false,1,6.90,6.90,false,1,
7290016144109,false,"קמח פיצה 1ק""ג",תה ויסוצקי (ישראל)בעמ,,,"י""ח",1,"ק""ג",false,1,17.90,17.90,false,1,
7290016150117,false,סלק בואקום לירון 500גר,ביכורי השדה צפון 1994 ג.ד. בעמ,,,"י""ח",500,ל  גרם,false,1,8.90,1.78,true,1,
7290016162264,false,עוגת גבינה אפויה  רנסנס 450גר,קפולסקי אדל בעמ,,,"י""ח",450,ל  גרם,false,1,44.90,9.98,false,1,
7290016197488,false,מטלית קסם לשיש שלשות.,קימברלי קלארק ישראל שיווק בעמ,,,"י""ח",3,"י""ח",false,1,11.90,3.97,false,1,
7290016197495,false,מטלית קסם לרצפה זוג ניקול.,קימברלי קלארק ישראל שיווק בעמ,,,"י""ח",2,"י""ח",false,1,21.90,10.95,false,1,
7290016197600,false,דיפנד  תחבושות נורמל,קימברלי קלארק ישראל שיווק בעמ,,,"י""ח",1,,false,1,19.90,19.90,true,1,
7290016197617,false,דיפנד תחבושות אקסטרה,קימברלי קלארק ישראל שיווק בעמ,,,"י""ח",1,,false,1,19.90,19.90,true,1,
7290016197853,false,ניקול אשפתון פחים בינונים 50יח,קימברלי קלארק ישראל שיווק בעמ,,,"י""ח",50,"י""ח",false,1,15.90,0.32,false,1,
7290016197877,false,שקית לפחי מטבח קטנים M,קימברלי קלארק ישראל שיווק בעמ,,,"י""ח",1,"י""ח",false,1,22.90,22.90,false,1,
7290016217643,false,חמוצים סיני אסלי 400ג,סלטי שמיר2006בעמ,,,"י""ח",400,ל  גרם,false,1,10.90,2.73,true,1,
7290016217735,false,חציל על האש 200ג,סלטי שמיר2006בעמ,,,"י""ח",200,ל  גרם,false,1,11.90,5.95,true,1,
7290016217742,false,חיצל בטחינה  200ג,סלטי שמיר2006בעמ,,,"י""ח",200,ל  גרם,false,1,11.90,5.95,true,1,
7290016217759,false,חיצל מרוקאי  200ג,סלטי שמיר2006בעמ,,,"י""ח",200,ל  גרם,false,1,12.90,6.45,true,1,
7290016246018,false,חטיף מיקס פינוקיות חלבה בארכה 20ג*9,קבוצת אוסם סחר-שות.מוגבלת,,,"י""ח",180,ל  גרם,false,1,11.90,6.61,false,1,
7290016246025,false,חטיף מיקס  חלבה ללא סוכר בארכה 20ג*9,קבוצת אוסם סחר-שות.מוגבלת,,,"י""ח",180,ל  גרם,false,1,11.90,6.61,false,1,
7290016277470,false,שיבולת שועל דקה 350ג,דין שיווק וקליה 2021 בעמ,,,"י""ח",350,ל  גרם,false,1,3.90,1.11,true,1,
7290016277487,false,שיבולת שועל עבה 350ג,דין שיווק וקליה 2021 בעמ,,,"י""ח",350,ל  גרם,false,1,3.90,1.11,true,1,
7290016319309,false,אל סבון 1לי מאסק+משאבה,דנשר (1963) בעמ,,,"י""ח",1,ליטר,false,1,9.90,9.90,false,1,
7290016321661,false,פרש ואנס רביעייה SENSITIVA CARE,דנשר (1963) בעמ,,,"י""ח",4,"י""ח",false,1,19.90,4.98,true,1,
7290016321678,false,פרש ואנס רביעייה NATURAL CARE,דנשר (1963) בעמ,,,"י""ח",4,"י""ח",false,1,19.90,4.98,true,1,
7290016321883,false,נ.טואלט לח לילדים שלישייה פרשוואנס,דנשר (1963) בעמ,,,"י""ח",1,,false,1,13.90,13.90,false,1,
7290016329896,false,"אלכהוג ל 30מ""ל פישר",פישר תעשיות פרמבצטיות בעמ,,,"י""ח",30,"ל  מ""ל",false,1,11.90,39.67,false,1,
7290016334050,false,סלרי חתוך.,ביכורי השדה צפון 1994 ג.ד. בעמ,,,"י""ח",1,,false,1,6.90,6.90,true,1,
7290016334166,false,לוף,ביכורי השדה צפון 1994 ג.ד. בעמ,,,"י""ח",1,,false,1,9.90,9.90,false,1,
7290016334173,false,פלפל טינקרבל שמיטה,ביכורי השדה צפון 1994 ג.ד. בעמ,,,"י""ח",1,,false,1,8.90,8.90,true,1,
7290016334180,false,מלפפון בייבי שמיטה,ביכורי השדה צפון 1994 ג.ד. בעמ,,,"י""ח",1,,false,1,9.90,9.90,true,1,
7290016334296,false,ברוקולי ארוז יחידה שמיטה,ביכורי השדה צפון 1994 ג.ד. בעמ,,,"י""ח",1,,false,1,11.90,11.90,false,1,
7290016334395,false,שיבא,ביכורי השדה צפון 1994 ג.ד. בעמ,,,"י""ח",1,,false,1,6.90,6.90,false,1,
7290016334432,false,שורש פטרוזילה,ביכורי השדה צפון 1994 ג.ד. בעמ,,,"י""ח",1,,false,1,6.90,6.90,false,1,
7290016334456,false,בזיליקום,ביכורי השדה צפון 1994 ג.ד. בעמ,,,"י""ח",1,,false,1,5.90,5.90,false,1,
7290016334463,false,סלרי ראש,ביכורי השדה צפון 1994 ג.ד. בעמ,,,"י""ח",1,,false,1,6.90,6.90,false,1,
7290016334494,false,חסה ערבית,ביכורי השדה צפון 1994 ג.ד. בעמ,,,"י""ח",1,,false,1,4.90,4.90,false,1,
7290016334500,false,חסה לבבות מארז זוג,ביכורי השדה צפון 1994 ג.ד. בעמ,,,"י""ח",300,ל  גרם,false,1,8.90,2.97,false,1,
7290016334579,false,פטרוזיליה ארוז,ביכורי השדה צפון 1994 ג.ד. בעמ,,,"י""ח",1,,false,1,3.90,3.90,true,1,
7290016334586,false,כוסברה ארוז,ביכורי השדה צפון 1994 ג.ד. בעמ,,,"י""ח",1,,false,1,4.90,4.90,true,1,
7290016334593,false,שמיר ארוז,ביכורי השדה צפון 1994 ג.ד. בעמ,,,"י""ח",1,,false,1,4.90,4.90,true,1,
7290016334609,false,נענע,ביכורי השדה צפון 1994 ג.ד. בעמ,,,"י""ח",1,,false,1,4.90,4.90,true,1,
7290016334616,false,בצל ירוק,ביכורי השדה צפון 1994 ג.ד. בעמ,,,"י""ח",1,,false,1,5.90,5.90,false,1,
7290016334623,false,סלרי עלים,ביכורי השדה צפון 1994 ג.ד. בעמ,,,"י""ח",1,"י""ח",false,1,5.90,5.90,false,1,
7290016334647,false,סלק עלים,ביכורי השדה צפון 1994 ג.ד. בעמ,,,"י""ח",1,,false,1,6.90,6.90,false,1,
7290016334654,false,תרד ניוזילנדי 200גר.,ביכורי השדה צפון 1994 ג.ד. בעמ,,,"י""ח",200,ל  גרם,false,1,14.90,7.45,false,1,
7290016334814,false,חסה סלנובה,ביכורי השדה צפון 1994 ג.ד. בעמ,,,"י""ח",1,,false,1,11.90,11.90,false,1,
7290016334883,false,שרי תמר בוסתן שמיטה,ביכורי השדה צפון 1994 ג.ד. בעמ,,,"י""ח",1,,false,1,11.90,11.90,false,1,
7290016334890,false,שרי ליקופן שמיטה,ביכורי השדה צפון 1994 ג.ד. בעמ,,,"י""ח",1,,false,1,11.90,11.90,false,1,
7290016334975,false,אספרגוס.,ביכורי השדה צפון 1994 ג.ד. בעמ,,,"י""ח",1,,false,1,29.90,29.90,false,1,
7290016370096,false,זית מרוקאי יבש  A2 יבנה.,קבוצת יבנה מוצרי מזון בעמ,,,"י""ח",1,,false,1,12.90,12.90,false,1,
7290016370225,false,תחתיות ארטישוק 220ג,קבוצת יבנה מוצרי מזון בעמ,,,"י""ח",220,ל  גרם,false,1,7.90,3.59,false,1,
7290016370263,false,מארז חרוזית  200ג *3,קבוצת יבנה מוצרי מזון בעמ,,,"י""ח",600,ל  גרם,false,1,12.90,2.15,false,1,
7290016370973,false,פלפל קלויה גמביה בצנצנת 580 גרם,קבוצת יבנה מוצרי מזון בעמ,,,"י""ח",58,ל  גרם,false,1,9.90,17.07,false,1,
7290016372342,false,עגבניות תחוכות לקוביות 400גר*3יח,תה ויסוצקי (ישראל)בעמ,,,"י""ח",400,ל  גרם,false,1,17.90,4.48,false,1,
7290016372373,false,רוטב עגבניות 140גר*2יח,תה ויסוצקי (ישראל)בעמ,,,"י""ח",280,ל  גרם,false,1,7.90,2.82,false,1,
7290016372496,false,חליטת ג`ינג`ר ודבש סודות הצמחים,תה ויסוצקי (ישראל)בעמ,,,"י""ח",20,"י""ח",false,1,17.90,0.90,true,1,
7290016387339,false,מטליות מיקרופייבר ג`מבו לרצפה 2יח,מ.א.ייצור ויבוא מטליות בעמ,,,"י""ח",2,"י""ח",false,1,14.90,7.45,false,1,
7290016387483,false,כרית יפנית דו צדדי 3יח,מ.א.ייצור ויבוא מטליות בעמ,,,"י""ח",1,,false,1,8.90,8.90,false,1,
7290016387698,false,כריות יפניות פנינה עדינות,מ.א.ייצור ויבוא מטליות בעמ,,,"י""ח",1,,false,1,7.90,7.90,false,1,
7290016400038,false,תבניות ארוז 210 R99 חמישייה שווה,ח.כהן סוכנות מזון ומשקאות בע,,,"י""ח",20,"י""ח",false,1,9.90,0.50,false,1,
7290016400175,false,שקיות צליה ענק 5יח שווה,ח.כהן סוכנות מזון ומשקאות בע,,,"י""ח",10,"י""ח",false,1,4.90,0.49,true,1,
7290016400274,false,שיפודים קצרים 70יח שווה,ח.כהן סוכנות מזון ומשקאות בע,,,"י""ח",70,"י""ח",false,1,2.90,0.04,false,1,
7290016400281,false,שיפודים 70יח שווה,ח.כהן סוכנות מזון ומשקאות בע,,,"י""ח",70,"י""ח",false,1,3.90,0.06,false,1,
7290016400380,false,גפרורים ארוך שווה,ח.כהן סוכנות מזון ומשקאות בע,,,"י""ח",10,"י""ח",false,1,6.90,0.69,true,1,
7290016400403,false,שקיות שחור 75/90 גליל 50יח  שווה,ח.כהן סוכנות מזון ומשקאות בע,,,"י""ח",50,"י""ח",false,1,14.90,0.30,false,1,
7290016400427,false,אשפתון גופיה 55/70 סגול 50יח שווה HD,ח.כהן סוכנות מזון ומשקאות בע,,,"י""ח",50,"י""ח",false,1,20.90,0.42,false,1,
7290016400434,false,אשפתון גופיה 75/90 חזק אפור 25יח שווה,ח.כהן סוכנות מזון ומשקאות בע,,,"י""ח",25,"י""ח",false,1,17.90,0.72,true,1,
7290016400502,false,גפרורים 10 חדש שווה,ח.כהן סוכנות מזון ומשקאות בע,,,"י""ח",10,"י""ח",false,1,4,0.40,false,1,
7290016400656,false,רשת צלייה ענקית    שווה,ח.כהן סוכנות מזון ומשקאות בע,,,"י""ח",1,"י""ח",false,1,30.90,30.90,false,1,
7290016400793,false,מפיות נייר 100יח שווה,ח.כהן סוכנות מזון ומשקאות בע,,,"י""ח",100,"י""ח",false,1,5.90,0.06,true,1,
7290016401103,false,טורטיה ענקית 30 ס``מ 6 יח` שווה,ח.כהן סוכנות מזון ומשקאות בע,,,"י""ח",540,ל  גרם,false,1,11.90,2.20,true,1,
7290016401141,false,טורטיה תירס 1/8 320ג שווה,ח.כהן סוכנות מזון ומשקאות בע,,,"י""ח",320,ל  גרם,false,1,10.90,3.41,true,1,
7290016401158,false,נודלס דקות 200ג שווה,ח.כהן סוכנות מזון ומשקאות בע,,,"י""ח",200,ל  גרם,false,1,5.90,2.95,false,1,
7290016401165,false,נודלס רחבות 200ג שווה,ח.כהן סוכנות מזון ומשקאות בע,,,"י""ח",200,ל  גרם,false,1,5.90,2.95,false,1,
7290016401295,false,"רוטב צילי מתוק 700מ""ל שווה",ח.כהן סוכנות מזון ומשקאות בע,,,"י""ח",700,"ל  מ""ל",false,1,11.90,1.70,false,1,
7290016401424,false,אפרסקים 820ג שווה,ח.כהן סוכנות מזון ומשקאות בע,,,"י""ח",820,ל  גרם,false,1,10.90,1.33,false,1,
7290016401509,false,חומץ 1ליטר 5% שווה,ח.כהן סוכנות מזון ומשקאות בע,,,"י""ח",1,ליטר,false,1,5.90,5.90,false,1,
7290016401578,false,זוג רדיד אלומיניום ארוך  שווה,ח.כהן סוכנות מזון ומשקאות בע,,,"י""ח",1,"י""ח",false,1,14.90,14.90,false,1,
7290016401585,false,זוג רדיד אלומיניות קצר   שווה,ח.כהן סוכנות מזון ומשקאות בע,,,"י""ח",1,"י""ח",false,1,10.90,10.90,false,1,
7290016401707,false,אטבי כביסה איכותיים 40יח  שווה,ח.כהן סוכנות מזון ומשקאות בע,,,"י""ח",40,"י""ח",false,1,11.90,0.30,true,1,
7290016401714,false,קש שחור עבה 125יח שווה,ח.כהן סוכנות מזון ומשקאות בע,,,"י""ח",125,"י""ח",false,1,7.90,0.06,false,1,
7290016401721,false,קשיות מתקפלות 200יח שווה,ח.כהן סוכנות מזון ומשקאות בע,,,"י""ח",200,"י""ח",false,1,8.90,0.04,false,1,
7290016401776,false,כוסות חד פעמי שתיה חמה,ח.כהן סוכנות מזון ומשקאות בע,,,"י""ח",0,"י""ח",false,1,8.90,8.90,false,1,
7290016401820,false,תבניות רוסטר עבות במיוחד 4* שווה,ח.כהן סוכנות מזון ומשקאות בע,,,"י""ח",4,"י""ח",false,1,9.90,2.48,true,1,
7290016401844,false,תבניות רוסטר גדול עבות במיוחד 2* שוו,ח.כהן סוכנות מזון ומשקאות בע,,,"י""ח",2,"י""ח",false,1,9.90,4.95,true,1,
7290016401851,false,תבניות אובן עבות במיוחד 4* שווה,ח.כהן סוכנות מזון ומשקאות בע,,,"י""ח",4,"י""ח",false,1,9.90,2.48,true,1,
7290016401882,false,מטליות מיקרופייבר 1/3 לרצפה,ח.כהן סוכנות מזון ומשקאות בע,,,"י""ח",10,"י""ח",false,1,18.90,1.89,false,1,
7290016401899,false,מטליות מיקרופייבר 1/10 ניקוי כללי,ח.כהן סוכנות מזון ומשקאות בע,,,"י""ח",10,"י""ח",false,1,18.90,1.89,false,1,
7290016401905,false,שקיות לפח קטן 40/45 שווה,ח.כהן סוכנות מזון ומשקאות בע,,,"י""ח",10,"י""ח",false,1,9.90,0.99,false,1,
7290016401929,false,שקיות אוכל עם ידיות 200יח שווה,ח.כהן סוכנות מזון ומשקאות בע,,,"י""ח",200,"י""ח",false,1,8.90,0.04,false,1,
7290016408119,false,טרליני כעכים בטעם קלאסי 225ג,כרמית תעשיות ממתקים בעמ,,,"י""ח",225,ל  גרם,false,1,6.90,3.07,false,1,
7290016408294,false,"מרשמלו  כרמית  150גר בד""ץ",כרמית תעשיות ממתקים בעמ,,,"י""ח",1,,false,1,5,5,true,1,
7290016408416,false,חטיף קרקר עם צ`ילי פיקנטי 130גר,כרמית תעשיות ממתקים בעמ,,,"י""ח",130,ל  גרם,false,1,6.90,5.31,true,1,
7290016408423,false,חטיף קרקר עם זיתים שחורים ושום 130גר,כרמית תעשיות ממתקים בעמ,,,"י""ח",130,ל  גרם,false,1,6.90,5.31,true,1,
7290016408980,false,מטבעות שוקולד חלב 36 גרם,כרמית תעשיות ממתקים בעמ,,,"י""ח",36,ל  גרם,false,1,3.90,10.83,true,1,
7290016437508,false,נייר טואלט מולט 24יח כפול,קימברלי קלארק ישראל שיווק בעמ,,,"י""ח",24,"י""ח",false,1,42.90,1.79,false,1,
7290016440881,false,ירקות חמוצים טעם טבעי  500גר,קפוא זן תעשיות מזון בעמ,,,"י""ח",500,ל  גרם,false,1,21.90,4.38,false,1,
7290016440911,false,מלפפונים ביתיים כבושים 500גר מעדני עופר,קפוא זן תעשיות מזון בעמ,,,"י""ח",500,ל  גרם,false,1,21.90,4.38,false,1,
7290016496208,false,פתיל צף מוכן,צבע ומכחול (2014) בעמ,,,"י""ח",1,ליטר,false,1,6.90,6.90,false,1,
7290016509342,false,סוד סבון לאסלה כחול 1/3,גורי שיווק בעמ,,,"י""ח",3,"י""ח",false,1,14.90,4.97,false,1,
7290016509786,false,פרסיל ג ל ירוק  2.5ליטר,גורי שיווק בעמ,,,"י""ח",2.50,ליטר,false,1,34.90,13.96,false,1,
7290016509809,false,פרסיל ג ל קולור 2.5ליטר,גורי שיווק בעמ,,,"י""ח",2.50,ליטר,false,1,34.90,13.96,false,1,
7290016510096,false,שמפו הוואי מי קוקוס 700,הנקל סוד בעמ,,,"י""ח",700,"ל  מ""ל",false,1,10.90,1.56,false,1,
7290016510263,false,"הוואי תחליב רחצה 700 מ""ל יוקרתי בניחוח ו",הנקל סוד בעמ,,,"י""ח",750,"ל  מ""ל",false,1,10.90,1.45,false,1,
7290016510324,false,"הוואי תחליב רחצה 700 מ""ל לגבר",הנקל סוד בעמ,,,"י""ח",750,"ל  מ""ל",false,1,10.90,1.45,false,1,
7290016517408,false,"קמח חיטה 80% 1ק""ג",אחים אגא (א.מ.) שיווק,,,"י""ח",1,"ק""ג",false,1,6.90,6.90,false,1,
7290016517415,false,"קמח חיטה 100% 1ק""ג",אחים אגא (א.מ.) שיווק,,,"י""ח",1,"ק""ג",false,1,6.90,6.90,false,1,
7290016517439,false,"קמח כוסמין 100% 1ק""ג",אחים אגא (א.מ.) שיווק,,,"י""ח",1,"ק""ג",false,1,11.90,11.90,false,1,
7290016517453,false,"קמח לבן מנופה שדות 1ק""ג",אחים אגא (א.מ.) שיווק,,,"י""ח",1,"ק""ג",false,1,6.90,6.90,true,1,
7290016517484,false,פטריות שלשות 290ג *3שדות,אחים אגא (א.מ.) שיווק,,,"י""ח",870,ל  גרם,false,1,12.90,1.48,false,1,
7290016564006,false,מבריקל הפלא ספוג שלישייה לכלים,ח.כהן סוכנות מזון ומשקאות בע,,,"י""ח",1,,false,1,11.90,11.90,false,1,
7290016621358,false,אל סבון נוזלי לידיים קמיל 1ליטר,פישר תעשיות פרמבצטיות בעמ,,,"י""ח",1,ליטר,false,1,15.90,15.90,true,1,
7290016667042,false,קשיות פסים זברה עבים 20יח,נאמן לאורך זמן בעמ,,,"י""ח",20,"י""ח",false,1,8.90,0.45,false,1,
7290016667080,false,חטיף טורטיה ברביקוי 250גר,נאמן לאורך זמן בעמ,,,"י""ח",250,ל  גרם,false,1,9.90,3.96,false,1,
7290016667097,false,חטיף טורטיה מלוח 250גר,נאמן לאורך זמן בעמ,,,"י""ח",250,ל  גרם,false,1,9.90,3.96,false,1,
7290016682038,false,"מיץ תפוזים 400מ""ל.",תנובה בעמ ***,,,"י""ח",400,"ל  מ""ל",false,1,10.50,2.55,true,1,
7290016682083,false,מיץ תות בננה 400 מל פריניב,תנובה בעמ ***,,,"י""ח",1,,false,1,10.60,10.60,true,1,
7290016682243,false,מיץ אשכולית אדומה סחוט 100% 1ל,תנובה בעמ ***,,,"י""ח",1,ליטר,false,1,16.40,16.40,true,1,
7290016682328,false,פריניב מיץ תפוזים 2ליטר 100%.,תנובה בעמ ***,,,"י""ח",2,ליטר,false,1,20.90,10.30,false,1,
7290016682342,false,תפוז וולניה סחוט 100% 2ל.,תנובה בעמ ***,,,"י""ח",2,ליטר,false,1,28.60,14.15,true,1,
7290016682359,false,תפוז שמוטי סחוט 100% 2ל.,תנובה בעמ ***,,,"י""ח",2,ליטר,false,1,28.50,14.10,true,1,
7290016717044,false,סלקטד לבן יאנג  BUZZ מנגו,אגודת הכורמים,,,"י""ח",750,"ל  מ""ל",false,1,27.90,3.68,true,1,
7290016717754,false,"יין ישן נושן  750מ""ל",אגודת הכורמים,,,"י""ח",750,"ל  מ""ל",false,1,20.90,2.75,true,1,
7290016866445,false,תערובת קמח תופח 500גר ללא גלוטן,גורי מוצרי צריכה בעמ,,,"י""ח",500,ל  גרם,false,1,16.90,3.38,false,1,
7290016866643,false,"משחת פרודונטקס פרש  75מ""ל",גורי ע.ע.ע. בעמ,,,"י""ח",75,"ל  מ""ל",false,1,30.90,41.20,true,1,
7290016866650,false,"משחת פרודונטקס אוריגינל 75מ""ל",גורי ע.ע.ע. בעמ,,,"י""ח",75,"ל  מ""ל",false,1,30.90,41.20,true,1,
7290016866667,false,"משחת פרודונטקס פלאוריד  75מ""ל",גורי ע.ע.ע. בעמ,,,"י""ח",75,"ל  מ""ל",false,1,30.90,41.20,true,1,
7290016866674,false,"משחת פרודונטקס מלבינה 75מ""ל",גורי ע.ע.ע. בעמ,,,"י""ח",75,"ל  מ""ל",false,1,30.90,41.20,true,1,
7290016883176,false,"מוזלי פתיתי ש.שועל עם שוקולד מריר 1ק""ג",דין שיווק וקליה 2021 בעמ,,,"י""ח",0,"ק""ג",false,1,19.90,19.90,true,1,
7290016912494,false,"אפקטיב קר תרחיץ פנים 180מ""ל",פישר תעשיות פרמבצטיות בעמ,,,"י""ח",180,"ל  מ""ל",false,1,16.90,9.39,false,1,
7290016912500,false,"אפקטיב קר תרחיץ פנים 180מ""ל עור רגיל",פישר תעשיות פרמבצטיות בעמ,,,"י""ח",180,"ל  מ""ל",false,1,16.90,9.39,false,1,
7290016967074,false,לחם אנגיל חיטה מלאה 750גר,שלמה א.אנג ל בעמ,,,"י""ח",750,ל  גרם,false,1,15.90,2.12,false,1,
7290016967456,false,לחם צרפתי 100% כוסמין 600גר,שלמה א.אנג ל בעמ,,,"י""ח",600,ל  גרם,false,1,16.90,2.82,false,1,
7290016998184,false,עלי חסהערבית שטופים 250גר.,ביכורי השדה צפון 1994 ג.ד. בעמ,,,"י""ח",150,ל  גרם,false,1,9.90,6.60,false,1,
7290016998207,false,לקט קסם השדה  350גר.,ביכורי השדה צפון 1994 ג.ד. בעמ,,,"י""ח",350,ל  גרם,false,1,11.90,3.40,false,1,
7290016998221,false,מיקס צבעי הטבע 350גר.,ביכורי השדה צפון 1994 ג.ד. בעמ,,,"י""ח",350,"ל  מ""ל",false,1,11.90,3.40,false,1,
7290016998238,false,כרוב לבן קצוץ 400גר.,ביכורי השדה צפון 1994 ג.ד. בעמ,,,"י""ח",400,ל  גרם,false,1,9.90,2.48,false,1,
7290016998245,false,מיקס שורשים 400גר.,ביכורי השדה צפון 1994 ג.ד. בעמ,,,"י""ח",400,ל  גרם,false,1,11.90,2.98,false,1,
7290016998269,false,לקט קולסלאו 400גר.,ביכורי השדה צפון 1994 ג.ד. בעמ,,,"י""ח",400,ל  גרם,false,1,9.90,2.48,false,1,
7290016998276,false,גזר חתוך דק 250גר.,ביכורי השדה צפון 1994 ג.ד. בעמ,,,"י""ח",250,ל  גרם,false,1,8.90,3.56,false,1,
7290016998320,false,לבבות קיסר,ביכורי השדה צפון 1994 ג.ד. בעמ,,,"י""ח",300,ל  גרם,false,1,10.90,3.63,true,1,
7290017004457,false,תירוש ענבים 100% זהב ליטר,יקבי הכורמים (תשלח) בעמ ~~~,,,"י""ח",1,ליטר,false,1,17.90,17.90,true,1,
7290017004785,false,פסטה קרניים 500גר פנטולה,מ.ר. ניאוברנד בעמ,,,"י""ח",500,ל  גרם,false,1,4.90,0.98,true,1,
7290017004808,false,פסטה פוזילי 500גר פנטולה,מ.ר. ניאוברנד בעמ,,,"י""ח",500,ל  גרם,false,1,4.90,0.98,true,1,
7290017004815,false,ספגטי 500גר פנטולה,מ.ר. ניאוברנד בעמ,,,"י""ח",500,ל  גרם,false,1,4.90,0.98,true,1,
7290017004877,false,טחינה  גולמית 500ג מחנה יהודה,אחדות בעמ,,,"י""ח",500,ל  גרם,false,1,14.90,2.98,true,1,
7290017023205,false,"שוופס מוגז ענב   330מ""ל",יפאורה שותפות מוגבלת לשיווק,,,"י""ח",330,"ל  מ""ל",false,1,5.50,1.58,false,1,
7290017023212,false,"שוופס מוגז תפוח  330מ""ל 1/4",יפאורה שותפות מוגבלת לשיווק,,,"י""ח",1.32,ליטר,false,1,14.70,10.23,true,1,
7290017023809,false,"ספרינג אגס סברס תפוח 250מ""ל רביעייה",יפאורה שותפות מוגבלת לשיווק,,,"י""ח",1,ליטר,false,1,12.90,12.90,true,1,
7290017023823,false,"ספרינג תות בננה  250מ""ל רביעייה",יפאורה שותפות מוגבלת לשיווק,,,"י""ח",1,ליטר,false,1,12.90,12.90,true,1,
7290017023854,false,"סודה שוופס 250מ""ל 1/4",יפאורה שותפות מוגבלת לשיווק,,,"י""ח",1,ליטר,false,1,13.10,13.10,true,1,
7290017023861,false,"סודה שוופס למון  250מ""ל 1/4",יפאורה שותפות מוגבלת לשיווק,,,"י""ח",1,ליטר,false,1,13.10,13.10,true,1,
7290017023878,false,"סודה שוופס נענע ליים  250מ""ל 1/4",יפאורה שותפות מוגבלת לשיווק,,,"י""ח",1,ליטר,false,1,13.10,13.10,true,1,
7290017031170,false,פוזילי על בסיס קמח עדשים אדומים 250ג.,גורי מוצרי צריכה בעמ,,,"י""ח",250,ל  גרם,false,1,15.90,6.36,false,1,
7290017031477,false,"סנסודיין רפיד הלבנה 75מ""ל",גורי ע.ע.ע. בעמ,,,"י""ח",75,ל  גרם,false,1,21.90,29.20,true,1,
7290017031705,false,"סנסודיין קלין פרש 75מ""ל",גורי ע.ע.ע. בעמ,,,"י""ח",75,ל  גרם,false,1,20.90,27.87,true,1,
7290017031859,false,"משחת פרודונטקס אולטרא קלין 75מ""ל",גורי ע.ע.ע. בעמ,,,"י""ח",75,"ל  מ""ל",false,1,30.90,41.20,true,1,
7290017044071,false,מטליות אסותא 400 יח בדלי בניחוח תפוח,עיסא ערטול בעמ-סוכן הנקל סוד,,,"י""ח",400,"י""ח",false,1,19.90,0.05,false,1,
7290017062716,false,מרכך כביסה מרוכז ורוד 1 ל`טאצ`.,סאסאטק אגשח בעמ,,,"י""ח",1,ליטר,false,1,13.90,13.90,true,1,
7290017062907,false,"קצף לכלים בניחוח תפוח 500מ""ל פלירוסול",סאסאטק אגשח בעמ,,,"י""ח",500,"ל  מ""ל",false,1,11.90,2.38,false,1,
7290017062921,false,"קצף לכלים בניחוח לימון 500מ""ל פלירוסול",סאסאטק אגשח בעמ,,,"י""ח",500,"ל  מ""ל",false,1,11.90,2.38,false,1,
7290017065007,false,מוצרלה פרוסה 200ג,מחלבות גד,,,"י""ח",200,ל  גרם,false,1,16.90,8.45,false,1,
7290017065137,false,ריקוטה למריחה 5% טבעית,מחלבות גד,,,"י""ח",200,ל  גרם,false,1,8.90,4.45,false,1,
7290017065144,false,ריקוטה למריחה 5% עם בזיליקום,מחלבות גד,,,"י""ח",200,ל  גרם,false,1,10.20,5.10,false,1,
7290017065175,false,מנצגו פרוסה 150ג גד,מחלבות גד,,,"י""ח",150,ל  גרם,false,1,20.90,13.93,false,1,
7290017065380,false,גרנה פדנו שבבים100ג,מחלבות גד,,,"י""ח",100,ל  גרם,false,1,13.90,13.90,false,1,
7290017065441,false,פרוסות גאודה עיזים  200ג,מחלבות גד,,,"י""ח",200,ל  גרם,false,1,31.90,15.95,false,1,
7290017065588,false,יוגורט יווני 600 גרם גד.,מחלבות גד,,,"י""ח",600,ל  גרם,false,1,15.90,2.65,false,1,
7290017065731,false,גבינת שמנת ניו יורק 200ג מהדורת חג,מחלבות גד,,,"י""ח",200,ל  גרם,false,1,12.90,6.45,false,1,
7290017065786,false,גבינה צ`דר 210גר,מחלבות גד,,,"י""ח",210,ל  גרם,false,1,19.90,9.48,false,1,
7290017065861,false,קאציו אה פפה מהדורת חג 200ג,מחלבות גד,,,"י""ח",200,ל  גרם,false,1,14.90,7.45,false,1,
7290017065878,false,מק אנד ציז מהדורת חג 200ג,מחלבות גד,,,"י""ח",200,ל  גרם,false,1,14.90,7.45,false,1,
7290017068893,false,סוכריות ג`לי דגיגים בציפוי סוכר 350גר,מיה תעשיות מזון מ.ת.מ בעמ,,,"י""ח",350,ל  גרם,false,1,14.90,4.26,true,1,
7290017088051,false,חיתולי בייביסיטר  מידה 3 52יח,שקד תבל בעמ,,,"י""ח",1,,false,1,34.90,34.90,true,1,
7290017088068,false,חיתולי בייביסיטר  מידה 4 42יח,שקד תבל בעמ,,,"י""ח",1,,false,1,34.90,34.90,true,1,
7290017088075,false,חיתולי בייביסיטר  מידה 4+ 40יח,שקד תבל בעמ,,,"י""ח",1,,false,1,34.90,34.90,true,1,
7290017088082,false,חיתולי בייביסיטר  מידה 5 36יח,שקד תבל בעמ,,,"י""ח",1,,false,1,34.90,34.90,true,1,
7290017088099,false,חיתולי בייביסיטר  מידה 6 34יח,שקד תבל בעמ,,,"י""ח",1,,false,1,34.90,34.90,true,1,
7290017088631,false,מגבונים  טולי מארז 4 יחידות,שקד תבל בעמ,,,"י""ח",4,"י""ח",false,1,12.90,3.23,true,1,
7290017088693,false,קוויק מטליות  לחות לניקוי וחיטוי רצפות,שקד תבל בעמ,,,"י""ח",10,"י""ח",false,1,11.90,1.19,true,1,
7290017088822,false,תחבושות BREEZE אקסטרה 10יח.,שקד תבל בעמ,,,"י""ח",10,"י""ח",false,1,17.90,1.79,true,1,
7290017088983,false,חיתולי בייביסיטר ניו בורן מידה 2,שקד תבל בעמ,,,"י""ח",38,"י""ח",false,1,29.90,0.79,true,1,
7290017094830,false,סלט גזר ברוטב פיקנטי אסלי 400ג,סלטי שמיר2006בעמ,,,"י""ח",400,ל  גרם,false,1,10.90,2.73,true,1,
7290017094847,false,סלט תפוחי אדמה אסלי 400ג,סלטי שמיר2006בעמ,,,"י""ח",400,ל  גרם,false,1,10.90,2.73,true,1,
7290017094854,false,סלט קולסלאו אסלי 400ג,סלטי שמיר2006בעמ,,,"י""ח",400,ל  גרם,false,1,10.90,2.73,true,1,
7290017094861,false,חומוס עם רוטב מסבחה אסלי 400ג,סלטי שמיר2006בעמ,,,"י""ח",400,ל  גרם,false,1,9.90,2.48,true,1,
7290017100425,false,כפפות לטקס XL עם אבקה Perfect,ח.כהן סוכנות מזון ומשקאות בע,,,"י""ח",100,"י""ח",false,1,19.90,0.20,true,1,
7290017105048,false,זיתים ירוקים טבעות שלשות יכין,זנלכל בעמ,,,"י""ח",200,ל  גרם,false,1,14.90,7.45,false,1,
7290017105079,false,שעועית אפויה 6OZ יכין 200גר,זנלכל בעמ,,,"י""ח",200,ל  גרם,false,1,4.30,2.15,true,1,
7290017105116,false,תורמוס 6OZ יכין 200גר,זנלכל בעמ,,,"י""ח",200,ל  גרם,false,1,4.30,2.15,true,1,
7290017105123,false,פול מצרי 6OZ יכין 200גר,זנלכל בעמ,,,"י""ח",200,ל  גרם,false,1,4.30,2.15,true,1,
7290017105369,false,סירופ תה אפרסק דיאט 1 ליטר,זנלכל בעמ,,,"י""ח",1,ליטר,false,1,18.90,18.90,false,1,
7290017105383,false,"שלשות תירס 6OZקידס  פ""מ",זנלכל בעמ,,,"י""ח",600,ל  גרם,false,1,14.90,2.48,false,1,
7290017105468,false,אפונה שלישייה 6OZ יכין,זנלכל בעמ,,,"י""ח",200,ל  גרם,false,1,14.90,7.45,false,1,
7290017105895,false,גרגרי חומוס מסעדות יכין 560גר,זנלכל בעמ,,,"י""ח",560,ל  גרם,false,1,9.90,1.77,true,1,
7290017121093,false,אריסה חריפה 250גר,"שטראוס גרופ ***בע""מ",,,"י""ח",250,ל  גרם,false,1,14.90,5.96,true,1,
7290017129495,false,אגו מיקס כדורי תירס מצופים ש. חלב 55ג,כרמית תעשיות ממתקים בעמ,,,"י""ח",55,ל  גרם,false,1,3.90,7.09,true,1,
7290017129501,false,אגו מיקס כדורי תירס מצופים ש. לבן 55ג,כרמית תעשיות ממתקים בעמ,,,"י""ח",55,ל  גרם,false,1,3.90,7.09,true,1,
7290017129518,false,אגו מיקס כדורי תירס מצופים  55ג,כרמית תעשיות ממתקים בעמ,,,"י""ח",55,ל  גרם,false,1,3.90,7.09,true,1,
7290017129549,false,כרמית לקקן גלידה  90ג,כרמית תעשיות ממתקים בעמ,,,"י""ח",90,ל  גרם,false,1,5.90,6.56,true,1,
7290017129754,false,שוקולד אגו פרמיום 100ג 70%,כרמית תעשיות ממתקים בעמ,,,"י""ח",100,ל  גרם,false,1,7.90,7.90,true,1,
7290017129778,false,שוקולד אגו פרמיום קפה  100ג 70%,כרמית תעשיות ממתקים בעמ,,,"י""ח",100,ל  גרם,false,1,7.90,7.90,true,1,
7290017129839,false,שוקולד אגו פרמיום פטל  100ג 70%,כרמית תעשיות ממתקים בעמ,,,"י""ח",100,ל  גרם,false,1,7.90,7.90,true,1,
7290017129884,false,שוקולד מריר 60% 85ג חמישייה,כרמית תעשיות ממתקים בעמ,,,"י""ח",85,ל  גרם,false,1,16.90,19.88,true,1,
7290017140308,false,קמח שקדים 500 גרם,גורי מוצרי צריכה בעמ,,,"י""ח",500,ל  גרם,false,1,24.90,4.98,false,1,
7290017142159,false,נתחי טונה  בהירה בשמן זית 80ג שלישייה,סוגת תעשיות בעמ,,,"י""ח",240,ל  גרם,false,1,19.90,8.29,false,1,
7290017142340,false,שמן זרעי ענבים מזוכך 1ל עץ הזית,סוגת תעשיות בעמ,,,"י""ח",1,ליטר,false,1,24.90,24.90,false,1,
7290017142395,false,פסטה עם טונה בשמן ז. 160ג,סוגת תעשיות בעמ,,,"י""ח",160,ל  גרם,false,1,13.90,8.69,false,1,
7290017142456,false,נתחי טונה בשמן ז. 160ג*2יח.,סוגת תעשיות בעמ,,,"י""ח",320,ל  גרם,false,1,19.90,6.22,false,1,
7290017189253,false,קרפ אפוי קפוא WOOPS,קפוא זן תעשיות מזון בעמ,,,"י""ח",600,ל  גרם,false,1,19.90,3.32,false,1,
7290017197562,false,מטליות לניקוי רצפה אמה 10יח,עיסא ערטול בעמ-סוכן הנקל סוד,,,"י""ח",24,"י""ח",false,1,10.90,0.45,false,1,
7290017266046,false,וופל קראנץ 30יח גילרו,ח.כהן סוכנות מזון ומשקאות בע,,,"י""ח",30,"י""ח",false,1,18.90,0.63,false,1,
7290017266053,false,וופל לימון קראנץ ללא סוכר 175גר גילרו,ח.כהן סוכנות מזון ומשקאות בע,,,"י""ח",175,ל  גרם,false,1,7.90,4.51,false,1,
7290017266343,false,וופל קראנץ בטעם שוקולד 150 גרם עלמה.,ח.כהן סוכנות מזון ומשקאות בע,,,"י""ח",15,ל  גרם,false,1,3.20,21.33,false,1,
7290017289618,false,יין  פטיט סירה 150 שנה IMPRESSION 750מ,יקבי טפרברג 1870 בעמ,,,"י""ח",750,"ל  מ""ל",false,1,49.90,6.61,true,1,
7290017297323,false,רוטב עגבניות BX22 100ג מרוכז טל וטרי,ויטה- פרי גליל (החדשה) בעמ,,,"י""ח",100,ל  גרם,false,1,1.90,1.90,true,1,
7290017297392,false,תירס  קפוא פרי אדמה 800ג,ויטה פרי גליל (החדשה) בעמ,,,"י""ח",800,ל  גרם,false,1,12.90,1.61,true,1,
7290017297415,false,אפונה  קפואה פרי אדמה 800ג.,ויטה פרי גליל (החדשה) בעמ,,,"י""ח",800,ל  גרם,false,1,12.90,1.61,true,1,
7290017297453,false,שעועית שלמה  קפואה פרי אדמה 800ג,ויטה פרי גליל (החדשה) בעמ,,,"י""ח",800,ל  גרם,false,1,12.90,1.61,true,1,
7290017297477,false,פול  קפוא פרי אדמה 800ג,ויטה פרי גליל (החדשה) בעמ,,,"י""ח",800,ל  גרם,false,1,14.90,1.86,true,1,
7290017297484,false,שעועית אדומה  פרי אדמה 800ג,ויטה פרי גליל (החדשה) בעמ,,,"י""ח",800,ל  גרם,false,1,16.90,2.11,true,1,
7290017297491,false,חומוס פרי אדמה 800ג,ויטה פרי גליל (החדשה) בעמ,,,"י""ח",800,ל  גרם,false,1,14.90,1.86,true,1,
7290017297507,false,גזר גמדי פרי אדמה 800ג,ויטה פרי גליל (החדשה) בעמ,,,"י""ח",800,ל  גרם,false,1,12.90,1.61,true,1,
7290017297514,false,לקט ירק מעורב פרי אדמה 700ג,ויטה פרי גליל (החדשה) בעמ,,,"י""ח",700,ל  גרם,false,1,12.90,1.84,true,1,
7290017297521,false,ברוקולי פרי אדמה 800ג,ויטה פרי גליל (החדשה) בעמ,,,"י""ח",800,ל  גרם,false,1,19.90,2.49,true,1,
7290017297545,false,תחתיות ארטישוק פרי אדמה 400ג,ויטה פרי גליל (החדשה) בעמ,,,"י""ח",400,ל  גרם,false,1,10.90,2.73,true,1,
7290017297552,false,במיה פרי אדמה 600ג,ויטה פרי גליל (החדשה) בעמ,,,"י""ח",600,ל  גרם,false,1,12.90,2.15,true,1,
7290017297583,false,"ציפס 2ק""ג קפוא  פרי אדמה.",ויטה פרי גליל (החדשה) בעמ,,,"י""ח",2,"ק""ג",false,1,19.90,9.95,true,1,
7290017297590,false,"ציפס זיגזג 2ק""ג קפוא  פרי אדמה",ויטה פרי גליל (החדשה) בעמ,,,"י""ח",2,"ק""ג",false,1,22.90,11.45,true,1,
7290017297620,false,רוטב עגבניות 22% A2 טל וטרי,ויטה- פרי גליל (החדשה) בעמ,,,"י""ח",600,ל  גרם,false,1,5.90,0.98,false,1,
7290017304885,false,לחם שיפון וחיטה מלאה 750ג,שלמה א.אנג ל בעמ,,,"י""ח",750,ל  גרם,false,1,16.90,2.25,false,1,
7290017440309,false,"שמפו קידס 750מ""ל",פישר תעשיות פרמבצטיות בעמ,,,"י""ח",750,"ל  מ""ל",false,1,16.90,2.25,false,1,
7290017440965,false,אל סבון ניקיון קמיל 1ליטר,פישר תעשיות פרמבצטיות בעמ,,,"י""ח",1,ליטר,false,1,15.90,15.90,true,1,
7290017457574,false,סוד כדוריות 1/3 פרחים 204ג,גורי שיווק בעמ,,,"י""ח",204,"ל  מ""ל",false,1,14.90,7.30,false,1,
7290017457727,false,"סוד מרכך מרוכז כחול 900מ""ל",גורי שיווק בעמ,,,"י""ח",90,"ל  מ""ל",false,1,11.90,13.22,true,1,
7290017457734,false,"סוד מרכך מרוכז ורוד 900מ""ל",גורי שיווק בעמ,,,"י""ח",90,"ל  מ""ל",false,1,11.90,13.22,true,1,
7290017457932,false,"סוד מרכך מרוכז פרש  900מ""ל",גורי שיווק בעמ,,,"י""ח",90,"ל  מ""ל",false,1,11.90,13.22,true,1,
7290017477169,false,קשיו 250ג ששון הקולה,דין שיווק וקליה 2021 בעמ,,,"י""ח",250,ל  גרם,false,1,19.90,7.96,false,1,
7290017504001,false,פטריות שמפיניון ארוז,ביכורי השדה צפון 1994 ג.ד. בעמ,,,"י""ח",1,,false,1,10.90,10.90,true,1,
7290017513775,false,פליפז בייגלה מצופה ש. חלב  140ג,תה ויסוצקי (ישראל)בעמ,,,"י""ח",140,ל  גרם,false,1,8.90,6.36,true,1,
7290017513782,false,פליפז בייגלה מצופה ש. מריר 140ג,תה ויסוצקי (ישראל)בעמ,,,"י""ח",140,ל  גרם,false,1,8.90,6.36,true,1,
7290017586007,false,גזר ארוז,ביכורי השדה צפון 1994 ג.ד. בעמ,,,"ק""ג",1,"ק""ג",true,1,3.90,3.90,false,1,
7290017589633,false,רזרב  קברנה סובניון ברקן GOLD EDITION,טמפו משקאות בעמ,,,"י""ח",750,"ל  מ""ל",false,1,49.90,6.61,true,1,
7290017595016,false,זוג כוסיות קריסטל,צבע ומכחול (2014) בעמ,,,"י""ח",1,,false,1,15.90,15.90,false,1,
7290017599229,false,םטנט 200 טבליות סוכרלוז,"שטראוס גרופ בע""מ",,,"י""ח",200,"י""ח",false,1,20.90,0.10,true,1,
7290017599236,false,םטנט 200 טבליות סטיוויה,"שטראוס גרופ בע""מ",,,"י""ח",200,"י""ח",false,1,24.90,0.12,true,1,
7290017599267,false,סוכרזית סוכרלוז 120שק.,"שטראוס גרופ בע""מ",,,"י""ח",100,"י""ח",false,1,24.90,0.25,true,1,
7290017599304,false,סוכרזית סטיוויה כפית לכפית 400גר,"שטראוס גרופ בע""מ",,,"י""ח",400,"י""ח",false,1,35.90,0.09,true,1,
7290017617046,false,סטארקיסט רביעייה בשמן זית 140ג,דיפלומט מפיצים (1968) בעמ**,,,"י""ח",560,"ל  מ""ל",false,1,27.90,4.98,false,1,
7290017617411,false,סטארקיסט מיקס סלמון עם אורז 160ג,דיפלומט מפיצים (1968) בעמ**,,,"י""ח",80,ל  גרם,false,1,14.90,18.63,false,1,
7290017637549,false,מרכך לשיער בלונד/בהיר  Blond,סאסאטק אגשח בעמ - סאסא MB,,,"י""ח",500,"ל  מ""ל",false,1,39.90,7.98,false,1,
7290017637556,false,"שמפו לקרקפת שומנית 500מ""ל",סאסאטק אגשח בעמ - סאסא MB,,,"י""ח",500,"ל  מ""ל",false,1,24.90,4.98,false,1,
7290017637600,false,מרכך לשיער רגיל Sweet memories everday,סאסאטק אגשח בעמ - סאסא MB,,,"י""ח",500,"ל  מ""ל",false,1,24.90,4.98,false,1,
7290017641096,false,"שוקולד פרימיום 70% לל""ס 100גר בד""ץ",כרמית תעשיות ממתקים בעמ,,,"י""ח",100,ל  גרם,false,1,8.90,8.90,true,1,
7290017641379,false,שוקולד חלב 85ג חמישייה,כרמית תעשיות ממתקים בעמ,,,"י""ח",85,ל  גרם,false,1,16.90,19.88,true,1,
7290017641676,false,מאגדת שוקולד מריר אגוזים  3יח *85ג,כרמית תעשיות ממתקים בעמ,,,"י""ח",255,ל  גרם,false,1,12.90,5.06,false,1,
7290017641737,false,שוקולד מריר %70שברי אגוז  100ג,כרמית תעשיות ממתקים בעמ,,,"י""ח",85,ל  גרם,false,1,7.90,9.29,true,1,
7290017647425,false,יין גמלא קברנה סוביניון,היכל היין שקד גולן בעמ,,,"י""ח",750,"ל  מ""ל",false,1,64.90,8.61,true,1,
7290017647470,false,"יין הר חרמון מג נטה 750 מ""ל",היכל היין שקד גולן בעמ,,,"י""ח",750,"ל  מ""ל",false,1,31.90,4.21,true,1,
7290017647852,false,"יין ירדן מרלו 2018 750מ""ל",היכל היין שקד גולן בעמ,,,"י""ח",750,"ל  מ""ל",false,1,99.90,13.28,false,1,
7290017677804,false,"רוטב סויה קיקומן 444מ""ל",דיפלומט מפיצים (1968) בעמ**,,,"י""ח",444,"ל  מ""ל",false,1,19.90,4.48,false,1,
7290017682556,false,שיפודים עבים במיוחד,מ.א.ייצור ויבוא מטליות בעמ,,,"י""ח",1,,false,1,3.90,3.90,false,1,
7290017687117,false,"צלחות פלסטיק עבות במיוחד 1ק""ג",שפע טוב סנטר בעמ,,,"י""ח",66,"י""ח",false,1,37.90,0.57,false,1,
7290017687315,false,גביעי איחסון עבים במיוחד1 ליטר 10 יח`,שפע טוב סנטר בעמ,,,"י""ח",10,"י""ח",false,1,12.90,1.29,false,1,
7290017724003,false,גריסיני 250ג,הלל בן הלל שיווק ומסחר בעמ,,,"י""ח",200,ל  גרם,false,1,23.90,11.95,false,1,
7290017724034,false,עוגיות סנדוויץ ריבה 250ג,הלל בן הלל שיווק ומסחר בעמ,,,"י""ח",250,ל  גרם,false,1,23.90,9.56,false,1,
7290017724041,false,עוגיות תותי פרוטי 250ג,הלל בן הלל שיווק ומסחר בעמ,,,"י""ח",250,ל  גרם,false,1,23.90,9.56,false,1,
7290017724058,false,מעדן תמר אגוז 250ג,הלל בן הלל שיווק ומסחר בעמ,,,"י""ח",250,ל  גרם,false,1,23.90,9.56,false,1,
7290017724089,false,עוגיות אקרל פרמיום,הלל בן הלל שיווק ומסחר בעמ,,,"י""ח",400,ל  גרם,false,1,23.90,5.98,false,1,
7290017724102,false,סיגרים תמרים 250ג,הלל בן הלל שיווק ומסחר בעמ,,,"י""ח",250,ל  גרם,false,1,23.90,9.56,false,1,
7290017724119,false,אוזניים  250ג,הלל בן הלל שיווק ומסחר בעמ,,,"י""ח",200,ל  גרם,false,1,23.90,11.95,false,1,
7290017724140,false,שושנים 200ג,הלל בן הלל שיווק ומסחר בעמ,,,"י""ח",200,ל  גרם,false,1,23.90,11.95,false,1,
7290017724270,false,אשכול בריאות  ללא סוכר 200ג,הלל בן הלל שיווק ומסחר בעמ,,,"י""ח",200,ל  גרם,false,1,23.90,11.95,false,1,
7290017812571,false,תירוש אדום 1 ליטר כרמל.,אגודת הכורמים,,,"י""ח",1,ליטר,false,1,19.90,19.90,false,1,
7290017812656,false,"מיץ ענבים טבעי מבעבע אדום 750מ""ל",אגודת הכורמים,,,"י""ח",750,"ל  מ""ל",false,1,19.90,2.61,false,1,
7290017812847,false,סלקטד פרנץ גוורצטרמינר 0.75,אגודת הכורמים,,,"י""ח",750,"ל  מ""ל",false,1,29.90,3.95,true,1,
7290017812861,false,VINO לבן יבש כרמל 750,אגודת הכורמים,,,"י""ח",750,"ל  מ""ל",false,1,21,2.76,true,1,
7290017812878,false,"יין אקסלנס רוזה  750מ""",אגודת הכורמים,,,"י""ח",750,"ל  מ""ל",false,1,24.90,3.28,false,1,
7290017841250,false,נוזל חלונות 1ליטר שווה,ח.כהן סוכנות מזון ומשקאות בע,,,"י""ח",1,ליטר,false,1,6.90,6.90,false,1,
7290017841502,false,נרות שבת ארוך 72  שווה,ח.כהן סוכנות מזון ומשקאות בע,,,"י""ח",1,"י""ח",false,1,28.90,28.90,false,1,
7290017841540,false,תבניות נייר איגליש מעוטרת 3יח שווה,ח.כהן סוכנות מזון ומשקאות בע,,,"י""ח",3,"י""ח",false,1,7.90,2.63,true,1,
7290017841557,false,תבניות נייר מלבניות מעוטרת 3יח שווה,ח.כהן סוכנות מזון ומשקאות בע,,,"י""ח",3,"י""ח",false,1,7.90,2.63,true,1,
7290017841571,false,תבניות נייר לחלה גדולה  4 שו,ח.כהן סוכנות מזון ומשקאות בע,,,"י""ח",4,"י""ח",false,1,9.90,2.48,false,1,
7290017841618,false,"קערה עגולה לסלט גדולה חושן  ""שווה""",ח.כהן סוכנות מזון ומשקאות בע,,,"י""ח",1,,false,1,12.90,12.90,false,1,
7290017841632,false,מטליות מיקרופייבר כליי 10יח נשלפות,ח.כהן סוכנות מזון ומשקאות בע,,,"י""ח",10,"י""ח",false,1,16.90,1.69,true,1,
7290017841649,false,מארז מטליות מיקרופייבר ניקוי כללי/רצפה,ח.כהן סוכנות מזון ומשקאות בע,,,"י""ח",10,"י""ח",false,1,24.90,2.49,false,1,
7290017841656,false,מטליות מיקרופייבר  מקצועי *2 50/80 שוו,ח.כהן סוכנות מזון ומשקאות בע,,,"י""ח",2,"י""ח",false,1,17.90,8.95,false,1,
7290017841762,false,"חומץ תפוחי עץ  500מ""ל 5% שווה",ח.כהן סוכנות מזון ומשקאות בע,,,"י""ח",500,"ל  מ""ל",false,1,11.90,2.38,false,1,
7290017841885,false,דלי מגבונים ניקוי כללי 400יח שווה.,ח.כהן סוכנות מזון ומשקאות בע,,,"י""ח",400,"י""ח",false,1,19.90,0.05,true,1,
7290017842127,false,ניירות סנדוויץ מאוירות שווה,ח.כהן סוכנות מזון ומשקאות בע,,,"י""ח",100,"י""ח",false,1,9.90,0.10,false,1,
7290017842158,false,נייר אפייה  איכותי 40יח שווה,ח.כהן סוכנות מזון ומשקאות בע,,,"י""ח",1,"י""ח",false,1,9.90,9.90,true,1,
7290017842202,false,נייר טישו כיס מארז 10 יח` שווה,ח.כהן סוכנות מזון ומשקאות בע,,,"י""ח",1,,false,1,6.90,6.90,true,1,
7290017842226,false,פילה סרדין 125 ג בשמן צמחי ללא עור,ח.כהן סוכנות מזון ומשקאות בע,,,"י""ח",125,"ל  מ""ל",false,1,5.90,4.72,true,1,
7290017842233,false,מקרל בשמן צמחי 125 גרם שווה,ח.כהן סוכנות מזון ומשקאות בע,,,"י""ח",125,"ל  מ""ל",false,1,4.90,3.92,true,1,
7290017842240,false,אנשובי ארוך בפח בשמן זית שווה,ח.כהן סוכנות מזון ומשקאות בע,,,"י""ח",77,ל  גרם,false,1,6.90,8.96,false,1,
7290017842257,false,אנשובי ארוך בפח פלפל צילי שווה,ח.כהן סוכנות מזון ומשקאות בע,,,"י""ח",1,,false,1,5.90,5.90,false,1,
7290017842318,false,מטליות מיקרופייבר לרצפה,ח.כהן סוכנות מזון ומשקאות בע,,,"י""ח",2,"י""ח",false,1,15.90,7.95,false,1,
7290017842332,false,פירורי לחם מוזהב 200 גרם שווה.,ח.כהן סוכנות מזון ומשקאות בע,,,"י""ח",200,"ל  מ""ל",false,1,3.90,1.95,false,1,
7290017842448,false,אננס שלם 227ג  שווה,ח.כהן סוכנות מזון ומשקאות בע,,,"י""ח",227,ל  גרם,false,1,4.90,2.16,false,1,
7290017842554,false,חמאת בוטנים קראנץ 510גר קלאסית שווה,ח.כהן סוכנות מזון ומשקאות בע,,,"י""ח",510,ל  גרם,false,1,10.90,2.14,true,1,
7290017842615,false,צלחות קטנות מתכלות  שווה,ח.כהן סוכנות מזון ומשקאות בע,,,"י""ח",1,,false,1,15.90,15.90,false,1,
7290017842752,false,צלחת  גדולה חושן 20יח שווה,ח.כהן סוכנות מזון ומשקאות בע,,,"י""ח",20,"י""ח",false,1,13.90,0.70,false,1,
7290017842769,false,צלחת ענקית חושן 20יח שווה,ח.כהן סוכנות מזון ומשקאות בע,,,"י""ח",20,"י""ח",false,1,18.90,0.95,false,1,
7290017842783,false,קערית אובלית חושן 20יח שווה,ח.כהן סוכנות מזון ומשקאות בע,,,"י""ח",20,"י""ח",false,1,8.90,0.45,false,1,
7290017845029,false,פטריות צמד משפחתי,ביכורי השדה צפון 1994 ג.ד. בעמ,,,"י""ח",1,,false,1,18.90,18.90,false,1,
7290017845043,false,פטריות זוגות חצי חצי,ביכורי השדה צפון 1994 ג.ד. בעמ,,,"י""ח",1,,false,1,18.90,18.90,false,1,
7290017845203,false,פטריות שמפיניון בודד,ביכורי השדה צפון 1994 ג.ד. בעמ,,,"י""ח",1,,false,1,10.90,10.90,true,1,
7290017864471,false,עלי בייבי250ג,ביכורי השדה צפון 1994 ג.ד. בעמ,,,"י""ח",250,ל  גרם,false,1,14.90,5.96,false,1,
7290017864594,false,שיני שום מובחרות,ביכורי השדה צפון 1994 ג.ד. בעמ,,,"י""ח",1,,false,1,14.90,14.90,false,1,
7290017871950,false,נ.טואלט לח לוונדר שלישייה פרשוואנס,דנשר (1963) בעמ,,,"י""ח",1,,false,1,13.90,13.90,false,1,
7290017872162,false,עוגיות אגוזי לוז 200 גרם טוסו,דנשר (1963) בעמ,,,"י""ח",200,ל  גרם,false,1,14.90,7.45,false,1,
7290017872179,false,עוגיות טחינה 200 גרם טוסו,דנשר (1963) בעמ,,,"י""ח",200,ל  גרם,false,1,14.90,7.45,false,1,
7290017872186,false,עוגיות פאקן 200 גרם טוסו,דנשר (1963) בעמ,,,"י""ח",200,ל  גרם,false,1,14.90,7.45,false,1,
7290017872650,false,סבון ידיים מ.בשמן לבנדר 500מ``ל פמלי,דנשר (1963) בעמ,,,"י""ח",500,"ל  מ""ל",false,1,9.90,1.98,false,1,
7290017872667,false,סבון ידיים מ.בשמן קמומיל 500מ``ל פמלי,דנשר (1963) בעמ,,,"י""ח",500,"ל  מ""ל",false,1,9.90,1.98,false,1,
7290017872933,false,מגע הדבש רצועות שעווה BIO לגוף מגבוני שמ,דנשר (1963) בעמ,,,"י""ח",1,"י""ח",false,1,29.90,29.90,false,1,
7290017872957,false,אדג` מכשיר גילוח רב פעמי ידית+3סכינים,דנשר (1963) בעמ,,,"י""ח",92,ל  גרם,false,1,66.90,72.72,true,1,
7290017873008,false,גלילונית שקיות להקפאה 275יח,דנשר (1963) בעמ,,,"י""ח",275,"י""ח",false,1,11.90,0.04,false,1,
7290017873015,false,גלילונית גופיה  עם ידיות 30יח,דנשר (1963) בעמ,,,"י""ח",30,"י""ח",false,1,14.90,0.50,false,1,
7290017873039,false,גלילונית שקיות אוכל זוגות 320יח,דנשר (1963) בעמ,,,"י""ח",320,"י""ח",false,1,11.90,0.04,false,1,
7290017888101,false,"שוופס מוגז עדין 330מ""ל 1/4 אפרסק",יפאורה שותפות מוגבלת לשיווק,,,"י""ח",1.50,ליטר,false,1,13.20,8,true,1,
7290017888644,false,"פרוט ווג אננס בננה כורכום 350מ""ל",יפאורה שותפות מוגבלת לשיווק,,,"י""ח",350,"ל  מ""ל",false,1,7.50,2.06,true,1,
7290017888729,false,סודה שוופס 1ל,יפאורה שותפות מוגבלת לשיווק,,,"י""ח",1,ליטר,false,1,4.50,4.50,true,1,
7290017888972,false,מי עדן 1ל פקק ספורט בודד,יפאורה שותפות מוגבלת לשיווק,,,"י""ח",1,ליטר,false,1,3.90,3.90,false,1,
7290017925554,false,"בירה באדוויזר 5יח בירה עם כוס 330מ""ל",הכרם משקאות חריפים בעמ,,,"י""ח",1.65,ליטר,false,1,24.90,14.18,true,1,
7290017928036,false,מאיר בייגל מקלות גריסיני שומשום 175גר,דנשר (1963) בעמ,,,"י""ח",175,ל  גרם,false,1,11.90,6.80,true,1,
7290017928043,false,מאיר בייגל מקלות גריסיני קראנץ מלח 175,דנשר (1963) בעמ,,,"י""ח",175,ל  גרם,false,1,11.90,6.80,true,1,
7290017928128,false,מאיר בייגל מקלות מלח 400גר,דנשר (1963) בעמ,,,"י""ח",400,ל  גרם,false,1,10.90,2.73,true,1,
7290017928432,false,מאיר בייגל מקלות גריסיני קראנץ פרג 175,דנשר (1963) בעמ,,,"י""ח",175,ל  גרם,false,1,11.90,6.80,true,1,
7290017928821,false,מאיר בייגל מקלות גריסיני קלאסי 200גר,דנשר (1963) בעמ,,,"י""ח",200,ל  גרם,false,1,11.90,5.95,true,1,
7290017938226,false,ממרח לימון כבוש 200ג גורמה,סלטי שמיר2006בעמ,,,"י""ח",200,ל  גרם,false,1,14.90,7.45,false,1,
7290017946184,false,סוד 40 קפסולות גל לכביסה,גורי שיווק בעמ,,,"י""ח",40,"י""ח",false,1,35.90,0.90,false,1,
7290017946474,false,"הוואי ת. רחצה סודות פולינזיה  700 מ""ל",הנקל סוד בעמ,,,"י""ח",700,"ל  מ""ל",false,1,10.90,1.56,false,1,
7290017947105,false,לחם אנגיל בסגנון אמריקה 500גר,שלמה א.אנג ל בעמ,,,"י""ח",500,ל  גרם,false,1,13.90,2.78,false,1,
7290017947495,false,לחמניות כוסמין שישייה,שלמה א.אנג ל בעמ,,,"י""ח",450,ל  גרם,false,1,14.90,3.31,false,1,
7290017947891,false,לחם אנגיל כוסמין וחיטה מלאה 750גר,שלמה א.אנג ל בעמ,,,"י""ח",750,ל  גרם,false,1,15.90,2.12,false,1,
7290017947921,false,לחמניות  להמבורגר 450גר.,שלמה א.אנג ל בעמ,,,"י""ח",450,ל  גרם,false,1,12.90,2.87,false,1,
7290017947938,false,מארז 8 מיני לחמניות המבורגר אמריקה,שלמה א.אנג ל בעמ,,,"י""ח",400,ל  גרם,false,1,13.90,3.48,false,1,
7290017969350,false,פתיל צף,צבע ומכחול (2014) בעמ,,,"י""ח",1,,false,1,6.90,6.90,false,1,
7290018043189,false,חטיף חלבון טעם קשיו קרמל 60ג,דיפלומט מפיצים (1968) בעמ**,,,"י""ח",60,ל  גרם,false,1,13.90,23.17,false,1,
7290018043196,false,חטיף חלבון טעם שוקולד לבן עוגיות 60ג,דיפלומט מפיצים (1968) בעמ**,,,"י""ח",60,ל  גרם,false,1,13.90,23.17,false,1,
7290018043295,false,חטיף חלבון טעם ונילה קראנץ 60ג,דיפלומט מפיצים (1968) בעמ**,,,"י""ח",60,ל  גרם,false,1,13.90,23.17,false,1,
7290018071205,false,כפפות ניטרו -Vכחולות ללא אבקה EASY TOUCH,אינטרסן (1996) בעמ,,,"י""ח",100,"י""ח",false,1,21.90,0.22,true,1,
7290018071212,false,כפפות ניטרו -Vכחולות ללא אבקה M EASY TOU,אינטרסן (1996) בעמ,,,"י""ח",100,"י""ח",false,1,21.90,0.22,true,1,
7290018071533,false,נר נשמה בכוס 48 שעות,אינטרסן (1996) בעמ,,,"י""ח",1,,false,1,4.90,4.90,false,1,
7290018091029,false,"מקלות פילו תפו""א  450ג קפוא",תנובה בשר,,,"י""ח",450,ל  גרם,false,1,17.90,3.98,false,1,
7290018091074,false,בצק עוגיות שוקולד ציפס 300ג,תנובה בשר,,,"י""ח",300,ל  גרם,false,1,14.90,4.97,false,1,
7290018091265,false,פיצה נפוליטנה 330ג מעדנות,תנובה בשר,,,"י""ח",330,ל  גרם,false,1,19.90,6.03,false,1,
7290018091272,false,בצק עוגיות קקאו טריפל שוקולד 300ג,תנובה בשר,,,"י""ח",300,ל  גרם,false,1,16.90,5.63,false,1,
7290018091616,false,מקלות פילו גבינה 450ג קפוא,תנובה בשר,,,"י""ח",450,ל  גרם,false,1,17.90,3.98,false,1,
7290018091661,false,פיצה ירקות שוק  380ג מעדנות,תנובה בשר,,,"י""ח",380,ל  גרם,false,1,19.90,5.24,false,1,
7290018091838,false,חטיפי פילאס גבינה מעדנות 600ג,תנובה בשר,,,"י""ח",600,ל  גרם,false,1,23.90,3.98,false,1,
7290018098486,false,פיצה מרגריטה Beef free 350גר,גורי מוצרי צריכה בעמ,,,"י""ח",350,ל  גרם,false,1,21.90,6.26,true,1,
7290018131053,false,מאגדת קרחונים לימון אננס וולנס,נגה גלידות,,,"י""ח",1,,false,1,22.90,22.90,false,1,
7290018132388,false,"מטרנה גולד שלב 2 700גר בד""ץ",קבוצת אוסם סחר-שות.מוגבלת,,,"י""ח",700,ל  גרם,false,1,74.90,10.70,true,1,
7290018132425,false,"מטרנה גולד שלב 3 700גר בד""ץ",קבוצת אוסם סחר-שות.מוגבלת,,,"י""ח",700,ל  גרם,false,1,74.90,10.70,true,1,
7290018156094,false,"סרקל אקטיב מרכך 450מ""ל",פישר תעשיות פרמבצטיות בעמ,,,"י""ח",450,"ל  מ""ל",false,1,34.90,7.76,true,1,
7290018156124,false,"אל סבון שלישייה קמיל בלו ד""ר פישר צבעו",פישר תעשיות פרמבצטיות בעמ,,,"י""ח",3,"י""ח",false,1,19.90,6.63,false,1,
7290018192658,false,פטריות  צמד איטלקי,ביכורי השדה צפון 1994 ג.ד. בעמ,,,"י""ח",1,,false,1,19.90,19.90,false,1,
7290018194201,false,"סודה ספארק 250מ""ל לימון בודד",בני פאוזי שמשום (2009) בעמ,,,"י""ח",250,"ל  מ""ל",false,1,2.90,1.04,true,1,
7290018194218,false,"סודה ספארק 250מ""ל נענע ליים בודד",בני פאוזי שמשום (2009) בעמ,,,"י""ח",250,"ל  מ""ל",false,1,2.90,1.04,true,1,
7290018194225,false,"סודה ספארק 250מ""ל בודד",בני פאוזי שמשום (2009) בעמ,,,"י""ח",250,"ל  מ""ל",false,1,2.90,1.04,true,1,
7290018194317,false,"משקה מוגז פליי בטעם לימון 250מ""ל",בני פאוזי שמשום (2009) בעמ,,,"י""ח",250,"ל  מ""ל",false,1,3.90,1.44,true,1,
7290018194355,false,"משקה מוגז פליי בטעם אננס 250מ""ל",בני פאוזי שמשום (2009) בעמ,,,"י""ח",250,"ל  מ""ל",false,1,3.90,1.44,true,1,
7290018194379,false,"משקה מוגז פליי בטעם תות 250מ""ל",בני פאוזי שמשום (2009) בעמ,,,"י""ח",250,"ל  מ""ל",false,1,3.90,1.44,true,1,
7290018198056,false,"תפוגן קוביות תפוחי אדמה  1.5ק""ג",קבוצת אוסם סחר-שות.מוגבלת,,,"י""ח",1.50,"ק""ג",false,1,24.90,16.60,false,1,
7290018198209,false,תפוגן צ`יפס בטטה קראנצי 500גר,קבוצת אוסם סחר-שות.מוגבלת,,,"י""ח",500,ל  גרם,false,1,21.90,4.38,false,1,
7290018198254,false,"תפוגן קריספי צ`יפס פוטטוס 1.25ק""ג",קבוצת אוסם סחר-שות.מוגבלת,,,"י""ח",1.50,"ק""ג",false,1,27.90,18.60,false,1,
7290018198384,false,"תפוגן צ`יפס קריספי פרוסות לתנור 1.25ק""ג",קבוצת אוסם סחר-שות.מוגבלת,,,"י""ח",1.25,"ק""ג",false,1,27.90,22.32,false,1,
7290018208472,false,"תמר מג`הול 1ק""ג מחנה יהודה.",א.מ. עישבי תיבול תקומה בעמ,,,"י""ח",1,"ק""ג",false,1,19.90,19.90,true,1,
7290018208489,false,תמר מג`הול 800גר פרימים מחנה יהודה,א.מ. עישבי תיבול תקומה בעמ,,,"י""ח",800,ל  גרם,false,1,24.90,3.11,true,1,
7290018208496,false,תמר מג`הול 650גר סופר פרימים מחנה יהוד,א.מ. עישבי תיבול תקומה בעמ,,,"י""ח",650,ל  גרם,false,1,24.90,3.83,true,1,
7290018213407,false,מיקרופייבר חמישייה לניקוי כללי,מ.א.ייצור ויבוא מטליות בעמ,,,"י""ח",1,,false,1,8.90,8.90,false,1,
7290018237281,false,עוף טוב נקניק סלמי ירדן 550גר,קבוצת אוסם סחר-שות.מוגבלת,,,"י""ח",550,ל  גרם,false,1,25.90,4.71,true,1,
7290018237373,false,עוף טוב פסטרמה צרובה על הגריל  300גרם,קבוצת אוסם סחר-שות.מוגבלת,,,"י""ח",300,ל  גרם,false,1,25.90,8.63,true,1,
7290018237397,false,עוף טוב פסטרמה מקורמלת נתח שלם 300גרם,קבוצת אוסם סחר-שות.מוגבלת,,,"י""ח",300,ל  גרם,false,1,25.90,8.63,true,1,
7290018237489,false,עוף טוב דק דק פסטרמה ברביקיו 220גר.,קבוצת אוסם סחר-שות.מוגבלת,,,"י""ח",220,ל  גרם,false,1,21.90,9.95,false,1,
7290018237496,false,עוף טוב דק דק פסטרמה דבש 220גר.,קבוצת אוסם סחר-שות.מוגבלת,,,"י""ח",220,ל  גרם,false,1,21.90,9.95,true,1,
7290018237922,false,שניצלונים ציפוי צ`יפס ]עוף  טוב[,קבוצת אוסם סחר-שות.מוגבלת,,,"י""ח",700,ל  גרם,false,1,14.90,2.13,false,1,
7290018237939,false,שניצלונים]עוף  טוב[.,קבוצת אוסם סחר-שות.מוגבלת,,,"י""ח",700,ל  גרם,false,1,14.90,2.13,false,1,
7290018237960,false,עוף טוב כתף בקר עסיסי 265 גרם,קבוצת אוסם סחר-שות.מוגבלת,,,"י""ח",265,ל  גרם,false,1,29.90,11.28,true,1,
7290018237984,false,עוף טוב סלמי פפרוני פיקנטי 320 גרם,קבוצת אוסם סחר-שות.מוגבלת,,,"י""ח",320,ל  גרם,false,1,29.90,9.34,true,1,
7290018333945,false,חטיף אגוזים רפאלס שקד ווניל 150ג,כרמית תעשיות ממתקים בעמ,,,"י""ח",150,ל  גרם,false,1,15.90,10.60,false,1,
7290018333952,false,חטיף אגוזים רפאלס וחמוציות  150ג,כרמית תעשיות ממתקים בעמ,,,"י""ח",150,ל  גרם,false,1,15.90,10.60,false,1,
7290018333969,false,חטיף אגוזים רפאלס שקדים וטחינה  150ג,כרמית תעשיות ממתקים בעמ,,,"י""ח",150,ל  גרם,false,1,15.90,10.60,false,1,
7290018343296,false,"אלכוג ל H 100מ""ל",פישר תעשיות פרמבצטיות בעמ,,,"י""ח",100,"ל  מ""ל",false,1,14.90,14.90,false,1,
7290018343357,false,מרכך משקם S&R לאחר החלקה או עיצוב בחום,פישר תעשיות פרמבצטיות בעמ,,,"י""ח",400,"ל  מ""ל",false,1,39.90,9.98,true,1,
7290018343463,false,"אלכוג`ל פורטה 200מ""ל ד""ר פישר.",פישר תעשיות פרמבצטיות בעמ,,,"י""ח",200,"ל  מ""ל",false,1,19.90,9.95,false,1,
7290018359495,false,תירס מהשדה ללא תוספת סוכר 550ג יכין,זנלכל בעמ,,,"י""ח",550,ל  גרם,false,1,9.90,1.80,false,1,
7290018359518,false,תירס מהשדה ללא תוספת סוכר 3*200ג יכין,זנלכל בעמ,,,"י""ח",600,ל  גרם,false,1,14.90,2.48,false,1,
7290018359556,false,תירס מהשדה ללא תוספת סוכר 400ג יכין,זנלכל בעמ,,,"י""ח",400,ל  גרם,false,1,6.90,1.73,false,1,
7290018359570,false,שעועית צ`ילי הקטניה הטובה יכין 3*200גר.,זנלכל בעמ,,,"י""ח",600,ל  גרם,false,1,12.90,2.15,true,1,
7290018359587,false,חומוס הקטניה הטובה יכין 3*200גר.,זנלכל בעמ,,,"י""ח",600,ל  גרם,false,1,12.90,2.15,true,1,
7290018359679,false,שעועית לימה יכין 550ג,זנלכל בעמ,,,"י""ח",520,ל  גרם,false,1,9.90,1.90,false,1,
7290018359686,false,~חומוס ענק יכין 550ג,זנלכל בעמ,,,"י""ח",520,ל  גרם,false,1,9.90,1.90,false,1,
7290018359884,false,פולפה ליקופן טבעית 2*400גר יכין A1.,זנלכל בעמ,,,"י""ח",800,ל  גרם,false,1,16.90,2.11,true,1,
7290018359938,false,רוטב עגבניות לשקשוקה יכין 400גר,זנלכל בעמ,,,"י""ח",400,ל  גרם,false,1,10.90,2.73,false,1,
7290018440209,false,פליפז בייגלה מצופה פאדג לבן 140ג,תה ויסוצקי (ישראל)בעמ,,,"י""ח",140,ל  גרם,false,1,8.90,6.36,true,1,
7290018440230,false,חווית צאי ורדים  25יח,תה ויסוצקי (ישראל)בעמ,,,"י""ח",25,"י""ח",false,1,19.90,0.80,true,1,
7290018440254,false,חווית צאי קרמל מלוח  25יח,תה ויסוצקי (ישראל)בעמ,,,"י""ח",25,"י""ח",false,1,19.90,0.80,true,1,
7290018440407,false,תה ירוק מאטה קקאו לוז 25יח,תה ויסוצקי (ישראל)בעמ,,,"י""ח",25,"י""ח",false,1,24.90,1,true,1,
7290018440438,false,טונה בשמן זית שלישיה *65גרם,תה ויסוצקי (ישראל)בעמ,,,"י""ח",195,ל  גרם,false,1,25.90,13.28,true,1,
7290018440483,false,פליפז בייגלה מצופה קרמל מלוח 140ג,תה ויסוצקי (ישראל)בעמ,,,"י""ח",140,ל  גרם,false,1,8.90,6.36,true,1,
7290018440513,false,סלט קליפורניה עם טונה  150ג,תה ויסוצקי (ישראל)בעמ,,,"י""ח",150,ל  גרם,false,1,13.90,9.27,true,1,
7290018443040,false,נבטים סיניים שמיטה,ביכורי השדה צפון 1994 ג.ד. בעמ,,,"י""ח",1,,false,1,7.90,7.90,false,1,
7290018443064,false,נבטים אלפלפא שמיטה,ביכורי השדה צפון 1994 ג.ד. בעמ,,,"י""ח",1,,false,1,7.90,7.90,false,1,
7290018443347,false,שמיר מהדרין שמיטה,ביכורי השדה צפון 1994 ג.ד. בעמ,,,"י""ח",1,,false,1,6.90,6.90,true,1,
7290018443385,false,חסה מהדרין שמיטה,ביכורי השדה צפון 1994 ג.ד. בעמ,,,"י""ח",1,,false,1,6.90,6.90,true,1,
7290018443712,false,כרובית ארוזה,ביכורי השדה צפון 1994 ג.ד. בעמ,,,"י""ח",1,"י""ח",false,1,10.90,10.90,false,1,
7290018443828,false,צמד חסה אייסברג,ביכורי השדה צפון 1994 ג.ד. בעמ,,,"י""ח",150,ל  גרם,false,1,10.90,7.27,false,1,
7290018468401,false,פסטרמה צמחונית טעם גריל 120ג.,תנובה בשר,,,"י""ח",120,ל  גרם,false,1,18.90,15.75,false,1,
7290018471036,false,שוופס סודה לימון  0.5ל,יפאורה שותפות מוגבלת לשיווק,,,"י""ח",500,"ל  מ""ל",false,1,5.20,0.98,false,1,
7290018471180,false,פרוט  ווג`אננס תפוח גזר 1ליטר,יפאורה שותפות מוגבלת לשיווק,,,"י""ח",1,ליטר,false,1,12.90,12.90,false,1,
7290018471210,false,ספרינג נקטר אגס סברס תפוח 1ליטר קרטוני,יפאורה שותפות מוגבלת לשיווק,,,"י""ח",1,ליטר,false,1,6.90,6.90,true,1,
7290018471470,false,תפוזינה נקטר תפוז פסיפלורה 1ל קרטון,יפאורה שותפות מוגבלת לשיווק,,,"י""ח",1,ליטר,false,1,8.10,8.10,false,1,
7290018471487,false,תפוזינה נקטר תפוז אננס 1ל קרטון,יפאורה שותפות מוגבלת לשיווק,,,"י""ח",1,ליטר,false,1,8.10,8.10,false,1,
7290018471494,false,תפוזינה נקטר תפוז גזר 1ל קרטון,יפאורה שותפות מוגבלת לשיווק,,,"י""ח",1,ליטר,false,1,8.10,8.10,false,1,
7290018471906,false,שוופס מוגז פירות לימונדה ורודה   1.5ל,יפאורה שותפות מוגבלת לשיווק,,,"י""ח",1.50,ליטר,false,1,8.80,5.67,true,1,
7290018471913,false,שוופס מוגז פירות תפוחים 1.5ל,יפאורה שותפות מוגבלת לשיווק,,,"י""ח",1.50,ליטר,false,1,8.80,5.67,true,1,
7290018471920,false,שוופס מוגז פירות ענבים 1.5ל,יפאורה שותפות מוגבלת לשיווק,,,"י""ח",1.50,ליטר,false,1,8.80,5.67,true,1,
7290018471937,false,שוופס מוגז פירות תות ליים 1.5ל,יפאורה שותפות מוגבלת לשיווק,,,"י""ח",1.50,ליטר,false,1,8.80,5.67,true,1,
7290018471944,false,שוופס מוגז פירות לימונייד 1.5ל,יפאורה שותפות מוגבלת לשיווק,,,"י""ח",1.50,ליטר,false,1,8.80,5.67,true,1,
7290018471951,false,שוופס מוגז פירות אשכולית אדומה 1.5ל,יפאורה שותפות מוגבלת לשיווק,,,"י""ח",1.50,ליטר,false,1,8.80,5.67,true,1,
7290018493021,false,"אל סבון אקטיבי מדקס 500מ""ל ד""ר פישר",פישר תעשיות פרמבצטיות בעמ,,,"י""ח",500,"ל  מ""ל",false,1,17.90,3.58,true,1,
7290018493083,false,"אל סבון אקטיבי מדקס 1ליטר ד""ר פישר",פישר תעשיות פרמבצטיות בעמ,,,"י""ח",1,ליטר,false,1,26.90,26.90,true,1,
7290018493878,false,"סרקל שמפו 750 מ""ל משאבה",פישר תעשיות פרמבצטיות בעמ,,,"י""ח",750,"ל  מ""ל",false,1,19.90,2.65,false,1,
7290018500361,false,לחם אחיד פרוס אנג ל 900גרם  *,שלמה א.אנג ל בעמ,,,"י""ח",900,ל  גרם,false,1,8.53,0.95,false,1,
7290018516331,false,פרינוק מחית בננה וש.שועל  120ג,גורי מוצרי צריכה בעמ,,,"י""ח",120,ל  גרם,false,1,5.90,4.92,true,1,
7290018517215,false,רסק תפוחי עץ ללא תוספת סוכר 710גר,נאמן לאורך זמן בעמ,,,"י""ח",710,ל  גרם,false,1,10.90,1.54,false,1,
7290018517246,false,רוטב רימונים מרוכז 340גר,נאמן לאורך זמן בעמ,,,"י""ח",340,ל  גרם,false,1,9.90,2.91,false,1,
7290018517277,false,"שמן פשתן 250מ""ל 100% טבעי",נאמן לאורך זמן בעמ,,,"י""ח",250,"ל  מ""ל",false,1,27.90,11.16,false,1,
7290018517451,false,ריבת תות 45% פרי 450גר,נאמן לאורך זמן בעמ,,,"י""ח",450,ל  גרם,false,1,9.90,2.20,false,1,
7290018517468,false,ריבת דובדבן חמוץ 45% פרי 450גר,נאמן לאורך זמן בעמ,,,"י""ח",450,ל  גרם,false,1,9.90,2.20,false,1,
7290018517475,false,ריבת משמש 45% פרי 450גר,נאמן לאורך זמן בעמ,,,"י""ח",450,ל  גרם,false,1,9.90,2.20,false,1,
7290018517772,false,אריסה טוניסאית חריפה 350גר,נאמן לאורך זמן בעמ,,,"י""ח",350,ל  גרם,false,1,19.90,5.69,false,1,
7290018540817,false,לחם מחמצת כוסמין 500גרם ארטיזנל,שלמה א.אנג ל בעמ,,,"י""ח",500,ל  גרם,false,1,17.90,3.58,true,1,
7290018540824,false,לחם מחמצת כפרי 500גרם ארטיזנל,שלמה א.אנג ל בעמ,,,"י""ח",500,ל  גרם,false,1,17.90,3.58,true,1,
7290018540831,false,לחם מחמצת חיטה מלאה 500גרם ארטיזנל,שלמה א.אנג ל בעמ,,,"י""ח",500,ל  גרם,false,1,17.90,3.58,true,1,
7290018556696,false,"ריש ארק טעם לימון 750מ""ל",ציון תורגמן בעמ,,,"י""ח",750,"ל  מ""ל",false,1,44.90,5.95,false,1,
7290018564608,false,בזיליקום קצוץ צנצנת 200ג שף הטבע,קפוא זן תעשיות מזון בעמ,,,"י""ח",200,ל  גרם,false,1,16.90,8.45,false,1,
7290018564622,false,שום כתוש שף הטבע.,קפוא זן תעשיות מזון בעמ,,,"י""ח",1,"י""ח",false,1,12.90,12.90,false,1,
7290018571064,false,מקלוני טופי 450ג,מיה תעשיות מזון מ.ת.מ בעמ,,,"י""ח",450,ל  גרם,false,1,15.90,3.53,true,1,
7290018571088,false,טופי חמוצמוץ 600ג,מיה תעשיות מזון מ.ת.מ בעמ,,,"י""ח",600,ל  גרם,false,1,15.90,2.65,true,1,
7290018571095,false,טופי ממולא בטעמי פירות 600ג,מיה תעשיות מזון מ.ת.מ בעמ,,,"י""ח",600,ל  גרם,false,1,15.90,2.65,true,1,
7290018571408,false,לקקנים בטעם תותי פרוטי   220ג,מיה תעשיות מזון מ.ת.מ בעמ,,,"י""ח",200,ל  גרם,false,1,9.20,4.60,true,1,
7290018571422,false,לקקנים מולטיקולור מיקס 65יח,מיה תעשיות מזון מ.ת.מ בעמ,,,"י""ח",65,"י""ח",false,1,18.90,0.29,true,1,
7290018571606,false,תערובת ראס אל חנות,מיה תעשיות מזון מ.ת.מ בעמ,,,"י""ח",100,ל  גרם,false,1,7.90,7.90,false,1,
7290018571682,false,גריל עוף 300גר,מיה תעשיות מזון מ.ת.מ בעמ,,,"י""ח",300,ל  גרם,false,1,19.90,6.63,false,1,
7290018571712,false,"אורז בסגנון פרסי 1 ק""ג",מיה תעשיות מזון מ.ת.מ בעמ,,,"י""ח",1,"ק""ג",false,1,9.90,9.90,true,1,
7290018571729,false,"אורז ריזוטו עגול 1 ק""ג",מיה תעשיות מזון מ.ת.מ בעמ,,,"י""ח",1,"ק""ג",false,1,8.90,8.90,false,1,
7290018571750,false,"סילאן טבעי  900גרם בד""ץ העדה חרדית",מיה תעשיות מזון מ.ת.מ בעמ,,,"י""ח",900,ל  גרם,false,1,21.90,2.43,false,1,
7290018571798,false,ג`לי שמחות 2 צבעים 540גר,מיה תעשיות מזון מ.ת.מ בעמ,,,"י""ח",540,ל  גרם,false,1,19.90,3.69,true,1,
7290018626283,false,פיצה מרגריטה 350ג.,***אדום גרופ למזון שיווק***,,,"י""ח",350,ל  גרם,false,1,10.90,3.11,false,1,
7290018626306,false,פיצה מרגריטה פטריות 400ג,***אדום גרופ למזון שיווק***,,,"י""ח",400,ל  גרם,false,1,10.90,2.73,false,1,
7290018652039,false,לה קרמריה קרמל מלוח ונוגט  1.4 ליטר,נגה גלידות,,,"י""ח",1.40,ליטר,false,1,18.90,13.50,false,1,
7290018703311,false,חטיף עוגיות קראנץ 60ג,דיפלומט מפיצים (1968) בעמ**,,,"י""ח",60,ל  גרם,false,1,13.90,23.17,false,1,
7290018703496,false,חטיף בננה טופי קראנץ 60ג,דיפלומט מפיצים (1968) בעמ**,,,"י""ח",60,ל  גרם,false,1,13.90,23.17,false,1,
7290018708118,false,בארכה חלבה וניל פיסטוק ללא סוכר 350גר,קבוצת אוסם סחר-שות.מוגבלת,,,"י""ח",350,ל  גרם,false,1,14.90,4.26,false,1,
7290018710679,false,"צ`יפס קלאסי 2.5ק""ג מחפוד",***אדום גרופ למזון שיווק***,,,"י""ח",2.50,"ק""ג",false,1,32.90,13.16,false,1,
7290018732205,false,אוכמניות,ביכורי השדה צפון 1994 ג.ד. בעמ,,,"י""ח",1,,false,1,15.90,15.90,true,1,
7290018732809,false,אבוקדו בשל מארז.,ביכורי השדה צפון 1994 ג.ד. בעמ,,,"י""ח",1,"ק""ג",false,1,8.90,8.90,false,1,
7290018860991,false,אטריות ביצים רחבות  400ג,מזרח ומערב יבוא ושיווק,,,"י""ח",4,"ק""ג",false,1,9.90,2.48,true,1,
7290018878002,false,אגו מיקס קרקר מצופה שוקולג חלב 55ג,כרמית תעשיות ממתקים בעמ,,,"י""ח",55,ל  גרם,false,1,3.90,7.09,true,1,
7290018878088,false,שוקולד מריר ללא סוכר שלשות *85ג,כרמית תעשיות ממתקים בעמ,,,"י""ח",255,ל  גרם,false,1,15.90,6.24,false,1,
7290018878170,false,זוג שוקולד מריר 60% 100ג,כרמית תעשיות ממתקים בעמ,,,"י""ח",170,ל  גרם,false,1,10.90,6.41,false,1,
7290018879856,false,אריזת טופי שטוח ענבים ופטל 50יח 400ג,כרמית תעשיות ממתקים בעמ,,,"י""ח",402,ל  גרם,false,1,11.90,2.96,false,1,
7290018893005,false,חטיפי בייגלה אפוי דבש וחרדל 160ג.,ש.שסטוביץ בעמ,,,"י""ח",200,ל  גרם,false,1,6.90,3.45,false,1,
7290018893036,false,צוקטה ביסקוויט טעם שוקולד 176ג,ש.שסטוביץ בעמ,,,"י""ח",176,ל  גרם,false,1,6.90,3.92,false,1,
7290018893098,false,צ`וקטה ביסקוויט מצופה שוקולד חלב 100גר,ש.שסטוביץ בעמ,,,"י""ח",100,ל  גרם,false,1,9.90,9.90,true,1,
7290018893111,false,שוקולד מריר בלגי 70% צוקטה,ש.שסטוביץ בעמ,,,"י""ח",100,"ל  מ""ל",false,1,9.90,9.90,false,1,
7290018893258,false,צוקטה עוגות אישיות עשירייה קרמל,ש.שסטוביץ בעמ,,,"י""ח",300,ל  גרם,false,1,14.90,4.97,false,1,
7290018893272,false,בונבוניירה צ`וקטה צדפות בלגי 125גר,ש.שסטוביץ בעמ,,,"י""ח",125,ל  גרם,false,1,12.90,10.32,true,1,
7290018893319,false,שוקולד מריר בלגי 85% צוקטה,ש.שסטוביץ בעמ,,,"י""ח",100,"ל  מ""ל",false,1,9.90,9.90,false,1,
7290018893401,false,צוקטה שוקולד פרימיום 70% 100ג.,ש.שסטוביץ בעמ,,,"י""ח",100,ל  גרם,false,1,8.90,8.90,true,1,
7290018893418,false,צוקטה שוקולד מריר 60% 1/6,ש.שסטוביץ בעמ,,,"י""ח",600,ל  גרם,false,1,21.90,3.65,false,1,
7290018893425,false,ממרח צ`וקטה אגוזי לוז וחלב 700גרם,ש.שסטוביץ בעמ,,,"י""ח",385,ל  גרם,false,1,19.90,5.17,false,1,
7290018893456,false,צוקטה עוגות אישיות עשירייה.,ש.שסטוביץ בעמ,,,"י""ח",300,ל  גרם,false,1,14.90,4.97,false,1,
7290018893494,false,עלי וופל דקים בטעם חמאה 100גר,ש.שסטוביץ בעמ,,,"י""ח",100,ל  גרם,false,1,9.90,9.90,true,1,
7290018893616,false,"צוקטה שוקולד מריר 48% 1/6 כשל""פ",ש.שסטוביץ בעמ,,,"י""ח",600,ל  גרם,false,1,19.90,3.32,false,1,
7290018893654,false,חטיפי בייגלה שטוח מלח 200ג,ש.שסטוביץ בעמ,,,"י""ח",200,ל  גרם,false,1,6.90,3.45,false,1,
7290018893715,false,צ`וקטה בייגלה שטוח מצופה שוקולד 80ג,ש.שסטוביץ בעמ,,,"י""ח",200,ל  גרם,false,1,6.90,3.45,false,1,
7290018893753,false,צ`וקטה וופל חמאה בטעם לימון 100גר,ש.שסטוביץ בעמ,,,"י""ח",100,ל  גרם,false,1,9.90,9.90,true,1,
7290018893845,false,צוקטה פתי בר טעם חמאה 400ג,ש.שסטוביץ בעמ,,,"י""ח",400,ל  גרם,false,1,8.90,2.23,false,1,
7290018893852,false,חטיפי בייגלה דקיקים עם שומשום 200ג,ש.שסטוביץ בעמ,,,"י""ח",200,ל  גרם,false,1,6.90,3.45,false,1,
7290018893920,false,לוקיטוס סוכריות גלי טעם פירות 700ג.,ש.שסטוביץ בעמ,,,"י""ח",700,ל  גרם,false,1,19.90,2.84,false,1,
7290018893951,false,צ`וקטה וופל חמאה קינמון 100גר,ש.שסטוביץ בעמ,,,"י""ח",100,ל  גרם,false,1,9.90,9.90,true,1,
7290018894019,false,בלקוני עוגות מיקס מקס חלב 350גר,ש.שסטוביץ בעמ,,,"י""ח",350,ל  גרם,false,1,14.90,4.26,false,1,
7290018894200,false,בלקוני וופל קוביות וניל 250ג,ש.שסטוביץ בעמ,,,"י""ח",250,ל  גרם,false,1,11.90,4.76,true,1,
7290018894590,false,צוקטה מארז סביבון לחנוכה 225ג,ש.שסטוביץ בעמ,,,"י""ח",225,ל  גרם,false,1,16.90,7.51,true,1,
7290018894606,false,בלקוני וופל קקאו 175ג,ש.שסטוביץ בעמ,,,"י""ח",175,ל  גרם,false,1,7.90,4.51,true,1,
7290018894804,false,בלקוני וופל אגוזים 175ג,ש.שסטוביץ בעמ,,,"י""ח",175,ל  גרם,false,1,7.90,4.51,true,1,
7290018921029,false,מגבוני קמיל בלו רביעייה סנסיטיב.,פישר תעשיות פרמבצטיות בעמ,,,"י""ח",4,"י""ח",false,1,21.90,5.48,true,1,
7290018921067,false,אפקטיב קר תחליב רחצה מועשר בשמן 700מ,פישר תעשיות פרמבצטיות בעמ,,,"י""ח",700,"ל  מ""ל",false,1,16.90,2.41,true,1,
7290018921166,false,קמיל בלו אל סבון היגייני לניקוי יסודי,פישר תעשיות פרמבצטיות בעמ,,,"י""ח",1,ליטר,false,1,15.90,15.90,true,1,
7290018921265,false,אפקטיב קר תחליב רחצה מועשר בתמצית 700מ,פישר תעשיות פרמבצטיות בעמ,,,"י""ח",700,"ל  מ""ל",false,1,16.90,2.41,true,1,
7290018921456,false,"אפקטיב קר תחליב רחצה מועשר בשמן  700מ""",פישר תעשיות פרמבצטיות בעמ,,,"י""ח",700,"ל  מ""ל",false,1,16.90,2.41,true,1,
7290018921654,false,"אפקטיב קר תחליב רחצה מועשר בתמצית 700מ""",פישר תעשיות פרמבצטיות בעמ,,,"י""ח",700,"ל  מ""ל",false,1,16.90,2.41,true,1,
7290018921852,false,אפקטיב קר תחליב רחצה מועשר בשמן 700מ,פישר תעשיות פרמבצטיות בעמ,,,"י""ח",700,"ל  מ""ל",false,1,16.90,2.41,true,1,
7290018925065,false,פרימור מיץ תפוזים סחוט 2ל`,"שטראוס גרופ ***בע""מ",,,"י""ח",2,ליטר,false,1,26.90,13.30,true,1,
7290018925072,false,פרימור משקה קל לימונים ונענע 2ל`,"שטראוס גרופ ***בע""מ",,,"י""ח",2,ליטר,false,1,26.90,13.30,true,1,
7290018925089,false,פרימור תפוחים 100% צלול  2ל`,"שטראוס גרופ ***בע""מ",,,"י""ח",2,ליטר,false,1,26.90,13.30,true,1,
7290018989005,false,פולפה טבעית 3*400גר יכין A1.,זנלכל בעמ,,,"י""ח",800,ל  גרם,false,1,16.90,2.11,true,1,
7290018989128,false,סירופ בטעם ענבים יכין 1ליטר,זנלכל בעמ,,,"י""ח",1,ליטר,false,1,18.90,18.90,false,1,
7290018989135,false,סירופ בטעם פטל יכין 1ליטר,זנלכל בעמ,,,"י""ח",1,ליטר,false,1,18.90,18.90,false,1,
7290019014058,false,נוזל רצפות 2ל פלגי מים  טאץ,סאסאטק אגשח בעמ,,,"י""ח",2,ליטר,false,1,18.90,9.45,true,1,
7290019036005,false,גוואקמולי 200ג,א.ג בחירה חכמה בעמ,,,"י""ח",200,ל  גרם,false,1,9.90,4.95,false,1,
7290019036234,false,שיני שום קלופות 200גר.,ביכורי השדה צפון 1994 ג.ד. בעמ,,,"י""ח",1,,false,1,12.90,12.90,false,1,
7290019056027,false,שוופס מוגז פירות תפוחים ללא סוכר 1.5ל,יפאורה שותפות מוגבלת לשיווק,,,"י""ח",1.50,ליטר,false,1,7.90,5.07,true,1,
7290019056034,false,שוופס מוגז פירות אננס ללא סוכר 1.5ל,יפאורה שותפות מוגבלת לשיווק,,,"י""ח",1.50,ליטר,false,1,7.90,5.07,true,1,
7290019056058,false,שוופס מוגז עדין תפוח ליים 1.5ליטר,יפאורה שותפות מוגבלת לשיווק,,,"י""ח",1.50,ליטר,false,1,8.60,5.53,true,1,
7290019056065,false,שוופס מוגז עדין פירות יער 1.5ליטר,יפאורה שותפות מוגבלת לשיווק,,,"י""ח",1.50,ליטר,false,1,8.60,5.53,true,1,
7290019056072,false,שוופס מוגז עדין אננס 1.5ליטר,יפאורה שותפות מוגבלת לשיווק,,,"י""ח",1.50,ליטר,false,1,8.60,5.53,true,1,
7290019056089,false,שוופס מוגז עדין ענבי ריזלינג 1.5ליטר,יפאורה שותפות מוגבלת לשיווק,,,"י""ח",1.50,ליטר,false,1,8.60,5.53,true,1,
7290019056096,false,שוופס מוגז עדין אפרסק 1.5ליטר,יפאורה שותפות מוגבלת לשיווק,,,"י""ח",1.50,ליטר,false,1,8.60,5.53,true,1,
7290019056164,false,שוופס סודה רביעיה 1.5 ל,יפאורה שותפות מוגבלת לשיווק,,,"י""ח",6,ליטר,false,1,11.90,1.78,true,1,
7290019056171,false,שוופס סודה רביעיה 1.5 ל לימון,יפאורה שותפות מוגבלת לשיווק,,,"י""ח",6,ליטר,false,1,11.90,1.78,true,1,
7290019056188,false,שוופס סודה רביעיה 1.5 ל נענע ליים,יפאורה שותפות מוגבלת לשיווק,,,"י""ח",6,ליטר,false,1,11.90,1.78,true,1,
7290019056201,false,שוופס סודה רביעיה 1.5 ל פירות יער,יפאורה שותפות מוגבלת לשיווק,,,"י""ח",6,ליטר,false,1,11.90,1.78,true,1,
7290019056249,false,שוופס מים בטעמים ענבים 1.5 ליטר,יפאורה שותפות מוגבלת לשיווק,,,"י""ח",1.50,ליטר,false,1,8.50,5.47,true,1,
7290019056256,false,שוופס מים בטעמים תפוחים 1.5 ליטר,יפאורה שותפות מוגבלת לשיווק,,,"י""ח",1.50,ליטר,false,1,8.50,5.47,true,1,
7290019056263,false,שוופס מים בטעמים אפרסק 1.5 ליטר,יפאורה שותפות מוגבלת לשיווק,,,"י""ח",1.50,ליטר,false,1,8.50,5.47,true,1,
7290019056270,false,שוופס מים בטעמים פירות יער 1.5 ליטר,יפאורה שותפות מוגבלת לשיווק,,,"י""ח",1.50,ליטר,false,1,8.50,5.47,true,1,
7290019056300,false,שוופס ביטר למון 1.5ליטר,יפאורה שותפות מוגבלת לשיווק,,,"י""ח",1.50,ליטר,false,1,12.50,8.13,false,1,
7290019056317,false,שוופס ראשן 1.5ליטר,יפאורה שותפות מוגבלת לשיווק,,,"י""ח",1.50,ליטר,false,1,12.50,8.13,false,1,
7290019056331,false,.שוופס טוניק ללא סוכר 1.5ליטר,יפאורה שותפות מוגבלת לשיווק,,,"י""ח",1.50,ליטר,false,1,11.90,7.73,false,1,
7290019056355,false,תפוזינה  לימונענע 1.5 ליטר,יפאורה שותפות מוגבלת לשיווק,,,"י""ח",1.50,ליטר,false,1,9.20,5.93,true,1,
7290019056362,false,תפוזינה  ענבים 1.5 ליטר,יפאורה שותפות מוגבלת לשיווק,,,"י""ח",1.50,ליטר,false,1,9.20,5.93,true,1,
7290019056379,false,תפוזינה  תפוחים 1.5 ליטר,יפאורה שותפות מוגבלת לשיווק,,,"י""ח",1.50,ליטר,false,1,9.20,5.93,true,1,
7290019056386,false,תפוזינה  אשכוליות 1.5 ליטר,יפאורה שותפות מוגבלת לשיווק,,,"י""ח",1.50,ליטר,false,1,9.20,5.93,true,1,
7290019056393,false,תפוזינה  תות בננה 1.5 ליטר,יפאורה שותפות מוגבלת לשיווק,,,"י""ח",1.50,ליטר,false,1,9.20,5.93,true,1,
7290019056423,false,תפוזינה  תפוחים 1.5 ליטר,יפאורה שותפות מוגבלת לשיווק,,,"י""ח",1.50,ליטר,false,1,9.20,5.93,true,1,
7290019056430,false,תפוזינה  תפוזים לייט 1.5 ליטר,יפאורה שותפות מוגבלת לשיווק,,,"י""ח",1.50,ליטר,false,1,9.20,5.93,true,1,
7290019056447,false,תפוזינה  אשכוליות לייט 1.5 ליטר,יפאורה שותפות מוגבלת לשיווק,,,"י""ח",1.50,ליטר,false,1,9.20,5.93,true,1,
7290019056478,false,ספרינג -Tאפרסק  1.5 ל,יפאורה שותפות מוגבלת לשיווק,,,"י""ח",1.50,ליטר,false,1,7.50,4.80,true,1,
7290019056485,false,ספרינג -Tתה ירוק לימון לואיזה 1.5ליטר,יפאורה שותפות מוגבלת לשיווק,,,"י""ח",1.50,ליטר,false,1,7.50,4.80,true,1,
7290019056492,false,ספרינג -Tמנגו אפרסק 1.5ליטר,יפאורה שותפות מוגבלת לשיווק,,,"י""ח",1.50,ליטר,false,1,7.50,4.80,true,1,
7290019056508,false,פרוט ווטר ענבים 1.5 ליטר,יפאורה שותפות מוגבלת לשיווק,,,"י""ח",1.50,ליטר,false,1,8.50,5.47,true,1,
7290019056515,false,פרוט ווטר אננס 1.5 ליטר,יפאורה שותפות מוגבלת לשיווק,,,"י""ח",1.50,ליטר,false,1,8.50,5.47,true,1,
7290019056522,false,פרוט ווטר תות 1.5 ליטר,יפאורה שותפות מוגבלת לשיווק,,,"י""ח",1.50,ליטר,false,1,8.50,5.47,true,1,
7290019056539,false,פרוט ווטר אפרסק 1.5 ליטר,יפאורה שותפות מוגבלת לשיווק,,,"י""ח",1.50,ליטר,false,1,8.50,5.47,true,1,
7290019056546,false,פרוט ווטר אבטיח 1.5 ליטר,יפאורה שותפות מוגבלת לשיווק,,,"י""ח",1.50,ליטר,false,1,8.50,5.47,true,1,
7290019056553,false,עין גדי 2 ליטר שישיה,יפאורה שותפות מוגבלת לשיווק,,,"י""ח",12,ליטר,false,1,13.70,0.99,false,1,
7290019056560,false,מים עין גדי 2 ליטר.,יפאורה שותפות מוגבלת לשיווק,,,"י""ח",2,ליטר,false,1,3.30,1.50,false,1,
7290019056577,false,ספרינג מנגו 1.5 ליטר,יפאורה שותפות מוגבלת לשיווק,,,"י""ח",1.50,ליטר,false,1,9.10,5.87,true,1,
7290019056584,false,ספרינג תפוזים 1.5 ליטר,יפאורה שותפות מוגבלת לשיווק,,,"י""ח",1.50,ליטר,false,1,9.10,5.87,true,1,
7290019056591,false,ספרינג ענבים 1.5 ליטר,יפאורה שותפות מוגבלת לשיווק,,,"י""ח",1.50,ליטר,false,1,9.10,5.87,true,1,
7290019056607,false,ספרינג תפוחים 1.5 ליטר,יפאורה שותפות מוגבלת לשיווק,,,"י""ח",1.50,ליטר,false,1,9.10,5.87,true,1,
7290019056614,false,ספרינג אפרסק 1.5 ליטר,יפאורה שותפות מוגבלת לשיווק,,,"י""ח",1.50,ליטר,false,1,9.10,5.87,true,1,
7290019056621,false,ספרינג פירות טרופיים 1.5 ליטר,יפאורה שותפות מוגבלת לשיווק,,,"י""ח",1.50,ליטר,false,1,9.10,5.87,true,1,
7290019056638,false,ספרינג תות בננה 1.5 ליטר,יפאורה שותפות מוגבלת לשיווק,,,"י""ח",1.50,ליטר,false,1,9.10,5.87,true,1,
7290019056645,false,ספרינג אגס תפוח סברס 1.5 ליטר,יפאורה שותפות מוגבלת לשיווק,,,"י""ח",1.50,ליטר,false,1,9.10,5.87,true,1,
7290019056652,false,ספרינג אננס בננה 1.5 ליטר,יפאורה שותפות מוגבלת לשיווק,,,"י""ח",1.50,ליטר,false,1,9.10,5.87,true,1,
7290019056669,false,ספרינג תפוחים דיאט 1.5 ליטר,יפאורה שותפות מוגבלת לשיווק,,,"י""ח",1.50,ליטר,false,1,9.20,5.93,true,1,
7290019056720,false,קריסטל 2 ליטר מיץ ענבים,יפאורה שותפות מוגבלת לשיווק,,,"י""ח",2,ליטר,false,1,7.80,3.75,true,1,
7290019056737,false,קריסטל 2 ליטר מיץ אשכוליות,יפאורה שותפות מוגבלת לשיווק,,,"י""ח",2,ליטר,false,1,7.80,3.75,true,1,
7290019056744,false,קריסטל 2 ליטר מיץ תפוזים,יפאורה שותפות מוגבלת לשיווק,,,"י""ח",2,ליטר,false,1,7.80,3.75,true,1,
7290019056751,false,קריסטל 2 ליטר מיץ אשכוליות דיאט,יפאורה שותפות מוגבלת לשיווק,,,"י""ח",2,ליטר,false,1,7.80,3.75,true,1,
7290019056768,false,קריסטל 2 ליטר מיץ מנגו,יפאורה שותפות מוגבלת לשיווק,,,"י""ח",2,ליטר,false,1,7.80,3.75,true,1,
7290019056805,false,קריסטל 2 ליטר מוגז תפוחים,יפאורה שותפות מוגבלת לשיווק,,,"י""ח",2,ליטר,false,1,7.80,3.75,true,1,
7290019056812,false,קריסטל 2 ליטר מוגז מנטה,יפאורה שותפות מוגבלת לשיווק,,,"י""ח",2,ליטר,false,1,7.80,3.75,true,1,
7290019056829,false,קריסטל 2 ליטר מוגז תפוזים,יפאורה שותפות מוגבלת לשיווק,,,"י""ח",2,ליטר,false,1,7.80,3.75,true,1,
7290019056836,false,קריסטל 2 ליטר מוגז תות,יפאורה שותפות מוגבלת לשיווק,,,"י""ח",2,ליטר,false,1,7.80,3.75,true,1,
7290019056850,false,ספרינג -Tאפרסק דיאט 1.5ליטר,יפאורה שותפות מוגבלת לשיווק,,,"י""ח",1.50,ליטר,false,1,7.50,4.80,true,1,
7290019056959,false,מים מינרלים מי עדן  1.5ליטר,יפאורה שותפות מוגבלת לשיווק,,,"י""ח",1.50,ליטר,false,1,3.60,2.20,false,1,
7290019056973,false,מי עדן 1.5 ליטר שישיה,יפאורה שותפות מוגבלת לשיווק,,,"י""ח",9,ליטר,false,1,13.90,1.34,false,1,
7290019074090,false,קמיל בלו אקסטרה סופט אל סבון לתינוק 50,פישר תעשיות פרמבצטיות בעמ,,,"י""ח",500,ל  גרם,false,1,22.90,4.58,false,1,
7290019074298,false,קמיל בלו אקסטרה סופט שמפו לתינוק 500,פישר תעשיות פרמבצטיות בעמ,,,"י""ח",500,ל  גרם,false,1,22.90,4.58,false,1,
7290019074885,false,קמיל בלו אקסטרה סופט קרם גוף לתינוק 50,פישר תעשיות פרמבצטיות בעמ,,,"י""ח",500,ל  גרם,false,1,29.90,5.98,true,1,
7290019075103,false,קמיל בלו אקסטרה סופט שמפו לתינוק 1ל,פישר תעשיות פרמבצטיות בעמ,,,"י""ח",1,ליטר,false,1,32.90,32.90,false,1,
7290019075479,false,קמיל בלו קלאסיק  שמפו לתינוק  1 ל,פישר תעשיות פרמבצטיות בעמ,,,"י""ח",1,ליטר,false,1,32.90,32.90,true,1,
7290019075899,false,קמיל בלו אקסטרה סופט אל סבון לתינוק 1ל,פישר תעשיות פרמבצטיות בעמ,,,"י""ח",1,ליטר,false,1,32.90,32.90,false,1,
7290019101833,false,כוסות חד פעמי שתיה חמה 8OZ,ח.כהן סוכנות מזון ומשקאות בע,,,"י""ח",1,"י""ח",false,1,7.90,7.90,false,1,
7290019105220,false,אל סבון נוזלי בניחוח פרש 1ליטר,טרופיקל דגיל תעשיות קוסמטיקה,,,"י""ח",1,ליטר,false,1,10.90,10.90,true,1,
7290019105428,false,אל סבון נוזלי בניחוח פרחים 1ליטר,טרופיקל דגיל תעשיות קוסמטיקה,,,"י""ח",1,ליטר,false,1,10.90,10.90,true,1,
7290019105817,false,אל סבון נוזלי בניחוח וניל ודבש 1ליטר,טרופיקל דגיל תעשיות קוסמטיקה,,,"י""ח",1,ליטר,false,1,10.90,10.90,true,1,
7290019145813,false,ערק  מחנה יהודה 40% 700 מייל,פיירוואטר בעמ,,,"י""ח",700,"ל  מ""ל",false,1,49.90,7.09,true,1,
7290019153078,false,שוופס ביטר למון לייט 1.5ליטר,יפאורה שותפות מוגבלת לשיווק,,,"י""ח",1.50,ליטר,false,1,12.50,8.13,false,1,
7290019153214,false,"שוופס פחית מנטה 330מ""ל",יפאורה שותפות מוגבלת לשיווק,,,"י""ח",330,"ל  מ""ל",false,1,4.90,1.39,true,1,
7290019153269,false,שוופס סודה רביעיה 1.5 ל אננס,יפאורה שותפות מוגבלת לשיווק,,,"י""ח",6,ליטר,false,1,11.90,1.78,true,1,
7290019153351,false,תפוזינה  פינק אוזו 1.5 ליטר,יפאורה שותפות מוגבלת לשיווק,,,"י""ח",1.50,ליטר,false,1,9.20,5.93,true,1,
7290019153375,false,תפוזינה  מוחיטו 1.5 ליטר,יפאורה שותפות מוגבלת לשיווק,,,"י""ח",1.50,ליטר,false,1,9.20,5.93,true,1,
7290019153566,false,ספרינג רימון אוכמניות דובדבן  1.5 ליטר,יפאורה שותפות מוגבלת לשיווק,,,"י""ח",1.50,ליטר,false,1,9.10,5.87,true,1,
7290019162100,false,גרב עקב *3 לגבר,ליאור יבוא ושיווק מוצרי הלבשה,,,"י""ח",1,,false,1,21,21,false,1,
7290019167037,false,תותים ברצפת 82ג,תנובה בעמ ***,,,"י""ח",82,"ל  מ""ל",false,1,6.90,8.41,false,1,
7290019167044,false,קצפת עם קרם בייגלה מתוק מלוח 82ג,תנובה בעמ ***,,,"י""ח",82,"ל  מ""ל",false,1,6.90,8.41,false,1,
7290019204008,false,עוף טוב פסטרמה ארבעה פלפלים 350 גרם,קבוצת אוסם סחר-שות.מוגבלת,,,"י""ח",350,ל  גרם,false,1,29.90,8.54,true,1,
7290019204107,false,עוף טוב פסטרמה בטעם אווז 320 גרם,קבוצת אוסם סחר-שות.מוגבלת,,,"י""ח",320,ל  גרם,false,1,29.90,9.34,true,1,
7290019204206,false,עוף טוב פסטרמה בסגנון רומני 320 גרם,קבוצת אוסם סחר-שות.מוגבלת,,,"י""ח",320,ל  גרם,false,1,29.90,9.34,true,1,
7290019204305,false,חזה הודו ברביקיו  350 גרם,קבוצת אוסם סחר-שות.מוגבלת,,,"י""ח",350,ל  גרם,false,1,29.90,8.54,true,1,
7290019232834,false,פליפז בייגלה מצופה רם עוגיות 140ג,תה ויסוצקי (ישראל)בעמ,,,"י""ח",140,ל  גרם,false,1,8.90,6.36,true,1,
7290019265597,false,כוסות יהלום בנדע שווה  75יח,ח.כהן סוכנות מזון ומשקאות בע,,,"י""ח",1,,false,1,10.90,10.90,false,1,
7290019297161,false,טורטיה ראפ מקמח תירס 540גר,דין שיווק וקליה 2021 בעמ,,,"י""ח",540,ל  גרם,false,1,8.90,1.65,false,1,
7290019297239,false,צימוק חום 250גר בקופסא,דין שיווק וקליה 2021 בעמ,,,"י""ח",250,ל  גרם,false,1,12.90,5.16,false,1,
7290019297512,false,"רוטב רימונים שקדיה 340גר בד""ץ",דין שיווק וקליה 2021 בעמ,,,"י""ח",340,ל  גרם,false,1,9.90,2.91,false,1,
7290019297642,false,גרעין שחור קלוי ללא מלח 150גר ששון הקו,דין שיווק וקליה 2021 בעמ,,,"י""ח",150,ל  גרם,false,1,5.90,3.93,false,1,
7290022005562,false,קריספי פירורי לחם שום 300גר,א.ל.יצור ושיווקתבלינים בעמ,,,"י""ח",300,ל  גרם,false,1,7.90,2.63,true,1,
7290042051617,false,מארז חושן 50יח צלחת קטנה/ענקית שווה,ח.כהן סוכנות מזון ומשקאות בע,,,"י""ח",50,"י""ח",false,1,59.90,1.20,false,1,
7290042051778,false,"צלחות ענקיות מתכלות 25יח  ""שווה""",ח.כהן סוכנות מזון ומשקאות בע,,,"י""ח",25,"י""ח",false,1,19.90,0.80,true,1,
7290042051785,false,"צלחות גדולות מתכלות 25יח  ""שווה""",ח.כהן סוכנות מזון ומשקאות בע,,,"י""ח",25,"י""ח",false,1,14.90,0.60,true,1,
7290042051808,false,"לפתניות מתכלות 25יח  ""שווה""",ח.כהן סוכנות מזון ומשקאות בע,,,"י""ח",25,"י""ח",false,1,7.90,0.32,true,1,
7290100240137,false,"בדין תרסיס מייבש כחול 500מ""ל",יוניליוור ישראל שיווק בעמ,,,"י""ח",500,"ל  מ""ל",false,1,16.90,3.38,false,1,
7290100240144,false,בדין תרסיס מייבש ורוד,יוניליוור ישראל שיווק בעמ,,,"י""ח",500,"ל  מ""ל",false,1,16.90,3.38,false,1,
7290100240632,false,"פתית 6דגנים 250גר  בד""ץ",יוניליוור ישראל שיווק בעמ,,,"י""ח",250,ל  גרם,false,1,16.90,6.76,false,1,
7290100240656,false,"פתית שיפון 300גר  בד""ץ",יוניליוור ישראל שיווק בעמ,,,"י""ח",300,ל  גרם,false,1,16.90,5.63,false,1,
7290100243084,false,מיונז אמיתי הלמנס 789גר`,יוניליוור ישראל שיווק בעמ,,,"י""ח",789,ל  גרם,false,1,19.90,2.52,false,1,
7290100243671,false,"בדין אקסטרא כחול 960 מ""ל",יוניליוור ישראל שיווק בעמ,,,"י""ח",960,"ל  מ""ל",false,1,15.90,1.66,true,1,
7290100245231,false,נמס בכוס ועוד טעם עוף שקדי מרק 50גר,יוניליוור ישראל שיווק בעמ,,,"י""ח",50,ל  גרם,false,1,6.90,13.80,true,1,
7290100412732,false,"דר עור ת.גוף קלאסי פרחי בר 400מ""ל",שקד תבל בעמ,,,"י""ח",400,"ל  מ""ל",false,1,21.90,5.48,true,1,
7290100412756,false,"דר עור קרם ידיים עור יבש  100מ""ל",שקד תבל בעמ,,,"י""ח",100,ל  גרם,false,1,13.90,13.90,true,1,
7290100412763,false,"דר עור ת.רחצה קלאסי לבנדר 700מ""ל",שקד תבל בעמ,,,"י""ח",700,ל  גרם,false,1,14.90,2.13,true,1,
7290100412770,false,"דר עור ת.רחצה קלאסי מאסק  700מ""ל",שקד תבל בעמ,,,"י""ח",700,ל  גרם,false,1,14.90,2.13,true,1,
7290100653586,false,ליידי ספיד סטיק ג ל ורוד,ש.שסטוביץ בעמ,,,"י""ח",1,"י""ח",false,1,19.90,19.90,true,1,
7290100658338,false,פלמוליב לכלים אוקסי פלוס,ש.שסטוביץ בעמ,,,"י""ח",750,"ל  מ""ל",false,1,11.90,1.59,true,1,
7290100680650,false,מנה חמה נודלס תאילנדי,קבוצת אוסם סחר-שות.מוגבלת,,,"י""ח",76,ל  גרם,false,1,6.90,9.08,true,1,
7290100680711,false,פירורית זהב 350 גרם אוסם,קבוצת אוסם סחר-שות.מוגבלת,,,"י""ח",350,ל  גרם,false,1,8.90,2.54,false,1,
7290100680728,false,פירורית]אוסם[,קבוצת אוסם סחר-שות.מוגבלת,,,"י""ח",350,ל  גרם,false,1,7.90,2.26,false,1,
7290100681138,false,אפרופו מארז  3 יח.,קבוצת אוסם סחר-שות.מוגבלת,,,"י""ח",150,ל  גרם,false,1,13.90,9.27,true,1,
7290100684139,false,פסטה אסם מיני מקרוני,קבוצת אוסם סחר-שות.מוגבלת,,,"י""ח",500,ל  גרם,false,1,5.90,1.18,true,1,
7290100685136,false,"מרק טעם עוף 1  ק""ג}אסם{",קבוצת אוסם סחר-שות.מוגבלת,,,"י""ח",1,"ק""ג",false,1,14.90,14.90,false,1,
7290100685334,false,אבקת מרק עוף רכיבים טבעיי,קבוצת אוסם סחר-שות.מוגבלת,,,"י""ח",400,ל  גרם,false,1,24.90,6.23,false,1,
7290100685341,false,מרק תיבול טעם רך 400 ג,קבוצת אוסם סחר-שות.מוגבלת,,,"י""ח",400,ל  גרם,false,1,16.90,4.23,false,1,
7290100686164,false,ביסלי ברביקיו  מארז שישייה.,קבוצת אוסם סחר-שות.מוגבלת,,,"י""ח",210,ל  גרם,false,1,14.90,7.10,true,1,
7290100687109,false,במבה במילוי נוגט,קבוצת אוסם סחר-שות.מוגבלת,,,"י""ח",60,ל  גרם,false,1,4.30,7.17,true,1,
7290100689301,false,מרק טעם עוף זך עדיף 400גר.,קבוצת אוסם סחר-שות.מוגבלת,,,"י""ח",400,ל  גרם,false,1,15.90,3.98,false,1,
7290100700020,false,גריסי פנינה סוגת,סוגת תעשיות בעמ,,,"י""ח",200,ל  גרם,false,1,4.90,2.45,true,1,
7290100700075,false,פירורי לחם מוזהבים 200 גרם סוגת,סוגת תעשיות בעמ,,,"י""ח",200,ל  גרם,false,1,3.90,1.95,true,1,
7290100700242,false,אורז מלא עגול,סוגת תעשיות בעמ,,,"י""ח",1,"ק""ג",false,1,9.90,9.90,false,1,
7290100700273,false,קינואה 500 גרם סוגת,סוגת תעשיות בעמ,,,"י""ח",500,ל  גרם,false,1,13.90,2.78,true,1,
7290100700297,false,עדשים שחורות 500 גר סוגת.,סוגת תעשיות בעמ,,,"י""ח",500,ל  גרם,false,1,7.90,1.58,true,1,
7290100700372,false,"אורז בסגנון בסמטי מלא 1 ק""ג",סוגת תעשיות בעמ,,,"י""ח",1,"ק""ג",false,1,13.90,13.90,false,1,
7290100700389,false,"אורז אדום 1 ק""ג",סוגת תעשיות בעמ,,,"י""ח",1,"ק""ג",false,1,12.10,12.10,false,1,
7290100700402,false,"חומוס ענק 1 ק""ג סוגת",סוגת תעשיות בעמ,,,"י""ח",1,"ק""ג",false,1,19.90,19.90,true,1,
7290100700587,false,בורגול 500 גר`סוגת,סוגת תעשיות בעמ,,,"י""ח",500,ל  גרם,false,1,4.90,0.98,true,1,
7290100701454,false,גרישה 500גר`,סוגת תעשיות בעמ,,,"י""ח",500,ל  גרם,false,1,4.90,0.98,true,1,
7290100702383,false,"קמח תופח   1  ק""ג]סוגת[",סוגת תעשיות בעמ,,,"י""ח",1,"ק""ג",false,1,8.90,8.90,true,1,
7290100702611,false,פתיתים אפויים אורז 500ג סוגת,סוגת תעשיות בעמ,,,"י""ח",500,ל  גרם,false,1,5.90,1.18,true,1,
7290100702635,false,פתיתים אפויים כוכבים  500ג,סוגת תעשיות בעמ,,,"י""ח",500,ל  גרם,false,1,5.90,1.18,true,1,
7290100702642,false,פתיתים אפויים טבעות  500ג,סוגת תעשיות בעמ,,,"י""ח",500,ל  גרם,false,1,5.90,1.18,true,1,
7290100702673,false,פתיתים אפויים 3צבעים  400ג,סוגת תעשיות בעמ,,,"י""ח",400,ל  גרם,false,1,5.90,1.48,true,1,
7290100702987,false,פתיתי שיבולת שועל 500ג,סוגת תעשיות בעמ,,,"י""ח",500,ל  גרם,false,1,4.90,0.98,true,1,
7290100702994,false,סוכר חום דמררה שקית 500ג,סוגת תעשיות בעמ,,,"י""ח",500,ל  גרם,false,1,4.90,0.98,false,1,
7290100703007,false,עדשים שחורים בלוגה 500ג,סוגת תעשיות בעמ,,,"י""ח",500,ל  גרם,false,1,7.90,1.58,true,1,
7290100703564,false,שיבולת שועל עבה 500ג,סוגת תעשיות בעמ,,,"י""ח",500,ל  גרם,false,1,4.90,0.98,true,1,
7290100703670,false,"קמח כוסמין מלא ללא ניפוי 1ק""ג",סוגת תעשיות בעמ,,,"י""ח",1,"ק""ג",false,1,14.90,14.90,false,1,
7290100703915,false,פופקורן למיקרו מארז5+1 חמאה,סוגת תעשיות בעמ,,,"י""ח",6,"י""ח",false,1,10.90,1.82,false,1,
7290100703922,false,פופקורן למיקרו מארז5+1 טבעי,סוגת תעשיות בעמ,,,"י""ח",6,"י""ח",false,1,10.90,1.82,false,1,
7290100704530,false,"קמח כוסמין לבן  ללא צ.בניפוי 1ק""ג.",סוגת תעשיות בעמ,,,"י""ח",1,"ק""ג",false,1,14.90,14.90,false,1,
7290100704622,false,סוכר דמררה דק דק בצנצנת 500גר,סוגת תעשיות בעמ,,,"י""ח",500,ל  גרם,false,1,7.90,1.58,false,1,
7290100704691,false,אורז אדום 500גר סוגת,סוגת תעשיות בעמ,,,"י""ח",500,ל  גרם,false,1,10.90,2.18,false,1,
7290100704707,false,אורז מיקס 500גר סוגת,סוגת תעשיות בעמ,,,"י""ח",500,ל  גרם,false,1,10.90,2.18,false,1,
7290100850909,false,דוריטוס נאצו 70 גרם,"שטראוס פריטו ליי בע""מ",,,"י""ח",70,ל  גרם,false,1,3.90,5.57,true,1,
7290100850916,false,דוריטוס חמוץ חריף 70 גרם,"שטראוס פריטו ליי בע""מ",,,"י""ח",70,ל  גרם,false,1,3.90,5.57,true,1,
7290100850923,false,דוריטוס גריל 70 גרם,"שטראוס פריטו ליי בע""מ",,,"י""ח",70,ל  גרם,false,1,3.90,5.57,true,1,
7290100850930,false,דוריטוס טבעי 70 גרם,"שטראוס פריטו ליי בע""מ",,,"י""ח",70,ל  גרם,false,1,3.90,5.57,true,1,
7290100851968,false,מארז קפה נמס עלית זוגות,"שטראוס גרופ בע""מ",,,"י""ח",400,ל  גרם,false,1,37.90,9.48,true,1,
7290100858592,false,שקית קקאו 150 גרם עלית,"שטראוס גרופ בע""מ",,,"י""ח",150,ל  גרם,false,1,9.90,6.60,true,1,
7290100858608,false,שקית קקאו 500 גרם עלית,"שטראוס גרופ בע""מ",,,"י""ח",500,ל  גרם,false,1,23.90,4.78,true,1,
7290100921401,false,שמפו הוואי קרטין מחזק  700,הנקל סוד בעמ,,,"י""ח",700,"ל  מ""ל",false,1,10.90,1.56,false,1,
7290100921418,false,מרכך  הוואי קרטין מחזק  700,הנקל סוד בעמ,,,"י""ח",700,"ל  מ""ל",false,1,10.90,1.56,false,1,
7290100921760,false,"שמפו הוואי ספורט  700מ""ל",הנקל סוד בעמ,,,"י""ח",700,"ל  מ""ל",false,1,10.90,1.56,false,1,
7290100922569,false,"קרם רב שימושי 100מ""ל ולוטה שלישייה",הנקל סוד בעמ,,,"י""ח",3,"י""ח",false,1,19.90,6.63,true,1,
7290100922637,false,"הוואי אל סבון נוזלי מי קוקוס 3*500מ""ל",הנקל סוד בעמ,,,"י""ח",1.50,ליטר,false,1,17.90,11.93,true,1,
7290100924457,false,סוד סבון אסלה מארז 1/3 לימון,גורי שיווק בעמ,,,"י""ח",750,"ל  מ""ל",false,1,14.90,1.99,false,1,
7290100924464,false,סוד סבון אסלה מארז 1/3 אקונומיקה,גורי שיווק בעמ,,,"י""ח",750,"ל  מ""ל",false,1,16.90,2.25,false,1,
7290100924631,false,"מרכך מרוכז בייבי 900מ""ל",גורי שיווק בעמ,,,"י""ח",900,"ל  מ""ל",false,1,12.90,1.43,true,1,
7290100925751,false,"נוזל כלים סוד תפוח  650מ""ל",גורי שיווק בעמ,,,"י""ח",650,"ל  מ""ל",false,1,5.90,0.91,false,1,
7290100925775,false,"נוזל כלים סוד רימון ותאנים 650מ""ל",גורי שיווק בעמ,,,"י""ח",650,"ל  מ""ל",false,1,5.90,0.91,false,1,
7290101450900,false,נרות גמבו,שמחה זה אנחנו,,,"י""ח",1,,false,1,7,7,false,1,
7290101453871,false,נר מס -0,שמחה זה אנחנו,,,"י""ח",1,,false,1,3.50,3.50,false,1,
7290101453888,false,נר מס -1,שמחה זה אנחנו,,,"י""ח",1,,false,1,3.50,3.50,false,1,
7290101453895,false,נר מס -2,שמחה זה אנחנו,,,"י""ח",1,,false,1,3.50,3.50,false,1,
7290101453949,false,נר מס -7,שמחה זה אנחנו,,,"י""ח",1,,false,1,3.50,3.50,false,1,
7290101455929,false,"בקבוק נירוסטה מעוצב 500מ""ל מיקי",שמחה זה אנחנו,,,"י""ח",1,,false,1,29.90,29.90,false,1,
7290101488286,false,ליידי ספיד סטיק 24/7 ספריי ורוד,ש.שסטוביץ בעמ,,,"י""ח",1,,false,1,15.90,15.90,true,1,
7290101488323,false,ליידי ספיד סטיק ללא סימן,ש.שסטוביץ בעמ,,,"י""ח",65,"ל  מ""ל",false,1,19.90,30.62,true,1,
7290101501138,false,כרובית ארוזה,ביכורי השדה צפון 1994 ג.ד. בעמ,,,"י""ח",1,"י""ח",false,1,10.90,10.90,false,1,
7290101551027,false,"קפסולות אספרסו חזק עלית 14יח כשל""פ","שטראוס גרופ בע""מ",,,"י""ח",50,ל  גרם,false,1,19.90,39.80,true,1,
7290101551263,false,סילאן  טבעי 700ג יד מרדכי,"שטראוס גרופ בע""מ",,,"י""ח",700,ל  גרם,false,1,21.90,3.13,true,1,
7290101551300,false,סילאן  טבעי לחיץ 380ג יד מרדכי,"שטראוס גרופ בע""מ",,,"י""ח",380,ל  גרם,false,1,14.90,3.92,true,1,
7290101551539,false,דנונה פרו 20גר אפרסק,"שטראוס גרופ ***בע""מ",,,"י""ח",20,"ל  מ""ל",false,1,5.90,29.50,true,1,
7290101551584,false,מארז תפוצ`יפס קידס  *10 20 גרם,"שטראוס פריטו ליי בע""מ",,,"י""ח",10,"י""ח",false,1,13.90,1.39,true,1,
7290101551614,false,מארז ציטוס קראנץ גבינה 1/8,"שטראוס פריטו ליי בע""מ",,,"י""ח",550,ל  גרם,false,1,10.90,1.98,true,1,
7290101551638,false,מארז צ יטוס כאפה 1/10,"שטראוס פריטו ליי בע""מ",,,"י""ח",10,"י""ח",false,1,12.90,1.29,true,1,
7290101863410,false,סיליט ספריי אקונומיקה,רקיט בנקיזר (ניר איסט) בעמ,,,"י""ח",1,,false,1,12.90,12.90,false,1,
7290101864127,false,"קליה אוקסי ספריי 750מ""ל",רקיט בנקיזר (ניר איסט) בעמ,,,"י""ח",750,"ל  מ""ל",false,1,16.90,2.25,true,1,
7290101865261,false,"פיניש הברקה 800מ""ל",רקיט בנקיזר (ניר איסט) בעמ,,,"י""ח",800,"ל  מ""ל",false,1,19.90,2.49,false,1,
7290101866633,false,קליה ג`ל 3ל,רקיט בנקיזר (ניר איסט) בעמ,,,"י""ח",1.70,ליטר,false,1,29.90,17.59,true,1,
7290101866787,false,קליה ג`ל 3ל לבן,רקיט בנקיזר (ניר איסט) בעמ,,,"י""ח",3,ליטר,false,1,29.90,9.97,true,1,
7290101868460,false,"קולון 101 8ק""ג",רקיט בנקיזר (ניר איסט) בעמ,,,"י""ח",8,"ק""ג",false,1,54.90,6.86,false,1,
7290101868958,false,"פיניש הברקה לימון 800מ""ל",רקיט בנקיזר (ניר איסט) בעמ,,,"י""ח",800,"ל  מ""ל",false,1,19.90,2.49,false,1,
7290101869726,false,פיניש ג ל 1ל  AIO,רקיט בנקיזר (ניר איסט) בעמ,,,"י""ח",1,ליטר,false,1,42.90,42.90,false,1,
7290101869788,false,מילוי מבשם אוטומטי אואזיס,רקיט בנקיזר (ניר איסט) בעמ,,,"י""ח",1,,false,1,15.90,15.90,true,1,
7290101869795,false,מילוי מבשם אוטומטי ליל קיץ,רקיט בנקיזר (ניר איסט) בעמ,,,"י""ח",1,,false,1,15.90,15.90,true,1,
7290101869825,false,מילוי מבשם אויר חשמלי אואזיס,רקיט בנקיזר (ניר איסט) בעמ,,,"י""ח",1,,false,1,16.90,16.90,true,1,
7290101869924,false,מילוי מבשם אויר חשמלי מסתור אקזוטי,רקיט בנקיזר (ניר איסט) בעמ,,,"י""ח",1,,false,1,16.90,16.90,false,1,
7290101869962,false,מקלות ריחניים חלום ליל קיץ,רקיט בנקיזר (ניר איסט) בעמ,,,"י""ח",1,,false,1,14.90,14.90,true,1,
7290101987413,false,נרות אותיות,שמחה זה אנחנו,,,"י""ח",1,,false,1,9.90,9.90,false,1,
7290101999539,false,נרות גמבו כוכבים-מכוניות,שמחה זה אנחנו,,,"י""ח",1,,false,1,7,7,false,1,
7290102000777,false,הפתעות מפוחיות   הלו קיטי,שמחה זה אנחנו,,,"י""ח",1,,false,1,7.90,7.90,false,1,
7290102003907,false,נרות מטה לבבות-מכוניות,שמחה זה אנחנו,,,"י""ח",1,,false,1,7,7,false,1,
7290102003983,false,חרב בועות סבון קטן-דיסני דיספלי,שמחה זה אנחנו,,,"י""ח",1,,false,1,5.90,5.90,false,1,
7290102006526,false,נייר אכיל ספיידרמן עיצוב 3,שמחה זה אנחנו,,,"י""ח",1,,false,1,19.90,19.90,false,1,
7290102030330,false,תפוצ יפס קראנצ  מקסיקני,"שטראוס פריטו ליי בע""מ",,,"י""ח",200,ל  גרם,false,1,10.90,5.45,true,1,
7290102031276,false,אקטימל שמיניה תות בננה,"שטראוס גרופ ***בע""מ",,,"י""ח",800,"ל  מ""ל",false,1,20.90,2.61,true,1,
7290102032334,false,קפה נמס וניל 200 גרם,"שטראוס גרופ בע""מ",,,"י""ח",200,ל  גרם,false,1,21.90,10.95,true,1,
7290102060764,false,מרידול מברשת שיניים זוג,ש.שסטוביץ בעמ,,,"י""ח",1,,false,1,29.90,29.90,false,1,
7290102062195,false,משחת שיניים אלמקס ג`וניור,ש.שסטוביץ בעמ,,,"י""ח",1,,false,1,12.90,12.90,true,1,
7290102276615,false,דבק רחב שקוף,צבע ומכחול (2014) בעמ,,,"י""ח",1,,false,1,9.90,9.90,false,1,
7290102300815,false,צדר פרוס כתום  200ג,א. סיימן סחר בעמ,,,"י""ח",200,ל  גרם,false,1,27.90,13.95,true,1,
7290102300822,false,צדר אנגלי  כתום  200ג נטו,א. סיימן סחר בעמ,,,"י""ח",200,ל  גרם,false,1,24.90,12.45,true,1,
7290102300860,false,צדר אנגלי לבן 200ג,א. סיימן סחר בעמ,,,"י""ח",200,ל  גרם,false,1,24.90,12.45,true,1,
7290102302246,false,גאודה 200גרם נטו,א. סיימן סחר בעמ,,,"י""ח",200,ל  גרם,false,1,26.90,13.45,true,1,
7290102302260,false,גרנה פדנה  200גרם,א. סיימן סחר בעמ,,,"י""ח",200,ל  גרם,false,1,32.90,16.45,false,1,
7290102302864,false,גאודה פסטו ירוק 200גר נטו,א. סיימן סחר בעמ,,,"י""ח",200,ל  גרם,false,1,34.90,17.45,false,1,
7290102302888,false,גאודה כמון 200גר נטו,א. סיימן סחר בעמ,,,"י""ח",200,ל  גרם,false,1,30.90,15.45,true,1,
7290102302963,false,גבינה גאיה עשבי תיבול פרוסות 150ג,א. סיימן סחר בעמ,,,"י""ח",150,ל  גרם,false,1,22.90,15.27,true,1,
7290102390427,false,מולר תות FROOP MULLER,*החברה המרכזית להפצת משקאותבעמ,,,"י""ח",150,"ל  מ""ל",false,1,5.30,3.53,true,1,
7290102390465,false,מולר אפרסק ופסיפלורה,*החברה המרכזית להפצת משקאותבעמ,,,"י""ח",150,"ל  מ""ל",false,1,5.30,3.53,true,1,
7290102391301,false,יוגורט ביו מולר,*החברה המרכזית להפצת משקאותבעמ,,,"י""ח",150,"ל  מ""ל",false,1,3.20,2.13,false,1,
7290102391844,false,מולר פירות יער FROOP MULLER,*החברה המרכזית להפצת משקאותבעמ,,,"י""ח",150,"ל  מ""ל",false,1,5.30,3.53,true,1,
7290102392094,false,חלב עיזים בקרטון 1ליטר,*החברה המרכזית להפצת משקאותבעמ,,,"י""ח",1,ליטר,false,1,15.90,15.90,false,1,
7290102392254,false,חלב 2ליטר  *1%*,*החברה המרכזית להפצת משקאותבעמ,,,"י""ח",2,ליטר,false,1,11.72,5.86,false,1,
7290102393060,false,מולר מיקס יוגורט קרמי עם גלילי וופל,*החברה המרכזית להפצת משקאותבעמ,,,"י""ח",500,ל  גרם,false,1,6,1.20,false,1,
7290102393169,false,סימפלי פרויט תות שדה,*החברה המרכזית להפצת משקאותבעמ,,,"י""ח",150,"ל  מ""ל",false,1,5.30,3.53,true,1,
7290102393176,false,סימפלי פרויט אפרסק,*החברה המרכזית להפצת משקאותבעמ,,,"י""ח",150,"ל  מ""ל",false,1,5.30,3.53,true,1,
7290102393190,false,סימפלי פרויט פירות יער,*החברה המרכזית להפצת משקאותבעמ,,,"י""ח",150,"ל  מ""ל",false,1,5.30,3.53,true,1,
7290102393268,false,גבינה לבנה 5% 750 גר`*,*החברה המרכזית להפצת משקאותבעמ,,,"י""ח",750,ל  גרם,false,1,14.94,1.99,false,1,
7290102393299,false,יוגורט עיזים בבקבוק,*החברה המרכזית להפצת משקאותבעמ,,,"י""ח",500,"ל  מ""ל",false,1,11.90,2.38,true,1,
7290102393855,false,"יוגורט עזים 3% אפרסק בגביע 150מ""ל",*החברה המרכזית להפצת משקאותבעמ,,,"י""ח",140,"ל  מ""ל",false,1,6.30,4.50,true,1,
7290102393947,false,סימפלי פרויט  קיווי,*החברה המרכזית להפצת משקאותבעמ,,,"י""ח",150,"ל  מ""ל",false,1,5.30,3.53,true,1,
7290102394258,false,מה  עז 180גרם 9% שומן  צוריאל,*החברה המרכזית להפצת משקאותבעמ,,,"י""ח",180,ל  גרם,false,1,23.30,12.94,false,1,
7290102394463,false,גבינה צהובה נעם 500 גרם פרוס 28%,*החברה המרכזית להפצת משקאותבעמ,,,"י""ח",500,ל  גרם,false,1,25.90,5.18,false,1,
7290102394821,false,גבינה צהובה 28% דק דק לפתיחה חוזרת 200,*החברה המרכזית להפצת משקאותבעמ,,,"י""ח",200,ל  גרם,false,1,15.90,7.95,true,1,
7290102394845,false,גבינה צהובה  9% 200גר דק דק לפתיחה חוז,*החברה המרכזית להפצת משקאותבעמ,,,"י""ח",200,ל  גרם,false,1,16.90,8.45,true,1,
7290102395217,false,מאגדת שמינייה מתיקות מעודנת 2%,*החברה המרכזית להפצת משקאותבעמ,,,"י""ח",900,ל  גרם,false,1,17.90,1.99,false,1,
7290102395224,false,מאגדת שמינייה מולר ביאנקו נטורל 1.7%,*החברה המרכזית להפצת משקאותבעמ,,,"י""ח",900,ל  גרם,false,1,16.90,1.88,false,1,
7290102395231,false,מאגדת שמינייה מולר ביאנקו נטורל 2.8%,*החברה המרכזית להפצת משקאותבעמ,,,"י""ח",900,ל  גרם,false,1,16.90,1.88,false,1,
7290102395262,false,מאגדת שמינייה מולר 3% פירות,*החברה המרכזית להפצת משקאותבעמ,,,"י""ח",150,"ל  מ""ל",false,1,30.90,20.60,false,1,
7290102395378,false,גבינה צהובה נעםמ 28% ואקום 360גר פרוס,*החברה המרכזית להפצת משקאותבעמ,,,"י""ח",360,ל  גרם,false,1,18.90,5.25,false,1,
7290102395439,false,מאגדת שמינייה מולר 3% פירות,*החברה המרכזית להפצת משקאותבעמ,,,"י""ח",150,"ל  מ""ל",false,1,30.90,20.60,false,1,
7290102395446,false,מעדן מוו וניל,*החברה המרכזית להפצת משקאותבעמ,,,"י""ח",250,ל  גרם,false,1,2.90,1.16,false,1,
7290102395477,false,מעדן מוו שוקולד,*החברה המרכזית להפצת משקאותבעמ,,,"י""ח",250,ל  גרם,false,1,2.90,1.16,false,1,
7290102395521,false,"שמנת לבישול 15% 500מ""ל",*החברה המרכזית להפצת משקאותבעמ,,,"י""ח",500,"ל  מ""ל",false,1,15.90,3.18,false,1,
7290102396399,false,מאגדת מוו שמינייה מעדן שוקולד 100גר,*החברה המרכזית להפצת משקאותבעמ,,,"י""ח",800,ל  גרם,false,1,14.20,1.78,false,1,
7290102396405,false,מאגדת מוו שמינייה מעדן וניל 100גר,*החברה המרכזית להפצת משקאותבעמ,,,"י""ח",800,ל  גרם,false,1,14.20,1.78,false,1,
7290102396443,false,מעדן מוו וניל,*החברה המרכזית להפצת משקאותבעמ,,,"י""ח",250,ל  גרם,false,1,2.90,1.16,true,1,
7290102396580,false,מעדן מוו שוקולד ומוס שוקולד 123גר,*החברה המרכזית להפצת משקאותבעמ,,,"י""ח",123,ל  גרם,false,1,2.90,2.36,false,1,
7290102396597,false,מעדן מוו וניל ומוס שוקולד 123גר,*החברה המרכזית להפצת משקאותבעמ,,,"י""ח",123,ל  גרם,false,1,2.90,2.36,false,1,
7290102396665,false,גבינה צהובה  15% 200גר נעם דק דק סגור,*החברה המרכזית להפצת משקאותבעמ,,,"י""ח",200,ל  גרם,false,1,15.90,7.95,true,1,
7290102396719,false,סימפלי פרויט תות שדה%0,*החברה המרכזית להפצת משקאותבעמ,,,"י""ח",150,"ל  מ""ל",false,1,5.30,3.53,true,1,
7290102396726,false,סימפלי פרויט אפרסק 0%,*החברה המרכזית להפצת משקאותבעמ,,,"י""ח",150,"ל  מ""ל",false,1,5.30,3.53,true,1,
7290102396740,false,מאגדת סימפלי פרויט תות ואפרסק 8יח 0%,*החברה המרכזית להפצת משקאותבעמ,,,"י""ח",8,"י""ח",false,1,30.90,3.86,false,1,
7290102397075,false,יוגורט 4% 1.5 ל בקרטון,*החברה המרכזית להפצת משקאותבעמ,,,"י""ח",1.50,ליטר,false,1,14.50,9.67,false,1,
7290102397204,false,גבינה צהובה  22% 200גר נעם דק דק סגור,*החברה המרכזית להפצת משקאותבעמ,,,"י""ח",200,ל  גרם,false,1,15.90,7.95,true,1,
7290102397600,false,מולר מיקס ביו שקדים ובוטנים בקרמל170ג,*החברה המרכזית להפצת משקאותבעמ,,,"י""ח",170,ל  גרם,false,1,6,3.53,false,1,
7290102397617,false,מולר מיקס קליק,*החברה המרכזית להפצת משקאותבעמ,,,"י""ח",500,ל  גרם,false,1,6,1.20,false,1,
7290102397679,false,קוטג 5% 375ג,*החברה המרכזית להפצת משקאותבעמ,,,"י""ח",350,ל  גרם,false,1,7.90,2.26,false,1,
7290102397730,false,אמנטל נעם 200ג,*החברה המרכזית להפצת משקאותבעמ,,,"י""ח",200,ל  גרם,false,1,17.90,8.95,true,1,
7290102397747,false,מוצרלה נעם 200ג,*החברה המרכזית להפצת משקאותבעמ,,,"י""ח",200,ל  גרם,false,1,18.90,9.45,true,1,
7290102397891,false,גבינת מותכת 100ג צוריאל,*החברה המרכזית להפצת משקאותבעמ,,,"י""ח",100,"ל  מ""ל",false,1,6.90,6.90,false,1,
7290102398065,false,חלב טרה קרטון 2 ליטר   מהדרין*%*3,*החברה המרכזית להפצת משקאותבעמ,,,"י""ח",2,ליטר,false,1,12.46,6.23,false,1,
7290102398331,false,חלב מועשר דל לקטוז1ליטר קרטון,*החברה המרכזית להפצת משקאותבעמ,,,"י""ח",1,ליטר,false,1,7.70,7.70,false,1,
7290102398478,false,לאבנה 9% 500ג.,*החברה המרכזית להפצת משקאותבעמ,,,"י""ח",500,ל  גרם,false,1,18.90,3.78,false,1,
7290102398553,false,שוקו טרה בבקבוק 1.5ליטר,*החברה המרכזית להפצת משקאותבעמ,,,"י""ח",1.50,ליטר,false,1,17.40,11.60,false,1,
7290102398560,false,שוקו מעושר 1ל בקבוק טרה,*החברה המרכזית להפצת משקאותבעמ,,,"י""ח",1,ליטר,false,1,12.10,12.10,true,1,
7290102398577,false,"שוקו מעושר 250מ""ל בקבוק פקק ספורט",*החברה המרכזית להפצת משקאותבעמ,,,"י""ח",250,"ל  מ""ל",false,1,5.70,2.28,false,1,
7290102398614,false,משקה חלב טעם בננה  1ל בקבוק,*החברה המרכזית להפצת משקאותבעמ,,,"י""ח",1,ליטר,false,1,12.10,12.10,true,1,
7290102398669,false,משקה קפוצינו 1 ליטר. טרה,*החברה המרכזית להפצת משקאותבעמ,,,"י""ח",1,ליטר,false,1,12.10,12.10,true,1,
7290102398782,false,משקה סויה קלאסי 1ל בקבוק משק צוריא,*החברה המרכזית להפצת משקאותבעמ,,,"י""ח",1,ליטר,false,1,11.90,11.90,false,1,
7290102398836,false,משקה שקדים קלאסי 1ליטר משק צוריא,*החברה המרכזית להפצת משקאותבעמ,,,"י""ח",1,ליטר,false,1,12.90,12.90,false,1,
7290102399048,false,קשקבל נעם 200גרם,*החברה המרכזית להפצת משקאותבעמ,,,"י""ח",200,ל  גרם,false,1,22.90,11.45,true,1,
7290102399789,false,ממרח חמאת מולר ללא מלח  250ג,*החברה המרכזית להפצת משקאותבעמ,,,"י""ח",250,ל  גרם,false,1,16.90,6.76,false,1,
7290102399796,false,מולר אקטיב יוגורט לבן 200ג,*החברה המרכזית להפצת משקאותבעמ,,,"י""ח",200,"ל  מ""ל",false,1,6,3,true,1,
7290102399819,false,מולר אקטיב יוגורט עם פ.יער 200ג,*החברה המרכזית להפצת משקאותבעמ,,,"י""ח",200,"ל  מ""ל",false,1,6,3,true,1,
7290102399857,false,מולר אקטיב לייט יוגורט עם תות 0%  200ג,*החברה המרכזית להפצת משקאותבעמ,,,"י""ח",200,"ל  מ""ל",false,1,6,3,true,1,
7290102840175,false,פודינג וניל 85גר`,מיה תעשיות מזון מ.ת.מ בעמ,,,"י""ח",85,ל  גרם,false,1,3.90,4.59,false,1,
7290103120658,false,ספיד סטיק 24/7 שחור ג ל,ש.שסטוביץ בעמ,,,"י""ח",1,"י""ח",false,1,19.90,19.90,true,1,
7290103124588,false,"פלמוליב סבון נוזלי סגול משאבה 750 מ""ל",ש.שסטוביץ בעמ,,,"י""ח",750,"ל  מ""ל",false,1,19.90,2.65,true,1,
7290103124601,false,"פלמוליב סבון נוזלי חלב משאבה 750 מ""ל",ש.שסטוביץ בעמ,,,"י""ח",750,"ל  מ""ל",false,1,19.90,2.65,true,1,
7290103128739,false,צמרונים לתינוק,ש.שסטוביץ בעמ,,,"י""ח",1,"י""ח",false,1,5.90,5.90,false,1,
7290103401429,false,קפה נמס ברזילאי  200גר,"שטראוס גרופ בע""מ",,,"י""ח",200,ל  גרם,false,1,24.90,12.45,true,1,
7290103404758,false,כרוב 120גר`,"שטראוס גרופ ***בע""מ",,,"י""ח",120,ל  גרם,false,1,4.80,4,true,1,
7290103681210,false,"יין אדום תבור הר שרדונה 750מ""ל",*החברה המרכזית להפצת משקאותבעמ,,,"י""ח",750,"ל  מ""ל",false,1,35.90,4.75,false,1,
7290103700034,false,טאצ`מטליות בגליל,שניב תעשיות נייר בעמ,,,"י""ח",1,,false,1,18.90,18.90,false,1,
7290103700379,false,טאצ`כריות ענקיות שלישיה,שניב תעשיות נייר בעמ,,,"י""ח",1,,false,1,9.90,9.90,true,1,
7290103700386,false,טאצ`כריות קרצוף שישיה,שניב תעשיות נייר בעמ,,,"י""ח",1,,false,1,9.90,9.90,true,1,
7290103700997,false,נייר טואלט לובלי 40גלילים,שניב תעשיות נייר בעמ,,,"י""ח",1969,ל  גרם,false,1,39.90,2.03,false,1,
7290103701017,false,נייר אפיה טאצ,שניב תעשיות נייר בעמ,,,"י""ח",10,"י""ח",false,1,9.90,0.99,true,1,
7290103702229,false,טאצ`מפות שולחן שמינייה עבות במיוחד,שניב תעשיות נייר בעמ,,,"י""ח",1,,false,1,9.90,9.90,false,1,
7290103702236,false,טאצ`מפות שולחן שישיה עבות במיוחד,שניב תעשיות נייר בעמ,,,"י""ח",1,,false,1,9.90,9.90,false,1,
7290103702304,false,טאצ`אשפתון עבה במיוחד 35יח בגליל 90*7,שניב תעשיות נייר בעמ,,,"י""ח",50,"י""ח",false,1,16.90,0.34,true,1,
7290103702328,false,טאצ`אשפתון עבה וחזק במיוחד 25יח בגליל,שניב תעשיות נייר בעמ,,,"י""ח",50,"י""ח",false,1,16.90,0.34,true,1,
7290103702540,false,נייר טואלט מהדורה כדור פורח 30יח,שניב תעשיות נייר בעמ,,,"י""ח",30,"י""ח",false,1,25.90,0.86,true,1,
7290103702779,false,מפיות  טאצ `150יח`,שניב תעשיות נייר בעמ,,,"י""ח",150,"י""ח",false,1,7.90,0.05,true,1,
7290103703219,false,מטליות לחות בדלי לניקוי כללי לימון טאצ,סאסאטק אגשח בעמ,,,"י""ח",7,"י""ח",false,1,21.90,3.13,true,1,
7290103703233,false,מטליות לחות לניקוי כללי דלי תפוח טאצ.,סאסאטק אגשח בעמ,,,"י""ח",1,"י""ח",false,1,21.90,21.90,true,1,
7290103704155,false,מגבת מטבח טאצ` 6 גליל,שניב תעשיות נייר בעמ,,,"י""ח",6,"י""ח",false,1,10.90,1.82,false,1,
7290103704162,false,נייר טואלט טאצ 32 גליל,שניב תעשיות נייר בעמ,,,"י""ח",32,"י""ח",false,1,29.90,0.93,false,1,
7290103704575,false,נייר טואלט טאצ 48גליל,שניב תעשיות נייר בעמ,,,"י""ח",48,"י""ח",false,1,39.90,0.83,false,1,
7290103704766,false,נייר טואלט טאצ 24 גליל כפול מהדורת פרח,שניב תעשיות נייר בעמ,,,"י""ח",883,מטר,false,1,41.90,0.05,true,1,
7290103746001,false,ממחטות אף  חמישייה טאצ`,שניב תעשיות נייר בעמ,,,"י""ח",1,,false,1,13.90,13.90,true,1,
7290104005176,false,חגורת גבר,ביג מול בעמ,,,"י""ח",1,,false,1,19.90,19.90,false,1,
7290104061417,false,חומוס טחינה 400 גר`אחלה,"שטראוס גרופ ***בע""מ",,,"י""ח",400,ל  גרם,false,1,10.90,2.73,true,1,
7290104061424,false,חומוס זעתר 400גר`,"שטראוס גרופ ***בע""מ",,,"י""ח",400,ל  גרם,false,1,10.90,2.73,true,1,
7290104061431,false,חומוס אחלה צנובר 400גר`,"שטראוס גרופ ***בע""מ",,,"י""ח",400,ל  גרם,false,1,10.90,2.73,true,1,
7290104061448,false,חומוס אחלה חריף 400 גר`שטראוס,"שטראוס גרופ ***בע""מ",,,"י""ח",400,ל  גרם,false,1,10.90,2.73,true,1,
7290104062599,false,מארז סופר גמדים תות בננה שמינייה,"שטראוס גרופ ***בע""מ",,,"י""ח",800,ל  גרם,false,1,18.70,2.34,true,1,
7290104064012,false,חטיף GOOD2 שוקולד לבן פסק זמן 36גרם,"שטראוס גרופ בע""מ",,,"י""ח",36,ל  גרם,false,1,4.90,13.61,true,1,
7290104065187,false,קפה נמס בטעם מוקה 200 ג`,"שטראוס גרופ בע""מ",,,"י""ח",200,ל  גרם,false,1,21.90,10.95,true,1,
7290104066566,false,סלט טחינה שומשום מלא 500גר אחלה,"שטראוס גרופ ***בע""מ",,,"י""ח",500,ל  גרם,false,1,13.90,2.78,true,1,
7290104067693,false,חומוס חריף 150גר,"שטראוס גרופ ***בע""מ",,,"י""ח",150,ל  גרם,false,1,5.50,3.67,true,1,
7290104068546,false,מסטיק מאסט פליפטופ קולה עם קרח ולימון,"שטראוס גרופ בע""מ",,,"י""ח",28,ל  גרם,false,1,4.30,15.36,true,1,
7290104289606,false,מטריה מיני צבעים חלקים,עולם הבית שיווק והפצה בעמ,,,"י""ח",1,,false,1,36.90,36.90,false,1,
7290104500572,false,אפרופו איטליאנו 50 גרם,קבוצת אוסם סחר-שות.מוגבלת,,,"י""ח",50,ל  גרם,false,1,5,10,true,1,
7290104501661,false,פודינג בטעם וניל צרפתי,קבוצת אוסם סחר-שות.מוגבלת,,,"י""ח",110,ל  גרם,false,1,5.90,5.36,true,1,
7290104508189,false,גביעי גלידה ממותקים 24 אוסם,קבוצת אוסם סחר-שות.מוגבלת,,,"י""ח",24,"י""ח",false,1,13.90,0.58,false,1,
7290104508202,false,גביעי גלידה אמריקאים 24יח אוסם,קבוצת אוסם סחר-שות.מוגבלת,,,"י""ח",24,"י""ח",false,1,13.90,0.58,false,1,
7290104720499,false,"מארז 8 דני וניל  1ק""ג כשל""פ רובין","שטראוס גרופ ***בע""מ",,,"י""ח",1,"ק""ג",false,1,15.90,15.90,true,1,
7290104721762,false,קפה שלשות 85גר` עלית,"שטראוס גרופ בע""מ",,,"י""ח",1,"י""ח",false,1,22.10,22.10,true,1,
7290104722530,false,תפוצי פס 200 ג,"שטראוס פריטו ליי בע""מ",,,"י""ח",200,ל  גרם,false,1,10.90,5.45,true,1,
7290104726262,false,מארז 4 דני   500גר,"שטראוס גרופ ***בע""מ",,,"י""ח",500,ל  גרם,false,1,10.90,2.18,true,1,
7290104726712,false,"מארז מילקי שמינייה רובין כשל""פ 1064גר","שטראוס גרופ ***בע""מ",,,"י""ח",868,"ל  מ""ל",false,1,19.90,2.29,true,1,
7290104728310,false,שמנת להקצפה 38%  שומן מהדרין*פ (יטבתה),"שטראוס גרופ ***בע""מ",,,"י""ח",250,"ל  מ""ל",false,1,6.47,2.59,true,1,
7290104729003,false,"שמן זית יד מרדכי כ.מעולה 750 מ""ל  מד.","שטראוס גרופ בע""מ",,,"י""ח",750,"ל  מ""ל",false,1,33.30,4.44,true,1,
7290104729010,false,לבן טעם תות 100גרם,"שטראוס גרופ ***בע""מ",,,"י""ח",100,"ל  מ""ל",false,1,1.40,1.40,true,1,
7290104961885,false,מרכך קרטין אינטנס,החב הדרומית לשיווק,,,"י""ח",700,"ל  מ""ל",false,1,29.90,4.27,false,1,
7290104962073,false,דאו`טיטניום ספריי,החב הדרומית לשיווק,,,"י""ח",100,ל  גרם,false,1,14.90,14.90,false,1,
7290104962080,false,טיטניום ספריי,החב הדרומית לשיווק,,,"י""ח",150,"ל  מ""ל",false,1,10.90,7.27,false,1,
7290104962684,false,נושם רול און,החב הדרומית לשיווק,,,"י""ח",75,ל  גרם,false,1,11.90,15.87,false,1,
7290104963018,false,מגבונים סופטקר ללא בישום רביעייה,החב הדרומית לשיווק,,,"י""ח",4,"י""ח",false,1,17.90,4.48,false,1,
7290104965654,false,דאו סטיק  נושם בנות SWEET KISS קרליין,החב הדרומית לשיווק,,,"י""ח",50,ל  גרם,false,1,14.90,29.80,false,1,
7290104965661,false,קרליין נושם ספריי,החב הדרומית לשיווק,,,"י""ח",1,,false,1,11.90,11.90,false,1,
7290105360250,false,קפסולות מקיאטו עלית 50גר,"שטראוס גרופ בע""מ",,,"י""ח",50,ל  גרם,false,1,19.90,39.80,true,1,
7290105360328,false,קפסולות אספרסו חזק עלית 50גר,"שטראוס גרופ בע""מ",,,"י""ח",50,ל  גרם,false,1,19.90,39.80,true,1,
7290105360335,false,קפסולות אספרסו  עלית 50גר,"שטראוס גרופ בע""מ",,,"י""ח",50,ל  גרם,false,1,19.90,39.80,true,1,
7290105362339,false,שמנת לבישול 15% שומן מהדרין(יטבתה,"שטראוס גרופ ***בע""מ",,,"י""ח",250,"ל  מ""ל",false,1,8.40,3.36,true,1,
7290105363602,false,כיף כף מקלות קלאסי 40גר,"שטראוס גרופ בע""מ",,,"י""ח",40,ל  גרם,false,1,4.80,12,true,1,
7290105364289,false,כיף כף מקלות פיצפוצים 40גר,"שטראוס גרופ בע""מ",,,"י""ח",40,ל  גרם,false,1,4.80,12,true,1,
7290105364302,false,כיף כף מקלות אגוזים 42גר,"שטראוס גרופ בע""מ",,,"י""ח",40,ל  גרם,false,1,4.80,12,true,1,
7290105366023,false,סלט אחלה חצילים טעם כבד 400 גרם,"שטראוס גרופ ***בע""מ",,,"י""ח",400,ל  גרם,false,1,14.90,3.73,true,1,
7290105366047,false,טחינה לבנה אחלה 400גרם,"שטראוס גרופ ***בע""מ",,,"י""ח",400,ל  גרם,false,1,13.90,3.48,true,1,
7290105366993,false,סימפוניה פלפל שיפקה  200גר,"שטראוס גרופ ***בע""מ",,,"י""ח",200,ל  גרם,false,1,11.40,5.70,true,1,
7290105368331,false,מילקי  תות}שטראוס{,"שטראוס גרופ ***בע""מ",,,"י""ח",130,"ל  מ""ל",false,1,2.90,2.23,true,1,
7290105368904,false,שמנת מתוקה להקצפה 32% שומן מהדרין,"שטראוס גרופ ***בע""מ",,,"י""ח",250,"ל  מ""ל",false,1,7.60,3.04,true,1,
7290105368928,false,"שמנת 9% מהדרין 200מ""ל","שטראוס גרופ ***בע""מ",,,"י""ח",200,"ל  מ""ל",false,1,3.10,1.55,true,1,
7290105369130,false,סימפוניה בצל ירוק 3% 200גר,"שטראוס גרופ ***בע""מ",,,"י""ח",200,ל  גרם,false,1,11.40,5.70,true,1,
7290105369451,false,ציטוס דולפינים 55גרם,"שטראוס פריטו ליי בע""מ",,,"י""ח",55,ל  גרם,false,1,3.50,6.36,true,1,
7290105430458,false,"פלמוליב סבון נוזלי שקדים משאבה 750 מ""ל",ש.שסטוביץ בעמ,,,"י""ח",750,"ל  מ""ל",false,1,19.90,2.65,true,1,
7290105431516,false,פרי  מארז 5 דגנים טעם תמרים בוטנים.,ש.שסטוביץ בעמ,,,"י""ח",5,"י""ח",false,1,16.90,3.38,false,1,
7290105439499,false,מיונז 481ג מאסטר שף,ש.שסטוביץ בעמ,,,"י""ח",481,ל  גרם,false,1,9.90,2.06,false,1,
7290105439581,false,חרדל דיזון 370ג צרפתי מאסטר שף,ש.שסטוביץ בעמ,,,"י""ח",370,ל  גרם,false,1,11.90,3.22,false,1,
7290105474070,false,לה קט מוס טונה  155ג,דיפלומט מפיצים (1968) בעמ**,,,"י""ח",1.55,"ק""ג",false,1,5.90,3.81,false,1,
7290105479679,false,"בונזו בקר וכבד 12ק""ג מחולק",דיפלומט מפיצים (1968) בעמ**,,,"י""ח",12,"ק""ג",false,1,129.90,10.83,false,1,
7290105500151,false,וודקה פינלנדיה רגיל 700,מ.אקרמן בעמ,,,"י""ח",750,"ל  מ""ל",false,1,68.90,9.15,true,1,
7290105691248,false,חטיפי פריכונים טורטיה תירס 60 גר,קבוצת אוסם סחר-שות.מוגבלת,,,"י""ח",60,ל  גרם,false,1,7.90,13.17,false,1,
7290105691934,false,"קמח שמרים 1ק""ג",קבוצת אוסם סחר-שות.מוגבלת,,,"י""ח",1,"ק""ג",false,1,10.90,10.90,false,1,
7290105693341,false,במבה  מארז 10 יחידות 25גרם.,קבוצת אוסם סחר-שות.מוגבלת,,,"י""ח",250,ל  גרם,false,1,16.90,6.76,true,1,
7290105693457,false,עוגת הבית דמקה טעם שוקו וניל,קבוצת אוסם סחר-שות.מוגבלת,,,"י""ח",400,ל  גרם,false,1,11.90,2.98,false,1,
7290105694614,false,ספגטי מהיר הכנה,קבוצת אוסם סחר-שות.מוגבלת,,,"י""ח",500,ל  גרם,false,1,5.90,1.18,true,1,
7290105695024,false,פתיתים אפויים אורז עם אטריות,קבוצת אוסם סחר-שות.מוגבלת,,,"י""ח",500,ל  גרם,false,1,7.90,1.58,true,1,
7290105695321,false,עוגת בראוניז  פאדג`380גר`,קבוצת אוסם סחר-שות.מוגבלת,,,"י""ח",380,ל  גרם,false,1,18.90,4.97,false,1,
7290105962331,false,סחוג אדום זהבי  220גרם,"שטראוס גרופ ***בע""מ",,,"י""ח",220,ל  גרם,false,1,11.50,5.23,true,1,
7290105964564,false,חומוס אחלה  400 גרם. שטראוס,"שטראוס גרופ ***בע""מ",,,"י""ח",400,ל  גרם,false,1,8.50,2.13,true,1,
7290105965738,false,"משקה בוקר לשתיה תות בננה 267מ""ל","שטראוס גרופ ***בע""מ",,,"י""ח",267,ל  גרם,false,1,5,1.87,true,1,
7290105966469,false,"חומץ בלסמי יד מרדכי 250מ""ל","שטראוס גרופ בע""מ",,,"י""ח",250,"ל  מ""ל",false,1,14.70,5.88,true,1,
7290105968098,false,סלט קולסלאו 500גר,"שטראוס גרופ ***בע""מ",,,"י""ח",500,ל  גרם,false,1,13.90,2.78,true,1,
7290105968654,false,טורטליני בטטה שטראוס פרווה,"שטראוס גרופ ***בע""מ",,,"י""ח",400,ל  גרם,false,1,19.90,4.98,true,1,
7290105968777,false,פרכיות  אנרג`תחתית שוקולד מריר70גר,"שטראוס גרופ בע""מ",,,"י""ח",1,,false,1,8.90,8.90,true,1,
7290106520066,false,אצבעות רבע לשבע 160גר`,"שטראוס גרופ בע""מ",,,"י""ח",160,ל  גרם,false,1,12.90,8.06,true,1,
7290106520288,false,דנונה WOW תות 2.4%  150גר,"שטראוס גרופ ***בע""מ",,,"י""ח",150,"ל  מ""ל",false,1,4.90,3.27,true,1,
7290106520905,false,סלט טורקי 400גר,"שטראוס גרופ ***בע""מ",,,"י""ח",400,ל  גרם,false,1,13.90,3.48,true,1,
7290106520912,false,שמנת לבישול 9% שומן 258גר  מהדרין יטבתה,"שטראוס גרופ ***בע""מ",,,"י""ח",258,"ל  מ""ל",false,1,8.40,3.26,true,1,
7290106521049,false,סלט סלק  400גר,"שטראוס גרופ ***בע""מ",,,"י""ח",500,ל  גרם,false,1,13.90,2.78,true,1,
7290106521926,false,קפה טורקי שקית 150 עלית 10%.,"שטראוס גרופ בע""מ",,,"י""ח",150,ל  גרם,false,1,13.50,9,true,1,
7290106524439,false,תפוצ יפס פופס 60ג,"שטראוס פריטו ליי בע""מ",,,"י""ח",60,ל  גרם,false,1,4.50,7.50,true,1,
7290106525320,false,שוקולית לאפיה  500 גר,"שטראוס גרופ בע""מ",,,"י""ח",500,ל  גרם,false,1,15.50,3.10,true,1,
7290106525368,false,אצבעות רבע לשבע שחור לבן 120גר`,"שטראוס גרופ בע""מ",,,"י""ח",120,ל  גרם,false,1,12.90,10.75,true,1,
7290106525399,false,קפסולות ברזיל 06 עלית 50גר,"שטראוס גרופ בע""מ",,,"י""ח",50,ל  גרם,false,1,19.90,39.80,true,1,
7290106526822,false,פריכיות אנרג`י תחתית  חלב 80גר,"שטראוס גרופ בע""מ",,,"י""ח",80,ל  גרם,false,1,8.90,11.13,true,1,
7290106528567,false,דוריטוס גריל 185ג,"שטראוס פריטו ליי בע""מ",,,"י""ח",185,ל  גרם,false,1,6.90,3.73,true,1,
7290106528628,false,דוריטוס טבעי  185ג,"שטראוס פריטו ליי בע""מ",,,"י""ח",185,ל  גרם,false,1,6.90,3.73,true,1,
7290106571921,false,עוגיות חמוציות 180גר,קבוצת אוסם סחר-שות.מוגבלת,,,"י""ח",180,ל  גרם,false,1,11.90,6.61,true,1,
7290106572027,false,לחמית חמישה דגנים 190גר,קבוצת אוסם סחר-שות.מוגבלת,,,"י""ח",230,ל  גרם,false,1,9.90,4.30,true,1,
7290106572065,false,חטיפי פריכונים טורטיה חמוץ מתוק 60 גר,קבוצת אוסם סחר-שות.מוגבלת,,,"י""ח",60,ל  גרם,false,1,7.90,13.17,false,1,
7290106572959,false,מארז אפרופו 5 יח,קבוצת אוסם סחר-שות.מוגבלת,,,"י""ח",150,ל  גרם,false,1,13.10,8.73,true,1,
7290106573598,false,חומוס לבנוני 400 גרם,קבוצת אוסם סחר-שות.מוגבלת,,,"י""ח",400,ל  גרם,false,1,12.70,3.18,true,1,
7290106575011,false,פתיתים אפויים קוסקוס פלוס ח.מלאה 400גר,קבוצת אוסם סחר-שות.מוגבלת,,,"י""ח",500,ל  גרם,false,1,7.60,1.52,false,1,
7290106575257,false,עוגת סופלה טעם שוקולד 340גר,קבוצת אוסם סחר-שות.מוגבלת,,,"י""ח",340,ל  גרם,false,1,11.90,3.50,false,1,
7290106575431,false,עוגת סופלה טעם שוקו וניל 340גר,קבוצת אוסם סחר-שות.מוגבלת,,,"י""ח",340,ל  גרם,false,1,11.90,3.50,false,1,
7290106576513,false,חומוס צבר 400גר,קבוצת אוסם סחר-שות.מוגבלת,,,"י""ח",400,ל  גרם,false,1,11.90,2.98,false,1,
7290106576537,false,חומוס מסעדה 700גר צבר,קבוצת אוסם סחר-שות.מוגבלת,,,"י""ח",700,ל  גרם,false,1,11.70,1.67,false,1,
7290106576995,false,לה קרמריה סורבה תות מנג לייט  1.4 ליטר,נגה גלידות,,,"י""ח",1.40,ליטר,false,1,18.90,13.50,false,1,
7290106577282,false,טחינה מרובע 400גר,קבוצת אוסם סחר-שות.מוגבלת,,,"י""ח",400,ל  גרם,false,1,12.70,3.18,true,1,
7290106577541,false,כרוב אדום צבר  400גר,קבוצת אוסם סחר-שות.מוגבלת,,,"י""ח",400,ל  גרם,false,1,12.70,3.18,true,1,
7290106577572,false,סלט מטבוחה מרובע 400 גרם,קבוצת אוסם סחר-שות.מוגבלת,,,"י""ח",400,ל  גרם,false,1,12.90,3.23,true,1,
7290106578692,false,ביסלי במבה מיקס מהדורת אליפות 80גר,קבוצת אוסם סחר-שות.מוגבלת,,,"י""ח",60,ל  גרם,false,1,4.30,7.17,true,1,
7290106578821,false,עוגת שמרים שוקולד קלאסית 350גר,קבוצת אוסם סחר-שות.מוגבלת,,,"י""ח",350,ל  גרם,false,1,17.90,5.11,false,1,
7290106652996,false,כיף כף מקלות קוקוס   40גר,"שטראוס גרופ בע""מ",,,"י""ח",40,ל  גרם,false,1,4.80,12,true,1,
7290106654099,false,מילקי  CAKE מאגדת שמינייה שטראוס,"שטראוס גרופ ***בע""מ",,,"י""ח",272,ל  גרם,false,1,20,7.35,true,1,
7290106662025,false,תפוצ יפס  מלח פלפל  50ג,"שטראוס פריטו ליי בע""מ",,,"י""ח",50,ל  גרם,false,1,4.50,9,true,1,
7290106663091,false,לאבנה 9% 500גר`,"שטראוס גרופ ***בע""מ",,,"י""ח",500,ל  גרם,false,1,17.90,3.58,true,1,
7290106663121,false,מילקי CAKE בודד,"שטראוס גרופ ***בע""מ",,,"י""ח",34,ל  גרם,false,1,3,8.82,true,1,
7290106663503,false,קונפיטורת לייט תות,"שטראוס גרופ בע""מ",,,"י""ח",250,ל  גרם,false,1,13.70,5.48,true,1,
7290106663558,false,"רוטב טריאקי רימון 280מ""ל","שטראוס גרופ בע""מ",,,"י""ח",280,"ל  מ""ל",false,1,12.90,4.61,true,1,
7290106664067,false,לאבנה שמן זית וזעתר 10% שומן 400גר,"שטראוס גרופ ***בע""מ",,,"י""ח",400,ל  גרם,false,1,15.10,3.78,true,1,
7290106664555,false,רוטב שמנת עם עגבניות  9%,"שטראוס גרופ ***בע""מ",,,"י""ח",200,ל  גרם,false,1,10.90,5.45,true,1,
7290106666788,false,סוכ דבש נוסטלגיה  100גר,"שטראוס גרופ בע""מ",,,"י""ח",100,ל  גרם,false,1,5.90,5.90,true,1,
7290106667266,false,דוריטוס חמוץ חריף 185ג,"שטראוס פריטו ליי בע""מ",,,"י""ח",185,ל  גרם,false,1,7.50,4.05,true,1,
7290106668577,false,"מיץ לימון טבעי 250מ""ל יד מרדכי","שטראוס גרופ בע""מ",,,"י""ח",250,"ל  מ""ל",false,1,7.80,3.12,true,1,
7290106668713,false,דנונה פירות יער 3%,"שטראוס גרופ ***בע""מ",,,"י""ח",150,"ל  מ""ל",false,1,3.90,2.60,true,1,
7290106720626,false,ציטוס גבינה 80ג,"שטראוס פריטו ליי בע""מ",,,"י""ח",80,ל  גרם,false,1,4.20,5.25,true,1,
7290106721913,false,מסטיק מאסט ריח פה צ`יקלט 66גר,"שטראוס גרופ בע""מ",,,"י""ח",66,ל  גרם,false,1,9.90,15,true,1,
7290106721920,false,מסטיק מאסט ספירמינט צ`יקלט 66גר,"שטראוס גרופ בע""מ",,,"י""ח",66,ל  גרם,false,1,9.90,15,true,1,
7290106726178,false,דנונה WOW פירות יער  2.4%  150גר,"שטראוס גרופ ***בע""מ",,,"י""ח",150,"ל  מ""ל",false,1,4.90,3.27,true,1,
7290106727984,false,גביע פצפצים 135גר,"שטראוס גרופ בע""מ",,,"י""ח",135,ל  גרם,false,1,9.90,7.33,true,1,
7290106729650,false,מארז דנונה שמינייה תות  3% 150גר,"שטראוס גרופ ***בע""מ",,,"י""ח",1.20,ליטר,false,1,25,20.83,true,1,
7290107280020,false,מטליות לחות לניקוי כללי 50 * 3 מארז סנ,החב הדרומית לשיווק,,,"י""ח",1,,false,1,18.90,18.90,false,1,
7290107280082,false,מגשית אלומיניום מארז 7 יח אינגליש קייק,החב הדרומית לשיווק,,,"י""ח",1,,false,1,9.90,9.90,false,1,
7290107280099,false,מגבוני ט. סנו סופט  לחים שלישייה,החב הדרומית לשיווק,,,"י""ח",3,"י""ח",false,1,15.90,5.30,false,1,
7290107280341,false,מטליות לחות לרצפה מלון מפנק  10 יחידו,החב הדרומית לשיווק,,,"י""ח",1,,false,1,12.90,12.90,false,1,
7290107280396,false,"סנו גט מרסס למטבח 750מ""ל",החב הדרומית לשיווק,,,"י""ח",750,"ל  מ""ל",false,1,15.90,2.12,false,1,
7290107280563,false,סנו אוקסיגן  ג`ל בייבי  3ליטר,החב הדרומית לשיווק,,,"י""ח",3,ליטר,false,1,28.90,9.63,false,1,
7290107280570,false,סנו ג ל כביסה 3ליטר מיקס,החב הדרומית לשיווק,,,"י""ח",3,ליטר,false,1,28.90,9.63,false,1,
7290107280587,false,סנובון מוצק שלדאבל אקשן בניחוח פרחים ורו,החב הדרומית לשיווק,,,"י""ח",750,"ל  מ""ל",false,1,10.90,1.45,false,1,
7290107280600,false,ספארק 100 טבליות למדיח,החב הדרומית לשיווק,,,"י""ח",100,"י""ח",false,1,49.90,0.50,false,1,
7290107280655,false,"מקסימה 3.25ק""ג",החב הדרומית לשיווק,,,"י""ח",3.25,"ק""ג",false,1,29.90,9.20,false,1,
7290107280716,false,"מלח למדיח 2ק""ג ספארק",החב הדרומית לשיווק,,,"י""ח",2,"ק""ג",false,1,12.90,6.45,false,1,
7290107280723,false,"נוזל כלים סנו ספארק 700מ""ל לימון",החב הדרומית לשיווק,,,"י""ח",700,"ל  מ""ל",false,1,9.90,1.41,false,1,
7290107280730,false,"נוזל כלים סנו ספארק 700מ""ל לבנדר",החב הדרומית לשיווק,,,"י""ח",700,"ל  מ""ל",false,1,9.90,1.41,false,1,
7290107280747,false,"נוזל כלים סנו ספארק 700מ""ל קלאסי",החב הדרומית לשיווק,,,"י""ח",700,"ל  מ""ל",false,1,9.90,1.41,false,1,
7290107280761,false,נוזל כלים סנו ספארק 1ל לימון,החב הדרומית לשיווק,,,"י""ח",1,ליטר,false,1,12.90,12.90,false,1,
7290107644488,false,בייגלה שמיניות  255ג,יוניליוור ישראל שיווק בעמ,,,"י""ח",255,ל  גרם,false,1,5.90,2.31,false,1,
7290107645591,false,מרק טעם עוף  400 ג קנור ר.טבעים,יוניליוור ישראל שיווק בעמ,,,"י""ח",400,ל  גרם,false,1,14.90,3.73,false,1,
7290107646147,false,חטיפי שוגי קורנפלקס שישייה 156גר.,יוניליוור ישראל שיווק בעמ,,,"י""ח",156,ל  גרם,false,1,13.90,8.91,false,1,
7290107646154,false,חטיפי קוקומן פצפ. טעם שוקו שישייה 126ג,יוניליוור ישראל שיווק בעמ,,,"י""ח",156,ל  גרם,false,1,13.90,8.91,false,1,
7290107646826,false,חטיפי דגנים פתיתי תירס בשוקולד,יוניליוור ישראל שיווק בעמ,,,"י""ח",156,ל  גרם,false,1,13.90,8.91,false,1,
7290107647656,false,מאגדת מיני סולרו קוקו אנ פס 1/5,גלידות שטראוס בעמ,,,"י""ח",354,ל  גרם,false,1,22.90,6.47,false,1,
7290107647731,false,קוקומן חום לבן 20% פחות סוכר 375 גרם ב,יוניליוור ישראל שיווק בעמ,,,"י""ח",375,ל  גרם,false,1,19.90,5.31,true,1,
7290107647816,false,~ברנפלקס ללא תוספות 500גרם,יוניליוור ישראל שיווק בעמ,,,"י""ח",500,ל  גרם,false,1,19.90,3.98,false,1,
7290107647854,false,שוגי 20% פחות סוכר 500  גר,יוניליוור ישראל שיווק בעמ,,,"י""ח",500,ל  גרם,false,1,19.90,3.98,true,1,
7290107648943,false,ברנפלקס קראנצים מייפל 375ג,יוניליוור ישראל שיווק בעמ,,,"י""ח",400,ל  גרם,false,1,19.90,4.98,false,1,
7290107649780,false,שלגון שוקובו שוקו,גלידות שטראוס בעמ,,,"י""ח",1,,false,1,10,10,true,1,
7290107649858,false,מגנום לבן,גלידות שטראוס בעמ,,,"י""ח",85,ל  גרם,false,1,10,11.76,true,1,
7290107871297,false,פריכונים מיני עשבי תיבול 25ג,קבוצת אוסם סחר-שות.מוגבלת,,,"י""ח",25,ל  גרם,false,1,4.30,17.20,false,1,
7290107871990,false,פסטה אסם צינורות,קבוצת אוסם סחר-שות.מוגבלת,,,"י""ח",500,ל  גרם,false,1,5.90,1.18,true,1,
7290107874427,false,פריכונים מיני צתר 25ג,קבוצת אוסם סחר-שות.מוגבלת,,,"י""ח",25,ל  גרם,false,1,4.30,17.20,false,1,
7290107874441,false,פריכונים מיני בצל מקורמל 25ג,קבוצת אוסם סחר-שות.מוגבלת,,,"י""ח",25,ל  גרם,false,1,4.30,17.20,false,1,
7290107874502,false,ביסלי גריל מארז אחיד 4*55גר,קבוצת אוסם סחר-שות.מוגבלת,,,"י""ח",210,ל  גרם,false,1,12.90,6.14,true,1,
7290107875158,false,מארז במבה קלאסי  60*4גרם,קבוצת אוסם סחר-שות.מוגבלת,,,"י""ח",240,ל  גרם,false,1,13.70,5.71,true,1,
7290107875271,false,ביסלי ברביקיו מארז אחיד 4*55גר,קבוצת אוסם סחר-שות.מוגבלת,,,"י""ח",210,ל  גרם,false,1,12.90,6.14,true,1,
7290107875820,false,קרטונים אפויים בתיבול ביתי 180גר אסם,קבוצת אוסם סחר-שות.מוגבלת,,,"י""ח",250,ל  גרם,false,1,11.90,4.76,false,1,
7290107877619,false,במבה  נוגט מארז 30גרם *5יח,קבוצת אוסם סחר-שות.מוגבלת,,,"י""ח",150,ל  גרם,false,1,14.90,9.93,true,1,
7290107879132,false,פיטנס מיני פריכיות שוקולד חלב 22גר,קבוצת אוסם סחר-שות.מוגבלת,,,"י""ח",100,ל  גרם,false,1,4.90,4.90,false,1,
7290107932080,false,חלב יטבתה מועשר 3% בקבוק 1ליטר,"שטראוס גרופ ***בע""מ",,,"י""ח",1,ליטר,false,1,7.70,7.70,true,1,
7290107932134,false,חלב מועשר 1% בקבוק 1ליטר,"שטראוס גרופ ***בע""מ",,,"י""ח",1,ליטר,false,1,7.70,7.70,true,1,
7290107936309,false,דנונה יווני לבן 130גר.,"שטראוס גרופ ***בע""מ",,,"י""ח",130,ל  גרם,false,1,3.50,2.69,true,1,
7290107936965,false,עיגולים  שוקולד עד חצות,"שטראוס גרופ בע""מ",,,"י""ח",66,ל  גרם,false,1,13,19.70,true,1,
7290107937542,false,משקה אקטיביה תות 1.2%,"שטראוס גרופ ***בע""מ",,,"י""ח",250,"ל  מ""ל",false,1,5,2,true,1,
7290107937627,false,מסטיק מאסט קוביות ספירמינט  58ג,"שטראוס גרופ בע""מ",,,"י""ח",66,ל  גרם,false,1,9.90,15,true,1,
7290107937634,false,מסטיק מאסט קוביות פפירמינט  58ג.,"שטראוס גרופ בע""מ",,,"י""ח",66,ל  גרם,false,1,9.90,15,true,1,
7290107937856,false,קפסולות אספרסו מס11 ל. נספרסו 50ג עלית,"שטראוס גרופ בע""מ",,,"י""ח",50,ל  גרם,false,1,19.90,39.80,true,1,
7290107938396,false,אקטימל שמיניה תות בנים,"שטראוס גרופ ***בע""מ",,,"י""ח",800,"ל  מ""ל",false,1,20.90,2.61,true,1,
7290107940030,false,חומוס אחלה 650גר שטראוס,"שטראוס גרופ ***בע""מ",,,"י""ח",500,ל  גרם,false,1,8.90,1.78,true,1,
7290107942355,false,תפוצ יפס מקלות טעם טבעי 60ג.,"שטראוס פריטו ליי בע""מ",,,"י""ח",60,ל  גרם,false,1,4.50,7.50,true,1,
7290107943192,false,"שמנת חמוצה מהערבה יוטבתה 200מ""ל 27%","שטראוס גרופ ***בע""מ",,,"י""ח",200,"ל  מ""ל",false,1,3.90,1.95,true,1,
7290107944472,false,סימפוניה 5% שום שמיר 200גר,"שטראוס גרופ ***בע""מ",,,"י""ח",200,ל  גרם,false,1,11.40,5.70,true,1,
7290107945165,false,קונפיטורה משמש 340גר,"שטראוס גרופ בע""מ",,,"י""ח",340,ל  גרם,false,1,13.60,4,true,1,
7290107945240,false,קולרבי 250גר שטראוס,"שטראוס גרופ ***בע""מ",,,"י""ח",250,ל  גרם,false,1,11.90,4.76,true,1,
7290107950190,false,מעדן דיאט שוקולד מריר 130גר,"שטראוס גרופ ***בע""מ",,,"י""ח",130,ל  גרם,false,1,3.30,2.54,true,1,
7290107950206,false,מעדן דיאט שוקולד 130גר,"שטראוס גרופ ***בע""מ",,,"י""ח",130,ל  גרם,false,1,3.30,2.54,true,1,
7290107951104,false,בפלות שוקולד 200גר,"שטראוס גרופ בע""מ",,,"י""ח",200,ל  גרם,false,1,4.90,2.45,true,1,
7290107951111,false,בפלות לימון 200גר,"שטראוס גרופ בע""מ",,,"י""ח",200,ל  גרם,false,1,4.90,2.45,true,1,
7290107951715,false,מסטיק מאסט קוביות ענבים 58גר.,"שטראוס גרופ בע""מ",,,"י""ח",66,ל  גרם,false,1,9.90,15,true,1,
7290107953559,false,מארז קפה טורקי לדרך 168גר`,"שטראוס גרופ בע""מ",,,"י""ח",168,ל  גרם,false,1,18.90,11.25,true,1,
7290107954976,false,"משקה יוטבתה פרו קפה לשתיה  350מ""ל","שטראוס גרופ ***בע""מ",,,"י""ח",350,ל  גרם,false,1,6.50,1.86,true,1,
7290107956895,false,קפסולות טעם קרמל למכונות נספרסו 50גר,"שטראוס גרופ בע""מ",,,"י""ח",50,ל  גרם,false,1,19.90,39.80,true,1,
7290107956901,false,קפסולות אספרסו טעם אגוזים  150גר,"שטראוס גרופ בע""מ",,,"י""ח",50,ל  גרם,false,1,19.90,39.80,true,1,
7290107956925,false,קפסולות עלית אוגנדה 13 למכונת נספרסו,"שטראוס גרופ בע""מ",,,"י""ח",50,ל  גרם,false,1,19.90,39.80,true,1,
7290107956932,false,קפסולות אספרסו  עלית 50גר,"שטראוס גרופ בע""מ",,,"י""ח",50,ל  גרם,false,1,19.90,39.80,true,1,
7290107957069,false,מסטיק  עלמה טעם אוכמניות 66ג צנצנת,"שטראוס גרופ בע""מ",,,"י""ח",66,ל  גרם,false,1,9.90,15,true,1,
7290107957076,false,מסטיק  עלמה טעם ספירמינט 66ג צנצנת,"שטראוס גרופ בע""מ",,,"י""ח",66,ל  גרם,false,1,9.90,15,true,1,
7290107957991,false,מילקי מינייס CAKE 144ג שטראוס,"שטראוס גרופ ***בע""מ",,,"י""ח",144,ל  גרם,false,1,13.90,9.65,true,1,
7290107958035,false,"מארז 8 דנונה מתיקות מעודנת לל""ס וממתיק","שטראוס גרופ ***בע""מ",,,"י""ח",1.20,ליטר,false,1,18.50,15.42,true,1,
7290107970129,false,ליידי 24/7 רול און ירוק,ש.שסטוביץ בעמ,,,"י""ח",50,"ל  מ""ל",false,1,15.90,31.80,true,1,
7290107971539,false,פרי  חטיף בוטנים וקשיו עם שוקולד מריר,ש.שסטוביץ בעמ,,,"י""ח",250,ל  גרם,false,1,16.90,6.76,false,1,
7290107971744,false,"קולגייט  מי פה טוטל ירוק 500מ""ל",ש.שסטוביץ בעמ,,,"י""ח",500,"ל  מ""ל",false,1,29.90,5.98,true,1,
7290107973014,false,"פלמוליב סבון ידיים חלב ודבש  300מ""ל",ש.שסטוביץ בעמ,,,"י""ח",300,"ל  מ""ל",false,1,9.90,3.30,false,1,
7290107973038,false,"פלמוליב סבון ידיים אקווריום 300מ""ל",ש.שסטוביץ בעמ,,,"י""ח",300,"ל  מ""ל",false,1,9.90,3.30,false,1,
7290107973809,false,מנה עגבניות קובוית 400גר,ש.שסטוביץ בעמ,,,"י""ח",400,ל  גרם,false,1,5.90,1.48,false,1,
7290107973861,false,עגבניות קצוצות דק מנה  400גר*3,ש.שסטוביץ בעמ,,,"י""ח",1.20,"ק""ג",false,1,16.90,14.08,false,1,
7290107974066,false,עלי טורטיה  קמח מלא  320ג מאסטר שף,ש.שסטוביץ בעמ,,,"י""ח",320,ל  גרם,false,1,9.90,3.09,false,1,
7290107974073,false,טורטיה קמח לבן 320ג מאסטר שף,ש.שסטוביץ בעמ,,,"י""ח",320,ל  גרם,false,1,9.90,3.09,false,1,
7290107974080,false,עלי טורטיה קמח מלא  756ג מאסטר שף,ש.שסטוביץ בעמ,,,"י""ח",740,ל  גרם,false,1,17.90,2.42,false,1,
7290107974301,false,ליידי ספיד סטיק אלוורה ירוק,ש.שסטוביץ בעמ,,,"י""ח",1,"י""ח",false,1,19.90,19.90,true,1,
7290107974813,false,"אורז יסמין 1ק""ג מנה",ש.שסטוביץ בעמ,,,"י""ח",1,"ק""ג",false,1,10.90,10.90,false,1,
7290107974820,false,ממרח מתובל ספייסי  253ג מנה,ש.שסטוביץ בעמ,,,"י""ח",253,ל  גרם,false,1,7.90,3.12,false,1,
7290107975360,false,ליידי ספיד סטיק פיור גל,ש.שסטוביץ בעמ,,,"י""ח",1,"י""ח",false,1,19.90,19.90,true,1,
7290107975544,false,"קולגייט סמיילס ברבי 50מ""ל",ש.שסטוביץ בעמ,,,"י""ח",66,ל  גרם,false,1,11.90,18.03,false,1,
7290107977753,false,"מרידול פרודונט אקספרט 75מ""ל",ש.שסטוביץ בעמ,,,"י""ח",75,ל  גרם,false,1,24.90,33.20,false,1,
7290107978132,false,מברשת שיניים קולגייט זיגזג שישייה,ש.שסטוביץ בעמ,,,"י""ח",1,,false,1,24.90,24.90,false,1,
7290107978323,false,איטריות דקיקות 400ג מאסטר שף,ש.שסטוביץ בעמ,,,"י""ח",400,ל  גרם,false,1,5.90,1.48,true,1,
7290107978330,false,איטריות דקות 400ג מאסטר שף,ש.שסטוביץ בעמ,,,"י""ח",400,ל  גרם,false,1,5.90,1.48,true,1,
7290107978453,false,קראנצ וס גריל 55ג חדש,ש.שסטוביץ בעמ,,,"י""ח",55,ל  גרם,false,1,3.50,6.36,true,1,
7290107978460,false,קראנצ וס פלאפל  60ג חדש,ש.שסטוביץ בעמ,,,"י""ח",60,ל  גרם,false,1,3.50,5.83,true,1,
7290107978637,false,"מרידול משחת שיניים 75מ""ל.",ש.שסטוביץ בעמ,,,"י""ח",75,"ל  מ""ל",false,1,17.90,23.87,false,1,
7290107979191,false,קוקי תבנית אלומיניום עם נייר אפיה ענק,ש.שסטוביץ בעמ,,,"י""ח",1,,false,1,10.90,10.90,true,1,
7290108073881,false,חרב בועות סבון קטן-פרוזן,שמחה זה אנחנו,,,"י""ח",1,,false,1,5.90,5.90,false,1,
7290108074321,false,קופסת פופקורן וחיטיפים 6יח-ספיידרמן,שמחה זה אנחנו,,,"י""ח",1,,false,1,8.90,8.90,false,1,
7290108079357,false,מארז בלונים על מקל כסף,שמחה זה אנחנו,,,"י""ח",1,,false,1,29.90,29.90,false,1,
7290108090338,false,עגבניה תמר,ביכורי השדה צפון 1994 ג.ד. בעמ,,,"ק""ג",1,,true,1,6.90,6.90,false,1,
7290108201437,false,"קולון 101 2.5ק""ג",רקיט בנקיזר (ניר איסט) בעמ,,,"י""ח",2.50,"ק""ג",false,1,24.90,9.96,false,1,
7290108201864,false,קולון קפסולות לכביסה 1/28,רקיט בנקיזר (ניר איסט) בעמ,,,"י""ח",28,"י""ח",false,1,24.90,0.89,false,1,
7290108350128,false,שקיות אשפה חזקות סנו,החב הדרומית לשיווק,,,"י""ח",1,,false,1,24.90,24.90,false,1,
7290108350258,false,נייר טואלט סופט 12גלילים=36,החב הדרומית לשיווק,,,"י""ח",84.64,מטר,false,1,39.90,0.47,false,1,
7290108350548,false,נוזל כלים סנו ספארק 1ל לבנדר,החב הדרומית לשיווק,,,"י""ח",1,ליטר,false,1,12.90,12.90,false,1,
7290108350555,false,נוזל כלים סנו ספארק 1ל שקד,החב הדרומית לשיווק,,,"י""ח",1,ליטר,false,1,12.90,12.90,false,1,
7290108350616,false,מרכך מקסימה  כביסה 1 ליטר בלו,החב הדרומית לשיווק,,,"י""ח",1,ליטר,false,1,17.50,17.50,false,1,
7290108350623,false,מרכך מקסימהכביסה 1 ליטר סופט סילק,החב הדרומית לשיווק,,,"י""ח",1,ליטר,false,1,17.50,17.50,false,1,
7290108351149,false,סנו גט לניקוי כללי ורצפות+סודה 1.5ל.,החב הדרומית לשיווק,,,"י""ח",1.50,ליטר,false,1,14.90,9.93,false,1,
7290108351507,false,מקסימה מרכך 4 ל SOFT SILK,החב הדרומית לשיווק,,,"י""ח",4,ליטר,false,1,21.90,5.48,false,1,
7290108351514,false,מקסימה מרכך 4 ל BLUE BLOSSOM,החב הדרומית לשיווק,,,"י""ח",4,ליטר,false,1,21.90,5.48,false,1,
7290108351521,false,גל כביסה  מקסימה 5ל נואר,החב הדרומית לשיווק,,,"י""ח",5,ליטר,false,1,44.90,8.98,false,1,
7290108351583,false,"סנו גט לניקוי+ניקוי  אסלות 750מ""ל.",החב הדרומית לשיווק,,,"י""ח",750,"ל  מ""ל",false,1,8.90,1.19,true,1,
7290108351590,false,"סנופרש הום בניחוח מרכך כביסה 350מ""ל",החב הדרומית לשיווק,,,"י""ח",350,"ל  מ""ל",false,1,9.90,2.83,false,1,
7290108351613,false,ריצפז פרש הום בית מלון חלומי 2ל לרצפה,החב הדרומית לשיווק,,,"י""ח",1.45,ליטר,false,1,19.80,13.66,false,1,
7290108351675,false,גל כביסה  מקסימה 5ל Mix Wash,החב הדרומית לשיווק,,,"י""ח",5,ליטר,false,1,44.90,8.98,false,1,
7290108351705,false,פניני בישום FRESH LINEN י 275 גרם,החב הדרומית לשיווק,,,"י""ח",275,ל  גרם,false,1,19.90,7.24,false,1,
7290108351712,false,פניני בישום LOVELY י 275 גרם,החב הדרומית לשיווק,,,"י""ח",275,ל  גרם,false,1,19.90,7.24,false,1,
7290108351781,false,"סנו גט לניקוי+ניקוי  אסלות 750מ""ל.",החב הדרומית לשיווק,,,"י""ח",750,"ל  מ""ל",false,1,8.90,1.19,true,1,
7290108351804,false,מרכך מקסימה סופר מרוכז Gentle breeze 1לי,החב הדרומית לשיווק,,,"י""ח",1,ליטר,false,1,17.50,17.50,false,1,
7290108351811,false,מרכך מקסימה סופר מרוכז Floral tou 1 ליטר,החב הדרומית לשיווק,,,"י""ח",1,ליטר,false,1,17.50,17.50,false,1,
7290108351835,false,מרכך כביסה  מקסימה FLORAL TOUCH י4ל`,החב הדרומית לשיווק,,,"י""ח",4,ליטר,false,1,21.90,5.48,false,1,
7290108351996,false,תרסיס לחיטוי וניקוי בייבי 99.9%,החב הדרומית לשיווק,,,"י""ח",750,"ל  מ""ל",false,1,14.90,1.99,false,1,
7290108352009,false,ספארק קפסולות ספארק למדיח 50יח,החב הדרומית לשיווק,,,"י""ח",50,"י""ח",false,1,39.90,0.80,false,1,
7290108352054,false,צמד מברשות שיניים אורביטול +980חוט,החב הדרומית לשיווק,,,"י""ח",1,,false,1,18.90,18.90,false,1,
7290108352368,false,תוסף לחיטוי כביסה 3ליטר 99.9%,החב הדרומית לשיווק,,,"י""ח",3,ליטר,false,1,29.90,9.97,false,1,
7290108352382,false,מטליות חיטוי משטחים ואביזרים 99.9%,החב הדרומית לשיווק,,,"י""ח",1,"י""ח",false,1,9.90,9.90,false,1,
7290108352450,false,ריצפז פרש הום  2ל לרצפה  Blue Blossom,החב הדרומית לשיווק,,,"י""ח",1.45,ליטר,false,1,19.80,13.66,false,1,
7290108352535,false,מקסימה דפי בישום לחים למייבש כביסה,החב הדרומית לשיווק,,,"י""ח",750,"ל  מ""ל",false,1,12.90,1.72,true,1,
7290108352566,false,מרכך JOY 4 ליטר,החב הדרומית לשיווק,,,"י""ח",4,ליטר,false,1,21.90,5.48,false,1,
7290108352573,false,מרכך כביסה CALM מקסימה  4 ליטר,החב הדרומית לשיווק,,,"י""ח",4,ליטר,false,1,21.90,5.48,false,1,
7290108352672,false,מטלית הפלא לריצפה 1/2,החב הדרומית לשיווק,,,"י""ח",2,"י""ח",false,1,23.90,11.95,false,1,
7290108352696,false,"ניילון נצמד 45ס""מ",החב הדרומית לשיווק,,,"י""ח",1,,false,1,29.90,29.90,false,1,
7290108352702,false,נייר טואלט לח סנו  בוב ספוג שלישייה,החב הדרומית לשיווק,,,"י""ח",3,"י""ח",false,1,16.30,5.43,false,1,
7290108352801,false,שקיות אשפה לפח קטן 1/100,החב הדרומית לשיווק,,,"י""ח",100,"י""ח",false,1,18.90,0.19,false,1,
7290108352825,false,ספוג הפלא נירוסטה,החב הדרומית לשיווק,,,"י""ח",1,,false,1,10.90,10.90,false,1,
7290108352849,false,מטליות הפלא לניקוי כללי 1/3 Decor,החב הדרומית לשיווק,,,"י""ח",3,"י""ח",false,1,14.90,4.97,false,1,
7290108352870,false,סנו סושי 10 שקיות צליה XL,החב הדרומית לשיווק,,,"י""ח",10,"י""ח",false,1,7.90,0.79,false,1,
7290108352900,false,סנו סושי מגבות נייר גליל כפול 6=12,החב הדרומית לשיווק,,,"י""ח",84.64,מטר,false,1,24.90,0.29,true,1,
7290108353006,false,שקיות אוכל נקשרות 250יח,החב הדרומית לשיווק,,,"י""ח",1,,false,1,11.90,11.90,false,1,
7290108353068,false,סנו סושי כרית קרצוף עם סיבי נירוסטה,החב הדרומית לשיווק,,,"י""ח",1,,false,1,10.90,10.90,false,1,
7290108353075,false,50 מפיות אירוח איכותיות 3שכבות,החב הדרומית לשיווק,,,"י""ח",50,"י""ח",false,1,11.90,0.24,false,1,
7290108353099,false,סנו סופט ממחטות מארז 5*100יח,החב הדרומית לשיווק,,,"י""ח",500,"י""ח",false,1,12.90,0.03,false,1,
7290108353372,false,מברשות שיניים 12000 סיבי פחם NANO,החב הדרומית לשיווק,,,"י""ח",1,,false,1,29.90,29.90,false,1,
7290108353440,false,מברשות שיניים זמד Orbitol Nano,החב הדרומית לשיווק,,,"י""ח",1,,false,1,29.90,29.90,false,1,
7290108353501,false,שקיות אשפה 25יח עם ידיות,החב הדרומית לשיווק,,,"י""ח",1,,false,1,19.90,19.90,false,1,
7290108353518,false,תבניות XL אקסטרה חזקות 2יח,החב הדרומית לשיווק,,,"י""ח",4,"י""ח",false,1,9.90,2.48,false,1,
7290108353532,false,שקיות אשפה 100שקיות בגליל סנו סושי,החב הדרומית לשיווק,,,"י""ח",100,"י""ח",false,1,34.90,0.35,false,1,
7290108353662,false,מפת שולחן חגיגית XL,החב הדרומית לשיווק,,,"י""ח",1,,false,1,9.90,9.90,false,1,
7290108353686,false,סנו סושי מטלית הפלא לרצפה Decor,החב הדרומית לשיווק,,,"י""ח",1,,false,1,10.90,10.90,false,1,
7290108353815,false,"קרמה תחליב רחצה מדיטציה ספא 600מ""ל",החב הדרומית לשיווק,,,"י""ח",600,"ל  מ""ל",false,1,17.90,2.98,false,1,
7290108353907,false,"קרמה דאו  רול און קלאסי 75 מ""ל",החב הדרומית לשיווק,,,"י""ח",75,"ל  מ""ל",false,1,11.90,15.87,false,1,
7290108353983,false,"קרם גוף קרמה קלאסי 500 מ""ל.",החב הדרומית לשיווק,,,"י""ח",500,"ל  מ""ל",false,1,24.90,4.98,false,1,
7290108353990,false,"קרם גוף קרמה מאסק 500 מ""ל.",החב הדרומית לשיווק,,,"י""ח",500,"ל  מ""ל",false,1,24.90,4.98,false,1,
7290108354430,false,"כיף שמפו שיער לשיקום והזנה 700מ""ל",החב הדרומית לשיווק,,,"י""ח",700,"ל  מ""ל",false,1,12.90,1.84,false,1,
7290108354485,false,"קרליין מרכך 10  שמן ארגן  700מ""ל",החב הדרומית לשיווק,,,"י""ח",700,"ל  מ""ל",false,1,13.90,1.99,true,1,
7290108354614,false,"מרכך נקה 7  ביו 750מ""ל",החב הדרומית לשיווק,,,"י""ח",750,"ל  מ""ל",false,1,11.90,1.59,false,1,
7290108354829,false,"קרם ידיים קרמה ורד ווניל 100מ""ל",החב הדרומית לשיווק,,,"י""ח",100,"ל  מ""ל",false,1,9.90,9.90,true,1,
7290108354898,false,קרמה סבון מוצק שמנים,החב הדרומית לשיווק,,,"י""ח",410,ל  גרם,false,1,10.90,2.66,false,1,
7290108354973,false,"קרמה סבון ידיים ורד וניל 300מ""ל",החב הדרומית לשיווק,,,"י""ח",300,"ל  מ""ל",false,1,9.90,3.30,true,1,
7290108355000,false,שמפו  מיניונים נקה 7 קידס,החב הדרומית לשיווק,,,"י""ח",750,"ל  מ""ל",false,1,10.90,1.45,false,1,
7290108355024,false,שמפו+מרכך  מיניונים נקה 7 קידס,החב הדרומית לשיווק,,,"י""ח",750,"ל  מ""ל",false,1,10.90,1.45,false,1,
7290108355031,false,אל סבון מיניונים נקה 7 קידס,החב הדרומית לשיווק,,,"י""ח",750,"ל  מ""ל",false,1,10.90,1.45,false,1,
7290108355048,false,מגבונים להסרת איפור קרליין שלישייה 3*2,@@@ החב הדרומית לשיווק בעמ,,,"י""ח",1,,false,1,24.90,24.90,false,1,
7290108355154,false,"שמפו נקה 7 שמני הזנה 750 מ""ל",החב הדרומית לשיווק,,,"י""ח",750,"ל  מ""ל",false,1,11.90,1.59,false,1,
7290108355185,false,"מסכה קרטין אינטנס 350מ""ל",החב הדרומית לשיווק,,,"י""ח",700,"ל  מ""ל",false,1,39.90,5.70,false,1,
7290108355451,false,"קרמה דאו  רול און ורד וניל 75מ""ל",החב הדרומית לשיווק,,,"י""ח",75,"ל  מ""ל",false,1,11.90,15.87,false,1,
7290108355482,false,"קרמה דאו  רול און לבנדר ואקליפטוס 75מ""",החב הדרומית לשיווק,,,"י""ח",75,"ל  מ""ל",false,1,11.90,15.87,false,1,
7290108355499,false,קרמה רול און ורד ווניל 70גר,החב הדרומית לשיווק,,,"י""ח",70,"ל  מ""ל",false,1,14.90,21.29,false,1,
7290108356106,false,"כיף תחליב רחצה שקד 700מ""ל",החב הדרומית לשיווק,,,"י""ח",750,"ל  מ""ל",false,1,12.90,1.72,false,1,
7290108356120,false,"כיף תחליב רחצה קוקוס וניל 700מ""ל",החב הדרומית לשיווק,,,"י""ח",750,"ל  מ""ל",false,1,12.90,1.72,false,1,
7290108356137,false,"כיף תחליב רחצה לבנדר 700מ""ל",החב הדרומית לשיווק,,,"י""ח",750,"ל  מ""ל",false,1,12.90,1.72,false,1,
7290108356151,false,"כיף תחליב רחצה מאסק יסמין 700מ""ל",החב הדרומית לשיווק,,,"י""ח",750,"ל  מ""ל",false,1,12.90,1.72,false,1,
7290108356229,false,"קרמה ג ל גילוח קרבון פאוור 200מ""ל",החב הדרומית לשיווק,,,"י""ח",200,"ל  מ""ל",false,1,12.90,6.45,false,1,
7290108356397,false,כיף תחליב רחצה בניחוח מלבי מפנק 700מ,החב הדרומית לשיווק,,,"י""ח",700,"ל  מ""ל",false,1,12.90,1.84,false,1,
7290108356489,false,"כיף תחליב רחצה אפרבק 700מ""ל",החב הדרומית לשיווק,,,"י""ח",750,"ל  מ""ל",false,1,12.90,1.72,false,1,
7290108356526,false,קרליין שמפו 10  שיער יבש 700.,החב הדרומית לשיווק,,,"י""ח",700,"ל  מ""ל",false,1,13.90,1.99,true,1,
7290108356564,false,קרליין מרכך 10 לשיער רגיל 700,החב הדרומית לשיווק,,,"י""ח",700,"ל  מ""ל",false,1,13.90,1.99,true,1,
7290108356595,false,קרליין מרכך 10 לשיער צבוע 700,החב הדרומית לשיווק,,,"י""ח",700,"ל  מ""ל",false,1,13.90,1.99,true,1,
7290108357011,false,"כיף מרכך ורד ושמן קוקוי 700מ""ל",החב הדרומית לשיווק,,,"י""ח",700,"ל  מ""ל",false,1,12.90,1.84,false,1,
7290108357073,false,"קרליין דאו ספריי נושם  ביו 150מ""ל",החב הדרומית לשיווק,,,"י""ח",150,"ל  מ""ל",false,1,12.90,8.60,false,1,
7290108357110,false,"קרליין רולאון נושם ביו 75מ""ל",החב הדרומית לשיווק,,,"י""ח",75,ל  גרם,false,1,12.90,17.20,false,1,
7290108357196,false,סנו גט תרסיס  פלוס לניקוי כללי+תמצית עץ,החב הדרומית לשיווק,,,"י""ח",750,"ל  מ""ל",false,1,15.90,2.12,false,1,
7290108357202,false,סנו קליר אקדח בניחוח בלו בלוסום 1ליטר,החב הדרומית לשיווק,,,"י""ח",1,ליטר,false,1,9.90,9.90,false,1,
7290108357240,false,"סנו אוקסיג ן POWER אבקה 1.4ק""ג",החב הדרומית לשיווק,,,"י""ח",1.40,"ק""ג",false,1,31.90,22.79,false,1,
7290108357264,false,"פרש אוטומטיק בניחוח אולטרה פרש 250מ""ל",החב הדרומית לשיווק,,,"י""ח",165,ל  גרם,false,1,12.90,7.82,false,1,
7290108357288,false,"סנו אקונומיקה ז""אוול 4 ליטר בניחוח פרי",החב הדרומית לשיווק,,,"י""ח",4,ליטר,false,1,16.90,4.23,false,1,
7290108357394,false,"תחליב רחצה וניל ופלפל ורוד קרמה 700מ""ל",החב הדרומית לשיווק,,,"י""ח",700,ל  גרם,false,1,16.90,2.41,false,1,
7290108357400,false,תחליב רחצה לבנדר ואקליפטוס קרמה 700,החב הדרומית לשיווק,,,"י""ח",700,ל  גרם,false,1,16.90,2.41,false,1,
7290108357448,false,"קרם גוף קרמה לבנדר ואקליפטוס 500 מ""",החב הדרומית לשיווק,,,"י""ח",500,"ל  מ""ל",false,1,24.90,4.98,false,1,
7290108357493,false,"תחליב רחצה וניל ופלפל ורוד קרמה 700מ""ל",החב הדרומית לשיווק,,,"י""ח",700,ל  גרם,false,1,16.90,2.41,false,1,
7290108357509,false,"קרם גוף קרמה וניל ופלפל ורוד 500 מ""ל",החב הדרומית לשיווק,,,"י""ח",500,"ל  מ""ל",false,1,24.90,4.98,false,1,
7290108357653,false,סנובון ג ל אסלה שלישייה אוקיינוס Bubbl,החב הדרומית לשיווק,,,"י""ח",65,"ל  מ""ל",false,1,15.90,24.46,false,1,
7290108357769,false,"כיף מרכך שיער רגיל תפוח ציה 700מ""ל",החב הדרומית לשיווק,,,"י""ח",700,"ל  מ""ל",false,1,12.90,1.84,false,1,
7290108357837,false,כיף אל סבון שקית מילוי+פקק  1ל,החב הדרומית לשיווק,,,"י""ח",1,ליטר,false,1,8.90,8.90,false,1,
7290108357844,false,כיף אל סבון שקית מילוי+פקק  1ל,החב הדרומית לשיווק,,,"י""ח",1,ליטר,false,1,8.90,8.90,false,1,
7290108357875,false,"כיף שמפו לחות מוגברת עם אפרסק 700מ""ל",החב הדרומית לשיווק,,,"י""ח",700,"ל  מ""ל",false,1,12.90,1.84,false,1,
7290108358070,false,"תחליב רחצה קלאסי קרמה 700מ""ל.",החב הדרומית לשיווק,,,"י""ח",700,ל  גרם,false,1,16.90,2.41,false,1,
7290108358087,false,"תחליב רחצה מאסק קרמה 700מ""ל.",החב הדרומית לשיווק,,,"י""ח",700,ל  גרם,false,1,16.90,2.41,false,1,
7290108358124,false,מקסימה דפי בישום לחים למייבש כביסה,החב הדרומית לשיווק,,,"י""ח",750,"ל  מ""ל",false,1,12.90,1.72,true,1,
7290108359077,false,סנו סופט לושן ממחטות אף בקופסא 120יח,החב הדרומית לשיווק,,,"י""ח",440,ל  גרם,false,1,12.90,2.93,false,1,
7290108359091,false,סנו סושי כיסוי ניילון עם גומי L,החב הדרומית לשיווק,,,"י""ח",1,"י""ח",false,1,10.90,10.90,false,1,
7290108359176,false,ממחטות אף שכבות לושן צמד 2*100,החב הדרומית לשיווק,,,"י""ח",650,ל  גרם,false,1,13.90,2.14,true,1,
7290108359824,false,"בייבי כיף קרם גוף 500מ""ל",החב הדרומית לשיווק,,,"י""ח",500,"ל  מ""ל",false,1,19.90,3.98,false,1,
7290108359855,false,"בייבי כיף שמפו אלדמע 750מ""ל",החב הדרומית לשיווק,,,"י""ח",750,"ל  מ""ל",false,1,13.90,1.85,false,1,
7290108359893,false,"בייבי כיף תחליב רחצה 750מ""ל",החב הדרומית לשיווק,,,"י""ח",750,"ל  מ""ל",false,1,13.90,1.85,false,1,
7290108359985,false,סנו ג`אבל קצף ניקוי בתוספת אקונומיקה,החב הדרומית לשיווק,,,"י""ח",1,ליטר,false,1,18.90,18.90,false,1,
7290108500677,false,כבד דג שיבוט  115גר`,ג.וילי פוד אינטרנשיונל בעמ,,,"י""ח",115,ל  גרם,false,1,8.90,7.74,true,1,
7290108501377,false,שפרוטים  מעושנים בשמן מריגה 160ג,ג.וילי פוד אינטרנשיונל בעמ,,,"י""ח",160,ל  גרם,false,1,10.50,6.56,false,1,
7290108502305,false,גרנה פדנו  גבינת משולש 150ג,ג.וילי פוד אינטרנשיונל בעמ,,,"י""ח",150,ל  גרם,false,1,16.90,11.27,false,1,
7290108503142,false,לזניה FRESCA ITALIANA י500 גרם(ויליפוד),ג.וילי פוד אינטרנשיונל בעמ,,,"י""ח",397,ל  גרם,false,1,9.90,2.49,false,1,
7290108504279,false,קשקבל צ`אנק 150 גרם,ג.וילי פוד אינטרנשיונל בעמ,,,"י""ח",150,ל  גרם,false,1,16.90,11.27,true,1,
7290108504286,false,איבריקו צ`אנק 150 גרם,ג.וילי פוד אינטרנשיונל בעמ,,,"י""ח",150,ל  גרם,false,1,16.90,11.27,true,1,
7290108505405,false,שמן זרעי ענבים 750 מ``ל,ג.וילי פוד אינטרנשיונל בעמ,,,"י""ח",750,"ל  מ""ל",false,1,19.90,2.65,false,1,
7290108505490,false,דונאטס קפוא ויליפוד,ג.וילי פוד אינטרנשיונל בעמ,,,"י""ח",1,,false,1,5.90,5.90,true,1,
7290108506495,false,כנאפה קפוא 192.5 גרם קפוא,ג.וילי פוד אינטרנשיונל בעמ,,,"י""ח",192,ל  גרם,false,1,12.90,6.72,true,1,
7290108506709,false,גבינת פרמג`אנו רגיאנו משולש 150ג,ג.וילי פוד אינטרנשיונל בעמ,,,"י""ח",150,ל  גרם,false,1,17.90,11.93,false,1,
7290108507010,false,מאפה בורקס תורכי תרד וגבינה 300 גרם,ג.וילי פוד אינטרנשיונל בעמ,,,"י""ח",30,ל  גרם,false,1,9.90,33,false,1,
7290108507942,false,ירקות גינה  עם טונה  160ג,ג.וילי פוד אינטרנשיונל בעמ,,,"י""ח",160,ל  גרם,false,1,12.90,8.06,false,1,
7290108508499,false,"איירן משקה יוגורט טורקי 293מ""ל",ג.וילי פוד אינטרנשיונל בעמ,,,"י""ח",293,ל  גרם,false,1,5.90,2.01,true,1,
7290108509090,false,גבינה מותכת משולשים 200גר 14% שומן,ג.וילי פוד אינטרנשיונל בעמ,,,"י""ח",200,ל  גרם,false,1,14.90,7.45,false,1,
7290108509137,false,גבינה בולגרית מעודנת 250גר 5% שומן`,ג.וילי פוד אינטרנשיונל בעמ,,,"י""ח",250,ל  גרם,false,1,13.90,5.56,false,1,
7290108509199,false,גבינה פטה 500גר 17% שומן,ג.וילי פוד אינטרנשיונל בעמ,,,"י""ח",500,ל  גרם,false,1,26.90,5.38,true,1,
7290108509267,false,ארוחת פסטה עם רוטב גבינה 206גר,ג.וילי פוד אינטרנשיונל בעמ,,,"י""ח",206,ל  גרם,false,1,7.90,3.83,true,1,
7290108509359,false,פופקורן בציפוי בטעם קרמל 90גר,ג.וילי פוד אינטרנשיונל בעמ,,,"י""ח",90,ל  גרם,false,1,6.90,7.67,true,1,
7290108509700,false,"אורז בסגנון פרסי 1ק""ג DAAWAT",ג.וילי פוד אינטרנשיונל בעמ,,,"י""ח",1,"ק""ג",false,1,9.90,9.90,false,1,
7290108509908,false,מנת השף אטריות טעם ירקות 85ג,ג.וילי פוד אינטרנשיונל בעמ,,,"י""ח",85,ל  גרם,false,1,3.90,4.59,true,1,
7290108509915,false,מנת השף אטריות טעם סיני פיקנטי 85ג,ג.וילי פוד אינטרנשיונל בעמ,,,"י""ח",85,ל  גרם,false,1,3.90,4.59,true,1,
7290108509922,false,מנת השף אטריות טעם עוף 85ג,ג.וילי פוד אינטרנשיונל בעמ,,,"י""ח",85,ל  גרם,false,1,3.90,4.59,true,1,
7290108509939,false,פרוסות פילה טונה 120גר,ג.וילי פוד אינטרנשיונל בעמ,,,"י""ח",120,ל  גרם,false,1,12.90,10.75,true,1,
7290109351025,false,חומוס טחינה 400ג צבר,קבוצת אוסם סחר-שות.מוגבלת,,,"י""ח",400,ל  גרם,false,1,14.80,3.70,true,1,
7290109351957,false,פיטנס פריכיות גדולות 100גר,קבוצת אוסם סחר-שות.מוגבלת,,,"י""ח",100,ל  גרם,false,1,8.70,8.70,false,1,
7290109351971,false,פיטנס בר פריכיות שוקולד חלב 84גר,קבוצת אוסם סחר-שות.מוגבלת,,,"י""ח",84,ל  גרם,false,1,14.90,17.74,true,1,
7290109352916,false,פיטנס בר פריכיות שוקולד לבן 84גר,קבוצת אוסם סחר-שות.מוגבלת,,,"י""ח",84,ל  גרם,false,1,14.90,17.74,true,1,
7290109353494,false,פרפקטו פארפאלה   500 גרם,קבוצת אוסם סחר-שות.מוגבלת,,,"י""ח",500,ל  גרם,false,1,8.70,1.74,false,1,
7290109354101,false,לחמית ללא גלוטן 200גר,קבוצת אוסם סחר-שות.מוגבלת,,,"י""ח",200,ל  גרם,false,1,9.90,4.95,true,1,
7290109354972,false,פתי בר קלאסי ללא גלוטן 200גר,קבוצת אוסם סחר-שות.מוגבלת,,,"י""ח",200,ל  גרם,false,1,11.90,5.95,true,1,
7290109354996,false,פתי בר שוקו  ללא גלוטן 200גר,קבוצת אוסם סחר-שות.מוגבלת,,,"י""ח",200,ל  גרם,false,1,11.90,5.95,true,1,
7290109358284,false,שניצל תירס עם חלבון  664 גרם,קבוצת אוסם סחר-שות.מוגבלת,,,"י""ח",664,ל  גרם,false,1,37.90,5.71,true,1,
7290109358482,false,קרמוגית במילוי חלווה 200גר,קבוצת אוסם סחר-שות.מוגבלת,,,"י""ח",200,ל  גרם,false,1,11.90,5.95,true,1,
7290109358567,false,ספגטי פלוס 400גר,קבוצת אוסם סחר-שות.מוגבלת,,,"י""ח",500,ל  גרם,false,1,6.20,1.24,true,1,
7290109580043,false,"שניצל תירס 1.75ק""ג בד""ץ",זוגלובק שיווק בעמ,,,"י""ח",1.75,"ק""ג",false,1,49.90,28.51,false,1,
7290109580050,false,נקניקיות צ`וריסוס 226גר Wonders,זוגלובק שיווק בעמ ו/או וונדרס,,,"י""ח",226,ל  גרם,false,1,29.90,13.23,true,1,
7290109580067,false,טחון 340גר Wonders,זוגלובק שיווק בעמ ו/או וונדרס,,,"י""ח",340,ל  גרם,false,1,29.90,8.79,true,1,
7290109580098,false,קבנוס טעם סרירצ`ה 135גרם,זוגלובק שיווק בעמ,,,"י""ח",135,ל  גרם,false,1,12.50,9.26,false,1,
7290109580104,false,רוסטביף 150ג פרימיום.,זוגלובק שיווק בעמ,,,"י""ח",150,ל  גרם,false,1,22.90,15.27,false,1,
7290109580111,false,צלעות אסאדו פרימיום   120גר`,זוגלובק שיווק בעמ,,,"י""ח",120,ל  גרם,false,1,22.90,19.08,false,1,
7290109580135,false,קורנדביף 180 גרם פרימיום.,זוגלובק שיווק בעמ,,,"י""ח",180,ל  גרם,false,1,22.90,12.72,false,1,
7290109580159,false,פסטרמה בנוסח טוקסטנה 180ג פרימיום.,זוגלובק שיווק בעמ,,,"י""ח",180,ל  גרם,false,1,22.90,12.72,false,1,
7290109580210,false,"נקניקיות ריינהולד""ס הצרפתיה 300גר.",זוגלובק שיווק בעמ,,,"י""ח",300,ל  גרם,false,1,19.90,6.63,false,1,
7290109580241,false,נאגטס מן הצומח 500ג,זוגלובק שיווק בעמ,,,"י""ח",0.50,"ק""ג",false,1,22.90,45.80,false,1,
7290109580302,false,מארז תה מעושן 350גר+ח.עוף 350גר בית יו.,זוגלובק שיווק בעמ,,,"י""ח",700,ל  גרם,false,1,31.90,4.56,false,1,
7290109580319,false,בורגר 280גר WONDERS,זוגלובק שיווק בעמ ו/או וונדרס,,,"י""ח",280,ל  גרם,false,1,29.90,10.68,true,1,
7290109580357,false,מארז חרמון 300גר+חרמון ברביקיו 300גר .,זוגלובק שיווק בעמ,,,"י""ח",600,ל  גרם,false,1,35.90,5.98,false,1,
7290109640198,false,מגורדת לפיצה ואפיה  200גר משומשו,קפוא זן תעשיות מזון בעמ,,,"י""ח",200,ל  גרם,false,1,21.90,10.95,false,1,
7290109640372,false,ממרח עם זיתים 9% שומן 200גר משומשו,קפוא זן תעשיות מזון בעמ,,,"י""ח",200,ל  גרם,false,1,14.90,7.45,false,1,
7290109640631,false,לאבנה טבעונית 9% שומן 200גר משומשו,קפוא זן תעשיות מזון בעמ,,,"י""ח",200,ל  גרם,false,1,14.90,7.45,false,1,
7290109840956,false,צ`יפסר 3.5ליטר,אליהו שיווק חשמל בעמ,,,"י""ח",1,,false,1,99,99,true,1,
7290109920146,false,"דורגול קומקום 750מ""ל",יעקב יעקבי ובניו בעמ,,,"י""ח",750,"ל  מ""ל",false,1,19.90,2.65,false,1,
7290109920597,false,אסטוניש מרסס למקלחון,יעקב יעקבי ובניו בעמ,,,"י""ח",750,"ל  מ""ל",false,1,11.90,1.59,true,1,
7290109920665,false,אסטוניש מרסס מסיר אוכל שרוף במטבח,יעקב יעקבי ובניו בעמ,,,"י""ח",750,"ל  מ""ל",false,1,11.90,1.59,true,1,
7290109920818,false,אסטוניש רב תכליתי לימון 1ליטר,יעקב יעקבי ובניו בעמ,,,"י""ח",1,ליטר,false,1,10.90,10.90,false,1,
7290109920917,false,"ג ל לאסלה עם כלור 750מ""ל.",יעקב יעקבי ובניו בעמ,,,"י""ח",750,"ל  מ""ל",false,1,9.90,1.32,true,1,
7290109923031,false,"אסטוניש מרסס פרמיום למקלחון 750מ""ל",יעקב יעקבי ובניו בעמ,,,"י""ח",750,"ל  מ""ל",false,1,14.90,1.99,false,1,
7290109923147,false,אסטוניש מהדורה פרימיום פלא,יעקב יעקבי ובניו בעמ,,,"י""ח",500,"ל  מ""ל",false,1,14.90,2.98,false,1,
7290110111557,false,"פאוורייד מאונטן בטעם פירות 500מ""ל פח",החברה המרכזית להפצת משקאות בעמ,,,"י""ח",500,"ל  מ""ל",false,1,9.90,1.92,true,1,
7290110111564,false,"פאוורייד סיטרוס בטעם הדרים 500מ""ל פח",החברה המרכזית להפצת משקאות בעמ,,,"י""ח",500,"ל  מ""ל",false,1,9.90,1.92,true,1,
7290110113377,false,קוקה קולה 1ליטר רביעייה,החברה המרכזית להפצת משקאות בעמ,,,"י""ח",4,ליטר,false,1,29.90,7.18,false,1,
7290110113384,false,קוקה קולה זירו  1ליטר רביעייה,החברה המרכזית להפצת משקאות בעמ,,,"י""ח",4,ליטר,false,1,29.90,7.18,false,1,
7290110113476,false,"קרלסברג  0% אלכוהול  330מ""ל  1/6.",החברה המרכזית להפצת משקאות בעמ,,,"י""ח",1.98,ליטר,false,1,28.90,13.69,false,1,
7290110114787,false,נביעות בטעם תפוח עדין 1.5ליטר,החברה המרכזית להפצת משקאות בעמ,,,"י""ח",1.50,ליטר,false,1,8.90,5.73,false,1,
7290110114794,false,נביעות בטעם אפרסק עדין 1.5ליטר,החברה המרכזית להפצת משקאות בעמ,,,"י""ח",1.50,ליטר,false,1,8.90,5.73,false,1,
7290110114800,false,נביעות בטעם ענבים עדין 1.5ליטר,החברה המרכזית להפצת משקאות בעמ,,,"י""ח",1.50,ליטר,false,1,8.90,5.73,false,1,
7290110114855,false,~נביעות 1.5 ליטר שישיה,החברה המרכזית להפצת משקאות בעמ,,,"י""ח",9,ליטר,false,1,13,1.24,false,1,
7290110114893,false,פריגת מיץ סחוט תפוז 2 ליטר,*החברה המרכזית להפצת משקאותבעמ,,,"י""ח",2,ליטר,false,1,27.90,13.80,false,1,
7290110114954,false,מיץ תפוזים מתקתק 100% 2ל.,*החברה המרכזית להפצת משקאותבעמ,,,"י""ח",2,ליטר,false,1,20.90,10.30,false,1,
7290110114961,false,פריגת תפוזים 1.5 ליטר,החברה המרכזית להפצת משקאות בעמ,,,"י""ח",1.50,ליטר,false,1,9,5.80,false,1,
7290110114985,false,פריגת אשכולית 1.5 ליטר,החברה המרכזית להפצת משקאות בעמ,,,"י""ח",1.50,ליטר,false,1,9,5.80,false,1,
7290110114992,false,פריגת אשכולית לייט 1.5 ליטר,החברה המרכזית להפצת משקאות בעמ,,,"י""ח",1.50,ליטר,false,1,8.50,5.47,false,1,
7290110115005,false,פריגת ענבים 1.5 ליטר,החברה המרכזית להפצת משקאות בעמ,,,"י""ח",1.50,ליטר,false,1,9,5.80,false,1,
7290110115036,false,פריגת מנגו 1.5 ליטר,החברה המרכזית להפצת משקאות בעמ,,,"י""ח",1.50,ליטר,false,1,9,5.80,false,1,
7290110115043,false,פריגת לימונענע 1.5 ליטר,החברה המרכזית להפצת משקאות בעמ,,,"י""ח",1.50,ליטר,false,1,9,5.80,false,1,
7290110115050,false,פריגת מיקס תות בננה 1.5 ליטר,החברה המרכזית להפצת משקאות בעמ,,,"י""ח",1.50,ליטר,false,1,9,5.80,false,1,
7290110115081,false,פריגת צלול ענבים 1.5 ל,החברה המרכזית להפצת משקאות בעמ,,,"י""ח",1.50,ליטר,false,1,8.60,5.53,false,1,
7290110115104,false,פריגת צלול אפרסק 1.5 ל,החברה המרכזית להפצת משקאות בעמ,,,"י""ח",1.50,ליטר,false,1,8.60,5.53,false,1,
7290110115111,false,פריגת צלול אננס 1.5 ל,החברה המרכזית להפצת משקאות בעמ,,,"י""ח",1.50,ליטר,false,1,8.60,5.53,false,1,
7290110115180,false,נביעות 1.5 ליטר,החברה המרכזית להפצת משקאות בעמ,,,"י""ח",1.50,ליטר,false,1,3.10,1.87,false,1,
7290110115203,false,קוקה קולה 1.5 ליטר,החברה המרכזית להפצת משקאות בעמ,,,"י""ח",150,"ל  מ""ל",false,1,8.90,5.73,false,1,
7290110115210,false,דיאט קוקה קולה 1.5 ליטר,החברה המרכזית להפצת משקאות בעמ,,,"י""ח",1.50,ליטר,false,1,8.30,5.33,false,1,
7290110115227,false,קוקה קולה ZERO 1.5 ל,החברה המרכזית להפצת משקאות בעמ,,,"י""ח",1.50,ליטר,false,1,8.80,5.67,false,1,
7290110115241,false,קוקה קולה ZERO 1.5 ל לימון,החברה המרכזית להפצת משקאות בעמ,,,"י""ח",1.50,ליטר,false,1,8.60,5.53,false,1,
7290110115265,false,ספרייט 1.5ליטר,החברה המרכזית להפצת משקאות בעמ,,,"י""ח",1.50,ליטר,false,1,9,5.80,true,1,
7290110115272,false,ספרייט ZERO בק 1.5ליטר,החברה המרכזית להפצת משקאות בעמ,,,"י""ח",1.50,ליטר,false,1,9,5.80,true,1,
7290110115302,false,פאנטה ZERO  אורנג` 1.5 ליטר,החברה המרכזית להפצת משקאות בעמ,,,"י""ח",1.50,ליטר,false,1,8.30,5.33,true,1,
7290110115333,false,פאנטה תות 1.5 ל.,החברה המרכזית להפצת משקאות בעמ,,,"י""ח",1.50,ליטר,false,1,8.50,5.47,true,1,
7290110115357,false,סודה קינלי 1.5 ליטר,החברה המרכזית להפצת משקאות בעמ,,,"י""ח",1.50,ליטר,false,1,3.30,2,false,1,
7290110115364,false,קוקה קולה שישיות 1.5 ליטר.,החברה המרכזית להפצת משקאות בעמ,,,"י""ח",9,ליטר,false,1,49.90,5.34,false,1,
7290110115401,false,קינלי סודה שישיה 1.5ל,החברה המרכזית להפצת משקאות בעמ,,,"י""ח",9,ליטר,false,1,16.90,1.68,true,1,
7290110115418,false,קוקה קולה ZIRO 1.5 ל שישייה,החברה המרכזית להפצת משקאות בעמ,,,"י""ח",9,ליטר,false,1,47.90,5.12,false,1,
7290110115425,false,תה לימון נענע  1.5 FUZE-T,החברה המרכזית להפצת משקאות בעמ,,,"י""ח",1.50,ליטר,false,1,9.50,6.13,true,1,
7290110115463,false,תה אפרסק  1.5 FUZE-T,החברה המרכזית להפצת משקאות בעמ,,,"י""ח",1.50,ליטר,false,1,9.50,6.13,true,1,
7290110115494,false,תה דיאט ענבים 1.5 FUZE-T,החברה המרכזית להפצת משקאות בעמ,,,"י""ח",1.50,ליטר,false,1,9.50,6.13,true,1,
7290110115623,false,תה אפרסק  1.5 FUZE-T zero,החברה המרכזית להפצת משקאות בעמ,,,"י""ח",1.50,ליטר,false,1,8.90,5.73,true,1,
7290110116132,false,"סירופ טעם לימון 750מ""ל",החברה המרכזית להפצת משקאות בעמ,,,"י""ח",750,"ל  מ""ל",false,1,23.60,3.15,true,1,
7290110116194,false,נביעות רכיבי פרי לימון ליים 0% 1.5ליטר,החברה המרכזית להפצת משקאות בעמ,,,"י""ח",1.50,ליטר,false,1,9.50,6.13,false,1,
7290110116217,false,נביעות רכיבי פרי אשכולית 0% 1.5ליטר,החברה המרכזית להפצת משקאות בעמ,,,"י""ח",1.50,ליטר,false,1,9.50,6.13,false,1,
7290110116224,false,נביעות+פרי  0.5 ליטר 0% אשכולית,החברה המרכזית להפצת משקאות בעמ,,,"י""ח",1,,false,1,6.20,6.20,true,1,
7290110116385,false,פחית סטפאני מרשמלו זירו אבטיח תות  סליק,החברה המרכזית להפצת משקאות בעמ,,,"י""ח",330,"ל  מ""ל",false,1,4.50,1.27,true,1,
7290110116552,false,ספרייט 1.5ליטר Lemon hit,החברה המרכזית להפצת משקאות בעמ,,,"י""ח",1.50,ליטר,false,1,9,5.80,true,1,
7290110116569,false,ספרייט ZERO בק 1.5ליטר Lemon hit,החברה המרכזית להפצת משקאות בעמ,,,"י""ח",1.50,ליטר,false,1,9,5.80,true,1,
7290110320591,false,בולגרית מועדנת פיראוס 16% 250גר,תנובה בעמ ***,,,"י""ח",250,ל  גרם,false,1,21.90,8.76,false,1,
7290110320850,false,פתיתי עמק 28% שומן 200ג,תנובה בעמ ***,,,"י""ח",200,ל  גרם,false,1,15.20,7.60,false,1,
7290110320867,false,פתיתי עמק למאפים 28% שומן 500ג,תנובה בעמ ***,,,"י""ח",500,ל  גרם,false,1,37.90,7.58,true,1,
7290110321031,false,יופלה GO 200ג,תנובה בעמ ***,,,"י""ח",200,ל  גרם,false,1,5.80,2.90,true,1,
7290110321277,false,קוטג  5% תנובה 100 גרם מהדרין,תנובה בעמ ***,,,"י""ח",100,ל  גרם,false,1,2.60,2.60,false,1,
7290110321284,false,קוטג  9% תנובה 100 גרם מהדרין,תנובה בעמ ***,,,"י""ח",100,ל  גרם,false,1,2.60,2.60,false,1,
7290110321604,false,בולגרית קוביות+תערובת לסלט  232ג,תנובה בעמ ***,,,"י""ח",232,ל  גרם,false,1,21.90,9.44,false,1,
7290110321680,false,יופלה תות  GO 200ג,תנובה בעמ ***,,,"י""ח",200,ל  גרם,false,1,5.80,2.90,true,1,
7290110322014,false,טופו טבעי 300ג,תנובה בעמ ***,,,"י""ח",300,ל  גרם,false,1,12.50,4.17,true,1,
7290110323585,false,יופלה דודבן  GO 200ג.,תנובה בעמ ***,,,"י""ח",200,ל  גרם,false,1,5.70,2.85,true,1,
7290110323714,false,משקה קוקוס שקדים 1ל,תנובה בעמ ***,,,"י""ח",1,ליטר,false,1,12.90,12.90,true,1,
7290110324551,false,יופלה טיוב יוגורט  תות   348ג,תנובה בעמ ***,,,"י""ח",348,"ל  מ""ל",false,1,12.20,3.51,false,1,
7290110324926,false,"משקה סויה לל""ס 1  ל` תנובה",תנובה בעמ ***,,,"י""ח",1,ליטר,false,1,10.90,10.90,true,1,
7290110325169,false,גאודה פרוסות 170ג,תנובה בעמ ***,,,"י""ח",170,ל  גרם,false,1,19.90,11.71,false,1,
7290110325619,false,משקה ש.שועל  טרי 1ל תנובה,תנובה בעמ ***,,,"י""ח",1,ליטר,false,1,12.90,12.90,true,1,
7290110325893,false,"משקה גו  אייס  קפה 340מ""ל",תנובה בעמ ***,,,"י""ח",340,"ל  מ""ל",false,1,8.20,2.41,false,1,
7290110326210,false,און טופ יופלה פצפוצים 157ג,תנובה בעמ ***,,,"י""ח",150,"ל  מ""ל",false,1,5,3.33,true,1,
7290110326333,false,גבינה פרוסות סקנדינבית 175ג,תנובה בעמ ***,,,"י""ח",175,ל  גרם,false,1,17.90,10.23,false,1,
7290110326876,false,לאבנה עיזים 250ג,תנובה בעמ ***,,,"י""ח",250,ל  גרם,false,1,15.90,6.36,false,1,
7290110327798,false,חטיף חלבון GO בטעם שוקולד 20 גרם.,שקד תבל בעמ,,,"י""ח",1,,false,1,11.90,11.90,false,1,
7290110327804,false,חטיף חלבון GO בטעם בצק עוגיות 20 גרם.,שקד תבל בעמ,,,"י""ח",1,,false,1,11.90,11.90,false,1,
7290110327828,false,חטיף חלבון GO בטעם בוטנים 20 גרם.,שקד תבל בעמ,,,"י""ח",1,,false,1,11.90,11.90,false,1,
7290110328504,false,טריו מיקס גבינות 300ג,תנובה בעמ ***,,,"י""ח",300,ל  גרם,false,1,26.90,8.97,false,1,
7290110328627,false,יוגורט גו סמיך 0% בננה קרמל,תנובה בעמ ***,,,"י""ח",200,"ל  מ""ל",false,1,5.70,2.85,true,1,
7290110328764,false,יוגורט גו סמיך 0% תות,תנובה בעמ ***,,,"י""ח",200,"ל  מ""ל",false,1,5.70,2.85,true,1,
7290110328771,false,יוגורט גו סמיך 0% פ.יער,תנובה בעמ ***,,,"י""ח",200,"ל  מ""ל",false,1,5.70,2.85,true,1,
7290110328788,false,יוגורט גו סמיך 0% אפרסק,תנובה בעמ ***,,,"י""ח",200,"ל  מ""ל",false,1,5.70,2.85,true,1,
7290110328887,false,חלב בקבוק 1 ליטר}תנובה{3%,תנובה בעמ ***,,,"י""ח",1,ליטר,false,1,6.23,6.23,false,1,
7290110328955,false,קוביות גבינת עזים בשמן מתובל,תנובה בעמ ***,,,"י""ח",350,ל  גרם,false,1,23.90,6.83,false,1,
7290110329143,false,מעדן חלב גו טעם וניל 120ג עם 12ג חלבון,תנובה בעמ ***,,,"י""ח",120,"ל  מ""ל",false,1,5.20,4.33,false,1,
7290110329686,false,"משקה גו  טעם עוגיות  340מ""ל.",תנובה בעמ ***,,,"י""ח",340,"ל  מ""ל",false,1,7.50,2.21,false,1,
7290110329792,false,יוגורט סויה ביו אפרסק  150ג,תנובה בעמ ***,,,"י""ח",150,"ל  מ""ל",false,1,4.50,3,false,1,
7290110329808,false,יוגורט סויה ביו תות  150ג,תנובה בעמ ***,,,"י""ח",150,"ל  מ""ל",false,1,4.50,3,false,1,
7290110329822,false,יוגורט סויה ביו פירות יער 150ג,תנובה בעמ ***,,,"י""ח",150,"ל  מ""ל",false,1,4.50,3,false,1,
7290110550202,false,מטבעות שוקולד חלב לאפיה 400גר,"שטראוס גרופ בע""מ",,,"י""ח",400,ל  גרם,false,1,29.90,7.48,true,1,
7290110550370,false,פריכיות משולשות קינואה ופלפל שחור 65גר,"שטראוס גרופ בע""מ",,,"י""ח",65,ל  גרם,false,1,9.50,14.62,true,1,
7290110552121,false,היוגורט הראשון שלי  100גר,"שטראוס גרופ ***בע""מ",,,"י""ח",100,"ל  מ""ל",false,1,2.30,2.30,true,1,
7290110552220,false,דנונה פרו 20גר ללא סוכר טעם תות,"שטראוס גרופ ***בע""מ",,,"י""ח",20,"ל  מ""ל",false,1,5.90,29.50,true,1,
7290110552237,false,דנונה פרו 20גר ללא סוכר טעם אפרסק מנגו,"שטראוס גרופ ***בע""מ",,,"י""ח",20,"ל  מ""ל",false,1,5.90,29.50,true,1,
7290110553029,false,פריכיות חלבון קייל חומוס ומלח 60גר,"שטראוס גרופ בע""מ",,,"י""ח",65,ל  גרם,false,1,9.50,14.62,true,1,
7290110553036,false,פריכיות חלבון בטטה סגולה ואפונה 60גר,"שטראוס גרופ בע""מ",,,"י""ח",65,ל  גרם,false,1,9.50,14.62,true,1,
7290110553098,false,מארז אנרג`י  מיקס צימוקים אגוזים 100גר,"שטראוס גרופ בע""מ",,,"י""ח",100,ל  גרם,false,1,15.90,15.90,true,1,
7290110553104,false,קפוצינו סטיק קלאסי 130גר,"שטראוס גרופ בע""מ",,,"י""ח",130,ל  גרם,false,1,16.90,13,true,1,
7290110553135,false,קפוצינו סטיק וניל 130גר,"שטראוס גרופ בע""מ",,,"י""ח",130,ל  גרם,false,1,16.90,13,true,1,
7290110553173,false,פריכיות אנרג`י בטעם קרמל 40גר,"שטראוס גרופ בע""מ",,,"י""ח",40,ל  גרם,false,1,6.90,17.25,true,1,
7290110553180,false,פריכיות אנרג`י בטעם תפוח קינמון 40גר,"שטראוס גרופ בע""מ",,,"י""ח",40,ל  גרם,false,1,6.90,17.25,true,1,
7290110553425,false,111,"שטראוס גרופ בע""מ",,,"י""ח",200,"ל  מ""ל",false,1,19.90,9.95,true,1,
7290110553623,false,ציטוס קראנץ צ`דר חלפיניו 80ג.,"שטראוס פריטו ליי בע""מ",,,"י""ח",80,ל  גרם,false,1,4.20,5.25,true,1,
7290110554101,false,"מייפל בפאוץ` 125מ""ל","שטראוס גרופ בע""מ",,,"י""ח",125,"ל  מ""ל",false,1,17.90,14.32,true,1,
7290110554262,false,חלבית 350 גרם]עלית[חלבי,"שטראוס גרופ בע""מ",,,"י""ח",350,ל  גרם,false,1,21.90,6.26,true,1,
7290110554422,false,רוטב עגבניות ופלפלים לשקשוקה  350גר,"שטראוס גרופ בע""מ",,,"י""ח",350,ל  גרם,false,1,11.90,3.40,true,1,
7290110554514,false,קפה טורקי אתיופי 100 גרם,"שטראוס גרופ בע""מ",,,"י""ח",100,ל  גרם,false,1,9.90,9.90,true,1,
7290110554583,false,מארז ציטוס פאפ גבינה 10*20,"שטראוס פריטו ליי בע""מ",,,"י""ח",200,ל  גרם,false,1,12.90,6.45,true,1,
7290110555368,false,רבע לשבע טבעוני מרשמלו  125גר`,"שטראוס גרופ בע""מ",,,"י""ח",125,ל  גרם,false,1,12.90,10.32,true,1,
7290110555603,false,שוקולוטה ספלנדיד 220 גרם עלית,"שטראוס גרופ בע""מ",,,"י""ח",220,ל  גרם,false,1,24.90,11.32,true,1,
7290110556242,false,"שוקולד מריר פרווה בד""ץ 100 ג עלית","שטראוס גרופ בע""מ",,,"י""ח",100,ל  גרם,false,1,5.60,5.60,true,1,
7290110557027,false,חומוס הסדרה 50% טחינה 400ג,"שטראוס גרופ ***בע""מ",,,"י""ח",400,ל  גרם,false,1,14.20,3.55,true,1,
7290110557102,false,מעדן חלב עם שוקולד מועשר בחלבון 150גר,"שטראוס גרופ ***בע""מ",,,"י""ח",130,ל  גרם,false,1,5,3.85,true,1,
7290110557133,false,מעדן הגולן וניל בודד 125גר,"שטראוס גרופ ***בע""מ",,,"י""ח",125,ל  גרם,false,1,3.20,2.56,true,1,
7290110557478,false,חומוס גלילי 600גר שטראוס,"שטראוס גרופ ***בע""מ",,,"י""ח",600,ל  גרם,false,1,11.90,1.98,true,1,
7290110558130,false,דנונה אקטיביה שיבולת שועל ודבש,"שטראוס גרופ ***בע""מ",,,"י""ח",150,"ל  מ""ל",false,1,4.50,3,true,1,
7290110558154,false,דנונה לייט אנד פריי טעם עוגת תפוחים,"שטראוס גרופ ***בע""מ",,,"י""ח",150,"ל  מ""ל",false,1,4.50,3,true,1,
7290110558222,false,דנונה WOW בנופי 2.4%  150גר,"שטראוס גרופ ***בע""מ",,,"י""ח",150,"ל  מ""ל",false,1,4.90,3.27,true,1,
7290110558239,false,דנונה WOW קראק פאי 2.4%  150גר,"שטראוס גרופ ***בע""מ",,,"י""ח",150,"ל  מ""ל",false,1,4.90,3.27,true,1,
7290110558253,false,משקה דנונה ריפרש בננה אננס 250גר,"שטראוס גרופ ***בע""מ",,,"י""ח",250,"ל  מ""ל",false,1,5.50,2.20,true,1,
7290110558284,false,דנונה ביו מולטי 200גר,"שטראוס גרופ ***בע""מ",,,"י""ח",200,"ל  מ""ל",false,1,4.20,2.10,true,1,
7290110558307,false,דנונה פרו 200גר עם שיבולת שועל,"שטראוס גרופ ***בע""מ",,,"י""ח",200,"ל  מ""ל",false,1,6.40,3.20,true,1,
7290110558314,false,דנונה פרו 20גר ללא סוכר פיסטוק,"שטראוס גרופ ***בע""מ",,,"י""ח",20,"ל  מ""ל",false,1,5.90,29.50,true,1,
7290110558666,false,דניאלה בטעם תפוח,"שטראוס גרופ ***בע""מ",,,"י""ח",150,"ל  מ""ל",false,1,4.10,2.73,true,1,
7290110559007,false,שועועית חומה 380גרם טעם הטבע קופסה,"שטראוס גרופ בע""מ",,,"י""ח",380,ל  גרם,false,1,6.90,1.82,true,1,
7290110559748,false,ריל מאגדת שקדים קוקוס ושוקולד מריר,"שטראוס גרופ בע""מ",,,"י""ח",105,ל  גרם,false,1,15.90,15.14,true,1,
7290110559755,false,ריל מאגדת בוטנים פיסטוק וחמוציות,"שטראוס גרופ בע""מ",,,"י""ח",105,ל  גרם,false,1,15.90,15.14,true,1,
7290110559762,false,ריל מאגדת אגוזים תמרים קוקוס,"שטראוס גרופ בע""מ",,,"י""ח",105,ל  גרם,false,1,15.90,15.14,true,1,
7290110560300,false,פריכיות המשולשות פלפל שחור 30גר,"שטראוס גרופ בע""מ",,,"י""ח",30,ל  גרם,false,1,5,16.67,true,1,
7290110560317,false,פריכיות המשולשות מלח ים 30גר,"שטראוס גרופ בע""מ",,,"י""ח",30,ל  גרם,false,1,5,16.67,true,1,
7290110560324,false,פריכיות המשולשות אפונה ירוקה 30גר,"שטראוס גרופ בע""מ",,,"י""ח",30,ל  גרם,false,1,5,16.67,true,1,
7290110561352,false,דנונה דל לקטוז 200גר,"שטראוס גרופ ***בע""מ",,,"י""ח",200,"ל  מ""ל",false,1,3.70,1.85,true,1,
7290110561604,false,מארז גמדים תות בננה שמינייה,"שטראוס גרופ ***בע""מ",,,"י""ח",800,ל  גרם,false,1,18.70,2.34,true,1,
7290110563431,false,משקה קפה קר בסגנון קלאסי 1.6%230גר,"שטראוס גרופ ***בע""מ",,,"י""ח",230,"ל  מ""ל",false,1,7.90,3.43,true,1,
7290110563448,false,משקה קפה קר בסגנון מעודן 1.6%230גר,"שטראוס גרופ ***בע""מ",,,"י""ח",230,"ל  מ""ל",false,1,7.90,3.43,true,1,
7290110563462,false,חלב נטול לקטוז 2% בקבוק 1ליטר,"שטראוס גרופ ***בע""מ",,,"י""ח",1,ליטר,false,1,7.90,7.90,true,1,
7290110564339,false,חומוס עשיר ב% -30טחינה 400גר`,"שטראוס גרופ ***בע""מ",,,"י""ח",400,ל  גרם,false,1,14.20,3.55,true,1,
7290110564360,false,חומוס עשיר ב% -40טחינה 400גר`,"שטראוס גרופ ***בע""מ",,,"י""ח",400,ל  גרם,false,1,14.20,3.55,true,1,
7290110564414,false,חומוס עשיר ב- 30% טחינה גולמית 600גר`,"שטראוס גרופ ***בע""מ",,,"י""ח",600,ל  גרם,false,1,12.90,2.15,true,1,
7290110564742,false,משקה קפה קר בסגנון חזק 1.2%230גר,"שטראוס גרופ ***בע""מ",,,"י""ח",230,"ל  מ""ל",false,1,7.90,3.43,true,1,
7290110564919,false,"דנונה מתיקות מעודנת לל""ס וממתיק 150גר","שטראוס גרופ ***בע""מ",,,"י""ח",150,ל  גרם,false,1,3.90,2.60,true,1,
7290110565435,false,לימבו פטל 125גרם,"שטראוס גרופ ***בע""מ",,,"י""ח",125,ל  גרם,false,1,2.10,1.68,true,1,
7290110565527,false,דנונה פרו 20גר חלבון,"שטראוס גרופ ***בע""מ",,,"י""ח",20,"ל  מ""ל",false,1,5.90,29.50,true,1,
7290110565572,false,מארז קפה טורקי לדרך עם הל 168גר`,"שטראוס גרופ בע""מ",,,"י""ח",168,ל  גרם,false,1,18.90,11.25,true,1,
7290110566623,false,קפסולות קולומביה 08 למכונת נספרסו,"שטראוס גרופ בע""מ",,,"י""ח",50,ל  גרם,false,1,19.90,39.80,true,1,
7290110566975,false,דנונה פרו 20גר  תות,"שטראוס גרופ ***בע""מ",,,"י""ח",20,"ל  מ""ל",false,1,5.90,29.50,true,1,
7290110567057,false,מסטיק בוקסי אקליפטוס 64גר,"שטראוס גרופ בע""מ",,,"י""ח",66,ל  גרם,false,1,9.90,15,true,1,
7290110568238,false,"קצפת צמחית 21% שומן 250מ""ל","שטראוס גרופ ***בע""מ",,,"י""ח",250,"ל  מ""ל",false,1,7.90,3.16,true,1,
7290110568276,false,"משקה יוטבתה פרו וניל לשתיה  350מ""ל","שטראוס גרופ ***בע""מ",,,"י""ח",350,ל  גרם,false,1,6.50,1.86,true,1,
7290110568559,false,מארז דוריטוס חמוץ חריף 10*25גר,"שטראוס פריטו ליי בע""מ",,,"י""ח",250,ל  גרם,false,1,10.90,4.36,true,1,
7290110568566,false,מארז דוריטוס גריל 10*25גר,"שטראוס פריטו ליי בע""מ",,,"י""ח",250,ל  גרם,false,1,13.90,5.56,true,1,
7290110570224,false,"משקה קפה קר בטעם עוגיות 230מ""ל","שטראוס גרופ ***בע""מ",,,"י""ח",230,"ל  מ""ל",false,1,7.90,3.43,true,1,
7290110571382,false,מעדן חלב טעם וניל מועשר בחלבון 150גר,"שטראוס גרופ ***בע""מ",,,"י""ח",130,ל  גרם,false,1,5,3.85,true,1,
7290110571405,false,מיני פינוקיות בגביע פסק זמן 180גר,"שטראוס גרופ בע""מ",,,"י""ח",200,ל  גרם,false,1,10.90,5.45,true,1,
7290110571412,false,מיני פינוקיות  בגביעפטדג`180גר,"שטראוס גרופ בע""מ",,,"י""ח",200,ל  גרם,false,1,10.90,5.45,true,1,
7290110572129,false,כיף כף מקלות שוקולד לבן 40גר,"שטראוס גרופ בע""מ",,,"י""ח",40,ל  גרם,false,1,4.80,12,true,1,
7290110572884,false,"קפסולות אספרסו חזק עלית 14יח כשל""פ","שטראוס גרופ בע""מ",,,"י""ח",50,ל  גרם,false,1,19.90,39.80,true,1,
7290110572969,false,כיף כף פיצפוצים קרם לבן 40גר,"שטראוס גרופ בע""מ",,,"י""ח",40,ל  גרם,false,1,4.90,12.25,true,1,
7290110572976,false,כיף כף פצפוצים קרם לבן 135גר,"שטראוס גרופ בע""מ",,,"י""ח",135,ל  גרם,false,1,9.90,7.33,true,1,
7290110576318,false,מאגדת שלישיית אגוז לבן 3*100גר,"שטראוס גרופ בע""מ",,,"י""ח",112,ל  גרם,false,1,25.90,23.13,true,1,
7290110576356,false,ספלנדיד שוקולד מריר פרו 64%,"שטראוס גרופ בע""מ",,,"י""ח",105,ל  גרם,false,1,8.90,8.48,true,1,
7290110576363,false,ספלנדיד שוקולד מריר אוגנדה 80%,"שטראוס גרופ בע""מ",,,"י""ח",105,ל  גרם,false,1,8.90,8.48,true,1,
7290110576370,false,מאגדת שלישיית אגוז מריר 3*100גר,"שטראוס גרופ בע""מ",,,"י""ח",112,ל  גרם,false,1,25.90,23.13,true,1,
7290110576387,false,מאגדת שלישיית אגוז חלב 3*100גר,"שטראוס גרופ בע""מ",,,"י""ח",112,ל  גרם,false,1,25.90,23.13,true,1,
7290110576752,false,שוקולד ספלנדיד מריר 70%,"שטראוס גרופ בע""מ",,,"י""ח",100,ל  גרם,false,1,10.20,10.20,true,1,
7290110576776,false,שוקולד ספלנדיד מריר 85%,"שטראוס גרופ בע""מ",,,"י""ח",100,ל  גרם,false,1,10.20,10.20,true,1,
7290110576868,false,גמדים רביעיית טעם סלט פירות,"שטראוס גרופ ***בע""מ",,,"י""ח",400,"ל  מ""ל",false,1,11.70,2.93,true,1,
7290110577230,false,משקה חלב טעם פיסטוק יטבתה 1 ליטר בקבוק,"שטראוס גרופ ***בע""מ",,,"י""ח",1,ליטר,false,1,11.90,11.90,true,1,
7290111091520,false,"דר עור ת.רחצה קלאסי קוקוס   700מ""ל",שקד תבל בעמ,,,"י""ח",700,ל  גרם,false,1,14.90,2.13,true,1,
7290111093685,false,קוויק מגבונים לניקוי כללי בריח לימון*3,שקד תבל בעמ,,,"י""ח",3,"י""ח",false,1,19.90,6.63,true,1,
7290111093760,false,קוויק מגבונים לניקוי רצפה בניחוח מרכך .,שקד תבל בעמ,,,"י""ח",1,"י""ח",false,1,11.90,11.90,true,1,
7290111094361,false,קוויק שקיות אשפה XL עם ידית 25יח,שקד תבל בעמ,,,"י""ח",1,"י""ח",false,1,12.90,12.90,true,1,
7290111094613,false,מגבונים  לניקוי משקפיים 24יח,שקד תבל בעמ,,,"י""ח",24,"י""ח",false,1,7.90,0.33,true,1,
7290111094651,false,קוויק שקיות אשפה L עם ידית 40יח,שקד תבל בעמ,,,"י""ח",1,"י""ח",false,1,12.90,12.90,true,1,
7290111095818,false,שקיות אשפה  קוויק L עם שרוך 40יח בגליל,שקד תבל בעמ,,,"י""ח",1,"י""ח",false,1,21.90,21.90,true,1,
7290111097041,false,מגבונים בייביסיטר מבושם שמינייה,שקד תבל בעמ,,,"י""ח",66,"י""ח",false,1,24.90,0.38,true,1,
7290111340895,false,תחתון Protect Comfirt גבריםL,קימברלי קלארק ישראל שיווק בעמ,,,"י""ח",100,ל  גרם,false,1,57.90,57.90,false,1,
7290111341366,false,מפיות חד שכבתיות חלקות 150יח,קימברלי קלארק ישראל שיווק בעמ,,,"י""ח",1,"י""ח",false,1,8.90,8.90,false,1,
7290111341373,false,נייר טואלט לילי פסטל 30ג,קימברלי קלארק ישראל שיווק בעמ,,,"י""ח",30,"י""ח",false,1,33.90,1.13,false,1,
7290111341540,false,טמפונים קוטקס אקטיב נורמל 32 יח.,קימברלי קלארק ישראל שיווק בעמ,,,"י""ח",1,,false,1,28.90,28.90,false,1,
7290111341984,false,נייר טואלט לילי לחים מארז רביעיה,קימברלי קלארק ישראל שיווק בעמ,,,"י""ח",117,ל  גרם,false,1,24.90,21.28,true,1,
7290111342042,false,"כריות יפניות אנטיבקטראליות כשל""פ",קימברלי קלארק ישראל שיווק בעמ,,,"י""ח",1,"י""ח",false,1,13.90,13.90,true,1,
7290111342059,false,"מטליות לחות  אנטיבקטריאלי כשל""פ",קימברלי קלארק ישראל שיווק בעמ,,,"י""ח",100,ל  גרם,false,1,13.90,13.90,true,1,
7290111342523,false,מפיות ניקול 100 יח צבעוני,קימברלי קלארק ישראל שיווק בעמ,,,"י""ח",100,"י""ח",false,1,7.90,0.08,false,1,
7290111343117,false,קלינקס ממחטות לושן סופט פק זוגות 140דף,קימברלי קלארק ישראל שיווק בעמ,,,"י""ח",140,"י""ח",false,1,15.90,0.11,false,1,
7290111343841,false,ספוגית הקסם נירוסטה 3יח,קימברלי קלארק ישראל שיווק בעמ,,,"י""ח",3,"י""ח",false,1,10,3.33,false,1,
7290111344206,false,מגבוני האגיס קמומיל 4 יח,קימברלי קלארק ישראל שיווק בעמ,,,"י""ח",4,"י""ח",false,1,19.90,4.98,true,1,
7290111344459,false,קוטקס לילה אקסטרא לונג,קימברלי קלארק ישראל שיווק בעמ,,,"י""ח",20,"י""ח",false,1,18.90,0.95,true,1,
7290111344527,false,שקיות אשפה  ענקיות ניקול 20יח.,קימברלי קלארק ישראל שיווק בעמ,,,"י""ח",20,"י""ח",false,1,24.90,1.25,true,1,
7290111344565,false,שקיות זיפר מארז משולב ניקול,קימברלי קלארק ישראל שיווק בעמ,,,"י""ח",1,"י""ח",false,1,13.90,13.90,true,1,
7290111344572,false,שקיות אשפה  ניקול גדולות 25יח,קימברלי קלארק ישראל שיווק בעמ,,,"י""ח",25,"י""ח",false,1,21.90,0.88,false,1,
7290111344626,false,מגבות מטבח ניקול 2יח,קימברלי קלארק ישראל שיווק בעמ,,,"י""ח",33.10,מטר,false,1,20.90,0.63,false,1,
7290111344695,false,נייר טואלט מולט לב 32.,קימברלי קלארק ישראל שיווק בעמ,,,"י""ח",1850,ל  גרם,false,1,31.90,1.72,false,1,
7290111344732,false,קלינקס אלרגי קומפורט,קימברלי קלארק ישראל שיווק בעמ,,,"י""ח",1,,false,1,14.90,14.90,false,1,
7290111344824,false,מגני תחתון קוטקס לארג,קימברלי קלארק ישראל שיווק בעמ,,,"י""ח",1,"י""ח",false,1,22.90,22.90,true,1,
7290111344831,false,מגני תחתון קוטקס אקסטרא נורמל,קימברלי קלארק ישראל שיווק בעמ,,,"י""ח",1,"י""ח",false,1,22.90,22.90,true,1,
7290111344916,false,כריות יפניות אנטי 6יח,קימברלי קלארק ישראל שיווק בעמ,,,"י""ח",1,"י""ח",false,1,13.90,13.90,false,1,
7290111345050,false,כרית מיקרופייבר דו צדדית לניקוי עדין,קימברלי קלארק ישראל שיווק בעמ,,,"י""ח",10,"י""ח",false,1,12.90,1.29,false,1,
7290111345760,false,תחבושת קוטקס כותנה סופר 18יח,קימברלי קלארק ישראל שיווק בעמ,,,"י""ח",1,,false,1,19.90,19.90,true,1,
7290111345814,false,נייר טואלט לילי נטורל קר 30 גליל,קימברלי קלארק ישראל שיווק בעמ,,,"י""ח",552,מטר,false,1,33.90,0.06,false,1,
7290111346118,false,מגבוני האגיס מהדורה מיוחדת,קימברלי קלארק ישראל שיווק בעמ,,,"י""ח",4,"י""ח",false,1,19.90,4.98,true,1,
7290111346347,false,קלינקס אוריגינל חמישייה,קימברלי קלארק ישראל שיווק בעמ,,,"י""ח",5,"י""ח",false,1,15.90,3.18,true,1,
7290111350030,false,רסק תפוחי עץ טבעי צנצנת 670ג,ליימן שליסל,,,"י""ח",5.60,,false,1,10.90,1.95,false,1,
7290111350665,false,דבש לחיץ קליית גת 350ג,ליימן שליסל,,,"י""ח",350,"ל  מ""ל",false,1,22.90,6.54,false,1,
7290111350672,false,דבש צנצנת 700ג קליית גת,ליימן שליסל,,,"י""ח",700,"ל  מ""ל",false,1,32.90,4.70,false,1,
7290111350726,false,נאצוס מקסיקני 322ג,ליימן שליסל,,,"י""ח",323,ל  גרם,false,1,15.90,4.92,true,1,
7290111351280,false,תערובת אגוזים קלויים 150ג,ליימן שליסל,,,"י""ח",150,ל  גרם,false,1,17.90,11.93,false,1,
7290111352843,false,עגבניות קצוצות 400גר,ליימן שליסל,,,"י""ח",400,ל  גרם,false,1,3.90,0.98,false,1,
7290111352959,false,יוגטה מקלות חמוצים 80גר,ליימן שליסל,,,"י""ח",80,ל  גרם,false,1,4.90,6.13,false,1,
7290111353055,false,חיספוסים גומי דובונים  200ג.,ליימן שליסל,,,"י""ח",200,ל  גרם,false,1,9.90,4.95,true,1,
7290111353109,false,חיספוסים גומי נחשים מבריק 200ג.,ליימן שליסל,,,"י""ח",200,ל  גרם,false,1,9.90,4.95,true,1,
7290111353123,false,חיספוסים גומי נחשים חמוצות  200ג.,ליימן שליסל,,,"י""ח",200,ל  גרם,false,1,9.90,4.95,true,1,
7290111353451,false,חטיף ירקות שורש  ומלח ים 120ג,ליימן שליסל,,,"י""ח",120,ל  גרם,false,1,14.90,12.42,false,1,
7290111353475,false,ממתק חמוץ בטעם פירות 200ג,ליימן שליסל,,,"י""ח",200,ל  גרם,false,1,7.90,3.95,true,1,
7290111353482,false,סוכריות חמוצות ממולאות טעם פירות 200ג,ליימן שליסל,,,"י""ח",200,ל  גרם,false,1,7.90,3.95,true,1,
7290111353680,false,"גרעיני חמניות 350 גרם כשל""פ",ליימן שליסל,,,"י""ח",350,ל  גרם,false,1,10.90,3.11,false,1,
7290111354038,false,מארז עגבניות חתוכות דק  3*400גר,ליימן שליסל,,,"י""ח",1.20,"ק""ג",false,1,16.90,14.08,true,1,
7290111354045,false,מארז עגבניות קצוצות  3*400גר,ליימן שליסל,,,"י""ח",1.20,"ק""ג",false,1,16.90,14.08,true,1,
7290111354298,false,יוגטה שטיח חמוץ חצי מטר קולה,ליימן שליסל,,,"י""ח",100,ל  גרם,false,1,1,1,false,1,
7290111354687,false,יוגטה מיני ורוד  לבן 500גר,ליימן שליסל,,,"י""ח",500,ל  גרם,false,1,22.90,4.58,true,1,
7290111566240,false,טבעול שניצל דק בטעם צ ילי חריף 564גר,קבוצת אוסם סחר-שות.מוגבלת,,,"י""ח",564,ל  גרם,false,1,37.90,6.72,true,1,
7290111566271,false,טבעול חטיפי תירס 657גר,קבוצת אוסם סחר-שות.מוגבלת,,,"י""ח",657,ל  גרם,false,1,37.90,5.77,true,1,
7290111566318,false,טבעול שניצל דק מן הצומח 564גר,קבוצת אוסם סחר-שות.מוגבלת,,,"י""ח",564,ל  גרם,false,1,37.90,6.72,true,1,
7290111566547,false,טבעול חזה בגריל צמחי 560גר,קבוצת אוסם סחר-שות.מוגבלת,,,"י""ח",560,ל  גרם,false,1,37.90,6.77,true,1,
7290111566585,false,טבעול שניצל מן צומח 99 קלוריות 650גר,קבוצת אוסם סחר-שות.מוגבלת,,,"י""ח",650,ל  גרם,false,1,37.90,5.83,true,1,
7290111568206,false,ביסלי פארטי מיקס 150ג,קבוצת אוסם סחר-שות.מוגבלת,,,"י""ח",150,ל  גרם,false,1,8.90,5.93,true,1,
7290111568275,false,נודלס אטריות אורז רחבות 300ג,קבוצת אוסם סחר-שות.מוגבלת,,,"י""ח",300,ל  גרם,false,1,9.90,3.30,false,1,
7290111930799,false,קראנצ וס בצל  55ג חדש,ש.שסטוביץ בעמ,,,"י""ח",55,ל  גרם,false,1,3.50,6.36,true,1,
7290111930805,false,קראנצ וס ברביקיו  55ג חדש,ש.שסטוביץ בעמ,,,"י""ח",55,ל  גרם,false,1,3.50,6.36,true,1,
7290111930850,false,קראנצ וס פיצה  55ג חדש,ש.שסטוביץ בעמ,,,"י""ח",55,ל  גרם,false,1,3.50,6.36,true,1,
7290111930898,false,פוף כוכבים גריל  40ג,ש.שסטוביץ בעמ,,,"י""ח",40,ל  גרם,false,1,3.90,9.75,true,1,
7290111930904,false,פוף כוכבים בצל  40ג,ש.שסטוביץ בעמ,,,"י""ח",40,ל  גרם,false,1,3.90,9.75,true,1,
7290111930911,false,פוף לבבות קלאסי 40ג,ש.שסטוביץ בעמ,,,"י""ח",40,ל  גרם,false,1,3.90,9.75,true,1,
7290111930928,false,פוף לבבות גריל  40ג,ש.שסטוביץ בעמ,,,"י""ח",40,ל  גרם,false,1,3.90,9.75,true,1,
7290111932380,false,"מרידול משחת שיניים זוג  75מ""ל.",ש.שסטוביץ בעמ,,,"י""ח",1.50,ליטר,false,1,29.90,19.93,false,1,
7290111933554,false,עגבניות קוביות מאסטר שף  400גר*3,ש.שסטוביץ בעמ,,,"י""ח",1.20,"ק""ג",false,1,16.90,14.08,false,1,
7290111933561,false,תערובת ציפוי נגטס 250 גרם,ש.שסטוביץ בעמ,,,"י""ח",250,ל  גרם,false,1,7.90,3.16,false,1,
7290111936265,false,"ספיד סטיק ספריי קול לייף 140מ""ל",ש.שסטוביץ בעמ,,,"י""ח",140,"ל  מ""ל",false,1,22.90,16.36,false,1,
7290111936296,false,"פלמוליב סבון ארומה סנסיישן  750 מ""ל",ש.שסטוביץ בעמ,,,"י""ח",750,"ל  מ""ל",false,1,19.90,2.65,true,1,
7290111936784,false,"פרי  חטיף תמרים אגוזי לוז  1/5 כשל""פ",ש.שסטוביץ בעמ,,,"י""ח",125,ל  גרם,false,1,16.90,13.52,false,1,
7290111937248,false,"פרי  חטיף תמרים וקשיו  1/5 כשל""פ",ש.שסטוביץ בעמ,,,"י""ח",125,ל  גרם,false,1,16.90,13.52,false,1,
7290111937255,false,"פרי  חטיף תמרים ובוטנים  1/5 כשל""פ",ש.שסטוביץ בעמ,,,"י""ח",125,ל  גרם,false,1,16.90,13.52,false,1,
7290111938481,false,"רוטב סויה בהירה 300מ""ל",ש.שסטוביץ בעמ,,,"י""ח",300,"ל  מ""ל",false,1,9.90,3.30,false,1,
7290112000156,false,איירוויק מילוי מפיץ אדים קומפליט לבנדר,רקיט בנקיזר (ניר איסט) בעמ,,,"י""ח",1,"י""ח",false,1,16.90,16.90,false,1,
7290112000385,false,"דטול תרסיס למטבח 750מ""ל",רקיט בנקיזר (ניר איסט) בעמ,,,"י""ח",750,"ל  מ""ל",false,1,14.90,1.99,true,1,
7290112000392,false,"דטול תרסיס לאמבטיה 750מ""ל",רקיט בנקיזר (ניר איסט) בעמ,,,"י""ח",750,"ל  מ""ל",false,1,14.90,1.99,true,1,
7290112000828,false,דטול מגבונים חיטוי וניקוי אנטי בקטריאל,רקיט בנקיזר (ניר איסט) בעמ,,,"י""ח",60,"י""ח",false,1,9.90,0.17,false,1,
7290112000880,false,דטול מגבונים למטבח  60יח,רקיט בנקיזר (ניר איסט) בעמ,,,"י""ח",60,"י""ח",false,1,9.90,0.17,false,1,
7290112002099,false,קולון גל 2.5 ל`רגיל כחול,רקיט בנקיזר (ניר איסט) בעמ,,,"י""ח",2.50,ליטר,false,1,24.90,9.96,true,1,
7290112002105,false,קולון גל 2.5 ל`כביסה מרוכז סגול,רקיט בנקיזר (ניר איסט) בעמ,,,"י""ח",2.50,ליטר,false,1,24.90,9.96,true,1,
7290112002112,false,קולון גל 2.5 ל`בניחוח ורדים ורוד,רקיט בנקיזר (ניר איסט) בעמ,,,"י""ח",2.50,ליטר,false,1,24.90,9.96,true,1,
7290112002129,false,קולון גל 2.5 ל`בניחוח מרענן ירוק,רקיט בנקיזר (ניר איסט) בעמ,,,"י""ח",2.50,ליטר,false,1,24.90,9.96,true,1,
7290112002136,false,קולון גל 4  ל`רגיל כחול,רקיט בנקיזר (ניר איסט) בעמ,,,"י""ח",4,ליטר,false,1,34.90,8.73,false,1,
7290112003461,false,אירוויק מקלות ריחניים ורדים וגרניום 80,רקיט בנקיזר (ניר איסט) בעמ,,,"י""ח",80,"ל  מ""ל",false,1,29.90,37.38,false,1,
7290112003959,false,וניש מסיר כתמים אבקה לכביסה 470גר צבעוני,רקיט בנקיזר (ניר איסט) בעמ,,,"י""ח",470,ל  גרם,false,1,19.90,4.23,false,1,
7290112003966,false,וניש מסיר כתמים אבקה לכביסה 470גר לבן,רקיט בנקיזר (ניר איסט) בעמ,,,"י""ח",470,ל  גרם,false,1,19.90,4.23,false,1,
7290112004208,false,פיניש  50 טבליות למדיח הכל ב1 לימון,רקיט בנקיזר (ניר איסט) בעמ,,,"י""ח",50,"י""ח",false,1,39.90,0.80,true,1,
7290112004314,false,"דטול תרסיס מנקה ומחטא רימונים 750מ""ל",רקיט בנקיזר (ניר איסט) בעמ,,,"י""ח",750,"ל  מ""ל",false,1,14.90,1.99,true,1,
7290112004321,false,"דטול מטליות לחות נ.ככלי רימונים 750מ""ל",רקיט בנקיזר (ניר איסט) בעמ,,,"י""ח",750,"ל  מ""ל",false,1,9.90,1.32,false,1,
7290112004413,false,"וניש לבן ספריי 750מ""ל",רקיט בנקיזר (ניר איסט) בעמ,,,"י""ח",750,"ל  מ""ל",false,1,16.90,2.25,true,1,
7290112004611,false,"וניש מולטי פאוור 200מ""ל ג`ל מרוכז.",רקיט בנקיזר (ניר איסט) בעמ,,,"י""ח",200,"ל  מ""ל",false,1,16.90,8.45,true,1,
7290112004703,false,"וניש ג`ליסימו ג`ל 750מ""ל ורוד",רקיט בנקיזר (ניר איסט) בעמ,,,"י""ח",750,"ל  מ""ל",false,1,19.90,2.65,false,1,
7290112004772,false,מילוי מבשם אויר חשמלי ניחוח כביסה,רקיט בנקיזר (ניר איסט) בעמ,,,"י""ח",1,,false,1,16.90,16.90,true,1,
7290112004970,false,פיניש אולטימייט 50 קפסולות בשקית,רקיט בנקיזר (ניר איסט) בעמ,,,"י""ח",50,"י""ח",false,1,59.90,1.20,true,1,
7290112005083,false,"וניש  אבקה לכביסה 1.5ק""ג צבעונית",רקיט בנקיזר (ניר איסט) בעמ,,,"י""ח",150,ל  גרם,false,1,39.90,26.60,true,1,
7290112005168,false,פיניש קוואנטום 60 קפסולות לימון בשקית,רקיט בנקיזר (ניר איסט) בעמ,,,"י""ח",45,"י""ח",false,1,59.90,1.33,true,1,
7290112191090,false,טורטיה עם קמח כוסמת מלא 320גר,א.ג בחירה חכמה בעמ,,,"י""ח",320,ל  גרם,false,1,9.90,3.09,false,1,
7290112192158,false,"ניוקי תפו""א ללא גלוטן 500ג",גורי מוצרי צריכה בעמ,,,"י""ח",500,ל  גרם,false,1,10.90,2.18,false,1,
7290112192561,false,"משחת פרודונטקס משחת שיניים הגנה 75מ""ל.",גורי ע.ע.ע. בעמ,,,"י""ח",75,"ל  מ""ל",false,1,27.90,37.20,true,1,
7290112192578,false,"משחת פרודונטקס משחת שיניים הגנה 75מ""ל",גורי ע.ע.ע. בעמ,,,"י""ח",75,"ל  מ""ל",false,1,27.90,37.20,true,1,
7290112192882,false,סנסודיין רגישות וחניכיים מלבינה,גורי ע.ע.ע. בעמ,,,"י""ח",75,ל  גרם,false,1,31.90,42.53,true,1,
7290112193278,false,שמפו מתולתלות 600 מ``ל,גורי ע.ע.ע. בעמ,,,"י""ח",600,"ל  מ""ל",false,1,24.90,4.15,false,1,
7290112195647,false,"שמן זית  כתית מעולה  750מ""ל הזית",א.ג בחירה חכמה בעמ,,,"י""ח",750,"ל  מ""ל",false,1,29.90,3.99,true,1,
7290112197092,false,"סבון מעוצב ניו יורק 500מ""ל",גורי ע.ע.ע. בעמ,,,"י""ח",500,"ל  מ""ל",false,1,10.90,2.18,true,1,
7290112197207,false,מיני כריות בציפוי שוקולד חלב מעולה 65ג,גורי מוצרי צריכה בעמ,,,"י""ח",65,ל  גרם,false,1,7.90,12.15,true,1,
7290112197238,false,מיני קורנפלקס בציפוי שוקולד חלב מעולה,גורי מוצרי צריכה בעמ,,,"י""ח",65,ל  גרם,false,1,7.90,12.15,true,1,
7290112197702,false,פיצה מרגריטה ג`י פרי 330גר ללא גלוטן,גורי מוצרי צריכה בעמ,,,"י""ח",330,"ל  מ""ל",false,1,27.90,8.45,false,1,
7290112330352,false,דנונה פרו 20גר וניל 0% שומן,"שטראוס גרופ ***בע""מ",,,"י""ח",20,"ל  מ""ל",false,1,5.90,29.50,true,1,
7290112330390,false,דנונה פרו 20גר פירות יער 0% שומן,"שטראוס גרופ ***בע""מ",,,"י""ח",200,"ל  מ""ל",false,1,5.90,2.95,true,1,
7290112330420,false,דנונה פרו לבן 2.9% שומן בודד 150גר,"שטראוס גרופ ***בע""מ",,,"י""ח",150,ל  גרם,false,1,4.90,3.27,true,1,
7290112332585,false,"פריכיות תפו""א,אורז,בתיבול סלק ומלח  30גר","שטראוס גרופ בע""מ",,,"י""ח",30,ל  גרם,false,1,5,16.67,true,1,
7290112332691,false,פינוקיות פסק זמן אגוזים 200גר,"שטראוס גרופ בע""מ",,,"י""ח",200,ל  גרם,false,1,11.90,5.95,true,1,
7290112332899,false,מסטיק בזוקה פופים קלאסי 58גר,"שטראוס גרופ בע""מ",,,"י""ח",58,ל  גרם,false,1,9.90,17.07,true,1,
7290112334596,false,שוקולית 850 ג  (שקית) +,"שטראוס גרופ בע""מ",,,"י""ח",850,ל  גרם,false,1,17.90,2.11,true,1,
7290112334749,false,קפה טורקי שקית 200 עלית +10% תוספת.,"שטראוס גרופ בע""מ",,,"י""ח",200,ל  גרם,false,1,17.90,8.95,true,1,
7290112335111,false,מאסט לארג באבלמינט 80גר,"שטראוס גרופ בע""מ",,,"י""ח",80,ל  גרם,false,1,13.90,17.38,true,1,
7290112335487,false,פריכיות הטעימות קצח ודגנים 135גר,"שטראוס גרופ בע""מ",,,"י""ח",135,ל  גרם,false,1,12.90,9.56,true,1,
7290112335500,false,פריכיות הטעימות חלבון 135גר,"שטראוס גרופ בע""מ",,,"י""ח",135,ל  גרם,false,1,12.90,9.56,true,1,
7290112336613,false,עד חצות סנדוויץ 135גר,"שטראוס גרופ בע""מ",,,"י""ח",135,ל  גרם,false,1,9.90,7.33,true,1,
7290112336637,false,"סוכריות MUST טעם לל""ס יוגורט תות אוכמנ","שטראוס גרופ בע""מ",,,"י""ח",80,ל  גרם,false,1,8.90,11.13,true,1,
7290112336644,false,"סוכריות MUST טעם לל""ס לימון","שטראוס גרופ בע""מ",,,"י""ח",80,ל  גרם,false,1,8.90,11.13,true,1,
7290112336651,false,"סוכריות MUST טעם לל""ס ריבת חלב","שטראוס גרופ בע""מ",,,"י""ח",80,ל  גרם,false,1,8.90,11.13,true,1,
7290112336712,false,דנונה פרו 21גר 0% 200גר,"שטראוס גרופ ***בע""מ",,,"י""ח",20,"ל  מ""ל",false,1,5.90,29.50,true,1,
7290112337474,false,"סוכריות MUST טעם לל""ס פטל לימון","שטראוס גרופ בע""מ",,,"י""ח",80,ל  גרם,false,1,8.90,11.13,true,1,
7290112337481,false,"סוכריות MUST טעם לל""ס קפוצ`ינו","שטראוס גרופ בע""מ",,,"י""ח",80,ל  גרם,false,1,8.90,11.13,true,1,
7290112338877,false,סקי תות 3% 125גר,"שטראוס גרופ ***בע""מ",,,"י""ח",125,ל  גרם,false,1,3.80,3.04,true,1,
7290112339171,false,מילקי מוס  81גר,"שטראוס גרופ ***בע""מ",,,"י""ח",81,ל  גרם,false,1,3.50,4.32,true,1,
7290112339362,false,דנונה לייט אנד פריי טעם קפוצ`ינו 150גר.,"שטראוס גרופ ***בע""מ",,,"י""ח",150,"ל  מ""ל",false,1,4.50,3,true,1,
7290112339867,false,גמדים סקוויז  תות בודד 100ג,"שטראוס גרופ ***בע""מ",,,"י""ח",100,ל  גרם,false,1,5.90,5.90,true,1,
7290112339874,false,גמדים סקוויז  תות בננה  בודד 100ג,"שטראוס גרופ ***בע""מ",,,"י""ח",100,ל  גרם,false,1,5.90,5.90,true,1,
7290112340122,false,פריכיות הטעימות 3דגנים 135גר,"שטראוס גרופ בע""מ",,,"י""ח",135,ל  גרם,false,1,12.90,9.56,true,1,
7290112340245,false,מסטיק מאסט בטעם דובדבן 66גר,"שטראוס גרופ בע""מ",,,"י""ח",66,ל  גרם,false,1,9.90,15,true,1,
7290112340276,false,פינוקיות קפה נמס  200גר,"שטראוס גרופ בע""מ",,,"י""ח",200,ל  גרם,false,1,11.90,5.95,true,1,
7290112340900,false,קפה האג 200 גר,"שטראוס גרופ בע""מ",,,"י""ח",200,ל  גרם,false,1,24.90,12.45,true,1,
7290112341556,false,אקטיביה צ`יה ותות בודד 150גר,"שטראוס גרופ ***בע""מ",,,"י""ח",150,ל  גרם,false,1,4.60,3.07,true,1,
7290112341679,false,אקטיביה 200גר  3%.,"שטראוס גרופ ***בע""מ",,,"י""ח",200,ל  גרם,false,1,4,2,true,1,
7290112341686,false,מארז אקטיביה שמינייה 3% 150גר,"שטראוס גרופ ***בע""מ",,,"י""ח",1.20,ליטר,false,1,19.90,16.58,true,1,
7290112342102,false,סימפוניה בצל מקורמל 200גר,"שטראוס גרופ ***בע""מ",,,"י""ח",200,ל  גרם,false,1,11.40,5.70,true,1,
7290112342362,false,אקטיביה 150גר  3%,"שטראוס גרופ ***בע""מ",,,"י""ח",150,ל  גרם,false,1,3.20,2.13,true,1,
7290112342508,false,דוריטוס ציזי טוויסט 70ג,"שטראוס פריטו ליי בע""מ",,,"י""ח",70,ל  גרם,false,1,3.90,5.57,true,1,
7290112343260,false,רוטב שמנת קלאסי  9%,"שטראוס גרופ ***בע""מ",,,"י""ח",260,ל  גרם,false,1,10.90,4.19,true,1,
7290112343420,false,"יטבתה פרו ארוחת בוקר  350מ""ל","שטראוס גרופ ***בע""מ",,,"י""ח",350,"ל  מ""ל",false,1,7.50,2.14,true,1,
7290112343499,false,צ יטוס פאפס 55ג,"שטראוס פריטו ליי בע""מ",,,"י""ח",60,ל  גרם,false,1,3.50,5.83,true,1,
7290112343512,false,ציטוס פאפס 160ג,"שטראוס פריטו ליי בע""מ",,,"י""ח",180,ל  גרם,false,1,7.50,4.17,true,1,
7290112344564,false,רביולי גבינה שטראוס,"שטראוס גרופ ***בע""מ",,,"י""ח",400,ל  גרם,false,1,19.90,4.98,true,1,
7290112344724,false,מילקי בטעם שוקולד בלונדי עם קצפת 133גר,"שטראוס גרופ ***בע""מ",,,"י""ח",133,ל  גרם,false,1,3.40,2.56,true,1,
7290112344755,false,מילקי עם 26% פחות סוכר 135 גר}שטראוס{,"שטראוס גרופ ***בע""מ",,,"י""ח",130,"ל  מ""ל",false,1,2.90,2.23,true,1,
7290112344786,false,קפה נמס פלטינום קלאסיק  200גר,"שטראוס גרופ בע""מ",,,"י""ח",200,ל  גרם,false,1,24.90,12.45,true,1,
7290112344953,false,סימפוניה 3% חציל קלוי 200גר,"שטראוס גרופ ***בע""מ",,,"י""ח",200,ל  גרם,false,1,11.40,5.70,true,1,
7290112346360,false,בפלות אחד אחד בציפוי שוקולד חלב 180גר,"שטראוס גרופ בע""מ",,,"י""ח",180,ל  גרם,false,1,13.90,7.72,true,1,
7290112346629,false,דנונה קראנצי קורנפלקס מצופה שוקולד,"שטראוס גרופ ***בע""מ",,,"י""ח",175,"ל  מ""ל",false,1,4.60,2.63,true,1,
7290112346773,false,דנונה לייט אנד פריי טעם וניל עם חלבון,"שטראוס גרופ ***בע""מ",,,"י""ח",150,"ל  מ""ל",false,1,4.50,3,true,1,
7290112346797,false,אקטיביה שיבולת שועל ושזיף  150גר,"שטראוס גרופ ***בע""מ",,,"י""ח",150,ל  גרם,false,1,4.60,3.07,true,1,
7290112346803,false,אקטימל שמיניה  ויטמין C אננס,"שטראוס גרופ ***בע""מ",,,"י""ח",864,"ל  מ""ל",false,1,20.90,2.42,true,1,
7290112346827,false,אקטימל שמיניה פטל ויטמין C,"שטראוס גרופ ***בע""מ",,,"י""ח",800,"ל  מ""ל",false,1,20.20,2.53,true,1,
7290112347008,false,גמדים סקוויז תות בננה  בודד 100ג,"שטראוס גרופ ***בע""מ",,,"י""ח",100,ל  גרם,false,1,5.90,5.90,true,1,
7290112347473,false,דנונה שמינייה דיאט פריי תות ואפרסק 1.2,"שטראוס גרופ ***בע""מ",,,"י""ח",1.20,ליטר,false,1,27.70,23.08,true,1,
7290112348586,false,אייס קפה נמס קלאסי  200 ג.,"שטראוס גרופ בע""מ",,,"י""ח",200,ל  גרם,false,1,19.90,9.95,true,1,
7290112348616,false,אייס קפה נמס אגוזי לוז 100 ג.,"שטראוס גרופ בע""מ",,,"י""ח",100,ל  גרם,false,1,19.90,19.90,true,1,
7290112349606,false,דניאלה  תות בננה,"שטראוס גרופ ***בע""מ",,,"י""ח",150,"ל  מ""ל",false,1,4.10,2.73,true,1,
7290112349705,false,רוטב עגבניות לפסטה קלאסי 350גר,"שטראוס גרופ בע""מ",,,"י""ח",350,ל  גרם,false,1,11.90,3.40,true,1,
7290112349736,false,רוטב עגבניות לפסטה בזיליקום 350גר,"שטראוס גרופ בע""מ",,,"י""ח",350,ל  גרם,false,1,11.90,3.40,true,1,
7290112349750,false,.רוטב עגבניות לפסטה לפיצה 350גר,"שטראוס גרופ בע""מ",,,"י""ח",350,ל  גרם,false,1,11.90,3.40,true,1,
7290112350275,false,"קפסולות אספרסו Lungo עלית 10יח כשל""פ","שטראוס גרופ בע""מ",,,"י""ח",50,ל  גרם,false,1,19.90,39.80,true,1,
7290112350312,false,"קפסולות אספרסו חזק עלית 15יח כשל""פ","שטראוס גרופ בע""מ",,,"י""ח",50,ל  גרם,false,1,19.90,39.80,true,1,
7290112350589,false,צי קו 65 ג  נס 2020,"שטראוס גרופ בע""מ",,,"י""ח",65,ל  גרם,false,1,11.50,17.69,true,1,
7290112351463,false,שלישיית סוכריות Fresh פטל לימון,"שטראוס גרופ בע""מ",,,"י""ח",45,ל  גרם,false,1,8.90,19.78,true,1,
7290112351470,false,שלישיית סוכריות Fresh רימון תות,"שטראוס גרופ בע""מ",,,"י""ח",45,ל  גרם,false,1,8.90,19.78,true,1,
7290112353412,false,"פריכיות המשולשות תפו""א תירס אפונה 30גר","שטראוס גרופ בע""מ",,,"י""ח",30,ל  גרם,false,1,5,16.67,true,1,
7290112353887,false,משקה קפה קר טעם אגוזים 230גר,"שטראוס גרופ ***בע""מ",,,"י""ח",230,"ל  מ""ל",false,1,7.90,3.43,true,1,
7290112354211,false,פיצה מרגריטה דלישס,קפוא זן תעשיות מזון בעמ,,,"י""ח",300,ל  גרם,false,1,25.90,8.63,true,1,
7290112354945,false,תפוציפס טבע 50 גרם WAVY,"שטראוס פריטו ליי בע""מ",,,"י""ח",50,ל  גרם,false,1,4.50,9,true,1,
7290112354952,false,תפוציפס פפריקה  50 גרם WAVY,"שטראוס פריטו ליי בע""מ",,,"י""ח",50,ל  גרם,false,1,4.50,9,true,1,
7290112354969,false,תפוציפס טבעי  200 ג WAVY,"שטראוס פריטו ליי בע""מ",,,"י""ח",200,ל  גרם,false,1,10.90,5.45,true,1,
7290112355027,false,דנונה פרו 20גר טעם קרמל מלוח 200גר,"שטראוס גרופ ***בע""מ",,,"י""ח",20,"ל  מ""ל",false,1,5.90,29.50,true,1,
7290112355102,false,גמדים פאוץ סלט פירות בודד 100ג,"שטראוס גרופ ***בע""מ",,,"י""ח",100,ל  גרם,false,1,5.90,5.90,true,1,
7290112355393,false,רוטב שמנת עם בטטה,"שטראוס גרופ ***בע""מ",,,"י""ח",257,ל  גרם,false,1,10.90,4.24,true,1,
7290112355775,false,סימפוניה 5% עירית 200גר,"שטראוס גרופ ***בע""מ",,,"י""ח",200,ל  גרם,false,1,11.40,5.70,true,1,
7290112356536,false,שקית קקאו 150 גרם+10%,"שטראוס גרופ בע""מ",,,"י""ח",150,ל  גרם,false,1,9.90,6.60,true,1,
7290112357076,false,קוביות עגבניות טעם הטבע קופסה 390גר,"שטראוס גרופ בע""מ",,,"י""ח",390,ל  גרם,false,1,6.60,1.69,true,1,
7290112357113,false,גרגרי חומוס 380גרם טעם הטבע קופסה,"שטראוס גרופ בע""מ",,,"י""ח",380,ל  גרם,false,1,6.90,1.82,true,1,
7290112357175,false,"קפסולות אספרסו Boost עלית 14יח כשל""פ","שטראוס גרופ בע""מ",,,"י""ח",50,ל  גרם,false,1,19.90,39.80,true,1,
7290112358004,false,פסק זמן קראנץ 32גר,"שטראוס גרופ בע""מ",,,"י""ח",45,ל  גרם,false,1,4.90,10.89,true,1,
7290112358127,false,דנונה פרו 200גר עם מגנזיום,"שטראוס גרופ ***בע""מ",,,"י""ח",200,"ל  מ""ל",false,1,6.40,3.20,true,1,
7290112358219,false,"רוטב צ`ילי מתוק 280מ""ל יד מרדכי","שטראוס גרופ בע""מ",,,"י""ח",280,"ל  מ""ל",false,1,12.90,4.61,true,1,
7290112358233,false,"רוטב צ`ילי חריף  280מ""ל יד מרדכי","שטראוס גרופ בע""מ",,,"י""ח",280,"ל  מ""ל",false,1,12.90,4.61,true,1,
7290112358431,false,ביסקויט עד חצות דאבל 200גר,"שטראוס גרופ בע""מ",,,"י""ח",200,ל  גרם,false,1,13.10,6.55,true,1,
7290112358554,false,מארז קפה נמס לדרך 1.8גרם *28שקיות,"שטראוס גרופ בע""מ",,,"י""ח",50,ל  גרם,false,1,10.90,21.80,true,1,
7290112358561,false,פלטיניום קלאסיק 47גר,"שטראוס גרופ בע""מ",,,"י""ח",47,ל  גרם,false,1,5.90,12.55,true,1,
7290112359384,false,אייס קפה נמס אלפחורס ריבת חלב 100גר.,"שטראוס גרופ בע""מ",,,"י""ח",200,ל  גרם,false,1,19.90,9.95,true,1,
7290112359902,false,פלטיניום ברזיל 47גר,"שטראוס גרופ בע""מ",,,"י""ח",47,ל  גרם,false,1,5.90,12.55,true,1,
7290112490032,false,נמס בכוס תירס,יוניליוור ישראל שיווק בעמ,,,"י""ח",64,ל  גרם,false,1,6.90,10.78,true,1,
7290112490117,false,טבלת קליק XL שוק. חלב עם ופל ואגוזים,יוניליוור ישראל שיווק בעמ,,,"י""ח",85,ל  גרם,false,1,5.90,6.94,true,1,
7290112490209,false,נמס בכוס עגבניות 56ג,יוניליוור ישראל שיווק בעמ,,,"י""ח",56,ל  גרם,false,1,6.90,12.32,true,1,
7290112490216,false,נמס בכוס טעם עוף  48ג,יוניליוור ישראל שיווק בעמ,,,"י""ח",48,ל  גרם,false,1,6.90,14.38,true,1,
7290112490230,false,נמס בכוס אפונה  50ג,יוניליוור ישראל שיווק בעמ,,,"י""ח",50,ל  גרם,false,1,6.90,13.80,true,1,
7290112490599,false,חרדל צרפתי עם גרגרים שלמים 350ג,יוניליוור ישראל שיווק בעמ,,,"י""ח",350,ל  גרם,false,1,9.90,2.83,false,1,
7290112490667,false,קונפיטורה מישמיש 340 גרם,יוניליוור ישראל שיווק בעמ,,,"י""ח",340,ל  גרם,false,1,12.90,3.79,false,1,
7290112490698,false,קונפיטורה תות לייט 260ג,יוניליוור ישראל שיווק בעמ,,,"י""ח",260,ל  גרם,false,1,12.90,4.96,false,1,
7290112490759,false,מרק עשיר עוף אטריות ר. טבעי 74ג,יוניליוור ישראל שיווק בעמ,,,"י""ח",74,ל  גרם,false,1,11.90,16.08,false,1,
7290112490827,false,"בדין תרסיס למייבש בייבי 500מ""ל",יוניליוור ישראל שיווק בעמ,,,"י""ח",500,"ל  מ""ל",false,1,16.90,3.38,false,1,
7290112490896,false,"רוטב צ ילי חריף  370 מ""ל קנור",יוניליוור ישראל שיווק בעמ,,,"י""ח",300,"ל  מ""ל",false,1,10.90,3.63,true,1,
7290112491558,false,מאגדת 6 טבלאות מריר וורד הגליל,יוניליוור ישראל שיווק בעמ,,,"י""ח",600,ל  גרם,false,1,17.90,2.98,false,1,
7290112491701,false,"ברנפלקס חלבון בד""ץ 375ג",יוניליוור ישראל שיווק בעמ,,,"י""ח",375,ל  גרם,false,1,19.90,5.31,false,1,
7290112491787,false,בייגלה דקים דקים שומשום  300 גר`,יוניליוור ישראל שיווק בעמ,,,"י""ח",300,ל  גרם,false,1,9.90,3.30,true,1,
7290112491794,false,בייגלה דקים דקים שמנת בצל  300 גר`,יוניליוור ישראל שיווק בעמ,,,"י""ח",300,ל  גרם,false,1,9.90,3.30,true,1,
7290112492449,false,פינוק  שמפו(כחול)לשיער רגיל,יוניליוור ישראל שיווק בעמ,,,"י""ח",700,"ל  מ""ל",false,1,12.90,1.84,true,1,
7290112492456,false,פינוק  שמפו(כחול)לשיער יבש,יוניליוור ישראל שיווק בעמ,,,"י""ח",700,"ל  מ""ל",false,1,12.90,1.84,true,1,
7290112492463,false,פינוק שמפו+קונדישינר רגיל,יוניליוור ישראל שיווק בעמ,,,"י""ח",700,"ל  מ""ל",false,1,12.90,1.84,true,1,
7290112492487,false,"פינוק שמפו לשיער שמן מרוקאי 700מ""ל",יוניליוור ישראל שיווק בעמ,,,"י""ח",700,"ל  מ""ל",false,1,12.90,1.84,true,1,
7290112492531,false,"פינוק קונדישנר לשיער רגיל 700מ""ל",יוניליוור ישראל שיווק בעמ,,,"י""ח",700,"ל  מ""ל",false,1,12.90,1.84,true,1,
7290112492548,false,קונדשנר פינוק לשיער יבש,יוניליוור ישראל שיווק בעמ,,,"י""ח",700,"ל  מ""ל",false,1,12.90,1.84,true,1,
7290112492593,false,פינוק סבון נוזלי בניחוח קלאסי,יוניליוור ישראל שיווק בעמ,,,"י""ח",750,"ל  מ""ל",false,1,11.90,1.59,false,1,
7290112492609,false,"פינוק סבון נוזלי לבנדר ווניל 700 מ""ל",יוניליוור ישראל שיווק בעמ,,,"י""ח",700,"ל  מ""ל",false,1,11.90,1.70,false,1,
7290112492630,false,"פינוק לגבר 3ב1 700מ""ל.",יוניליוור ישראל שיווק בעמ,,,"י""ח",700,"ל  מ""ל",false,1,12.90,1.84,true,1,
7290112492647,false,"פינוק לגבר 3ב1 700מ""ל.",יוניליוור ישראל שיווק בעמ,,,"י""ח",700,"ל  מ""ל",false,1,12.90,1.84,true,1,
7290112492685,false,"פינוק מרכך רגיל שפורפרת 100מ""ל",יוניליוור ישראל שיווק בעמ,,,"י""ח",100,ל  גרם,false,1,4.90,4.90,false,1,
7290112492715,false,פינוק שמפו אל דמע לסירוק קל לילדים700מ,יוניליוור ישראל שיווק בעמ,,,"י""ח",700,"ל  מ""ל",false,1,12.90,1.84,false,1,
7290112492722,false,פינוק שמפו ומרכך לסירוק קל לילדים700מ,יוניליוור ישראל שיווק בעמ,,,"י""ח",700,"ל  מ""ל",false,1,13.90,1.99,false,1,
7290112492753,false,"פינוק אל סבון לרחצה לילדים 700מ""ל",יוניליוור ישראל שיווק בעמ,,,"י""ח",700,"ל  מ""ל",false,1,11.90,1.70,false,1,
7290112492944,false,"מרק עוף אמיתי{קנור}400גר כשל""פ",יוניליוור ישראל שיווק בעמ,,,"י""ח",400,ל  גרם,false,1,19.90,4.98,true,1,
7290112492982,false,מרק פטריות רכיבים טבעיים 400ג קנור,יוניליוור ישראל שיווק בעמ,,,"י""ח",400,ל  גרם,false,1,25,6.25,true,1,
7290112492999,false,"מרק טעם עוף  400 גר`בד""צ",יוניליוור ישראל שיווק בעמ,,,"י""ח",400,ל  גרם,false,1,14.90,3.73,true,1,
7290112493064,false,"רוטב ל עוף שזיפים בד""צ 320גרם",יוניליוור ישראל שיווק בעמ,,,"י""ח",320,ל  גרם,false,1,10.90,3.41,true,1,
7290112493088,false,נמס בכוס עדשים חריף,יוניליוור ישראל שיווק בעמ,,,"י""ח",48,ל  גרם,false,1,6.90,14.38,true,1,
7290112493095,false,נמס בכוס עגבניות חריף,יוניליוור ישראל שיווק בעמ,,,"י""ח",48,ל  גרם,false,1,6.90,14.38,true,1,
7290112493293,false,נמס בכוס ירקות 100% רכיבים טבעיים,יוניליוור ישראל שיווק בעמ,,,"י""ח",48,ל  גרם,false,1,6.90,14.38,true,1,
7290112493927,false,קרמיסימו מעדן קפוא טעם ריבת חלב,גלידות שטראוס בעמ,,,"י""ח",776,"ל  מ""ל",false,1,18.90,2.44,false,1,
7290112493934,false,קרמיסימו מעדן קפוא טעם וניל צרפתי,גלידות שטראוס בעמ,,,"י""ח",776,"ל  מ""ל",false,1,18.90,2.44,false,1,
7290112493965,false,קרמיסימו מעדן קפוא טעם וניל מסטיק,גלידות שטראוס בעמ,,,"י""ח",814,"ל  מ""ל",false,1,18.90,2.32,false,1,
7290112494016,false,מיונז מופחת שומן 500 תלמה,יוניליוור ישראל שיווק בעמ,,,"י""ח",500,ל  גרם,false,1,9.90,1.98,false,1,
7290112494221,false,קליק ביסקוויט    65ג,יוניליוור ישראל שיווק בעמ,,,"י""ח",65,ל  גרם,false,1,5.90,9.08,false,1,
7290112494238,false,קליק כדורים חלב 65ג,יוניליוור ישראל שיווק בעמ,,,"י""ח",65,ל  גרם,false,1,5.90,9.08,false,1,
7290112494276,false,קליק כריות  65ג,יוניליוור ישראל שיווק בעמ,,,"י""ח",65,ל  גרם,false,1,5.90,9.08,false,1,
7290112494283,false,קליק מעורב חום לבן 65ג,יוניליוור ישראל שיווק בעמ,,,"י""ח",65,ל  גרם,false,1,5.90,9.08,false,1,
7290112494313,false,קליק קורנפלקס   65ג,יוניליוור ישראל שיווק בעמ,,,"י""ח",65,ל  גרם,false,1,5.90,9.08,false,1,
7290112494344,false,קורנפלקס אלופים 850ג בדץ.,יוניליוור ישראל שיווק בעמ,,,"י""ח",850,ל  גרם,false,1,17.60,2.07,false,1,
7290112494351,false,קורנפלקס אלופים 850ג בדץ,יוניליוור ישראל שיווק בעמ,,,"י""ח",850,ל  גרם,false,1,17.60,2.07,false,1,
7290112494382,false,פירה טעם ביתי  260גרם,יוניליוור ישראל שיווק בעמ,,,"י""ח",260,ל  גרם,false,1,11.90,4.58,false,1,
7290112494795,false,"בדין ג`ל כביסה לבנה וצבעונית 2.5ק""ג",יוניליוור ישראל שיווק בעמ,,,"י""ח",2.50,ליטר,false,1,32.90,13.16,false,1,
7290112494801,false,"בדין ג`ל כביסה לבנה וצבעונית 2.5ק""ג",יוניליוור ישראל שיווק בעמ,,,"י""ח",2.50,ליטר,false,1,32.90,13.16,false,1,
7290112494818,false,"בדין ג`ל כביסה בייבי 2.5ק""ג",יוניליוור ישראל שיווק בעמ,,,"י""ח",2.50,ליטר,false,1,32.90,13.16,false,1,
7290112494993,false,כריות תלמה וניל 686ג בדץ,יוניליוור ישראל שיווק בעמ,,,"י""ח",750,ל  גרם,false,1,24.90,3.32,true,1,
7290112495006,false,כריות נוגט  686ג  בדץ,יוניליוור ישראל שיווק בעמ,,,"י""ח",750,ל  גרם,false,1,24.90,3.32,false,1,
7290112495020,false,".כריות צ וקולדה 686 ג בד""ץ",יוניליוור ישראל שיווק בעמ,,,"י""ח",750,ל  גרם,false,1,24.90,3.32,true,1,
7290112495037,false,"קוקומן בד""ץ 375ג  כדורים",יוניליוור ישראל שיווק בעמ,,,"י""ח",375,ל  גרם,false,1,19.90,5.31,true,1,
7290112495044,false,"קוקומן כדורים בד""ץ 375ב",יוניליוור ישראל שיווק בעמ,,,"י""ח",375,ל  גרם,false,1,19.90,5.31,true,1,
7290112495105,false,נשנשים שמנת בצל 260 גרם,יוניליוור ישראל שיווק בעמ,,,"י""ח",260,ל  גרם,false,1,12.70,4.88,false,1,
7290112495112,false,נשנשים זעתר  260 גרם,יוניליוור ישראל שיווק בעמ,,,"י""ח",260,ל  גרם,false,1,12.70,4.88,false,1,
7290112495150,false,נשנשים עגול מלוח 350 גר.,יוניליוור ישראל שיווק בעמ,,,"י""ח",300,ל  גרם,false,1,12.90,4.30,false,1,
7290112495167,false,נשנשים קרקר משולשי שומשום 300ג,יוניליוור ישראל שיווק בעמ,,,"י""ח",300,ל  גרם,false,1,12.90,4.30,false,1,
7290112495174,false,נשנשים קרקר קוקטייל שומשום 300ג,יוניליוור ישראל שיווק בעמ,,,"י""ח",300,ל  גרם,false,1,12.90,4.30,false,1,
7290112495228,false,קורנפלקס  448ג דבש,יוניליוור ישראל שיווק בעמ,,,"י""ח",448,ל  גרם,false,1,18.70,4.17,true,1,
7290112495280,false,"ברנפלקס ריבועי קינמון 400מ""ל",יוניליוור ישראל שיווק בעמ,,,"י""ח",400,"ל  מ""ל",false,1,19.90,4.98,false,1,
7290112495433,false,דליפקאן 400ג אגוזי פקאן ושקדים,יוניליוור ישראל שיווק בעמ,,,"י""ח",400,ל  גרם,false,1,20.90,5.23,false,1,
7290112495488,false,קורנפלקס ללא גלוטן 500גר`,יוניליוור ישראל שיווק בעמ,,,"י""ח",500,ל  גרם,false,1,14.90,2.98,false,1,
7290112495556,false,מארז קליק  נוגט שלישייה,יוניליוור ישראל שיווק בעמ,,,"י""ח",106,ל  גרם,false,1,12.90,12.17,true,1,
7290112495662,false,קרקר חיטה מלאה עם פשתן 300גר,יוניליוור ישראל שיווק בעמ,,,"י""ח",300,ל  גרם,false,1,8.90,2.97,false,1,
7290112495747,false,"רוטב צילי מתוק 70% פחות סוכר  340מ""ל",יוניליוור ישראל שיווק בעמ,,,"י""ח",340,"ל  מ""ל",false,1,10.90,3.21,true,1,
7290112495754,false,הלמנס לסלט אלף האיים 305גרם,יוניליוור ישראל שיווק בעמ,,,"י""ח",305,ל  גרם,false,1,9.90,3.25,false,1,
7290112496034,false,"סירופ מייפל לחיץ 580 מ""ל כשל""פ אפיכל",יוניליוור ישראל שיווק בעמ,,,"י""ח",580,"ל  מ""ל",false,1,12.90,2.22,false,1,
7290112496218,false,קנור רוטב טריאקי 340ג,יוניליוור ישראל שיווק בעמ,,,"י""ח",340,ל  גרם,false,1,10.90,3.21,true,1,
7290112496430,false,נמס בכוס עגבניות אקסטרה אטריות,יוניליוור ישראל שיווק בעמ,,,"י""ח",39,ל  גרם,false,1,3.90,10,false,1,
7290112496447,false,נמס בכוס טעם עוף אקסטרה אטריות,יוניליוור ישראל שיווק בעמ,,,"י""ח",39,ל  גרם,false,1,3.90,10,false,1,
7290112496461,false,נמס בכוס טעם עוף עם אטריות וקרטונים,יוניליוור ישראל שיווק בעמ,,,"י""ח",35,ל  גרם,false,1,3.90,11.14,false,1,
7290112497000,false,פנטסטיק 1 ליטר,יוניליוור ישראל שיווק בעמ,,,"י""ח",1,ליטר,false,1,9.90,9.90,false,1,
7290112497123,false,סחלב 56 גרם,יוניליוור ישראל שיווק בעמ,,,"י""ח",112,ל  גרם,false,1,11.90,10.63,false,1,
7290112497499,false,טבלת קליק לבן עוגיות 85ג,יוניליוור ישראל שיווק בעמ,,,"י""ח",100,ל  גרם,false,1,4.90,4.90,true,1,
7290112497505,false,"תחליב גוף וזלין ירוק עם אלוורה 600מ""ל",יוניליוור ישראל שיווק בעמ,,,"י""ח",600,"ל  מ""ל",false,1,19.90,3.32,false,1,
7290112497864,false,מרק עוף רכיבים טבעיים 33% פחות נת 400ג,יוניליוור ישראל שיווק בעמ,,,"י""ח",400,ל  גרם,false,1,18.90,4.73,true,1,
7290112497994,false,גרנולה פרוטאין 300 גרם,יוניליוור ישראל שיווק בעמ,,,"י""ח",300,ל  גרם,false,1,15.90,5.30,false,1,
7290112498007,false,גרנולה פרוטאין 300 גרם,יוניליוור ישראל שיווק בעמ,,,"י""ח",300,ל  גרם,false,1,15.90,5.30,false,1,
7290112498052,false,מאגדת פתית צ`יפס עם בטטה,יוניליוור ישראל שיווק בעמ,,,"י""ח",84,ל  גרם,false,1,14.90,17.74,false,1,
7290112498274,false,"פינוק סבון  ידיים נוזלי לבנדר 950מ""ל",יוניליוור ישראל שיווק בעמ,,,"י""ח",950,"ל  מ""ל",false,1,11.90,1.25,false,1,
7290112498281,false,"פינוק סבון  ידיים נוזלי קוקוס 950מ""ל",יוניליוור ישראל שיווק בעמ,,,"י""ח",950,"ל  מ""ל",false,1,11.90,1.25,false,1,
7290112498441,false,"רוטב אסייתי למוקפץ 270 מ""ל",יוניליוור ישראל שיווק בעמ,,,"י""ח",370,"ל  מ""ל",false,1,10.90,2.95,true,1,
7290112498472,false,"אקס בודי ספריי 150מ""ל.",יוניליוור ישראל שיווק בעמ,,,"י""ח",150,"ל  מ""ל",false,1,14.90,9.93,true,1,
7290112498526,false,פתית צ`יפס בטטה סגולה שמנת בצל 22גר,יוניליוור ישראל שיווק בעמ,,,"י""ח",22,ל  גרם,false,1,4.90,22.27,false,1,
7290112498540,false,רקסונה ספריי מן קובלט דריי,יוניליוור ישראל שיווק בעמ,,,"י""ח",1,"י""ח",false,1,14.90,14.90,true,1,
7290112498748,false,מאגדת מיני סולרו וניל תות שדה,גלידות שטראוס בעמ,,,"י""ח",325,ל  גרם,false,1,22.90,7.05,false,1,
7290112498915,false,מאגדת  מגנום שקדים  מיני שטראוס,גלידות שטראוס בעמ,,,"י""ח",280,ל  גרם,false,1,25.90,9.25,false,1,
7290112498922,false,מאגדת  מגנום לבן מיני שטראוס,גלידות שטראוס בעמ,,,"י""ח",280,ל  גרם,false,1,25.90,9.25,false,1,
7290112499097,false,מאגדת  מגנום מריר  מיני,גלידות שטראוס בעמ,,,"י""ח",280,ל  גרם,false,1,25.90,9.25,false,1,
7290112499219,false,גודיז מאגדת 5יח בטעם פיסטוק שוקולד,גלידות שטראוס בעמ,,,"י""ח",297,ל  גרם,false,1,19.90,6.70,false,1,
7290112499455,false,"פינוק סבון נוזלי מרוקאי 700מ""ל",יוניליוור ישראל שיווק בעמ,,,"י""ח",750,"ל  מ""ל",false,1,11.90,1.59,false,1,
7290112499462,false,"פינוק סבון נוזלי שמן קוקוס 700מ""ל",יוניליוור ישראל שיווק בעמ,,,"י""ח",750,"ל  מ""ל",false,1,11.90,1.59,false,1,
7290112499479,false,פינוק שמפו עם קרטין,יוניליוור ישראל שיווק בעמ,,,"י""ח",700,"ל  מ""ל",false,1,12.90,1.84,true,1,
7290112499486,false,"פינוק קונדישנר עם קרטין 700מ""ל",יוניליוור ישראל שיווק בעמ,,,"י""ח",700,"ל  מ""ל",false,1,12.90,1.84,true,1,
7290112499516,false,"רקסונה ספריי  לגבר 8V 150מ""ל",יוניליוור ישראל שיווק בעמ,,,"י""ח",1,"י""ח",false,1,14.90,14.90,true,1,
7290112499639,false,טילון סופר מגנום וניל שוקולד,גלידות שטראוס בעמ,,,"י""ח",110,ל  גרם,false,1,10,9.09,true,1,
7290112499646,false,"קורנטו טעם וניל עם וופל,פקאן",גלידות שטראוס בעמ,,,"י""ח",108,ל  גרם,false,1,10,9.26,true,1,
7290112499677,false,מגנום שוקולד 85ג  לבן,גלידות שטראוס בעמ,,,"י""ח",85,ל  גרם,false,1,11,12.94,true,1,
7290112499776,false,גודיז מאגדת 5יח בטעם 3 שוקולדים,גלידות שטראוס בעמ,,,"י""ח",297,ל  גרם,false,1,24.90,8.38,false,1,
7290112499813,false,אסקימו אבטיח,גלידות שטראוס בעמ,,,"י""ח",1,,false,1,3,3,true,1,
7290112499837,false,מגנום דואט שוקולד עם נוגט,גלידות שטראוס בעמ,,,"י""ח",90,ל  גרם,false,1,11,12.22,true,1,
7290112499905,false,קורנטו קליק טעם מרשמלו,גלידות שטראוס בעמ,,,"י""ח",72,ל  גרם,false,1,8.90,12.36,false,1,
7290112499929,false,מגנום שוקולד,גלידות שטראוס בעמ,,,"י""ח",90,ל  גרם,false,1,11,12.22,true,1,
7290112499936,false,מגנום שקדים אימפאלס,גלידות שטראוס בעמ,,,"י""ח",90,ל  גרם,false,1,11,12.22,true,1,
7290112499943,false,מאגדת  מגנום קלאסיק שוקולד  מיני,גלידות שטראוס בעמ,,,"י""ח",280,ל  גרם,false,1,25.90,9.25,false,1,
7290112705440,false,צלחת במבוק 23 נסיכות,שמחה זה אנחנו,,,"י""ח",1,,false,1,9.90,9.90,false,1,
7290112706362,false,שלישיית ביצי שוקולד מפרץ ההרפתקאות,שמחה זה אנחנו,,,"י""ח",1,,false,1,15,15,false,1,
7290112707246,false,שלישיית ביצי שוקולד פוח פי ג`יי,שמחה זה אנחנו,,,"י""ח",1,,false,1,15,15,false,1,
7290112961266,false,בייגלה כפיות פיזור איטלקי 300ג.,קבוצת אוסם סחר-שות.מוגבלת,,,"י""ח",300,ל  גרם,false,1,10.80,3.60,false,1,
7290112961327,false,בייגלה כפיות פיזור כפרי 300ג.,קבוצת אוסם סחר-שות.מוגבלת,,,"י""ח",300,ל  גרם,false,1,10.80,3.60,false,1,
7290112961372,false,פיטנס חטיפי פריכיות דקות 60גר,קבוצת אוסם סחר-שות.מוגבלת,,,"י""ח",60,ל  גרם,false,1,8.90,14.83,true,1,
7290112961440,false,פיטנס בר פריכיות שוקולד מריר 84גר,קבוצת אוסם סחר-שות.מוגבלת,,,"י""ח",84,ל  גרם,false,1,14.90,17.74,true,1,
7290112962287,false,טבעול שווארמה טבעונית  450גר,קבוצת אוסם סחר-שות.מוגבלת,,,"י""ח",500,ל  גרם,false,1,37.90,7.58,true,1,
7290112963321,false,בייגלה שטוח ללא גלוטן 300גר,קבוצת אוסם סחר-שות.מוגבלת,,,"י""ח",300,ל  גרם,false,1,13.10,4.37,false,1,
7290112963918,false,פיטנס חטיפי קרקר דק רוזמרין 140גר,קבוצת אוסם סחר-שות.מוגבלת,,,"י""ח",140,ל  גרם,false,1,12.90,9.21,true,1,
7290112964458,false,"רוטב וינגרט 290 מ""ל",קבוצת אוסם סחר-שות.מוגבלת,,,"י""ח",375,ל  גרם,false,1,11.90,3.17,true,1,
7290112964472,false,רוטב שום לסלט 290 מייל,קבוצת אוסם סחר-שות.מוגבלת,,,"י""ח",290,"ל  מ""ל",false,1,11.90,4.10,true,1,
7290112965240,false,זוג מרק נמס עגבניות 60גרם,קבוצת אוסם סחר-שות.מוגבלת,,,"י""ח",60,ל  גרם,false,1,6.40,10.67,false,1,
7290112965301,false,זוג מרק נמס טעם עוף  52ג,קבוצת אוסם סחר-שות.מוגבלת,,,"י""ח",52,ל  גרם,false,1,6.40,12.31,false,1,
7290112965363,false,טבעול קצציצות קינואה וברוקולי 525גר,קבוצת אוסם סחר-שות.מוגבלת,,,"י""ח",525,ל  גרם,false,1,37.90,7.22,true,1,
7290112965585,false,פרפקטו פסטה קסרצה 500גר,קבוצת אוסם סחר-שות.מוגבלת,,,"י""ח",500,ל  גרם,false,1,8.70,1.74,false,1,
7290112965660,false,פיטנס מולטיגרין מלח פלפל 25 גרם,קבוצת אוסם סחר-שות.מוגבלת,,,"י""ח",25,ל  גרם,false,1,5,20,true,1,
7290112965707,false,פיטנס מולטיגרין צ`ילי מעודן 25 גרם,קבוצת אוסם סחר-שות.מוגבלת,,,"י""ח",25,ל  גרם,false,1,5,20,true,1,
7290112965868,false,קרם קרקר במליחות מעודנת 250גר,קבוצת אוסם סחר-שות.מוגבלת,,,"י""ח",250,ל  גרם,false,1,9.90,3.96,true,1,
7290112965943,false,טבעול נאגטס ירקות ירוקים  500גר,קבוצת אוסם סחר-שות.מוגבלת,,,"י""ח",500,ל  גרם,false,1,37.90,7.58,true,1,
7290112965967,false,טבעול נאגטס ירקות כתומים 500גר,קבוצת אוסם סחר-שות.מוגבלת,,,"י""ח",500,ל  גרם,false,1,37.90,7.58,true,1,
7290112966803,false,פודינג  שוקולד 88 ג אסם,קבוצת אוסם סחר-שות.מוגבלת,,,"י""ח",88,ל  גרם,false,1,5.90,6.70,true,1,
7290112966841,false,פודינג  שוקולד מריר 88 ג אסם,קבוצת אוסם סחר-שות.מוגבלת,,,"י""ח",88,ל  גרם,false,1,5.90,6.70,true,1,
7290112967114,false,פיטנס חטיפי פריכיות קטניות ופלפל 60ג,קבוצת אוסם סחר-שות.מוגבלת,,,"י""ח",60,ל  גרם,false,1,8.90,14.83,true,1,
7290112967381,false,פיטנס חטיפי פריכיות קטניות ומלח ים 60גר,קבוצת אוסם סחר-שות.מוגבלת,,,"י""ח",60,ל  גרם,false,1,8.90,14.83,true,1,
7290112967572,false,"רוטב ברביקיו 290מ""ל",קבוצת אוסם סחר-שות.מוגבלת,,,"י""ח",290,"ל  מ""ל",false,1,11.90,4.10,true,1,
7290112968203,false,צבר סלט טחינה בלאדי 250גר,קבוצת אוסם סחר-שות.מוגבלת,,,"י""ח",250,ל  גרם,false,1,9.90,3.96,false,1,
7290112968340,false,צבר חומוס גרוס גס גס 400גר,קבוצת אוסם סחר-שות.מוגבלת,,,"י""ח",400,ל  גרם,false,1,14.80,3.70,true,1,
7290112968708,false,"שניצל תירס טבעול  1.3ק""ג",קבוצת אוסם סחר-שות.מוגבלת,,,"י""ח",1.30,"ק""ג",false,1,46.10,35.46,true,1,
7290112968807,false,פיטנס חטיפי קרקר דק סלק 150גר,קבוצת אוסם סחר-שות.מוגבלת,,,"י""ח",150,ל  גרם,false,1,12.90,8.60,true,1,
7290112968821,false,פיטנס חטיפי קרקר דק בטטה 150גר,קבוצת אוסם סחר-שות.מוגבלת,,,"י""ח",150,ל  גרם,false,1,12.90,8.60,true,1,
7290112969002,false,פודינג  טרמיסו 80 ג אסם,קבוצת אוסם סחר-שות.מוגבלת,,,"י""ח",80,ל  גרם,false,1,5.90,7.38,true,1,
7290112969903,false,טבעול נאגטס ירקות לבנים500גר,קבוצת אוסם סחר-שות.מוגבלת,,,"י""ח",500,ל  גרם,false,1,37.90,7.58,true,1,
7290113190450,false,ממרח תמרים ירדן (בדץ).,דין שיווק וקליה 2021 בעמ,,,"י""ח",450,ל  גרם,false,1,5.90,1.31,false,1,
7290113191747,false,דפי אורז מרובעים 250ג.,דין שיווק וקליה 2021 בעמ,,,"י""ח",250,ל  גרם,false,1,9.90,3.96,false,1,
7290113191907,false,טורטיה חיטה להכנת פיצה 440גר,לפ דין שיווק וקליהבעמ,,,"י""ח",440,ל  גרם,false,1,11.90,2.70,false,1,
7290113192157,false,אגוז ברזיל קלופיים  150ג שקדיה,דין שיווק וקליה 2021 בעמ,,,"י""ח",150,ל  גרם,false,1,15.90,10.60,false,1,
7290113192171,false,מיקס אגוזים שקדים וחמוציו 150ג דין שיו,דין שיווק וקליה 2021 בעמ,,,"י""ח",150,ל  גרם,false,1,10.90,7.27,false,1,
7290113192300,false,חרוזית מושחר].A2בית שיטה[,קבוצת אוסם סחר-שות.מוגבלת,,,"י""ח",275,ל  גרם,false,1,11.10,4.04,true,1,
7290113192317,false,טבעות זיתים מושחרים]בית השיטה[,קבוצת אוסם סחר-שות.מוגבלת,,,"י""ח",280,ל  גרם,false,1,11.90,4.25,false,1,
7290113192324,false,זית ירוק 340גר בית השיטה.,קבוצת אוסם סחר-שות.מוגבלת,,,"י""ח",340,ל  גרם,false,1,10.90,3.21,false,1,
7290113192331,false,בית השיטה זיתים ירוקים A2..,קבוצת אוסם סחר-שות.מוגבלת,,,"י""ח",340,ל  גרם,false,1,10.20,3,false,1,
7290113192355,false,חרוזית ירוק]בית השיטה[,קבוצת אוסם סחר-שות.מוגבלת,,,"י""ח",275,ל  גרם,false,1,10.90,3.96,true,1,
7290113192362,false,טבעות זיתים ירוקים A2.,קבוצת אוסם סחר-שות.מוגבלת,,,"י""ח",280,ל  גרם,false,1,11.20,4,false,1,
7290113192386,false,זית סורי מבוקע]בית שיטה[,קבוצת אוסם סחר-שות.מוגבלת,,,"י""ח",340,ל  גרם,false,1,12.50,3.68,false,1,
7290113192478,false,מלפפון במלח .10-12בית  שיטה,קבוצת אוסם סחר-שות.מוגבלת,,,"י""ח",320,ל  גרם,false,1,8.10,2.53,false,1,
7290113192485,false,מלפפון בחומץ -10-12 בית השיטה,קבוצת אוסם סחר-שות.מוגבלת,,,"י""ח",290,ל  גרם,false,1,8.10,2.79,false,1,
7290113192492,false,מלפפון בחומץ 13-17 בית השיטה,קבוצת אוסם סחר-שות.מוגבלת,,,"י""ח",290,ל  גרם,false,1,10.90,3.76,false,1,
7290113192508,false,מלפפון-במלח ]13-17בית שיטה[,קבוצת אוסם סחר-שות.מוגבלת,,,"י""ח",320,ל  גרם,false,1,10.90,3.41,false,1,
7290113192515,false,מלפפון במלח .18-25בית שיטה[,קבוצת אוסם סחר-שות.מוגבלת,,,"י""ח",320,ל  גרם,false,1,12.90,4.03,false,1,
7290113192522,false,מלפפון בחומץ 18-25,קבוצת אוסם סחר-שות.מוגבלת,,,"י""ח",290,ל  גרם,false,1,12.90,4.45,false,1,
7290113192539,false,מלפפון  במלח ]7-9בית  שיטה[,קבוצת אוסם סחר-שות.מוגבלת,,,"י""ח",320,ל  גרם,false,1,7.10,2.22,false,1,
7290113192546,false,מלפפון בחומץ 7-9 בית השיטה,קבוצת אוסם סחר-שות.מוגבלת,,,"י""ח",290,ל  גרם,false,1,7.10,2.45,false,1,
7290113192553,false,מלפפון במלח באלדי13-17,קבוצת אוסם סחר-שות.מוגבלת,,,"י""ח",320,ל  גרם,false,1,10.90,3.41,false,1,
7290113192560,false,שיפקה A2,קבוצת אוסם סחר-שות.מוגבלת,,,"י""ח",230,ל  גרם,false,1,7.90,3.43,true,1,
7290113192577,false,כרוב כבוש]בית   השיטה[,קבוצת אוסם סחר-שות.מוגבלת,,,"י""ח",430,ל  גרם,false,1,7.90,1.84,false,1,
7290113192881,false,טורטיה חיטה מופחתת קלוריות,לפ דין שיווק וקליהבעמ,,,"י""ח",420,ל  גרם,false,1,8.90,2.12,false,1,
7290113192997,false,זית מרוקאי 340גר בית השיטה.,קבוצת אוסם סחר-שות.מוגבלת,,,"י""ח",720,ל  גרם,false,1,12.90,1.79,false,1,
7290113193000,false,פלפל שיפקונית 230גר בית השיטה.,קבוצת אוסם סחר-שות.מוגבלת,,,"י""ח",230,ל  גרם,false,1,10.90,4.74,false,1,
7290113193031,false,בית השיטה חרוזית קלמטה,קבוצת אוסם סחר-שות.מוגבלת,,,"י""ח",275,ל  גרם,false,1,12.90,4.69,false,1,
7290113193321,false,שמן זית כתית מעולה בית השיטה 750 מייל,קבוצת אוסם סחר-שות.מוגבלת,,,"י""ח",750,ל  גרם,false,1,29.90,3.99,false,1,
7290113193406,false,בית השיטה טבעות קוקטייל זיתים 280גר,קבוצת אוסם סחר-שות.מוגבלת,,,"י""ח",275,ל  גרם,false,1,12.90,4.69,false,1,
7290113193888,false,חצילים מוחמצים 320גר בית השיטה.,קבוצת אוסם סחר-שות.מוגבלת,,,"י""ח",320,ל  גרם,false,1,10.20,3.19,true,1,
7290113194090,false,טבעות קלמטה 280גר בית השיטה.,קבוצת אוסם סחר-שות.מוגבלת,,,"י""ח",280,ל  גרם,false,1,10.90,3.89,false,1,
7290113194649,false,מלפפון קוביות בית השיטה,קבוצת אוסם סחר-שות.מוגבלת,,,"י""ח",290,ל  גרם,false,1,10.90,3.76,false,1,
7290113195042,false,מלפפונים במלח השיטה טעם ביתי 750גר`.,קבוצת אוסם סחר-שות.מוגבלת,,,"י""ח",750,ל  גרם,false,1,29.90,3.99,true,1,
7290113195196,false,רסק תפוחי עץ,דין שיווק וקליה 2021 בעמ,,,"י""ח",1,"י""ח",false,1,13.90,13.90,false,1,
7290113195264,false,ממרח פלפלים קלויים  360גר,דין שיווק וקליה 2021 בעמ,,,"י""ח",360,ל  גרם,false,1,13.90,3.86,false,1,
7290113195424,false,"איטריות אורז 400גר כשל""פ.",דין שיווק וקליה 2021 בעמ,,,"י""ח",400,ל  גרם,false,1,9.90,2.48,false,1,
7290113196353,false,"איטריות אורז 400גר כשל""פ",דין שיווק וקליה 2021 בעמ,,,"י""ח",400,ל  גרם,false,1,9.90,2.48,false,1,
7290113196414,false,"אורז בסמטי שקדיה 1ק""ג",דין שיווק וקליה 2021 בעמ,,,"י""ח",1,"ק""ג",false,1,9.80,9.80,false,1,
7290113196506,false,פריכיות כוסמת ללא מלח 150גר שקדיה,לפ דין שיווק וקליהבעמ,,,"י""ח",150,ל  גרם,false,1,9.90,6.60,false,1,
7290113196513,false,פריכיות כוסמת בתוספת שקדים 150גר שקדיה,דין שיווק וקליה 2021 בעמ,,,"י""ח",150,ל  גרם,false,1,9.90,6.60,false,1,
7290113196780,false,זיתים ירוקים מבוקעים]בית  שיטה[900גר,קבוצת אוסם סחר-שות.מוגבלת,,,"י""ח",900,ל  גרם,false,1,24.90,2.77,false,1,
7290113196919,false,מנה חמה אטריות אורז בטעם עוף,דין שיווק וקליה 2021 בעמ,,,"י""ח",70,ל  גרם,false,1,7.90,11.29,false,1,
7290113197169,false,חמאת בוטנים עם שברי בוטנים 510גר`,דין שיווק וקליה 2021 בעמ,,,"י""ח",510,ל  גרם,false,1,15.90,3.12,false,1,
7290113197824,false,בית השיטה לבבות דקל 220גר,קבוצת אוסם סחר-שות.מוגבלת,,,"י""ח",220,ל  גרם,false,1,12.90,5.86,true,1,
7290113197923,false,בית השיטה טונה בשמן קנולה 4*98גר,קבוצת אוסם סחר-שות.מוגבלת,,,"י""ח",392,ל  גרם,false,1,29.90,7.63,false,1,
7290113198395,false,קשיו ענק 250גר מחנה יהודה,דין שיווק וקליה 2021 בעמ****,,,"י""ח",250,ל  גרם,false,1,24.90,9.96,true,1,
7290113198401,false,בוטנים קלויים ג`מבו 300גר מחנה יהודה,דין שיווק וקליה 2021 בעמ****,,,"י""ח",300,ל  גרם,false,1,19.90,6.63,true,1,
7290113198418,false,שקד קלוי ענק  250גר מחנה יהודה,דין שיווק וקליה 2021 בעמ****,,,"י""ח",250,ל  גרם,false,1,24.90,9.96,true,1,
7290113198432,false,תערובת פיצוחים מובחרת 250גר מחנה יהודה,דין שיווק וקליה 2021 בעמ****,,,"י""ח",250,ל  גרם,false,1,24.90,9.96,true,1,
7290113198449,false,שקד טבעי 300גר מחנה יהודה,דין שיווק וקליה 2021 בעמ****,,,"י""ח",300,ל  גרם,false,1,24.90,8.30,true,1,
7290113198456,false,חמוציות  250גר מחנה יהודה,דין שיווק וקליה 2021 בעמ****,,,"י""ח",250,ל  גרם,false,1,9.90,3.96,true,1,
7290113198470,false,אגוז מלך 200גר מחנה יהודה,דין שיווק וקליה 2021 בעמ****,,,"י""ח",200,ל  גרם,false,1,14.90,7.45,true,1,
7290113198494,false,פיסטוק קלוי גדול 200גר מחנה יהודה,דין שיווק וקליה 2021 בעמ****,,,"י""ח",200,ל  גרם,false,1,24.90,12.45,true,1,
7290113198517,false,שזיף ללא גרעין 330גר מחנה יהודה,דין שיווק וקליה 2021 בעמ****,,,"י""ח",330,ל  גרם,false,1,19.90,6.03,true,1,
7290113199880,false,טורטיה בתוספת קמח כוסמין ושיבולת שועל,דין שיווק וקליה 2021 בעמ,,,"י""ח",360,ל  גרם,false,1,9.90,2.75,false,1,
7290113300125,false,בונזו מקלות בקר 50ג,דיפלומט מפיצים (1968) בעמ**,,,"י""ח",50,ל  גרם,false,1,8.90,17.80,false,1,
7290113300224,false,פאוץ מתחוני לה קט עם סלמון ברוטב 85ג,דיפלומט מפיצים (1968) בעמ**,,,"י""ח",85,ל  גרם,false,1,4.90,5.76,false,1,
7290113300231,false,פאוץ מתחוני לה קט עם בקר בגלי 85ג,דיפלומט מפיצים (1968) בעמ**,,,"י""ח",85,ל  גרם,false,1,4.90,5.76,false,1,
7290113315686,false,"צלחות נייר 23ס""מ עגולות 10יח פורים זהב",שמחה זה אנחנו,,,"י""ח",1,,false,1,10.90,10.90,false,1,
7290113315716,false,כוסות ניר 10יח פורים זהב,שמחה זה אנחנו,,,"י""ח",1,,false,1,9.90,9.90,false,1,
7290113560260,false,זוג מברשות סנסודיין שיקום,גורי ע.ע.ע. בעמ,,,"י""ח",75,"ל  מ""ל",false,1,29.90,39.87,true,1,
7290113560277,false,זוג מברשות סנסודיין שיקום,גורי ע.ע.ע. בעמ,,,"י""ח",75,"ל  מ""ל",false,1,29.90,39.87,true,1,
7290113594326,false,סוכריה על מקל 85ג סווירל,שמחה זה אנחנו,,,"י""ח",50,ל  גרם,false,1,5.90,11.80,false,1,
7290113860247,false,עוגות אישיות שכבות עשריה פנטולה,ש.שסטוביץ בעמ,,,"י""ח",400,ל  גרם,false,1,12.90,3.23,true,1,
7290113860476,false,מלפפון 7-9 מחנה יהודה,קבוצת יבנה מוצרי מזון בעמ,,,"י""ח",600,ל  גרם,false,1,6.90,1.15,true,1,
7290113860483,false,מלפפון 18-25 מחנה יהודה,קבוצת יבנה מוצרי מזון בעמ,,,"י""ח",600,ל  גרם,false,1,10.90,1.82,true,1,
7290113860667,false,"קמח חיטה לבן 1ק""ג מחנה יהודה",טחנות ישראליות בעמ,,,"י""ח",1,"ק""ג",false,1,7.90,7.90,true,1,
7290113860674,false,"קמח חיטה לבן 405 1ק""ג מחנה יהודה",טחנות ישראליות בעמ,,,"י""ח",1,"ק""ג",false,1,8.90,8.90,true,1,
7290113860698,false,"קמח כוסמין לבן 1ק""ג ישראליות",טחנות ישראליות בעמ,,,"י""ח",1,"ק""ג",false,1,15.90,15.90,true,1,
7290113860742,false,"קמח כוסמין מלא 100% 1ק""ג ישראליות",טחנות ישראליות בעמ,,,"י""ח",1,"ק""ג",false,1,15.90,15.90,true,1,
7290114310215,false,"שמנת מתוקה עמידה 38% 250  מ""ל*בד""צ",*החברה המרכזית להפצת משקאותבעמ,,,"י""ח",250,"ל  מ""ל",false,1,6.47,2.59,false,1,
7290114310239,false,חלב נטול לקטוז מועשר בויטמין D 1.5ליטר,*החברה המרכזית להפצת משקאותבעמ,,,"י""ח",1.50,ליטר,false,1,12.50,8.33,false,1,
7290114310345,false,מעדן מוו תות 1.5% 125גר.,*החברה המרכזית להפצת משקאותבעמ,,,"י""ח",250,ל  גרם,false,1,2.90,1.16,true,1,
7290114310536,false,מולר אקטיב לייט 0% שומן טעם וניל,*החברה המרכזית להפצת משקאותבעמ,,,"י""ח",200,"ל  מ""ל",false,1,6,3,true,1,
7290114310550,false,פטה עיזים מעודנת  200גר 5%,*החברה המרכזית להפצת משקאותבעמ,,,"י""ח",200,ל  גרם,false,1,23.90,11.95,false,1,
7290114310611,false,"משקה חלב בננה  250מ""ל בקבוק פקק ספורט",*החברה המרכזית להפצת משקאותבעמ,,,"י""ח",250,"ל  מ""ל",false,1,5.70,2.28,false,1,
7290114310895,false,מאגדת שמינייה סימפלי 1.5% מנגו ותות.,*החברה המרכזית להפצת משקאותבעמ,,,"י""ח",150,"ל  מ""ל",false,1,30.90,20.60,false,1,
7290114310901,false,גבינה לבנה  ב250 גרם 5%*,*החברה המרכזית להפצת משקאותבעמ,,,"י""ח",250,ל  גרם,false,1,4.98,1.99,false,1,
7290114311014,false,"שוקו חלב אייס קפוצינו 250מ""ל",*החברה המרכזית להפצת משקאותבעמ,,,"י""ח",250,"ל  מ""ל",false,1,5.70,2.28,false,1,
7290114311069,false,מולר אקטיב 0% יוגורט לבן 200ג,*החברה המרכזית להפצת משקאותבעמ,,,"י""ח",200,"ל  מ""ל",false,1,6,3,true,1,
7290114311076,false,חמאת מולר צהובה עם שום 200ג.,*החברה המרכזית להפצת משקאותבעמ,,,"י""ח",200,ל  גרם,false,1,11.90,5.95,false,1,
7290114311298,false,מולר תות בננה מלון FROOP MULLER,*החברה המרכזית להפצת משקאותבעמ,,,"י""ח",150,"ל  מ""ל",false,1,5.30,3.53,true,1,
7290114311304,false,מולר מנגו פסיפלורה בננה FROOP MULLER,*החברה המרכזית להפצת משקאותבעמ,,,"י""ח",150,"ל  מ""ל",false,1,5.30,3.53,true,1,
7290114311328,false,חלב נטול לקטוז  1ליטר,*החברה המרכזית להפצת משקאותבעמ,,,"י""ח",1,ליטר,false,1,7.90,7.90,false,1,
7290114311458,false,חלב מועשר 3% שומן 1ליטר קרטון,*החברה המרכזית להפצת משקאותבעמ,,,"י""ח",1,ליטר,false,1,7.70,7.70,false,1,
7290114600927,false,עלי טורטיה חיטה מלאה 320ג מאסטר שף,ש.שסטוביץ בעמ,,,"י""ח",320,ל  גרם,false,1,9.90,3.09,false,1,
7290114600941,false,מיונז לחיץ 435ג מאסטר שף,ש.שסטוביץ בעמ,,,"י""ח",435,ל  גרם,false,1,13.90,3.20,false,1,
7290114600989,false,"רוטב אלף האיים 250מ""ל מאסטר שף",ש.שסטוביץ בעמ,,,"י""ח",250,ל  גרם,false,1,9.90,3.96,false,1,
7290114603041,false,פרי גרנולה אגוזים בוטנים וקוקוס,ש.שסטוביץ בעמ,,,"י""ח",300,ל  גרם,false,1,15.90,5.30,false,1,
7290114604857,false,"דפי אורז קוטר 22 כשל""פ מאסטר שף",ש.שסטוביץ בעמ,,,"י""ח",400,ל  גרם,false,1,14.90,3.73,false,1,
7290114604864,false,קוסקוס סולת דק 350ג מאסטר שף,ש.שסטוביץ בעמ,,,"י""ח",350,ל  גרם,false,1,6.90,1.97,false,1,
7290114604871,false,קוסקוס סולת בינוני 350ג מאסטר שף,ש.שסטוביץ בעמ,,,"י""ח",350,ל  גרם,false,1,6.90,1.97,false,1,
7290114604895,false,ממרח ספייסי לחיץ 446ג מאסטר שף,ש.שסטוביץ בעמ,,,"י""ח",446,ל  גרם,false,1,13.90,3.12,false,1,
7290114604925,false,"קרם קוקוס לייט  פחית  400מ""ל",ש.שסטוביץ בעמ,,,"י""ח",400,"ל  מ""ל",false,1,9.90,2.48,false,1,
7290114604932,false,רוטב ברביקיו דבש 520ג מאסטר שף,ש.שסטוביץ בעמ,,,"י""ח",520,ל  גרם,false,1,12.90,2.48,false,1,
7290114604949,false,רוטב ברביקיו 524ג מאסטר שף,ש.שסטוביץ בעמ,,,"י""ח",524,ל  גרם,false,1,12.90,2.46,false,1,
7290114604963,false,פרורי לחם מתובלים 230ג מאסטר שף,ש.שסטוביץ בעמ,,,"י""ח",200,ל  גרם,false,1,7.80,3.90,false,1,
7290114606530,false,רוטב בטעם מיונז וקטשופ 515ג מאסטר שף,ש.שסטוביץ בעמ,,,"י""ח",515,ל  גרם,false,1,13.90,2.70,false,1,
7290114606547,false,מיונז עם פטריות כמהין 242ג מאסטר שף,ש.שסטוביץ בעמ,,,"י""ח",242,ל  גרם,false,1,13.90,5.74,false,1,
7290114606578,false,שקדי מרק 400 גר`מאסטר שף,ש.שסטוביץ בעמ,,,"י""ח",400,ל  גרם,false,1,9.90,2.48,true,1,
7290114606592,false,רוטב סויה 46% פולי סויה 620גרם,ש.שסטוביץ בעמ,,,"י""ח",620,"ל  מ""ל",false,1,16.90,2.73,false,1,
7290114606608,false,רוטב סויה דלת נתרן 40% פולי סויה 620גרם,ש.שסטוביץ בעמ,,,"י""ח",620,"ל  מ""ל",false,1,16.90,2.73,false,1,
7290114608640,false,קרוטונים לסלט כוסמין 260ג מ.שף,ש.שסטוביץ בעמ,,,"י""ח",260,ל  גרם,false,1,17.90,6.88,false,1,
7290114659864,false,סוכריה ג`לי על המקל 20ג אל או אל,שמחה זה אנחנו,,,"י""ח",20,ל  גרם,false,1,2.90,14.50,false,1,
7290114720878,false,נורות זוגות 75 אור לבן,פוגיקום בעמ,,,"י""ח",1,,false,1,19.90,19.90,true,1,
7290114721592,false,מברשת ש. ילדים דינוזאור בנים פוגיקום,פוגיקום בעמ,,,"י""ח",1,,false,1,39.90,39.90,true,1,
7290114750813,false,דאודורנט קליר ג ל מארז זוג,דיפלומט מפיצים 1968 בעמ,,,"י""ח",100,ל  גרם,false,1,32.90,32.90,true,1,
7290114750820,false,דאודורנט קליר ג ל מארז זוג,דיפלומט מפיצים 1968 בעמ,,,"י""ח",100,ל  גרם,false,1,32.90,32.90,true,1,
7290115072297,false,"בקבוק פלסטיק 500 מ""ל עם פיה - LOL",שמחה זה אנחנו,,,"י""ח",1,,false,1,13.90,13.90,false,1,
7290115072303,false,"בקבוק פלסטיק 500 מ""ל עם פיה - ברבי.",שמחה זה אנחנו,,,"י""ח",1,,false,1,13.90,13.90,false,1,
7290115073713,false,ביצי שוקולד שלישייה טום וגרי,שמחה זה אנחנו,,,"י""ח",1,,false,1,14.90,14.90,false,1,
7290115079586,false,"בקבוק בועות סבון 175מ""ל ברבי",שמחה זה אנחנו,,,"י""ח",1,,false,1,5.90,5.90,false,1,
7290115190014,false,מרלבורו רד קצר בודד.,פיליפ מוריס בעמ,,,"י""ח",1,,false,1,34.90,34.90,false,1,
7290115190038,false,מרלבורו רד קצר סופט בודד,פיליפ מוריס בעמ,,,"י""ח",1,,false,1,33.90,33.90,false,1,
7290115190076,false,מלבורו גולד ארוך בודד,פיליפ מוריס בעמ,,,"י""ח",1,,false,1,34.90,34.90,false,1,
7290115190090,false,מרלבורו גולד קצר בודד,פיליפ מוריס בעמ,,,"י""ח",1,,false,1,34.90,34.90,false,1,
7290115190113,false,מרלבורו גולד קצר סופט בודד,פיליפ מוריס בעמ,,,"י""ח",1,,false,1,33.90,33.90,false,1,
7290115190137,false,מלבורו פיין טאצ`7.1,פיליפ מוריס בעמ,,,"י""ח",1,,false,1,30.90,30.90,false,1,
7290115190151,false,מלבורו טאצ`7.1,פיליפ מוריס בעמ,,,"י""ח",1,,false,1,30.90,30.90,false,1,
7290115190212,false,פרלנמט ארוך בלו RCB בודד,פיליפ מוריס בעמ,,,"י""ח",1,,false,1,39.50,39.50,false,1,
7290115190236,false,פרלמנט קצר בלו בודד,פיליפ מוריס בעמ,,,"י""ח",1,,false,1,39.50,39.50,false,1,
7290115190250,false,פרלמנט קצר בודד,פיליפ מוריס בעמ,,,"י""ח",1,,false,1,39.50,39.50,false,1,
7290115190335,false,ל.מ.בלו ארוך בודד,פיליפ מוריס בעמ,,,"י""ח",1,,false,1,30.50,30.50,false,1,
7290115190397,false,אל אם אדום קצר,פיליפ מוריס בעמ,,,"י""ח",1,,false,1,30.50,30.50,false,1,
7290115190458,false,נקסט אדג` בודד,פיליפ מוריס בעמ,,,"י""ח",1,,false,1,26.50,26.50,true,1,
7290115190496,false,נקסט 100 בודד,פיליפ מוריס בעמ,,,"י""ח",1,,false,1,29.90,29.90,false,1,
7290115190519,false,נקסט לייט בודד,פיליפ מוריס בעמ,,,"י""ח",1,,false,1,29.90,29.90,false,1,
7290115190533,false,נקסט ריסס 100,פיליפ מוריס בעמ,,,"י""ח",1,,false,1,26.90,26.90,true,1,
7290115190557,false,נקסט ריסס,פיליפ מוריס בעמ,,,"י""ח",1,,false,1,26.90,26.90,true,1,
7290115190595,false,נקסט בודד,פיליפ מוריס בעמ,,,"י""ח",1,,false,1,29.90,29.90,false,1,
7290115200003,false,פתי בר פינוקי וניל 220גר,קבוצת אוסם סחר-שות.מוגבלת,,,"י""ח",220,ל  גרם,false,1,10.90,4.95,true,1,
7290115200027,false,פתי בר פינוקי שוקו 220גר,קבוצת אוסם סחר-שות.מוגבלת,,,"י""ח",220,ל  גרם,false,1,10.90,4.95,true,1,
7290115200676,false,קרמוגיתקרמל מלוח 200גר אוסם,קבוצת אוסם סחר-שות.מוגבלת,,,"י""ח",200,ל  גרם,false,1,11.90,5.95,true,1,
7290115200713,false,במבה  מארז 50גרם *5יח,קבוצת אוסם סחר-שות.מוגבלת,,,"י""ח",250,ל  גרם,false,1,13.90,5.56,true,1,
7290115201031,false,פתי בר פינוקי דובי שוקולד 175גר.,קבוצת אוסם סחר-שות.מוגבלת,,,"י""ח",175,ל  גרם,false,1,10.90,6.23,true,1,
7290115201680,false,ביסלי  ברביקיו}קטן{,קבוצת אוסם סחר-שות.מוגבלת,,,"י""ח",70,ל  גרם,false,1,3.90,5.57,true,1,
7290115201727,false,ביסלי  גדול בצל 200גר,קבוצת אוסם סחר-שות.מוגבלת,,,"י""ח",200,ל  גרם,false,1,8.90,4.45,true,1,
7290115202434,false,חומוס עם זעתר 375גר,קבוצת אוסם סחר-שות.מוגבלת,,,"י""ח",375,ל  גרם,false,1,12.70,3.39,true,1,
7290115203134,false,פופקו פופקורן במבה 80גר,קבוצת אוסם סחר-שות.מוגבלת,,,"י""ח",80,ל  גרם,false,1,5.50,6.88,true,1,
7290115203172,false,במבה פרו אסם{,קבוצת אוסם סחר-שות.מוגבלת,,,"י""ח",80,ל  גרם,false,1,4.30,5.38,true,1,
7290115203295,false,פרפקטו פסטה ריציאולי מהדורה 500גר.,קבוצת אוסם סחר-שות.מוגבלת,,,"י""ח",500,ל  גרם,false,1,11.90,2.38,false,1,
7290115203486,false,פירורית  200גר,קבוצת אוסם סחר-שות.מוגבלת,,,"י""ח",200,ל  גרם,false,1,6.90,3.45,false,1,
7290115203806,false,"רוטב בסיס לבישול אסם 290מ""ל",קבוצת אוסם סחר-שות.מוגבלת,,,"י""ח",290,ל  גרם,false,1,11.90,4.10,false,1,
7290115204056,false,"קטשופ מופחת סוכר אסם 690 גרם כשל""פ",קבוצת אוסם סחר-שות.מוגבלת,,,"י""ח",690,ל  גרם,false,1,11.90,1.72,true,1,
7290115204186,false,צבר פסטו 190גר,קבוצת אוסם סחר-שות.מוגבלת,,,"י""ח",190,ל  גרם,false,1,16.90,8.89,true,1,
7290115204261,false,צבר אריסה 190גר,קבוצת אוסם סחר-שות.מוגבלת,,,"י""ח",190,ל  גרם,false,1,11.90,6.26,true,1,
7290115205176,false,פיטנס חטיפי קרקר כפרי 140גר.,קבוצת אוסם סחר-שות.מוגבלת,,,"י""ח",140,ל  גרם,false,1,12.90,9.21,true,1,
7290115205251,false,פיטנס בר פריכיות קרמל מלוח 84גר,קבוצת אוסם סחר-שות.מוגבלת,,,"י""ח",84,ל  גרם,false,1,14.90,17.74,true,1,
7290115205312,false,פיטנס חטיפי קרקר זיתים 140גר.,קבוצת אוסם סחר-שות.מוגבלת,,,"י""ח",140,ל  גרם,false,1,12.90,9.21,true,1,
7290115205527,false,פיטנס מולטיגרין עם עדשים 25 גרם,קבוצת אוסם סחר-שות.מוגבלת,,,"י""ח",25,ל  גרם,false,1,4.90,19.60,true,1,
7290115205541,false,פיטנס מולטיגרין עם חומוס 25 גרם,קבוצת אוסם סחר-שות.מוגבלת,,,"י""ח",25,ל  גרם,false,1,4.90,19.60,true,1,
7290115205619,false,פתיבר פינוקי עוגת גבינה 220 אוסם.,קבוצת אוסם סחר-שות.מוגבלת,,,"י""ח",220,ל  גרם,false,1,10.90,4.95,true,1,
7290115205695,false,בונג ור בצק מצונן לפיצה 460גר,קבוצת אוסם סחר-שות.מוגבלת,,,"י""ח",460,ל  גרם,false,1,18.90,4.11,true,1,
7290115205718,false,בונג ור בצק מצונן עלים 230גר,קבוצת אוסם סחר-שות.מוגבלת,,,"י""ח",230,ל  גרם,false,1,14.90,6.48,true,1,
7290115205978,false,פתי בר אצבעות שוקולד 180גר,קבוצת אוסם סחר-שות.מוגבלת,,,"י""ח",180,ל  גרם,false,1,11.90,6.61,true,1,
7290115206890,false,ביסלי  המבורגר}קטן{,קבוצת אוסם סחר-שות.מוגבלת,,,"י""ח",70,ל  גרם,false,1,3.90,5.57,true,1,
7290115207361,false,פתיבר פיסטוק 500 אוסם.,קבוצת אוסם סחר-שות.מוגבלת,,,"י""ח",500,ל  גרם,false,1,11.90,2.38,true,1,
7290115207484,false,צבר חציל על האש היתר 400גר`,קבוצת אוסם סחר-שות.מוגבלת,,,"י""ח",400,ל  גרם,false,1,15.90,3.98,true,1,
7290115207620,false,"רוטב בסגנון סויה קלאסי 290מ""ל",קבוצת אוסם סחר-שות.מוגבלת,,,"י""ח",360,ל  גרם,false,1,11.90,3.31,false,1,
7290115207682,false,רוטב בסגנון סויה סיני 290מל בקבוק,קבוצת אוסם סחר-שות.מוגבלת,,,"י""ח",290,"ל  מ""ל",false,1,11.90,4.10,true,1,
7290115207774,false,טבעול המבורגר פטריות 480 גרם,קבוצת אוסם סחר-שות.מוגבלת,,,"י""ח",600,ל  גרם,false,1,37.90,6.32,true,1,
7290115207798,false,טבעול בורגר חריף  טבעוני 420גר,קבוצת אוסם סחר-שות.מוגבלת,,,"י""ח",580,ל  גרם,false,1,37.90,6.53,true,1,
7290115207811,false,טבעול נקניקיות טבעוניות  418ג.,קבוצת אוסם סחר-שות.מוגבלת,,,"י""ח",418,ל  גרם,false,1,37.90,9.07,true,1,
7290115207880,false,ויטמינצ ק פטל 2 ליטר,קבוצת אוסם סחר-שות.מוגבלת,,,"י""ח",2,ליטר,false,1,41.90,20.95,false,1,
7290115207965,false,סירופ מנגו אפרסק 1 ליטר,קבוצת אוסם סחר-שות.מוגבלת,,,"י""ח",1,ליטר,false,1,21.90,21.90,false,1,
7290115207989,false,סירופ לימון 1 ליטר,קבוצת אוסם סחר-שות.מוגבלת,,,"י""ח",1,ליטר,false,1,21.90,21.90,false,1,
7290115208009,false,סירופ ענבים 1 ליטר,קבוצת אוסם סחר-שות.מוגבלת,,,"י""ח",1,ליטר,false,1,21.90,21.90,false,1,
7290115208023,false,סירופ ענבים 2 ליטר,קבוצת אוסם סחר-שות.מוגבלת,,,"י""ח",1,ליטר,false,1,41.90,41.90,false,1,
7290115208047,false,סירופ פטל 1 ליטר,קבוצת אוסם סחר-שות.מוגבלת,,,"י""ח",1,ליטר,false,1,21.90,21.90,false,1,
7290115208344,false,שטוחים בייגלה כפיות שמנת בצל 300גר,קבוצת אוסם סחר-שות.מוגבלת,,,"י""ח",300,ל  גרם,false,1,10.80,3.60,false,1,
7290115208597,false,קרמוגית מיניס קרמל מלוח 200גר,קבוצת אוסם סחר-שות.מוגבלת,,,"י""ח",200,ל  גרם,false,1,11.90,5.95,true,1,
7290115208801,false,לחמית כפרית עם דגנים מלאים 190 ג`,קבוצת אוסם סחר-שות.מוגבלת,,,"י""ח",190,ל  גרם,false,1,9.90,5.21,true,1,
7290115209198,false,במבה אורירית 80גר אסם{,קבוצת אוסם סחר-שות.מוגבלת,,,"י""ח",80,ל  גרם,false,1,3.90,4.88,true,1,
7290115209235,false,פתיבר קפה 500 אוסם,קבוצת אוסם סחר-שות.מוגבלת,,,"י""ח",500,ל  גרם,false,1,13.90,2.78,true,1,
7290115209358,false,במבה במילוי בראוניז 60גר אסם{,קבוצת אוסם סחר-שות.מוגבלת,,,"י""ח",600,ל  גרם,false,1,4.30,0.72,true,1,
7290115400274,false,"מיני דובשניות 400ג בד""צ",שיבולים ייצור ושיווק מאפה בעמ,,,"י""ח",400,ל  גרם,false,1,11.90,2.98,false,1,
7290115403282,false,עוגיות פיצפוצי שוקו  500ג דל,שיבולים ייצור ושיווק מאפה בעמ,,,"י""ח",500,ל  גרם,false,1,15.90,3.18,false,1,
7290115403350,false,עוגיות רשת שוקו מסוכרות  450ג דל,שיבולים ייצור ושיווק מאפה בעמ,,,"י""ח",450,ל  גרם,false,1,15.90,3.53,false,1,
7290115403367,false,עוגיות קוואקר פריכות 500ג דל,שיבולים ייצור ושיווק מאפה בעמ,,,"י""ח",500,ל  גרם,false,1,15.90,3.18,false,1,
7290115403381,false,עוגיות פיצפוצים לבן  500ג דלי,שיבולים ייצור ושיווק מאפה בעמ,,,"י""ח",500,ל  גרם,false,1,15.90,3.18,false,1,
7290115403411,false,עוגיות עינוגים טעם קרם אגוזים  500ג דל,שיבולים ייצור ושיווק מאפה בעמ,,,"י""ח",500,ל  גרם,false,1,15.90,3.18,false,1,
7290115403435,false,עוגיות מעמול תמר  500ג דל,שיבולים ייצור ושיווק מאפה בעמ,,,"י""ח",500,ל  גרם,false,1,15.90,3.18,false,1,
7290115403510,false,עוגיות מגולגלות תמרים  500ג דל,שיבולים ייצור ושיווק מאפה בעמ,,,"י""ח",500,ל  גרם,false,1,15.90,3.18,false,1,
7290115403527,false,עוגיות עינוגי תמרים  500ג דל,שיבולים ייצור ושיווק מאפה בעמ,,,"י""ח",500,ל  גרם,false,1,15.90,3.18,false,1,
7290115642209,false,מארז מנג`טים+קיסמים,צבע ומכחול (2014) בעמ,,,"י""ח",1,,false,1,14.90,14.90,false,1,
7290115642476,false,מיכלי איחסון 1ליטר.,צבע ומכחול (2014) בעמ,,,"י""ח",5,"י""ח",false,1,9.90,1.98,true,1,
7290115642483,false,מיכלי איחסון 2ליטר.,צבע ומכחול (2014) בעמ,,,"י""ח",5,"י""ח",false,1,9.90,1.98,true,1,
7290115670677,false,גרנולה פירות טרופיים 400גר,"שטראוס גרופ בע""מ",,,"י""ח",400,ל  גרם,false,1,13.90,3.48,true,1,
7290115670684,false,גרנולה אגוזים 400גר,"שטראוס גרופ בע""מ",,,"י""ח",400,ל  גרם,false,1,13.90,3.48,true,1,
7290115670707,false,גרנולה שוקולד ואגוזים 400גר,"שטראוס גרופ בע""מ",,,"י""ח",400,ל  גרם,false,1,13.90,3.48,true,1,
7290115671223,false,מסטיק מאסט פאן אבטיח מנגו 58גר,"שטראוס גרופ בע""מ",,,"י""ח",58,ל  גרם,false,1,9.90,17.07,true,1,
7290115671308,false,מסטיק מאסט פאן תות דובדבן 58גר,"שטראוס גרופ בע""מ",,,"י""ח",58,ל  גרם,false,1,9.90,17.07,true,1,
7290115671346,false,מיני פינוקיות טופי קרמל מלוח 180גר,"שטראוס גרופ בע""מ",,,"י""ח",200,ל  גרם,false,1,10.90,5.45,true,1,
7290115675559,false,מארז קפה טורקי לדרך 70גר`.,"שטראוס גרופ בע""מ",,,"י""ח",70,ל  גרם,false,1,8.90,12.71,true,1,
7290115676051,false,"משקה אקטיביה עם ש""ש מתיקות מעודנת 1.2%","שטראוס גרופ ***בע""מ",,,"י""ח",265,"ל  מ""ל",false,1,5,1.89,true,1,
7290115676082,false,דנונה פרו 20 משקה תות 265גר,"שטראוס גרופ ***בע""מ",,,"י""ח",265,"ל  מ""ל",false,1,6.90,2.60,true,1,
7290115676099,false,דנונה פרו 20 משקה וניל 265גר,"שטראוס גרופ ***בע""מ",,,"י""ח",265,"ל  מ""ל",false,1,6.90,2.60,true,1,
7290115676273,false,שקית קקאו 500 גרם+10%  עלית,"שטראוס גרופ בע""מ",,,"י""ח",500,ל  גרם,false,1,23.90,4.78,true,1,
7290115677089,false,קונפיטורה תפוח וקינמון 340גר,"שטראוס גרופ בע""מ",,,"י""ח",340,ל  גרם,false,1,13.50,3.97,true,1,
7290115677140,false,תפוציפס פפריקהWAVY  200 ג,"שטראוס פריטו ליי בע""מ",,,"י""ח",200,ל  גרם,false,1,10.90,5.45,true,1,
7290115677409,false,אורז קארי צהוב דלישס,קפוא זן תעשיות מזון בעמ,,,"י""ח",300,ל  גרם,false,1,26.90,8.97,true,1,
7290115678222,false,מארז שמינייה יווני,"שטראוס גרופ ***בע""מ",,,"י""ח",1.04,ליטר,false,1,24.90,23.94,true,1,
7290115678376,false,מעדן הגולן בודד 125גר,"שטראוס גרופ ***בע""מ",,,"י""ח",125,ל  גרם,false,1,3.20,2.56,true,1,
7290115678383,false,מעדן הגולן שוקולד מריר בודד 125גר,"שטראוס גרופ ***בע""מ",,,"י""ח",125,ל  גרם,false,1,3.20,2.56,true,1,
7290115679885,false,פיצה מבצק עם כרובית דלישס,קפוא זן תעשיות מזון בעמ,,,"י""ח",300,ל  גרם,false,1,27.90,9.30,true,1,
7290116530000,false,"דאב תרחיץ פנים מלפפון ותה ירוק 180מ""ל",יוניליוור ישראל שיווק בעמ,,,"י""ח",180,"ל  מ""ל",false,1,11.90,6.61,false,1,
7290116530062,false,הלמנס לסלט ויניגרט 295גרם,יוניליוור ישראל שיווק בעמ,,,"י""ח",295,ל  גרם,false,1,9.90,3.36,false,1,
7290116530109,false,קליק אוקי נוגט לבן OK 35גר.,יוניליוור ישראל שיווק בעמ,,,"י""ח",35,ל  גרם,false,1,4.90,14,true,1,
7290116530116,false,מארז קליק  ברים שוקולד נוגט לבן שלישייה,יוניליוור ישראל שיווק בעמ,,,"י""ח",106,ל  גרם,false,1,12.90,12.17,true,1,
7290116530161,false,"פינוק סבון נוזלי אננס 700מ""ל",יוניליוור ישראל שיווק בעמ,,,"י""ח",750,"ל  מ""ל",false,1,11.90,1.59,false,1,
7290116530185,false,דלישקד 400ג קרמל מלוח.,יוניליוור ישראל שיווק בעמ,,,"י""ח",400,ל  גרם,false,1,20.90,5.23,false,1,
7290116530215,false,אקס סטיק שוקולד 77 גרם,יוניליוור ישראל שיווק בעמ,,,"י""ח",77,ל  גרם,false,1,14.90,19.35,false,1,
7290116530239,false,אקס סטיק בלאק 77 גרם,יוניליוור ישראל שיווק בעמ,,,"י""ח",77,ל  גרם,false,1,14.90,19.35,false,1,
7290116530482,false,מארז קורנפלקס של אלופים 150גר,יוניליוור ישראל שיווק בעמ,,,"י""ח",150,ל  גרם,false,1,10,6.67,false,1,
7290116531021,false,שוקולד חלב  ורד הגליל 100ג,יוניליוור ישראל שיווק בעמ,,,"י""ח",100,ל  גרם,false,1,4.90,4.90,false,1,
7290116531069,false,בויון בצל רכיבים טבעיים 225ג,יוניליוור ישראל שיווק בעמ,,,"י""ח",225,ל  גרם,false,1,16.90,7.51,false,1,
7290116531090,false,דגדג במליחות מעודנת 250גר,יוניליוור ישראל שיווק בעמ,,,"י""ח",250,ל  גרם,false,1,9.90,3.96,true,1,
7290116531496,false,קינמונים דגנים פריכים מצופים 375ג.,יוניליוור ישראל שיווק בעמ,,,"י""ח",375,ל  גרם,false,1,19.90,5.31,true,1,
7290116531540,false,"קורנפלקס  דבש כשל""פ 375גר.",יוניליוור ישראל שיווק בעמ,,,"י""ח",375,ל  גרם,false,1,15.90,4.24,false,1,
7290116531557,false,פתית פריכיות תירס דקות מאגדת 150ג.,יוניליוור ישראל שיווק בעמ,,,"י""ח",150,ל  גרם,false,1,10.90,7.27,false,1,
7290116531564,false,פתית פריכיות קינואה ובזיליקום מאגדת 15,יוניליוור ישראל שיווק בעמ,,,"י""ח",150,ל  גרם,false,1,10.90,7.27,false,1,
7290116531656,false,"פינוק מרכך תפוח 700מ""ל",יוניליוור ישראל שיווק בעמ,,,"י""ח",700,"ל  מ""ל",false,1,12.90,1.84,true,1,
7290116531779,false,בדין דפי מרכך כחול-40.,יוניליוור ישראל שיווק בעמ,,,"י""ח",40,"י""ח",false,1,15.90,0.40,false,1,
7290116531793,false,הלמנס רוטב לסלט קיסר 295ג,יוניליוור ישראל שיווק בעמ,,,"י""ח",295,ל  גרם,false,1,9.90,3.36,false,1,
7290116532011,false,קליק חטיף שוקולד נוגט שוקולד חלב 35גר.,יוניליוור ישראל שיווק בעמ,,,"י""ח",35,ל  גרם,false,1,3.90,11.14,true,1,
7290116532219,false,קורנפלקס  448ג תות,יוניליוור ישראל שיווק בעמ,,,"י""ח",448,ל  גרם,false,1,17.90,4,true,1,
7290116532240,false,טבלת קליק שוקולד חלב עוגיות ודגנים 85ג,יוניליוור ישראל שיווק בעמ,,,"י""ח",100,ל  גרם,false,1,4.90,4.90,true,1,
7290116532394,false,"אל סבון ידיים חמאת קקאו 950מ""ל",יוניליוור ישראל שיווק בעמ,,,"י""ח",950,ל  גרם,false,1,9.90,1.04,false,1,
7290116532585,false,ברנפלקס קראנצ`ים דבש וקימנון 375גרם.,יוניליוור ישראל שיווק בעמ,,,"י""ח",500,ל  גרם,false,1,19.90,3.98,false,1,
7290116532615,false,פינוק שמפו בתוספת תמצית גוג`י ברי 700מ,יוניליוור ישראל שיווק בעמ,,,"י""ח",700,"ל  מ""ל",false,1,11.90,1.70,true,1,
7290116532622,false,"פינוק קונדישנר בתוספת תמצית גוג`י 700מ""ל",יוניליוור ישראל שיווק בעמ,,,"י""ח",700,"ל  מ""ל",false,1,11.90,1.70,true,1,
7290116532882,false,נשנושים איירביס 150ג טעם בצל,יוניליוור ישראל שיווק בעמ,,,"י""ח",150,ל  גרם,false,1,11.90,7.93,false,1,
7290116532899,false,נשנושים איירביס 150ג טעם פלאפל,יוניליוור ישראל שיווק בעמ,,,"י""ח",150,ל  גרם,false,1,11.90,7.93,false,1,
7290116533094,false,"פינוק שמפו בניחוח ורדים לבנים 700מ""ל",יוניליוור ישראל שיווק בעמ,,,"י""ח",700,"ל  מ""ל",false,1,12.90,1.84,true,1,
7290116533100,false,"פינוק מרכך בניחוח ורדים לבנים 700מ""ל",יוניליוור ישראל שיווק בעמ,,,"י""ח",700,"ל  מ""ל",false,1,12.90,1.84,true,1,
7290116533216,false,מרק ירקות קנור  235ג,יוניליוור ישראל שיווק בעמ,,,"י""ח",235,ל  גרם,false,1,14.90,6.34,false,1,
7290116533230,false,דליאגוז 400ג אגוזי לוז שלמים,יוניליוור ישראל שיווק בעמ,,,"י""ח",400,ל  גרם,false,1,21.90,5.48,false,1,
7290116910895,false,מיני פופ סוכריה על מקל,שמחה זה אנחנו,,,"י""ח",50,ל  גרם,false,1,11.90,23.80,false,1,
7290116930015,false,חטיף חלבון GO קרמל ח.בוטנים קריס 20 גרם.,שקד תבל בעמ,,,"י""ח",1,,false,1,11.90,11.90,false,1,
7290116930282,false,ארוחה בקטנה לאבנה עם קרקרים 150ג,תנובה בעמ ***,,,"י""ח",150,ל  גרם,false,1,7.90,5.27,false,1,
7290116930435,false,יוגורט גו סמיך 0% דובדבן,תנובה בעמ ***,,,"י""ח",200,"ל  מ""ל",false,1,5.90,2.95,true,1,
7290116930459,false,"יופלה שייק פירות 230מ""ל",תנובה בעמ ***,,,"י""ח",230,"ל  מ""ל",false,1,7.90,3.43,false,1,
7290116930626,false,ארוחה בקטנה ציזיק עם קרקרים 150ג,תנובה בעמ ***,,,"י""ח",150,ל  גרם,false,1,7.90,5.27,false,1,
7290116931074,false,טל עמק פרוס 32% 300ג,תנובה בעמ ***,,,"י""ח",300,ל  גרם,false,1,25.90,8.63,false,1,
7290116931289,false,יוגורט גו סמיך 0% אלפחורס,תנובה בעמ ***,,,"י""ח",200,"ל  מ""ל",false,1,5.90,2.95,true,1,
7290116931463,false,מאגדת צפתית 200ג*2,תנובה בעמ ***,,,"י""ח",400,ל  גרם,false,1,25.90,6.48,false,1,
7290117030363,false,כוסות מעוטרות אומן 40יח שווה,ח.כהן סוכנות מזון ומשקאות בע,,,,40,"י""ח",false,1,8.90,0.22,true,1,
7290117030554,false,תבניות זהב ומכסה מרובע אישי שווה,ח.כהן סוכנות מזון ומשקאות בע,,,"י""ח",10,"י""ח",false,1,13.90,1.39,false,1,
7290117030639,false,תבניות 10יח זהב פאי גדולות שווה,ח.כהן סוכנות מזון ומשקאות בע,,,"י""ח",10,"י""ח",false,1,13.90,1.39,false,1,
7290117030745,false,נייר אפייה מתאים לתבנית אינגליש שווה,ח.כהן סוכנות מזון ומשקאות בע,,,"י""ח",20,"י""ח",false,1,9.90,0.50,true,1,
7290117030752,false,תבניות ארוז *7 שווה,ח.כהן סוכנות מזון ומשקאות בע,,,"י""ח",7,"י""ח",false,1,7.90,1.13,true,1,
7290117030769,false,תבניות ארוז *7 שווה,ח.כהן סוכנות מזון ומשקאות בע,,,"י""ח",7,"י""ח",false,1,7.90,1.13,true,1,
7290117030776,false,תבניות ארוז מלבן עמוק *7 שווה,ח.כהן סוכנות מזון ומשקאות בע,,,"י""ח",7,"י""ח",false,1,7.90,1.13,true,1,
7290117030783,false,תבניות ארוז *4 שווה,ח.כהן סוכנות מזון ומשקאות בע,,,"י""ח",4,"י""ח",false,1,7.90,1.98,true,1,
7290117030790,false,תבניות ארוז *10 אינגליש  שווה,ח.כהן סוכנות מזון ומשקאות בע,,,"י""ח",10,"י""ח",false,1,7.90,0.79,true,1,
7290117030806,false,תבניות ארוז *10 טוסטר  שווה,ח.כהן סוכנות מזון ומשקאות בע,,,"י""ח",10,"י""ח",false,1,7.90,0.79,true,1,
7290117030837,false,תבניות ארוז *10יח אינגליש קצר שווה,ח.כהן סוכנות מזון ומשקאות בע,,,"י""ח",4,"י""ח",false,1,8.90,2.23,false,1,
7290117031490,false,כריות מיקרופיבר לקרצוף וניקוי שווה,ח.כהן סוכנות מזון ומשקאות בע,,,"י""ח",3,"י""ח",false,1,8.90,2.97,true,1,
7290117031520,false,"כוסות נייר גודל 12 שווה"" 40יח.",ח.כהן סוכנות מזון ומשקאות בע,,,"י""ח",40,"י""ח",false,1,13.90,0.35,true,1,
7290117031537,false,"כוסות נייר גודל 16 שווה"" 40יח.",ח.כהן סוכנות מזון ומשקאות בע,,,"י""ח",40,"י""ח",false,1,18.90,0.47,true,1,
7290117031544,false,"כוסות נייר גודל 4 שווה"" 40יח.",ח.כהן סוכנות מזון ומשקאות בע,,,"י""ח",40,"י""ח",false,1,6.90,0.17,true,1,
7290117031551,false,"כוסות נייר גודל 2.5 שווה"" 40יח.",ח.כהן סוכנות מזון ומשקאות בע,,,"י""ח",40,"י""ח",false,1,4.90,0.12,true,1,
7290117031711,false,מרקיה חושן 8יח פנינה  שווה,ח.כהן סוכנות מזון ומשקאות בע,,,,8,"י""ח",false,1,13.90,1.74,false,1,
7290117031810,false,צלחת גדולה חושן 8יח לבן שווה,ח.כהן סוכנות מזון ומשקאות בע,,,,8,"י""ח",false,1,15.90,1.99,false,1,
7290117031834,false,צלחת גדולה חושן 8יח פנינה שווה,ח.כהן סוכנות מזון ומשקאות בע,,,,8,"י""ח",false,1,15.90,1.99,false,1,
7290117032008,false,מזלגונים איכותי  40יח קרם שווה,ח.כהן סוכנות מזון ומשקאות בע,,,"י""ח",40,"י""ח",false,1,6.90,0.17,true,1,
7290117032015,false,מזלגונים איכותי  40יח שקוף שווה,ח.כהן סוכנות מזון ומשקאות בע,,,"י""ח",40,"י""ח",false,1,6.90,0.17,true,1,
7290117032022,false,מזלגונים איכותי  40יח צבעוני שווה,ח.כהן סוכנות מזון ומשקאות בע,,,"י""ח",40,"י""ח",false,1,6.90,0.17,true,1,
7290117032046,false,סכינים איכותי  40יח שקוף שווה,ח.כהן סוכנות מזון ומשקאות בע,,,"י""ח",40,"י""ח",false,1,6.90,0.17,true,1,
7290117032060,false,כפות איכותי  40יח קרם שווה.,ח.כהן סוכנות מזון ומשקאות בע,,,"י""ח",40,"י""ח",false,1,6.90,0.17,true,1,
7290117032077,false,כפות איכותי  40יח שקוף שווה,ח.כהן סוכנות מזון ומשקאות בע,,,"י""ח",40,"י""ח",false,1,6.90,0.17,true,1,
7290117032091,false,כפיות איכותי 40יח קרם שווה,ח.כהן סוכנות מזון ומשקאות בע,,,"י""ח",40,"י""ח",false,1,6.90,0.17,true,1,
7290117032107,false,כפיות איכותי  40יח שקוף שווה,ח.כהן סוכנות מזון ומשקאות בע,,,"י""ח",40,"י""ח",false,1,6.90,0.17,true,1,
7290117033029,false,פופקורן לייט מארז למיקרו 5יח שווה,ח.כהן סוכנות מזון ומשקאות בע,,,"י""ח",425,ל  גרם,false,1,10.90,2.56,true,1,
7290117260890,false,פופקורן טעם קוקוס  90גר,ג.וילי פוד אינטרנשיונל בעמ,,,"י""ח",90,ל  גרם,false,1,6.90,7.67,true,1,
7290117260944,false,מיני גריסיני עם שמן זית ללא גלוטן 125ג,ג.וילי פוד אינטרנשיונל בעמ,,,"י""ח",125,ל  גרם,false,1,9.90,7.92,true,1,
7290117260968,false,ביסקוויט ללא גלוטן 125ג,ג.וילי פוד אינטרנשיונל בעמ,,,"י""ח",125,ל  גרם,false,1,9.90,7.92,true,1,
7290117261187,false,ארוחת פסטה קפוא פנה ותרד 600ג,ג.וילי פוד אינטרנשיונל בעמ,,,"י""ח",600,ל  גרם,false,1,23.90,3.98,true,1,
7290117261231,false,ארוחת אורז קפוא עם ירקות מקסיקני  600ג,ג.וילי פוד אינטרנשיונל בעמ,,,"י""ח",600,ל  גרם,false,1,23.90,3.98,true,1,
7290117261385,false,גבינת פטה לייט 500ג 8%,ג.וילי פוד אינטרנשיונל בעמ,,,"י""ח",500,ל  גרם,false,1,27.90,5.58,false,1,
7290117261675,false,מגורדת טבעונית טעם צדר 200ג,ג.וילי פוד אינטרנשיונל בעמ,,,"י""ח",200,ל  גרם,false,1,14.90,7.45,false,1,
7290117261927,false,גבינה פקורינו מחלב כבשים 150ג,ג.וילי פוד אינטרנשיונל בעמ,,,"י""ח",150,ל  גרם,false,1,19.90,13.27,false,1,
7290117262160,false,גבינה כפרית חצי קשה 200גר 20% שומן,ג.וילי פוד אינטרנשיונל בעמ,,,"י""ח",200,ל  גרם,false,1,16.90,8.45,false,1,
7290117382219,false,מארז קולגייט מ.ילדים מיניונים,ש.שסטוביץ בעמ,,,"י""ח",100,"ל  מ""ל",false,1,29.90,29.90,true,1,
7290117382318,false,סלים דליס חטיף חלבון מצופה שוקולד מריר,ש.שסטוביץ בעמ,,,"י""ח",60,ל  גרם,false,1,12.90,21.50,true,1,
7290117382325,false,סלים דליס פרו 33חטיף חלבון מצופה שוקולד,ש.שסטוביץ בעמ,,,"י""ח",60,ל  גרם,false,1,12.90,21.50,true,1,
7290117382332,false,סלים דליס חטיף חלבון מצופה שוקולד טעם,ש.שסטוביץ בעמ,,,"י""ח",60,ל  גרם,false,1,12.90,21.50,true,1,
7290117382578,false,"מארז קולגייט טוטאל 75מ""ל+מברשת",ש.שסטוביץ בעמ,,,"י""ח",100,"ל  מ""ל",false,1,21.90,21.90,true,1,
7290117383711,false,"זוג פלמוליב חלב ודבש 750מ""ל",ש.שסטוביץ בעמ,,,"י""ח",1.50,ליטר,false,1,31.90,21.27,true,1,
7290117860144,false,"הוואי שמפו למניעת קשקשים 700מ""ל",הנקל סוד בעמ,,,"י""ח",700,"ל  מ""ל",false,1,14.90,2.13,true,1,
7290117860298,false,"הוואי שמפו קרטין מחזק 700מ""ל",הנקל סוד בעמ,,,"י""ח",700,"ל  מ""ל",false,1,14.90,2.13,true,1,
7290117860380,false,"הוואי תחליב רחצה יוגורט 700מ""ל אלוורה",הנקל סוד בעמ,,,"י""ח",700,"ל  מ""ל",false,1,14.90,2.13,true,1,
7290117860397,false,"הוואי שמפו פריחת דובדבן 700מ""ל",הנקל סוד בעמ,,,"י""ח",700,"ל  מ""ל",false,1,14.90,2.13,true,1,
7290117860496,false,"הוואי  שמפו+מרכך 2ב1 לגבר 700מ""ל",הנקל סוד בעמ,,,"י""ח",700,"ל  מ""ל",false,1,14.90,2.13,true,1,
7290117860694,false,"הוואי מרכך ללא סולפטים 700מ""ל",הנקל סוד בעמ,,,"י""ח",700,"ל  מ""ל",false,1,14.90,2.13,true,1,
7290117860748,false,"הוואי שמפו מעניק נפח 700מ""ל",הנקל סוד בעמ,,,"י""ח",700,"ל  מ""ל",false,1,14.90,2.13,true,1,
7290117860847,false,הוואי שמפו 4ב1 לגבר רעננות קרירה  700מ,הנקל סוד בעמ,,,"י""ח",700,"ל  מ""ל",false,1,14.90,2.13,true,1,
7290117860892,false,"הוואי תחליב רחצה יוגורט  700 מ""ל דבש",הנקל סוד בעמ,,,"י""ח",700,"ל  מ""ל",false,1,14.90,2.13,true,1,
7290117901199,false,טורטיה על גחלים,דין שיווק וקליה 2021 בעמ,,,"י""ח",360,ל  גרם,false,1,9.90,2.75,false,1,
7290117901793,false,גרעיני חמניה קלופים 250גר מחנה יהודה,דין שיווק וקליה 2021 בעמ****,,,"י""ח",250,ל  גרם,false,1,14.90,5.96,true,1,
7290117901809,false,צנובר 130גר מחנה יהודה,דין שיווק וקליה 2021 בעמ****,,,"י""ח",130,ל  גרם,false,1,39.90,30.69,true,1,
7290117901816,false,אגוז קשיו טבעי 250גר מחנה יהודה,דין שיווק וקליה 2021 בעמ****,,,"י""ח",250,ל  גרם,false,1,29.90,11.96,true,1,
7290118420378,false,פתי בר פינוקים בטעם תותים בשמנת 220גר,קבוצת אוסם סחר-שות.מוגבלת,,,"י""ח",220,ל  גרם,false,1,10.90,4.95,true,1,
7291044064032,false,מגהץ אדים 2200W קרמי יונדאי,סמיקום לקסיס בעמ,,,"י""ח",1,,false,1,89.90,89.90,false,1,
7291044066296,false,טוסטר לחיצה ל2 פרוסות גריל.,סמיקום לקסיס בעמ,,,"י""ח",1,,false,1,69.90,69.90,false,1,
7291044081305,false,זוג נורת לד DL 12W E27 A60 SAFETY,סמיקום לקסיס בעמ,,,"י""ח",1,,false,1,16.90,16.90,false,1,
7291044083293,false,קומקום חשמלי 1.7ליטר זכוכית שחור יונדאי,סמיקום לקסיס בעמ,,,"י""ח",1,,false,1,99.90,99.90,false,1,
7291044085112,false,קומקום זכוכית אדום 1.7 יונדאי,סמיקום לקסיס בעמ,,,"י""ח",1,,false,1,99.90,99.90,false,1,
7291044091298,false,מיקסר יד חשמלי+קערה  300W יונדאי,סמיקום לקסיס בעמ,,,"י""ח",1,,false,1,149.90,149.90,false,1,
7291044097061,false,מצנם ל -2פרוסות יונדאי 750W שחור,סמיקום לקסיס בעמ,,,"י""ח",1,,false,1,59.90,59.90,false,1,
7291044101478,false,תנור קיר לאמבט 3 דרגות חום 1500W,סמיקום לקסיס בעמ,,,"י""ח",1,,false,1,69.90,69.90,true,1,
7291044101706,false,מפזר חום 2000W יונדאי,סמיקום לקסיס בעמ,,,"י""ח",1,,false,1,59.90,59.90,false,1,
7291044121933,false,"בלנדר מוט 1000W כוס 700מ""ל  HYUNDAI",סמיקום לקסיס בעמ,,,"י""ח",1,,false,1,129.90,129.90,false,1,
7291044126716,false,תנור קיר לאמבט INTZ-1500,סמיקום לקסיס בעמ,,,"י""ח",1,,false,1,69.90,69.90,true,1,
7291045000442,false,פחם אלשאם 2 ק``ג,מחמד זייד,,,"י""ח",1,,false,1,13.90,13.90,false,1,
7296001021035,false,בלוק ציור קטן,צבע ומכחול (2014) בעמ,,,"י""ח",1,,false,1,6.90,6.90,false,1,
7296058000069,false,פריכיות אורז מארז 310גר,א.ג בחירה חכמה בעמ,,,"י""ח",310,ל  גרם,false,1,13.90,4.48,false,1,
7297028161575,false,עשיריית גרבי אקטיב גבר 40-46,ביג מול בעמ,,,"י""ח",1,,false,1,29.90,29.90,false,1,
7297028161582,false,גרבי אקטיב 10 זוגות,ביג מול בעמ,,,"י""ח",1,,false,1,29.90,29.90,false,1,
7297028177019,false,שלישיית גרבי מיקי מאוס בנות,ביג מול בעמ,,,"י""ח",1,,false,1,19.90,19.90,false,1,
7297070000372,false,גרבי מכנס נשים אנדראה 20,אחים וייס ישי ייצור בעמ,,,"י""ח",1,,false,1,17.90,17.90,false,1,
7297070001287,false,קרסוליות גבר,אחים וייס ישי ייצור בעמ,,,"י""ח",1,,false,1,12.90,12.90,false,1,
7297070001829,false,תחתון נשים *5 לייקרה,אחים וייס ישי ייצור בעמ,,,"י""ח",1,,false,1,35.90,35.90,false,1,
7297070002338,false,קרסוליות לנשים,אחים וייס ישי ייצור בעמ,,,"י""ח",1,,false,1,14.90,14.90,false,1,
7297094105756,false,סט מצעי פליז זוגי 160/200,"רומנטקס בע""מ",,,"י""ח",1,,false,1,99.90,99.90,true,1,
7297174001077,false,טייץ נשים מדיצ`י,אחים וייס ישי ייצור בעמ,,,"י""ח",1,,false,1,22.90,22.90,false,1,
7297488098176,false,קמח סויה 500גר,נטורפוד בעמ,,,"י""ח",500,ל  גרם,false,1,9.90,1.98,false,1,
7297488099906,false,פרוסות בסיגנון קלאסי 18% 200גר,קפוא זן תעשיות מזון בעמ,,,"י""ח",200,ל  גרם,false,1,19.90,9.95,false,1,
7297488199682,false,קמח כוסמת  500ג,נטורפוד בעמ,,,"י""ח",500,"ל  מ""ל",false,1,10.90,2.18,false,1,
7297579011312,false,מגבת מדאם פנים,דהן פרוספר בעמ,,,"י""ח",1,,false,1,14.90,14.90,true,1,
7297579011329,false,מגבת מדאם גוף,דהן פרוספר בעמ,,,"י""ח",1,,false,1,29.90,29.90,true,1,
7297579011350,false,שמיכת כירבולית לונדון,דהן פרוספר בעמ,,,"י""ח",1,,false,1,14.90,14.90,true,1,
7297579011503,false,שטיח אמבטיה 50*80 דגם תחרה,דניאלה ע.י בעמ,,,"י""ח",1,,false,1,39.90,39.90,false,1,
7297579011565,false,שלישיית מגבות מטבח גינגר,דניאלה ע.י בעמ,,,"י""ח",1,,false,1,11.90,11.90,false,1,
7297588028455,false,מטריה סיליקון חצי אוטומטית חלק,ביג מול בעמ,,,"י""ח",375,ל  גרם,false,1,39.90,10.64,false,1,
7312040017683,false,מארז אבסולוט רגיל(וודקה {}{700 עם כוס,טמפו משקאות בעמ,,,"י""ח",750,"ל  מ""ל",false,1,69.90,9.28,true,1,
7394376615825,false,אוטלי משקה שיבולת שועל מועשר בסידן,ש.שסטוביץ בעמ,,,"י""ח",1,ליטר,false,1,13.90,13.90,false,1,
7394376615832,false,אוטלי משקה שיבולת שועל בטעם שוקולד,ש.שסטוביץ בעמ,,,"י""ח",1,ליטר,false,1,15.90,15.90,false,1,
7394376616778,false,אוטלי משקה שיבולת שועל להקצפה בריסטה,ש.שסטוביץ בעמ,,,"י""ח",1,ליטר,false,1,15.90,15.90,false,1,
7394376620294,false,אוטלי משקה שיבולת שועל בטעם וניל,ש.שסטוביץ בעמ,,,"י""ח",1,ליטר,false,1,15.90,15.90,false,1,
7450014901320,false,נעלי בית חורף נשים דגם SY001 שחור,ביג מול בעמ,,,"י""ח",1,,false,1,39.90,39.90,false,1,
7450014901351,false,נעלי בית חורף נשים דגם SY001 אפור,ביג מול בעמ,,,"י""ח",1,,false,1,39.90,39.90,false,1,
7450026800499,false,נעלי בית חורף גברים SY013 שחור,ביג מול בעמ,,,"י""ח",1,,false,1,39.90,39.90,false,1,
7450026800505,false,נעלי בית חורף גברים SY013 ירוק,ביג מול בעמ,,,"י""ח",1,,false,1,39.90,39.90,false,1,
7450026800512,false,נעלי בית חורף גברים SY013 אפור,ביג מול בעמ,,,"י""ח",1,,false,1,39.90,39.90,false,1,
7501013101355,false,"נקטר אפרסק 473מ""ל JUMEX",טמפו משקאות בעמ,,,"י""ח",473,"ל  מ""ל",false,1,8,1.63,true,1,
7501013122114,false,נקטר אננס 1ליטר JUMEX קרטונית,טמפו משקאות בעמ,,,"י""ח",1,ליטר,false,1,9.30,9.30,true,1,
7501013138047,false,יוניקו פרסקו משקה רימונים  1 ליטר קרטו,טמפו משקאות בעמ,,,"י""ח",1,ליטר,false,1,11.50,11.50,false,1,
7501013138184,false,יוניקו פרסקו משקה חמוציות  1 ליטר קרטו,טמפו משקאות בעמ,,,"י""ח",1,ליטר,false,1,11.50,11.50,false,1,
7501064191398,false,"בירה קורונה שישייה *355מ""ל.",תימקו בירה בעמ,,,"י""ח",6,"י""ח",false,1,39.90,6.35,true,1,
7509546063515,false,"ליידי ספיד סטיק פרו 5 ספריי 150מ""ל",ש.שסטוביץ בעמ,,,"י""ח",1,,false,1,18.90,18.90,true,1,
7509546666846,false,"קולגייט טוטאל משחת שיניים פחם 75 מ""ל",ש.שסטוביץ בעמ,,,"י""ח",75,"ל  מ""ל",false,1,19.90,26.53,false,1,
7509546678702,false,קולגייט משחת שיניים טוטל אנטי טרטר 100,ש.שסטוביץ בעמ,,,"י""ח",100,"ל  מ""ל",false,1,16.90,16.90,true,1,
7610100034084,false,מיונז טומי 265ג,ליימן שליסל,,,"י""ח",265,ל  גרם,false,1,11.90,4.49,false,1,
7610113011652,false,"בקרדי בריזר תפוח 275מ""ל",טמפו משקאות בעמ,,,"י""ח",275,"ל  מ""ל",false,1,14.20,5.05,true,1,
7610243004463,false,"דורגול מרסס קצף 500מ""ל",יעקב יעקבי ובניו בעמ,,,"י""ח",500,"ל  מ""ל",false,1,19.90,3.98,true,1,
7610400014649,false,לינדט 100 גרם,מ.סידס ובנו בעמ,,,"י""ח",100,ל  גרם,false,1,16.90,16.90,true,1,
7610400068505,false,בונ`לינדור מילק 200גר`,מ.סידס ובנו בעמ,,,"י""ח",1,,false,1,24.90,24.90,true,1,
7610400091060,false,לינדט אקסלנס תפוז 100ג,מ.סידס ובנו בעמ,,,"י""ח",100,ל  גרם,false,1,16.90,16.90,true,1,
7610700012642,false,ריקולה שקית 70ג לימון,שוקוטרייד בעמ,,,"י""ח",70,ל  גרם,false,1,11.90,17,false,1,
7610700607046,false,ריקולה 50ג דיאטטי לימון,שוקוטרייד בעמ,,,"י""ח",50,ל  גרם,false,1,13.90,27.80,false,1,
7610700614914,false,ריקולה 50ג דיאטטי קרנברי,שוקוטרייד בעמ,,,"י""ח",50,ל  גרם,false,1,13.90,27.80,false,1,
7613030979647,false,טריקס פירות  480גר,קבוצת אוסם סחר-שות.מוגבלת,,,"י""ח",4.80,"י""ח",false,1,19.90,4.15,true,1,
7613032045753,false,פיטנס שוקולד 375גרם,קבוצת אוסם סחר-שות.מוגבלת,,,"י""ח",375,ל  גרם,false,1,22.90,6.11,true,1,
7613033548192,false,פיטנס שוקולד מריר 375 גרם,קבוצת אוסם סחר-שות.מוגבלת,,,"י""ח",375,ל  גרם,false,1,22.90,6.11,true,1,
7613035635845,false,פיטנס גרנולה שוקולד 300גר,קבוצת אוסם סחר-שות.מוגבלת,,,"י""ח",300,ל  גרם,false,1,15.90,5.30,false,1,
7613035758834,false,פיטנס גרנולה חמוציות  300גר,קבוצת אוסם סחר-שות.מוגבלת,,,"י""ח",300,ל  גרם,false,1,15.90,5.30,false,1,
7613035807778,false,רוטב עגבניות לבלונז 400ג אוסם,קבוצת אוסם סחר-שות.מוגבלת,,,"י""ח",400,ל  גרם,false,1,9.90,2.48,true,1,
7613035809109,false,פרפקטו רוטב עגבניות ובזיליקום 400ג,קבוצת אוסם סחר-שות.מוגבלת,,,"י""ח",400,ל  גרם,false,1,9.90,2.48,true,1,
7613035809123,false,רוטב עגבניות עם פלפלים  400ג,קבוצת אוסם סחר-שות.מוגבלת,,,"י""ח",400,ל  גרם,false,1,9.90,2.48,true,1,
7613036105606,false,"דוגלי בוגר בקר  3ק""ג",קבוצת אוסם סחר-שות.מוגבלת,,,"י""ח",3,"ק""ג",false,1,50.50,16.83,false,1,
7613036520492,false,פרפקטו רוטב עגבניות לפיצה  400ג,קבוצת אוסם סחר-שות.מוגבלת,,,"י""ח",400,ל  גרם,false,1,9.90,2.48,true,1,
7613036867870,false,נס קפה דולצה גוסטו אספרסו בריסט 16 קפ,קבוצת אוסם סחר-שות.מוגבלת,,,"י""ח",216,ל  גרם,false,1,27.90,12.92,false,1,
7613037012200,false,גרבר מחית תפוח מנגו גזר פאוץ 90גר,קבוצת אוסם סחר-שות.מוגבלת,,,"י""ח",130,ל  גרם,false,1,6.90,5.31,true,1,
7613037686906,false,פיטנס דבש ושקדים 355  גר`:,קבוצת אוסם סחר-שות.מוגבלת,,,"י""ח",355,ל  גרם,false,1,22.90,6.45,true,1,
7613039547731,false,גרבר מחית תפוח משמש פאוץ 90גר,קבוצת אוסם סחר-שות.מוגבלת,,,"י""ח",90,ל  גרם,false,1,6.90,7.67,true,1,
7613039547922,false,גרבר מחית תפוח בננה אגס פאוץ 90גר,קבוצת אוסם סחר-שות.מוגבלת,,,"י""ח",90,ל  גרם,false,1,6.90,7.67,true,1,
7613039879382,false,גרבר מחית  תפוח עץ 190גר,קבוצת אוסם סחר-שות.מוגבלת,,,"י""ח",190,ל  גרם,false,1,6.90,3.63,false,1,
7613039881965,false,גרבר מחית תפוח מנגו 190גר,קבוצת אוסם סחר-שות.מוגבלת,,,"י""ח",190,ל  גרם,false,1,6.90,3.63,false,1,
7613287121783,false,סמארטיס מיני 187גר,קבוצת אוסם סחר-שות.מוגבלת,,,"י""ח",187,ל  גרם,false,1,14.40,7.70,false,1,
7613287155924,false,גרבר מחית תפוח גזר פאוץ 90גר,קבוצת אוסם סחר-שות.מוגבלת,,,"י""ח",130,ל  גרם,false,1,6.90,5.31,true,1,
7613287182425,false,ויטמינצ יק תפוח בננה ותות 110גר,קבוצת אוסם סחר-שות.מוגבלת,,,"י""ח",110,ל  גרם,false,1,5.90,5.36,true,1,
7613287186928,false,סטארבקס קפסולות ברקפסט רוסט 56גר.,קבוצת אוסם סחר-שות.מוגבלת,,,"י""ח",56,ל  גרם,false,1,21.90,39.11,true,1,
7613287302373,false,סטארבקס קפסולות איטלאן סטייל רוסט 56גר.,קבוצת אוסם סחר-שות.מוגבלת,,,"י""ח",55,ל  גרם,false,1,21.90,39.82,true,1,
7613287325808,false,מטבל איולי שום 295גר,קבוצת אוסם סחר-שות.מוגבלת,,,"י""ח",295,"ל  מ""ל",false,1,15.90,5.39,true,1,
7613287325853,false,מטבל איולי ספייסי 295גר,קבוצת אוסם סחר-שות.מוגבלת,,,"י""ח",295,"ל  מ""ל",false,1,14.90,5.05,true,1,
7613287394323,false,מולטי ציריוס 600גר,קבוצת אוסם סחר-שות.מוגבלת,,,"י""ח",500,ל  גרם,false,1,19.90,3.98,true,1,
7613287476678,false,סינימיניס צ`ורוס 360גר,קבוצת אוסם סחר-שות.מוגבלת,,,"י""ח",360,ל  גרם,false,1,19.90,5.53,true,1,
7613287855640,false,סטארבקס קפסולות גוואטמלה 52גר,קבוצת אוסם סחר-שות.מוגבלת,,,"י""ח",52,ל  גרם,false,1,21.90,42.12,true,1,
7622010001858,false,אוראו 176 גרם ממולא קרם  בטעם וניל,דיפלומט מפיצים (1968) בעמ**,,,"י""ח",176,ל  גרם,false,1,8.90,5.06,true,1,
7622201050757,false,שוקולד מילקה קרמל 100 ג,דיפלומט מפיצים (1968) בעמ**,,,"י""ח",100,ל  גרם,false,1,6.50,6.50,true,1,
7622201137052,false,מילקה מיני קוקיז 110גר,דיפלומט מפיצים (1968) בעמ**,,,"י""ח",110,ל  גרם,false,1,8.60,7.82,true,1,
7622201139278,false,פילדלפיה  27% שומן 150ג,נטו מלינדה סחר בעמ,,,"י""ח",150,ל  גרם,false,1,14.90,9.93,false,1,
7622201401900,false,עוגיות מילקה סנסיישן אוראו 156ג,דיפלומט מפיצים (1968) בעמ**,,,"י""ח",156,ל  גרם,false,1,10.90,6.99,true,1,
7622201502515,false,עוגיות מילקה קוקי לופ 132ג,דיפלומט מפיצים (1968) בעמ**,,,"י""ח",132,ל  גרם,false,1,10.90,8.26,true,1,
7622201521493,false,פילדלפיה  שום ועשבי תיבול 12% שומן 150,נטו מלינדה סחר בעמ,,,"י""ח",150,ל  גרם,false,1,14.90,9.93,true,1,
7622201798154,false,פילדלפיה  לייט 150ג,נטו מלינדה סחר בעמ,,,"י""ח",150,ל  גרם,false,1,14.90,9.93,false,1,
7622201802363,false,מילקה צימוקים 100ג,דיפלומט מפיצים (1968) בעמ**,,,"י""ח",100,ל  גרם,false,1,6.50,6.50,true,1,
7622201802394,false,מילקה מסרונים חלב 100 ג,דיפלומט מפיצים (1968) בעמ**,,,"י""ח",100,ל  גרם,false,1,6.50,6.50,true,1,
7622201808631,false,אוראו מיני כוסות  בטעם וניל 67 גר,דיפלומט מפיצים (1968) בעמ**,,,"י""ח",67,"ס""מ",false,1,6.90,10.30,true,1,
7622201813390,false,מילקה וואפל במילוי קרם  בטעם קקאו 150גר,דיפלומט מפיצים (1968) בעמ**,,,"י""ח",150,ל  גרם,false,1,10.90,7.27,true,1,
7622210078131,false,מילקה שוקולד חלב עם דאיים 100ג.,דיפלומט מפיצים (1968) בעמ**,,,"י""ח",100,ל  גרם,false,1,6.50,6.50,true,1,
7622210137234,false,אוראו עוגיות עם דאבל קרם בטעם וניל 170ג,דיפלומט מפיצים (1968) בעמ**,,,"י""ח",170,ל  גרם,false,1,8.90,5.24,true,1,
7622210163899,false,מילקה שוקולד חלב עם עדשים 100ג,דיפלומט מפיצים (1968) בעמ**,,,"י""ח",100,ל  גרם,false,1,6.50,6.50,true,1,
7622210453327,false,מילקה סנסיישן 156גר,דיפלומט מפיצים (1968) בעמ**,,,"י""ח",156,ל  גרם,false,1,12.90,8.27,true,1,
7622210635105,false,אוראו בטעם  תות 154 גרם,דיפלומט מפיצים (1968) בעמ**,,,"י""ח",154,"ס""מ",false,1,6.90,4.48,true,1,
7622210637994,false,אוראו ביס קראנצי אורגניל 110ג,דיפלומט מפיצים (1968) בעמ**,,,"י""ח",110,ל  גרם,false,1,7.90,7.18,true,1,
7622210638021,false,אוראו ביס קראנצי ציפוי  בטעם שוק. 110ג,דיפלומט מפיצים (1968) בעמ**,,,"י""ח",110,ל  גרם,false,1,7.90,7.18,true,1,
7622210664150,false,עוגיות אוראו וניל 396גר,דיפלומט מפיצים (1968) בעמ**,,,"י""ח",156,ל  גרם,false,1,14.90,9.55,false,1,
7622210826053,false,שוקולד מילקה אוראו סנדויץ 92ג,דיפלומט מפיצים (1968) בעמ**,,,"י""ח",92,ל  גרם,false,1,6.50,7.07,true,1,
7622300489427,false,אוראו פאדגי בטעם  שוק לבן 240,דיפלומט מפיצים (1968) בעמ**,,,"י""ח",264,ל  גרם,false,1,17.90,6.78,true,1,
7622300489434,false,אוראו פאדג  בטעם  שוק.חלב 246גרם,דיפלומט מפיצים (1968) בעמ**,,,"י""ח",264,ל  גרם,false,1,17.90,6.78,true,1,
7622300495046,false,מילקה אקסטרה קקאו  100 ג,דיפלומט מפיצים (1968) בעמ**,,,"י""ח",100,ל  גרם,false,1,6.50,6.50,true,1,
7622300503079,false,מילקה מוו ביסקויט,דיפלומט מפיצים (1968) בעמ**,,,"י""ח",200,ל  גרם,false,1,10.90,5.45,true,1,
7622300617820,false,מילקה אוראו  100 ג,דיפלומט מפיצים (1968) בעמ**,,,"י""ח",100,ל  גרם,false,1,6.50,6.50,true,1,
7622300761363,false,עוגיות מיני אוראו קרם  בטעם שקולד  67גר.,דיפלומט מפיצים (1968) בעמ**,,,"י""ח",67,ל  גרם,false,1,6.90,10.30,true,1,
7622400005190,false,שוקולד מילקה COW 100גר,דיפלומט מפיצים (1968) בעמ**,,,"י""ח",1,,false,1,6.50,6.50,true,1,
7630311507016,false,סטארבקס קפסולות סאני דיי 57גר,קבוצת אוסם סחר-שות.מוגבלת,,,"י""ח",57,ל  גרם,false,1,21.90,38.42,true,1,
7630477891592,false,סטארבקס קפסולות האוס בלנד 57גר,קבוצת אוסם סחר-שות.מוגבלת,,,"י""ח",57,ל  גרם,false,1,21.90,38.42,true,1,
7630477891615,false,סטארבקס קפסולות סומטרה 55גר,קבוצת אוסם סחר-שות.מוגבלת,,,"י""ח",55,ל  גרם,false,1,21.90,39.82,true,1,
7630477891677,false,סטארבקס קפסולות פייק פלייס 53גר,קבוצת אוסם סחר-שות.מוגבלת,,,"י""ח",53,ל  גרם,false,1,21.90,41.32,true,1,
7630477891691,false,סטארבקס קפסולות קולומביה 57גר,קבוצת אוסם סחר-שות.מוגבלת,,,"י""ח",57,ל  גרם,false,1,21.90,38.42,true,1,
7630477891714,false,סטארבקס קפסולות אספרסו 57גר,קבוצת אוסם סחר-שות.מוגבלת,,,"י""ח",57,ל  גרם,false,1,21.90,38.42,true,1,
7630477891738,false,סטארבקס קפסולות אספרסו בלונד 53גר,קבוצת אוסם סחר-שות.מוגבלת,,,"י""ח",53,ל  גרם,false,1,21.90,41.32,true,1,
7638900426663,false,אנרג`ייזר סוללות V9,דנשר (1963) בעמ,,,"י""ח",1,,false,1,28.50,28.50,false,1,
7702018321520,false,"דאו סטיק מתקדם 45מ""ל AI",דיפלומט מפיצים 1968 בעמ,,,"י""ח",1,"י""ח",false,1,19.90,19.90,false,1,
7702018457762,false,גילט גל גילוח סירייס תחושה קרירה,דיפלומט מפיצים 1968 בעמ,,,"י""ח",200,"ל  מ""ל",false,1,16.90,8.45,true,1,
7702018468447,false,גילט עשיריה 2 פלוס חד פעמי,דיפלומט מפיצים 1968 בעמ,,,"י""ח",1,"י""ח",false,1,29.90,29.90,true,1,
7702018911912,false,##דאודורנט קליר ג ל,דיפלומט מפיצים 1968 בעמ,,,"י""ח",1,"י""ח",false,1,25.90,25.90,false,1,
7702024074625,false,פיטנס חטיפי קרקר חיטה מלאה 234גר,קבוצת אוסם סחר-שות.מוגבלת,,,"י""ח",234,ל  גרם,false,1,12.90,5.51,false,1,
7702024258322,false,פיטנס חטיפי קרקר צ`יה ופשתן 234גר,קבוצת אוסם סחר-שות.מוגבלת,,,"י""ח",234,ל  גרם,false,1,12.90,5.51,false,1,
7702174066631,false,לקקן פין פופ 10 יח`180גר`,ליימן שליסל,,,"י""ח",180,"ל  מ""ל",false,1,8.90,4.94,false,1,
7702174070201,false,לקקן יוגטה מג`יק 216גר,ליימן שליסל,,,"י""ח",216,ל  גרם,false,1,9.90,4.58,false,1,
7702174073783,false,לקקן פין פופ 10יח טעם קולה,ליימן שליסל,,,"י""ח",216,ל  גרם,false,1,8.90,4.12,false,1,
7702174073844,false,לקקן פין פופ פירות 48יח,ליימן שליסל,,,"י""ח",672,ל  גרם,false,1,19.90,2.96,false,1,
7798378440018,false,אוכמניות,ביכורי השדה צפון 1994 ג.ד. בעמ,,,"י""ח",1,,false,1,15.90,15.90,true,1,
7798382150019,false,אוכמניות,ביכורי השדה צפון 1994 ג.ד. בעמ,,,"י""ח",1,,false,1,15.90,15.90,false,1,
7804651030026,false,אוכמניות,ביכורי השדה צפון 1994 ג.ד. בעמ,,,"י""ח",1,,false,1,15.90,15.90,true,1,
7809530602189,false,אוכמניות.,ביכורי השדה צפון 1994 ג.ד. בעמ,,,"י""ח",1,,false,1,15.90,15.90,false,1,
7891024124826,false,"קולגייט  אופטיק וייט 75מ""ל",ש.שסטוביץ בעמ,,,"י""ח",75,"ל  מ""ל",false,1,19.90,26.53,true,1,
7891024130063,false,"קולגייט פלאקס ללא אלכהול 500מ""ל",ש.שסטוביץ בעמ,,,"י""ח",500,"ל  מ""ל",false,1,24.90,4.98,true,1,
8000070038868,false,קפה לוואצה קרמה גוסטו 250ג,ליימן שליסל,,,"י""ח",250,ל  גרם,false,1,29.90,11.96,true,1,
8000070053472,false,קפסולות לוואצה קרמה גוסטו קלאסיקו 12,ליימן שליסל,,,"י""ח",55,ל  גרם,false,1,19.90,36.18,true,1,
8000070055254,false,קפסולות לוואצה קרמה גוסטו פורטה 13,ליימן שליסל,,,"י""ח",55,ל  גרם,false,1,19.90,36.18,true,1,
8000070081000,false,קפסולות לוואצה הרמוניקו NCC8,ליימן שליסל,,,"י""ח",100,ל  גרם,false,1,16.90,16.90,false,1,
8000070081017,false,קפסולות לוואצה דיצ`ו NCC10,ליימן שליסל,,,"י""ח",100,ל  גרם,false,1,16.90,16.90,false,1,
8000070081154,false,קפסולות לוואצה לג`רו NCC4,ליימן שליסל,,,"י""ח",100,ל  גרם,false,1,16.90,16.90,false,1,
8000320010088,false,"פאסאטה מיריו במרקם גס 680מ""ל",דיפלומט מפיצים (1968) בעמ**,,,"י""ח",680,"ל  מ""ל",false,1,12.90,1.90,false,1,
8000320010095,false,"פאסאטה מיריו במרקם עדין 700מ""ל",דיפלומט מפיצים (1968) בעמ**,,,"י""ח",700,"ל  מ""ל",false,1,12.90,1.84,false,1,
8000380003723,false,גרנד פטיסרי אגוז 100,ליימן שליסל,,,"י""ח",1,,false,1,12.90,12.90,true,1,
8000380003754,false,גרנד פטיסרי קפוצ ינו 100,ליימן שליסל,,,"י""ח",100,ל  גרם,false,1,12.90,12.90,true,1,
8000380003761,false,גרנד פטיסרי קוקוס 100,ליימן שליסל,,,"י""ח",100,ל  גרם,false,1,12.90,12.90,true,1,
8000380004676,false,וופל לואקר  וניל סנדוויץ 200 ג`,ליימן שליסל,,,"י""ח",200,ל  גרם,false,1,12.90,6.45,true,1,
8000380004881,false,קודראטיני טרמיסו,ליימן שליסל,,,"י""ח",220,ל  גרם,false,1,13.90,6.32,true,1,
8000380004911,false,לואקר קוארדטיני אגוז 250גר`.,ליימן שליסל,,,"י""ח",250,ל  גרם,false,1,13.90,5.56,true,1,
8000380004966,false,קואדרטיטני  שוקולד 250ג,ליימן שליסל,,,"י""ח",250,ל  גרם,false,1,13.90,5.56,true,1,
8000380005963,false,קוואדרטיני שוקולד 125גר`,ליימן שליסל,,,"י""ח",125,ל  גרם,false,1,7,5.60,true,1,
8000380007219,false,וופל לואקר אגוז 175 גרם,ליימן שליסל,,,"י""ח",175,ל  גרם,false,1,11.80,6.74,true,1,
8000380007257,false,וופל גרדנה 200 ג  מצופה,ליימן שליסל,,,"י""ח",200,ל  גרם,false,1,14.50,7.25,true,1,
8000380106028,false,טורטינה 1/6,ליימן שליסל,,,"י""ח",125,ל  גרם,false,1,18.90,15.12,true,1,
8000380144044,false,וופל גרנדה שוקולד,ליימן שליסל,,,"י""ח",200,ל  גרם,false,1,14.50,7.25,true,1,
8000380153534,false,טורטינה 1/6 לבן,ליימן שליסל,,,"י""ח",125,ל  גרם,false,1,18.90,15.12,true,1,
8000380156573,false,ורד הדולמיטים 150ג.,ליימן שליסל,,,"י""ח",150,ל  גרם,false,1,23.90,15.93,true,1,
8000380156849,false,שוקולד לואקר מריר  87ג,ליימן שליסל,,,"י""ח",87,ל  גרם,false,1,7.90,9.08,false,1,
8000380157570,false,לואקר אגוז 5 262גר,ליימן שליסל,,,"י""ח",262,ל  גרם,false,1,13.90,5.31,true,1,
8000380180837,false,גראנד פטי סרי קרם קוקוס בשוקולד לבן,ליימן שליסל,,,"י""ח",100,ל  גרם,false,1,12.90,12.90,true,1,
8000380181032,false,מארז חטיפי אצבעות גרדנה אגוזי לוז,ליימן שליסל,,,"י""ח",125,ל  גרם,false,1,15.50,12.40,true,1,
8000380192588,false,לואקר קוארדטיני דאבל שוקולד  250גר`.,ליימן שליסל,,,"י""ח",250,ל  גרם,false,1,13.90,5.56,true,1,
8000380205400,false,קוארדטיני קרם חמאת בוטנים 250גר`,ליימן שליסל,,,"י""ח",250,ל  גרם,false,1,13.90,5.56,true,1,
8000380206896,false,וופל גרדנה 200 ג  חמאת בוטנים,ליימן שליסל,,,"י""ח",200,ל  גרם,false,1,14.50,7.25,true,1,
8000392503310,false,מטאטא סיליקון+מקל  כחול מיוחד,*** מ.א.ייצור ויבוא מטליות,,,"י""ח",400,"ל  מ""ל",false,1,76.90,19.23,false,1,
8000500023624,false,הפי היפו 10 חמישיות,פרימיום - חברה לדברי מתיקה ולמ,,,"י""ח",90,ל  גרם,false,1,12.90,14.33,false,1,
8000500023976,false,בונבוניירת רפאלו 150 ג,פרימיום - חברה לדברי מתיקה ולמ,,,"י""ח",150,ל  גרם,false,1,16.90,11.27,false,1,
8000500026731,false,ביצי שוקולד קינדר מארז 3 יח סופרייז,פרימיום - חברה לדברי מתיקה ולמ,,,"י""ח",60,ל  גרם,false,1,15.90,26.50,true,1,
8000500028124,false,קינדר ג וי שלשות,פרימיום - חברה לדברי מתיקה ולמ,,,"י""ח",3,"י""ח",false,1,13.70,4.57,true,1,
8000500037874,false,רושר בונ  200 גר,פרימיום - חברה לדברי מתיקה ולמ,,,"י""ח",200,ל  גרם,false,1,25.50,12.75,true,1,
8000500071083,false,קינדר שוקולד 200 גרם,פרימיום - חברה לדברי מתיקה ולמ,,,"י""ח",200,ל  גרם,false,1,12.90,6.45,false,1,
8000500094976,false,בונבוניירה רושה קונוס 212.5גר`,פרימיום - חברה לדברי מתיקה ולמ,,,"י""ח",212,ל  גרם,false,1,39.90,18.82,true,1,
8000500121436,false,קינדר בואנו לבן שלשות,פרימיום - חברה לדברי מתיקה ולמ,,,"י""ח",3,"י""ח",false,1,10,3.33,true,1,
8000500126325,false,קינדר ג וי שלשות ורוד,פרימיום - חברה לדברי מתיקה ולמ,,,"י""ח",3,"י""ח",false,1,16.90,5.63,false,1,
8000500167656,false,קינדר שוקולד עם חלב ודגנים  96ג,פרימיום - חברה לדברי מתיקה ולמ,,,"י""ח",96,ל  גרם,false,1,7.70,8.02,false,1,
8000500172810,false,טיק טק רביעיות תות שדה,פרימיום - חברה לדברי מתיקה ולמ,,,"י""ח",250,ל  גרם,false,1,11.40,4.56,true,1,
8000500217740,false,קינדר בואנו מיני,פרימיום - חברה לדברי מתיקה ולמ,,,"י""ח",86,ל  גרם,false,1,10.90,12.67,false,1,
8000500227848,false,וופל נוטלה  בי רדי שישייה 132ג,פרימיום - חברה לדברי מתיקה ולמ,,,"י""ח",132,ל  גרם,false,1,12.90,9.77,true,1,
8000500249352,false,קינדר בואנו מיני מיקס,פרימיום - חברה לדברי מתיקה ולמ,,,"י""ח",3,"י""ח",false,1,19.90,6.63,false,1,
8000500256213,false,קינדר שוקולד מיני 120ג,פרימיום - חברה לדברי מתיקה ולמ,,,"י""ח",120,ל  גרם,false,1,11.90,9.92,false,1,
8000500267103,false,קינדר דליס  }עוגות{,פרימיום - חברה לדברי מתיקה ולמ,,,"י""ח",4.20,"י""ח",false,1,19.90,4.74,true,1,
8000500269169,false,קינדר קארדס 128ג,פרימיום - חברה לדברי מתיקה ולמ,,,"י""ח",1.28,"י""ח",false,1,13.90,10.86,false,1,
8000500386941,false,נוטלה 900ג,פרימיום - חברה לדברי מתיקה ולמ,,,"י""ח",900,ל  גרם,false,1,31.90,3.54,true,1,
8001003100218,false,יוגטה סוכריות גלי   800ג,ליימן שליסל,,,"י""ח",800,ל  גרם,false,1,21.90,2.74,false,1,
8001003202028,false,יוגטה גלי טעם מנטה 80גר,ליימן שליסל,,,"י""ח",80,ל  גרם,false,1,4.90,6.13,false,1,
8001090065988,false,תחבושות אולוויז דיסקרט לונג 1/10,דיפלומט מפיצים 1968 בעמ,,,"י""ח",1,,false,1,19.90,19.90,false,1,
8001090184375,false,"פיירי אוריגינל 900מ""ל",דיפלומט מפיצים 1968 בעמ,,,"י""ח",900,"ל  מ""ל",false,1,14.90,1.66,true,1,
8001090184412,false,"פיירי לימון  900מ""ל",דיפלומט מפיצים 1968 בעמ,,,"י""ח",900,"ל  מ""ל",false,1,14.90,1.66,true,1,
8001090336408,false,פמפרס אקטיב בייבי מידה 3 38יח,דיפלומט מפיצים 1968 בעמ,,,"י""ח",1,,false,1,39.90,39.90,true,1,
8001090336446,false,פמפרס אקטיב בייבי מידה 4 34יח,דיפלומט מפיצים 1968 בעמ,,,"י""ח",1,,false,1,39.90,39.90,true,1,
8001090336491,false,פמפרס אקטיב בייבי מידה 4+ 31יח,דיפלומט מפיצים 1968 בעמ,,,"י""ח",1,,false,1,39.90,39.90,true,1,
8001090336521,false,פמפרס אקטיב בייבי של5 30יח.,דיפלומט מפיצים 1968 בעמ,,,"י""ח",1,,false,1,39.90,39.90,true,1,
8001090375230,false,"פנטן מרכך מרוכז 200מ""ל לחות מוגברת",דיפלומט מפיצים 1968 בעמ,,,"י""ח",200,"ל  מ""ל",false,1,21.90,10.95,false,1,
8001090379337,false,פמפרס פרמיום VP מידה 3  1/40,דיפלומט מפיצים 1968 בעמ,,,"י""ח",40,"י""ח",false,1,34.90,0.87,true,1,
8001090379368,false,פמפרס פרמיום VP מידה4  1/34,דיפלומט מפיצים 1968 בעמ,,,"י""ח",40,"י""ח",false,1,34.90,0.87,true,1,
8001090379399,false,פמפרס פרמיום VP מידה 5 1/30,דיפלומט מפיצים 1968 בעמ,,,"י""ח",30,"י""ח",false,1,34.90,1.16,true,1,
8001090458322,false,פיירי ורדים ומשי 1.015ל,דיפלומט מפיצים 1968 בעמ,,,"י""ח",1.01,ליטר,false,1,15.90,15.74,true,1,
8001090458353,false,"פיירי אנטי בקטריאלי 515מ""ל",דיפלומט מפיצים 1968 בעמ,,,"י""ח",500,"ל  מ""ל",false,1,9.90,1.98,false,1,
8001090493637,false,"הד שולדרס שמפו אולטרא 450מ""ל",דיפלומט מפיצים 1968 בעמ,,,"י""ח",450,"ל  מ""ל",false,1,21.90,4.87,false,1,
8001090540577,false,"אורל בי מי פה להלבנה 500מ""ל",דיפלומט מפיצים 1968 בעמ,,,"י""ח",500,"ל  מ""ל",false,1,22.90,4.58,true,1,
8001090721129,false,אריאל קפסולות לכביסה קולור 27 יח,דיפלומט מפיצים 1968 בעמ,,,"י""ח",28,"י""ח",false,1,32.90,1.18,true,1,
8001090734044,false,אולדייז מגה פק נורמל פרש 78 יח`,דיפלומט מפיצים 1968 בעמ,,,"י""ח",78,"י""ח",false,1,19.90,0.26,true,1,
8001090740717,false,אולדייז מגה פק נורמל פרש 76 יח`,דיפלומט מפיצים 1968 בעמ,,,"י""ח",76,"י""ח",false,1,19.90,0.26,true,1,
8001090802385,false,טייד קפסולות 26יח ניחוח לנור.,דיפלומט מפיצים 1968 בעמ,,,"י""ח",26,"י""ח",false,1,29.90,1.15,false,1,
8001090832450,false,"פנטן שמפו נוסחה קלאסית 660מ""ל",דיפלומט מפיצים 1968 בעמ,,,"י""ח",660,"ל  מ""ל",false,1,22.90,3.47,false,1,
8001090832610,false,"פנטן שמפו למגע רך כמשי 660מ""ל",דיפלומט מפיצים 1968 בעמ,,,"י""ח",660,"ל  מ""ל",false,1,22.90,3.47,false,1,
8001090832856,false,"פנטן קונדישנר מרוקאי משקם  660מ""ל",דיפלומט מפיצים 1968 בעמ,,,"י""ח",660,"ל  מ""ל",false,1,22.90,3.47,false,1,
8001090833136,false,אריאל גל כביסה 2.255ליטר בייבי,דיפלומט מפיצים 1968 בעמ,,,"י""ח",2.2550,ליטר,false,1,31.90,14.15,false,1,
8001090833198,false,אריאל גל ניחוח מרענן  2.36ל.,דיפלומט מפיצים 1968 בעמ,,,"י""ח",2.36,ליטר,false,1,31.90,13.52,false,1,
8001090833228,false,אריאל גל קולור 2.36ל,דיפלומט מפיצים 1968 בעמ,,,"י""ח",2.36,ליטר,false,1,31.90,13.52,false,1,
8001090899224,false,תחבושות אולוויז פלטינום לונג,דיפלומט מפיצים 1968 בעמ,,,"י""ח",1,,false,1,19.90,19.90,true,1,
8001160001786,false,"גטורייד ספורט כחול 500מ""ל",טמפו משקאות בעמ,,,"י""ח",500,"ל  מ""ל",false,1,9.60,1.86,true,1,
8001620011935,false,סן בנדטו שישיה 0.5 ל מוגז עדין,טמפו משקאות בעמ,,,"י""ח",3,ליטר,false,1,13.90,4.03,true,1,
8001620015629,false,"סן בנדטו תפוז ותפוז אדום 400מ""ל",טמפו משקאות בעמ,,,"י""ח",40,"ל  מ""ל",false,1,6.90,16.50,true,1,
8001620015636,false,"משקה פירות פרוטה בטעם מיקס פירות 400מ""",טמפו משקאות בעמ,,,"י""ח",40,"ל  מ""ל",false,1,6.90,16.50,true,1,
8001620019177,false,"מים סן בנדטו טעם ענבים 400מ""ל",טמפו משקאות בעמ,,,"י""ח",40,"ל  מ""ל",false,1,5.90,14,false,1,
8001841105093,false,פמפרס פרמיום VP מידה 6 1/26,דיפלומט מפיצים 1968 בעמ,,,"י""ח",41,"י""ח",false,1,34.90,0.85,true,1,
8001841137216,false,"הד שולדרס מרכך משי  275מ""ל",דיפלומט מפיצים 1968 בעמ,,,"י""ח",275,"ל  מ""ל",false,1,19.90,7.24,false,1,
8001841410524,false,"הד שולדרס שמפו קוקוס  600מ""ל",דיפלומט מפיצים 1968 בעמ,,,"י""ח",600,"ל  מ""ל",false,1,24.90,4.15,false,1,
8001841500799,false,"הרבל אסנסס שמפו אלוורה מנגו 380מ""ל",דיפלומט מפיצים 1968 בעמ,,,"י""ח",380,"ל  מ""ל",false,1,19.90,5.24,true,1,
8001841500942,false,"הרבל אסנסס שמפו אלוורה במבוק 380מ""ל",דיפלומט מפיצים 1968 בעמ,,,"י""ח",380,"ל  מ""ל",false,1,19.90,5.24,true,1,
8001841502298,false,"הרבל אסנסס מרכך אלוורה מנגו 275מ""ל",דיפלומט מפיצים 1968 בעמ,,,"י""ח",275,"ל  מ""ל",false,1,19.90,7.24,true,1,
8001841625188,false,"פיירי פלטינום לימון 515מ""ל",דיפלומט מפיצים 1968 בעמ,,,"י""ח",500,"ל  מ""ל",false,1,9.90,1.98,false,1,
8001841625461,false,"פיירי פלטינום אורגינל  515מ""ל",דיפלומט מפיצים 1968 בעמ,,,"י""ח",500,"ל  מ""ל",false,1,9.90,1.98,false,1,
8001841625508,false,פיירי  אורגינל 1.015ל,דיפלומט מפיצים 1968 בעמ,,,"י""ח",1.01,ליטר,false,1,15.90,15.74,true,1,
8001841660530,false,"פנטן קרם לחות 270מ""ל מיראקלס במבוק",דיפלומט מפיצים 1968 בעמ,,,"י""ח",270,"ל  מ""ל",false,1,17.90,6.63,false,1,
8001841669465,false,אריאל קפסולות 24יח ניחוח לינור,דיפלומט מפיצים 1968 בעמ,,,"י""ח",24,"י""ח",false,1,32.90,1.37,true,1,
8001841669519,false,אריאל קפסולות לכביסה 55 יח,דיפלומט מפיצים 1968 בעמ,,,"י""ח",55,"י""ח",false,1,59.90,1.09,true,1,
8001841716435,false,"הד שולדרס גל ושמפו 360מ""ל עור רגיש",דיפלומט מפיצים 1968 בעמ,,,"י""ח",500,"ל  מ""ל",false,1,19.90,3.98,false,1,
8001841893990,false,פיירי טבלאות למדיח פלטינום 30יח,דיפלומט מפיצים 1968 בעמ,,,"י""ח",30,"י""ח",false,1,44.90,1.50,false,1,
8001841941929,false,אולוויז וליו פק  לילה אקסטרא 16יח,דיפלומט מפיצים 1968 בעמ,,,"י""ח",1,,false,1,25.90,25.90,true,1,
8001841958460,false,פיירי טבלאות למדיח 48יח,דיפלומט מפיצים 1968 בעמ,,,"י""ח",48,"י""ח",false,1,39.90,0.83,false,1,
8001931120982,false,קן לציפור עבה 500גר,נאמן לאורך זמן בעמ,,,"י""ח",500,ל  גרם,false,1,7.50,1.50,false,1,
8002267014662,false,ביצת הפתעה 1/3 60ג,ש.שסטוביץ בעמ,,,"י""ח",60,ל  גרם,false,1,12.90,21.50,false,1,
8002267016475,false,ביצת הפתעה 1/3 60ג,ש.שסטוביץ בעמ,,,"י""ח",60,ל  גרם,false,1,12.90,21.50,false,1,
8002270866524,false,מים סן פלגרינו 1ליטר בקבוק פלסטיק,טמפו משקאות בעמ,,,"י""ח",1,ליטר,false,1,8.90,8.90,true,1,
8002450201008,false,משקה כהלי וורדי רספברי,הכרם משקאות חריפים בעמ,,,"י""ח",750,"ל  מ""ל",false,1,22.20,2.92,true,1,
8002910043476,false,ויט רצועות שעווה לקו ביקיני ובית השחי,רקיט בנקיזר (ניר איסט) בעמ,,,"י""ח",1,"י""ח",false,1,19.90,19.90,false,1,
8004030022010,false,ריו ירקות גינה עם טונה,ש.שסטוביץ בעמ,,,"י""ח",160,ל  גרם,false,1,15.90,9.94,false,1,
8004030026018,false,ריו מקסיקני  עם טונה,ש.שסטוביץ בעמ,,,"י""ח",160,ל  גרם,false,1,15.90,9.94,false,1,
8004030860001,false,ריו קוסקוס עם טונה 160ג,ש.שסטוביץ בעמ,,,"י""ח",160,ל  גרם,false,1,15.90,9.94,false,1,
8004800000071,false,גלילי ופל במילוי קרם אגוזי לוז 100ג,תה ויסוצקי (ישראל)בעמ,,,"י""ח",100,ל  גרם,false,1,11.90,11.90,true,1,
8004800005519,false,מיני רול במילוי קרם אגוזי לוז 125ג,תה ויסוצקי (ישראל)בעמ,,,"י""ח",125,ל  גרם,false,1,9.90,7.92,true,1,
8005110170300,false,עגבניות מרוסקות1/3 400ג  MUTTI,רסטרטו יבוא ושיווק בעמ,,,"י""ח",400,ל  גרם,false,1,18.90,4.73,false,1,
8005200256587,false,נסטי בטעם אפרסק 1.5ל,טמפו משקאות בעמ,,,"י""ח",1.50,ליטר,false,1,8.50,5.47,true,1,
8005200486526,false,נסטי בטעם אפרסק 0.5ל,טמפו משקאות בעמ,,,"י""ח",50,"ל  מ""ל",false,1,5.30,10,false,1,
8005803010586,false,גריסיני מקלות אפויים פיצה 125ג,ליימן שליסל,,,"י""ח",125,ל  גרם,false,1,7.90,6.32,true,1,
8006540091906,false,לנור כדוריות בניחוח יסמין 140ג,דיפלומט מפיצים 1968 בעמ,,,"י""ח",140,ל  גרם,false,1,19.90,14.21,false,1,
8006540112793,false,"לנור מרכך מרוכז יסמין 900מ""ל",דיפלומט מפיצים 1968 בעמ,,,"י""ח",900,"ל  מ""ל",false,1,15.90,1.77,true,1,
8006540112823,false,"לנור מרכך מרוכז אוריינוס 900מ""ל",דיפלומט מפיצים 1968 בעמ,,,"י""ח",900,"ל  מ""ל",false,1,15.90,1.77,true,1,
8006540112854,false,"לנור מרכך מרוכז בייבי לבן 900מ""ל.",דיפלומט מפיצים 1968 בעמ,,,"י""ח",900,"ל  מ""ל",false,1,15.90,1.77,true,1,
8006540425930,false,אריאל קפסולות 24יח לכתמים קשים.,דיפלומט מפיצים 1968 בעמ,,,"י""ח",24,"י""ח",false,1,32.90,1.37,false,1,
8006540491539,false,"פיירי פלטינום אורגינל 780מ""ל",דיפלומט מפיצים 1968 בעמ,,,"י""ח",780,"ל  מ""ל",false,1,14.90,1.91,true,1,
8006540495186,false,"לנור מרכך מרוכז בייבי לבן 900מ""ל.",דיפלומט מפיצים 1968 בעמ,,,"י""ח",900,"ל  מ""ל",false,1,15.90,1.77,true,1,
8006540495216,false,"לנור מרכך מרוכז אמאטיסט 900מ""ל",דיפלומט מפיצים 1968 בעמ,,,"י""ח",900,"ל  מ""ל",false,1,15.90,1.77,true,1,
8006540495247,false,"לנור מרכך מרוכז פרחי בר 900מ""ל.",דיפלומט מפיצים 1968 בעמ,,,"י""ח",900,"ל  מ""ל",false,1,15.90,1.77,true,1,
8007178120310,false,"חומץ בלסמי 500 מ""ל (דיפלומט)",דיפלומט מפיצים (1968) בעמ**,,,"י""ח",500,"ל  מ""ל",false,1,21.90,4.38,false,1,
8008245004847,false,ממרח אגוזי לוז וקקאו 300ג,א. סיימן סחר בעמ,,,"י""ח",300,ל  גרם,false,1,15.90,5.30,true,1,
8008245004861,false,ממרח אגוזי לוז עם חלב  300ג,א. סיימן סחר בעמ,,,"י""ח",300,ל  גרם,false,1,15.90,5.30,true,1,
8008660210038,false,מעדן תות שדה   300ג,תה ויסוצקי (ישראל)בעמ,,,"י""ח",300,ל  גרם,false,1,14.90,4.97,true,1,
8008660210052,false,מעדן פרי תפוז  320ג,תה ויסוצקי (ישראל)בעמ,,,"י""ח",320,ל  גרם,false,1,14.90,4.66,true,1,
8008660210069,false,מעדן פרי אפרסק פסיפלורה  320ג,תה ויסוצקי (ישראל)בעמ,,,"י""ח",320,ל  גרם,false,1,14.90,4.66,true,1,
8008912010034,false,ספגטי מספר3  500ג,תה ויסוצקי (ישראל)בעמ,,,"י""ח",500,ל  גרם,false,1,7.90,1.58,true,1,
8008912010270,false,פסטה קסרצה מספר 27  500ג,תה ויסוצקי (ישראל)בעמ,,,"י""ח",500,ל  גרם,false,1,7.90,1.58,true,1,
8008912010317,false,פסטה פוזילי מספר31 500ג,תה ויסוצקי (ישראל)בעמ,,,"י""ח",500,ל  גרם,false,1,7.90,1.58,true,1,
8009470009010,false,סימבה יבש לכלבים 415ג בקר,נאמן לאורך זמן בעמ,,,"י""ח",415,ל  גרם,false,1,3.90,0.94,false,1,
8009470009072,false,חתול סימבה  415ג שימורים עוף,נאמן לאורך זמן בעמ,,,"י""ח",415,ל  גרם,false,1,3.90,0.94,false,1,
8009470009171,false,סימבה כלב שימורים 415ג בשר צייד,נאמן לאורך זמן בעמ,,,"י""ח",415,ל  גרם,false,1,3.90,0.94,false,1,
8009470009232,false,חתול סימבה  100גר,נאמן לאורך זמן בעמ,,,"י""ח",100,ל  גרם,false,1,4.90,4.90,false,1,
8009470009348,false,סימבה פאוץ בשר 100גר,נאמן לאורך זמן בעמ,,,"י""ח",100,ל  גרם,false,1,5.50,5.50,false,1,
8009470009355,false,סימבה פאוץ עוף 100גר,נאמן לאורך זמן בעמ,,,"י""ח",100,ל  גרם,false,1,5.50,5.50,false,1,
8009470009362,false,סימבה פאוץ דג 100גר,נאמן לאורך זמן בעמ,,,"י""ח",100,ל  גרם,false,1,5.50,5.50,false,1,
8009470009379,false,סימבה פאוץ סלמון 100גר,נאמן לאורך זמן בעמ,,,"י""ח",100,ל  גרם,false,1,5.50,5.50,false,1,
8009470009546,false,חתול סימבה  415ג שימורים כבש,נאמן לאורך זמן בעמ,,,"י""ח",415,ל  גרם,false,1,3.90,0.94,false,1,
8011033011279,false,"קוסקוס 1ק""ג דין",דין שיווק וקליה 2021 בעמ,,,"י""ח",1,"ק""ג",false,1,11.90,11.90,false,1,
8032793344520,false,עגבניות שפופרת 200 גרם,גורי מוצרי צריכה בעמ,,,"י""ח",200,ל  גרם,false,1,7.90,3.95,true,1,
8032804432017,false,פוזילי כוסמת אורגני 340גר,נטורפוד בעמ,,,"י""ח",340,"ל  מ""ל",false,1,14.90,4.38,false,1,
8032804432031,false,פנה אורז מלא אורגני 340גר,נטורפוד בעמ,,,"י""ח",340,"ל  מ""ל",false,1,12.90,3.79,false,1,
8032880800243,false,פיקניק הפתעה 50 גרם,ליימן שליסל,,,"י""ח",50,ל  גרם,false,1,7.40,14.80,true,1,
8032880800472,false,סטנד פיקניק הפתעה 50 גרם,ליימן שליסל,,,"י""ח",50,ל  גרם,false,1,7.40,14.80,false,1,
8076800105735,false,"ברילה פנה ריגטה 1ק""ג קופסא",ש.שסטוביץ בעמ,,,"י""ח",1,"ק""ג",false,1,12.90,12.90,false,1,
8076800195019,false,ברילה פסטה קפליני,ש.שסטוביץ בעמ,,,"י""ח",500,ל  גרם,false,1,6.90,1.38,false,1,
8076800195033,false,ברילה ספגטי מס3.,ש.שסטוביץ בעמ,,,"י""ח",500,ל  גרם,false,1,6.90,1.38,false,1,
8076800195057,false,ברילה ספגטיני מס  5,ש.שסטוביץ בעמ,,,"י""ח",500,ל  גרם,false,1,6.90,1.38,false,1,
8076800315097,false,ברילה בוקטיני 9,ש.שסטוביץ בעמ,,,"י""ח",500,ל  גרם,false,1,6.90,1.38,false,1,
8076802085738,false,ברילה פנה רגטה 73,ש.שסטוביץ בעמ,,,"י""ח",500,ל  גרם,false,1,6.90,1.38,false,1,
8076802085936,false,ברילה קונציליאה מס3.,ש.שסטוביץ בעמ,,,"י""ח",500,ל  גרם,false,1,6.90,1.38,false,1,
8076802085981,false,ברילה פסטה פוזילי 98,ש.שסטוביץ בעמ,,,"י""ח",500,ל  גרם,false,1,6.90,1.38,false,1,
8076808060654,false,ברילה פרפלה-65,ש.שסטוביץ בעמ,,,"י""ח",500,ל  גרם,false,1,6.90,1.38,false,1,
8076809512268,false,ברילה גירנדולה-בורג-34,ש.שסטוביץ בעמ,,,"י""ח",500,ל  גרם,false,1,6.90,1.38,false,1,
8076809513654,false,רוטב ברילה בסיס בלונז,ש.שסטוביץ בעמ,,,"י""ח",400,ל  גרם,false,1,14.90,3.73,true,1,
8076809513692,false,רוטב ברילה  נפוליטנה,ש.שסטוביץ בעמ,,,"י""ח",400,ל  גרם,false,1,14.90,3.73,true,1,
8076809523738,false,לזניה ברילה 500 גרם,ש.שסטוביץ בעמ,,,"י""ח",500,ל  גרם,false,1,24.90,4.98,false,1,
8076809545440,false,ברילה איטריות ללא גלוטן 400גר,ש.שסטוביץ בעמ,,,"י""ח",500,ל  גרם,false,1,14.90,2.98,false,1,
8076809545457,false,ברילה ללא גלוטן בצורת צינורות 400גר,ש.שסטוביץ בעמ,,,"י""ח",500,ל  גרם,false,1,14.90,2.98,false,1,
8076809547956,false,ברילה צ`יפרי 500גר,ש.שסטוביץ בעמ,,,"י""ח",500,ל  גרם,false,1,6.90,1.38,false,1,
8121300208780,false,טרוביה תחליף סוכר לכל מטרה 360ג,גורי ע.ע.ע. בעמ,,,"י""ח",360,"ל  מ""ל",false,1,34.90,9.69,true,1,
8410076600622,false,חטיפי ניצ`ר ואלי קראנצי שבבי שוקולד מריר,ליימן שליסל,,,"י""ח",210,ל  גרם,false,1,19.90,9.48,true,1,
8410076610379,false,נייטשר ואלי פרוטאין בוטנים וש. שוק.1/4,ליימן שליסל,,,"י""ח",4,"י""ח",false,1,22.90,5.73,false,1,
8410076610386,false,נייטשר ואלי פרוטאין בוטנים עם קרמל.1/4,ליימן שליסל,,,"י""ח",4,"י""ח",false,1,22.90,5.73,false,1,
8410076610492,false,נייטשר ואלי צ`ואי בוטנים בציפוי חמאת1/4,ליימן שליסל,,,"י""ח",4,"י""ח",false,1,19.90,4.98,true,1,
8410076621009,false,חטיף פייבר 1 בטעם קרמל מלוח  1/5,ליימן שליסל,,,"י""ח",210,ל  גרם,false,1,12.90,6.14,true,1,
8410076621047,false,חטיף פייבר 1 בטעם שוקולד  1/5,ליימן שליסל,,,"י""ח",210,ל  גרם,false,1,12.90,6.14,true,1,
8410104039134,false,פיניש מנקה מדיח כלים,רקיט בנקיזר (ניר איסט) בעמ,,,"י""ח",250,"ל  מ""ל",false,1,14.90,5.96,true,1,
8410104045111,false,פיניש מלח למדיח.,רקיט בנקיזר (ניר איסט) בעמ,,,"י""ח",1,"י""ח",false,1,14.90,14.90,false,1,
8412300801072,false,"קרם רב שימושי  400מ""ל ניוואה.",אלפא ב.ד.ף בעמ,,,"י""ח",400,"ל  מ""ל",false,1,39.90,9.98,false,1,
8413376024839,false,גבינת עיזים רכה עם עשבי תיבול 29% 110ג,ג.וילי פוד אינטרנשיונל בעמ,,,"י""ח",110,ל  גרם,false,1,14.90,13.55,false,1,
8420708012822,false,קשקבל בשלה 200ג,א. סיימן סחר בעמ,,,"י""ח",200,ל  גרם,false,1,26.90,13.45,false,1,
8420822130624,false,"סופר מסיר כתמים 750מ""ל.",יעקב יעקבי ובניו בעמ,,,"י""ח",750,ל  גרם,false,1,15.90,2.12,false,1,
8422443005213,false,יין המרכבה גראנד סלקשיין ק.סוביניון,היכל היין שקד גולן בעמ,,,"י""ח",750,"ל  מ""ל",false,1,34.90,4.61,true,1,
8423207206488,false,חטיף דגנים מלאים צופה שוקולד חלב סלים,ש.שסטוביץ בעמ,,,"י""ח",283,ל  גרם,false,1,10.90,3.85,true,1,
8423207206495,false,חטיף דגנים מלאה צופה שוקולד מריר,ש.שסטוביץ בעמ,,,"י""ח",283,ל  גרם,false,1,10.90,3.85,true,1,
8423207207362,false,מרבה סלים דלים שוקולד לבן 120גר,ש.שסטוביץ בעמ,,,"י""ח",120,ל  גרם,false,1,10.90,9.08,true,1,
8423207208680,false,חטיף בריאות במילוי שוקולד חלב ילדים.,ש.שסטוביץ בעמ,,,"י""ח",283,ל  גרם,false,1,10.90,3.85,true,1,
8423207208697,false,חטיף בריאות במילוי שוקולד לבן ילדים,ש.שסטוביץ בעמ,,,"י""ח",283,ל  גרם,false,1,10.90,3.85,true,1,
8423207208703,false,חטיף בריאות במילוי שוקולד מריר,ש.שסטוביץ בעמ,,,"י""ח",283,ל  גרם,false,1,10.90,3.85,true,1,
8423207209885,false,חטיף בריאות במילוי שוקולד חלב,ש.שסטוביץ בעמ,,,"י""ח",283,ל  גרם,false,1,10.90,3.85,true,1,
8423207210287,false,מרבה סלים דלים שוקולד לבן 120גר,ש.שסטוביץ בעמ,,,"י""ח",120,ל  גרם,false,1,10.90,9.08,true,1,
8423207210928,false,סלים דליס טופינג אגוזי לוז,ש.שסטוביץ בעמ,,,"י""ח",283,ל  גרם,false,1,10.90,3.85,true,1,
8423207210942,false,סלים דליס טופינג פירות יער,ש.שסטוביץ בעמ,,,"י""ח",283,ל  גרם,false,1,10.90,3.85,true,1,
8424842201340,false,צ`יפס מסורתי פרימיום 130גר.,א. סיימן סחר בעמ,,,"י""ח",130,ל  גרם,false,1,12.90,9.92,true,1,
8425206000081,false,ריבת חלב מרדל 450גר,גורי מוצרי צריכה בעמ,,,"י""ח",1,,false,1,16.90,16.90,false,1,
8435495805106,false,"ביומט 5 ק""ג",ליימן שליסל,,,"י""ח",5,"ק""ג",false,1,33.90,6.78,true,1,
8435495805168,false,"תינוקלין 1.250 ק""ג",ליימן שליסל,,,"י""ח",1.25,"ק""ג",false,1,24.90,19.92,false,1,
8435495805199,false,"תינוקלין 3ק""ג",ליימן שליסל,,,"י""ח",3,"ק""ג",false,1,43.90,14.63,false,1,
8435495807636,false,תינוקלין גל כביסה 2ל,ליימן שליסל,,,"י""ח",5,"ק""ג",false,1,29.90,5.98,false,1,
8485818700014,false,משקפי ראיה איכותיים,ביג מול בעמ,,,"י""ח",1,,false,1,19.90,19.90,false,1,
8593868006014,false,"בירה בלו מון 500מ""ל פחית 5.4%",הכרם משקאות חריפים בעמ,,,"י""ח",500,"ל  מ""ל",false,1,11.90,2.32,true,1,
8606109023623,false,"מיץ תפו""ע ולימון ליים  750מ""ל פרוויטה",יורוסטנדרט בעמ,,,"י""ח",330,"ל  מ""ל",false,1,10.90,3.21,false,1,
8606109023647,false,"מיץ סלק ותפו""ע  750מ""ל פרוויטה.",יורוסטנדרט בעמ,,,"י""ח",330,"ל  מ""ל",false,1,12.90,3.82,true,1,
8606109023715,false,"מיץ תפו""ע ואפרסק  750מ""ל פרוויטה",יורוסטנדרט בעמ,,,"י""ח",330,"ל  מ""ל",false,1,10.90,3.21,false,1,
8683130012666,false,מגנום דאבל לבן עוגיות,גלידות שטראוס בעמ,,,"י""ח",85,ל  גרם,false,1,10,11.76,true,1,
8683130025581,false,"בדין אקסטרא ענבר 960 מ""ל",יוניליוור ישראל שיווק בעמ,,,"י""ח",960,"ל  מ""ל",false,1,15.90,1.66,true,1,
8686868600037,false,אביזרי שיער,אל האופק שיווק וסחר,,,"י""ח",1,,false,1,5.90,5.90,false,1,
8686868600068,false,אביזרי שיער,אל האופק שיווק וסחר,,,"י""ח",1,,false,1,8.90,8.90,false,1,
8686868600075,false,אביזרי שיער,אל האופק שיווק וסחר,,,"י""ח",1,,false,1,9.90,9.90,false,1,
8686868600105,false,אביזרי שיער,אל האופק שיווק וסחר,,,"י""ח",1,,false,1,12.90,12.90,false,1,
8686868600112,false,אביזרי שיער,אל האופק שיווק וסחר,,,"י""ח",1,,false,1,13.90,13.90,false,1,
8686868600129,false,אביזרי שיער,אל האופק שיווק וסחר,,,"י""ח",1,,false,1,12.90,12.90,false,1,
8686868600150,false,אביזרי שיער,אל האופק שיווק וסחר,,,"י""ח",1,,false,1,17.90,17.90,false,1,
8686868600174,false,אביזרי שיער,אל האופק שיווק וסחר,,,"י""ח",1,,false,1,19.90,19.90,false,1,
8686868600204,false,אביזרי שיער,אל האופק שיווק וסחר,,,"י""ח",1,,false,1,9.90,9.90,false,1,
8686868600235,false,אביזרי שיער,אל האופק שיווק וסחר,,,"י""ח",1,,false,1,12.90,12.90,false,1,
8690504081913,false,טינס מצופה שוקולד חלב 150ג,תה ויסוצקי (ישראל)בעמ,,,"י""ח",150,ל  גרם,false,1,9.90,6.60,true,1,
8690504081920,false,טינס מצופה שוקולד מריר 150ג,תה ויסוצקי (ישראל)בעמ,,,"י""ח",150,ל  גרם,false,1,9.90,6.60,true,1,
8690504153740,false,שוקולד מריר עם גאנש מריר 86ג,תה ויסוצקי (ישראל)בעמ,,,"י""ח",86,ל  גרם,false,1,13.90,16.16,false,1,
8690531033374,false,פלפל חלפניו חריף חתוך 380גר,נאמן לאורך זמן בעמ,,,"י""ח",380,ל  גרם,false,1,7.90,2.08,false,1,
8690531120319,false,צלפים כבושים במי מלח 300גרם,נאמן לאורך זמן בעמ,,,"י""ח",300,ל  גרם,false,1,9.90,3.30,false,1,
8690531401722,false,פלפל אדום קלוי 550ג צנצנת,דין שיווק וקליה 2021 בעמ,,,"י""ח",550,ל  גרם,false,1,12.90,2.35,false,1,
8690572794692,false,"שמפו גליס לאיזון והזנת הקרקפת 400מ""ל.",הנקל סוד בעמ,,,"י""ח",400,"ל  מ""ל",false,1,20.90,5.23,true,1,
8690572794715,false,"מרכך גליס לאיזון והזנת הקרקפת 400מ""ל",הנקל סוד בעמ,,,"י""ח",400,"ל  מ""ל",false,1,13.90,3.48,true,1,
8690637073373,false,ארל גריי-25סרוויס,יוניליוור ישראל שיווק בעמ,,,"י""ח",50,ל  גרם,false,1,8.40,16.80,false,1,
8690637073434,false,ארל גריי 100 סרוויס,יוניליוור ישראל שיווק בעמ,,,"י""ח",200,ל  גרם,false,1,24.90,12.45,false,1,
8690637503856,false,ממרח הלמנס לחיץ 40% אחוז פחות שומן,יוניליוור ישראל שיווק בעמ,,,"י""ח",789,ל  גרם,false,1,12.90,1.63,false,1,
8690637504426,false,"סיף קרם  לימון 500מ""ל",יוניליוור ישראל שיווק בעמ,,,"י""ח",500,"ל  מ""ל",false,1,9.90,1.98,false,1,
8690637555084,false,"בדין אקסטרא לבן 960מ""ל",יוניליוור ישראל שיווק בעמ,,,"י""ח",960,"ל  מ""ל",false,1,15.90,1.66,true,1,
8690637842382,false,מגנום דאבל פרי יער,גלידות שטראוס בעמ,,,"י""ח",85,ל  גרם,false,1,11,12.94,true,1,
8690637842399,false,מאגדת מגנום מיני דאבל פרי יער שוקולד,גלידות שטראוס בעמ,,,"י""ח",379,ל  גרם,false,1,25.90,6.83,false,1,
8690637858734,false,"סיף ג ל אקונומיקה 750 מ""ל לימון",יוניליוור ישראל שיווק בעמ,,,"י""ח",750,"ל  מ""ל",false,1,9.90,1.32,false,1,
8690637871245,false,ממרח אמיתי הלמנס 395 גר`לחיץ,יוניליוור ישראל שיווק בעמ,,,"י""ח",789,ל  גרם,false,1,14.90,1.89,false,1,
8690637890666,false,מיני מגנום מריר 5יח שטראוס,גלידות שטראוס בעמ,,,"י""ח",270,ל  גרם,false,1,25.90,9.59,false,1,
8690637946301,false,"בדין אקסטרא בייבי  960 מ""ל",יוניליוור ישראל שיווק בעמ,,,"י""ח",960,"ל  מ""ל",false,1,15.90,1.66,false,1,
8690637976995,false,"בדין אקסטרא ורוד סחלב 960 מ""ל",יוניליוור ישראל שיווק בעמ,,,"י""ח",960,"ל  מ""ל",false,1,15.90,1.66,true,1,
8690637987281,false,דומסטוס ספריי לניקוי כללי בתוספת אקונו,יוניליוור ישראל שיווק בעמ,,,"י""ח",840,ל  גרם,false,1,11.90,1.42,false,1,
8690637987298,false,דומסטוס ספריי לניקוי כללי ללא אקונומיק,יוניליוור ישראל שיווק בעמ,,,"י""ח",753,ל  גרם,false,1,11.90,1.58,false,1,
8690637989612,false,מאגדת מגנום דאבל דולצ`ה גולד 5יח שטראו.,גלידות שטראוס בעמ,,,"י""ח",270,ל  גרם,false,1,25.90,9.59,false,1,
8690637989629,false,מגנום דאבל דולצ`ה גולד,גלידות שטראוס בעמ,,,"י""ח",85,ל  גרם,false,1,11,12.94,true,1,
8690637994029,false,"בדין אקסטרא סחלבים 1.440מ""ל",יוניליוור ישראל שיווק בעמ,,,"י""ח",1.44,ליטר,false,1,19.90,13.82,false,1,
8690637994036,false,"בדין אקסטרא יסמין 1.440מ""ל",יוניליוור ישראל שיווק בעמ,,,"י""ח",1.44,ליטר,false,1,19.90,13.82,false,1,
8690766156367,false,שוקולד חלב מעולה 90גר Godiva,תה ויסוצקי (ישראל)בעמ,,,"י""ח",90,ל  גרם,false,1,14.90,16.56,true,1,
8690766156374,false,שוקולד מריר מעולה 72% קקאו 90גר Godi,תה ויסוצקי (ישראל)בעמ,,,"י""ח",90,ל  גרם,false,1,14.90,16.56,true,1,
8690766156381,false,שוקולד מריר מעולה 90% קקאו 90גר Godi,תה ויסוצקי (ישראל)בעמ,,,"י""ח",90,ל  גרם,false,1,14.90,16.56,true,1,
8690766156404,false,שוקולד מריר מעולה תפוז אדום 90גר Godi,תה ויסוצקי (ישראל)בעמ,,,"י""ח",90,ל  גרם,false,1,14.90,16.56,true,1,
8690766156411,false,שוקולד מריר מעולה עם חתיכות  90גר Godi,תה ויסוצקי (ישראל)בעמ,,,"י""ח",90,ל  גרם,false,1,14.90,16.56,true,1,
8690777221405,false,פלפל אדום קלוי על האש 650 גר`SERA,ג.וילי פוד אינטרנשיונל בעמ,,,"י""ח",650,ל  גרם,false,1,10.90,1.68,false,1,
8690784516778,false,דאק ג`ל לניקוי בניחוח ים,דנשר (1963) בעמ,,,"י""ח",750,"ל  מ""ל",false,1,10.90,1.45,false,1,
8690784616775,false,דאק סבון מוצק אקווה בלו 4ב1,דנשר (1963) בעמ,,,"י""ח",1,"י""ח",false,1,7.90,7.90,false,1,
8690784711777,false,דאק סבון אקטיבי ים עם אקונומיקה,דנשר (1963) בעמ,,,"י""ח",30,"ל  מ""ל",false,1,7.90,26.33,true,1,
8693323085100,false,יוגטה גומי טעם פירות 100גר,ליימן שליסל,,,"י""ח",100,ל  גרם,false,1,4.90,4.90,false,1,
8693323099107,false,מרשמלו לבבות יוגטה 150ג,ליימן שליסל,,,"י""ח",150,ל  גרם,false,1,8.90,5.93,true,1,
8693495041461,false,קולגייט מברשת סלים סופט זוג פחם,ש.שסטוביץ בעמ,,,"י""ח",1,"י""ח",false,1,29.90,29.90,false,1,
8693495052177,false,"פלמוליב סבון נוזלי זיתים 750 מ""ל",ש.שסטוביץ בעמ,,,"י""ח",750,"ל  מ""ל",false,1,19.90,2.65,true,1,
8697040109323,false,סבון מוצק אסותא בודד,עיסא ערטול בעמ-סוכן הנקל סוד,,,"י""ח",100,ל  גרם,false,1,4.90,4.90,true,1,
8697530910743,false,פאל מאל לייט קצר בודד,גלוברנדס בעמ,,,"י""ח",1,,false,1,29.50,29.50,false,1,
8697659232733,false,"מבשם אריגים פרש כותנה 425מ""ל.",יעקב יעקבי ובניו בעמ,,,"י""ח",425,"ל  מ""ל",false,1,12.90,3.04,false,1,
8697826469092,false,טורטיה קטנה 540 ג 12 יח`,דין שיווק וקליה 2021 בעמ,,,"י""ח",540,ל  גרם,false,1,9.90,1.83,true,1,
8699073292768,false,חציל קלוי על האש 640 גרם MELIS,ג.וילי פוד אינטרנשיונל בעמ,,,"י""ח",640,ל  גרם,false,1,10.90,1.70,false,1,
8699878420021,false,"מים מינרלים טבעי500מ""ל בודד",עיסא ערטול בעמ-סוכן הנקל סוד,,,"י""ח",500,"ל  מ""ל",false,1,3.20,0.58,false,1,
8710447211052,false,"שמפו קרטין בוטניק 400 מ""ל    טרזמה",יוניליוור ישראל שיווק בעמ,,,"י""ח",400,"ל  מ""ל",false,1,14.90,3.73,true,1,
8710447224342,false,"שמפו קרטין קרטין400מ""ל    טרזמה",יוניליוור ישראל שיווק בעמ,,,"י""ח",400,"ל  מ""ל",false,1,14.90,3.73,true,1,
8710502064814,false,עוגיות שוקו צ יפס במרקם רך 175גר מרבה,ש.שסטוביץ בעמ,,,"י""ח",225,ל  גרם,false,1,8.90,3.96,false,1,
8710502139017,false,עוגיות מרבה  מצופות שוקולד,ש.שסטוביץ בעמ,,,"י""ח",180,ל  גרם,false,1,8.90,4.94,false,1,
8710502194825,false,עוגיות מרבה שוקולד ציפס 150ג,ש.שסטוביץ בעמ,,,"י""ח",150,ל  גרם,false,1,6.90,4.60,true,1,
8710502279010,false,עוגיות שוקו צ יפס  175גר מרבה,ש.שסטוביץ בעמ,,,"י""ח",225,ל  גרם,false,1,8.90,3.96,false,1,
8710502470028,false,עוגיות נוגט לי 160גר`,ש.שסטוביץ בעמ,,,"י""ח",160,ל  גרם,false,1,8.90,5.56,false,1,
8710800027573,false,מיני מנטוס שקית,ליימן שליסל,,,"י""ח",178,ל  גרם,false,1,14,7.87,true,1,
8710800961310,false,מנטוס תות 1/4,ליימן שליסל,,,"י""ח",150,ל  גרם,false,1,11.90,7.93,false,1,
8710908693809,false,"מסכה עם קרטין 300מ""ל   טרזמה",יוניליוור ישראל שיווק בעמ,,,"י""ח",300,"ל  מ""ל",false,1,29.90,9.97,false,1,
8711000362617,false,קפסולות אספרסו L OR LUNGO,דיפלומט מפיצים (1968) בעמ**,,,"י""ח",52,ל  גרם,false,1,19.90,38.27,true,1,
8711000371183,false,גייקובס קפסולות קפה אינטנסו,דיפלומט מפיצים (1968) בעמ**,,,"י""ח",52,ל  גרם,false,1,16.90,32.50,true,1,
8711000371206,false,גייקובס קפסולות קפה ריסטרטו,דיפלומט מפיצים (1968) בעמ**,,,"י""ח",52,ל  גרם,false,1,16.90,32.50,true,1,
8711000397466,false,קפסולות אספרסו L OR נטול קפאין,דיפלומט מפיצים (1968) בעמ**,,,"י""ח",52,ל  גרם,false,1,19.90,38.27,true,1,
8712400802499,false,נוטרילון שלב 1 800 גרם,דיפלומט מפיצים (1968) בעמ**,,,"י""ח",800,ל  גרם,false,1,64.90,8.11,false,1,
8712400802512,false,נוטרילון שלב 2 800 גרם,דיפלומט מפיצים (1968) בעמ**,,,"י""ח",800,ל  גרם,false,1,64.90,8.11,false,1,
8712561611411,false,"דאב סבון נוזלי תה ירוק ומלפפון 750 מ""ל",יוניליוור ישראל שיווק בעמ,,,"י""ח",750,"ל  מ""ל",false,1,19.90,2.65,true,1,
8714599104316,false,ג`יקובס קפה שחור קלוי וטחון טורקי 200ג,דיפלומט מפיצים (1968) בעמ**,,,"י""ח",200,ל  גרם,false,1,14.90,7.45,false,1,
8714599410530,false,ג`ייקובס קורננג 200ג שקית,דיפלומט מפיצים (1968) בעמ**,,,"י""ח",200,ל  גרם,false,1,21.90,10.95,false,1,
8714599410806,false,גייקובס קרוננג 160ג שקית,דיפלומט מפיצים (1968) בעמ**,,,"י""ח",160,ל  גרם,false,1,19.90,12.44,true,1,
8714599412220,false,גייקובס וולווט נמס 95ג,דיפלומט מפיצים (1968) בעמ**,,,"י""ח",95,ל  גרם,false,1,16.90,17.79,false,1,
8714599513781,false,.ג`ייקובס גולד 200 ג,דיפלומט מפיצים (1968) בעמ**,,,"י""ח",200,ל  גרם,false,1,25.90,12.95,false,1,
8714599513835,false,ג`ייקובס נטול קופאין 200גר,דיפלומט מפיצים (1968) בעמ**,,,"י""ח",200,ל  גרם,false,1,36.90,18.45,false,1,
8714599513866,false,"ג""קובס קרוננג קפה נמס מיובש 200 גרם",דיפלומט מפיצים (1968) בעמ**,,,"י""ח",200,ל  גרם,false,1,23.90,11.95,true,1,
8714789177229,false,מברשת שיניים קולגייט X 4,ש.שסטוביץ בעמ,,,"י""ח",1,,false,1,9.90,9.90,false,1,
8714789218465,false,קולגייט 360 זוגות,ש.שסטוביץ בעמ,,,"י""ח",1,,false,1,29.90,29.90,true,1,
8714789402918,false,אג קס חגיגת פרחים 1.5ליטר אדום,ש.שסטוביץ בעמ,,,"י""ח",1.50,ליטר,false,1,19.90,13.27,true,1,
8714789402932,false,אג`קס חגיגת הפרחים ורוד 1.5 ליטר,ש.שסטוביץ בעמ,,,"י""ח",1.50,ליטר,false,1,19.90,13.27,true,1,
8714789450315,false,פלמוליב כלים שקוף לימון 1.5 ל`,ש.שסטוביץ בעמ,,,"י""ח",1.50,ליטר,false,1,15.90,10.60,true,1,
8714789582764,false,"אג קס חלונות 750 מ""ל",ש.שסטוביץ בעמ,,,"י""ח",750,"ל  מ""ל",false,1,15.30,2.04,false,1,
8714789834467,false,פלמוליב כלים  1.5 ל`,ש.שסטוביץ בעמ,,,"י""ח",1.50,ליטר,false,1,15.90,10.60,true,1,
8714789930848,false,"קולגייט  אופטיק וייט אינסטנט 75מ""ל",ש.שסטוביץ בעמ,,,"י""ח",750,"ל  מ""ל",false,1,19.90,2.65,true,1,
8715300238306,false,חמאה הולנדית ללא מלח 200גר,בני ג ורג שוקחה (חיפה) בעמ,,,"י""ח",200,ל  גרם,false,1,12.90,6.45,false,1,
8715700110141,false,מיונז היינץ 460 גרם צנצנת,דיפלומט מפיצים (1968) בעמ**,,,"י""ח",460,ל  גרם,false,1,11.90,2.59,false,1,
8715700115641,false,ממרח היינץ לייט ללא חומרים משמרים 395ג,דיפלומט מפיצים (1968) בעמ**,,,"י""ח",395,ל  גרם,false,1,15.90,4.03,false,1,
8715700117805,false,"מתבל עגבניות ללא סוכר ומלח 400מ""ל",דיפלומט מפיצים (1968) בעמ**,,,"י""ח",400,ל  גרם,false,1,10.90,2.73,false,1,
8715700419732,false,מתבל עגבניות היינץ 700ג,דיפלומט מפיצים (1968) בעמ**,,,"י""ח",700,ל  גרם,false,1,12.90,1.84,true,1,
8715700422473,false,ממרח היינץ ללא חומרים משמרים 395גר,דיפלומט מפיצים (1968) בעמ**,,,"י""ח",395,ל  גרם,false,1,14.90,3.77,false,1,
8715700423906,false,מתבל עגבניות  היינץ  555גר,דיפלומט מפיצים (1968) בעמ**,,,"י""ח",555,ל  גרם,false,1,11.90,2.14,false,1,
8717163607305,false,דאב סבון מוצק גרגרים 4,יוניליוור ישראל שיווק בעמ,,,"י""ח",400,ל  גרם,false,1,16.90,4.23,false,1,
8717163647226,false,"אקס בודי ספריי בלק 150מ""ל.",יוניליוור ישראל שיווק בעמ,,,"י""ח",150,"ל  מ""ל",false,1,14.90,9.93,true,1,
8717163647233,false,"אקס דאו בודי ספריי בלאק נייט  150מ""ל.",יוניליוור ישראל שיווק בעמ,,,"י""ח",150,"ל  מ""ל",false,1,14.90,9.93,true,1,
8717163647240,false,אקס  דאו`ספריי  שוקו  150 מ``ל.,יוניליוור ישראל שיווק בעמ,,,"י""ח",150,"ל  מ""ל",false,1,14.90,9.93,true,1,
8717163647264,false,"אקס בודי ספריי אייס צ`יל 150מ""ל.",יוניליוור ישראל שיווק בעמ,,,"י""ח",150,"ל  מ""ל",false,1,14.90,9.93,true,1,
8717163647301,false,"אקס ספריי גוף גולד 150מ""ל",יוניליוור ישראל שיווק בעמ,,,"י""ח",150,"ל  מ""ל",false,1,14.90,9.93,true,1,
8717163655764,false,"רקסונה ספריי פרש 150מ""ל",יוניליוור ישראל שיווק בעמ,,,"י""ח",150,"ל  מ""ל",false,1,14.90,9.93,true,1,
8717163663493,false,רקסונה ספריי מן קובלט דריי,יוניליוור ישראל שיווק בעמ,,,"י""ח",1,"י""ח",false,1,14.90,14.90,true,1,
8717163711668,false,"רקסונה ספריי נשים טלק  150מ""ל",יוניליוור ישראל שיווק בעמ,,,"י""ח",150,"ל  מ""ל",false,1,14.90,9.93,true,1,
8717163714850,false,"דאב דאו  ספריי 150מ""ל",יוניליוור ישראל שיווק בעמ,,,"י""ח",90,"ל  מ""ל",false,1,14.90,16.56,true,1,
8717644390566,false,רביעיית סבון מוצק דאבירוק.,יוניליוור ישראל שיווק בעמ,,,"י""ח",400,ל  גרם,false,1,16.90,4.23,false,1,
8717677336616,false,שוקולד מרירעם שקדים ומלח 180ג  טוניס,ליימן שליסל,,,"י""ח",180,ל  גרם,false,1,18.90,10.50,true,1,
8717677338436,false,שוקולד חלב עם אגוזי לוז 180ג  טוניס,ליימן שליסל,,,"י""ח",180,ל  גרם,false,1,18.90,10.50,true,1,
8718951144064,false,מרידול מברשת שיניים זוג פרדונט אקספרט.,ש.שסטוביץ בעמ,,,"י""ח",1,,false,1,29.90,29.90,false,1,
8718951166288,false,"קולגייט מקס וייט 125מ""ל",ש.שסטוביץ בעמ,,,"י""ח",125,"ל  מ""ל",false,1,17.90,14.32,false,1,
8718951166561,false,"קולגייט מקס פרש כחול 125מ""ל",ש.שסטוביץ בעמ,,,"י""ח",125,"ל  מ""ל",false,1,17.90,14.32,false,1,
8718951236790,false,"קולגייט טוטל קלין מינט  100מ""ל",ש.שסטוביץ בעמ,,,"י""ח",100,"ל  מ""ל",false,1,16.90,16.90,true,1,
8718951236806,false,"קולגייט טוטל הלבנה  100מ""ל",ש.שסטוביץ בעמ,,,"י""ח",100,"ל  מ""ל",false,1,16.90,16.90,true,1,
8718951236813,false,"קולגייט טוטל מתקדם  100מ""ל",ש.שסטוביץ בעמ,,,"י""ח",100,"ל  מ""ל",false,1,16.90,16.90,true,1,
8718951314009,false,"פלמוליב סבון נוזלי פטל שחור  750 מ""ל",ש.שסטוביץ בעמ,,,"י""ח",750,"ל  מ""ל",false,1,19.90,2.65,true,1,
8718951314023,false,"פלמוליב סבון נוזלי אפרסק  750 מ""ל",ש.שסטוביץ בעמ,,,"י""ח",750,"ל  מ""ל",false,1,19.90,2.65,true,1,
8718951315303,false,"קולגייט אדומה 100 מ""ל מארז זוג.",ש.שסטוביץ בעמ,,,"י""ח",200,"ל  מ""ל",false,1,19.80,9.90,false,1,
8718951320093,false,קולגייט מברשת אדוונס וויט  זוג,ש.שסטוביץ בעמ,,,"י""ח",1,,false,1,24.90,24.90,false,1,
8718951333048,false,"פלמוליב סבון ידיים למטבח 300מ""ל",ש.שסטוביץ בעמ,,,"י""ח",300,"ל  מ""ל",false,1,9.90,3.30,false,1,
8718951334090,false,"סופלין מרכך כביסה מרוכז כחול650מ""ל",ש.שסטוביץ בעמ,,,"י""ח",0.65,ליטר,false,1,9.90,15.23,false,1,
8718951334120,false,"סופלין מרכך כביסה מרוכז לבנדר 650מ""ל",ש.שסטוביץ בעמ,,,"י""ח",0.65,ליטר,false,1,9.90,15.23,false,1,
8718951354807,false,אג קס פיור הום הפרחים יסמין 1.5ליטר,ש.שסטוביץ בעמ,,,"י""ח",1.50,ליטר,false,1,19.90,13.27,true,1,
8718951382640,false,פלמוליב גל רחצה חימר דיטוקס משאבה 750,ש.שסטוביץ בעמ,,,"י""ח",750,"ל  מ""ל",false,1,19.90,2.65,true,1,
8718951443396,false,פלמוליב סבון ידיים שלישייה,ש.שסטוביץ בעמ,,,"י""ח",900,"ל  מ""ל",false,1,18,2,false,1,
8718951509627,false,קולגייט  אופטיק וייט לאוהבי קפה 75מייל.,ש.שסטוביץ בעמ,,,"י""ח",256,ל  גרם,false,1,26.90,10.51,true,1,
8719200998001,false,בלבנד בלי מלח 200 גרם,דיפלומט מפיצים (1968) בעמ**,,,"י""ח",200,ל  גרם,false,1,4.50,2.25,false,1,
8719200998018,false,מחמאה מרגרינה בטעם חמאה 200 גרם..,דיפלומט מפיצים (1968) בעמ**,,,"י""ח",200,ל  גרם,false,1,4.60,2.30,false,1,
8719200998032,false,מזולה בטעם חמאה 250 גרם.,דיפלומט מפיצים (1968) בעמ**,,,"י""ח",250,ל  גרם,false,1,9.90,3.96,false,1,
8719200998049,false,מזולה בטעם טבעי 250 גרם,דיפלומט מפיצים (1968) בעמ**,,,"י""ח",250,ל  גרם,false,1,9.90,3.96,false,1,
8719200998094,false,מזולה אפייה ללא מלח 200 גרם,דיפלומט מפיצים (1968) בעמ**,,,"י""ח",200,ל  גרם,false,1,6.50,3.25,false,1,
8719200998100,false,מזולה אפייה טעם חמאה 200 גרם,דיפלומט מפיצים (1968) בעמ**,,,"י""ח",200,ל  גרם,false,1,6.50,3.25,false,1,
8720181045912,false,"אקס בודי ספריי גוף אפריקה 150מ""ל.",יוניליוור ישראל שיווק בעמ,,,"י""ח",150,"ל  מ""ל",false,1,14.90,9.93,true,1,
8720181046605,false,דאב דאו  ספריי 90ג,יוניליוור ישראל שיווק בעמ,,,"י""ח",90,"ל  מ""ל",false,1,14.90,16.56,true,1,
8723400756552,false,מנטוס מנטה 1\4,ליימן שליסל,,,"י""ח",1,,false,1,11.90,11.90,false,1,
8801055707966,false,~קפה נמס בריסטה טסטר צוייס 180 ג`,קבוצת אוסם סחר-שות.מוגבלת,,,"י""ח",180,ל  גרם,false,1,32.90,18.28,false,1,
8801055709434,false,קפה נמס טסטר צוייס קולומביה 100 ג`,קבוצת אוסם סחר-שות.מוגבלת,,,"י""ח",100,ל  גרם,false,1,25.90,25.90,true,1,
8801055709472,false,נס קפה קפוצ`ינו קלאסי  18.5גר*10,קבוצת אוסם סחר-שות.מוגבלת,,,"י""ח",180,ל  גרם,false,1,18.90,10.50,false,1,
8801055709489,false,נס קפה קפוצ`ינו אגוזים  18.5גר*10,קבוצת אוסם סחר-שות.מוגבלת,,,"י""ח",180,ל  גרם,false,1,18.90,10.50,false,1,
8801055709526,false,נס קפה קפוצ`ינו אגוזים  18.5גר*10.,קבוצת אוסם סחר-שות.מוגבלת,,,"י""ח",180,ל  גרם,false,1,18.90,10.50,false,1,
8809168840488,false,חטיף אצות מיובשות 3יח 4.5גרם.,מזרח ומערב יבוא ושיווק,,,"י""ח",3,"י""ח",false,1,11.90,3.97,true,1,
8850006932964,false,קולגייט מברשת שיניים טוויסטר חמישייה.,ש.שסטוביץ בעמ,,,"י""ח",1,,false,1,19.90,19.90,false,1,
8850161167089,false,חלב קוקוס קוקו וואי 1ליטר,טמפו משקאות בעמ,,,"י""ח",1,ליטר,false,1,16.90,16.90,true,1,
8850206250592,false,רוטב צילי סיראצה 530ג,מזרח ומערב יבוא ושיווק,,,"י""ח",530,ל  גרם,false,1,19.90,3.75,false,1,
8850367992164,false,"קרם קוקוס 250מ""ל מזרח ומערב",מזרח ומערב יבוא ושיווק,,,"י""ח",250,"ל  מ""ל",false,1,7.90,3.16,true,1,
8850389103128,false,משקה אלוורה תפוח 300,טמפו משקאות בעמ,,,"י""ח",300,"ל  מ""ל",false,1,7.20,2.30,true,1,
8850389103159,false,משקה מוגו מוגו ליצ`י עם חתיכות ג`לי קו,טמפו משקאות בעמ,,,"י""ח",320,"ל  מ""ל",false,1,6.90,2.06,true,1,
8850389104637,false,משקה אלוורה אפרסק 300,טמפו משקאות בעמ,,,"י""ח",300,"ל  מ""ל",false,1,7.20,2.30,true,1,
8850389105825,false,סאפה ענבים 1 ליטר,טמפו משקאות בעמ,,,"י""ח",1,ליטר,false,1,13,13,false,1,
8850389105832,false,סאפה תפוחים 1 ליטר,טמפו משקאות בעמ,,,"י""ח",1,ליטר,false,1,13,13,false,1,
8850389115312,false,"סאפה מלון בקבוק 300מ""ל",טמפו משקאות בעמ,,,"י""ח",300,"ל  מ""ל",false,1,7.20,2.30,true,1,
8850389115336,false,סאפה מלון  1 ליטר,טמפו משקאות בעמ,,,"י""ח",1,ליטר,false,1,13,13,false,1,
8850632604259,false,חיספוסים מקלות תות שדה,ליימן שליסל,,,"י""ח",50,ל  גרם,false,1,3.50,7,true,1,
8850632604266,false,חיספוסים מקלות קולה,ליימן שליסל,,,"י""ח",50,ל  גרם,false,1,3.50,7,true,1,
8850632604372,false,חיספוסים שטיח תות שדה,ליימן שליסל,,,"י""ח",50,ל  גרם,false,1,3.50,7,true,1,
8850632604402,false,חיספוסים שטיח מעורב,ליימן שליסל,,,"י""ח",50,ל  גרם,false,1,3.50,7,true,1,
8850632605201,false,חיספוסים שטיח מעורב תפוח,ליימן שליסל,,,"י""ח",50,ל  גרם,false,1,3.50,7,true,1,
8850632606390,false,חיספוסים מקלות אבטיח,ליימן שליסל,,,"י""ח",50,ל  גרם,false,1,3.50,7,true,1,
8852633020403,false,פניני טפיוקה 500גר,מזרח ומערב יבוא ושיווק,,,"י""ח",500,ל  גרם,false,1,11.90,2.38,false,1,
8858271002870,false,"רוטב פאד תאי 250מ""ל",מזרח ומערב יבוא ושיווק,,,"י""ח",250,"ל  מ""ל",false,1,10.90,4.36,true,1,
8858271002887,false,"רוטב טריאקי 250מ""ל",מזרח ומערב יבוא ושיווק,,,"י""ח",250,"ל  מ""ל",false,1,10.90,4.36,true,1,
8858271003068,false,"רוטב סויה מתוקה 250מ""ל",מזרח ומערב יבוא ושיווק,,,"י""ח",250,"ל  מ""ל",false,1,10.90,4.36,true,1,
8858271003075,false,"רוטב סויה מתוקה5 700מ""ל",מזרח ומערב יבוא ושיווק,,,"י""ח",700,"ל  מ""ל",false,1,16.90,2.41,false,1,
8858271003136,false,"רוטב פטריות צמחוני 250מ""ל",מזרח ומערב יבוא ושיווק,,,"י""ח",250,"ל  מ""ל",false,1,9.90,3.96,false,1,
8858271004300,false,"רוטב טריאקי 700מ""ל",מזרח ומערב יבוא ושיווק,,,"י""ח",700,"ל  מ""ל",false,1,19.90,2.84,false,1,
8858271004799,false,"רוטב צ`ילי מתוק  700מ""ל ALL PURPSES",מזרח ומערב יבוא ושיווק,,,"י""ח",700,"ל  מ""ל",false,1,12.90,1.84,false,1,
8888021200256,false,סוללות אנרגייזר שמינייה AA,דנשר (1963) בעמ,,,"י""ח",1,,false,1,27.90,27.90,true,1,
8888021200720,false,סוללות אנרגייזר שמינייה AAA,דנשר (1963) בעמ,,,"י""ח",1,,false,1,19.90,19.90,false,1,
8888111030053,false,"מיץ אננס ללס 100% טבעי רביעייה4*240מ""ל",בני פאוזי שמשום (2009) בעמ,,,"י""ח",960,"ל  מ""ל",false,1,16.90,1.64,false,1,
8901537024014,false,"אורז  בסמטי 1ק""ג DAAWAT",ג.וילי פוד אינטרנשיונל בעמ,,,"י""ח",1,"ק""ג",false,1,12.90,12.90,true,1,
8906059703614,false,תבשיל הודי דאל תרד 300גר,מור ים מרקטינג בעמ,,,"י""ח",300,ל  גרם,false,1,19.90,6.63,false,1,
8934878081736,false,"אטריות אורז 3מ""מ 450גר",מזרח ומערב יבוא ושיווק,,,"י""ח",400,ל  גרם,false,1,10.90,2.73,false,1,
8934878081811,false,"דפי אורז 22ס""מ 400גר מזרח ומערב",מזרח ומערב יבוא ושיווק,,,"י""ח",400,ל  גרם,false,1,14.90,3.73,true,1,
9000100590938,false,"סאיוס מוס ווליום ליפט 250מ""ל",הנקל סוד בעמ,,,"י""ח",250,"ל  מ""ל",false,1,27.50,11,true,1,
9001616205781,false,זוג מוצצים בנות  בעלי חיים 6+,אלפא קוסמטיקה,,,"י""ח",1,,false,1,34.90,34.90,false,1,
9001616702686,false,זוג מוצצים בנות  עם כיתובים 0+,אלפא קוסמטיקה,,,"י""ח",1,,false,1,34.90,34.90,false,1,
9002490100490,false,"רד בול מארז 4 יח (1000 מ""ל)",דיפלומט מפיצים (1968) בעמ**,,,"י""ח",1,ליטר,false,1,23.90,23.90,true,1,
9002975393812,false,סוכריות הריבו האפי צרי 70ג,מ.סידס ובנו בעמ,,,"י""ח",70,ל  גרם,false,1,6.90,9.86,true,1,
9002975393829,false,סוכריות הריבו פיצס 70ג,מ.סידס ובנו בעמ,,,"י""ח",70,ל  גרם,false,1,6.90,9.86,true,1,
9002975393836,false,סוכריות הריבו האפי קולה 70ג,מ.סידס ובנו בעמ,,,"י""ח",70,ל  גרם,false,1,6.90,9.86,true,1,
9002975393850,false,סוכריות הריבו וורמס 70ג,מ.סידס ובנו בעמ,,,"י""ח",70,ל  גרם,false,1,6.90,9.86,true,1,
9310072028743,false,טים טם אורגינל,מ.סידס ובנו בעמ,,,"י""ח",200,ל  גרם,false,1,20.90,10.45,true,1,
9310072028750,false,טים טם דאבל 200ג,מ.סידס ובנו בעמ,,,"י""ח",200,ל  גרם,false,1,20.90,10.45,true,1,
9322969000053,false,פריכיות אורז מלא 150גר`,דנשר (1963) בעמ,,,"י""ח",150,ל  גרם,false,1,12.90,8.60,false,1,
