code,internal_code,name,manufacturer_name,manufacture_country,manufacturer_item_description,unit_qty,quantity,unit_of_measure,weighted,qty_in_package,price,unit_of_measure_price,allow_discount,status,item_id
30107014,false,נייר גלגול,,IL,נייר גלגול,יחידה,1.00,יחידה,false,0,5.90,5.90,false,1,
30112919,false,נייר גלגול,,IL,נייר גלגול,יחידה,1.00,יחידה,false,0,5.00,5.00,false,1,
40052403,false,חטיף קיט קאט אצבעות41ג,נסטלה,DE,חטיף קיט קאט,גרמים,41.00,100 גרם,false,1,4.50,10.98,true,1,
40084107,false,ביצת קינדר הפתעה 20 גרם,פררו אס.פי.אי,IT,ביצת הפתעה,גרמים,20.00,100 גרם,false,1,6.60,33.00,true,1,
40099705,false,אורביט סטיקס פפרמינט 13ג,ריגלי צרפת,FR,מסטיק אורביט,גרמים,13.00,100 גרם,false,1,2.50,19.23,true,1,
40111216,false,חטיף באונטי 57 גרם,מרס הולנד בי.וי.,NL,חטיף באונטי,גרמים,57.00,100 גרם,false,0,4.60,8.07,true,1,
42138105,false,וינסטון סופר סלמס כחול ח,jti,CH,וינסטון סופר סלי,יחידה,1.00,יחידה,false,0,32.50,32.50,false,1,
49814521,false,לקקן צ'ופה 12 גרם,צ'ופה צ'ופס,ES,לקקן צ'ופה,גרמים,12.00,100 גרם,false,1,1.90,15.83,true,1,
59039549,false,ווג מנטה חפיסה,bat,PL,ווג מנטה,יחידה,1.00,יחידה,false,0,37.50,37.50,false,1,
59068907,false,פאלמאל כחול דמי סלימס חפ,BAT,PL,פאל מאל כחול דמי,יחידה,1.00,יחידה,false,1,26.50,26.50,false,1,
59068914,false,פאלמאל סילבר דמי סלימס ח,BAT,PL,פאלמאל סילבר דמי,יחידה,1.00,יחידה,false,1,26.50,26.50,false,1,
59455240,false,ווג לילך חפיסה,bat,PL,ווג לילך,יחידה,1.00,יחידה,false,0,37.50,37.50,false,1,
72940754,false,"מילקי בטעם וניל 170 מ""ל","שטראוס גרופ בע""\מ",IL,מילקי טעם וניל,מיליליטרים,170.00,"100 מ""ל",false,0,2.90,1.71,true,1,
72940761,false,"מילקי בטעם שוקולד 170מ""ל","שטראוס גרופ בע""\מ",IL,מילקי טעם שוקולד,מיליליטרים,170.00,"100 מ""ל",false,0,2.90,1.71,true,1,
72945308,false,קוביות שמרים לחים אפיה50,"פאקא תעשיות בע""\מ",IL,קוביות שמרים,גרמים,50.00,100 גרם,false,0,4.00,8.00,true,1,
72961506,false,פרילי תות 1.5% 125 גרם,מחלבת אלון תבור,IL,פרילי תות,גרמים,125.00,100 גרם,false,0,3.70,2.96,true,1,
72961544,false,באדי תות 3% 125 גרם,מחלבת אלון תבור,IL,מעדן באדי תות 3%,גרמים,125.00,100 גרם,false,0,3.00,2.40,true,1,
72991374,false,טיים רד,,IL,טיים רד,יחידה,1.00,יחידה,false,0,28.50,28.50,false,1,
72991497,false,נובלס פילטר חפיסה,"דובק בע""מ",IL,נובלס פילטר,יחידה,1.00,יחידה,false,0,28.00,28.00,false,1,
72993637,false,דני שוקולד 1.5% 125 גרם,"שטראוס גרופ בע""\מ",IL,דני שוקולד 1.5%,גרמים,125.00,100 גרם,false,0,2.70,2.16,true,1,
80042556,false,עגבניות חתוכות דק 400גרם,,IT,עגבניות חתוכות,גרמים,400.00,100 גרם,false,0,6.80,1.70,true,1,
80042563,false,מחית עגבניות,,IT,מחית עגבניות,גרמים,700.00,100 גרם,false,0,12.80,1.83,true,1,
80050025,false,סוכריות טיק-טק תפוז16גרם,פררו,ZA,טיק טק תפוז,גרמים,16.00,100 גרם,false,0,3.50,21.88,true,1,
80050124,false,טיק טק סוכריות מנטה16גרם,פררו,ZA,סוכריות טיק טק,גרמים,16.00,100 גרם,false,0,3.50,21.88,true,1,
80052760,false,קינדר בואנו 2 * 21.5 גרם,פררו,PL,קינדר בואנו זוג,גרמים,43.00,100 גרם,false,0,4.90,11.40,true,1,
80052883,false,סוכ.טיק טק מנטה חזקה16גר,,ZA,סוכריות טיק טק,גרמים,16.00,100 גרם,false,1,3.50,21.88,true,1,
80136194,false,הפי היפו אגוזי לוז 23*5ג,פררו,DE,חטיף הפי היפו5יח,גרמים,115.00,100 גרם,false,1,13.90,12.09,true,1,
80176800,false,נוטלה ממרח שוקולד 750 גר,פררו,IT,ממרח נוטלה,גרמים,750.00,100 גרם,false,0,26.90,3.59,true,1,
80177173,false,ממרח נוטלה 350 גרם,פררו,IT,ממרח נוטלה,גרמים,350.00,100 גרם,false,0,15.90,4.54,true,1,
80177609,false,אצבעות שוקולד קינדר50גרם,פררו,IT,אצבעות קינדר,גרמים,50.00,100 גרם,false,0,5.00,10.00,true,1,
80177616,false,אצבעות שוקולד קינדר100גר,פררו,IT,שוקולד קינדר,גרמים,100.00,100 גרם,false,0,9.20,9.20,true,1,
80273561,false,פלפל שחור במטחנה 45 גרם,דרוגיה ואלימנטרי אס.אר.א,IT,פלפל שחור,גרמים,45.00,100 גרם,false,0,13.80,30.67,true,1,
80310167,false,קינדר מקסי שישיה126( גר),פררו,DE,קינדר מקסי,גרמים,126.00,100 גרם,false,0,11.20,8.89,true,1,
80761761,false,קינדר בואנו לבן 19.5*2גר,פררו,PL,קינדר בואנו לבן,גרמים,39.00,100 גרם,false,0,4.90,12.56,true,1,
80773429,false,מסטיק מנטוס בקבוק תות60ג,"פרפטי ואן מלה ג'\ידה,סאן",TR,מנטוס בקבוק,גרמים,60.00,100 גרם,false,1,10.90,18.17,true,1,
80773443,false,מסטיק  מנטה עדינה בקבוק,"פרפטי ואן מלה ג'\ידה,סאן",TR,מסטיק מנטוס,גרמים,60.00,100 גרם,false,1,10.90,18.17,true,1,
80790990,false,מסטיק פירות מנטה בקבוק,"פרפטי ואן מלה ג'\ידה,סאן",TR,מסטיק מנטוס,גרמים,60.00,100 גרם,false,1,10.90,18.17,true,1,
80854753,false,"סוכ.מנטוס מנטה לל""ס21גרם",פרפטי ואן מלה,NL,סוכריות מנטוס,גרמים,21.00,100 גרם,false,1,6.90,32.86,true,1,
80864295,false,מנטוס פיורוויט מנטה עדין,"פרפטי ואן מלה ג'ידה,סאן",TR,מנטוס פיור וויט,גרמים,60.00,100 גרם,false,1,10.90,18.17,true,1,
80874652,false,קינדר קארדס 25.6 גרם,,IT,קינדר קארדס,גרמים,26.00,100 גרם,false,1,4.30,16.54,true,1,
80913467,false,מסטיק מנטוס מנטה בקבוק60,פרפטי ואן מלה,TR,מסטיק מנטוס,גרמים,60.00,100 גרם,false,1,10.90,18.17,true,1,
80945468,false,מנטוס פיורוויט מנטה מתוק,"פרפטי ואן מלה ג'ידה,סאן",TR,מנטוס פיור וויט,גרמים,60.00,100 גרם,false,1,10.90,18.17,true,1,
85939868,false,ניר קצר לגלגול ללא פילטר,U 4 ROLL,CZ,נייר קצר לגלגול,יחידה,1.00,יחידה,false,0,2.00,2.00,false,1,
85942677,false,ניר קצר דק פארטי+פילטר50,U 4 ROLL,CZ,נייר קצר לגלגול,יחידה,1.00,יחידה,false,0,3.80,3.80,false,1,
85942707,false,נייר קצר פארטי RED עבה50,U 4 ROLL,CZ,נייר קצר פארטי,יחידה,1.00,יחידה,false,1,2.00,2.00,false,1,
85951730,false,פלטר פרטי 120יח'  6X15 1,U 4 ROLL,CZ,פלטר פרטי 6X15,יחידה,1.00,יחידה,false,0,3.80,3.80,false,1,
85966611,false,ניר ארוך דק פארטי+פילטר,רול פור יו,CZ,ניר ארוך דק+פילט,יחידה,1.00,יחידה,false,1,7.00,7.00,false,1,
85967069,false,ניר ארוך פארטי+פילט חום,רול פור יו,CZ,ניר ארוך+פיל.חום,יחידה,1.00,יחידה,false,1,8.90,8.90,false,1,
87108538,false,מנטוס תות גליל 37.5 גר,פרפטי ואן מלה ברדה,NL,מנטוס תות,גרמים,37.00,100 גרם,false,0,4.00,10.81,true,1,
90162602,true,רד בול משקה אנרגיה פח250,רד בול,AT,רד בול,מיליליטרים,250.00,"100 מ""ל",false,0,7.20,2.88,true,1,
11182700954,false,שעועית שחורה 439 גרם,האנאובר פודס קורפורשיין,US,שעועית שחורה439ג,גרמים,439.00,100 גרם,false,1,10.90,2.48,true,1,
11210000094,false,"רוטב טבסקו 60 מ""ל",ניצן,US,רוטב טבסקו,מיליליטרים,60.00,"100 מ""ל",false,0,12.80,21.33,true,1,
11210007253,false,"טבסקו שום 60 מ""ל",ניצן,US,טבסקו שום,מיליליטרים,60.00,"100 מ""ל",false,0,12.80,21.33,true,1,
16000423534,false,קראנצי שיבולת ושוקולד5יח,ג'נרל מילס סאן אדריאן,ES,חטיף נייצ'ר ואלי,גרמים,210.00,100 גרם,false,0,21.90,10.43,true,1,
16000548404,false,חטיף נייטשר וואלי דבש5יח,ג'נרל מילס סאן אדריאן,ES,חטיף נייטשר ואלי,גרמים,210.00,100 גרם,false,0,21.90,10.43,true,1,
16000548503,false,נייטשר וואלי מייפל 5יח,ג'נרל מילס סאן אדריאן,ES,חטיף נייטשר ואלי,גרמים,210.00,100 גרם,false,0,21.90,10.43,true,1,
18000701223,false,תערובת לעוגת שוקולד500גר,ג'נרל מילס,IL,תערובת לעוגה,גרמים,500.00,100 גרם,false,0,19.90,3.98,true,1,
25675120020,false,םרג 100 לטפ םעטב םיצוצמח,ירוג,NL,חמצוצים פטל,גרמים,100.00,100 גרם,false,0,9.90,9.90,true,1,
25675120037,false,םרג 100 תות םעטב םיצוצמח,ירוג,NL,חמצוצים תות,גרמים,100.00,100 גרם,false,0,9.90,9.90,true,1,
25675120068,false,םרג100 הלוק םעטב םיצוצמח,ירוג,NL,חמצוצים קולה,גרמים,100.00,100 גרם,false,0,9.90,9.90,true,1,
30000315958,false,קוואקר חלבון בננ.אגוז366,קוואקר אוטס קומפני,US,קוואקר פרוטאין,גרמים,366.00,100 גרם,false,1,23.00,6.28,true,1,
36000516876,false,קלינקס לושן 3 שכבות 75יח,חוגלה קימברלי,US,קלינקס לושן,יחידה,1.00,יחידה,false,1,12.90,12.90,true,1,
37600207188,false,חמאת בוטנים קלאסי 462גרם,הורמל,US,חמאת בוטנים,גרמים,462.00,100 גרם,false,0,20.90,4.52,true,1,
38000138638,false,פרינגלס פיצה 158 גרם,פרינגלס מנופקצ'ורינג קונ,US,פרינגלס פיצה,גרמים,158.00,100 גרם,false,1,10.60,6.71,true,1,
38000232152,false,פרינגלס ברביקיו 158 גרם,פרינגלס מנופקצ'ורינג קומ,US,פרינגלס ברביקיו,גרמים,158.00,100 גרם,false,1,10.60,6.71,true,1,
38000232169,false,פרינגלס מידי אורגינל67ג,פרינגלס מנופקצ'ורינג קונ,US,פרינגלס אורגינל,גרמים,67.00,100 גרם,false,1,5.90,8.81,true,1,
38000232176,false,פרינגלס שמנת בצל 158 גרם,פרינגלס מנופקצ'ורינג קונ,US,פרינגלס שמנת בצל,גרמים,158.00,100 גרם,false,1,10.60,6.71,true,1,
38000232183,false,פרינגלס אורגינל 149 גרם,פרינגלס מנופקצ'ורינג קונ,US,פרינגלס אורגינל,גרמים,149.00,100 גרם,false,1,10.60,7.11,true,1,
38000845253,false,פרינגלס מידי שמנת בצל71ג,פרינגלס מנופקצ'ורינג קונ,US,פרינגלס שמנת בצל,גרמים,71.00,100 גרם,false,1,5.90,8.31,true,1,
40000514480,false,עדשי מ&מ'ס שוקולד 48 גרם,מרס,US,עדשי מ&מ'ס,גרמים,48.00,100 גרם,false,1,5.50,11.46,true,1,
40000514510,false,עדשי מ&מ'ס בוטנים 49 גרם,מרס,US,עדשי מ&מ'ס,גרמים,49.00,100 גרם,false,1,5.50,11.22,true,1,
46214731552,false,עוגיות שוקולד צ'יפס225גר,"מרבה בע""\מ",NL,עוגיות ש.צ'יפס,גרמים,225.00,100 גרם,false,0,10.90,4.84,true,1,
77245110610,false,סוכריות מאסט מנטה 80 גרם,עלית,PL,סוכריות מאסט,גרמים,80.00,100 גרם,false,0,8.90,11.13,true,1,
77975094631,false,בייגלה סנדוויץ ט.צ'דר226,סניידרס לאנס,US,בייגלה סניידרס,גרמים,226.00,100 גרם,false,1,17.70,7.83,true,1,
87752005644,false,יין ברטנורה מוסקטו 750מל,יקב פסגות,IT,יין מוסקטו,מיליליטרים,750.00,"100 מ""ל",false,0,54.90,7.32,true,1,
638102532817,false,חטיף זון דארק שוקולד45גר,אדיר סחר,US,חטיף זון דארק,גרמים,45.00,100 גרם,false,0,13.90,30.89,true,1,
645173911038,false,מלפפונים קורנישונים670גר,קלמן אינדיה פי וי סי,IN,מלפפ.קורנישונים,גרמים,670.00,100 גרם,false,0,10.90,1.63,true,1,
645692556284,false,עוג.מצה עשירה גדול 400גר,"אחים פפושדו ובניהם בע""\מ",IL,עוגיות מה עשירה,גרמים,400.00,100 גרם,false,1,11.90,2.98,true,1,
724049694906,false,"קלאב דה נואי גבר 105 מ""ל",,FR,קלאב דה נואי גבר,מיליליטרים,105.00,"100 מ""ל",false,0,119.00,113.33,true,1,
728229130154,false,צ'יפס בטטה סלק 110 גרם,היין סלסטיאל גרופ,HN,צ'יפס בטטה סלק,גרמים,110.00,100 גרם,false,0,15.90,14.45,true,1,
855074007086,false,פלפלון ביס בשקית,קטיף.,IL,פלפלון ביס בשקית,גרמים,200.00,100 גרם,false,1,8.90,4.45,true,1,
856591000055,false,עוגיות מזרחיות קריספי400,מאפיית יוסף ושמחה עבאדי,IL,עוגיות מזרחיות,גרמים,400.00,100 גרם,false,1,19.90,4.98,true,1,
856591000109,false,עוגיות מזרחיות פריכות400,מאפיית יוסף ושמחה עבאדי,IL,עוגיות מזרחיות,גרמים,400.00,100 גרם,false,0,19.90,4.98,true,1,
884912365200,false,דגני  בוקר אוראו 311 גרם,,US,דגני  בוקר אוראו,גרמים,311.00,100 גרם,false,1,25.90,8.33,true,1,
3387390320244,false,דגני בוקר פיטנס+פירות375,סי. פי. צרפת,FR,דגני פיטנס,גרמים,375.00,100 גרם,false,0,22.90,6.11,true,1,
3387390525960,false,קראנץ' דגני בוקר 500 גרם,סי. פי. צרפת,FR,קראנץ דגני בוקר,גרמים,500.00,100 גרם,false,0,25.00,5.00,true,1,
3501271213047,false,טופי חמוץ תפוח תות150גרם,,FR,טופי חמוץ תפוח,גרמים,150.00,100 גרם,false,1,16.90,11.27,true,1,
3574660089547,false,טמפוני או בה נורמל 32 יח,ג'\ונסון אנד ג'\ונסון,GR,טמפוני או בה,יחידה,1.00,יחידה,false,0,25.90,25.90,true,1,
3574660333466,false,32טמפ. או-בה פרוקומפ.מינ,"ש. שסטוביץ בע""\מ",DE,טמפוני או-בה,יחידה,1.00,יחידה,false,0,28.90,28.90,true,1,
3800020423578,false,קיט קאט צ'אנקי חלב 40גרם,נסטלה בולגריה A.D,BG,קיט קאט צ'אנקי,גרמים,40.00,100 גרם,false,0,4.50,11.25,true,1,
4000417025005,false,שוק.ריטר עם מרציפן 100גר,אלפרד ריטר,DE,שוקולד ריטר,גרמים,100.00,100 גרם,false,0,9.90,9.90,true,1,
4000417222008,false,שוק.חלב ריטר שברי אגו100,אלפרד ריטר,DE,שוקולד ריטר,גרמים,100.00,100 גרם,false,1,9.90,9.90,true,1,
4005808366392,false,לבלו שפתון לחות כחול,ביירסדורץ,IL,שפתון לבלו כחול,יחידה,1.00,יחידה,false,1,12.90,12.90,true,1,
4009900403023,false,מסטיק אורביט ויט מנטה64ג,ריגלי פולין,PL,אורביט בקבוקון,גרמים,64.00,100 גרם,false,0,11.90,18.59,true,1,
4009900406918,false,הובה בובה טריפל מיקס56ג,ריגלי,GB,מסטיק הובה בובה,גרמים,56.00,100 גרם,false,0,6.90,12.32,true,1,
4009900420129,false,אורביט פפרמינט בקבוקון64,,PL,אורביט פפרמינט,גרמים,64.00,100 גרם,false,1,11.90,18.59,true,1,
4009900426039,false,מסטיק איירוויבז מנטה64ג,ריגלי פולין,PL,מסטיק איירוויבז,גרמים,64.00,100 גרם,false,1,11.90,18.59,true,1,
4009900426121,false,מסטיק איירוויבז אוכמנ64ג,ריגלי פולין,PL,מסטיק איירוויבז,גרמים,64.00,100 גרם,false,1,11.90,18.59,true,1,
4009900455299,false,סוכריות סקיטלס פירות174ג,ריגלי ממתקים,CZ,סוכריות סקיטלס,גרמים,174.00,100 גרם,false,0,9.80,5.63,true,1,
4009900479998,false,אורביט אוכמניות בקבוק64ג,ריגלי פולין,PL,אורביט בקבוקון,גרמים,64.00,100 גרם,false,0,11.90,18.59,true,1,
4009900482417,false,אורביט באבל מינט בקבוק64,ריגלי פולין,PL,אורביט באבל מינט,גרמים,64.00,100 גרם,false,0,11.90,18.59,true,1,
4009900531122,false,מסטיק אורביט ספירמינט64ג,,PL,אורביט ספירמינט,גרמים,64.00,100 גרם,false,1,11.90,18.59,true,1,
4009900534581,false,איירוויבז מנטה ודובדבן64,,IL,מסטיק איירוויבז,גרמים,64.00,100 גרם,false,1,11.90,18.59,true,1,
4009900535519,false,אורביט רפרשרס ספירמי15.6,ריגלי,PL,אורביט רפרשרס,גרמים,15.00,100 גרם,false,1,4.30,28.67,true,1,
4009900535823,false,אורביט רפרשרס בטעם15.6ג,,PL,מסטיק אורביט,גרמים,15.00,100 גרם,false,1,4.30,28.67,true,1,
4009900536257,false,אורביט רפרשרס ספירמינט67,ריגלי פולין,PL,אורביט רפרשרס,גרמים,67.00,100 גרם,false,1,13.00,19.40,true,1,
4009900539340,false,סוכ.סקיטלס ג'יינט 141 גר,,CZ,סוכריות סקיטלס,גרמים,141.00,100 גרם,false,1,9.80,6.95,true,1,
4011800630515,false,קורני 6חט.דגנים+שוק+בננה,Schwartauer,DE,קורני חטיף דגנים,גרמים,150.00,100 גרם,false,0,13.90,9.27,true,1,
4014400901191,false,בונבוניירה מרסי 250 גרם,אוגוסט שטורק,DE,בונבוניירת מרסי,גרמים,250.00,100 גרם,false,0,29.90,11.96,true,1,
4014400914696,false,סוכ.חמאה וורטר ל.סוכר80ג,אוגוסט שטורק,DE,סוכריות וורטר,גרמים,80.00,100 גרם,false,0,9.50,11.88,true,1,
4014400923711,false,טופיפי 125 גרם,אוגוסט שטורק,DE,טופיפי,גרמים,125.00,100 גרם,false,1,13.90,11.12,true,1,
4015400564454,false,68מגני תח.אולוייז מגה L,פרוקטר אנד גמבל,DE,מגן תחתון אולויז,יחידה,1.00,יחידה,false,0,22.90,22.90,true,1,
4015600763251,false,שמפו הד&שולדרס קלאסי600מ,פרוקטר אנד גמבל,RO,שמפו הד&שולדרס,מיליליטרים,600.00,"100 מ""ל",false,0,28.70,4.78,true,1,
4015600763299,false,"הד&שולדרס 2ב1- 600 מ""ל",פרוקטר אנד גמבל,RO,שמפו הד&שולדרס,מיליליטרים,600.00,"100 מ""ל",false,0,28.70,4.78,true,1,
4025700001962,false,שוקולד לבן מילקה 100 גרם,מונדלייז,UA,שוקולד לבן,גרמים,100.00,100 גרם,false,1,7.90,7.90,true,1,
4032900111292,false,וינסטון קומפקט כחול חפ,JTI,UA,וינסטון קומפקט,יחידה,1.00,יחידה,false,1,28.00,28.00,false,1,
4032900124193,false,כאמל צהוב ארוך חפיסה,JTI,PL,כאמל צהוב ארוך,יחידה,1.00,יחידה,false,1,32.50,32.50,false,1,
4032900124254,false,וינסטון קומפקט ברי חפיסה,JTI,RO,וינסטון קומפ.ברי,יחידה,1.00,יחידה,false,1,28.00,28.00,false,1,
4032900124261,false,וינסטון קומפקט ברי פאקט,JTI,RO,וינסטון קומפקט,יחידה,1.00,יחידה,false,1,276.00,276.00,false,1,
4033100013348,false,אל די ארוך חפיסה,jti,TR,אל די ארוך,יחידה,1.00,יחידה,false,0,27.50,27.50,false,1,
4033100014468,false,אל די אדום חפיסה,jti,TR,אל די אדום,יחידה,1.00,יחידה,false,0,27.50,27.50,false,1,
4033100014499,false,אל די כחול חפיסה,jti,TR,אל די כחול,יחידה,1.00,יחידה,false,0,27.50,27.50,false,1,
4033100014529,false,אל די סלימס חפיסה,jti,TR,אל די סלימס,יחידה,1.00,יחידה,false,0,25.50,25.50,false,1,
4033100014536,false,אל די סלימס פאקט,jti,TR,אל די סלימס,יחידה,1.00,יחידה,false,0,248.00,248.00,false,1,
4033100024146,false,וינסטון קוד חפיסה,jti,CH,ווינסטון קוד,יחידה,1.00,יחידה,false,0,30.50,30.50,false,1,
4033100024252,false,וינסטון אקווה חפיסה,jti,CH,ווינסטון אקווה,יחידה,1.00,יחידה,false,0,30.50,30.50,false,1,
4033100046490,false,וינסטון אקווה ארוך חפיסה,jti,CH,וינסטון אקווה אר,יחידה,1.00,יחידה,false,0,30.50,30.50,false,1,
4033100064036,false,וינסטון כחול טבק חפ,jti,GB,טבק לגלגול,יחידה,1.00,יחידה,false,1,76.00,76.00,false,1,
4084500065598,false,פנטן קרם לחות לתלתלים300,פרוקטר אנד גמבל,FR,קרם לשיער פנטן,מיליליטרים,300.00,"100 מ""ל",false,0,21.90,7.30,true,1,
4105120623941,false,"בירה ויינשטפן בק 500 מ""ל","ויינשטפן, ת.ד 1155 פרייז",DE,בירה ויינשטפן,מיליליטרים,500.00,"100 מ""ל",false,1,13.90,2.78,true,1,
4603400000043,false,וודקה רוסקי,,RU,וודקה רוסקי,מיליליטרים,700.00,"100 מ""ל",false,0,76.90,10.99,true,1,
4710068001715,false,מאסטר קפה,,TW,מאסטר קפה,מיליליטרים,240.00,"100 מ""ל",false,0,8.50,3.54,true,1,
4710068001739,false,מאסטר קפה,,TW,מאסטר קפה,מיליליטרים,240.00,"100 מ""ל",false,0,8.50,3.54,true,1,
4823077608513,false,סוכריות טופי חלב 205 גרם,הופבר האוס וולסרס,UA,סוכריות טופי,גרמים,205.00,100 גרם,false,1,7.90,3.85,true,1,
4823077613203,false,שוק.מריר עם אגוז שלם90גר,,UA,שוקולד מריר עם א,גרמים,90.00,100 גרם,false,1,7.90,8.78,true,1,
4823077613630,false,חטיף שוק. ממולא ק.ברולה,,UA,חטיף שוק. ממולא,גרמים,43.00,100 גרם,false,1,3.90,9.07,true,1,
4823077614767,false,שוקולד רושן חלב נוגט בטע,,UA,שוקולד רושן חלב,גרמים,90.00,100 גרם,false,1,4.90,5.44,true,1,
4823077621635,false,אישי וופל רושן בטעם חלב,,UA,אישי וופל רושן ב,גרמים,72.00,100 גרם,false,1,3.90,5.42,true,1,
4823077621659,false,אישי וופל רושן בטעם אגוז,,UA,אישי וופל רושן,גרמים,72.00,100 גרם,false,1,3.90,5.42,true,1,
4823077626203,false,שוק.אוורירי מריר 80 גרם,,UA,שוק.אוורירי מריר,גרמים,80.00,100 גרם,false,1,7.90,9.88,true,1,
4823077626227,false,שוק.אוורירי חלב 80 גרם,,UA,שוק.אוורירי חלב,גרמים,80.00,100 גרם,false,1,7.90,9.88,true,1,
4823077626364,false,שוק.אוורירי לבן 80 גרם,,UA,שוק.אוורירי לבן,גרמים,80.00,100 גרם,false,1,7.90,9.88,true,1,
4823077630996,false,סנדוויץ קרקר קקאו-אגוז,,UA,סנדוויץ קרקר,גרמים,235.00,100 גרם,false,1,8.90,3.79,true,1,
4823077631474,false,קרקר קלאסי רושן 168 גרם,,UA,קרקר קלאסי רושן,גרמים,168.00,100 גרם,false,1,5.90,3.51,true,1,
4823077631863,false,גליליות רושן וניל 140 גר,,UA,גליליות רושן וני,גרמים,140.00,100 גרם,false,1,7.90,5.64,true,1,
4823077633034,false,גליליות רושן קקאו 140 גר,,UA,גליליות רושן קקא,גרמים,140.00,100 גרם,false,1,7.90,5.64,true,1,
4823077633324,false,עוג.שוקוצ'יפס לוביטה150ג,,UA,עוג.שוקוצ'יפס לו,גרמים,150.00,100 גרם,false,1,7.90,5.27,true,1,
4903001904192,false,"רוטב סויה יאמאסה 500 מ""ל",יאמאסה,JP,רוטב סויה יאמאסה,מיליליטרים,500.00,"100 מ""ל",false,0,17.90,3.58,true,1,
5000157143365,false,מתבל ט.מיונז וקטשופ425גר,"פודליצקי ספ.ז.או.או,",PL,מתבל ט.מיונז,גרמים,425.00,100 גרם,false,1,15.90,3.74,true,1,
5000159376655,false,סוכריות סקיטלס פירות38ג,ריגלי ממתקים,CZ,סוכריות סקיטלס,גרמים,38.00,100 גרם,false,0,3.40,8.95,true,1,
5000159376792,false,סוכריות סקיטלס חמוץ 38 ג,ריגלי ממתקים,CZ,סוכריות סקיטלס,גרמים,38.00,100 גרם,false,0,3.40,8.95,true,1,
5000159452977,false,מיני מיקס בשקית 400 גרם,מרס הולנד בי.וי.,NL,מיני מיקס,גרמים,400.00,100 גרם,false,0,24.90,6.23,true,1,
5000159459228,false,חטיף טוויקס 50 גרם,מרס,NL,חטיף טוויקס,גרמים,50.00,100 גרם,false,0,4.60,9.20,true,1,
5000159500692,false,בונ.סלבריישן בקבוק 312גר,,NL,בונבונ. סלבריישן,גרמים,312.00,100 גרם,false,1,34.90,11.19,true,1,
5000159541152,false,חטיף טוויקס לבן 50 גרם,מרס.גי אם. בי אייץ,DE,חטיף טוויקס לבן,גרמים,50.00,100 גרם,false,1,4.60,9.20,true,1,
5000394140820,false,6דורסל פלוס פאוור AA,דורסל,BE,דורסל פלוס פאוור,יחידה,1.00,יחידה,false,1,19.90,19.90,true,1,
5010677551281,false,"בריזר לימון בקבוק 275 מ""","בקרדי בע""מ",BE,בריזר לימון,מיליליטרים,275.00,"100 מ""ל",false,0,15.90,5.78,true,1,
5010677554398,false,"בריזר אבטיח בקבוק 275מ""ל",בקרדי בעמ,BE,בריזר אבטיח,מיליליטרים,275.00,"100 מ""ל",false,0,15.90,5.78,true,1,
5010677850100,false,"וודקה גריי גוס 700 מ""ל",גריי גוס,FR,וודקה גריי גוס,מיליליטרים,700.00,"100 מ""ל",false,1,124.90,17.84,true,1,
5014271350424,false,מעדן ארבעה פירות 284 גרם,סאן דלפור - שמבור,FR,מעדן 4 פירות,גרמים,284.00,100 גרם,false,0,22.90,8.06,true,1,
5014271370422,false,מעדן אפרסק 284 גרם,סאן דלפור - שמבור,FR,מעדן אפרסקים,גרמים,284.00,100 גרם,false,0,22.90,8.06,true,1,
5014271400426,false,מעדן תות שדה 284 גרם,סאן דלפור - שמבור,FR,מעדן תות שדה,גרמים,284.00,100 גרם,false,0,22.90,8.06,true,1,
5029053523446,false,קוטקס תחבושות נייט 20 יח,חוגלה קימברלי,CZ,תחבושות נייט קוט,יחידה,1.00,יחידה,false,0,20.90,20.90,true,1,
5060517886486,false,מונסטר אנרג'י פחית 500 מ,energy Monster סרביה,RS,מונסטר אנרג'י,מיליליטרים,500.00,"100 מ""ל",false,1,7.90,1.58,true,1,
5060751218173,false,מונסטר פייפליין פאנץ500מ,energy Monster סרביה,RS,מונסטר פייפליין,מיליליטרים,500.00,"100 מ""ל",false,1,7.90,1.58,true,1,
5201004020338,false,גלילי וופל רולס קלאסי400,א.ג פאפאגופולוס,GR,גלילי וופל קפריס,גרמים,400.00,100 גרם,false,1,20.90,5.23,true,1,
5201340026704,false,טונה מעושנת פיקנטית160גר,,GR,טונה מעושנת,גרמים,160.00,100 גרם,false,1,15.90,9.94,true,1,
5201347400545,false,ויט 20רצועות שעווה לפנים,רקיט בנקיזר,FR,רצועות שעווה ויט,יחידה,1.00,יחידה,false,0,31.90,31.90,true,1,
5208049002473,false,קנט ארוך חפיסה,BAT,TR,קנט ארוך,יחידה,1.00,יחידה,false,1,36.50,36.50,false,1,
5391523058070,false,סימילאק אדבנס+ שלב3 700ג,ABBOT,IE,סימילאק אדבנס,גרמים,700.00,100 גרם,false,1,65.90,9.41,true,1,
5391523058087,false,סימילאק אדבנס+ שלב2 700ג,ABBOT,IE,סימילאק אדבנס,גרמים,700.00,100 גרם,false,1,65.90,9.41,true,1,
5410076933129,false,אריאל שושן צחור 3קג,P&G,CZ,אריאל שושן צחור,קילוגרמים,3.00,"ק""ג",false,0,32.90,10.97,true,1,
5410126116953,false,ממרח ביסקוויט לוטוס 400ג,לוטוס ביקרי,BE,ממרח ביסקוויט,גרמים,400.00,100 גרם,false,0,25.20,6.30,true,1,
5410126666038,false,ביסקוויט לוטוס קרמל279ג,לוטוס ביקרי,BE,ביסקוויט לוטוס,גרמים,279.00,100 גרם,false,1,13.90,4.98,true,1,
5410126726947,false,ממרח עוג.לוטוס קראנץ380ג,לוטוס ביקרי,BE,ממרח עוגיות,גרמים,380.00,100 גרם,false,0,25.30,6.66,true,1,
5411188081852,false,משקה סויה בטעם וניל 1 ל,אלפרו C.V.A,BE,משקה סויה וניל,ליטרים,1.00,ליטר,false,0,17.50,17.50,true,1,
5411188115472,false,משקה סויה אלפרו 1 ליטר,אלפרו C.V.A,BE,משקה סויה אלפרו,ליטרים,1.00,ליטר,false,1,14.90,14.90,true,1,
5411188118732,false,משקה קוקוס שקדים אלפרו1ל,אלפרו C.V.A,BE,משקה קוקוס שקדים,ליטרים,1.00,ליטר,false,1,16.80,16.80,true,1,
5411188122586,false,"משקה שקדים אלפרו 250 מ""ל",אלפרו C.V.A,BE,משקה שקדים,מיליליטרים,250.00,"100 מ""ל",false,1,6.90,2.76,true,1,
5600395030689,false,סרדין בשמן סויה חריף115ג,קופיסה אס.איי,PT,סרדין בשמן,גרמים,115.00,100 גרם,false,0,8.90,7.74,true,1,
5601008200444,false,עוג.גודיס שוקולד חלב150ג,"ש. שסטוביץ בע""\מ",PT,עוגיות גודיס,גרמים,150.00,100 גרם,false,0,7.90,5.27,true,1,
5601008200468,false,עוגי.גודיס שוקולד לבן150,מרבה,PT,עוגיות גודיס,גרמים,150.00,100 גרם,false,0,7.90,5.27,true,1,
5601045300022,false,גאורנה אנטארטיקה פח330מל,סומול וקומפל אס איי,PT,גאורנה אנטארטיקה,מיליליטרים,330.00,"100 מ""ל",false,0,6.20,1.88,true,1,
5701932026964,false,הוטפופ טעם טבעי100*6ג,פופז,US,פופקורן הוטפופ,גרמים,600.00,100 גרם,false,0,16.90,2.82,true,1,
5701932026971,false,הוטפופ טעם חמאה100*6גר,פופז,US,הוטפופ טעם חמאה,גרמים,600.00,100 גרם,false,0,16.90,2.82,true,1,
5701932026995,false,הוטפופ ט.טבעי מופחת שומן,פופז,US,הוטפופ טעם טבעי,גרמים,510.00,100 גרם,false,0,16.90,3.31,true,1,
5740900403215,false,ממרח לורפק עם מלח 250 גר,ארלה פודס אמבה,DK,ממרח לורפק,גרמים,250.00,100 גרם,false,1,17.90,7.16,true,1,
5740900403239,false,ממרח לורפק ללא מלח 250 ג,ארלה פודס אמבה,DK,ממרח לורפק,גרמים,250.00,100 גרם,false,1,17.90,7.16,true,1,
5740900403864,false,לורפק חמאה עם מלח 200 גר,ארלה פודס אמבה,DK,חמאת לורפק,גרמים,200.00,100 גרם,false,1,12.90,6.45,true,1,
5900020012814,false,נסקוויק דגני בוקר 500גרם,סי. פי. פולין,PL,דגני נסקוויק,גרמים,500.00,100 גרם,false,0,28.70,5.74,true,1,
5900020015174,false,פיטנס חטיף דגנים שוק6.יח,סי. פי. פולין,PL,חטיפי פיטנס 6 יח,גרמים,141.00,100 גרם,false,0,17.90,12.70,true,1,
5900020026552,false,האני נאט צ'יריוס 625גרם,סי. פי. צרפת,FR,האני נאט צ'יריוס,גרמים,625.00,100 גרם,false,1,27.90,4.46,true,1,
5900020039620,false,חטיף פיטנס שקדים ודבש6יח,סי. פי. פולין,PL,חטיפי פיטנס 6 יח,גרמים,138.00,100 גרם,false,1,17.90,12.97,true,1,
5900627063233,false,פיניש AIO הכל ב1 50 טב',רקיט בנקיזר,PL,פיניש AIO,יחידה,1.00,יחידה,false,1,41.90,41.90,true,1,
5901414200411,false,היט מיניס שוקו 130 גרם,בלזן,PL,היט מיניס שוקו,גרמים,130.00,100 גרם,false,0,6.90,5.31,true,1,
5902198160403,false,משקה אנרגיה TEN XL,"טמפו משקאות בע""\מ",IL,משקה אנרגיה,מיליליטרים,250.00,"100 מ""ל",false,1,4.90,1.96,true,1,
5904941751302,false,"משקה אנרגיה בלו 250 מ""ל",אקו - ביט,PL,משקה אנרגיה,מיליליטרים,250.00,"100 מ""ל",false,0,4.20,1.68,true,1,
5906485301012,false,משקה אנרגיה XL,,IL,משקה אנרגיה XL,מיליליטרים,250.00,"100 מ""ל",false,0,4.90,1.96,true,1,
6008165003984,false,פאלמאל כחול טיוב חפיסה,bat,TR,פאלמאל כחול טיוב,יחידה,1.00,יחידה,false,0,29.50,29.50,false,1,
6008165271192,false,פאלמאל אדום ארוך חפיסה,bat,TR,פאלמאל אדום ארוך,יחידה,1.00,יחידה,false,0,29.50,29.50,false,1,
6008165274629,false,פאלמאל כחול ארוך טיוב חפ,bat,TR,פאלמאל ארוך טיוב,יחידה,1.00,יחידה,false,1,29.50,29.50,false,1,
6009188004828,false,קיט קט צ'אנקי לבן 40 גרם,נסטלה בולגריה,BG,קיט קט צ'אנקי,גרמים,40.00,100 גרם,false,1,4.50,11.25,true,1,
6935325410118,false,שום יבוא,קטיף.,XX,שום יבוא,גרמים,190.00,100 גרם,false,0,6.90,3.63,true,1,
7271730901261,false,ארוחת אטריות,,US,ארוחת אטריות,גרמים,156.00,100 גרם,false,0,11.80,7.56,true,1,
7290000000022,true,עגבניה,קטיף.,IL,עגבניה,קילוגרמים,0.00,"ק""ג",true,0,7.90,7.90,true,1,
7290000000046,true,מלפפון,קטיף.,IL,מלפפונים,קילוגרמים,0.00,"ק""ג",true,0,7.90,7.90,true,1,
7290000000053,true,קישואים,קטיף.,IL,קישואים,קילוגרמים,0.00,"ק""ג",true,0,9.90,9.90,true,1,
7290000000084,true,פלפל ירוק בהיר,שותפות מזרחי,IL,פלפל ירוק בהיר,קילוגרמים,0.00,"ק""ג",true,0,10.90,10.90,true,1,
7290000000091,true,פלפל אדום,קטיף.,IL,פלפל אדום,קילוגרמים,0.00,"ק""ג",true,0,10.90,10.90,true,1,
7290000000107,true,פלפל ירוק כהה,קטיף.,IL,פלפל ירוק כהה,קילוגרמים,0.00,"ק""ג",true,0,9.90,9.90,true,1,
7290000000114,true,חציל,קטיף.,IL,חצילים,קילוגרמים,0.00,"ק""ג",true,0,8.90,8.90,true,1,
7290000000138,true,כרוב לבן,קטיף.,IL,כרוב לבן,קילוגרמים,0.00,"ק""ג",true,0,5.90,5.90,true,1,
7290000000145,true,כרוב אדום,קטיף.,IL,כרוב אדום,קילוגרמים,0.00,"ק""ג",true,0,5.90,5.90,true,1,
7290000000176,true,כרובית,קטיף.,IL,כרובית,קילוגרמים,0.00,"ק""ג",true,0,11.90,11.90,true,1,
7290000000183,true,סלק,קטיף.,IL,סלק,קילוגרמים,0.00,"ק""ג",true,0,5.90,5.90,true,1,
7290000000220,true,קולורבי,קטיף.,IL,קולורבי,קילוגרמים,0.00,"ק""ג",true,0,9.90,9.90,true,1,
7290000000282,true,חסה ערבית,,IL,חסה ערבית,יחידה,1.00,יחידה,false,0,5.90,5.90,true,1,
7290000000428,true,בטטה מובחר,קטיף.,IL,בטטה,קילוגרמים,0.00,"ק""ג",true,0,10.90,10.90,true,1,
7290000000435,true,סלרי עלים יחידה,,IL,סלרי עלים,יחידה,1.00,יחידה,false,0,6.90,6.90,true,1,
7290000000466,true,בצל ירוק יחידה,,IL,בצל ירוק,יחידה,1.00,יחידה,false,0,6.90,6.90,true,1,
7290000000480,true,בצל יבש,קטיף.,IL,בצל יבש,קילוגרמים,0.00,"ק""ג",true,0,4.90,4.90,true,1,
7290000000503,true,תפוח אדמה קטן ארוז,קטיף.,IL,"תפו""א קטן ארוז",קילוגרמים,0.00,"ק""ג",true,0,7.90,7.90,true,1,
7290000000510,true,פטרוזיליה,,IL,פטרוזיליה,יחידה,1.00,יחידה,false,0,4.90,4.90,true,1,
7290000000558,true,כוסברה יחידה,,IL,כוסברה,יחידה,1.00,יחידה,false,0,4.90,4.90,true,1,
7290000000565,true,נענע יחידה,,IL,נענע,יחידה,1.00,יחידה,false,0,4.90,4.90,true,1,
7290000000572,true,שומר,קטיף.,IL,שומר,קילוגרמים,0.00,"ק""ג",true,0,9.90,9.90,true,1,
7290000000589,true,"ארטישוק/תפו""א ירושלמי",קטיף.,IL,"ארטישוק/תפו""א",קילוגרמים,0.00,"ק""ג",true,0,15.90,15.90,true,1,
7290000000596,true,תפוח אדמה לבן תפזורת,קטיף.,IL,תפוח אדמה תפזורת,קילוגרמים,0.00,"ק""ג",true,0,5.90,5.90,true,1,
7290000000619,true,פלפל חריף,שותפות מזרחי,IL,פלפל חריף,קילוגרמים,0.00,"ק""ג",true,0,10.90,10.90,true,1,
7290000000732,true,דלורית,קטיף.,IL,דלורית,קילוגרמים,0.00,"ק""ג",true,0,7.90,7.90,true,1,
7290000000855,true,פלפל צהוב,קטיף.,IL,פלפל צהוב,קילוגרמים,0.00,"ק""ג",true,0,10.90,10.90,true,1,
7290000001036,true,בצל יבש אדום,קטיף.,XX,בצל יבש אדום,קילוגרמים,0.00,"ק""ג",true,0,7.90,7.90,true,1,
7290000001050,true,בזיליקום יחידה,,IL,בזיליקום  יחידה,יחידה,1.00,יחידה,false,0,6.50,6.50,true,1,
7290000001661,true,גזר תפזורת,קטיף.,IL,גזר תפזורת,קילוגרמים,0.00,"ק""ג",true,0,5.90,5.90,true,1,
7290000001722,true,תפוח אדמה אדום תפזורת,קטיף.,IL,"תפו""א אדום תפז'",קילוגרמים,0.00,"ק""ג",true,0,6.90,6.90,true,1,
7290000002040,true,חלה רגילה 500 גרם,מאפית ברמן,IL,חלה רגילה,גרמים,500.00,100 גרם,false,0,5.10,1.02,true,1,
7290000002071,true,חלה קלועה רגילה 500 גרם,מאפית ברמן,IL,חלה קלועה רגילה,גרמים,500.00,100 גרם,false,0,5.10,1.02,true,1,
7290000023083,false,"ערק אשקלון 700 מ""ל","יקבי ברקן בע""\מ",IL,ערק אשקלון,מיליליטרים,700.00,"100 מ""ל",false,0,54.90,7.84,true,1,
7290000023809,false,"ברקן קלאסיק קברנה 750מ""ל",יקבי ברקן שיווק והפצה בע,IL,קברנה קלאסיק,מיליליטרים,750.00,"100 מ""ל",false,0,33.90,4.52,true,1,
7290000023977,false,"ברקן קלאסיק מרלו 750 מ""ל",יקבי ברקן שיווק והפצה בע,IL,מרלו קלאסיק,מיליליטרים,750.00,"100 מ""ל",false,0,33.90,4.52,true,1,
7290000024202,false,"ברקן רזרב קברנה 750 מ""ל",ברקן שיווק והפצה בעמ,IL,ברקן רזרב,מיליליטרים,750.00,"100 מ""ל",false,0,49.90,6.65,true,1,
7290000024523,false,תירוש ענבים אדום סגל 1 ל,יינות סגל,IL,תירוש ענבים,ליטרים,1.00,ליטר,false,0,16.90,16.90,true,1,
7290000024530,false,יין מתוק לקידוש סגל750מל,"כרמי צבי - אחים סגל בע""\",IL,יין מתוק לקידוש,מיליליטרים,750.00,"100 מ""ל",false,0,18.90,2.52,true,1,
7290000034256,false,ביסקוויט תירוש 175 גרם,מגדנית הדר,IL,ביסקוויט תירוש,גרמים,175.00,100 גרם,false,0,6.90,3.94,true,1,
7290000040042,false,יוגורט יופלה תות3% 150גר,תנובה בעמ,IL,יופלה תות 3%,גרמים,150.00,100 גרם,false,0,5.20,3.47,true,1,
7290000040080,false,יוגורט יופלה אפרסק3% 150,תנובה בעמ,IL,יופלה אפרסק3%,גרמים,150.00,100 גרם,false,0,5.20,3.47,true,1,
7290000040301,false,עין גדי קממבר24% 125 גר,תנובה,IL,עין גדי קממבר,גרמים,125.00,100 גרם,false,0,20.60,16.48,true,1,
7290000040318,false,גבי. עדי ברי רכה24% 125ג,תנובה,IL,גבינת עדי ברי24%,גרמים,125.00,100 גרם,false,0,21.60,17.28,true,1,
7290000040974,false,חלב טרי 2% דל לקטוז 1 ל,תנובה,IL,חלב טרי דל לקטוז,ליטרים,1.00,ליטר,false,0,7.20,7.20,true,1,
7290000041445,false,גבינת קוטג5'%מהדרין250גר,מחלבת אלון תבור,IL,קוטג' תנובה 5%,גרמים,250.00,100 גרם,false,0,5.70,2.28,true,1,
7290000041858,false,שמנת חמוצה15% מועשרת200,מחלבת יטבתה,IL,שמנת חמוצה יטבתה,מיליליטרים,200.00,"100 מ""ל",false,0,2.40,1.20,true,1,
7290000042015,false,חלב 3% מהדרין שקית 1 ל',,IL,חלב 3% שקית,ליטרים,1.00,ליטר,false,0,5.43,5.43,true,1,
7290000042435,false,חלב מפוסטר 1% בקרטון 1ל',תנובה,IL,חלב 1% בקרטון,ליטרים,1.00,ליטר,false,0,5.86,5.86,true,1,
7290000042640,false,"חלב עמיד 3% שומן 250 מ""ל",תנובה,IL,חלב עמיד 3% שומן,מיליליטרים,250.00,"100 מ""ל",false,0,2.70,1.08,true,1,
7290000042855,false,"שוקו בשקית יטבתה 225מ""ל",יטבתה,IL,שוקו בשקית,מיליליטרים,225.00,"100 מ""ל",false,0,2.60,1.16,true,1,
7290000043814,false,שמנת עמידה לקצפת38% 250מ,תנובה,IL,שמנת עמידה לקצפת,מיליליטרים,250.00,"100 מ""ל",false,0,6.47,2.59,true,1,
7290000043890,false,רויון 1.5% בקרטון 1ל,תנובה,IL,רויון בקרטון1.5%,ליטרים,1.00,ליטר,false,0,11.30,11.30,true,1,
7290000045580,false,גב.נעמה חורש מותכת 240ג,תנובה,IL,גבינת נעמה מותכת,גרמים,240.00,100 גרם,false,0,18.70,7.79,true,1,
7290000045917,false,גבינת פרומעז 23% 200ג,תנובה,IL,גבינת פרומעז,גרמים,200.00,100 גרם,false,0,27.60,13.80,true,1,
7290000046327,false,גב.גלבוע פרוסות22% 200גר,תנובה,IL,גבינת גלבוע פרוס,גרמים,200.00,100 גרם,false,0,13.20,6.60,true,1,
7290000047546,false,גב.כנען 5% 500 גרם,תנובה,IL,גבינת כנען 5%,גרמים,500.00,100 גרם,false,0,25.50,5.10,true,1,
7290000047621,false,גב5%.שומן כשר מהדרין250ג,מחלבת אלון תבור,IL,גבינה %5 מהדרי,גרמים,250.00,100 גרם,false,0,4.98,1.99,true,1,
7290000048185,false,גב.לבנה רכה 5% שומן 250ג,מחלבת אלון תבור,IL,גבינה לבנה 5%,גרמים,250.00,100 גרם,false,0,4.98,1.99,true,1,
7290000048192,false,גב.לבנה רכה 9% 250 גרם,מחלבת אלון תבור,IL,גבינה לבנה 9%,גרמים,250.00,100 גרם,false,0,4.80,1.92,true,1,
7290000048437,false,גבי. צפתית פיראוס5% 200ג,תנובה,IL,גבינה צפתית 5%,גרמים,200.00,100 גרם,false,0,15.90,7.95,true,1,
7290000051352,false,חלב של פעם מלא3.6%-4% 1ל,תנובה,IL,חלב של פעם מלא,ליטרים,1.00,ליטר,false,0,7.40,7.40,true,1,
7290000051376,false,יופלה דיאט אננס 0% 150גר,תנובה בעמ,IL,יופלה דיאט אננס,גרמים,150.00,100 גרם,false,0,5.20,3.47,true,1,
7290000052311,false,עמק 15% פרוס בקופסא 200ג,תנובה,IL,עמק 15% פרוס,גרמים,200.00,100 גרם,false,0,16.60,8.30,true,1,
7290000055329,false,משקה יוגורט תות-מלון250ג,תנובה בעמ,IL,משקה יוגורט,גרמים,250.00,100 גרם,false,0,6.00,2.40,true,1,
7290000055343,false,משקה יוגורט טרופי 250גרם,תנובה בעמ,IL,משקה יוגורט,גרמים,250.00,100 גרם,false,0,6.00,2.40,true,1,
7290000055893,false,חמאה מהדרין 200 גרם,,IL,חמאה מהדרין,גרמים,200.00,100 גרם,false,0,7.80,3.90,true,1,
7290000056951,false,שמנת לבישול 15%,,IL,שמנת לבישול 15%,מיליליטרים,500.00,"100 מ""ל",false,0,16.50,3.30,true,1,
7290000057088,false,גבינת עמק דק דק 28% 200ג,תנובה,IL,עמק דק28% 200גרם,גרמים,200.00,100 גרם,false,0,16.60,8.30,true,1,
7290000057118,false,גבינת עמק פרוסה,,IL,גבינת עמק פרוסה,גרמים,400.00,100 גרם,false,0,23.10,5.78,true,1,
7290000057132,false,יוגורט תנובה1.5%,,IL,יוגורט תנובה1.5%,גרמים,200.00,100 גרם,false,0,3.20,1.60,true,1,
7290000057552,false,יופלה עוגת גבינה,,IL,יופלה עוגת גבינה,גרמים,150.00,100 גרם,false,0,5.20,3.47,true,1,
7290000058030,false,8שטוזים משקה תות,,IL,8שטוזים משקה תות,מיליליטרים,800.00,"100 מ""ל",false,0,21.20,2.65,true,1,
7290000058047,false,"שמנת להקצפה 38% 500 מ""ל",תנובה,IL,משמנת להקצפה 38%,מיליליטרים,500.00,"100 מ""ל",false,0,12.94,2.59,true,1,
7290000058580,false,קוקילידה 1 יח',נסטלה,IL,קוקילידה,יחידה,1.00,יחידה,false,0,11.00,11.00,true,1,
7290000060163,false,אטריות דקות 400 גרם,"אסם השקעות בע""מ",IL,אטריות דקות,גרמים,400.00,100 גרם,false,0,7.50,1.88,true,1,
7290000060200,false,פתיתים אפויים קוסקוס500ג,"אסם השקעות בע""מ",IL,פתיתים אפויים,גרמים,500.00,100 גרם,false,0,7.80,1.56,true,1,
7290000060217,false,פסטה מקרוני 7 500 גרם,פסטה זארה,IT,פסטה מקרוני 7,גרמים,500.00,100 גרם,false,0,6.50,1.30,true,1,
7290000060248,false,פסטה אסם תלתלים 500 גרם,פסטה זארה,IT,פסטה תלתלים,גרמים,500.00,100 גרם,false,0,6.50,1.30,true,1,
7290000060408,false,פתיתים טבעות 500 גרם,"אסם השקעות בע""\מ",IL,פתיתים טבעות,גרמים,500.00,100 גרם,false,0,7.80,1.56,true,1,
7290000060576,false,פתיתים אפויים כוכבים500ג,"אסם השקעות בע""\מ",IL,פתיתים אפויים,גרמים,500.00,100 גרם,false,0,7.80,1.56,true,1,
7290000060781,false,פסטה מסולסלת אסם 500 גרם,פסטה זארה,IT,פסטה מסולסלת,גרמים,500.00,100 גרם,false,0,6.50,1.30,true,1,
7290000060811,false,אקסטרים מטבע ענק 120ג,גלידות נסטלה,IL,אקסטרים מטבע ענק,גרמים,120.00,100 גרם,false,0,11.00,9.17,true,1,
7290000060828,false,פסטה קרניים בינוניות500ג,פסטה זארה,IT,פסטה קרניים,גרמים,500.00,100 גרם,false,0,6.50,1.30,true,1,
7290000060842,false,פסטה צדפים גדולים 500 גר,פסטה זארה,IT,פסטה צדפים אסם,גרמים,500.00,100 גרם,false,0,6.50,1.30,true,1,
7290000060880,false,פסטה ספגטי מס 8 אסם 500ג,פסטה זארה,IT,ספגטי מס' 8,גרמים,500.00,100 גרם,false,0,6.50,1.30,true,1,
7290000060903,false,פתיתים אפויים אורז 500 ג,"אסם השקעות בע""\מ",IL,פתיתים אפויים,גרמים,500.00,100 גרם,false,0,7.80,1.56,true,1,
7290000060958,false,אטריות בינוניות 400 גרם,"אסם השקעות בע""\מ",IL,אטריות בינוניות,גרמים,400.00,100 גרם,false,0,7.50,1.88,true,1,
7290000060965,false,אטריות רחבות 400 גרם,"אסם השקעות בע""\מ",IL,אטריות רחבות,גרמים,400.00,100 גרם,false,0,7.50,1.88,true,1,
7290000062952,false,מיני קרוטונים מתובל 250ג,עינת תעשיות,IL,מיני קרוטונים,גרמים,250.00,100 גרם,false,0,16.20,6.48,true,1,
7290000063140,false,שקדי מרק רכיבים טבעי400ג,"אסם השקעות בע""מ",IL,שקדי מרק אסם,גרמים,400.00,100 גרם,false,0,10.00,2.50,true,1,
7290000064758,false,קוסקוס בינוני 350 גרם,קוסקוס מזון,IL,קוסקוס בינוני,גרמים,350.00,100 גרם,false,0,8.80,2.51,true,1,
7290000064871,false,מנה חמה פירה בצל 56 גרם,"אסם השקעות בע""מ",IL,מנה חמה פירה,גרמים,56.00,100 גרם,false,0,6.90,12.32,true,1,
7290000065090,false,מיני קרוטונים מתובל400 ג,עינת תעשיות,IL,מיני קרוטונים,גרמים,400.00,100 גרם,false,0,26.50,6.63,true,1,
7290000065335,false,מנה חמה פירה עם ירקות55ג,"אסם השקעות בע""מ",IL,מנה חמה פירה,גרמים,55.00,100 גרם,false,0,6.90,12.55,true,1,
7290000065557,false,מ.חמה קוסקוס עם ירקות 84,"אסם השקעות בע""מ",IL,מנה חמה קוסקוס,גרמים,84.00,100 גרם,false,0,6.90,8.21,true,1,
7290000066141,false,ביסלי גריל 70 גרם,"אסם השקעות בע""\מ",IL,ביסלי גריל,גרמים,70.00,100 גרם,false,0,4.50,6.43,true,1,
7290000066172,false,ביסלי פיצה 70 גרם,"אסם השקעות בע""\מ",IL,ביסלי פיצה,גרמים,70.00,100 גרם,false,0,4.50,6.43,true,1,
7290000066196,false,ביסלי גריל 200 גרם,"אסם השקעות בע""\מ",IL,ביסלי גריל,גרמים,200.00,100 גרם,false,0,7.90,3.95,true,1,
7290000066295,false,במבה מתוקה 30 גרם,"אסם השקעות בע""\מ",IL,במבה מתוקה,גרמים,30.00,100 גרם,false,0,2.90,9.67,true,1,
7290000066318,false,במבה 80 גרם,"אסם השקעות בע""\מ",IL,במבה,גרמים,80.00,100 גרם,false,0,4.90,6.13,true,1,
7290000066332,false,אפרופו 50 גרם,"אסם השקעות בע""\מ",IL,חטיף אפרופו,גרמים,50.00,100 גרם,false,0,5.80,11.60,true,1,
7290000066349,false,אפרופו 100 גרם,"אסם השקעות בע""\מ",IL,אפרופו חטיף תירס,גרמים,100.00,100 גרם,false,0,9.30,9.30,true,1,
7290000066431,false,פופקו בטעם חמאה ודבש80גר,"אסם השקעות בע""\מ",IL,חטיף פופקו,גרמים,80.00,100 גרם,false,0,5.50,6.88,true,1,
7290000067544,false,פירורית זהב 200 גרם,עינת תעשיות,IL,פירורית זהב,גרמים,200.00,100 גרם,false,0,7.50,3.75,true,1,
7290000068138,false,אינסטנט פודינג וניל 80גר,"אסם השקעות בע""מ",IL,אינסטנט פודינג,גרמים,80.00,100 גרם,false,0,5.70,7.13,true,1,
7290000068190,false,ג'לי בטעם תות 90 גרם,"אסם השקעות בע""\מ",IL,ג'לי בטעם תות,גרמים,90.00,100 גרם,false,0,7.50,8.33,true,1,
7290000068343,false,פריכונים מאורז מלא 140גר,"פרח תעשיות מזון בע""מ.",IL,פריכונים מאורז,גרמים,140.00,100 גרם,false,0,9.00,6.43,true,1,
7290000068787,false,"במבה יום הולדת 25ג בד""צ","אסם השקעות בע""\מ",IL,במבה יום הולדת,גרמים,25.00,100 גרם,false,0,2.50,10.00,true,1,
7290000070308,false,מרק עוף אמיתי 400 גרם,"אסם השקעות בע""\מ",IL,מרק עוף אמיתי,גרמים,400.00,100 גרם,false,0,17.90,4.48,true,1,
7290000070322,false,מרק פטריות ר.טבעיים400גר,"אסם השקעות בע""\מ",IL,מרק פטריות אסם,גרמים,400.00,100 גרם,false,0,28.90,7.23,true,1,
7290000072241,false,"רוטב פיצה 290 מ""ל","אסם השקעות בע""\מ",IL,רוטב לפיצה אסם,מיליליטרים,290.00,"100 מ""ל",false,0,11.90,4.10,true,1,
7290000072623,false,קטשופ בקבוק לחיץ 750 גרם,"אסם השקעות בע""מ",IL,קטשופ בקבוק לחיץ,גרמים,750.00,100 גרם,false,0,12.50,1.67,true,1,
7290000072753,false,קפה נמס טסטרס צ'ויס200ג,לוטה נסטלה קוריאה,KR,קפה טסטרס צ'ויס,גרמים,200.00,100 גרם,false,0,32.90,16.45,true,1,
7290000072784,false,טסטרס צ'ויס נט.קפאין100ג,לוטה נסטלה קוריאה,KR,קפה טסטרס צויס,גרמים,100.00,100 גרם,false,0,29.60,29.60,true,1,
7290000072968,false,סיני מיניס 500 גרם,סי. פי. פולין,PL,דגני נסטלה,גרמים,500.00,100 גרם,false,0,27.70,5.54,true,1,
7290000073415,false,מ.חמה פסטה ברוטב פיצה,"אסם השקעות בע""\מ",IL,מנה חמה פסטה,גרמים,61.00,100 גרם,false,0,6.90,11.31,true,1,
7290000073750,false,מ.חמה נודלס טעם עוף70גרם,PUB FOODS PRESIDENT THAI,TH,מנה חמה נודלס,גרמים,70.00,100 גרם,false,0,6.90,9.86,true,1,
7290000073767,false,מ.חמה נודלס טעם בקר70ג,PUB FOODS PRESIDENT THAI,TH,מנה חמה נודלס,גרמים,70.00,100 גרם,false,0,6.90,9.86,true,1,
7290000074184,false,ביסקוויט פתי בר 500 גרם,"אסם השקעות בע""\מ",IL,ביסקוויט פתי בר,גרמים,500.00,100 גרם,false,0,12.00,2.40,true,1,
7290000074245,false,קרם קרקר 250 גרם,"אסם השקעות בע""\מ",IL,קרם קרקר אסם,גרמים,250.00,100 גרם,false,0,11.60,4.64,true,1,
7290000074375,false,קרקר זהב 150 גרם,"אסם השקעות בע""\מ",IL,קרקר זהב אסם,גרמים,150.00,100 גרם,false,0,8.10,5.40,true,1,
7290000074481,false,לחמית אגוזים 160 גרם,"אסם השקעות בע""\מ",IL,לחמית אגוזים,גרמים,160.00,100 גרם,false,0,11.60,7.25,true,1,
7290000076126,false,בייגלה שמיניות קטנות80גר,"אסם השקעות בע""\מ",IL,בייגלה שמיניות,גרמים,80.00,100 גרם,false,0,3.70,4.63,true,1,
7290000077017,false,קרמוגית ממולא שוקו200.גר,"אסם השקעות בע""\מ",IL,קרמוגית שוקולד,גרמים,200.00,100 גרם,false,0,12.70,6.35,true,1,
7290000077253,false,לחמית כפרית 190 גרם,"אסם השקעות בע""\מ",IL,לחמית כפרית,גרמים,190.00,100 גרם,false,0,11.60,6.11,true,1,
7290000078212,false,קרוטונים מתובלים 250גרם,עינת תעשיות,IL,קרוטונים מתובל,גרמים,250.00,100 גרם,false,0,15.80,6.32,true,1,
7290000080758,false,טוסטעים פת קלויה 100 גרם,ון דר מולן,NL,טוסטעים פת קלוי,גרמים,100.00,100 גרם,false,0,11.40,11.40,true,1,
7290000080765,false,טוסטעים פת קלוי+שומשו100,ון דר מולן,NL,טוסטעים +שומשו,גרמים,100.00,100 גרם,false,0,11.40,11.40,true,1,
7290000081663,false,בייגלה טבעות שומשום300גר,"אסם השקעות בע""\מ",IL,בייגלה טבעות,גרמים,300.00,100 גרם,false,0,11.90,3.97,true,1,
7290000096414,true,מארז 6 סופגניות גדולות .,גידרון,IL,סופגניה גדולה6יח,יחידה,1.00,יחידה,false,6,19.90,19.90,true,1,
7290000097282,true,קרואסון שוקולד 1 יח,גידרון,IL,קרואסון שוקולד,יחידה,1.00,יחידה,false,0,7.50,7.50,true,1,
7290000097633,true,לחמניית קשר,גידרון,IL,לחמניית קשר,יחידה,1.00,יחידה,false,0,3.90,3.90,true,1,
7290000098296,true,לחמניית אצבע,גידרון,IL,לחמניית אצבע,יחידה,1.00,יחידה,false,0,2.60,2.60,true,1,
7290000101927,false,אוכמניות כחולות קפוא300ג,"סנפרוסט בע""\מ",IL,אוכמניות קפואות,גרמים,300.00,100 גרם,false,1,19.90,6.63,true,1,
7290000101958,false,מנגו קפוא 300גרם,"סנפרוסט בע""\מ",IL,מנגו קפוא,גרמים,300.00,100 גרם,false,1,19.90,6.63,true,1,
7290000104201,false,אפונה עדינה 600 גרם,"סנפרוסט בע""\מ",IL,אפונה עדינה קפוא,גרמים,600.00,100 גרם,false,0,19.90,3.32,true,1,
7290000104676,false,אפונה ירוקה מוקפאת 800גר,"סנפרוסט בע""\מ",IL,אפונה ירוקה קפוא,גרמים,800.00,100 גרם,false,0,19.90,2.49,true,1,
7290000104744,false,כרובית מוקפאת 800 גרם,"סנפרוסט בע""\מ",IL,כרובית מוקפאת,גרמים,800.00,100 גרם,false,0,28.00,3.50,true,1,
7290000104805,false,גרגרי חומוס מבושל 800גרם,"סנפרוסט בע""\מ",IL,גרגרי חומוס קפוא,גרמים,800.00,100 גרם,false,0,21.70,2.71,true,1,
7290000104904,false,לקט ירקות מעורבים 800גרם,"סנפרוסט בע""\מ",IL,לקט ירקות מעור,גרמים,800.00,100 גרם,false,0,24.90,3.11,true,1,
7290000107295,false,תפרחות ברוקולי 800 גרם,"סנפרוסט בע""\מ",IL,ברוקולי מוקפא,גרמים,800.00,100 גרם,false,0,28.90,3.61,true,1,
7290000110844,false,חטיף כיפלי בטעם גריל70ג,יוניליוור,IL,כיפלי בטעם גריל,גרמים,70.00,100 גרם,false,0,6.50,9.29,true,1,
7290000111360,false,חרדל אמיתי תלמה 250 גרם,יוניליוור,IL,חרדל אמיתי תלמה,גרמים,250.00,100 גרם,false,0,6.90,2.76,true,1,
7290000112220,false,טחינה גולמית 100% 500 גר,"רושדי תעשיות מזון בע""\מ",IL,טחינה גולמית,גרמים,500.00,100 גרם,false,0,15.90,3.18,true,1,
7290000112503,false,מרק עשיר ירקות קנור 61גר,יוניליוור ישראל מזון בע\,IL,מרק ירקות קנור,גרמים,61.00,100 גרם,false,0,10.20,16.72,true,1,
7290000112619,false,מרק עוף קנור 400 גרם,יוניליוור ישראל מזון בע\,IL,מרק עוף אמיתי,גרמים,400.00,100 גרם,false,0,22.90,5.73,true,1,
7290000116945,false,"רוטב סויה קנור 300 מ""ל",יוניליוור ישראל מזון בע\,IL,רוטב סויה קלאסי,מיליליטרים,300.00,"100 מ""ל",false,0,11.30,3.77,true,1,
7290000117720,false,מרק נמס בכוס פטריות 43גר,יוניליוור ישראל מזון בע\,IL,מרק נמס בכוס,גרמים,43.00,100 גרם,false,0,7.80,18.14,true,1,
7290000118352,false,לטקס 85*2 גרם בקופסא,יוניליוור ישראל מזון בעמ,IL,אבקה ללטקס,גרמים,170.00,100 גרם,false,0,16.00,9.41,true,1,
7290000120836,false,מיונז אמיתי הלמנס 394 גר,יוניליוור,CA,מיונז אמיתי הלמנ,גרמים,394.00,100 גרם,false,0,12.80,3.25,true,1,
7290000120874,false,ממרח מופחת קלור.לייט424ג,יוניליוור,US,ממרח הלמנס,גרמים,424.00,100 גרם,false,0,12.80,3.02,true,1,
7290000121109,false,גבינה מון בלאן+זיתים120ג,נטו,IL,גבינת מון בלאן,גרמים,120.00,100 גרם,false,0,12.90,10.75,true,1,
7290000129457,false,רוטב פטריות 28 גרם,יוניליוור ישראל מזון בע\,IL,רוטב פטריות,גרמים,28.00,100 גרם,false,0,4.60,16.43,true,1,
7290000135045,false,"TEN XL בטעם תפוח 250 מ""ל","טמפו משקאות בע""מ",IL,TEN XL בטעם תפוח,מיליליטרים,250.00,"100 מ""ל",false,1,4.90,1.96,true,1,
7290000136240,false,מי סודה טמפו 1.5 ליטר,"טמפו משקאות בע""\מ",IL,מי סודה טמפו,ליטרים,1.50,ליטר,false,0,4.90,3.27,true,1,
7290000136646,false,בירה נשר מאלט 1.5 ליטר,"טמפו משקאות בע""\מ",IL,נשר מאלט,ליטרים,1.50,ליטר,false,0,10.00,6.67,true,1,
7290000137513,false,גלידונית וניל 60יח 630גר,"גלידת שטראוס בע""\מ, רחוב",IL,גלידונית,גרמים,630.00,100 גרם,false,0,49.90,7.92,true,1,
7290000137643,false,מאגדת טעמקור משפ8'יח 52,"גלידת שטראוס בע""\מ, רחוב",IL,מאגד טעמקור משפ',גרמים,400.00,100 גרם,false,0,44.50,11.13,true,1,
7290000143200,false,מרכך הוואי לשיער יבש700מ,טרופיקל דגיל,IL,מרכך שיער הוואי,מיליליטרים,700.00,"100 מ""ל",false,0,10.90,1.56,true,1,
7290000143217,false,שמפו הוואי שיער יבש 700מ,טרופיקל דגיל,IL,שמפו הוואי,מיליליטרים,700.00,"100 מ""ל",false,0,10.90,1.56,true,1,
7290000143279,false,"הוואי שמפו אדום 700 מ""ל",טרופיקל דגיל,IL,שמפו הוואי,מיליליטרים,700.00,"100 מ""ל",false,0,10.90,1.56,true,1,
7290000143286,false,"הוואי מרכך ירוק 700 מ""ל",טרופיקל דגיל,IL,מרכך הוואי,מיליליטרים,700.00,"100 מ""ל",false,0,10.90,1.56,true,1,
7290000144160,false,שמן זית כתית ארומתי750מל,שמן תעשיות בעמ,IT,שמן זית,מיליליטרים,750.00,"100 מ""ל",false,0,33.90,4.52,true,1,
7290000144474,false,שמן קנולה+נוגדי חימצון1ל,שמן תעשיות בעמ,EE,שמן קנולה,ליטרים,1.00,ליטר,false,0,16.90,16.90,true,1,
7290000168173,false,ברנפלקס קרנצ'ים 375 גרם,יוניליוור,IL,ברנפלקס קרנצ'ים,גרמים,375.00,100 גרם,false,0,24.90,6.64,true,1,
7290000169798,false,עוגי 20% פחות סוכר 500גר,"יוניליוור שפע ישראל בע""\",IL,עוגי מופחת סוכר,גרמים,500.00,100 גרם,false,0,24.10,4.82,true,1,
7290000174723,false,שוקולית בפחית עלית 500גר,שטראוס קפה בי.וי.,IL,שוקולית,גרמים,500.00,100 גרם,false,0,13.90,2.78,true,1,
7290000176062,false,קפה טורקי בצלופן 100 גרם,שטראוס קפה בי.ויn\.,IL,קפה טורקי בצלופן,גרמים,100.00,100 גרם,false,0,9.50,9.50,true,1,
7290000176079,false,קפה טורקי עם הל 100 גרם,שטראוס קפה בי.ויn\.,IL,קפה טורקי עם הל,גרמים,100.00,100 גרם,false,0,9.90,9.90,true,1,
7290000176413,false,קפה נמס 50 גרם,שטראוס קפה בי.וי,IL,קפה נמס,גרמים,50.00,100 גרם,false,0,10.90,21.80,true,1,
7290000176420,false,קפה נמס 200 גרם,שטראוס קפה בי.וי,IL,קפה נמס,גרמים,200.00,100 גרם,false,0,21.90,10.95,true,1,
7290000178707,false,תפוצ'יפס בטעם טבעי 50 גר,"שטראוס פריטו ליי בע""\מ )",IL,חטיף תפוצ'יפס,גרמים,50.00,100 גרם,false,0,4.30,8.60,true,1,
7290000178721,false,תפוצי'פס טבעי 200 גרם,"שטראוס פריטו ליי בע""\מ )",IL,תפוצי'פס טבעי,גרמים,200.00,100 גרם,false,0,10.90,5.45,true,1,
7290000187860,false,לילי נ.טואלט לח פיור56יח,חוגלה קימברלי,IL,נייר טואלט לח,יחידה,1.00,יחידה,false,0,8.90,8.90,true,1,
7290000187938,false,נייר טואלט לילי פסטל32גל,חוגלה קימברלי,IL,נייר טואלט פסטל,מטרים,588.00,100 מטר,false,0,41.90,7.13,true,1,
7290000188355,false,מגבות נייר ניקול 6גלילים,קימברלי-קלארק,IL,מגבות ניקול,מטרים,65.00,מטר,false,0,12.90,0.20,true,1,
7290000189192,false,ניקול מגבת רב שימושית,קימברלי קלארק,CO,מטליות נייר,מטרים,18.00,מטר,false,0,17.60,0.98,true,1,
7290000189598,false,מטליות לחות דוחה אבק,,IL,מטליות ניקול,יחידה,1.00,יחידה,false,0,12.90,12.90,true,1,
7290000190853,false,נייר טואלט לילי פיור30גל,חוגלה קימברלי,IL,נייר טואלט לילי,מטרים,537.00,100 מטר,false,0,41.90,7.80,true,1,
7290000191546,false,מגבוני לילי צבעוני 90*3י,חוגלה קימברלי,IL,לילי צבעוני90*3,יחידה,1.00,יחידה,false,0,10.90,10.90,true,1,
7290000191652,false,קלינקס מעוצב 90*3 יחידות,חוגלה קימברלי,IL,קלינקס מעוצב 3יח,יחידה,1.00,יחידה,false,0,12.90,12.90,true,1,
7290000195537,false,מגב.האגיס ללא בישום 64*4,חוגלה קימברלי,IL,מגבונים האגיס 4י,יחידה,1.00,יחידה,false,0,23.90,23.90,true,1,
7290000195773,false,מגבוני האגיס אלוורה 64*4,חוגלה קימברלי,IL,מגבונים האגיס 4י,יחידה,1.00,יחידה,false,0,23.90,23.90,true,1,
7290000197425,false,האגיס פרידום דריי מידה 3,חוגלה קימברלי,IL,חיתולי האגיס,יחידה,1.00,יחידה,false,0,45.90,45.90,true,1,
7290000197456,false,האגיס פרידום דריי מידה 4,חוגלה קימברלי,IL,חיתולי האגיס,יחידה,1.00,יחידה,false,0,45.90,45.90,true,1,
7290000197463,false,האגיס פרידום דריי +4,חוגלה קימברלי,IL,חיתולי האגיס,יחידה,1.00,יחידה,false,0,45.90,45.90,true,1,
7290000197548,false,האגיס פרידום דריי מידה 5,חוגלה קימברלי,IL,חיתולי האגיס,יחידה,1.00,יחידה,false,0,45.90,45.90,true,1,
7290000197678,false,האגיס פרידום דריי מידה 6,חוגלה קימברלי,IL,חיתולי האגיס,יחידה,1.00,יחידה,false,0,45.90,45.90,true,1,
7290000197753,false,ניילון נצמד ניקול 30*2מ,חוגלה קימברלי,CN,ניילון נצמד זוג,מטרים,60.00,מטר,false,0,13.10,0.22,true,1,
7290000204307,false,"40מטלית רב""ש ניקול בגליל",,IL,מטליות ניקול,יחידה,1.00,יחידה,false,0,22.90,22.90,true,1,
7290000207162,false,רוטב עגבניות 22% 100 גרם,"זנלכל בע""\מ",IL,רוטב עגבניות,גרמים,100.00,100 גרם,false,0,2.90,2.90,true,1,
7290000208329,false,גרעיני תירס מתוק 550 גרם,"זנלכל בע""\מ",IL,גרעיני תירס מתוק,גרמים,550.00,100 גרם,false,0,8.90,1.62,true,1,
7290000208336,false,רוטב עגבניות 22% 240 גרם,"זנלכל בע""\מ",IL,רוטב עגבניות,גרמים,240.00,100 גרם,false,0,4.90,2.04,true,1,
7290000208855,false,רוטב פסטה 240 גרם,"זנלכל בע""\מ",IL,רוטב פסטה,גרמים,240.00,100 גרם,false,0,6.90,2.88,true,1,
7290000209371,false,תירס גרעינים 165*3 גרם,"זנלכל בע""\מ",IL,תירס גרעינים 3יח,גרמים,495.00,100 גרם,false,1,14.90,3.01,true,1,
7290000209524,false,סירופ דיאט פטל 1 ל' יכין,"זנלכל בע""\מ",IL,סירופ פטל דיאט,ליטרים,1.00,ליטר,false,0,17.90,17.90,true,1,
7290000209579,false,סירופ דיאט אננס 1 ל'יכין,"זנלכל בע""\מ",IL,סירופ אננס דיאט,ליטרים,1.00,ליטר,false,0,17.90,17.90,true,1,
7290000209722,false,רוטב עגבניות פריכוז580ג,"זנלכל בע""\מ",IL,רוטב עגבניות,גרמים,580.00,100 גרם,false,0,11.90,2.05,true,1,
7290000209944,false,בסיס לשקשוקה 240גרם,"זנלכל בע""\מ",IL,בסיס לשקשוקה,גרמים,240.00,100 גרם,false,0,6.90,2.88,true,1,
7290000209951,false,רוטב עגבניות לפיצה240גרם,"זנלכל בע""\מ",IL,רוטב עגבניות,גרמים,240.00,100 גרם,false,0,6.90,2.88,true,1,
7290000211442,false,"אורז פרסי קלאסי 1ק""ג","סוגת תעשיות בע""\מ",IL,אורז פרסי קלאסי,קילוגרמים,1.00,"ק""ג",false,0,10.90,10.90,true,1,
7290000211985,false,"אורז עגול 1 ק""ג","סוגת תעשיות בע""\מ",IL,אורז עגול סוגת,קילוגרמים,1.00,"ק""ג",false,0,9.90,9.90,true,1,
7290000238029,false,"בצק עלים 1 ק""ג","מעדנות בע""\מ",IL,בצק עלים מרודד,קילוגרמים,1.00,"ק""ג",false,0,24.90,24.90,true,1,
7290000238036,false,מלווח מעדנות 700 גרם,"מעדנות בע""\מ",IL,מלווח מעדנית,גרמים,700.00,100 גרם,false,0,18.90,2.70,true,1,
7290000238180,false,"בורקס תפו""א 800 גרם","מעדנות בע""\מ",IL,"בורקס תפו""א קפוא",גרמים,800.00,100 גרם,false,0,21.70,2.71,true,1,
7290000243566,false,"שמן קנולה מועשר 750 מ""ל",סקנולה,EE,שמן קנולה מועשר,מיליליטרים,750.00,"100 מ""ל",false,0,12.90,1.72,true,1,
7290000245294,false,"אבקת כביסה פרסיל 2.5 ק""ג","הנקל סוד בע""\מ",IL,אבקת כביסה פרסיל,קילוגרמים,2.50,"ק""ג",false,0,27.90,11.16,true,1,
7290000253220,false,שוקולד צ'יפס חום 260 גרם,,IL,שוקולד צ'יפס,גרמים,260.00,100 גרם,false,0,12.90,4.96,true,1,
7290000253251,false,שוקולד צ'יפס לבן 250 גרם,,IL,שוקו צ'יפס לבן,גרמים,250.00,100 גרם,false,0,12.90,5.16,true,1,
7290000263359,false,האגיס אקסטרה קר שלב1,חוגלה קימברלי,IL,חיתולי האגיס,יחידה,1.00,יחידה,false,0,35.60,35.60,true,1,
7290000272726,false,חומץ 5% 1 ליטר,בית-השיטה עסיס תעשיות מז,IL,חומץ 5%,ליטרים,1.00,ליטר,false,0,7.30,7.30,true,1,
7290000287492,false,סנובון נוזלי לימון 750מל,"סנו מפעלי ברונוס בע""מ",IL,סנובון נוזלי,מיליליטרים,750.00,"100 מ""ל",false,0,9.90,1.32,true,1,
7290000288024,false,סנו ג'אוול לימון 4 ליטר,"סנו מפעלי ברונוס בע""מ",IL,סנו JAVEL אקונומ,ליטרים,4.00,ליטר,false,0,17.90,4.48,true,1,
7290000288048,false,סנו ג'אוול מרסס לבנדר 1ל,"סנו מפעלי ברונוס בע""מ",IL,סנו ג'אוול לבנדר,ליטרים,1.00,ליטר,false,0,19.90,19.90,true,1,
7290000289069,false,סנו ג'אוול מרסס לימון 1ל,"סנו מפעלי ברונוס בע""מ",IL,סנו ג'אוול מרסס,ליטרים,1.00,ליטר,false,0,19.90,19.90,true,1,
7290000292687,false,סנובון כחול שלישיה55*3גר,סנו מפעלי ברונו בעמ,IL,סנובון כחול 3 יח,גרמים,165.00,100 גרם,false,0,17.90,10.85,true,1,
7290000292915,false,"סנו רסס ונגב מרסס 750מ""ל","סנו מפעלי ברונוס בע""\מ",IL,סנו רסס נגב מרסס,מיליליטרים,750.00,"100 מ""ל",false,0,17.90,2.39,true,1,
7290000293561,false,"סנו מסיר עובש 750 מ""ל","סנו מפעלי ברונוס בע""\מ",IL,סנו מסיר עובש,מיליליטרים,750.00,"100 מ""ל",false,0,15.90,2.12,true,1,
7290000293943,false,סנו אנטי קאלק מרסס 1 ל',סנו מפעלי ברונוס בעמ,IL,סנו אנטי קאלק,ליטרים,1.00,ליטר,false,0,18.90,18.90,true,1,
7290000294780,false,סנו ג'אול אקונומ.סמיכה4ל,"סנו מפעלי ברונוס בע""מ",IL,סנו ג'אוול 4 ל,ליטרים,4.00,ליטר,false,0,17.90,4.48,true,1,
7290000295503,false,סושי זוג שקיות אוכל150*2,סנו,CN,שקיות אוכל צמד,יחידה,1.00,יחידה,false,0,14.50,14.50,true,1,
7290000295558,false,2רדידי אלומיניום0.3*7.5מ,סנו,TR,צמד רדידי אלומינ,מטרים,15.00,מטר,false,0,10.90,0.73,true,1,
7290000300900,false,שניצל תירס 750 גרם,טבעול,IL,שניצל תירס טבעול,גרמים,750.00,100 גרם,false,0,27.90,3.72,true,1,
7290000313160,false,עוגיות שוקולד זהבה 250גר,"הגביע מוצרי וופלים בע""\מ",IL,עוגיות זהבה,גרמים,250.00,100 גרם,false,0,8.90,3.56,true,1,
7290000334325,false,מארז ציפס למיקרו שלישיות,"תעשיות תפוגן בע""\מ",IL,ציפס למיקרו,גרמים,375.00,100 גרם,false,0,15.90,4.24,true,1,
7290000336053,false,סיידר תרכיז טבעי בק330.מ,"טמפו משקאות בע""מ",IL,סיידר תרכיז טב,מיליליטרים,330.00,"100 מ""ל",false,0,15.20,4.61,true,1,
7290000345277,false,תה ויסוצקי 50שק1.5* גרם,תה ויסוצקי,IL,תה ויסוצקי 50 שק,גרמים,75.00,100 גרם,false,0,13.80,18.40,true,1,
7290000345284,false,תה קלאסיק 100שק1.5*גרם,תה ויסוצקי,IL,תה ויסוצקי ירוק,גרמים,150.00,100 גרם,false,0,17.90,11.93,true,1,
7290000346168,false,חליטת שומר 25שק * 1.5גר,ויסוצקי,IL,חליטת שומר,גרמים,37.00,100 גרם,false,0,19.90,53.78,true,1,
7290000346205,false,חל.קמומיל-גן קסום25ש1.5*,ויסוצקי,IL,חליטת קמומיל,גרמים,37.00,100 גרם,false,0,19.90,53.78,true,1,
7290000347738,false,תה ירוק עם נענע 1.5*25גר,ויסוצקי,IL,תה ירוק נענע,גרמים,37.00,100 גרם,false,0,26.90,72.70,true,1,
7290000347752,false,תה ירוק+לימונ.ולואיזה25ש,ויסוצקי,IL,תה ירוק לימונית,גרמים,37.00,100 גרם,false,0,26.90,72.70,true,1,
7290000364261,false,סלסולי כתף בקר 120 גרם,טיב טירת צבי 2000,IL,דקניקים כתף בקר,גרמים,120.00,100 גרם,false,0,17.90,14.92,true,1,
7290000364278,false,סלסולי סלמי איטלקי 120גר,טיב טירת צבי 2000,IL,דקניקים סלמי דק,גרמים,120.00,100 גרם,false,0,17.90,14.92,true,1,
7290000364292,false,סלסולי פסטרמה גחלים 120ג,טיב טירת צבי 2000,IL,דקמיקים פסטרמה,גרמים,120.00,100 גרם,false,0,17.90,14.92,true,1,
7290000364872,false,נקניקיות עוף 400 גרם,טיב טירת צבי 2000,IL,נקניקיות עוף,גרמים,400.00,100 גרם,false,0,14.90,3.73,true,1,
7290000367590,false,פסטרמה כפרית+סלמי 400*2ג,טיב טירת צבי 2000,IL,צמד כפרי נקניקים,גרמים,800.00,100 גרם,false,0,29.90,3.74,true,1,
7290000377612,false,"מיץ תפוזים סחוט 400 מ""ל",גת גבעת חיים,IL,מיץ תפוזים,מיליליטרים,400.00,"100 מ""ל",false,0,10.60,2.65,true,1,
7290000408316,false,יוגורט ביו 3% דנונה 200ג,"שטראוס בריאות בע""\מ",IL,יוגורט ביו 3%,גרמים,200.00,100 גרם,false,0,3.70,1.85,true,1,
7290000408354,false,דנונה בר פצפוצים 173 גרם,"שטראוס בריאות בע""\מ",IL,דנונה בר פצפוצים,גרמים,173.00,100 גרם,false,0,4.80,2.77,true,1,
7290000412481,false,"מנקה אסלות ""00"" 1 ליטר",סנו מפעלי ברונוס בעמ,IL,"מנקה אסלות 00""",ליטרים,1.00,ליטר,false,0,8.90,8.90,true,1,
7290000416021,false,ממרח בטעם שוקולד 500גר,השחר העולה,IL,ממרח השחר,גרמים,500.00,100 גרם,false,0,14.90,2.98,true,1,
7290000416045,false,ממרח בטעם שוקולד השחר1קג,השחר העולה,IL,ממרח השחר,קילוגרמים,1.00,"ק""ג",false,0,26.90,26.90,true,1,
7290000416618,false,"ממרח טעם שוקולד בד""ץ400ג",השחר,IL,ממרח בטעם שוקולד,גרמים,400.00,100 גרם,false,0,13.90,3.48,true,1,
7290000416809,false,ממרח השחר חצי חצי 350גרם,השחר העולה,IL,ממרח חצי חצי,גרמים,350.00,100 גרם,false,1,12.90,3.69,true,1,
7290000419107,false,קפה שחור לנדוור 100 גרם,"קפה לנדוור בע""\מ",IL,קפה שחור לנדוור,גרמים,100.00,100 גרם,false,0,9.90,9.90,true,1,
7290000419893,false,קפה לנדור לבוקר טחון100ג,"קפה לנדוור בע""\מ",IL,קפה שחור לבוקר,גרמים,100.00,100 גרם,false,0,9.90,9.90,true,1,
7290000461700,false,בייגלה שמינ.גדול.מלוח400,בייגל את בייגל מזון 198),IL,בייגלה גדול,גרמים,400.00,100 גרם,false,0,14.90,3.73,true,1,
7290000467320,false,מלך חומוס אבו מרוואן400ג,סלטי צבר,IL,מלך החומוס צבר,גרמים,400.00,100 גרם,false,0,14.90,3.73,true,1,
7290000474502,false,גבינה לבנה 5% טרה 250 גר,טרה,IL,גבינה לבנה 5%,גרמים,250.00,100 גרם,false,0,4.98,1.99,true,1,
7290000480107,false,קוואקר שיבולת שועל פח500,קואקר אוטס,GB,קוואקר שיבולת,גרמים,500.00,100 גרם,false,0,15.00,3.00,true,1,
7290000482071,false,קוקי שקיות אפיה 20 יחי,"ש. שסטוביץ בע""\מ",IL,קוקי שקיות אפיה,יחידה,1.00,יחידה,false,0,19.90,19.90,true,1,
7290000493183,false,רוטב פטריות לבשר-אבקה30ג,"אסם השקעות בע""\מ",IL,רוטב פטריות,גרמים,30.00,100 גרם,false,0,4.00,13.33,true,1,
7290000497044,false,לחם ברמן אקטיב 750 גרם,"י.את.א.ברמן בע""\מ",IL,לחם ברמן אקטיב,גרמים,750.00,100 גרם,false,0,17.50,2.33,true,1,
7290000497228,false,לחמניות רגילות 75*6 גרם,"י.את.א.ברמן בע""\מ",IL,6 לחמניות בשקית,גרמים,450.00,100 גרם,false,0,12.50,2.78,true,1,
7290000497570,false,לחם דגנים פלוס 500 גרם,"י.את.א.ברמן בע""\מ",IL,לחם דגנים פלוס,גרמים,500.00,100 גרם,false,0,16.50,3.30,true,1,
7290000504025,false,סוכרזית 300 טבליות פטריה,ביסקול בע''מ,IL,סוכרזית פטריה,גרמים,24.00,100 גרם,false,0,9.90,41.25,true,1,
7290000504209,false,"נוזל של סוכרזית 220 מ""ל",ביסקול בע''מ,IL,נוזל של סוכרזית,מיליליטרים,220.00,"100 מ""ל",false,0,17.90,8.14,true,1,
7290000521008,false,יין אדום יבש של סגל750מל,"כרמי צבי - אחים סגל בע""\",IL,יין סגל אדום,מיליליטרים,750.00,"100 מ""ל",false,0,21.90,2.92,true,1,
7290000521015,false,"יין לבן יבש של סגל750מ""ל",יינות סגל,IL,יין לבן של סגל,מיליליטרים,750.00,"100 מ""ל",false,0,21.90,2.92,true,1,
7290000523224,false,מלח ים דק 500 גרם,"חברת מלח הארץ אילת בע""\מ",IL,מלח ים דק,גרמים,500.00,100 גרם,false,0,8.40,1.68,true,1,
7290000523811,false,"מלח הארץ גס צנצנת 1 ק""ג","חברת מלח הארץ אילת בע""\מ",IL,מלח הארץ גס,קילוגרמים,1.00,"ק""ג",false,0,7.30,7.30,true,1,
7290000525969,false,מיץ תפוזים סחוט 1 ליטר,גניר,IL,מיץ תפוזים סחוט,ליטרים,1.00,ליטר,false,0,17.20,17.20,true,1,
7290000530086,false,נקניק מעושן7000- 600 גרם,זוגלובק,IL,נקניק מעושן,גרמים,600.00,100 גרם,false,0,39.00,6.50,true,1,
7290000530109,false,קבנוס בואקום 180X2 גרם,זוגלובק,IL,זוג קבנוס בואקום,גרמים,360.00,100 גרם,false,0,28.70,7.97,true,1,
7290000530413,false,המבורגר זהב 400 גרם,זוגלובק,IL,המבורגר זהב,גרמים,400.00,100 גרם,false,0,22.90,5.73,true,1,
7290000530598,false,נקניקיות וינר 500 גרם,זוגלובק,IL,נקניקיות וינר,גרמים,500.00,100 גרם,false,0,18.30,3.66,true,1,
7290000530703,false,פסטרמה חרמון+תה 400+400ג,זוגלובק,IL,מארז חרמון+תה,גרמים,800.00,100 גרם,false,0,34.40,4.30,true,1,
7290000537566,false,נקניקיות עוף 400 גרם,זוגלובק,IL,נקניקיות עוף,גרמים,400.00,100 גרם,false,0,13.90,3.48,true,1,
7290000537603,false,"נקניקיות עוף טריות 1 ק""ג",זוגלובק,IL,נקניקיות עוף,קילוגרמים,1.00,"ק""ג",false,0,29.90,29.90,true,1,
7290000554532,false,גב.צפתית מעודנת5% 200גרם,"מחלבות גד בע""\מ",IL,צפתית מעודנת 5%,גרמים,200.00,100 גרם,false,0,15.90,7.95,true,1,
7290000554600,false,גבי.מוצרלה מגורדת22% 300,מחלבות גד,IL,מוצרלה מגורדת,גרמים,300.00,100 גרם,false,0,25.50,8.50,true,1,
7290000554686,false,לבנה בשמן זית+זעתר5% 250,מחלבות גד,IL,לאבנה בשמן זית5%,גרמים,250.00,100 גרם,false,0,15.50,6.20,true,1,
7290000554822,false,ריקוטה גד 5% שומן 250 גר,מחלבות גד,IL,גבינת ריקוטה 5%,גרמים,250.00,100 גרם,false,0,15.90,6.36,true,1,
7290000554839,false,גבינה מסקרפונה 40% 250 ג,מחלבות גד,IL,גבינה מסקרפונה,גרמים,250.00,100 גרם,false,0,21.90,8.76,true,1,
7290000560533,false,ג'ל גילוח אדג' לעור רגיל,אנרג'ייזר,US,אדג' ג'ל לגילוח,גרמים,198.00,100 גרם,false,0,16.90,8.54,true,1,
7290000571232,false,גבינת גאודה פרוסה 200 גר,גבינות משק אחים מאיר בית,IL,גבינה גאודה,גרמים,200.00,100 גרם,false,0,23.90,11.95,true,1,
7290000604015,false,ביצים ארוזות XL 12יחידות,תנובה,IL,ביצים XL 12יח',יחידה,1.00,יחידה,false,0,13.10,13.10,true,1,
7290000688381,false,מים מינרליים מי עדן500*6,"מופק ממקור בזלתי עדן ,1",IL,מי עדן אישי 6 בק,ליטרים,3.00,ליטר,false,0,15.90,5.30,true,1,
7290000692227,false,פלמוליב לשטיפת כלים 1 ל',קולגייט פלמוליב,GR,פלמוליב לכלים,ליטרים,1.00,ליטר,false,0,14.90,14.90,true,1,
7290000961552,true,פלפל כתום,קטיף.,IL,פלפל כתום,קילוגרמים,0.00,"ק""ג",true,0,10.90,10.90,true,1,
7290000962474,true,חציל בלדי,קטיף.,IL,חציל בלדי,קילוגרמים,0.00,"ק""ג",true,0,9.90,9.90,true,1,
7290000963136,true,תפוח עץ מוזהב 65,קטיף.,XX,תפוח עץ מוזהב,קילוגרמים,0.00,"ק""ג",true,0,11.90,11.90,true,1,
7290000963228,true,תפוח עץ יונתן 65,קטיף.,XX,תפוח יונתן,קילוגרמים,0.00,"ק""ג",true,0,11.90,11.90,true,1,
7290000963372,true,תפוח עץ פינקריספי 70,קטיף.,XX,תפוח עץ פינקריספ,קילוגרמים,0.00,"ק""ג",true,0,16.90,16.90,true,1,
7290000963419,true,תפוח עץ גאלה 65,קטיף.,XX,תפוח עץ גאלה,קילוגרמים,0.00,"ק""ג",true,0,11.90,11.90,true,1,
7290000963518,true,תפוח עץ סמיט 70,קטיף.,XX,תפוח עץ סמיט,קילוגרמים,0.00,"ק""ג",true,0,11.90,11.90,true,1,
7290000963839,true,אבוקדו מובחר,קטיף.,IL,אבוקדו מובחר,קילוגרמים,0.00,"ק""ג",true,1,11.90,11.90,true,1,
7290000964096,true,אפרסמון קרמבו,קטיף.,IL,אפרסמון קרמבו,קילוגרמים,0.00,"ק""ג",true,0,14.90,14.90,true,1,
7290000964348,true,תפוז ברשת למיץ,קטיף.,IL,תפוז ברשת למיץ,קילוגרמים,0.00,"ק""ג",true,0,5.90,5.90,true,1,
7290000964393,true,אשכולית אדומה,קטיף.,IL,אשכולית אדומה,קילוגרמים,0.00,"ק""ג",true,0,6.90,6.90,true,1,
7290000964423,true,פומלה אדומה,קטיף.,IL,פומלה אדומה,קילוגרמים,0.00,"ק""ג",true,0,7.90,7.90,true,1,
7290000964461,true,פומלית,קטיף.,IL,פומלית,קילוגרמים,0.00,"ק""ג",true,0,6.90,6.90,true,1,
7290000964492,true,לימון תפזורת,קטיף.,IL,לימון,קילוגרמים,0.00,"ק""ג",true,0,7.90,7.90,true,1,
7290000964508,true,תפוז גדול,קטיף.,IL,תפוזים מובחרים,קילוגרמים,0.00,"ק""ג",true,0,6.90,6.90,true,1,
7290000964560,true,קלמנטינה,קטיף.,IL,קלמנטינה,קילוגרמים,0.00,"ק""ג",true,0,6.90,6.90,true,1,
7290000964829,true,אגס ספדונה 55,קטיף.,IL,אגס ספדונה,קילוגרמים,0.00,"ק""ג",true,0,13.90,13.90,true,1,
7290000964980,true,אבוקדו,קטיף.,IL,אבוקדו,קילוגרמים,0.00,"ק""ג",true,0,11.90,11.90,true,1,
7290000966083,true,ענב יבוא ירוק שקיל,מהדרין,ZA,ענב יבוא ירוק,קילוגרמים,0.00,"ק""ג",true,0,26.90,26.90,true,1,
7290000966328,true,אפרסמון סיני65,קטיף.,IL,אפרסמון סיני,קילוגרמים,0.00,"ק""ג",true,0,12.90,12.90,true,1,
7290000966618,true,גויאבות,קטיף.,IL,גויאבות,קילוגרמים,0.00,"ק""ג",true,0,19.90,19.90,true,1,
7290000966656,true,קיווי מובחר שקיל,קטיף.,IL,קיווי,קילוגרמים,0.00,"ק""ג",true,0,13.90,13.90,true,1,
7290000967684,true,בננה מובחרת,קטיף.,IL,בננה מובחרת,קילוגרמים,0.00,"ק""ג",true,0,8.90,8.90,true,1,
7290000972800,true,אשכולית אדומה,,IL,אשכולית אדומה,קילוגרמים,0.00,"ק""ג",true,0,10.90,10.90,true,1,
7290000978635,true,קלמנטינה בקרטונים,קטיף.,IL,קלמנטינה,קילוגרמים,0.00,"ק""ג",true,1,6.90,6.90,true,1,
7290000982939,true,כרישה )לוף( יחידה,קטיף.,IL,כרישה )לוף(,יחידה,1.00,יחידה,false,0,9.90,9.90,true,1,
7290000986678,true,קישוא בהיר אורגנ,,IL,קישוא בהיר אורגנ,קילוגרמים,0.00,"ק""ג",true,0,16.90,16.90,true,1,
7290001123782,false,שווארמה הודו מוכן 500 גר,,IL,שווארמה הודו,גרמים,500.00,100 גרם,false,0,26.90,5.38,true,1,
7290001216040,false,טחינה גולמית אל ארז 500ג,אגס ירוק מסחר ושירותים,IL,טחינה גולמית,גרמים,500.00,100 גרם,false,0,18.90,3.78,true,1,
7290001230234,false,כאמל צהוב סופט חפיסה,jti,CH,כאמל צהוב סופט,יחידה,1.00,יחידה,false,0,32.50,32.50,false,1,
7290001230331,false,כאמל צהוב קצר חפיסה,jti,CH,כאמל צהוב קצר,יחידה,1.00,יחידה,false,0,32.50,32.50,false,1,
7290001230739,false,כאמל כחול חפיסה,jti,CH,כאמל כחול,יחידה,1.00,יחידה,false,0,32.50,32.50,false,1,
7290001231233,false,וינסטון אדום חפיסה,jti,CH,ווינסטון אדום,יחידה,1.00,יחידה,false,0,32.50,32.50,false,1,
7290001231932,false,וינסטון כחול קצר חפיסה,jti,CH,וינסטון כחול קצר,יחידה,1.00,יחידה,false,0,32.50,32.50,false,1,
7290001235938,false,וינסטון כחול ארוך חפיסה,jti,CH,וינסטון כחול ארו,יחידה,1.00,יחידה,false,0,32.50,32.50,false,1,
7290001247112,false,נקטר ספרינג לימונענע 1ל',"יפאורה תבורי בע""\מ",IL,משקה לימונענע,ליטרים,1.00,ליטר,false,0,7.60,7.60,true,1,
7290001247129,false,נקטר ספרינג תפוזים 1ליטר,"יפאורה תבורי בע""\מ",IL,נקטר ספרינג תפוז,ליטרים,1.00,ליטר,false,0,7.60,7.60,true,1,
7290001305188,false,פלמוליב לכלים צהוב 750מל,קולגייט פלמוליב,GR,פלמוליב לכלים,מיליליטרים,750.00,"100 מ""ל",false,0,12.90,1.72,true,1,
7290001407769,false,טחינה שומש.מלא בארכה500ג,"רושדי תעשיות מזון בע""\מ",IL,טחינה שומשום,גרמים,500.00,100 גרם,false,0,19.20,3.84,true,1,
7290001491096,false,תה ירוק לימונ+לואיזה50שק,ויסוצקי,IL,תה ירוק לימונית,גרמים,75.00,100 גרם,false,0,48.50,64.67,true,1,
7290001594155,false,"קוקה קולה בפלסטיק500 מ""ל",החברה המרכזית לייצור משק,IL,קוקה קולה,מיליליטרים,500.00,"100 מ""ל",false,0,8.50,1.70,true,1,
7290001594377,false,"פריגת תפוזים 500 מ""ל",מבשלות בירה בינלאומיות ב,IL,פריגת תפוזים,מיליליטרים,500.00,"100 מ""ל",false,0,7.70,1.54,true,1,
7290001594391,false,"פריגת ענבים 500 מ""ל",מבשלות בירה בינלאומיות ב,IL,פריגת ענבים,מיליליטרים,500.00,"100 מ""ל",false,0,7.70,1.54,true,1,
7290001594568,false,"בירה קרלסברג בפחית500מ""ל",מבשלות בירה בינלאומיות ב,RO,בירה קרלסברג פח,מיליליטרים,500.00,"100 מ""ל",false,0,9.90,1.98,true,1,
7290001594865,false,"בירה קרלסברג בק330*6 מ""ל",מבשלות בירה בינלאומיות ב,IL,בירה קרלסברג 6יח,ליטרים,1.98,ליטר,false,0,32.90,16.62,true,1,
7290001598085,false,"לחם משפחתי 1.1 ק""ג",מאפית יוסף בראון,IL,לחם קסטן משפחתי,קילוגרמים,1.10,"ק""ג",false,0,17.90,16.27,true,1,
7290001598191,false,לחם קל מקמח שיפון מלא550,מאפיית יוסף ברון בעמ,IL,לחם קל שיפון מלא,גרמים,550.00,100 גרם,false,1,15.90,2.89,true,1,
7290001598429,false,פרנה מרוקאית 520 גרם,מאפיית יוסף ברון בעמ,IL,פרנה מרוקאית,גרמים,520.00,100 גרם,false,1,13.90,2.67,true,1,
7290001598573,false,לחמניות כוסמין מלא 100%,מאפיית יוסף ברון בעמ,IL,לחמניות כוסמין,גרמים,315.00,100 גרם,false,1,16.90,5.37,true,1,
7290001598580,false,פיתות כוסמין מלא 372 גרם,מאפיית יוסף ברון בעמ,IL,פיתות כוסמין מלא,גרמים,372.00,100 גרם,false,1,17.90,4.81,true,1,
7290001780800,false,קראנץ ליבת נוגט,גלידות נסטלה,IL,קראנץ נוגט,יחידה,1.00,יחידה,false,0,11.00,11.00,true,1,
7290001791349,false,פיסגה אקונומיקה ריחנית4ל,"סנו מפעלי ברונוס בע""מ",IL,אקונומיקה פיסגה,ליטרים,4.00,ליטר,false,0,11.90,2.98,true,1,
7290001817728,false,צ'יטוס כאפה 55 גרם,"שטראוס פריטו ליי בע""\מ )",IL,צ'יטוס כפאה,גרמים,55.00,100 גרם,false,0,3.60,6.55,true,1,
7290001875308,false,חזה עוף טרי פרימיום קג,עוף עוז,IL,חזה פרימיום ע.טר,קילוגרמים,0.00,"ק""ג",true,1,39.90,39.90,true,1,
7290001875315,false,שניצל דק טרי פרימיום קג,עוף עוז,IL,שניצל דק פרימיום,קילוגרמים,0.00,"ק""ג",true,1,44.90,44.90,true,1,
7290001875339,false,כנפיים עוף טרי פרימיום ק,עוף עוז,IL,כנפיים -פרמיום ט,קילוגרמים,0.00,"ק""ג",true,1,14.90,14.90,true,1,
7290002008224,false,מזרה עגול צבעוני צנצ100.,ממתקי עלה בעמ,IL,סוכריות לקישוט,גרמים,100.00,100 גרם,false,0,6.20,6.20,true,1,
7290002008309,false,100עטרות חום בקופסא מס4',"הנמל אריזות ושיווק בע""\מ",IL,עטרות בקופסה,יחידה,1.00,יחידה,false,0,4.90,4.90,true,1,
7290002008934,false,סוכריות לקישוט 200 גרם,הנמל,IL,סוכריות לקישוט,גרמים,200.00,100 גרם,false,0,9.00,4.50,true,1,
7290002019787,false,רוטב עגבניות מרוכז260גר,פרי ניר,IL,רוטב עגבניות,גרמים,260.00,100 גרם,false,0,4.20,1.62,true,1,
7290002019794,false,רסק עגבניות מרוכז100גר,פרי ניר,IL,רוטב עגבניות,גרמים,100.00,100 גרם,false,0,2.10,2.10,true,1,
7290002020189,false,סופגניה מיני רגילה+ריבה,גידרון,IL,סופגניה מיני,גרמים,35.00,100 גרם,false,0,3.90,11.14,true,1,
7290002020455,false,חלת שופרסל אפוי,גידרון,IL,חלת שופרסל,יחידה,1.00,יחידה,false,0,13.50,13.50,true,1,
7290002037309,false,לחמניות המבורגר 50*8 גרם,"י.את.א.ברמן בע""\מ",IL,8לחמניות המבורגר,גרמים,400.00,100 גרם,false,0,12.50,3.13,true,1,
7290002037637,false,חליות מתוקות 4 יח',מאפית ודש,IL,חליות מתוקות 4יח,גרמים,350.00,100 גרם,false,0,14.50,4.14,true,1,
7290002040064,false,קוסקוס דק 350 גרם,קוסקוס מזון,IL,קוסקוס דק,גרמים,350.00,100 גרם,false,0,5.90,1.69,true,1,
7290002057048,false,זית סורי מבוקע 540 גרם,קבוצת יבנה,IL,זית סורי מבוקע,גרמים,540.00,100 גרם,false,0,12.00,2.22,true,1,
7290002057123,false,זית ירוק חרוזית ל.גלע540,קבוצת יבנה,IL,זית חרוזית,גרמים,540.00,100 גרם,false,0,9.90,1.83,true,1,
7290002057352,false,מלפפונים 7-9 במלח 540גרם,קבוצת יבנה מוצרי מזון,IL,מלפפון במלח 7-9,גרמים,540.00,100 גרם,false,0,7.60,1.41,true,1,
7290002057451,false,מלפפונים בחומץ 7-9 540גר,קבוצת יבנה מוצרי מזון,IL,מלפפונים בחומץ,גרמים,540.00,100 גרם,false,0,7.60,1.41,true,1,
7290002065555,false,לחמניות בשקית 75*6 גרם,מאפיית שלמה א. אנג'\ל בע,IL,6 לחמניות בשקית,גרמים,450.00,100 גרם,false,0,11.90,2.64,true,1,
7290002065616,false,לחם שיפון גרעינים 750גרם,מאפיית שלמה א. אנג'\ל בע,IL,לחם שיפון,גרמים,750.00,100 גרם,false,0,14.90,1.99,true,1,
7290002132011,false,עוגיות מזרחיות שומשום400,מאפיית יוסף ושמחה עבאדי,IL,עוגיות מזרחיות,גרמים,400.00,100 גרם,false,0,19.90,4.98,true,1,
7290002253105,false,דורות שום במגשית 80 גרם,דורות,IL,שום כתוש קפוא,גרמים,80.00,100 גרם,false,0,14.90,18.63,true,1,
7290002281382,false,נתח סלמון פילה קפוא קג,נטו,IL,נתח סלמון פילה,קילוגרמים,0.00,"ק""ג",true,1,89.90,89.90,true,1,
7290002281436,false,סטייק טונה ע.עור80%דג קפ,דלידג - נטו,VN,סטייק טונה בהירה,קילוגרמים,0.00,"ק""ג",true,1,54.90,54.90,true,1,
7290002317678,false,זיתים ירוק נטול גלעין560,שימורי מוטולה בעמ,IL,זיתים נטול גלעין,גרמים,560.00,100 גרם,false,1,10.90,1.95,true,1,
7290002331155,false,נביעות ט.אפרסק עדין 500מ,נביעות טבע הגליל בעמ,IL,נביעות אפרסק,מיליליטרים,500.00,"100 מ""ל",false,0,7.50,1.50,true,1,
7290002331360,false,נביעות פקק טו גו 500*6מל,נביעות טבע,IL,נביעות ספורט 6יח,ליטרים,3.00,ליטר,false,0,17.90,5.97,true,1,
7290002331711,false,"נביעות טעם ענבים 500 מ""ל",נביעות טבע הגליל בעמ,IL,נביעות ענבים,מיליליטרים,500.00,"100 מ""ל",false,0,7.50,1.50,true,1,
7290002345022,false,אנטריקוט דק דק אל גאוצו,"טיבון ויל אחזקות בע""\מ",IL,אנטריקוט דק דק,גרמים,250.00,100 גרם,false,1,28.90,11.56,true,1,
7290002345282,false,נתחי פילה סלמון דלידג קג,,IL,נתחי פילה סלמון,קילוגרמים,0.00,"ק""ג",true,1,89.90,89.90,true,1,
7290002371533,false,סלסולי פסטרמה דבש 120 גר,טיב טירת צבי 2000,IL,סלסולי פסטרמה,גרמים,120.00,100 גרם,false,0,17.90,14.92,true,1,
7290002543046,false,פרוסטיס 750 גרם,קלוג'ס,ES,פרוסטיס 750 גרם,גרמים,750.00,100 גרם,false,0,21.90,2.92,true,1,
7290002543237,false,קלוג'ס קורנפלקס 750 גרם,קלוגס קומפני אוף גרייט ב,GB,קורנפלקס קלוגס,גרמים,750.00,100 גרם,false,0,16.90,2.25,true,1,
7290002661153,false,"לחם דני קל 1 ק""ג","י.את.א.ברמן בע""\מ",IL,לחם דני קל,גרמים,1000.00,100 גרם,false,0,19.50,1.95,true,1,
7290002661856,false,מיני קרוטונים מתובל350גר,צ'\וייסר פודס ל.טי.די.,GB,מיני קרוטונים,גרמים,350.00,100 גרם,false,1,17.90,5.11,true,1,
7290002661863,false,קרוטונים מתובלים למרק350,צ'\וייסר פודס ל.טי.די.,GB,קרוטונים מתובלים,גרמים,350.00,100 גרם,false,1,17.90,5.11,true,1,
7290002692768,false,"תרסיס שמן קנולה 200 מ""ל",קומפניה,IT,תרסיס שמן קנולה,מיליליטרים,200.00,"100 מ""ל",false,0,15.90,7.95,true,1,
7290002692782,false,"תרסיס שמן זית 148 מ""ל",קומפניה,IT,תרסיס שמן זית,מיליליטרים,148.00,"100 מ""ל",false,0,15.90,10.74,true,1,
7290002730675,false,"משחת קולגייט אדום 100מ""ל",קולגייט פלמוליב,PL,משחת שיניים,מיליליטרים,100.00,"100 מ""ל",false,0,10.90,10.90,true,1,
7290002730811,false,משחה קולגייט ג'ל 100 גרם,קולגייט פלמוליב,PL,משחת קולגייט ג'ל,מיליליטרים,100.00,"100 מ""ל",false,0,14.80,14.80,true,1,
7290002752332,false,סוכ.מנטוס טעם פירות37.5ג,מנטוס,NL,סוכריות מנטוס,גרמים,37.00,100 גרם,false,0,4.00,10.81,true,1,
7290002752349,false,סוכ. מנטוס מנטה 37.5 גרם,פרפטי ואן מלה,NL,סוכריות מנטוס,גרמים,37.00,100 גרם,false,0,4.00,10.81,true,1,
7290002759393,false,סופגניה מיני רגילה 8יח',גידרון,IL,סופגניות מיני 8י,יחידה,1.00,יחידה,false,0,19.90,19.90,true,1,
7290002814160,false,מסיר שומנים סנט מוריץ 1ל,קומפלקס כימיקלים בעמ,IL,מסיר שומנים,ליטרים,1.00,ליטר,false,1,18.90,18.90,true,1,
7290002824183,false,גב.סקי משפחתי5%שומן500ג,"שטראוס בריאות בע""\מ",IL,גבינת סקי 5%,גרמים,500.00,100 גרם,false,0,9.96,1.99,true,1,
7290002824640,false,גב.סקי5%לבנה מעודנת250ג,"שטראוס בריאות בע""\מ",IL,גבינת סקי 5%,גרמים,250.00,100 גרם,false,0,4.98,1.99,true,1,
7290002825722,false,כרוב אדום אחלה 500 גרם,"שטראוס גרופ בע""\מ",IL,סלט כרוב אחלה,גרמים,500.00,100 גרם,false,0,15.90,3.18,true,1,
7290002871361,false,בירה קרלסברג בק.חוזר500מ,מבשלות בירה בינלאומיות ב,IL,בירה קרלסברג,מיליליטרים,500.00,"100 מ""ל",false,0,9.60,1.92,true,1,
7290002881209,false,"רסק תפו""ע 720 גרם",KONSERVENFABRI BALTUSSEN,NL,"רסק תפו""ע",גרמים,720.00,100 גרם,false,0,11.90,1.65,true,1,
7290002986843,false,כעכי יין בשקית 300 גרם,אחים גטניו,IL,כעכי יין בשקית,גרמים,300.00,100 גרם,false,0,11.90,3.97,true,1,
7290002987963,false,"חומוס אחלה 1 ק""ג","שטראוס גרופ בע""\מ",IL,"חומוס אחלה 1 ק""ג",קילוגרמים,1.00,"ק""ג",false,0,14.90,14.90,true,1,
7290003009640,false,מיץ תפוזים סחוט 1 ליטר,גת,IL,מיץ תפוזים סחוט,ליטרים,1.00,ליטר,false,0,14.90,14.90,true,1,
7290003029181,false,שוקו יטבתה בבקבוק 1 ליטר,מחלבת יטבתה,IL,שוקו יטבתה,ליטרים,1.00,ליטר,false,0,12.00,12.00,true,1,
7290003029372,false,משקה חלב בננה בקבוק 1 ל',מחלבת יטבתה,IL,משקה חלב בננה,ליטרים,1.00,ליטר,false,0,12.00,12.00,true,1,
7290003029389,false,משקה בננה יטבתה+פקק 250מ,מחלבת יטבתה,IL,משקה בננה,מיליליטרים,250.00,"100 מ""ל",false,0,5.60,2.24,true,1,
7290003029433,false,שוקו יטבתה+פקק נשלף 250מ,מחלבת יטבתה,IL,שוקו יטבתה,מיליליטרים,250.00,"100 מ""ל",false,0,5.60,2.24,true,1,
7290003029532,false,מוקה יטבתה בקבוק 2% 1ל,מחלבת יטבתה,IL,מוקה יטבתה בקבוק,ליטרים,1.00,ליטר,false,0,12.00,12.00,true,1,
7290003029792,false,שוקו יטבתה מארז 225*8 מל,מחלבת יטבתה,IL,שקיות שוקו 8 יח',ליטרים,1.80,ליטר,false,0,19.90,11.06,true,1,
7290003029907,false,אייס קפה יטבתה 2% 1ל,מחלבת יטבתה,IL,אייס קפה יטבתה,ליטרים,1.00,ליטר,false,0,12.00,12.00,true,1,
7290003107223,false,"סולת 1 ק""ג",טחנת קמח דגן לישראל,IL,סולת,קילוגרמים,1.00,"ק""ג",false,0,6.90,6.90,true,1,
7290003107247,false,שמרים יבשים אינסטנט33גרם,שטיבל,IL,שמרים יבשים,גרמים,33.00,100 גרם,false,0,6.90,20.91,true,1,
7290003121106,false,ארוחת נודלס,,SG,ארוחת נודלס,גרמים,85.00,100 גרם,false,0,4.40,5.18,true,1,
7290003208890,false,"וודקה פינלנדיה 200 מ""ל",בראון פורמן,US,וודקה פינלנדיה,מיליליטרים,200.00,"100 מ""ל",false,1,30.00,15.00,true,1,
7290003229116,false,פסטרמה הודו בדבש 400 גרם,טיב טירת צבי 2000,IL,פסטרמה הודו בדבש,גרמים,400.00,100 גרם,false,0,29.90,7.48,true,1,
7290003321155,false,דנונה בר פקאן 183 גרם,"שטראוס בריאות בע""\מ",IL,דנונה בר פקאן,גרמים,183.00,100 גרם,false,0,4.80,2.62,true,1,
7290003332007,false,קפה שחור עם הל 250 גרם,קפה אל נח'לה,IL,קפה שחור,גרמים,250.00,100 גרם,false,0,15.50,6.20,true,1,
7290003411993,false,גפרורים 10 יח',הנמל,SE,גפרורים,יחידה,1.00,יחידה,false,0,3.70,3.70,true,1,
7290003423909,false,חטיף שוק.לבן שברי עוג43.,,US,חטיף שוקולד לבן,גרמים,43.00,100 גרם,false,0,4.90,11.40,true,1,
7290003438006,false,רוטב פסטו אוליביה 180 גר,אוליביה,IL,רוטב פסטו,גרמים,180.00,100 גרם,false,0,14.50,8.06,true,1,
7290003438020,false,ממרח עגבניות מיובשות190ג,אוליביה,IL,ממרח עגבניות,גרמים,190.00,100 גרם,false,0,14.50,7.63,true,1,
7290003444009,false,חט.שוקו.חלב+חמאת בוטנ42ג,הרשי,US,חטיף שוקולד חלב,גרמים,42.00,100 גרם,false,0,3.90,9.29,true,1,
7290003450602,false,ממרח חרדל צהוב 255 גרם,היינץ,US,ממרח חרדל צהוב,גרמים,255.00,100 גרם,false,0,10.90,4.27,true,1,
7290003521074,false,מרכך לילדים סרקל 1 ליטר,פישר מעבדות פרמצבטיות בע,IL,מרכך לילדים סרקל,ליטרים,1.00,ליטר,false,0,31.90,31.90,true,1,
7290003521081,false,שמפו לילדים סרקל 1 ליטר,פישר מעבדות פרמצבטיות בע,IL,סרקל שמפו לילדים,ליטרים,1.00,ליטר,false,0,31.90,31.90,true,1,
7290003643004,false,אורז בסמטי קלאסי בשקית1ק,"סוגת תעשיות בע""\מ",IL,אורז בסמטי קלאסי,קילוגרמים,1.00,"ק""ג",false,0,14.90,14.90,true,1,
7290003643387,false,"סוכר לבן צנצנת 1 ק""ג","סוגת תעשיות בע""\מ",IL,סוכר לבן צנצנת,קילוגרמים,1.00,"ק""ג",false,0,8.90,8.90,true,1,
7290003643646,false,"סוכר דמררה צנצנת 1 ק""ג","סוגת תעשיות בע""\מ",IL,סוכר דמררה,קילוגרמים,1.00,"ק""ג",false,0,14.20,14.20,true,1,
7290003643684,false,אפונה 500 גרם,"סוגת תעשיות בע""\מ",IL,אפונה 500 גרם,גרמים,500.00,100 גרם,false,0,6.80,1.36,true,1,
7290003643738,false,חיטה 500 גרם,"סוגת תעשיות בע""\מ",IL,חיטה 500 גרם,גרמים,500.00,100 גרם,false,0,6.80,1.36,true,1,
7290003643752,false,עדשים ירוקות 500 גרם,"סוגת תעשיות בע""\מ",IL,עדשים ירוקות,גרמים,500.00,100 גרם,false,0,8.50,1.70,true,1,
7290003643769,false,עדשים אדומות 500 גרם,"סוגת תעשיות בע""\מ",IL,עדשים אדומות,גרמים,500.00,100 גרם,false,0,8.90,1.78,true,1,
7290003643820,false,חומוס ענק סוגת 500 גרם,"סוגת תעשיות בע""\מ",IL,חומוס ענק,גרמים,500.00,100 גרם,false,0,10.90,2.18,true,1,
7290003804320,false,תיבול.קנור שום+פטרוזיל72,יוניליוור ישראל מזון בע\,IL,תיבוליות קנור,גרמים,72.00,100 גרם,false,0,10.40,14.44,true,1,
7290003804368,false,תיבול.קנור בזיליקום72גרם,יוניליוור ישראל מזון בע\,IL,תיבוליות קנור,גרמים,72.00,100 גרם,false,0,10.40,14.44,true,1,
7290003804382,false,תיבולית קנור פיטריות72גר,יוניליוור ישראל מזון בע\,IL,תיבוליות פטריות,גרמים,72.00,100 גרם,false,0,10.40,14.44,true,1,
7290003805501,false,פתית חסכוני שוודית 300גר,יוניליוור ישראל מזון בע\,IL,פתית קרקר שוודי,גרמים,300.00,100 גרם,false,0,18.70,6.23,true,1,
7290003882922,false,עלי גפן ממולאים,,CN,עלי גפן ממולאים,גרמים,400.00,100 גרם,false,0,9.90,2.48,true,1,
7290003989539,false,רביולי עם גבינה 400 גרם,"שטראוס גרופ בע""\מ",IL,רביולי גבינה,גרמים,400.00,100 גרם,false,0,21.70,5.43,true,1,
7290004014407,false,עדשי מ&מ'ס חמאת בוטנים46,מרס,US,עדשי מ&מ'ס,גרמים,46.00,100 גרם,false,1,5.50,11.96,true,1,
7290004022309,false,עדשי מ&מ'ס חמאת בוטנים80,מרס,GB,עדשי מ&מ'ס,גרמים,80.00,100 גרם,false,1,7.50,9.38,true,1,
7290004030216,false,נקטר חמוציות 1 ליטר,פריניב בעמ,IL,נקטר חמוציות,ליטרים,1.00,ליטר,false,1,14.20,14.20,true,1,
7290004033804,false,"לחם כפרי פרוס לל""ג 320גר",אשבל,IL,"לחם כפרי לל""ג",גרמים,320.00,100 גרם,false,1,18.90,5.91,true,1,
7290004033828,false,לחמנ.כפרי ל.גלוטן 200ג,אשבל,IL,"לחמניות לל""ג",גרמים,200.00,100 גרם,false,1,17.90,8.95,true,1,
7290004043108,false,עדשי מ&מ'ס שוקולד 89 גרם,מרס,US,עדשי מ&מ'ס,גרמים,89.00,100 גרם,false,1,7.50,8.43,true,1,
7290004119225,false,יופלה אננס 3% 150 גרם,תנובה בעמ,IL,יופלה אננס 3%,גרמים,150.00,100 גרם,false,0,5.20,3.47,true,1,
7290004120061,false,"מעדן קרלו שוניל3% 125מ""ל",מחלבת אלון תבור,IL,מעדן קרלו שוניל,גרמים,125.00,100 גרם,false,0,3.10,2.48,true,1,
7290004120108,false,יופלה דובדבן 0% 150 גרם,תנובה בעמ,IL,יופלה דיאט 0%,גרמים,150.00,100 גרם,false,0,5.20,3.47,true,1,
7290004120573,false,גב.בולגרית פיראוס16% 250,תנובה,IL,גבינה בולגרית16%,גרמים,250.00,100 גרם,false,0,25.00,10.00,true,1,
7290004120634,false,גב.בולגרית פיראוס5% 250ג,תנובה,IL,גבינה בולגרית5%,גרמים,250.00,100 גרם,false,0,24.90,9.96,true,1,
7290004120832,false,חלב שתיה 3%,,IL,חלב שתיה 3%,ליטרים,2.00,ליטר,false,0,12.46,6.23,true,1,
7290004122119,false,פתיתי פרמזן לפסטה 100גרם,תנובה,IL,פתיתי פרמזן,גרמים,100.00,100 גרם,false,0,13.90,13.90,true,1,
7290004122195,false,גוש חלב פרוס28% 200מהדרי,תנובה,IL,גבינה גוש חלב,גרמים,200.00,100 גרם,false,0,14.90,7.45,true,1,
7290004122270,false,עמק פרוס סגירה חוזרת 200,תנובה,IL,גבינת עמק פרוס,גרמים,200.00,100 גרם,false,0,16.60,8.30,true,1,
7290004122348,false,גבינת עמק 9% פרוס 200 גר,תנובה,IL,גבינת עמק 9%,גרמים,200.00,100 גרם,false,0,16.90,8.45,true,1,
7290004122683,false,אצבעות עמק חטיף גבינה172,תנובה,IL,אצבעות עמק,גרמים,172.00,100 גרם,false,0,17.10,9.94,true,1,
7290004124205,false,יופלה דיאט תות0% 150 גר,תנובה בעמ,IL,יופלה דיאט תות0%,גרמים,150.00,100 גרם,false,0,5.20,3.47,true,1,
7290004124847,false,קצפת צמחית השף הלבן500מל,סוי מג'יק,IL,קצפת צמחית,מיליליטרים,500.00,"100 מ""ל",false,0,17.60,3.52,true,1,
7290004125370,false,שמנת חמוצה 9% שומן 200מל,תנובה,IL,שמנת חמוצה 9%,מיליליטרים,200.00,"100 מ""ל",false,0,3.70,1.85,true,1,
7290004125400,false,"אשל מהדרין 4.5% 200 מ""ל",תנובה,IL,אשל 4.5% שומן,מיליליטרים,200.00,"100 מ""ל",false,0,1.69,0.85,true,1,
7290004125417,false,"גיל 3% מהדרין 200מ""ל",תנובה,IL,גיל לבן 3%שומן,מיליליטרים,200.00,"100 מ""ל",false,0,1.51,0.76,true,1,
7290004125455,false,שמנת תנובה 15%שומן200מל,תנובה,IL,שמנת תנובה 15%,מיליליטרים,200.00,"100 מ""ל",false,0,2.40,1.20,true,1,
7290004125509,false,שמנת חמוצה15% חצי מנה100,תנובה,IL,שמנת חמוצה 15%,מיליליטרים,100.00,"100 מ""ל",false,0,1.70,1.70,true,1,
7290004125578,false,משקה סויה 1 ליטר,סוי מג'יק,IL,משקה סויה,ליטרים,1.00,ליטר,false,0,11.90,11.90,true,1,
7290004125585,false,משקה סויה בטעם וניל 1 לי,סוי מג'יק,IL,משקה סויה וניל,ליטרים,1.00,ליטר,false,0,11.90,11.90,true,1,
7290004125721,false,שמנת בישול-15%שף לבן250מ,תנובה,IL,שמנת לבישול15%,מיליליטרים,250.00,"100 מ""ל",false,0,8.30,3.32,true,1,
7290004125738,false,שמנת להקצפה-32%שף לבן250,תנובה,IL,שמנת להקצפה32%,מיליליטרים,250.00,"100 מ""ל",false,0,6.90,2.76,true,1,
7290004125776,false,גב.עמק פרוס 28%קופסא400ג,תנובה,IL,גבינת עמק פרוס,גרמים,400.00,100 גרם,false,0,30.50,7.63,true,1,
7290004126759,false,יופלה פירות יער0% 150 גר,תנובה בעמ,IL,יופלה דיאט,גרמים,150.00,100 גרם,false,0,5.20,3.47,true,1,
7290004127077,false,קוטג' תנובה 3% שומן 250,מחלבת אלון תבור,IL,קוטג' 3% שומן,גרמים,250.00,100 גרם,false,0,5.70,2.28,true,1,
7290004127329,false,קוטג' 5% 250 גרם בעלז,מחלבת אלון תבור,IL,קוטג' תנובה 5%,גרמים,250.00,100 גרם,false,0,5.70,2.28,true,1,
7290004127336,false,קוטג' תנובה 9% שומן 250ג,מחלבת אלון תבור,IL,קוטג' תנובה 9%,גרמים,250.00,100 גרם,false,0,5.70,2.28,true,1,
7290004127800,false,גב.לבנה 5% שומן 500 גרם,מחלבת אלון תבור,IL,גבינה לבנה 5%,גרמים,500.00,100 גרם,false,0,9.96,1.99,true,1,
7290004127817,false,גב.לבנה 9% שומן 500 גרם,מחלבת אלון תבור,IL,גבינה לבנה 9%,גרמים,500.00,100 גרם,false,0,9.50,1.90,true,1,
7290004129101,false,גב.נפולאון טעם טבעי 225ג,מחלבת אלון תבור,IL,גבינת נפוליאון,גרמים,225.00,100 גרם,false,0,15.00,6.67,true,1,
7290004129156,false,גב.נפולאון שום-שמיר 225ג,מחלבת אלון תבור,IL,גבינת נפוליאון,גרמים,225.00,100 גרם,false,0,15.00,6.67,true,1,
7290004130794,false,משקה סויה במתיקות מופחתת,סוי מג'יק,IL,משקה סויה,ליטרים,1.00,ליטר,false,0,11.50,11.50,true,1,
7290004131074,false,חלב בקרטון 3% שומן 1 ל',,IL,חלב בקרטון 3%,ליטרים,1.00,ליטר,false,0,6.23,6.23,true,1,
7290004131814,false,פיראוס צפתית מעוד5% 200ג,תנובה,IL,צפתית 5% פיראוס,גרמים,200.00,100 גרם,false,0,15.90,7.95,true,1,
7290004132552,false,משקה סויה לייט 1ל,סוי מג'יק,IL,משקה סויה,ליטרים,1.00,ליטר,false,0,11.90,11.90,true,1,
7290004132712,false,אצבעות גב.מוצרלה 21.5*8ג,תנובה,IL,אצבעות מוצרלה,גרמים,172.00,100 גרם,false,0,17.40,10.12,true,1,
7290004135614,false,בולג.מעוד.פיראוס 5% 250ג,תנובה,IL,בולגרית מעודנת5%,גרמים,250.00,100 גרם,false,0,22.60,9.04,true,1,
7290004136857,false,מעדן ג'לי פטל 125 גרם,סוי מג'יק,IL,מעדן ג'לי פטל,גרמים,125.00,100 גרם,false,0,2.70,2.16,true,1,
7290004136871,false,מעדן ג'לי אפרסק+חתיכ125.,סוי מג'יק,IL,מעדן ג'לי אפרסק,גרמים,125.00,100 גרם,false,0,2.90,2.32,true,1,
7290004137311,false,גבינת עמק 9% 400 גרם,תנובה,IL,גבינת עמק 9%,גרמים,400.00,100 גרם,false,0,30.90,7.73,true,1,
7290004150112,false,חומוס מזרחי 300 גרם,"סלטי שמיר 2006 בע""\מ",IL,חומוס מזרחי,גרמים,300.00,100 גרם,false,1,15.90,5.30,true,1,
7290004150129,false,טחינה ביתית 300 גרם,"סלטי שמיר 2006 בע""\מ",IL,טחינה ביתית,גרמים,300.00,100 גרם,false,1,15.90,5.30,true,1,
7290004150143,false,חציל במיונז 300 גרם,"סלטי שמיר 2006 בע""\מ",IL,חציל במיונז,גרמים,300.00,100 גרם,false,1,15.90,5.30,true,1,
7290004150228,false,כרוב אדום,"סלטי שמיר 2006 בע""\מ",IL,כרוב אדום,גרמים,300.00,100 גרם,false,1,15.90,5.30,true,1,
7290004150235,false,חומוס עם חריף 300 גרם,"סלטי שמיר 2006 בע""\מ",IL,חומוס עם חריף,גרמים,300.00,100 גרם,false,1,15.90,5.30,true,1,
7290004199203,false,300 קסמי שיניים מלחיה,PRODUC H.G.W,CN,קיסמי שיניים,יחידה,1.00,יחידה,false,0,3.90,3.90,true,1,
7290004219284,false,אנשובי בצנצנת עגול 80גרם,,IT,אנשובי בצנצנת,גרמים,80.00,100 גרם,false,0,13.90,17.38,true,1,
7290004225285,false,בסגנון דנאבלו,,DK,בסגנון דנאבלו,גרמים,100.00,100 גרם,false,0,12.90,12.90,true,1,
7290004225872,false,קרם קוקוס ויליגר,,TH,קרם קוקוס ויליגר,מיליליטרים,400.00,"100 מ""ל",false,0,7.90,1.98,true,1,
7290004554293,false,קרחון אסקימו ענבים,שטראוס,IL,קרחון אסקימו,יחידה,1.00,יחידה,false,0,3.00,3.00,true,1,
7290004554354,false,גל.פנטסיה שוקו-וניל חלבי,"גלידת שטראוס בע""\מ, רחוב",IL,"גלידת ""פנטסיה""",ליטרים,1.00,ליטר,false,0,26.50,26.50,true,1,
7290004554798,false,שלגון מטרה,שטראוס,IL,שלגון מטרה,יחידה,1.00,יחידה,false,0,6.50,6.50,true,1,
7290004584351,false,גב.סימפוניה 5% 200 גרם,"שטראוס בריאות בע""\מ",IL,גבינת סימפוניה,גרמים,200.00,100 גרם,false,0,12.40,6.20,true,1,
7290004584528,false,יוגורט ביו 1.7%דנונה200ג,"שטראוס בריאות בע""\מ",IL,יוגורט ביו 1.7%,גרמים,200.00,100 גרם,false,0,3.70,1.85,true,1,
7290004585907,false,דני וניל 1.5% שומן 125 ג,"שטראוס גרופ בע""\מ",IL,דני וניל 1.5%,גרמים,125.00,100 גרם,false,0,2.70,2.16,true,1,
7290004685126,false,לחם הארץ חמישה דגנים750ג,"י.את.א.ברמן בע""\מ",IL,לחם הארץ 5 דגנים,גרמים,750.00,100 גרם,false,0,17.90,2.39,true,1,
7290004685157,false,לחם שיפון 100%פרוס 750ג,"י.את.א.ברמן בע""\מ",IL,לחם שיפון פרוס,גרמים,750.00,100 גרם,false,0,17.90,2.39,true,1,
7290004685430,false,לחם הארץ כוסמין100% 500ג,"י.את.א.ברמן בע""\מ",IL,לחם הארץ כוסמין,גרמים,500.00,100 גרם,false,1,17.90,3.58,true,1,
7290004685478,false,פיתות כוסמין 10יח 550 גר,"מאפיית אורן משי בע""\מ",IL,פיתות כוסמין,גרמים,550.00,100 גרם,false,1,17.90,3.25,true,1,
7290004731472,false,אלסבון כיף צבעוני 500*3מ,קוסמופארם בע'\'\מ,IL,אלסבון כיף 3 יח,ליטרים,1.50,ליטר,false,0,19.90,13.26,true,1,
7290004872021,false,קרחון רמזור,גלידות נסטלה )נגה גלידות,IL,קרחון רמזור,יחידה,1.00,יחידה,false,0,4.00,4.00,true,1,
7290004872069,false,שלגון קרח לימון,גלידות נסטלה )נגה גלידות,IL,שלגון קרח לימו,יחידה,1.00,יחידה,false,0,4.00,4.00,true,1,
7290004872250,false,שלגון אבטיח קיץ,גלידות נסטלה )נגה גלידות,IL,שלגון אבטיח קי,יחידה,1.00,יחידה,false,0,7.00,7.00,true,1,
7290005084355,false,משח.סנסודיין דואל קייר75,MICLEN DE,GB,משחת שיניים,מיליליטרים,75.00,"100 מ""ל",false,0,22.90,30.53,true,1,
7290005095269,false,נרות חימום בשקית-שקד 50,סין,CN,נרות חימום,יחידה,1.00,יחידה,false,0,10.90,10.90,true,1,
7290005095443,false,נר נשמה 48 שעות,,IL,נר נשמה 48 שעות,יחידה,1.00,יחידה,false,0,6.40,6.40,true,1,
7290005095450,false,נר נשמה בכוס 26 שעות יחי,HQP,CN,נר נשמה בכוס,יחידה,1.00,יחידה,false,1,5.00,5.00,true,1,
7290005095467,false,נרות שבת 4 יחידות,משווק על ידי HQP,CN,נרות שבת,יחידה,1.00,יחידה,false,1,4.70,4.70,true,1,
7290005095573,false,מצת קליפר,,IL,מצת קליפר,יחידה,1.00,יחידה,false,0,8.00,8.00,false,1,
7290005174551,false,חומוס יום יום 125 גרם,"שטראוס גרופ בע""\מ",IL,חומוס יום יום,גרמים,125.00,100 גרם,false,0,5.70,4.56,true,1,
7290005174568,false,חציל במיונז 125 גרם,"שטראוס גרופ בע""\מ",IL,חציל במיונז אחלה,גרמים,125.00,100 גרם,false,0,5.70,4.56,true,1,
7290005174575,false,טחינה יום יום 125 גרם,"שטראוס גרופ בע""\מ",IL,טחינה יום יום,גרמים,125.00,100 גרם,false,0,5.70,4.56,true,1,
7290005200786,false,תפוצ'יפס ט.שמנת ובצל50גר,"שטראוס פריטו ליי בע""\מ )",IL,תפוצ'יפס שמנת,גרמים,50.00,100 גרם,false,0,4.30,8.60,true,1,
7290005201882,false,קפה טורקי בצלופן 200 גרם,שטראוס קפה בי.ויn\.,IL,קפה טורקי בצלופן,גרמים,200.00,100 גרם,false,0,17.90,8.95,true,1,
7290005287206,false,טונה סטארקיסט בשמן160*4ג,סטארקיסט,VN,טונה סטארקיסט4יח,גרמים,640.00,100 גרם,false,0,25.90,4.05,true,1,
7290005287251,false,טונה סטארקיסט במים160*4ג,סטארקיסט,VN,טונה סטארקיסט4יח,גרמים,640.00,100 גרם,false,0,25.90,4.05,true,1,
7290005423253,false,"מקסימה למייבש פרש 750מ""ל","סנו מפעלי ברונוס בע""\מ",IL,מקסימה למייבש,מיליליטרים,750.00,"100 מ""ל",false,0,17.90,2.39,true,1,
7290005424847,false,"מפיות חד שכבתי 30*30 ס""מ",סנו מפעלי ברונוס בעמ,TR,מפיות דו שכבתי,יחידה,1.00,יחידה,false,0,8.50,8.50,true,1,
7290005430602,false,אוקסיג'ן מ.כתמים,,IL,אוקסיג'ן מ.כתמים,מיליליטרים,750.00,"100 מ""ל",false,0,16.90,2.25,true,1,
7290005431968,false,מלבי שמנת 150 גרם,עדן קינוחים,IL,מלבי שמנת,גרמים,150.00,100 גרם,false,1,7.70,5.13,true,1,
7290005559587,false,מאפה נקניקיות 800 גרם,"מעדנות בע""\מ",IL,מאפה נקניקיות,גרמים,800.00,100 גרם,false,0,32.40,4.05,true,1,
7290005559907,false,פיצה משפחתית גבינה 500גר,"מעדנות בע""\מ",IL,פיצה משפחתית,גרמים,500.00,100 גרם,false,0,24.90,4.98,true,1,
7290005559914,false,פיצה משפחתית זיתים 550גר,"מעדנות בע""\מ",IL,פיצה משפחתית,גרמים,550.00,100 גרם,false,0,25.90,4.71,true,1,
7290005559990,false,בצק פילאס תורקי 600 גרם,"מעדנות בע""\מ",IL,בצק פילאס תורכי,גרמים,600.00,100 גרם,false,0,25.90,4.32,true,1,
7290005605994,false,פאנטה בטעם אורנג,,IL,פאנטה בטעם אורנג,מיליליטרים,350.00,"100 מ""ל",false,0,7.50,2.14,true,1,
7290005678318,false,ענבים אוטום קריספ,קטיף.,IL,ענב אוטום קריספ,קילוגרמים,0.00,"ק""ג",true,1,26.90,26.90,true,1,
7290005678387,false,ענב אוטום רויאל -שחור,מושב לכיש,IL,ענב אוטום-שחור,קילוגרמים,0.00,"ק""ג",true,0,23.90,23.90,true,1,
7290005678585,false,ענבים סקרלוטה ללא חרצן,מושב לכיש,IL,ענבים סקרלוטה,קילוגרמים,0.00,"ק""ג",true,0,17.90,17.90,true,1,
7290005803628,false,קרחון מלון,גלידות נסטלה )נגה גלידות,IL,קרחון מלון,יחידה,1.00,יחידה,false,0,4.00,4.00,true,1,
7290005838002,false,דניאלה מעדן גבינה 88 גרם,"שטראוס גרופ בע""\מ",IL,מעדן דניאלה,גרמים,88.00,100 גרם,false,0,4.30,4.89,true,1,
7290005839078,false,דנונה ביו 3% 150*8 גרם,"שטראוס בריאות בע""\מ",IL,דנונה ביו 8 יח,קילוגרמים,1.20,"ק""ג",false,0,17.60,14.67,true,1,
7290005839108,false,גב.סימפוניה +5%זיתים200ג,"שטראוס בריאות בע""\מ",IL,גבינת סימפוניה,גרמים,200.00,100 גרם,false,0,12.40,6.20,true,1,
7290005839313,false,מילקי טופ שוקול.מגולג170,"שטראוס גרופ בע""\מ",IL,מילקי טופ,מיליליטרים,170.00,"100 מ""ל",false,0,5.00,2.94,true,1,
7290005854040,false,קרחון אסקימו משמש יח,שטראוס,IL,קרחון אסקימו,יחידה,1.00,יחידה,false,0,3.00,3.00,true,1,
7290005854606,false,אסקימו אננס יח,שטראוס,IL,אסקימו אננס יח,יחידה,1.00,יחידה,false,0,3.00,3.00,true,1,
7290005854613,false,אסקימו תותי פרוטי,שטראוס,IL,אסקימו תותיפרו,יחידה,1.00,יחידה,false,0,3.00,3.00,true,1,
7290005896439,false,בירה מכבי,,IL,בירה מכבי,מיליליטרים,500.00,"100 מ""ל",false,0,7.00,1.40,true,1,
7290005896453,false,בירה מכבי7.9%בק.חוזר500מ,טמפו משקאות בע''מ,IL,בירה מכבי 7.9%,מיליליטרים,500.00,"100 מ""ל",false,1,7.50,1.50,true,1,
7290005992735,false,גבינת לאבנה 5%שומן 250ג,"מחלבות גד בע""\מ",IL,גבינת לאבנה גד5%,גרמים,250.00,100 גרם,false,0,12.90,5.16,true,1,
7290006251275,false,תה ירוק סיני25 שק1.5Xגרם,ויסוצקי,IL,תה ירוק סיני,גרמים,37.00,100 גרם,false,0,26.90,72.70,true,1,
7290006256089,false,גאטו נגרו קברנה סובינ750,פינקה לה סליה,AR,גאטו נגרו קברנה,מיליליטרים,750.00,"100 מ""ל",false,0,44.90,5.99,true,1,
7290006271181,false,ג'חנון אפוי מעדנות 750גר,"מעדנות בע""\מ",IL,ג'חנון אפוי,גרמים,750.00,100 גרם,false,0,28.70,3.83,true,1,
7290006272072,false,חטיפי פיצה גבינה 650 ג ק,"מעדנות בע""\מ",IL,חטיפי פיצה גבינה,גרמים,650.00,100 גרם,false,1,36.90,5.68,true,1,
7290006374738,false,קונפיטורה תות 340 גרם,"ב.א. מזון בע""\מ",IL,קונפיטורה תות,גרמים,340.00,100 גרם,false,0,15.80,4.65,true,1,
7290006492432,false,גבינה מוצרלה בייבי 150גר,מחלבות גד,IL,גבינה מוצרלה,גרמים,150.00,100 גרם,false,0,15.30,10.20,true,1,
7290006492852,false,גבינה לבנה 5% עיזים 250ג,מחלבות גד,IL,גבינת עיזים גד,גרמים,250.00,100 גרם,false,0,18.50,7.40,true,1,
7290006511157,false,פטריות שלמות,,PL,פטריות שלמות,גרמים,400.00,100 גרם,false,0,8.90,2.23,true,1,
7290006567048,false,פתיתי קוסקוס 350 גרם,קוסקוס מזון,IL,פתיתי קוסקוס,גרמים,350.00,100 גרם,false,0,8.80,2.51,true,1,
7290006644480,false,"תפוזינה תפוז 500 מ""ל","יפאורה תבורי בע""\מ",IL,תפוזינה תפוז,מיליליטרים,500.00,"100 מ""ל",false,0,5.90,1.18,true,1,
7290006644510,false,"תפוזינה ענבים 500 מ""ל","יפאורה תבורי בע""\מ",IL,תפוזינה ענבים,מיליליטרים,500.00,"100 מ""ל",false,0,5.90,1.18,true,1,
7290006653819,false,קוסקוס דק 350 גרם,קוסקוס מזון,IL,קוסקוס דק,גרמים,350.00,100 גרם,false,0,8.80,2.51,true,1,
7290006664051,false,"אקטימל לבן 100*14 מ""ל","שטראוס בריאות בע""\מ",IL,אקטימל מארז14יח',ליטרים,1.40,ליטר,false,0,32.60,23.29,true,1,
7290006664402,false,גבינת סקי5% 750 גרם,"שטראוס בריאות בע""\מ",IL,גבינת סקי5%,גרמים,750.00,100 גרם,false,0,14.94,1.99,true,1,
7290006664532,false,דנונה תות 3% 150 גרם,"שטראוס גרופ בע""\מ",IL,דנונה תות 3%,גרמים,150.00,100 גרם,false,0,3.90,2.60,true,1,
7290006664655,false,"אקטימל לבן 100*8 מ""ל","שטראוס גרופ בע""\מ",IL,אקטימל לבן 8 יח,מיליליטרים,800.00,"100 מ""ל",false,0,22.70,2.84,true,1,
7290006664693,false,דנונה אפרסק 3% 150 גרם,"שטראוס גרופ בע""\מ",IL,דנונה אפרסק %3,גרמים,150.00,100 גרם,false,0,3.90,2.60,true,1,
7290006664990,false,דנונה ביו 1.7% 150*8גרם,"שטראוס גרופ בע""\מ",IL,דנונה ביו 8 יח',קילוגרמים,1.20,"ק""ג",false,0,17.60,14.67,true,1,
7290006681065,false,טעמקור XL שוקווניל יח,"מיוצר ע""\י גלידת שטראוס",IL,טעמקור XL,יחידה,1.00,יחידה,false,0,8.00,8.00,true,1,
7290006681577,false,מאגדתאסקימו לימון דובדבן,"מיוצר ע""\י גלידת שטראוס",IL,מאגדת אסקימו,גרמים,700.00,100 גרם,false,0,19.50,2.79,true,1,
7290006739414,false,סלמי קוניאק 300 גרם,זוגלובק,IL,סלמי קוניאק,גרמים,300.00,100 גרם,false,0,32.70,10.90,true,1,
7290006739544,false,כתף בקר 300 גרם,זוגלובק,IL,כתף בקר,גרמים,300.00,100 גרם,false,0,32.90,10.97,true,1,
7290006742162,false,המבורגר מזרחי 400 גרם,זוגלובק,IL,המבורגר מזרחי,גרמים,400.00,100 גרם,false,0,22.90,5.73,true,1,
7290006742278,false,פסטרמה צלוי על לבנים330ג,זוגלובק,IL,פסטרמה צלויה,גרמים,330.00,100 גרם,false,0,29.90,9.06,true,1,
7290006742315,false,חזה הודו ברביקיו 330 גרם,זוגלובק,IL,חזה הודו ברביקיו,גרמים,330.00,100 גרם,false,0,29.90,9.06,true,1,
7290006764072,false,"גולדסטאר בק.חוזר 500 מ""ל","טמפו משקאות בע""\מ",IL,בירה גולדסטאר,מיליליטרים,500.00,"100 מ""ל",false,0,7.70,1.54,true,1,
7290006764096,false,בירה איגל בקבוק חוזר500מ,"טמפו משקאות בע""\מ",IL,בירה איגל,מיליליטרים,500.00,"100 מ""ל",false,1,6.90,1.38,true,1,
7290006788405,false,דאו.קרליין רולאון בורדו,מיוצר עי : אמיליה קוסמטי,IL,דאודורנט קרליין,מיליליטרים,75.00,"100 מ""ל",false,0,14.90,19.87,true,1,
7290006788498,false,דאו.קרליין ספרי PURE 200,מיוצר עי : אמיליה קוסמטי,IL,דאודורנט קרליין,מיליליטרים,200.00,"100 מ""ל",false,0,13.90,6.95,true,1,
7290006822192,false,אושן ספריי חמוציות דיאט,מבשלות בירה בינלאומיות ב,IL,אושן ספריי,ליטרים,1.00,ליטר,false,0,13.50,13.50,true,1,
7290006983152,false,קרוטונים מתובלים למרק400,עינת תעשיות,IL,קרוטונים מתובלים,גרמים,400.00,100 גרם,false,0,20.80,5.20,true,1,
7290006983206,false,פלאפל בקלי קלות 180 גרם,"אסם השקעות בע""\מ",IL,תערובת לפלאפל,גרמים,180.00,100 גרם,false,0,11.20,6.22,true,1,
7290006983770,false,עוגת הבית שיש אסם 400 גר,"אסם השקעות בע""\מ",IL,עוגת שיש,גרמים,400.00,100 גרם,false,0,13.40,3.35,true,1,
7290006983787,false,עוגת שוקולד צ'יפס 400 גר,"אסם השקעות בע""\מ",IL,עוגת שוקוצ'יפס,גרמים,400.00,100 גרם,false,0,13.40,3.35,true,1,
7290006983794,false,עוגת הבית תפוז 400 גרם,"אסם השקעות בע""\מ",IL,עוגת תפוז,גרמים,400.00,100 גרם,false,0,13.40,3.35,true,1,
7290006992390,false,דייסת וניל מטרנה 200 גרם,מטרנה תעשיות ש.מ,IL,דייסת וניל מטרנה,גרמים,200.00,100 גרם,false,0,16.80,8.40,true,1,
7290008023542,false,סיף פנטסטיק רצפ.מרענן4ל',יוניליוור ישראל טיפוח אי,IL,סיף שמפו לרצפות,ליטרים,4.00,ליטר,false,0,21.20,5.30,true,1,
7290008154222,false,שניצלונים 700 גרם,"מוצרי עוף טוב (2001) בע""",IL,שניצלונים 700ג,גרמים,700.00,100 גרם,false,0,21.90,3.13,true,1,
7290008190909,false,מיני קוקיס שוק.צ'יפס600ג,כרמית,IL,מיני קוקיס,גרמים,600.00,100 גרם,false,0,19.90,3.32,true,1,
7290008347211,false,אצבעות דג 700 גרם,דלידג - נטו,IL,אצבעות דג,גרמים,700.00,100 גרם,false,0,26.90,3.84,true,1,
7290008409100,false,אצבעות שניצל בשומשום 700,תנובה גליל שותפות מוגבלת,IL,אצבעות שניצל,גרמים,700.00,100 גרם,false,0,37.90,5.41,true,1,
7290008409124,false,שניצל ג'ונגל 700 גרם,תנובה גליל שותפות מוגבלת,IL,שניצל ג'ונגל,גרמים,700.00,100 גרם,false,0,37.90,5.41,true,1,
7290008409216,false,שניצל דק דק פריך 700 גרם,תנובה,IL,שניצל דק דק פריך,גרמים,700.00,100 גרם,false,0,42.90,6.13,true,1,
7290008409407,false,שניצל דק בציפוי צ'יפס 00,תנובה גליל שותפות מוגבלת,IL,שניצל דק צ'יפס,גרמים,700.00,100 גרם,false,0,42.90,6.13,true,1,
7290008409551,false,שניצל עוף אמיתי מעודן700,תנובה גליל שותפות מוגבלת,IL,שניצל עוף אמיתי,גרמים,700.00,100 גרם,false,0,44.50,6.36,true,1,
7290008464024,false,גולדסטאר בפחית,,IL,גולדסטאר בפחית,מיליליטרים,500.00,"100 מ""ל",false,0,10.90,2.18,true,1,
7290008464130,false,בירה גולדסטאר6יח,,IL,בירה גולדסטאר6יח,ליטרים,1.98,ליטר,false,0,32.90,16.61,true,1,
7290008464222,false,בירה מכבי פחית7.9% 500מ,"טמפו משקאות בע""\מ",IL,בירה מכבי 7.9%,מיליליטרים,500.00,"100 מ""ל",false,1,9.00,1.80,true,1,
7290008464468,false,בירה גולדסטאר פחית 500מל,"טמפו משקות בע""\מ",IL,בירה גולדסטאר,מיליליטרים,500.00,"100 מ""ל",false,0,9.30,1.86,true,1,
7290008464604,false,"בירה הייניקן פחית 500מ""ל",טמפו משקאות בע''מ,NL,בירה היינקן פחית,מיליליטרים,500.00,"100 מ""ל",false,0,10.90,2.18,true,1,
7290008464673,false,גולדסטאר BREW SLOW פח500,"טמפו משקאות בע""\מ",IL,גולדסטאר סלו ברו,מיליליטרים,500.00,"100 מ""ל",false,1,10.90,2.18,true,1,
7290008464697,false,בירה מכבי 6 יח,,IL,בירה מכבי 6 יח,ליטרים,1.98,ליטר,false,0,29.90,15.10,true,1,
7290008464741,false,"בירה גולדסטאר בק330*6מ""ל","טמפו משקאות בע""\מ",IL,גולדסטאר 6 יח',ליטרים,1.98,ליטר,false,0,29.90,15.10,true,1,
7290008464796,false,"בירה הייניקן בק330*6 מ""ל",טמפו משקאות בע''מ,IL,בירה הייניקן 6יח,ליטרים,1.98,ליטר,false,0,39.90,20.15,true,1,
7290008493413,false,פירורי גריסיני 200 גרם,מאיר בייגל,IL,פירורי גריסיני,גרמים,200.00,100 גרם,false,0,7.50,3.75,true,1,
7290008644112,false,סלט מטבוחה יום יום 125גר,"שטראוס גרופ בע""\מ",IL,מטבוחה יום יום,גרמים,125.00,100 גרם,false,0,5.70,4.56,true,1,
7290008645935,false,חומוס אחלה 750 גרם,"שטראוס גרופ בע""\מ",IL,חומוס אחלה,גרמים,750.00,100 גרם,false,0,11.90,1.59,true,1,
7290008693134,false,דניאלה תות מוקצף5% 88גרם,"שטראוס גרופ בע""\מ",IL,דניאלה תות מוקצף,גרמים,88.00,100 גרם,false,0,4.30,4.89,true,1,
7290008745239,false,תפוצ'יפס קראנצ' טעם טבעי,"שטראוס פריטו ליי בע""\מ )",IL,תפוצ'יפס קראנצ',גרמים,50.00,100 גרם,false,0,4.30,8.60,true,1,
7290008747547,false,תפוציפס קראנצ' ט.טבעי200,"שטראוס פריטו ליי בע""\מ )",IL,תפוצ'יפס קראנצ',גרמים,200.00,100 גרם,false,0,10.90,5.45,true,1,
7290008753111,false,תפוצ'יפס מקסיקני 50 גרם,"שטראוס פריטו ליי בע""\מ )",IL,תפוצ'יפס קראנצ',גרמים,50.00,100 גרם,false,0,4.30,8.60,true,1,
7290008754415,false,מאסט LL עדין ספירמינט28ג,עלית,IL,מסטיק מאסט LL,גרמים,28.00,100 גרם,false,0,4.60,16.43,true,1,
7290008757980,false,נקטר ספרינג רימונים 1 ל',"יפאורה תבורי בע""\מ",IL,נקטר רימונים,ליטרים,1.00,ליטר,false,0,7.60,7.60,true,1,
7290008775816,false,ערגליות שוקו 300 גרם,"אסם השקעות בע""\מ",IL,ערגליות שוקו,גרמים,300.00,100 גרם,false,0,11.50,3.83,true,1,
7290008775823,false,ערגליות תות 300 גרם,"אסם השקעות בע""\מ",IL,ערגליות תות,גרמים,300.00,100 גרם,false,0,11.50,3.83,true,1,
7290008801157,false,מרלו סלקטד,,IL,מרלו סלקטד,מיליליטרים,750.00,"100 מ""ל",false,0,32.90,4.39,true,1,
7290008801843,false,קברנה סוביניון,,IL,קברנה סוביניון,מיליליטרים,750.00,"100 מ""ל",false,0,32.90,4.39,true,1,
7290008802895,false,קברנה סוביניוןP.C. 750מל,אגודת הכורמים הקאופורטיב,IL,קברנה סוביניון,מיליליטרים,750.00,"100 מ""ל",false,0,44.90,5.99,true,1,
7290008909853,false,קוקה קולה זירו בקבוק500מ,החברה המרכזית לייצור משק,IL,קוקה קולה זירו,מיליליטרים,500.00,"100 מ""ל",false,0,8.50,1.70,true,1,
7290008909884,false,"קולה זירו קלאסי 350 מ""ל",החברה המרכזית לייצור משק,IL,קולה זירו בקבוק,מיליליטרים,350.00,"100 מ""ל",false,1,7.50,2.14,true,1,
7290008975551,false,מטרנה מהדרין שלב3 700גרם,מטרנה תעשיות ש.מ,IL,מטרנה מהדרין 3,גרמים,700.00,100 גרם,false,0,54.90,7.84,true,1,
7290008989848,false,חמאת בוטנים,,IL,חמאת בוטנים,גרמים,350.00,100 גרם,false,0,16.20,4.63,true,1,
7290009137712,true,סופגניה מיני ללא ריבה 8י,גידרון,IL,סופגניה מיני 8יח,יחידה,1.00,יחידה,false,1,19.90,19.90,true,1,
7290009165142,true,שיפודי פרגיות קפוא 500 ג,,IL,שיפודי פרגיות,גרמים,500.00,100 גרם,false,1,44.90,8.98,true,1,
7290009391336,true,פילה אמנון קפוא 80% קג,XINTAISHENG HAINAN,CN,פילה אמנון קפוא,קילוגרמים,0.00,"ק""ג",true,0,32.90,32.90,true,1,
7290009397642,true,חמישיית מאפין שוקו 200גר,,IL,חמישיית מאפין,גרמים,5.00,100 גרם,false,0,10.90,218.00,true,1,
7290009397697,true,מאפין שוקו צ'יפס5יח200'ג,,IL,חמישיית מאפין,גרמים,5.00,100 גרם,false,0,10.90,218.00,true,1,
7290009398113,true,חלה מתוקה אפוי,גידרון,,חלה מתוקה,יחידה,1.00,יחידה,false,0,13.50,13.50,true,1,
7290009398618,true,סופגניה גדולה רגילה יח',גידרון,IL,סופגניה רגילה,גרמים,80.00,100 גרם,false,0,5.90,7.38,true,1,
7290009398786,true,5 פיתות אסליות 500 גרם,,IL,5 פיתות אסליות,גרמים,500.00,100 גרם,false,0,8.50,1.70,true,1,
7290009950106,true,משקה אנרגיה250מל,,,משקה אנרגיה250מל,מיליליטרים,250.00,"100 מ""ל",false,0,5.80,2.32,true,1,
7290009950151,true,בירה מצוננת500מל,,,בירה מצוננת500מל,מיליליטרים,500.00,"100 מ""ל",false,0,11.00,2.20,true,1,
7290009951899,true,מאפה מלוח משקל,גידרון,IL,מאפה מלוח חלבי,קילוגרמים,0.00,"ק""ג",true,0,42.00,42.00,true,1,
7290009951912,true,מאפה מתוק משקל,גידרון,IL,מאפה מתוק,קילוגרמים,0.00,"ק""ג",true,0,42.00,42.00,true,1,
7290009952339,true,מארז8 לחמניות אצבע יח,גידרון,IL,לחמניה אצבע 8יח,יחידה,1.00,יחידה,false,0,11.90,11.90,true,1,
7290009954999,true,מים מצוננים500מל,,IL,מים מצוננים500מל,מיליליטרים,500.00,"100 מ""ל",false,0,6.90,1.38,true,1,
7290009955002,true,מים מצוננים1.5ל,,IL,מים מצוננים1.5ל,ליטרים,1.50,ליטר,false,0,8.00,5.33,true,1,
7290009955019,true,משקה מצונן 1.5ל,,IL,משקה מצונן 1.5ל,ליטרים,1.50,ליטר,false,0,12.00,8.00,true,1,
7290009956221,true,מים מצוננים 2 ליטר,,IL,מים מצוננים 2ל,ליטרים,2.00,ליטר,false,1,9.90,4.95,true,1,
7290010066575,false,טונה במי מלח 158*4 גרם,תעשיות פילטונה,IL,טונה במי מלח 4יח,גרמים,632.00,100 גרם,false,0,25.90,4.10,true,1,
7290010066582,false,טונה בשמן קנולה 158*4 גר,תעשיות פילטונה,IL,טונה בשמן 4 יח,גרמים,632.00,100 גרם,false,0,25.90,4.10,true,1,
7290010116980,false,שוקולית 850 גרם,שטראוס קפה בי.וי.,IL,שוקולית עלית,גרמים,850.00,100 גרם,false,0,19.50,2.29,true,1,
7290010163700,false,שקדים קלופים טבעי200ג,שקדיה,IL,שקד טבעי,גרמים,200.00,100 גרם,false,0,19.90,9.95,true,1,
7290010237890,false,בירה הייניקן בק.חוזר500מ,טמפו משקאות בע''מ,IL,בירה הייניקן,מיליליטרים,500.00,"100 מ""ל",false,0,10.00,2.00,true,1,
7290010259823,false,מנת השף נודלס,,TH,מנת השף נודלס,גרמים,70.00,100 גרם,false,0,5.90,8.43,true,1,
7290010429554,false,"שמן זית 2 קלאסי 750מ""ל",מכוורת יד מרדכי שטראוס ב,IL,שמן זית 2 קלאסי,מיליליטרים,750.00,"100 מ""ל",false,0,37.90,5.05,true,1,
7290010471669,false,דנונה בר תות קורנפ175.גר,"שטראוס בריאות בע""\מ",IL,דנונה בר תות,גרמים,175.00,100 גרם,false,0,4.80,2.74,true,1,
7290010472307,false,גמדים לשתיה תות בננ100*8,"שטראוס בריאות בע""\מ",IL,גמדים לשתיה 8 יח,מיליליטרים,800.00,"100 מ""ל",false,0,20.90,2.61,true,1,
7290010472390,false,דני שוקולד 125*8גרם,"שטראוס גרופ בע""\מ",IL,דני שוקולד 8 יח',קילוגרמים,1.00,"ק""ג",false,0,16.30,16.30,true,1,
7290010627004,false,טחינה ירושלים 500 גרם,"טחינה ירושלים בע""מ",IL,טחינה ירושלים,גרמים,500.00,100 גרם,false,0,16.90,3.38,true,1,
7290010650033,false,בצלצלי שאלוט,קטיף.,NL,בצלצלי שאלוט,גרמים,350.00,100 גרם,false,0,15.00,4.29,true,1,
7290010650194,false,שורש גינגר טרי ארוז,תקוע,CN,שורש גינגר טרי,גרמים,250.00,100 גרם,false,0,11.90,4.76,true,1,
7290010931330,false,סלט מטבוחה 500 גרם,"שטראוס גרופ בע""\מ",IL,סלט מטבוחה אחלה,גרמים,500.00,100 גרם,false,0,14.90,2.98,true,1,
7290010945481,false,גבינה לבנה 5% 500 גרם,טרה,IL,גבינה לבנה 5%,גרמים,500.00,100 גרם,false,0,9.96,1.99,true,1,
7290010970100,false,שמן שומשום כבישה קרה250מ,"ג.מ טעם הארץ בע""\ם",IL,שמן שומשום,מיליליטרים,250.00,"100 מ""ל",false,1,32.60,13.04,true,1,
7290010970759,false,"סירופ מלבי 250 מ""ל","ג.מ טעם הארץ בע""\ם",IL,סירופ מלבי,מיליליטרים,250.00,"100 מ""ל",false,1,11.90,4.76,true,1,
7290011017866,false,"פחית קוקה קולה 330 מ""ל",החברה המרכזית לייצור משק,IL,קוקה קולה פחית,מיליליטרים,330.00,"100 מ""ל",false,0,5.40,1.64,true,1,
7290011017873,false,פחית קוקה קולה זירו330מל,החברה המרכזית לייצור משק,IL,קולה זירו,מיליליטרים,330.00,"100 מ""ל",false,0,5.40,1.64,true,1,
7290011018184,false,פיוז תה אפרסק,,IL,פיוז תה אפרסק,מיליליטרים,500.00,"100 מ""ל",false,0,8.80,1.76,true,1,
7290011018443,false,פחית פאנטה ט.אורנג330'מל,החברה המרכזית לייצור משק,IL,פאנטה ט.אורנג פח,מיליליטרים,330.00,"100 מ""ל",false,0,5.40,1.64,true,1,
7290011018917,false,"קוקה קולה זירו 330*6 מ""ל",החברה המרכזית לייצור משק,IL,קוקה קולה זירו6י,ליטרים,1.98,ליטר,false,0,24.90,12.58,true,1,
7290011051358,false,"שוופס סודה לימון 250 מ""ל",יפאורה תבורי בעמ,IL,שוופס סודה לימון,מיליליטרים,250.00,"100 מ""ל",false,1,4.30,1.72,true,1,
7290011131968,false,"גרנולה אגוזים 1 ק""ג",וויטליה,MK,גרנולה אגוזים,קילוגרמים,1.00,"ק""ג",false,0,27.70,27.70,true,1,
7290011154035,false,"תרכיז תפוחים סחוט 500מ""ל",,IL,תרכיז תפוחים,מיליליטרים,500.00,"100 מ""ל",false,1,21.50,4.30,true,1,
7290011194215,false,דניאלה בננה 88 גרם,"שטראוס גרופ בע""\מ",IL,דניאלה בננה,גרמים,88.00,100 גרם,false,0,4.30,4.89,true,1,
7290011194246,false,קוטג' 5% שומן 250 גרם,"שטראוס בריאות בע""\מ",IL,קוטג' 5% שומן,גרמים,250.00,100 גרם,false,0,6.00,2.40,true,1,
7290011223038,false,עלים לקרמשניט בונומי300ג,בונומי ס.פ.א,IT,עלים לקרמשניט,גרמים,300.00,100 גרם,false,1,16.90,5.63,true,1,
7290011438142,false,"משקה חלב בטעם קפה 350מ""ל",מחלבת יטבתה,IL,משקה חלב קפה,מיליליטרים,350.00,"100 מ""ל",false,0,6.50,1.86,true,1,
7290011447373,false,מטרנה מהדרין שלב 2 700גר,מטרנה תעשיות ש.מ,IL,מטרנה מהדרין,גרמים,700.00,100 גרם,false,0,54.90,7.84,true,1,
7290011498955,false,אגוזי אדמה חמאת בוטנ300ג,שקרצי,IL,חמאת בוטנים,גרמים,300.00,100 גרם,false,0,13.90,4.63,true,1,
7290011499129,false,קוב.בולג.מעודנת 5% 200ג,קוד יצרן DSH,IL,קוביות בולגרית,גרמים,200.00,100 גרם,false,0,23.60,11.80,true,1,
7290011499327,false,גב.בולגרית מעודנת5% 250ג,מחלבות גד,IL,בולגרית מעודנת5%,גרמים,250.00,100 גרם,false,0,23.90,9.56,true,1,
7290011499365,false,חלומי גד גב.קשה 24% 200ג,"מחלבות גד בע""\מ",IL,חלומי גד 24%,גרמים,200.00,100 גרם,false,0,21.90,10.95,true,1,
7290011499419,false,גב.שמנת ט.טבעי5% 200גרם,מחלבות גד,IL,גבינת שמנת גד5%,גרמים,200.00,100 גרם,false,0,11.80,5.90,true,1,
7290011499624,false,גבינת שמנת 30% טבעי200גר,מחלבות גד,IL,גבינת שמנת 30%,גרמים,200.00,100 גרם,false,0,13.40,6.70,true,1,
7290011515911,false,מאגדת לייט ריבת חלב,גלידות נסטלה )נגה גלידות,IL,מאגדת לייט,גרמים,312.00,100 גרם,false,0,32.90,10.54,true,1,
7290011518561,false,"אקטימל תות 100*14 מ""ל","שטראוס בריאות בע""\מ",IL,אקטימל מארז14יח',ליטרים,1.40,ליטר,false,0,32.60,23.29,true,1,
7290011530525,false,שייק איט צהוב tuesday,,IL,שייק איט צהוב,גרמים,450.00,100 גרם,false,1,34.90,7.76,true,1,
7290011587598,false,פילה אנשובי 45 גרם,אינוורסינס פריסקו,PE,פילה אנשובי,גרמים,45.00,100 גרם,false,0,7.90,17.56,true,1,
7290011598211,false,סנו אנטי קאלק נ.כללי700מ,סנו מפעלי ברונוס בעמ,IL,סנו אנטי קאלק,מיליליטרים,700.00,"100 מ""ל",false,0,19.90,2.84,true,1,
7290011607180,false,א.כביסה קולון 1.25 קג,רקיט בנקיזר,IL,אבקת כביסה קולון,קילוגרמים,1.25,"ק""ג",false,0,14.90,11.92,true,1,
7290011618025,false,בייבי ביס בטעם טבעי 50 ג,want-want,CN,בייבי ביס,גרמים,50.00,100 גרם,false,0,14.90,29.80,true,1,
7290011668587,false,גרנולה עשירה 500 גרם,אפקט טבעי,IL,גרנולה עשירה,גרמים,500.00,100 גרם,false,0,26.90,5.38,true,1,
7290011723200,false,טחינה הר ברכה 500 גרם,הר ברכה,IL,טחינה הר ברכה,גרמים,500.00,100 גרם,false,1,19.90,3.98,true,1,
7290011800840,false,טחינה בלאדי רפי כהן 400ג,סלטי צבר,IL,סלט טחינה בלאדי,גרמים,400.00,100 גרם,false,0,17.90,4.48,true,1,
7290011947316,false,זיתים קלמטה בשמן זית 215,זיתא,IL,זיתי קלמטה,גרמים,215.00,100 גרם,false,1,14.90,6.93,true,1,
7290012001994,false,חרדל דיז'ון ריין 350 גרם,ריין דיג'ון,FR,חרדל דיז'ון ריין,גרמים,350.00,100 גרם,false,0,13.10,3.74,true,1,
7290012019265,false,"רסק תפו""ע ללת""ס 113*4 גר",אינדיאן סאמר קו אופ אינק,US,"רסק תפו""ע ללת""ס",גרמים,452.00,100 גרם,false,0,11.90,2.63,true,1,
7290012086113,false,עגבניה שרי אשכולות מובחר,קטיף.,IL,שרי אשכולות,גרמים,460.00,100 גרם,false,0,10.90,2.37,true,1,
7290012117350,false,סנו ריצפז פרש לילך 2ליטר,"סנו מפעלי ברונוס בע""\מ",IL,סנו ריצפז,ליטרים,2.00,ליטר,false,0,19.90,9.95,true,1,
7290012117558,false,מרכ.מקסימה ס.מרוכז מסק1ל,"סנו מפעלי ברונוס בע""\מ",IL,מקסימה ס.מרוכז,ליטרים,1.00,ליטר,false,0,18.90,18.90,true,1,
7290012226120,false,קבנוס 135 גרם,זוגלובק,IL,קבנוס,גרמים,135.00,100 גרם,false,0,12.90,9.56,true,1,
7290012227325,false,סלמי איטלקי מעושן דק דק,זוגלובק,IL,סלמי איטלקי מעוש,גרמים,120.00,100 גרם,false,1,14.90,12.42,true,1,
7290012227912,false,קבנוס מעודן 135 גרם,זוגלובק,IL,קבנוס מעודן,גרמים,135.00,100 גרם,false,1,12.90,9.56,true,1,
7290012227974,false,פסטרמה בדבש דק דק דק,זוגלובק,IL,פסטרמה בדבש דק,גרמים,120.00,100 גרם,false,1,14.90,12.42,true,1,
7290012227981,false,פסטרמה ברביקיו דק דק דק,זוגלובק,IL,פסטרמה ברביקיו,גרמים,120.00,100 גרם,false,1,14.90,12.42,true,1,
7290012227998,false,חזה בקר דק דק 120 גרם 12,זוגלובק,IL,חזה בקר דק דק,גרמים,120.00,100 גרם,false,1,14.90,12.42,true,1,
7290012228261,false,נקניקיות הודו פרמיום קנק,זוגלובק,IL,נקניקיות קנקרס ה,גרמים,300.00,100 גרם,false,1,23.90,7.97,true,1,
7290012588242,false,"מים כדורגל 500*6 מ""ל",נרה קריטיס אס איי באריפט,GR,מים מינרלים6יח,ליטרים,3.00,ליטר,false,1,10.90,3.64,true,1,
7290012823541,false,מטליות ריצפז ניחוח לונדר,"סנו מפעלי ברונוס בע""\מ",IL,מטליות ריצפז,יחידה,1.00,יחידה,false,0,12.90,12.90,true,1,
7290012823602,false,נייר טואלט סופט לבן 32גל,מפעלי ברונוס בעמ,IL,נ.טואלט סופט לבן,מטרים,588.00,100 מטר,false,0,33.90,5.77,true,1,
7290012884986,false,"ציפס לתנור 1.5 ק""ג","תעשיות תפוגן בע""\מ",IL,ציפס לתנור,קילוגרמים,1.50,"ק""ג",false,0,29.90,19.93,true,1,
7290012938405,false,רדיד אלומיניום רחב דיימו,ריינולדס,CN,רדיד אלומיניום,מטרים,7600.00,מטר,false,0,16.90,0.00,true,1,
7290012962578,false,300צמרוני אוזניים בקופסא,LTD CO S.T.O,CN,צימרוני אוזניים,יחידה,1.00,יחידה,false,0,7.90,7.90,true,1,
7290013027399,false,לחם מלא+100%שיפון-קל750ג,מאפיית שלמה א. אנג'\ל בע,IL,אנג'ל -100קל,גרמים,750.00,100 גרם,false,0,15.90,2.12,true,1,
7290013083678,false,מטרנה אקסטרה קר שלב2 700,מטרנה תעשיות ש.מ,IL,מטרנה אקסטרה קר,גרמים,700.00,100 גרם,false,0,61.90,8.84,true,1,
7290013083685,false,מטרנה אקסטרה קר שלב3 700,מטרנה תעשיות ש.מ,IL,מטרנה אקסטרה קר,גרמים,700.00,100 גרם,false,0,61.90,8.84,true,1,
7290013117212,false,בורקס פילו גבינה 600 גרם,"מעדנות בע""\מ",IL,בורקס גבינה,גרמים,600.00,100 גרם,false,0,23.90,3.98,true,1,
7290013268020,false,מקסימה סופר מרוכז פרש 1ל,"סנו מפעלי ברונוס בע""\מ",IL,מרכך כביסה,ליטרים,1.00,ליטר,false,0,18.90,18.90,true,1,
7290013268884,false,סנו ריצפז פרש מאסק 2ליטר,סנו מפעלי ברונוס בעמ,IL,ריצפז פרש לרצפות,ליטרים,2.00,ליטר,false,0,19.90,9.95,true,1,
7290013269003,false,מקסימה מרכך בייבי 1 ליטר,"סנו מפעלי ברונוס בע""\מ",IL,מקסימה מרכך,ליטרים,1.00,ליטר,false,0,19.90,19.90,true,1,
7290013269263,false,מקסימה ג'ל כביסה 3ליטר,סנו מפעלי ברונוס בעמ,IL,מקסימה ג'ל,ליטרים,3.00,ליטר,false,0,35.60,11.87,true,1,
7290013284143,false,מלפפונים במלח,,IL,מלפפונים במלח,גרמים,560.00,100 גרם,false,0,7.80,1.39,true,1,
7290013284310,false,רוטב פסטה,,IL,רוטב פסטה,גרמים,240.00,100 גרם,false,0,6.50,2.71,true,1,
7290013310385,false,כפפות ניטריל M 80 יח',LTD G.G.CO,TH,כפפות ניטריל,יחידה,1.00,יחידה,false,0,30.90,30.90,true,1,
7290013585387,false,קולה זירו 1 ליטר,החברה המרכזית לייצור משק,IL,קולה זירו,ליטרים,1.00,ליטר,false,1,7.20,7.20,true,1,
7290013585394,false,קוקה קולה 1 ליטר,החברה המרכזית לייצור משק,IL,קוקה קולה,ליטרים,1.00,ליטר,false,1,7.50,7.50,true,1,
7290013608260,false,מיץ רימונים סחוט טרי 1ל',גניר,IL,מיץ רימונים,ליטרים,1.00,ליטר,false,0,26.70,26.70,true,1,
7290013787415,false,רביולי תרד וריקוטה,דודו איטליאן פרודקטס בע\,IL,רביולי תרד וריקו,גרמים,330.00,100 גרם,false,1,28.90,8.76,true,1,
7290013847454,false,טונה סטארקיסט קנולה160*4,"טונה ויאטנם קו,. אל.טי.ד",VN,טונה בשמן 4 יח,גרמים,640.00,100 גרם,false,1,25.90,4.05,true,1,
7290013847645,false,טונה בשמן זית 80*3 גרם,,TR,טונה בשמן זית3יח,גרמים,240.00,100 גרם,false,1,19.90,8.29,true,1,
7290013861955,false,תערובת פיצוחים 200גרם,שקדיה,IL,תערובת פיצוחים,גרמים,200.00,100 גרם,false,0,24.70,12.35,true,1,
7290013861986,false,אגוז קשיו קלוי 200גרם,שקדיה,IL,קשיו קלוי,גרמים,200.00,100 גרם,false,0,24.90,12.45,true,1,
7290013906212,false,"נקניקיות וינר 1 ק""ג",טיב טירת צבי 2000,IL,נקניקיות וינר,קילוגרמים,1.00,"ק""ג",false,0,25.90,25.90,true,1,
7290013906694,false,"נקניקיות עוף 1.5 ק""ג 150",טיב טירת צבי 2000,IL,נקניקיות עוף 1.5,גרמים,1500.00,100 גרם,false,1,39.90,2.66,true,1,
7290014002203,false,חליטת לימונית לואיזה 25ש,ויסוצקי,IL,חליטת לימונית,גרמים,75.00,100 גרם,false,0,19.90,26.53,true,1,
7290014002944,false,חליטת חמדת שקד גן קסום25,ויסוצקי,IL,חליטת חמדת שקד,גרמים,57.00,100 גרם,false,0,19.90,34.91,true,1,
7290014095021,false,אגוז מלך טבעי150ג שקדיה,שקדיה,IL,אגוז מלך קלוף,גרמים,150.00,100 גרם,false,0,14.90,9.93,true,1,
7290014218932,false,חטיפי פיצה בתוספת זיתים,"מעדנות בע""\מ",IL,חטיפי פיצה בתוספ,גרמים,710.00,100 גרם,false,1,37.90,5.34,true,1,
7290014256620,false,קריניאנו מבעבע באזז750מ,יקבי כרמל,IL,קריניאנו באזז,מיליליטרים,750.00,"100 מ""ל",false,0,29.90,3.99,true,1,
7290014256637,false,מוסקטו מבעבע באזז 750 מל,יקבי כרמל,IL,מוסקטו באזז,מיליליטרים,750.00,"100 מ""ל",false,0,29.90,3.99,true,1,
7290014397729,false,אקונומיקה פיסגה,,IL,אקונומיקה פיסגה,ליטרים,2.00,ליטר,false,0,11.50,5.75,true,1,
7290014426061,false,משחת שיניים הלו קיטי50מ,כצט,IL,משחת שיניים,מיליליטרים,50.00,"100 מ""ל",false,0,13.80,27.60,true,1,
7290014435506,false,כרוב אדום במיונז 250 גרם,סלטי שמיר,IL,כרוב אדום במיונז,גרמים,250.00,100 גרם,false,0,9.80,3.92,true,1,
7290014455252,false,גרנה פדנו מגורדת 100 גרם,,IT,גבינה גרנה פדנו,גרמים,100.00,100 גרם,false,1,12.90,12.90,true,1,
7290014525665,false,עוג.קקאו על חלל שוק140ג,"מרבה בע""\מ",NL,עוגיות על חלל,גרמים,140.00,100 גרם,false,1,10.90,7.79,true,1,
7290014725348,false,סוכרזית קלאסי 100 שקיות,"ביסקול בע""מ",IL,סוכרזית קלאסי,גרמים,130.00,100 גרם,false,0,14.90,11.46,true,1,
7290014758100,false,יוגורט ביו 8 יח,,IL,יוגורט ביו 8 יח,קילוגרמים,1.20,"ק""ג",false,0,17.30,14.42,true,1,
7290014758162,false,חלב עיזים מלא 1ל,,IL,חלב עיזים מלא 1ל,ליטרים,1.00,ליטר,false,0,15.70,15.70,true,1,
7290014759084,false,גבינת נפוליאון,,IL,גבינת נפוליאון,גרמים,225.00,100 גרם,false,0,15.00,6.67,true,1,
7290014760134,false,מעדן סויה בטעם וניל 125ג,,IL,מעדן סויה וניל,גרמים,125.00,100 גרם,false,1,4.70,3.76,true,1,
7290014760141,false,משקה שקדים טרי 1 ליטר,סוי מג'יק,IL,משקה שקדים,ליטרים,1.00,ליטר,false,1,14.80,14.80,true,1,
7290014760448,false,גבינת גלבוע 22% 400 גרם,תנובה,IL,גבינת גלבוע,גרמים,400.00,100 גרם,false,1,24.00,6.00,true,1,
7290014760912,false,גוש חלב מהדרין28% 400גרם,תנובה,IL,גבינה גוש חלב,גרמים,400.00,100 גרם,false,1,26.10,6.53,true,1,
7290014761056,false,יולו שוקולד חלב,,IL,יולו שוקולד חלב,גרמים,123.00,100 גרם,false,0,5.00,4.07,true,1,
7290014761063,false,יולו שוקולד מריר,,IL,יולו שוקולד מריר,גרמים,123.00,100 גרם,false,0,5.00,4.07,true,1,
7290014761070,false,יולו שוקולד לבן,,IL,יולו שוקולד לבן,גרמים,123.00,100 גרם,false,0,5.00,4.07,true,1,
7290014761414,false,יולו שכבות שוקו.,,IL,יולו שכבות שוקו.,גרמים,123.00,100 גרם,false,0,5.00,4.07,true,1,
7290014762848,false,פתיתי גלבוע 22% 500 גרם,,IL,פתיתי גלבוע,גרמים,500.00,100 גרם,false,1,33.90,6.78,true,1,
7290014762909,false,פתיתי מוצרלה 200 גרם,תנובה,IL,פתיתי מוצרלה200ג,גרמים,200.00,100 גרם,false,1,17.90,8.95,true,1,
7290014791091,false,"שוופס לימונייד 500 מ""ל",יפאורה שותפות מובגלת לשי,IL,שוופס לימונייד,מיליליטרים,500.00,"100 מ""ל",false,0,6.30,1.26,true,1,
7290014791725,false,"שוופס מוגז תפוח 500 מ""ל",יפאורה שותפות מובגלת לשי,IL,שוופס מוגז תפוח,מיליליטרים,500.00,"100 מ""ל",false,1,6.30,1.26,true,1,
7290014940901,false,לחם פשוט מלא 750 גרם,מאפיית שלמה א. אנג'\ל בע,IL,לחם מלא,גרמים,750.00,100 גרם,false,1,15.90,2.12,true,1,
7290015055000,false,עגבניה שרי ליקופ,,IL,עגבניה שרי ליקופ,גרמים,460.00,100 גרם,false,0,10.90,2.37,true,1,
7290015155823,false,חטיפטף פרינוק תפוח 120 ג,פרוטה פודיווין,CZ,חטיפטף פרינוק,גרמים,120.00,100 גרם,false,1,6.50,5.42,true,1,
7290015155830,false,חטיפטף פרינוק תפוח בננה,,CZ,חטיפטף פרינוק,גרמים,120.00,100 גרם,false,1,6.50,5.42,true,1,
7290016006148,false,"שוופס מוגז ענבים 500 מ""ל",יפאורה שותפות מובגלת לשי,IL,שוופס מוגז ענבים,מיליליטרים,500.00,"100 מ""ל",false,1,6.30,1.26,true,1,
7290016197495,false,מטליות מקרופייבר רצפה2יח,INC UFO,CN,מטלית לרצפה 2יח,יחידה,1.00,יחידה,false,1,24.90,24.90,true,1,
7290016217728,false,איקרה אדומה 200 גרם,,IL,איקרה אדומה,גרמים,200.00,100 גרם,false,1,17.90,8.95,true,1,
7290016245769,false,לחם כוסמין 600 גרם,ביכורים,IL,לחם כוסמין,גרמים,600.00,100 גרם,false,1,18.90,3.15,true,1,
7290016245806,false,לחמניות המבוגר כוסמין4יח,"ביכורים מזון ומאפה בע""\מ",IL,לחמניות המבוגר,גרמים,350.00,100 גרם,false,1,16.90,4.83,true,1,
7290016314762,false,פרובנציאל מטיאס 200 גרם,,IL,פרובנציאל מטיאס,גרמים,200.00,100 גרם,false,1,22.90,11.45,true,1,
7290016314779,false,פילה מטיאס הולנדי 200גרם,,IL,פילה מטיאס,גרמים,200.00,100 גרם,false,1,22.90,11.45,true,1,
7290016314847,false,סלמון מובחר 100גרם,,IL,סלמון מובחר,גרמים,100.00,100 גרם,false,1,20.90,20.90,true,1,
7290016321661,false,64*4 פרש וואנס ללא בישום,עלבד משואות יצחק,IL,פרש וואנס 4יח,יחידה,1.00,יחידה,false,1,16.90,16.90,true,1,
7290016372373,false,רסק עגבניות 140*2 גרם,ויסוצקי,IT,רסק עגבניות 2 יח,גרמים,280.00,100 גרם,false,1,8.90,3.18,true,1,
7290016372489,false,חליטת ג'ינג'ר ולימון 20ש,ויסוצקי,IL,חליטת ג'ינג'ר,גרמים,37.00,100 גרם,false,1,19.90,53.78,true,1,
7290016509786,false,ג'ל כביסה פרסיל 2.5 ליטר,"הנקל סוד בע""\מ",IL,ג'ל כביסה פרסיל,ליטרים,2.50,ליטר,false,1,36.90,14.76,true,1,
7290016509809,false,ג'ל כב.פרסיל קולור 2.5 ל,"הנקל סוד בע""\מ",IL,ג'ל כביסה פרסיל,ליטרים,2.50,ליטר,false,1,36.90,14.76,true,1,
7290016545647,false,בירה קראפטי חזקה10% 330מ,"מבשלת הארץ בע""מ",IL,בירה קראפטי חזקה,מיליליטרים,330.00,"100 מ""ל",false,1,12.90,3.91,true,1,
7290016545654,false,"בירה קראפטי בלונד 330מ""ל","מבשלת הארץ בע""מ",IL,בירה קראפטי,מיליליטרים,330.00,"100 מ""ל",false,1,12.90,3.91,true,1,
7290016545685,false,"בירה קראפטי IPA 330 מ""ל","מבשלת הארץ בע""מ",IL,בירה קראפטי IPA,מיליליטרים,330.00,"100 מ""ל",false,1,12.90,3.91,true,1,
7290016967074,false,לחם אנג'ל חיטה מלאה750ג,מאפיית שלמה א. אנג'\ל בע,IL,אנג'ל חיטה מלאה,גרמים,750.00,100 גרם,false,1,17.90,2.39,true,1,
7290016967456,false,לחם מחמצת כוסמין 600 גרם,מאפיית שלמה א.אנג'\ל,IL,לחם מחמצת,גרמים,600.00,100 גרם,false,1,18.90,3.15,true,1,
7290017046068,false,עוגיות שיבולת שועל 500 ג,,IL,עוגיות ש.שועל,גרמים,500.00,100 גרם,false,1,18.90,3.78,true,1,
7290017065007,false,מוצרלה פרוסות22% 150 גרם,מחלבות גד,IL,מוצרלה פרוסות,גרמים,150.00,100 גרם,false,1,19.50,13.00,true,1,
7290017065236,false,בולגרית מעודנת 24% 250 ג,"מחלבות גד בע""\מ",IL,בולגרית מעודנת,גרמים,250.00,100 גרם,false,1,23.30,9.32,true,1,
7290017065663,false,פטה עיזים מעודנ 16% 250ג,מחלבות גד,IL,פטה עיזים מעודנת,גרמים,250.00,100 גרם,false,1,30.90,12.36,true,1,
7290017065786,false,צ'דר 200 גרם,"מחלבות גד בע""\מ",GB,גבינת צ'דר,גרמים,200.00,100 גרם,false,1,22.90,11.45,true,1,
7290017105086,false,שעועית צ'ילי יכין 200גרם,"זנלכל בע""\מ",IL,שעועית צ'ילי,גרמים,200.00,100 גרם,false,1,4.50,2.25,true,1,
7290017105116,false,תורמוס יכין 200 גרם,"זנלכל בע""\מ",IL,תורמוס יכין,גרמים,200.00,100 גרם,false,1,4.50,2.25,true,1,
7290017105123,false,פול מצרי יכין 200 גרם,"זנלכל בע""\מ",IL,פול מצרי יכין,גרמים,200.00,100 גרם,false,1,4.50,2.25,true,1,
7290017129495,false,אגו מיקס כ.תירס 55 גרם,כרמית תעשיות ממתקים בעמ,IL,אגו מיקס כ.תירס,גרמים,55.00,100 גרם,false,1,5.90,10.73,true,1,
7290017129501,false,אגו מיקס כ.תירס מצופה55ג,כרמית,IL,אגו מיקס 55 גרם,גרמים,55.00,100 גרם,false,1,5.90,10.73,true,1,
7290017142128,false,שמ.זית כתית מעול.קלאס750,שמן תעשיות בעמ,IT,שמן זית כתית,מיליליטרים,750.00,"100 מ""ל",false,1,33.90,4.52,true,1,
7290017304885,false,לחם שיפון מלא פרוס 750גר,מאפיית שלמה א. אנג'\ל בע,IL,לחם שיפון מלא,גרמים,750.00,100 גרם,false,1,17.90,2.39,true,1,
7290017325828,false,קוסקוס חומוס אורגני 350ג,,IT,קוסקוס חומוס,גרמים,350.00,100 גרם,false,1,20.90,5.97,true,1,
7290017334172,false,שמן זית כתית מעולה,שמן זית אליעד,IL,שמן זית כתית,מיליליטרים,750.00,"100 מ""ל",false,1,32.90,4.39,true,1,
7290017513775,false,בייגלה מצופה שוק.חלב140ג,אולקר מקבוצת פלאדיס,TR,בייגלה מצופה,גרמים,140.00,100 גרם,false,1,9.90,7.07,true,1,
7290017513782,false,בייגלה מצופה שוק.מריר140,אולקר מקבוצת פלאדיס,TR,בייגלה מצופה,גרמים,140.00,100 גרם,false,1,9.90,7.07,true,1,
7290017516295,false,חטיף חלבון אגוזי לוז60ג,,IL,חטיף חלבון,גרמים,60.00,100 גרם,false,1,11.50,19.17,true,1,
7290017516318,false,ח.חלבון פנגיאה שוקולד60ג,,IL,חטיף חלבון,גרמים,60.00,100 גרם,false,1,11.50,19.17,true,1,
7290017516332,false,חטיף חלבון פנגיאה 60 גרם,,IL,חטיף חלבון,גרמים,60.00,100 גרם,false,1,11.50,19.17,true,1,
7290017516479,false,חטיף חלבון פנגיאה וניל60,,IL,חטיף חלבון וניל,גרמים,60.00,100 גרם,false,1,11.50,19.17,true,1,
7290017589633,false,"קברנה רזרב גולד 750 מ""ל",יקבי ברקן,IL,קברנה רזרב גולד,מיליליטרים,750.00,"100 מ""ל",false,1,54.90,7.32,true,1,
7290017617046,false,טונה סטארק.בשמן זית140*4,דרדנל,TR,טונה בשמן זית4יח,גרמים,560.00,100 גרם,false,1,29.90,5.34,true,1,
7290017617091,false,מיקס טו גו פתית+טונה185ג,דרדנל אוננטאס גידה,TR,מיקס טו גו טונה,גרמים,185.00,100 גרם,false,1,11.90,6.43,true,1,
7290017647425,false,גמלא קברנה סובניון 750 מ,יקב רמת הגולן,IL,קברנה סוביניון,מיליליטרים,750.00,"100 מ""ל",false,1,68.50,9.13,true,1,
7290017677811,false,"רוטב סויה קיקומן 296 מ""ל",קיקומן פודז אינק,NL,רוטב סויה קיקומן,מיליליטרים,296.00,"100 מ""ל",false,1,15.90,5.37,true,1,
7290017812571,false,מיץ ענבים תירוש אדום 1 ל,יקבי כרמל,IL,תירוש כרמל אדום,ליטרים,1.00,ליטר,false,1,21.90,21.90,true,1,
7290017812588,false,תירוש מיץ ענבים לבן 1 ל',יקבי כרמל,IL,מיץ תירוש לבן,ליטרים,1.00,ליטר,false,1,21.90,21.90,true,1,
7290017888019,false,פרוט&וג תפוח סלק רימ350מ,יפאורה תבורי בעמ,IL,משקה פרוט&וג',מיליליטרים,350.00,"100 מ""ל",false,1,8.60,2.46,true,1,
7290017888026,false,פרוט&וג' אננ.תפוח גזר350,יפאורה תבורי בעמ,IL,משקה פרוט&וג',מיליליטרים,350.00,"100 מ""ל",false,1,8.60,2.46,true,1,
7290017888033,false,פרוט&וג בננ.מלון נענ350מ,יפאורה תבורי בעמ,IL,משקה פרוט&ווג',מיליליטרים,350.00,"100 מ""ל",false,1,8.60,2.46,true,1,
7290017888644,false,פרוט&וג' אננ.בננ.כורכ350,,IL,משקה פרוט&וג',מיליליטרים,350.00,"100 מ""ל",false,1,8.60,2.46,true,1,
7290017928432,false,גריסיני קראנץ עם פרג175ג,מאיר בייגל,IL,גריסיני קראנץ,גרמים,175.00,100 גרם,false,1,12.90,7.37,true,1,
7290017928661,false,שברי בייגלה,,,שברי בייגלה,יחידה,1.00,יחידה,false,0,14.20,14.20,true,1,
7290017928821,false,גריסיני קלאסי 200 גרם,מאיר בייגל,IL,גריסיני קלאסי,גרמים,200.00,100 גרם,false,1,12.90,6.45,true,1,
7290017947105,false,לחם בסגנון אמריקה 500 גר,מאפיית שלמה א. אנג'\ל בע,IL,לחם סגנון אמריקה,גרמים,500.00,100 גרם,false,1,15.90,3.18,true,1,
7290017947495,false,לחמנ.כוסמין אנג'ל6יח450ג,,,לחמניות כוסמין6*,יחידה,1.00,יחידה,false,0,16.90,16.90,true,1,
7290017947891,false,לחם כוסמין+חיטה מלאה750ג,מאפיית שלמה א. אנג'\ל בע,IL,אנג'ל  כוסמין,גרמים,750.00,100 גרם,false,1,17.90,2.39,true,1,
7290017947938,false,לחמניות מיני המבורגר400ג,מאפיית שלמה א. אנג'\ל בע,IL,לחמניות המבורגר,גרמים,400.00,100 גרם,false,1,15.90,3.98,true,1,
7290018043196,false,פראוד חטיף טעם עוגיות60ג,,NL,פראוד חטיף בטעם,גרמים,60.00,100 גרם,false,1,13.90,23.17,true,1,
7290018045893,false,דגנים במילוי קרם נוגט480,,DE,דגנים במילוי קרם,גרמים,480.00,100 גרם,false,1,21.90,4.57,true,1,
7290018131251,false,אקסטרים מטבע שוקולד וליב,גלידות נסטלה )נגה גלידות,IL,אקסטרים מטבע שוק,יחידה,1.00,יחידה,false,1,11.00,11.00,true,1,
7290018131855,false,מאגדת אקסטרים בראוניז,גלידות נסטלה )נגה גלידות,IL,מאגדת אקסטרים בר,גרמים,432.00,100 גרם,false,1,37.90,8.77,true,1,
7290018333082,false,אגו מיקס קורנפלקס מצופה,"כרמית תעשיות ממתקים בע""\",IL,אגו מיקס 55גרם,גרמים,55.00,100 גרם,false,1,5.90,10.73,true,1,
7290018440247,false,צ'אי שקדים 25 * 2 גרם,,IL,צ'אי שקדים,גרמים,50.00,100 גרם,false,1,18.90,37.80,true,1,
7290018440254,false,צ'אי קרמל מלוח 25 * 2גרם,,IL,צ'\אי קרמל מלוח,גרמים,50.00,100 גרם,false,1,18.90,37.80,true,1,
7290018440483,false,בייגלה קרמל מלוח שוק140ג,אולקר מקבוצת פלאדיס,TR,בייגלה קרמל מלוח,גרמים,140.00,100 גרם,false,1,9.90,7.07,true,1,
7290018468302,false,נקניקיות צמחיות מרגז 400,,IL,נקניקיות צמחיות,גרמים,400.00,100 גרם,false,1,41.90,10.48,true,1,
7290018471395,false,פרוט& ווג תפ.רימון סלק1ל,יפאורה תבורי בעמ,IL,מיץ פרוט & ווג',ליטרים,1.00,ליטר,false,1,14.10,14.10,true,1,
7290018471401,false,פרוט&ווג אננ.בננ.כורכו1ל,יפאורה תבורי בעמ,IL,מיץ פרוט & ווג',ליטרים,1.00,ליטר,false,1,14.10,14.10,true,1,
7290018471906,false,שוופס לימונדה ורודה1.5ל,"יפאורה תבורי בע""\מ",IL,שוופס לימונדה,ליטרים,1.50,ליטר,false,0,9.50,6.33,true,1,
7290018471937,false,שוופס מוגז תות ליים 1.5ל,"יפאורה תבורי בע""\מ",IL,שוופס מוגז תו,ליטרים,1.50,ליטר,false,0,9.50,6.33,true,1,
7290018471944,false,שוופס מוגז לימונייד 1.5ל,"יפאורה תבורי בע""\מ",IL,שוופס לימוניי,ליטרים,1.50,ליטר,false,0,9.50,6.33,true,1,
7290018540329,false,פיתה פיתה 8 * 100 גרם,מאפיית שלמה א. אנג'\ל בע,IL,פיתה פיתה 8 יח,גרמים,800.00,100 גרם,false,1,13.90,1.74,true,1,
7290018893449,false,וופל במילוי קרמל 175 גרם,,NL,וופל במילוי קרמל,גרמים,175.00,100 גרם,false,1,10.90,6.23,true,1,
7290018925065,false,מיץ תפוזים סחוט 2 ליטר,גניר,IL,מיץ תפוזים סחוט,ליטרים,2.00,ליטר,false,1,27.90,13.95,true,1,
7290019014690,false,נוזל רצפות פלאוור 1.35 ל,סאסא טק,IL,נוזל לרצפות,ליטרים,1.35,ליטר,false,1,24.90,18.44,true,1,
7290019014751,false,ניקוי כלים24% פלאוור750מ,סאסא טק,IL,ניקוי כלים 24%,מיליליטרים,750.00,"100 מ""ל",false,1,14.90,1.99,true,1,
7290019014768,false,"ניקוי כלים 24% 750מ""ל",סאסא טק,IL,ניקוי כלים 24%,מיליליטרים,750.00,"100 מ""ל",false,1,14.90,1.99,true,1,
7290019056041,false,שוופס למונייד ל.סוכר1.5ל,יפאורה תבורי,IL,שוופס למונייד,ליטרים,1.50,ליטר,false,0,8.90,5.93,true,1,
7290019056058,false,שוופס מוגז עדין תפוח1.5ל,"יפאורה תבורי בע""\מ",IL,שוופס מוגז תפוח,ליטרים,1.50,ליטר,false,0,8.90,5.93,true,1,
7290019056065,false,שוופס מוגז עדין פ.יער1.5,"יפאורה תבורי בע""\מ",IL,שוופס מוגז,ליטרים,1.50,ליטר,false,0,8.90,5.93,true,1,
7290019056089,false,שוופס מוגז עדין ריזל1.5ל,"יפאורה תבורי בע""\מ",IL,שוופס מוגז,ליטרים,1.50,ליטר,false,0,8.90,5.93,true,1,
7290019056096,false,שוופס מוגז עדין אפרסק1.5,"יפאורה תבורי בע""\מ",IL,שוופס אפרסק,ליטרים,1.50,ליטר,false,0,8.90,5.93,true,1,
7290019056164,false,שוופס סודה 1.5*4 ליטר,"יפאורה תבורי בע""\מ",IL,שוופס סודה1.5*4ל,ליטרים,6.00,ליטר,false,0,13.10,2.18,true,1,
7290019056171,false,שוופס סודה לימון 1.5*4 ל,"יפאורה תבורי בע""\מ",IL,סודה לימון 1.5*4,ליטרים,6.00,ליטר,false,0,13.10,2.18,true,1,
7290019056317,false,שוופס ראש'ן 1.5 ליטר,"יפאורה תבורי בע""\מ",IL,שוופס ראש'ן,ליטרים,1.50,ליטר,false,0,12.70,8.47,true,1,
7290019056324,false,שוופס טוניק 1.5 ליטר,"יפאורה תבורי בע""\מ",IL,שוופס מי טוני,ליטרים,1.50,ליטר,false,0,12.70,8.47,true,1,
7290019056331,false,שוופס טוניק ללא סוכר1.5ל,יפאורה תבורי בעמ,IL,מי טוניק ל.סו,ליטרים,1.50,ליטר,false,0,11.90,7.93,true,1,
7290019056355,false,תפוזינה לימונדה נענע1.5ל,"יפאורה תבורי בע""\מ",IL,תפוזינה לימונ,ליטרים,1.50,ליטר,false,0,9.30,6.20,true,1,
7290019056362,false,"תפוזינה משק""ל ענבים1.5ל","יפאורה תבורי בע""\מ",IL,תפוזינה ענבים,ליטרים,1.50,ליטר,false,0,9.30,6.20,true,1,
7290019056379,false,תפוזינה משקה קל תפוז1.5ל,"יפאורה תבורי בע""\מ",IL,תפוזינה תפוזי,ליטרים,1.50,ליטר,false,0,9.30,6.20,true,1,
7290019056393,false,תפוזינה תות בננה 1.5ליטר,"יפאורה תבורי בע""\מ",IL,תפוזינה תות ב,ליטרים,1.50,ליטר,false,0,9.30,6.20,true,1,
7290019056416,false,תפוזינה לימונדה 1.5 ליטר,"יפאורה תבורי בע""\מ",IL,תפוזינה לימונדה,ליטרים,1.50,ליטר,false,0,9.30,6.20,true,1,
7290019056478,false,תה ספרינג אפרסק 1.5 ליטר,"יפאורה תבורי בע""\מ",IL,ספרינג תה אפר,ליטרים,1.50,ליטר,false,0,8.90,5.93,true,1,
7290019056515,false,פרוט ווטר אננס 1.5 ליטר,"יפאורה תבורי בע""\מ",IL,פרוט ווטר אננ,ליטרים,1.50,ליטר,false,0,9.30,6.20,true,1,
7290019056522,false,פרוט ווטר תות 1.5 ליטר,"יפאורה תבורי בע""\מ",IL,פרוט ווטר תות,ליטרים,1.50,ליטר,false,0,9.30,6.20,true,1,
7290019056546,false,פרוט ווטר אבטיח 1.5 ליטר,"יפאורה תבורי בע""\מ",IL,פרוט ווטר אבט,ליטרים,1.50,ליטר,false,0,9.30,6.20,true,1,
7290019056553,false,עין גדי מים מינרל. 2*6 ל,עין גדי מיים מינרלים,IL,מים עין גדי2*6ל,ליטרים,12.00,ליטר,false,0,13.80,1.15,true,1,
7290019056584,false,ספרינג משקה תפוזים 1.5ל',"יפאורה תבורי בע""\מ",IL,ספרינג תפוזים,ליטרים,1.50,ליטר,false,0,9.20,6.13,true,1,
7290019056591,false,ספרינג ענבים 1.5 ליטר,"יפאורה תבורי בע""\מ",IL,ספרינג ענבים,ליטרים,1.50,ליטר,false,0,9.20,6.13,true,1,
7290019056607,false,ספרינג מיץ תפוחים 1.5 ל',"יפאורה תבורי בע""\מ",IL,ספרינג תפוחים,ליטרים,1.50,ליטר,false,0,9.20,6.13,true,1,
7290019056638,false,ספרינג תות-בננה 1.5 ליטר,"יפאורה תבורי בע""\מ",IL,ספרינג תות בנ,ליטרים,1.50,ליטר,false,0,9.20,6.13,true,1,
7290019056645,false,ספרינג אגס סברס תפוח1.5ל,"יפאורה תבורי בע""\מ",IL,משקה ספרינג,ליטרים,1.50,ליטר,false,0,9.20,6.13,true,1,
7290019056973,false,מים מינרליים מי עדן1.5*6,"מופק ממקור בזלתי עדן ,1",IL,מי עדן 1.5*6ל,ליטרים,9.00,ליטר,false,0,14.90,1.66,true,1,
7290019153214,false,"שוופס מנטה פחית 330 מ""ל",יפאורה תבורי בעמ,IL,שוופס מנטה פחית,מיליליטרים,330.00,"100 מ""ל",false,1,5.90,1.79,true,1,
7290019153313,false,פרוט& ווג' תפוח אוכמנ350,יפאורה תבורי בעמ,IL,משקה פרוט&וג',מיליליטרים,350.00,"100 מ""ל",false,1,8.60,2.46,true,1,
7290019232407,false,תה ירוק נענע 25 שק5+שק,ויסוצקי,IL,תה ירוק נענע,גרמים,45.00,100 גרם,false,1,26.90,59.78,true,1,
7290019233015,false,רוטב שקשוקה ירוקה 420 גר,,IT,רוטב לשקשוקה,גרמים,420.00,100 גרם,false,1,14.90,3.55,true,1,
7290019302391,false,"למברוסקו וילה לבן 750מ""ל",,IT,למברוסקו וילה,מיליליטרים,750.00,"100 מ""ל",false,1,31.90,4.25,true,1,
7290100240144,false,בדין תרסיס מייבש ורוד500,"זוהר דליה, קיבוץ דליה, 1",IL,תרסיס למייבש,מיליליטרים,500.00,"100 מ""ל",false,0,19.90,3.98,true,1,
7290100243671,false,"בדין אקסטרה כחול 960 מ""ל",יוניליוור סנאיי וי טיקאר,TR,מרכך כביסה בדין,מיליליטרים,960.00,"100 מ""ל",false,0,17.90,1.86,true,1,
7290100245231,false,נמס בכוס ט.עוף ש.מרק50גר,יוניליוור,IL,נמס בכוס ט.עוף,גרמים,50.00,100 גרם,false,0,7.80,15.60,true,1,
7290100249598,false,רוטב לעוף שום ודבש320גרם,יוניליוור ישראל מזון בע\,IL,רוטב לעוף,גרמים,320.00,100 גרם,false,0,11.90,3.72,true,1,
7290100249659,false,רוטב לעוף צ'ילי שום320גר,יוניליוור ישראל מזון בע\,IL,רוטב לעוף,גרמים,320.00,100 גרם,false,0,11.90,3.72,true,1,
7290100680711,false,פירורית זהב,עינת תעשיות,IL,פירורית זהב אסם,גרמים,350.00,100 גרם,false,0,9.50,2.71,true,1,
7290100685341,false,מרק ט.עוף רכ' טבעיים400ג,"אסם השקעות בע""\מ",IL,מרק טעם עוף,גרמים,400.00,100 גרם,false,0,18.90,4.73,true,1,
7290100686171,false,ביסלי גריל 6 * 35 גרם,"אסם השקעות בע""\מ",IL,ביסלי מארז 6 יח,גרמים,210.00,100 גרם,false,0,14.50,6.90,true,1,
7290100687109,false,במבה נוגט 60 גרם,"אסם השקעות בע""\מ",IL,במבה נוגט,גרמים,60.00,100 גרם,false,0,4.90,8.17,true,1,
7290100689301,false,מרק בטעם עוף זך 400גר,"אסם השקעות בע""\מ",IL,מרק בטעם עוף זך,גרמים,400.00,100 גרם,false,0,16.90,4.23,true,1,
7290100700075,false,פירורי לחם מוזהבים200ג,"סוגת תעשיות בע""\מ",IL,פירורי לחם מוזהב,גרמים,200.00,100 גרם,false,0,4.60,2.30,true,1,
7290100701157,false,"אורז להכנת סושי 1 ק""ג","סוגת תעשיות בע""\מ",IL,אורז להכנת סושי,קילוגרמים,1.00,"ק""ג",false,0,14.80,14.80,true,1,
7290100703007,false,עדשים שחורות בלוגה 500ג,"סוגת תעשיות בע""\מ",IL,עדשים שחורות,גרמים,500.00,100 גרם,false,1,9.90,1.98,true,1,
7290100850916,false,דוריטוס חמוץ חריף 70 גרם,"שטראוס פריטו ליי בע""\מ )",IL,דוריטוס חמוץ ח,גרמים,70.00,100 גרם,false,0,4.10,5.86,true,1,
7290100850923,false,דוריטוס גריל 70 גרם,"שטראוס פריטו ליי בע""\מ )",IL,דוריטוס גריל,גרמים,70.00,100 גרם,false,0,4.10,5.86,true,1,
7290100850930,false,דוריטוס בטעם טבעי 70 גרם,"שטראוס פריטו ליי בע""\מ )",IL,חטיף דוריטוס,גרמים,70.00,100 גרם,false,0,4.10,5.86,true,1,
7290100858592,false,קקאו עלית 150 גרם,עלית,IL,קקאו עלית,גרמים,150.00,100 גרם,false,0,10.20,6.80,true,1,
7290101551263,false,"סילאן  טבעי ללת""ס 700 גר","פוליבה בע""\מ",IL,סילאן טבעי,גרמים,700.00,100 גרם,false,1,22.90,3.27,true,1,
7290101551539,false,דנונה פרו+חלבון אפרסק200,"שטראוס בריאות בע""מ",IL,דנונה פרו אפרסק,גרמים,200.00,100 גרם,false,1,6.20,3.10,true,1,
7290101864127,false,מסיר כתמים קליה750מ,רקיט בנקיזר,IL,קליה ספריי,מיליליטרים,750.00,"100 מ""ל",false,0,16.90,2.25,true,1,
7290101868958,false,פיניש נוזל הברקה 800מל,,PL,פיניש נוזל הברקה,מיליליטרים,800.00,"100 מ""ל",false,0,20.90,2.61,true,1,
7290101869702,false,"פיניש ג'ל למדיח 600 מ""ל",רקיט בנקיזר,PL,פיניש ג'ל למדיח,מיליליטרים,600.00,"100 מ""ל",false,1,35.90,5.98,true,1,
7290101982418,false,ספריי ממתק קיטי,,,ספריי ממתק קיטי,גרמים,20.00,100 גרם,false,0,5.80,29.00,true,1,
7290101982470,false,"ממתק רולר 30 מ""ל",טייפן פאן טיים,CN,ממתק רולר,מיליליטרים,30.00,"100 מ""ל",false,0,6.50,21.67,true,1,
7290102030330,false,תפוצ'יפס מקסיקני 200 גרם,"שטראוס פריטו ליי בע""\מ )",IL,תפוצ'יפס,גרמים,200.00,100 גרם,false,0,10.90,5.45,true,1,
7290102393268,false,גבינה לבנה 5% 750 גרם,טרה,IL,גבינה לבנה 5%,גרמים,750.00,100 גרם,false,0,14.94,1.99,true,1,
7290103401429,false,קפה פלטינום ברזילאי 200,עלית,IL,קפה פלטינום,גרמים,200.00,100 גרם,false,0,28.90,14.45,true,1,
7290103404758,false,סלט כרוב אדום יום יום120,"שטראוס גרופ בע""\מ",IL,כרוב אדום אחלה,גרמים,120.00,100 גרם,false,0,5.40,4.50,true,1,
7290103681180,false,"מרלו הר תבור 750 מ""ל",מיוצר על ידי יקב תבור,IL,מרלו הר תבור,מיליליטרים,750.00,"100 מ""ל",false,1,38.90,5.19,true,1,
7290103681227,false,גוורצטרמינר הר תבור750מל,מיוצר על ידי יקב תבור,IL,גוורצטרמינר הר,מיליליטרים,750.00,"100 מ""ל",false,1,38.90,5.19,true,1,
7290103681623,false,"הר מוסקטו רוזה 750 מ""ל",יקב תבור,IL,הר מוסקטו  רוזה,מיליליטרים,750.00,"100 מ""ל",false,1,38.90,5.19,true,1,
7290103704964,false,נייר טואלט 3 שכבות 9 גל,,IL,נייר טואלט 9 גל,מטרים,277.00,מטר,false,1,34.90,0.13,true,1,
7290104061417,false,חומוס עם טחינה אחלה 400ג,"שטראוס גרופ בע""\מ",IL,חומוס טחינה אחלה,גרמים,400.00,100 גרם,false,0,11.90,2.98,true,1,
7290104061431,false,חומוס עם צנובר אחלה 400ג,"שטראוס גרופ בע""\מ",IL,חומוס צנובר אחלה,גרמים,400.00,100 גרם,false,0,11.90,2.98,true,1,
7290104061448,false,חומוס עם חריף אחלה 400 ג,"שטראוס גרופ בע""\מ",IL,חומוס חריף אחלה,גרמים,400.00,100 גרם,false,0,11.90,2.98,true,1,
7290104062599,false,גמדים תות בננה 100*8 גרם,"שטראוס בריאות בע""\מ",IL,גמדים תות בננה,גרמים,800.00,100 גרם,false,0,19.50,2.44,true,1,
7290104066566,false,טחינה אחלה 500 גרם,"שטראוס גרופ בע""\מ",IL,טחינה אחלה 500גר,גרמים,500.00,100 גרם,false,0,15.90,3.18,true,1,
7290104068539,false,מאסט LL מלון ואבטיח 28גר,עלית,IL,מסטיק מאסט,גרמים,28.00,100 גרם,false,0,4.60,16.43,true,1,
7290104500572,false,אפרופו איטליאנו 50 גרם,"אסם השקעות בע""\מ",IL,אפרופו איטליאנו,גרמים,50.00,100 גרם,false,0,5.80,11.60,true,1,
7290104508943,false,במבה חטיף בוטנים 200 גרם,"אסם השקעות בע""\מ",IL,במבה חטיף בוטנים,גרמים,200.00,100 גרם,false,0,9.10,4.55,true,1,
7290104720499,false,דני וניל 125*8 גרם,"שטראוס גרופ בע""\מ",IL,דני וניל 8 יח',קילוגרמים,1.00,"ק""ג",false,0,16.30,16.30,true,1,
7290104722530,false,תפוצ'יפס שמנת בצל 200גרם,"שטראוס פריטו ליי בע""\מ )",IL,תפוצ'יפס שמנת,גרמים,200.00,100 גרם,false,0,10.90,5.45,true,1,
7290104726262,false,דני שלוק שוקולד 125*4גרם,"שטראוס גרופ בע""\מ",IL,דני שלוק 4 יח,גרמים,500.00,100 גרם,false,0,11.50,2.30,true,1,
7290104726712,false,מארז מילקי ט.שוקולד170*8,"שטראוס גרופ בע""\מ",IL,מארז מילקי 8 יח',ליטרים,1.36,ליטר,false,0,21.20,15.59,true,1,
7290104728310,false,שמנת לקצפת 38% 250 גרם,מחלבת יטבתה,IL,שמנת לקצפת 38%,גרמים,250.00,100 גרם,false,0,6.47,2.59,true,1,
7290105360250,false,קפסולות קפה מס' 9 50 גרם,שטראוס קפה בי.וי.,IL,קפסולות קפה,גרמים,50.00,100 גרם,false,0,18.90,37.80,true,1,
7290105360328,false,קפסולות מס' 10 50 גרם,שטראוס קפה בי.וי.,IL,קפסולות מס' 10,גרמים,50.00,100 גרם,false,0,18.90,37.80,true,1,
7290105360335,false,קפסולות מס' 7 50 גרם,שטראוס קפה בי.וי.,IL,קפסולות מס' 7,גרמים,50.00,100 גרם,false,0,18.90,37.80,true,1,
7290105360878,false,תפוצ'יפס 50*4 גרם,"שטראוס פריטו ליי בע""\מ )",IL,תפוצ'יפס 4 יח,גרמים,200.00,100 גרם,false,0,12.50,6.25,true,1,
7290105362339,false,שמנת לבישול15%מהדרין250,מחלבת יטבתה,IL,שמנת לבישול 15%,מיליליטרים,250.00,"100 מ""ל",false,0,8.60,3.44,true,1,
7290105363602,false,כיף כף מקלות קלאסי 40 גר,עלית,TR,כיף כף מקלות,גרמים,40.00,100 גרם,false,0,5.20,13.00,true,1,
7290105364289,false,כיף כף מקלות פצפוצים40גר,עלית,TR,כיף כף מקלות,גרמים,40.00,100 גרם,false,0,5.20,13.00,true,1,
7290105364302,false,כיף כף מקלות אגוזים42גרם,עלית,TR,כיף כף מקלות,גרמים,42.00,100 גרם,false,0,5.20,12.38,true,1,
7290105364678,false,משקה אקטיביה אפרסק 250מל,"שטראוס גרופ בע""\מ",IL,משקה אקטיביה,מיליליטרים,250.00,"100 מ""ל",false,0,5.10,2.04,true,1,
7290105366993,false,סימפוניה שיפקה חריף200,שטראוס,IL,סימפוניה פלפל,גרמים,200.00,100 גרם,false,0,12.40,6.20,true,1,
7290105368331,false,"מילקי בטעם תות 170 מ""ל",שטראוס,IL,מילקי טעם תות,מיליליטרים,170.00,"100 מ""ל",false,0,2.90,1.71,true,1,
7290105369130,false,סימפוניה בצל ירוק5% 200ג,"שטראוס בריאות בע""\מ",IL,גבינת סימפוניה,גרמים,200.00,100 גרם,false,0,12.40,6.20,true,1,
7290105500151,false,וודקה פינלנדיה,,FI,וודקה פינלנדיה,מיליליטרים,700.00,"100 מ""ל",false,0,59.90,8.55,true,1,
7290105691248,false,קריספי טורטיה תירס 60 גר,"פרח תעשיות מזון בע""מ.",IL,קריספי טורטיה,גרמים,60.00,100 גרם,false,0,8.10,13.50,true,1,
7290105691934,false,"קמח שמרים 1 ק""ג",תחנת קמח המפרץ,IL,"קמח שמרים 1 ק""ג",קילוגרמים,1.00,"ק""ג",false,0,10.80,10.80,true,1,
7290105693341,false,במבה 25*10 גרם,"אסם השקעות בע""\מ",IL,במבה 10 יח,גרמים,250.00,100 גרם,false,0,17.90,7.16,true,1,
7290105695024,false,פתיתים אורז ואטריות500ג,"אסם השקעות בע""\מ",IL,פתיתים אפויים,גרמים,500.00,100 גרם,false,0,7.80,1.56,true,1,
7290105964564,false,חומוס אחלה 400 גרם,"שטראוס גרופ בע""\מ",IL,סלט חומוס אחלה,גרמים,400.00,100 גרם,false,1,9.50,2.38,true,1,
7290105965738,false,דנונה לשתיה תות בננה267ג,"שטראוס גרופ בע""\מ",IL,דנונה לשתיה,גרמים,267.00,100 גרם,false,0,5.30,1.99,true,1,
7290105968654,false,רביולי בטטה פרווה 400 גר,"שטראוס גרופ בע""\מ",IL,רביולי בטטה 400ג,גרמים,400.00,100 גרם,false,0,21.70,5.43,true,1,
7290106520066,false,רבע לשבע גלילית אגוז160ג,"הגביע מוצרי וופלים בע""\מ",IL,רבע לשבע 160 גרם,גרמים,160.00,100 גרם,false,0,12.90,8.06,true,1,
7290106520288,false,יוגורט דנונה פרו תות150ג,"שטראוס גרופ בע""\מ",IL,דנונה WOW תות,גרמים,150.00,100 גרם,false,1,4.90,3.27,true,1,
7290106520912,false,"שמנת לבישול 9% 250 מ""ל",מחלבת יטבתה,IL,שמנת לבישול 9%,מיליליטרים,250.00,"100 מ""ל",false,0,8.60,3.44,true,1,
7290106524439,false,תפוצ'יפס פופס טבעי 60גרם,"שטראוס פריטו ליי בע""\מ )",IL,תפוצ'יפס פופס,גרמים,60.00,100 גרם,false,1,4.30,7.17,true,1,
7290106525320,false,שוקולית לאפיה 500 גרם,שטראוס קפה בי.וי.,IL,שוקולית לאפיה,גרמים,500.00,100 גרם,false,0,16.50,3.30,true,1,
7290106571792,false,נסטלה ויטמינצ'יק קרחון ע,גלידות נסטלה )נגה גלידות,IL,נסטלה ויטמינצ'יק,יחידה,1.00,יחידה,false,1,4.00,4.00,true,1,
7290106572997,false,"קמח שמרים לפיצה 1 ק""ג",תחנת קמח המפרץ,IL,קמח שמרים לפיצה,קילוגרמים,1.00,"ק""ג",false,0,10.80,10.80,true,1,
7290106573277,false,חט.קריספי טאפאס זיתים150,"אסם השקעות בע""\מ",IL,חטיפי קריספי,גרמים,150.00,100 גרם,false,0,13.40,8.93,true,1,
7290106574953,false,בייגלה שטוחים שומשום300ג,"אסם השקעות בע""\מ",IL,בייגלה שטוחים,גרמים,300.00,100 גרם,false,0,11.90,3.97,true,1,
7290106574977,false,בייגלה שטוחים מלח300גרם,"אסם השקעות בע""\מ",IL,בייגלה שטוחים,גרמים,300.00,100 גרם,false,0,11.90,3.97,true,1,
7290106575257,false,עוגת סופלה טעם שוקולד340,"אסם השקעות בע""\מ",IL,עוגת סופלה הבית,גרמים,340.00,100 גרם,false,0,13.40,3.94,true,1,
7290106576537,false,חומוס מסעדה צבר 700גרם,סלטי צבר,IL,חומוס מסעדה צבר,גרמים,700.00,100 גרם,false,0,13.10,1.87,true,1,
7290106576834,false,לה קרמריה פונש בננה,גלידות נסטלה,IL,לה קרמריה,ליטרים,1.40,ליטר,false,0,21.90,15.65,true,1,
7290106576971,false,לה קרמריה שוקולד בלגי .1,גלידות נסטלה,IL,לה קרמריה,ליטרים,1.40,ליטר,false,0,21.90,15.65,true,1,
7290106577039,false,לה קרמריה וניל+שוק,גלידות נסטלה,IL,לא קרמריה,ליטרים,1.40,ליטר,false,0,21.90,15.65,true,1,
7290106663121,false,מילקי קייק 34 גרם,בובארד איטליה אס.פי.איי,IT,מילקי קייק,גרמים,34.00,100 גרם,false,1,3.10,9.12,true,1,
7290106667266,false,דוריטוס חמוץ חריף 185גרם,"שטראוס פריטו ליי בע""\מ )",IL,דוריטוס,גרמים,185.00,100 גרם,false,1,8.40,4.54,true,1,
7290106668577,false,"מיץ לימון 250 מ""ל",יורופוד ס.ר.ל,IT,מיץ לימון,גרמים,250.00,100 גרם,false,1,8.80,3.52,true,1,
7290106720626,false,ציטוס גבינה 80 גרם,"שטראוס פריטו ליי בע""\מ )",IL,ציטוס גבינה,גרמים,80.00,100 גרם,false,1,5.20,6.50,true,1,
7290106721920,false,מסטיק ספירמינט צ'יקלט66ג,"שטראוס גרופ בע""\מ.",IL,מסטיק ספירמינט,גרמים,66.00,100 גרם,false,1,11.50,17.42,true,1,
7290106726178,false,דנונה פרו פירות יער150ג,"שטראוס גרופ בע""\מ",IL,דנונה WOW פ.יער,גרמים,150.00,100 גרם,false,1,4.90,3.27,true,1,
7290107280020,false,מטליות לחות מארז,,IL,מטליות לחות מארז,יחידה,1.00,יחידה,false,0,19.90,19.90,true,1,
7290107280341,false,מטליות ריצפז מלון מפנק10,"סנו, ח.צ 520032988",IL,מטליות ריצפז,יחידה,1.00,יחידה,false,1,12.90,12.90,true,1,
7290107536042,false,מארז גיפט קארד מרובע ניי,,IL,מארז גיפטקארד,יחידה,1.00,יחידה,false,1,6.00,6.00,true,1,
7290107645584,false,מרק עוף אמיתי ר.טבעים400,יוניליוור ישראל מזון בע\,IL,מרק עוף אמיתי,גרמים,400.00,100 גרם,false,1,25.90,6.48,true,1,
7290107646147,false,חטיף שוגי קורנפלקס 26*6ג,יוניליוור ישראל מזון בעמ,IL,חטיפי שוגי 6 יח,גרמים,156.00,100 גרם,false,1,14.90,9.55,true,1,
7290107646826,false,חטיפי שוגי שוקו 26*6גרם,יוניליוור ישראל מזון בעמ,IL,חטיפי שוגי 6 יח,גרמים,156.00,100 גרם,false,1,14.90,9.55,true,1,
7290107647731,false,קוקומן חום לבן 375 גרם,יוניליוור ישראל מזון בעמ,IL,קוקומן חום לבן,גרמים,375.00,100 גרם,false,1,23.40,6.24,true,1,
7290107647854,false,דגני בוקר שוגי 500 גרם,יוניליוור ישראל מזון בעמ,IL,דגני בוקר שוגי,גרמים,500.00,100 גרם,false,1,22.90,4.58,true,1,
7290107649100,false,בייגלה טבעות+שומשום300ג,בייגל את בייגל מזון 198),IL,בייגלה טבעות,גרמים,300.00,100 גרם,false,1,12.20,4.07,true,1,
7290107649681,false,טילון קורנטו פסק זמן,"מיוצר ע""\י גלידת שטראוס",IL,טילון קורנטו פסק,יחידה,1.00,יחידה,false,1,8.00,8.00,true,1,
7290107649780,false,שלגון שוקובו 85 גרם,"מיוצר ע""\י גלידת שטראוס",IL,שלגון שוקובו,גרמים,85.00,100 גרם,false,1,10.00,11.76,true,1,
7290107649858,false,טילון סופר מגנום לבן,"מיוצר ע""\י גלידת שטראוס",IL,טילון סופר מגנום,יחידה,1.00,יחידה,false,1,11.00,11.00,true,1,
7290107870047,false,טילון בראוניז מטבע ענק י,גלידות נסטלה,IL,טילון בראונז,יחידה,1.00,יחידה,false,0,11.00,11.00,true,1,
7290107871990,false,פסטה צינורות 500 גרם,פסטה זארה,IT,פסטה צינורות,גרמים,500.00,100 גרם,false,0,6.50,1.30,true,1,
7290107879620,false,גל.לה פרוטה מלון תפוח 70,גלידות נסטלה )נגה גלידות,IL,גל.לה פרוטה מלון,יחידה,1.00,יחידה,false,1,8.00,8.00,true,1,
7290107879668,false,גל.לה פרוטה תות 70גרם,גלידות נסטלה )נגה גלידות,IL,גל.לה פרוטה תות,יחידה,1.00,יחידה,false,1,8.00,8.00,true,1,
7290107931397,false,כיף כף פצפצים 40 גרם,שולן צ'\יקולטה גידה סאן.,TR,כיף כף פצפצים,גרמים,40.00,100 גרם,false,1,5.50,13.75,true,1,
7290107932080,false,חלב מועשר3% בקבוק 1ליטר,מחלבת יטבתה,IL,חלב מועשר 3%,ליטרים,1.00,ליטר,false,1,7.90,7.90,true,1,
7290107936958,false,עד חצות אצבעות 125 גרם,ביסקוויטס טור ד'\אלבון,FR,עד חצות אצבעות,גרמים,125.00,100 גרם,false,1,11.90,9.52,true,1,
7290107937542,false,משקה אקטיביה תות1.2% 265,"שטראוס גרופ בע""\מ",IL,משקה אקטביה תות,גרמים,265.00,100 גרם,false,1,5.10,1.92,true,1,
7290107937627,false,קוביות ספירמינט צנצנת58ג,אסקום קונפקשיין,DE,קוביות מסטיק,גרמים,58.00,100 גרם,false,1,11.50,19.83,true,1,
7290107937856,false,קפסולות מס' 11 50 גרם,שטראוס קפה בי.וי,IL,קפסולות עלית,גרמים,50.00,100 גרם,false,1,18.90,37.80,true,1,
7290107938396,false,"מארז אקטימל תות 100*8מ""ל","שטראוס בריאות בע""\מ",IL,אקטימל תות 8יח',מיליליטרים,800.00,"100 מ""ל",false,1,22.70,2.84,true,1,
7290107944472,false,סימפוניה שום שמיר5% 200ג,"שטראוס בריאות בע""\מ",IL,גבינת סימפוניה,גרמים,200.00,100 גרם,false,1,12.40,6.20,true,1,
7290107953559,false,קפה טורקי לדרך 24 * 7 גר,שטראוס קפה בי.וי.,IL,קפה טורקי לדרך,גרמים,168.00,100 גרם,false,1,19.90,11.85,true,1,
7290107954976,false,משקה פרו קפה יטבתה350מ,מחלבת יטבתה,DE,משקה פרו קפה,מיליליטרים,350.00,"100 מ""ל",false,1,6.90,1.97,true,1,
7290107956895,false,קפסולות אספרסו קרמל50גרם,שטראוס קפה בי.וי,IL,קפסולות אספרסו,גרמים,50.00,100 גרם,false,1,18.90,37.80,true,1,
7290107956901,false,קפסולות אספרסו ט.אגוז50ג,שטראוס קפה בי.וי.,IL,קפסולות אספרסו,גרמים,50.00,100 גרם,false,1,18.90,37.80,true,1,
7290107956925,false,קפסולות אוגנדה 13 50 גרם,שטראוס קפה בי.וי.,IL,קפסולות קפה,גרמים,50.00,100 גרם,false,1,18.90,37.80,true,1,
7290107956932,false,קפסולות אינדונזיה מס12,שטראוס קפה בי.וי.,IL,קפסולות אינדונזי,גרמים,50.00,100 גרם,false,1,18.90,37.80,true,1,
7290107957991,false,מילקי קייק מיניס 144 גרם,בובארד איטליה אס.פי.איי,IT,מילקי קייק מיניס,גרמים,144.00,100 גרם,false,1,15.50,10.76,true,1,
7290107958035,false,דנונה מתיקות מעודנת150*8,"שטראוס גרופ בע""\מ",IL,דנונה מעודן 8 יח,קילוגרמים,1.20,"ק""ג",false,1,19.30,16.08,true,1,
7290108351613,false,ריצפז פרש הום בית מלון2ל,"סנו מפעלי ברונוס בע""\מ",IL,ריצפז פרש הום,ליטרים,2.00,ליטר,false,1,21.90,10.95,true,1,
7290108353068,false,2כרית קרצוף סיבי נירוסטה,פושן קלינינג,CN,כריות קרצוף 2 יח,יחידה,1.00,יחידה,false,1,11.90,11.90,true,1,
7290108353075,false,מפיות אירוח איכותיות 50,האנק טישו,PL,מפיות אירוח איכו,יחידה,1.00,יחידה,false,1,10.90,10.90,true,1,
7290108504699,false,נתחי טונה שמן קנולה160*4,גולדן פרייז קאנינג אל טי,TH,נתחי טונה 4 יח,גרמים,640.00,100 גרם,false,1,22.90,3.58,true,1,
7290109351025,false,חומוסטחינה צבר 400 גרם,סלטי צבר,IL,חומוסטחינה צבר,גרמים,400.00,100 גרם,false,1,14.90,3.73,true,1,
7290109351957,false,פריכיות שוקולד פיטנס100ג,הרטו,BE,פריכיות פיטנס,גרמים,100.00,100 גרם,false,1,8.90,8.90,true,1,
7290109353494,false,פארפאלה פרפקטו 500 גרם,פסטה זארה,IT,פארפאלה פרפקטו,גרמים,500.00,100 גרם,false,1,6.90,1.38,true,1,
7290109354996,false,פתי בר לל.גלוטן שוקו200ג,"אסם השקעות בע""\מ",IL,פתי בר ללא גלוטן,גרמים,200.00,100 גרם,false,1,11.50,5.75,true,1,
7290109358482,false,קרמוגית במילוי חלבה200גר,"הגביע מוצרי וופלים בע""\מ",IL,קרמוגית חלבה,גרמים,200.00,100 גרם,false,1,12.70,6.35,true,1,
7290109358765,false,קראנץ' רולס 450 גרם,"אסם השקעות בע""\מ",IL,קראנץ' רולס,גרמים,450.00,100 גרם,false,1,27.90,6.20,true,1,
7290109580104,false,רוסטביף פרימיום 150 גרם,,IL,רוסטביף פרימיום,גרמים,150.00,100 גרם,false,1,24.90,16.60,true,1,
7290109580111,false,צלעות אסאדו מעושנות,,IL,צלעות אסאדו מעוש,גרמים,120.00,100 גרם,false,1,24.90,20.75,true,1,
7290109580135,false,קורנדביף  פרימיום 180 גר,,IL,קורנדביף  פרימיו,גרמים,180.00,100 גרם,false,1,24.90,13.83,true,1,
7290109580166,false,סרוולד קלאסי פרימיום 150,,IL,סרוולד קלאסי,גרמים,150.00,100 גרם,false,1,24.90,16.60,true,1,
7290109580210,false,נקניקיות עוף בקר הצרפתיה,,IL,נקניקיות עוף בקר,גרמים,300.00,100 גרם,false,1,23.90,7.97,true,1,
7290109580227,false,נקניקיות קאריוורסט 300 ג,,IL,נקניקיות קאריוור,גרמים,300.00,100 גרם,false,1,23.90,7.97,true,1,
7290109580319,false,וונדרס בורגר 280 גרם,,IL,וונדרס בורגר,גרמים,280.00,100 גרם,false,1,34.90,12.46,true,1,
7290109580449,false,סלמי בטעם כמהין פרימיום,,IL,סלמי בטעם כמהין,גרמים,180.00,100 גרם,false,1,24.90,13.83,true,1,
7290110110635,false,"ספרייט ליים 500 מ""ל",,IL,ספרייט ליים,מיליליטרים,500.00,"100 מ""ל",false,1,8.50,1.70,true,1,
7290110110659,false,ספרייט ליים פחית 330מ,החברה המרכזית לייצור משק,IL,ספרייט ליים פחית,מיליליטרים,330.00,"100 מ""ל",false,1,5.40,1.64,true,1,
7290110110703,false,ספרייט ליים פחיות330*6מל,החברה המרכזית לייצור משק,IL,ספרייט ליים 6 פח,ליטרים,1.98,ליטר,false,1,24.90,12.58,true,1,
7290110111809,false,"פאנטה אורנג' 6פח330* מ""ל",החברה המרכזית לייצור משק,IL,פאנטה אורנג 6 פח,ליטרים,1.98,ליטר,false,1,24.90,12.58,true,1,
7290110114787,false,נביעות+טעם תפוח 1.5 ליטר,נביעות טבע הגליל בעמ,IL,נביעות+תפוח,ליטרים,1.50,ליטר,false,0,10.50,7.00,true,1,
7290110114794,false,נביעות+טעם אפרסק 1.5ליטר,"נביעות טבע הגליל בע""\מ ,",IL,נביעות+אפרסק,ליטרים,1.50,ליטר,false,0,10.50,7.00,true,1,
7290110114800,false,נביעות+טעם ענבים 1.5ליטר,"נביעות טבע הגליל בע""\מ",IL,נביעות+ענבים,ליטרים,1.50,ליטר,false,0,10.50,7.00,true,1,
7290110114855,false,מים מינרל.נביעות 1.5*6ל,נביעות טבע הגליל בעמ,IL,מים נביעות1.5*6ל,ליטרים,9.00,ליטר,false,0,13.70,1.52,true,1,
7290110114893,false,מיץ תפוזים סחוט טבעי 2 ל,גת,IL,מיץ תפוזים,ליטרים,2.00,ליטר,false,0,27.50,13.75,true,1,
7290110114961,false,פריגת תפוזים 1.5 ליטר,מבשלות בירה בינלאומיות ב,IL,פריגת תפוזים,ליטרים,1.50,ליטר,false,0,9.90,6.60,true,1,
7290110114985,false,פריגת אשכוליות 1.5 ליטר,מבשלות בירה בינלאומיות ב,IL,פריגת אשכוליו,ליטרים,1.50,ליטר,false,0,9.90,6.60,true,1,
7290110115005,false,פריגת ענבים 1.5 ליטר,מבשלות בירה בינלאומיות ב,IL,פריגת ענבים,ליטרים,1.50,ליטר,false,0,9.90,6.60,true,1,
7290110115036,false,פריגת מנגו 1.5 ליטר,מבשלות בירה בינלאומיות ב,IL,פריגת מנגו,ליטרים,1.50,ליטר,false,0,9.90,6.60,true,1,
7290110115043,false,פריגת לימונענע 1.5 ליטר,מבשלות בירה בינלאומיות ב,IL,"משק""ל פריגת",ליטרים,1.50,ליטר,false,0,9.90,6.60,true,1,
7290110115050,false,פריגת מיקס תות-בננה1.5ל,מבשלות בירה בינלאומיות ב,IL,פריגת תות בננ,ליטרים,1.50,ליטר,false,0,9.90,6.60,true,1,
7290110115111,false,פריגת צלול אננס 1.5 ליטר,"מבשלות בירה לישראל בע""\מ",IL,פריגת צלול אנ,ליטרים,1.50,ליטר,false,0,8.90,5.93,true,1,
7290110115203,false,קוקה קולה בקבוק 1.5 ליטר,החברה המרכזית לייצור משק,IL,קוקה קולה,ליטרים,1.50,ליטר,false,0,9.20,6.13,true,1,
7290110115227,false,קוקה קולה זירו 1.5 ליטר,החברה המרכזית לייצור משק,IL,קוקה קולה זיר,ליטרים,1.50,ליטר,false,0,9.50,6.33,true,1,
7290110115265,false,ספרייט ליים 1.5 ליטר,החברה המרכזית לייצור משק,IL,ספרייט ליים,ליטרים,1.50,ליטר,false,0,9.20,6.13,true,1,
7290110115272,false,ספרייט זירו 1.5 ליטר,החברה המרכזית לייצור משק,IL,ספרייט זירו,ליטרים,1.50,ליטר,false,0,9.50,6.33,true,1,
7290110115364,false,קוקה קולה 1.5*6 ליטר,החברה המרכזית לייצור משק,IL,קוקה קולה1.5*6ל,ליטרים,9.00,ליטר,false,0,52.90,5.88,true,1,
7290110115418,false,קוקה קולה זירו 1.5*6 ל',החברה המרכזית לייצור משק,IL,קולה זירו1.5*6ל,ליטרים,9.00,ליטר,false,0,49.90,5.54,true,1,
7290110115449,false,פיוז תה מנגו אננס 1.5ל,מבשלות בירה בינלאומיות ב,IL,תה מנגו אננס,ליטרים,1.50,ליטר,false,0,10.20,6.80,true,1,
7290110115463,false,פיוז תה קר אפרסק 1.5ליטר,מבשלות בירה בינלאומיות ב,IL,פיוז תה אפרסק,ליטרים,1.50,ליטר,false,0,10.20,6.80,true,1,
7290110115494,false,פיוז תה ענבים 1.5 ליטר,מבשלות בירה בינלאומית בע,IL,פיוז תה ענבים,ליטרים,1.50,ליטר,false,0,10.20,6.80,true,1,
7290110115586,false,פריגת תפוזים מופחת 1.5 ל,מבשלות בירה בינלאומיות ב,IL,פריגת תפוזים,ליטרים,1.50,ליטר,false,0,9.50,6.33,true,1,
7290110115593,false,פריגת אשכולית מופ.סוכ1.5,מבשלות בירה בינלאומיות ב,IL,פריגת אשכוליו,ליטרים,1.50,ליטר,false,0,9.50,6.33,true,1,
7290110115623,false,פיוז תה אפרסק זירו 1.5 ל,מבשלות בירה בינלאומיות ב,IL,פיוז תה אפרסק,ליטרים,1.50,ליטר,false,1,9.90,6.60,true,1,
7290110116385,false,קולה זירו אבטיח תות330מ,החברה המרכזית לייצור משק,IL,קולה זירו אבטיח,מיליליטרים,330.00,"100 מ""ל",false,1,5.40,1.64,true,1,
7290110116569,false,ספרייט זירו למון היט1.5ל,החברה המרכזית לייצור משק,IL,ספרייט זירו למון,ליטרים,1.50,ליטר,false,1,9.50,6.33,true,1,
7290110320683,false,משקה יוגורט תות 107*8ג,מחלבת אלון תבור,IL,משקה יוגורט 8 יח,גרמים,856.00,100 גרם,false,1,17.40,2.03,true,1,
7290110320850,false,פתיתי עמק 28% 200 גרם,תנובה,IL,פתיתי עמק,גרמים,200.00,100 גרם,false,1,15.90,7.95,true,1,
7290110320867,false,פתיתי עמק 28% 500גרם,תנובה,IL,פתיתי עמק,גרמים,500.00,100 גרם,false,1,35.00,7.00,true,1,
7290110320935,false,פרוסות מוצרלה 150 גרם,תנובה,IL,פרוסות מוצרלה,גרמים,150.00,100 גרם,false,1,17.90,11.93,true,1,
7290110321277,false,קוטג' בקטנה 5% 100 גרם,תנובה,IL,קוטג' בקטנה 5%,גרמים,100.00,100 גרם,false,1,2.70,2.70,true,1,
7290110321680,false,יופלה GO תות 200 גרם,מחלבת אלון תבור,IL,יופלה GO יוגורט,גרמים,200.00,100 גרם,false,1,5.90,2.95,true,1,
7290110321703,false,יופלה GO פירות יער 200 ג,"תנובה בע""\מ",IL,יופלה GO יוגורט,גרמים,200.00,100 גרם,false,1,5.90,2.95,true,1,
7290110322014,false,טופו בטעם טבעי 300 גרם,א.י.ן תעשיות,IL,טופו טבעי300 גרם,גרמים,300.00,100 גרם,false,1,12.90,4.30,true,1,
7290110323585,false,יופלה GO דובדבן0.7% 200ג,תנובה בעמ,IL,יופלה GO דובדבן,גרמים,200.00,100 גרם,false,1,5.90,2.95,true,1,
7290110324353,false,יופלה גו לייט אננס 200 ג,"תנובה בע""\מ",IL,יופלה גו,גרמים,200.00,100 גרם,false,1,5.90,2.95,true,1,
7290110324551,false,יופלה טיוב תות  58*6ג,"תנובה בע""\מ",IL,יופלה טיוב תות,גרמים,348.00,100 גרם,false,1,13.90,3.99,true,1,
7290110324711,false,ממרח סויה9% טעם טבעי250ג,"תנובה בע""\מ",IL,ממרח סויה 9%,גרמים,250.00,100 גרם,false,1,10.90,4.36,true,1,
7290110324872,false,גבינת גלבוע 5% פרוסות 20,תנובה,IL,גלבוע 5%פרוסות,גרמים,200.00,100 גרם,false,1,18.90,9.45,true,1,
7290110325619,false,משקה שיבולת שועל 1 ליטר,"תנובה בע""\מ",IL,משקה שיבולת שועל,ליטרים,1.00,ליטר,false,1,14.80,14.80,true,1,
7290110325893,false,"אייס קפה GO תנובה 340מ""ל","תנובה בע""\מ",IL,אייס קפה GO,מיליליטרים,340.00,"100 מ""ל",false,1,7.90,2.32,true,1,
7290110326210,false,יופלה און טופ פצפוצים157,מחלבת אלון תבור,IL,יופלה און טופ,גרמים,157.00,100 גרם,false,1,5.50,3.50,true,1,
7290110326227,false,יופלה און טופ קורנפלק157,מחלבת אלון תבור,IL,יופלה און טופ,גרמים,157.00,100 גרם,false,1,5.50,3.50,true,1,
7290110326333,false,פרוסות גב.סקנדינבית 170ג,תנובה,IL,גבינה סקנדינבית,גרמים,170.00,100 גרם,false,1,19.90,11.71,true,1,
7290110327804,false,חטיף חלבון גו ט.עוגיות60,"בלמונט קונפקציות בע""\מ.",US,חטיף חלבון,גרמים,60.00,100 גרם,false,1,13.90,23.17,true,1,
7290110328504,false,טריו פתיתים מיקס גבינ300,"תנובה בע""\מ",IL,טריו פתיתי גבינה,גרמים,300.00,100 גרם,false,1,28.90,9.63,true,1,
7290110328627,false,יוג.גו קרמי בננה קרמל200,תנובה בעמ,IL,יוגורט גו קרמי,גרמים,200.00,100 גרם,false,1,5.90,2.95,true,1,
7290110328764,false,יוגורט גו קרמי תות0% 200,תנובה בעמ,IL,יוגורט גו קרמי,גרמים,200.00,100 גרם,false,1,5.90,2.95,true,1,
7290110328771,false,יוגורט גו קרמי פ.יער200ג,תנובה בעמ,IL,יוגורט גו קרמי,גרמים,200.00,100 גרם,false,1,5.90,2.95,true,1,
7290110328788,false,יוג.גו קרמי אפרסק0% 200ג,תנובה בעמ,IL,יוגורט גו סמיך,גרמים,200.00,100 גרם,false,1,5.90,2.95,true,1,
7290110328887,false,חלב 3% מהדרין בקבוק 1 ל,"תנובה בע""\מ",IL,חלב בקבוק 3%,ליטרים,1.00,ליטר,false,1,6.23,6.23,true,1,
7290110329686,false,"משקה חלב GO עוגיות340מ""ל","תנובה בע""\מ",IL,משקה חלב GO,מיליליטרים,340.00,"100 מ""ל",false,1,7.90,2.32,true,1,
7290110329716,false,משקה קפה קר קפוצ'ינו230ג,"תנובה בע""\מ",IL,משקה קפה קר,גרמים,230.00,100 גרם,false,1,8.90,3.87,true,1,
7290110329723,false,משקה קפה קר לאטה230גרם,"תנובה בע""\מ",IL,משקה קפה קר לאטה,גרמים,230.00,100 גרם,false,1,8.90,3.87,true,1,
7290110329815,false,מעדן סויה ביו מעודנת150ג,"תנובה בע""\מ",IL,מעדן סויה ביו,גרמים,150.00,100 גרם,false,1,5.50,3.67,true,1,
7290110556242,false,שוקולד פרה מריר פרווה100,נטרה סנט אטיין,FR,שוקולד פרה מריר,גרמים,100.00,100 גרם,false,1,6.00,6.00,true,1,
7290110557133,false,מעדן הגולן וניל 125 גרם,"שטראוס בריאות בע""\מ",IL,מעדן הגולן וניל,גרמים,125.00,100 גרם,false,1,3.40,2.72,true,1,
7290110560317,false,פריכיות משולש מלח ים30גר,פרח,IL,פריכיות אנרג'י,גרמים,30.00,100 גרם,false,1,5.50,18.33,true,1,
7290110560324,false,פריכיות משולשות+אפונה30ג,פרח,IL,פריכיות אנרג'י,גרמים,30.00,100 גרם,false,1,5.50,18.33,true,1,
7290110561604,false,גמדים תות בננה 100*8 גרם,"שטראוס בריאות בע""\מ",IL,גמדים תות בננה8י,גרמים,800.00,100 גרם,false,1,19.50,2.44,true,1,
7290110563431,false,אייס קפה 1.6% קלאסי 230מ,אנסטל מילק kg,AT,משקה אייס קפה,מיליליטרים,230.00,"100 מ""ל",false,1,7.90,3.43,true,1,
7290110563462,false,חלב נטול לקטוז 2% 1 ליטר,מחלבת יטבתה,IL,חלב נטול לקטוז,ליטרים,1.00,ליטר,false,1,8.50,8.50,true,1,
7290110564360,false,חומוס עשיר ב40% טחינה400,"שטראוס גרופ בע""\מ",IL,חומוס בטחינה,גרמים,400.00,100 גרם,false,1,14.90,3.73,true,1,
7290110564742,false,אייס קפה 1.2% חזק 230 מל,אנסטל מילק kg,AT,משקה אייס קפה,מיליליטרים,230.00,"100 מ""ל",false,1,7.90,3.43,true,1,
7290110564919,false,"דנונה מעודנת ללת""ס 150 ג","שטראוס בריאות בע""\מ",IL,דנונה מעודן,גרמים,150.00,100 גרם,false,1,3.90,2.60,true,1,
7290110565435,false,לימבו פטל קו חלבי 125גרם,"שטראוס גרופ בע""\מ",IL,לימבו פטל,גרמים,125.00,100 גרם,false,1,2.30,1.84,true,1,
7290110565527,false,דנונה פרו 20ג חלבון 200ג,"שטראוס גרופ בע""\מ",IL,דנונה פרו חלבון,גרמים,200.00,100 גרם,false,1,6.20,3.10,true,1,
7290110566975,false,דנונ.פרו20ג חלבון תות200,"שטראוס בריאות בע""\מ",IL,דנונה פרו חלבון,גרמים,200.00,100 גרם,false,1,6.20,3.10,true,1,
7290110570224,false,"משקה קפה קר עוגיות230מ""ל",אנסטל מילק kg,AT,משקה קפה קר,מיליליטרים,230.00,"100 מ""ל",false,1,7.90,3.43,true,1,
7290110576387,false,שוקולד חלב אגוז שלם100*3,דיפה,FR,שוקולד אגוז 3 יח,גרמים,300.00,100 גרם,false,1,28.50,9.50,true,1,
7290110577230,false,משקה חלב פיסטוק 1 ליטר,מחלבת יטבתה,IL,משקה חלב פיסטוק,ליטרים,1.00,ליטר,false,1,12.00,12.00,true,1,
7290111342042,false,כרית יפנית אנטיבקטריאלית,,IL,כריות יפניות,יחידה,1.00,יחידה,false,1,12.90,12.90,true,1,
7290111344206,false,מגבונים האגיס נטורל4*64,,IL,מגבונים האגיס 4*,יחידה,1.00,יחידה,false,1,23.90,23.90,true,1,
7290111344930,false,מטליות לחות לרצפה 10יח,,IL,מטליות רצפה לחות,יחידה,1.00,יחידה,false,1,11.90,11.90,true,1,
7290111350368,false,לקקן צ'ופה בטעם פירות1יח,צ'ופה צ'ופס,ES,לקקן צ'ופה,יחידה,1.00,יחידה,false,1,1.90,1.90,true,1,
7290111350719,false,נאצ'וס בסגנון מסעדות322ג,,US,חטיף נאצ'וס,גרמים,322.00,100 גרם,false,1,17.90,5.56,true,1,
7290111350726,false,נאצ'וס בסגנון מקסיקני322,,US,חטיף נאצ'וס,גרמים,322.00,100 גרם,false,1,17.90,5.56,true,1,
7290111352959,false,מקלות חמוצים יוגטה 80 גר,סאדאט,TR,מקלות חמוצים,גרמים,80.00,100 גרם,false,1,4.50,5.63,true,1,
7290111352966,false,סוכ.חמוצות ממולאות 250גר,סאדאט,TR,סוכריות ממולאות,גרמים,250.00,100 גרם,false,1,7.90,3.16,true,1,
7290111353055,false,סוכריות גומי דובונים200ג,סאדאט גידא,TR,סוכריות גומי דוב,גרמים,200.00,100 גרם,false,1,10.90,5.45,true,1,
7290111353079,false,סוכ.גומי דובונים 180 גרם,סאדאט גידא,TR,סוכריות גומי,גרמים,180.00,100 גרם,false,1,10.90,6.06,true,1,
7290111354106,false,תערובת אגוזים וחמוציות,ג'\י אנד ג'\י שיקרצי,IL,תערובת אגוזים,גרמים,50.00,100 גרם,false,1,9.90,19.80,true,1,
7290111564956,false,ביסלי במבה מיקס 200 גרם,פרו מן יו פתרונות אריזה,IL,ביסלי במבה מיקס,גרמים,200.00,100 גרם,false,1,9.10,4.55,true,1,
7290111565038,false,לה קרמריה קוקילידה 1.4 ל,גלידות נסטלה,IL,להקרמריה קוקיליד,ליטרים,1.40,ליטר,false,1,21.90,15.65,true,1,
7290111565502,false,סנדוויץ אוראו 80 גרם,נסטלה,IT,סנדוויץ אוראו,יחידה,1.00,יחידה,false,1,10.00,10.00,true,1,
7290111566271,false,חטיפי תירס טבעול 657 גרם,טבעול,IL,חטיפי תירס טבעול,גרמים,657.00,100 גרם,false,1,31.90,4.86,true,1,
7290111566332,false,נקניקיות וינר צמחונית680,טבעול,IL,נקנ' וינר צמחוני,גרמים,680.00,100 גרם,false,1,34.90,5.13,true,1,
7290111566417,false,טחון צמחוני טבעול 500 גר,טבעול,IL,טחון צמחוני טבעו,גרמים,500.00,100 גרם,false,1,34.90,6.98,true,1,
7290111568206,false,ביסלי פארטי מיקס 150 גרם,אסם,IL,ביסלי פארטי מיקס,גרמים,150.00,100 גרם,false,1,7.90,5.27,true,1,
7290111935527,false,קולגייט טוטל קלין 100*2,קולגייט פלמוליב,PL,משחת קולגייט,מיליליטרים,200.00,"100 מ""ל",false,1,29.90,14.95,true,1,
7290111935961,false,מחית עגבניות 690 גרם,,IT,מחית עגבניות,גרמים,690.00,100 גרם,false,1,10.90,1.58,true,1,
7290111936487,false,קולגייט טוטל הלבנה 100*2,,PL,משחת קולגייט,מיליליטרים,200.00,"100 מ""ל",false,1,29.90,14.95,true,1,
7290112000798,false,דטול מחטא משטח.לימון750מ,רקיט בנקיזר,GB,דטול מחטא משטחים,מיליליטרים,750.00,"100 מ""ל",false,1,13.90,1.85,true,1,
7290112003263,false,אבקת קולון מאסק 1.25קג,זהר דליה,IL,אבקת קולון מאסק,קילוגרמים,1.25,"ק""ג",false,1,14.90,11.92,true,1,
7290112330352,false,דנונה פרו 20 וניל0% 200ג,"שטראוס בריאות בע""\מ",IL,דנונה פרו20 וניל,גרמים,200.00,100 גרם,false,1,6.20,3.10,true,1,
7290112330390,false,דנונה פרו 20פ.יער0% 200ג,"שטראוס בריאות בע""\מ",IL,דנונה פרו 0%,גרמים,200.00,100 גרם,false,1,6.20,3.10,true,1,
7290112335487,false,הפריכיות הטעימות קצח135ג,פרח,IL,הפריכיות הטעימות,גרמים,135.00,100 גרם,false,1,12.90,9.56,true,1,
7290112339867,false,גמדים סקוויז לדרך תות100,"שטראוס בריאות בע""\מ",IL,גמדים לדרך,גרמים,100.00,100 גרם,false,1,5.90,5.90,true,1,
7290112339874,false,גמדים לדרך תות בננה100ג,"שטראוס בריאות בע""\מ",IL,גמדים לדרך,גרמים,100.00,100 גרם,false,1,5.90,5.90,true,1,
7290112340122,false,פריכיות טעימות 3דגנים135,"פרח תעשיות מזון בע""\מ",IL,פריכיות טעימות,גרמים,135.00,100 גרם,false,1,12.90,9.56,true,1,
7290112343420,false,יטבתה פרו ארוחת בוקר350מ,מחלבת יטבתה,IL,יטבתה פרו משקה,מיליליטרים,350.00,"100 מ""ל",false,1,7.90,2.26,true,1,
7290112343499,false,חטיף puffs צ'יטוס 55 גרם,"שטראוס פריטו ליי בע""\מ )",IL,חטיף צ'יטוס puff,גרמים,55.00,100 גרם,false,1,3.60,6.55,true,1,
7290112343512,false,חטיף puffs צ'יטוס 160ג,"שטראוס פריטו ליי בע""\מ )",IL,חטיף ציטוסpuffs,גרמים,160.00,100 גרם,false,1,8.90,5.56,true,1,
7290112344724,false,מילקי בלונדי 133 גרם,"שטראוס גרופ בע""\מ",IL,מילקי בלונדי,גרמים,133.00,100 גרם,false,1,3.70,2.78,true,1,
7290112346360,false,בפלות אחת אחת 180 גרם,טוטיז-בינגו סיאי,GR,בפלות אחת אחת,גרמים,180.00,100 גרם,false,1,14.90,8.28,true,1,
7290112348999,false,פריכ.טעימות תירס דקות135,פרח,IL,פריכיות תירס,גרמים,135.00,100 גרם,false,1,12.90,9.56,true,1,
7290112349538,false,קפה טורקי עלית 160 גרם,שטראוס קפה בי.וי.,IL,קפה טורקי עלית,גרמים,160.00,100 גרם,false,1,13.90,8.69,true,1,
7290112349606,false,דניאלה תות בננה 88 גרם,"שטראוס בריאות בע""\מ",IL,דניאלה תות בננה,גרמים,88.00,100 גרם,false,1,4.30,4.89,true,1,
7290112350312,false,קפסולות קפה מס' 15 50גרם,שטראוס קפה בי.וי,IL,קפסולות קפה,גרמים,50.00,100 גרם,false,1,18.90,37.80,true,1,
7290112351258,false,פינוקיות שחור לבן 200גרם,"הגביע מוצרי ופלים בע""\מ",IL,פינוקיות שחור לב,גרמים,200.00,100 גרם,false,1,11.90,5.95,true,1,
7290112355102,false,גמדים לדרך סלט פירות100ג,"שטראוס בריאות בע""\מ",IL,גמדים לדרך,גרמים,100.00,100 גרם,false,1,5.90,5.90,false,1,
7290112357113,false,גרגרי חומוס 380 גרם,קונסרב איטליה,IT,גרגרי חומוס,גרמים,380.00,100 גרם,false,1,7.90,2.08,true,1,
7290112358219,false,רוטב צילי מתוק 300 גרם,"ב.א. מזון בע""\מ",IL,רוטב צ'ילי מתוק,גרמים,300.00,100 גרם,false,1,15.00,5.00,true,1,
7290112358240,false,רוטב גריל 300 גרם,"ב.א. מזון בע""\מ",IL,רוטב גריל,גרמים,300.00,100 גרם,false,1,15.00,5.00,true,1,
7290112359902,false,פלטינום ברזיל 47 גרם,"אינסטנטבה בע""\מ",PL,פלטינום ברזיל47ג,גרמים,47.00,100 גרם,false,1,8.90,18.94,true,1,
7290112490209,false,נמס בכוס עגבניות ר. טבעי,יוניליוור ישראל מזון בעמ,IL,מרק נמס בכוס,גרמים,56.00,100 גרם,false,1,7.80,13.93,true,1,
7290112490216,false,נמס בכוס ט.עוף ר. טבעיים,יוניליוור ישראל מזון בעמ,IL,מרק נמס בכוס,גרמים,48.00,100 גרם,false,1,7.80,16.25,true,1,
7290112490230,false,נמס בכוס אפונה ר. טבעיים,יוניליוור ישראל מזון בעמ,IL,מרק נמס בכוס,גרמים,50.00,100 גרם,false,1,7.80,15.60,true,1,
7290112490650,false,קונפיטורת תות שדה 340גרם,יוניליוור,BE,קונפיטורת תות,גרמים,340.00,100 גרם,false,1,13.90,4.09,true,1,
7290112490759,false,מרק היום עוף רכ.טבעי74גר,יוניליוור ישראל מזון בעמ,IL,מרק היום עוף,גרמים,74.00,100 גרם,false,1,12.50,16.89,true,1,
7290112492449,false,שמפו לשיער רגיל700מ,יוניליוור ישראל טיפוח אי,IL,שמפו לשיער רגיל,מיליליטרים,700.00,"100 מ""ל",false,1,12.90,1.84,true,1,
7290112492456,false,שמפו פינוק יבש /פגום 700,יוניליוור ישראל טיפוח אי,IL,שמפו לשיער יבש,מיליליטרים,700.00,"100 מ""ל",false,1,12.90,1.84,true,1,
7290112492463,false,שמפו ומרכך 2 ב1- רגיל700,יוניליוור,IL,פינוק שמפו+מרכך,מיליליטרים,700.00,"100 מ""ל",false,0,12.90,1.84,true,1,
7290112492548,false,מרכך פינוק יבש/פגום 700,יוניליוור,IL,מרכך פינוק,מיליליטרים,700.00,"100 מ""ל",false,1,12.90,1.84,true,1,
7290112492593,false,תח.רחצה פינוק קלאסי700מ,יוניליוור ישראל טיפוח אי,IL,תחליב רחצה פינוק,מיליליטרים,700.00,"100 מ""ל",false,1,12.90,1.84,true,1,
7290112492609,false,תח.פינוק לבנדר וניל 700מ,יוניליוור ישראל טיפוח אי,IL,תחליב רחצה פינוק,מיליליטרים,700.00,"100 מ""ל",false,1,12.90,1.84,true,1,
7290112492999,false,מרק טעם עוף 400 גרם,יוניליוור ישראל מזון בע\,IL,מרק בטעם עוף,גרמים,400.00,100 גרם,false,1,15.90,3.98,true,1,
7290112493293,false,נמס בכוס ירקות ר.טבעי44ג,יוניליוור ישראל מזון בעמ,IL,נמס בכוס,גרמים,44.00,100 גרם,false,1,7.80,17.73,true,1,
7290112493316,false,מרק עשיר אפונה ר.טבעי117,יוניליוור ישראל מזון בעמ,IL,מרק עשיר אפונה,גרמים,117.00,100 גרם,false,1,12.50,10.68,true,1,
7290112493903,false,ננסים בטעמים יח,"מיוצר ע""\י גלידת שטראוס",IL,ננסים בטעמים,יחידה,1.00,יחידה,false,1,10.00,10.00,true,1,
7290112493934,false,קרמיסימו וניל צרפתי 1.33,"גלידת שטראוס בע""\מ, רחוב",IL,קרמיסימו וניל צר,ליטרים,1.33,ליטר,false,1,21.90,16.47,true,1,
7290112494221,false,קליק ביסקוויט 65 גרם,יוניליוור ישראל מזון בע\,IL,קליק ביסקוויט,גרמים,65.00,100 גרם,false,1,6.40,9.85,true,1,
7290112494238,false,קליק כדורים 65 גרם,יוניליוור ישראל מזון בע\,IL,קליק כדורים,גרמים,65.00,100 גרם,false,1,6.40,9.85,true,1,
7290112494313,false,קליק קורנפלקס 65 גרם,יוניליוור ישראל מזון בע\,IL,קליק קורנפלקס,גרמים,65.00,100 גרם,false,1,6.40,9.85,true,1,
7290112495006,false,כריות נוגט 686 גרם,"יוניליוור שפע ישראל בע""\",IL,כריות נוגט,גרמים,686.00,100 גרם,false,1,27.90,4.07,true,1,
7290112495105,false,נשנושים ט.שמנת+בצל260ג,בייגל את בייגל מזון 198),IL,נשנושים שמנת בצל,גרמים,260.00,100 גרם,false,1,13.90,5.35,true,1,
7290112495228,false,קורנפלקס דבש 448 גרם,"יוניליוור שפע ישראל בע""\",IL,קורנפלקס דבש,גרמים,448.00,100 גרם,false,1,19.70,4.40,true,1,
7290112495280,false,ברנפלקס ריבועי קינמון400,"יוניליוור שפע ישראל בע""\",IL,ברנפלקס קינמון,גרמים,400.00,100 גרם,false,1,24.90,6.23,true,1,
7290112495433,false,דגני בוקר דליפקאן 400גרם,"יוניליור שפע ישראל בע""\מ",IL,דגני בוקר דליפקא,גרמים,400.00,100 גרם,false,1,22.70,5.68,true,1,
7290112495754,false,רוטב לסלט אלף האיים305גר,יוניליוור ישראל מזון בעמ,IL,רוטב אלף האיים,גרמים,305.00,100 גרם,false,1,11.90,3.90,true,1,
7290112495785,false,רוטב שום לסלט 300 גרם,יוניליוור ישראל מזון בעמ,IL,רוטב שום לסלט,גרמים,300.00,100 גרם,false,1,11.90,3.97,true,1,
7290112495808,false,רוטב לסלט חרדל ודבש305גר,יוניליוור ישראל מזון בעמ,IL,רוטב חרדל ודבש,גרמים,305.00,100 גרם,false,1,11.90,3.90,true,1,
7290112496270,false,"פתית צ'יפס עם תפו""א 22ג",JLM גלובל פודסn37\ דרך א,GB,פתית צ'יפס,גרמים,22.00,100 גרם,false,1,5.50,25.00,true,1,
7290112496287,false,פתית צ'יפס עם בטטה21גרם,JLM גלובל פודסn37\ דרך א,GB,פתית צ'יפס,גרמים,21.00,100 גרם,false,1,5.50,26.19,true,1,
7290112497123,false,סחלב 2 שקיות56*ג בקופסא,יוניליוור ישראל מזון בע\,IL,תערובת לסחלב,גרמים,112.00,100 גרם,false,1,12.90,11.52,true,1,
7290112498922,false,מאגדת מיני מגנום לבן 5 י,"מיוצר ע""\י גלידת שטראוס",IL,מאגדת מיני מגנום,גרמים,250.00,100 גרם,false,1,29.90,11.96,true,1,
7290112498939,false,שלגון בומבה בטעם וניל 80,"מיוצר ע""\י גלידת שטראוס",IL,שלגון בומבה בטעם,גרמים,80.00,100 גרם,false,1,10.00,12.50,true,1,
7290112498946,false,ארטיק קשת בענן בטעמי תות,"גלידת שטראוס בע""\מ, רח'\",IL,ארטיק קשת בענן,גרמים,47.00,100 גרם,false,1,6.50,13.83,true,1,
7290112499462,false,פינוק רחצה+שמן קוקוס700מ,יוניליוור ישראל טיפוח אי,IL,תחליב רחצה פינוק,מיליליטרים,700.00,"100 מ""ל",false,1,12.90,1.84,true,1,
7290112499486,false,"מרכך פינוק קרטין 700מ""ל",,,מרכך פינוק,יחידה,1.00,יחידה,false,0,12.90,12.90,true,1,
7290112499639,false,טילון סופר מגנום ונילשוק,"מיוצר ע""\י גלידת שטראוס",IL,טילון סופר מגנום,יחידה,1.00,יחידה,false,1,11.00,11.00,true,1,
7290112499837,false,מגנום דואט שוקולד נוגט י,"מיוצר ע""\י גלידת שטראוס",IL,מגנום דואט שוקול,יחידה,1.00,יחידה,false,1,11.00,11.00,true,1,
7290112499929,false,מגנום שוקולד יחידה,"מיוצר ע""\י גלידת שטראוס",IL,מגנום שוקולד,יחידה,1.00,יחידה,false,1,11.00,11.00,true,1,
7290112499936,false,מגנום שקדים יחידה,"מיוצר ע""\י גלידת שטראוס",IL,מגנום שקדים,יחידה,1.00,יחידה,false,1,11.00,11.00,true,1,
7290112960856,false,אקסטרים מטבע שוקולד חלב,גלידות נסטלה )נגה גלידות,IL,אקסטרים מטבע שו,גרמים,115.00,100 גרם,false,1,11.00,9.57,true,1,
7290112963529,false,אקסטרים שוקו וניל פרווה,גלידות נסטלה )נגה גלידות,IL,מאגדת אקסטרים ש,גרמים,444.00,100 גרם,false,1,37.90,8.54,true,1,
7290112963918,false,קרקר דק רוזמרין פיטנס140,אסם,IL,קרקר דק פיטנס,גרמים,140.00,100 גרם,false,1,13.90,9.93,true,1,
7290112964410,false,רוטב אלף האיים 290 גרם,אסם,IL,רוטב אלף האיים,גרמים,290.00,100 גרם,false,1,12.10,4.17,true,1,
7290112965967,false,נאגטס ירקות כתומים,"טבעול תעשיות מזון בע""\מ",IL,נאגטס ירקות כתומ,גרמים,500.00,100 גרם,false,1,34.90,6.98,true,1,
7290112966803,false,אינסטנט פודינג שוקולד88ג,"אסם השקעות בע""\מ",IL,פודינג שוקולד,גרמים,88.00,100 גרם,false,1,5.70,6.48,true,1,
7290112968807,false,קרקר דק פיטנס סלק 140גרם,אסם,IL,קרקר דק פיטנס,גרמים,140.00,100 גרם,false,1,13.90,9.93,true,1,
7290112968821,false,קרקר דק פיטנס בטטה 140גר,אסם,IL,קרקר דק פיטנס,גרמים,140.00,100 גרם,false,1,13.90,9.93,true,1,
7290113192355,false,זיתים חרוזית 560 גרם,בית-השיטה עסיס תעשיות מז,IL,זיתים חרוזית,גרמים,560.00,100 גרם,false,1,10.70,1.91,true,1,
7290113192362,false,טבעות זיתים ירוקים 560 ג,בית-השיטה עסיס תעשיות מז,IL,טבעות זיתים ירוק,גרמים,560.00,100 גרם,false,1,11.90,2.13,true,1,
7290113192478,false,מלפפונים 10-12 במלח 560ג,בית-השיטה עסיס תעשיות מז,IL,מלפפונים במלח,גרמים,560.00,100 גרם,false,1,8.60,1.54,true,1,
7290113192485,false,מלפפונים חומץ10-12 560 ג,בית-השיטה עסיס תעשיות מז,IL,מלפפונים בחומץ,גרמים,560.00,100 גרם,false,1,8.60,1.54,true,1,
7290113192508,false,מלפפונ.מלח קטן13-17 560ג,בית-השיטה עסיס תעשיות מז,IL,מלפפונים מלח קטן,גרמים,560.00,100 גרם,false,1,12.40,2.21,true,1,
7290113192515,false,מלפפון במלח 18-25 560 גר,בית-השיטה עסיס תעשיות מז,IL,מלפפון במלח,גרמים,560.00,100 גרם,false,1,13.90,2.48,true,1,
7290113192539,false,מלפפון במלח 7-9 560 גרם,בית-השיטה עסיס תעשיות מז,IL,מלפפון במלח,גרמים,560.00,100 גרם,false,1,7.90,1.41,true,1,
7290113192546,false,מלפפון בחומץ 7-9 560 גרם,בית-השיטה עסיס תעשיות מז,IL,מלפפון בחומץ,גרמים,560.00,100 גרם,false,1,7.90,1.41,true,1,
7290113193017,false,חרוזית קוקטייל זיתים275ג,"בית השיטה תעשיות בע""\מ",IL,קוקטייל זיתים,גרמים,275.00,100 גרם,false,1,15.90,5.78,true,1,
7290113199897,false,חמצוצים בטעם תות 180 גרם,דין שיווק וקלייה בעמ,IL,חמצוצים תות,גרמים,180.00,100 גרם,false,1,11.90,6.61,true,1,
7290114310215,false,שמנת מתוקה38% בקבוק250מל,מילקו תעשיות בעמ,IL,שמנת מתוקה 38%,מיליליטרים,250.00,"100 מ""ל",false,1,6.47,2.59,true,1,
7290114659949,false,מסכה לפנים מארז 50 יח',,CN,מסכת פנים חד פעמ,יחידה,1.00,יחידה,false,1,9.90,9.90,true,1,
7290115190014,false,מרלבורו רד קצר חפיסה,פיליפ מוריס,IL,מרלבורו רד קצר,יחידה,1.00,יחידה,false,1,35.00,35.00,false,1,
7290115190038,false,מרלבורו רד קצר סופט חפ',פיליפ מוריס,IL,מרלבורו רד סופט,יחידה,1.00,יחידה,false,1,33.00,33.00,false,1,
7290115190052,false,מרלבורו פלייבור מיקס חפ,פיליפ מוריס,US,מרלבורו פלייבור,יחידה,1.00,יחידה,false,1,35.00,35.00,false,1,
7290115190076,false,מרלבורו גולד ארוך חפיסה,פיליפ מוריס,TR,מרלבורו גולד,יחידה,1.00,יחידה,false,1,35.00,35.00,false,1,
7290115190090,false,מרלבורו גולד קצר חפיסה,פיליפ מוריס,US,מרלבורו גולד קצר,יחידה,1.00,יחידה,false,1,35.00,35.00,false,1,
7290115190113,false,מרלבורו גולד קצר סופט חפ,פיליפ מוריס,IL,מרלבורו סופט קצר,יחידה,1.00,יחידה,false,1,33.00,33.00,false,1,
7290115190137,false,מרלבורו פיין טאץ' חפיסה,פיליפ מוריס,IL,מרלבורו פיין טאץ,יחידה,1.00,יחידה,false,1,32.00,32.00,false,1,
7290115190151,false,מרלבורו גולד טאץ' חפיסה,פיליפ מוריס,IL,מרלבורו גולד טאץ,יחידה,1.00,יחידה,false,1,32.00,32.00,false,1,
7290115190175,false,פרלמנט סופר סלימס חפיסה,פיליפ מוריס,US,פרלמנט סופר סלימ,יחידה,1.00,יחידה,false,1,40.50,40.50,false,1,
7290115190199,false,פרלמנט נייט ארוך חפיסה,פיליפ מוריס,TR,פרלמנט נייט ארוך,יחידה,1.00,יחידה,false,1,40.50,40.50,false,1,
7290115190205,false,פרלמנט בלו ארוך פאקט,פיליפ מוריס,TR,פרלמנט בלו ארוך,יחידה,1.00,יחידה,false,1,396.00,396.00,false,1,
7290115190212,false,פרלמנט בלו ארוך חפיסה,פיליפ מוריס,PL,פרלמנט בלו ארוך,יחידה,1.00,יחידה,false,1,40.50,40.50,false,1,
7290115190250,false,פרלמנט נייט קצר חפיסה,פיליפ מוריס,US,פרלמנט נייט קצר,יחידה,1.00,יחידה,false,1,40.50,40.50,false,1,
7290115190328,false,אל אם בלו ארוך פאקט,פיליפ מוריס,TR,אל אם בלו ארוך,יחידה,1.00,יחידה,false,1,312.00,312.00,false,1,
7290115190335,false,אל אם בלו ארוך חפיסה,פיליפ מוריס,TR,אל אם בלו ארוך,יחידה,1.00,יחידה,false,1,32.00,32.00,false,1,
7290115190359,false,אל אם בלו קצר חפיסה,פיליפ מוריס,US,אל אם בלו קצר,יחידה,1.00,יחידה,false,1,32.00,32.00,false,1,
7290115190373,false,אל אמ פורוורד חפיסה,פיליפ מוריס,TR,אל אמ פורוורד חפ,יחידה,1.00,יחידה,false,1,32.00,32.00,false,1,
7290115190434,false,אל אם וויב סלימס חפיסה,פיליפ מוריס,US,אל אם וויב סלימס,יחידה,1.00,יחידה,false,1,32.00,32.00,false,1,
7290115190458,false,נקסט אדג' חפיסה,פיליפ מוריס,TR,נקסט אדג',יחידה,1.00,יחידה,false,1,25.50,25.50,false,1,
7290115190465,false,נקסט פיין אדג' פאקט,,,נקסט פיין אדג',יחידה,1.00,יחידה,false,0,245.00,245.00,true,1,
7290115190472,false,נקסט פיין אדג' חפיסה,,,נקסט פיין אדג',יחידה,1.00,יחידה,false,0,25.50,25.50,true,1,
7290115190489,false,נקסט פיין ארוך פאקט,פיליפ מוריס,TR,נקסט פיין ארוך,יחידה,1.00,יחידה,false,1,275.00,275.00,false,1,
7290115190496,false,נקסט פיין ארוך חפיסה,פיליפ מוריס,IL,נקסט פיין ארוך,יחידה,1.00,יחידה,false,1,30.50,30.50,false,1,
7290115190519,false,נקסט פיין חפיסה,פיליפ מוריס,PL,נקסט פיין חפ,יחידה,1.00,יחידה,false,1,30.50,30.50,false,1,
7290115190526,false,נקסט ריסס ארוך פאקט,פיליפ מוריס,TR,נקסט ריסס  ארוך,יחידה,1.00,יחידה,false,1,272.00,272.00,false,1,
7290115190533,false,נקסט ריסס ארוך חפיסה,פיליפ מוריס,TR,נקסט ריסס ארוך,יחידה,1.00,יחידה,false,1,28.50,28.50,false,1,
7290115190557,false,נקסט ריסס קצר חפיסה,פיליפ מוריס,TR,נקסט ריסס קצר חפ,יחידה,1.00,יחידה,false,1,28.50,28.50,false,1,
7290115190571,false,נקסט לילך חפיסה,פיליפ מוריס,US,נקסט לילך,יחידה,1.00,יחידה,false,1,30.50,30.50,false,1,
7290115190595,false,נקסט אוריג'ינל חפיסה,פיליפ מוריס,PL,נקסט אוריג'ינל,יחידה,1.00,יחידה,false,1,30.50,30.50,false,1,
7290115190632,false,טבק לגלגול,,,טבק לגלגול,יחידה,1.00,יחידה,false,0,84.00,84.00,true,1,
7290115190656,false,טבק נקסט פיין 40ג PP,פיליפס,PL,טבק נקסט פיין,גרמים,40.00,100 גרם,false,1,89.90,224.75,false,1,
7290115190892,false,מרלבורו פיוז'ן קפסולה חפ,פיליפ מוריס,TR,מרלבורו פיוז'ן ח,יחידה,1.00,יחידה,false,1,28.50,28.50,false,1,
7290115191035,false,מרלבורו סאמר ספלאש חפיסה,פיליפ מוריס,RS,מרלבורו סאמר,יחידה,1.00,יחידה,false,1,33.50,33.50,false,1,
7290115191073,false,נקסט ריץ' ריסס חפיסה,פיליפ מוריס,RS,נקסט ריץ' ריסס,יחידה,1.00,יחידה,false,1,28.50,28.50,false,1,
7290115200003,false,פתיבר פינוקי וניל 220גרם,GERARD DR,PL,פתיבר פינוקים,גרמים,220.00,100 גרם,false,1,11.90,5.41,true,1,
7290115200027,false,פתי בר פינוקי שוקו 220ג,GERARD DR,PL,פתיבר פינוקים,גרמים,220.00,100 גרם,false,1,11.90,5.41,true,1,
7290115200713,false,במבה קלאסי 5 * 50 ג,"אסם השקעות בע""\מ",IL,במבה קלאסי 5 יח,גרמים,250.00,100 גרם,false,1,12.90,5.16,true,1,
7290115201031,false,אסם פתיבר דובי שוקולד175,"ד""\ר ג'\ררד",PL,פתיבר דובי שוקול,גרמים,175.00,100 גרם,false,1,11.90,6.80,true,1,
7290115201680,false,ביסלי ברביקיו 70 גרם,"אסם השקעות בע""\מ",IL,ביסלי ברביקיו,גרמים,70.00,100 גרם,false,1,4.50,6.43,true,1,
7290115201703,false,ביסלי ברביקיו 200 גרם,אסם,IL,ביסלי ברביקיו,גרמים,200.00,100 גרם,false,1,7.90,3.95,true,1,
7290115201727,false,ביסלי בצל 200 גרם,אסם,IL,ביסלי בצל,גרמים,200.00,100 גרם,false,1,7.90,3.95,true,1,
7290115201741,false,ביסלי בצל 70 גרם,"אסם השקעות בע""\מ",IL,ביסלי בצל,גרמים,70.00,100 גרם,false,1,4.50,6.43,true,1,
7290115204056,false,קטשופ מופחת סוכר 690 גרם,אסם,IL,קטשופ מופחת סוכר,גרמים,690.00,100 גרם,false,1,12.50,1.81,true,1,
7290115208009,false,ויטמינצ'יק ענבים 1 ליטר,בית-השיטה עסיס תעשיות מז,IL,ויטמינצ'יק ענבים,ליטרים,1.00,ליטר,false,1,22.90,22.90,true,1,
7290115208047,false,ויטמינצ'יק פטל 1 ליטר,בית-השיטה עסיס תעשיות מז,IL,ויטמינצ'יק פטל,ליטרים,1.00,ליטר,false,1,22.90,22.90,true,1,
7290115208061,false,ויטמינצ'יק תפוח 1 ליטר,בית השיטה עסיס תעשיות מז,IL,ויטמינצ'יק תפוח,ליטרים,1.00,ליטר,false,1,22.90,22.90,true,1,
7290115671339,false,מיני פינוקיות בייגל180ג,"הגביע מוצרי ופלים בע""\מ",IL,מיני פינוקיות,גרמים,180.00,100 גרם,false,1,11.90,6.61,true,1,
7290115678376,false,מעדן הגולן שוקולד 125 גר,"שטראוס בריאות בע""\מ",IL,מעדן הגולן,גרמים,125.00,100 גרם,false,1,3.40,2.72,true,1,
7290115678383,false,מעדן הגולן שוק.מריר125גר,"שטראוס בריאות בע""\מ",IL,מעדן הגולן,גרמים,125.00,100 גרם,false,1,3.40,2.72,true,1,
7290116532011,false,חטיף קליק נוגט 35 גרם,תות תעשיות מזון (2014) ב,IL,חטיף קליק נוגט,גרמים,35.00,100 גרם,false,1,4.90,14.00,true,1,
7290116532264,false,מאגדת גודיז לייט אפרסק,"גלידת שטראוס בע""\מ, רחוב",IL,מאגדת גודיז לייט,גרמים,270.00,100 גרם,false,1,29.90,11.07,true,1,
7290116930435,false,יוגורט גו סמיך דובדבן200,"תנובה בע""\מ",IL,יוגורט גו סמיך,גרמים,200.00,100 גרם,false,1,5.90,2.95,true,1,
7290116930459,false,שייק בננה אננס קוקס230מל,תנובה בעמ,IL,יופלה שייק,מיליליטרים,230.00,"100 מ""ל",false,1,8.90,3.87,true,1,
7290116930466,false,שייק מנגו בננה פסיפלו230,תנובה בעמ,IL,יופלה שייק,מיליליטרים,230.00,"100 מ""ל",false,1,8.90,3.87,true,1,
7290116930480,false,שייק בננה קיוי תפוח230מל,תנובה בעמ,IL,יופלה שייק,מיליליטרים,230.00,"100 מ""ל",false,1,8.90,3.87,true,1,
7290116930626,false,ציזיקי עם קרקרים 150 גרם,,IL,ציזיקי עם קרקרים,גרמים,150.00,100 גרם,false,1,9.90,6.60,true,1,
7290116931104,false,יופלה גו סמיך אננס 200 ג,תנובה בעמ,IL,יופלה גו סמיך,גרמים,200.00,100 גרם,false,1,5.90,2.95,true,1,
7290117260623,false,תן בו שוקולד חלב 25*12גר,,DK,תן בו שוקולד12יח,גרמים,300.00,100 גרם,false,1,18.90,6.30,true,1,
7290117260685,false,תן בו מיקס סמבה 230 גרם,,DK,תן בו מיקס סמבה,גרמים,230.00,100 גרם,false,1,18.90,8.22,true,1,
7290117260807,false,תן בו בציפוי שוק.לבן12יח,,DK,תן בו שוקולד12יח,גרמים,300.00,100 גרם,false,1,18.90,6.30,true,1,
7290117900932,false,גרעין אבטיח קלוי 130 גרם,דין שיווק וקלייה בעמ,IL,גרעין אבטיח,גרמים,130.00,100 גרם,false,1,11.90,9.15,true,1,
7290117900963,false,בוטנים קלויים 270 גרם,דין שיווק וקלייה בעמ,IL,בוטנים קלויים,גרמים,270.00,100 גרם,false,1,11.90,4.41,true,1,
7290117900987,false,פאקן קלוף טבעי 140 גרם,,IL,קאן קלוף טבעי,גרמים,140.00,100 גרם,false,1,17.90,12.79,true,1,
7290117900994,false,פקאן סיני מסוכר 140 גרם,שקדיה גבע בעמ,IL,פקאן סיני מסוכר,גרמים,140.00,100 גרם,false,1,17.90,12.79,true,1,
7290117901014,false,אגוז קשיו קלוי 160 גרם,,IL,אגוז קשיו קלוי,גרמים,160.00,100 גרם,false,1,17.90,11.19,true,1,
7290117901021,false,קבוקים 220 גרם,,IL,קבוקים 220 גרם,גרמים,220.00,100 גרם,false,1,11.90,5.41,true,1,
7290117901038,false,אגוז מלך קלוף 190 גרם,"שקדיה גבע בע""\מ",IL,אגוז מלך קלוף,גרמים,190.00,100 גרם,false,1,17.90,9.42,true,1,
7290117901045,false,בוטן רביולי,דין שיווק וקלייה בעמ,IL,בוטן רביולי,גרמים,200.00,100 גרם,false,1,17.90,8.95,true,1,
7290117901052,false,שקד קלוף טבעי,,IL,שקד קלוף טבעי,גרמים,180.00,100 גרם,false,1,17.90,9.94,true,1,
7296073005735,false,עוג.סנדוויץ שוק.שופרס150,"אחים פפושדו ובניהם בע""\מ",IL,עוגיות סנדוויץ,גרמים,150.00,100 גרם,false,0,4.90,3.27,true,1,
7296073005742,false,עוג.סנדוויץ וניל שופר150,"אחים פפושדו ובניהם בע""\מ",IL,עוגיות סנדוויץ,גרמים,150.00,100 גרם,false,0,4.90,3.27,true,1,
7296073006176,false,"סוכר שופרסל 1 ק""ג","סוגת תעשיות בע""\מ",IL,סוכר לבן,קילוגרמים,1.00,"ק""ג",false,0,4.90,4.90,true,1,
7296073006404,false,מלפפונים במלח גדולים 7-9,בני דרום,IL,מלפפון במלח 7-9,גרמים,560.00,100 גרם,false,0,7.50,1.34,true,1,
7296073006428,false,מלפפונים במלח קטנים,שופרסל,IL,מלפפון במלח,גרמים,560.00,100 גרם,false,0,10.90,1.95,true,1,
7296073011217,false,פסטה פנה ריגטה 500 גרם,שופרסל,IT,פסטה פנה ריגטה,גרמים,500.00,100 גרם,false,0,4.90,0.98,true,1,
7296073011224,false,פסטה פוסילי 500 גרם,שופרסל,IT,פסטה פוסילי,גרמים,500.00,100 גרם,false,0,4.90,0.98,true,1,
7296073011248,false,פסטה פרפלה 500 גרם,שופרסל,IT,פסטה פרפלה,גרמים,500.00,100 גרם,false,0,4.90,0.98,true,1,
7296073012009,false,קוסקוס בינוני שופרסל350ג,"אסיף תעשיות מזון בע""\מ",IL,קוסקוס בינוני,גרמים,350.00,100 גרם,false,0,5.20,1.49,true,1,
7296073020356,false,150כוס שתייה קרה בייסיק,שופרסל,IL,"כוסות שתייה חד""פ",יחידה,1.00,יחידה,false,0,17.90,17.90,true,1,
7296073020370,false,צלחת גדולה BASIC 100 יח',שופרסל,IL,צלחות גדולות,יחידה,1.00,יחידה,false,0,30.90,30.90,true,1,
7296073020394,false,"קערית מרק  BASIC 50 יח,'",שופרסל,IL,"קעריות מרק חד""פ",יחידה,1.00,יחידה,false,0,19.90,19.90,true,1,
7296073020936,false,פטריות שמפיניון חתוכ400ג,פרוצ'אמפ,NL,פטריות חתוכות,גרמים,400.00,100 גרם,false,0,4.60,1.15,true,1,
7296073021568,false,"קמח חיטה לבן בהיר 1 ק""ג",שופרסל,IL,קמח לבן,קילוגרמים,1.00,"ק""ג",false,0,4.90,4.90,true,1,
7296073021575,false,"קמח תופח 1 ק""ג",שופרסל,IL,קמח תופח,קילוגרמים,1.00,"ק""ג",false,0,7.50,7.50,true,1,
7296073021582,false,סולת חיטה,שופרסל,IL,סולת חיטה,קילוגרמים,1.00,"ק""ג",false,0,4.90,4.90,true,1,
7296073048978,false,קרוטונים לסלט שופרסל400ג,"חטיפים מן הטבע בע""\מ",IL,קרוטונים לסלט,גרמים,400.00,100 גרם,false,0,16.80,4.20,true,1,
7296073048992,false,פסטרמה בדבש שופרסל 300גר,,IL,פסטרמה בדבש,גרמים,300.00,100 גרם,false,0,23.90,7.97,true,1,
7296073049029,false,כתף בקר שופרסל 300 גרם,מעדני יחיעם,IL,כתף בקר,גרמים,300.00,100 גרם,false,0,29.60,9.87,true,1,
7296073049043,false,פסטרמה ברבקיו שופרסל300ג,,IL,פסטרמה ברבקיו,גרמים,300.00,100 גרם,false,0,23.90,7.97,true,1,
7296073049050,false,פסטרמה רומנית שופרסל300ג,,IL,פסטרמה רומנית,גרמים,300.00,100 גרם,false,0,27.90,9.30,true,1,
7296073049074,false,סלמי קוניאק שופרסל 300גר,מעדני יחיעם,IL,סלמי קוניאק,גרמים,300.00,100 גרם,false,0,23.90,7.97,true,1,
7296073049654,false,טבעות זיתים ירוקים,שופרסל,IL,טבעות זיתים,גרמים,560.00,100 גרם,false,0,9.60,1.71,true,1,
7296073053743,false,פסטה קונקיליוני 500 גרם,שופרסל,IL,פסטה קונקיליוני,גרמים,500.00,100 גרם,false,0,4.90,0.98,true,1,
7296073053750,false,פסטה לומקה 500 גרם,שופרסל,IT,פסטה לומקה ריגטה,גרמים,500.00,100 גרם,false,0,4.90,0.98,true,1,
7296073059691,false,"צלחת גדולה BASIC 50 יח,'",שופרסל,IL,צלחות גדולות,יחידה,1.00,יחידה,false,0,17.90,17.90,true,1,
7296073059707,false,"צלחת קטנה BASIC 50 יח,'",שופרסל,IL,"צלחות קטנות חד""פ",יחידה,1.00,יחידה,false,0,14.90,14.90,true,1,
7296073059745,false,ליפתניות BASIC,שופרסל,IL,"ליפתניות חד""פ",יחידה,1.00,יחידה,false,0,14.90,14.90,true,1,
7296073064367,false,"בורקס תפו""א שופרסל 800 ג",שופרסל,IL,"800 בורקס תפו""א",גרמים,800.00,100 גרם,false,0,17.90,2.24,true,1,
7296073064398,false,בורקס גבינה שופרסל 800 ג,מאפ גדרון,IL,בורקס גבינה800,גרמים,800.00,100 גרם,false,0,19.90,2.49,true,1,
7296073074434,false,ביסקוויטים פתי בר גדול,שופרסל,IL,פתיבר גדול,גרמים,500.00,100 גרם,false,0,9.50,1.90,true,1,
7296073074656,false,ירקות מעורבים כבושים,שופרסל,IL,ירקות מעורבים,קילוגרמים,1.65,"ק""ג",false,0,25.90,15.70,true,1,
7296073078395,false,תפוח אדמה נשיקות תפזורת,קטיף.,IL,תפוח אדמה נשיקות,קילוגרמים,0.00,"ק""ג",true,0,5.90,5.90,true,1,
7296073078838,false,6 כריות יפניות שופרסל,פלסטו פוליש,IL,כריות יפניות,יחידה,1.00,יחידה,false,0,9.70,9.70,true,1,
7296073079002,false,פריכ.דקות אורז מלא ש100.,"פרח תעשיות מזון בע""\מ",IL,פריכיות דקות,גרמים,100.00,100 גרם,false,0,7.90,7.90,true,1,
7296073079019,false,פריכיות דק.קצח 100ג שופר,"פרח תעשיות מזון בע""\מ",IL,פריכיות דקות,גרמים,100.00,100 גרם,false,0,7.90,7.90,true,1,
7296073079859,false,קוביות עגבניות שופר800.ג,פריניר,IL,עגבניות קוביות,גרמים,800.00,100 גרם,false,0,6.80,0.85,true,1,
7296073079903,false,רוטב עגבניות 22%שופר100ג,פריניר,IL,רוטב עגבניות,גרמים,100.00,100 גרם,false,0,1.90,1.90,true,1,
7296073080497,false,שעועית אפויה שופרסל 580ג,פרי גליל,IL,שעועית אפויה,גרמים,580.00,100 גרם,false,0,7.50,1.29,true,1,
7296073080503,false,אפונה ירוקה בינונית 550ג,פרי גליל,IL,אפונה ירוקה,גרמים,550.00,100 גרם,false,0,6.90,1.25,true,1,
7296073080510,false,חומוס שלם שופרסל 560 גרם,פרי גליל,IL,חומוס שלם,גרמים,560.00,100 גרם,false,0,6.90,1.23,true,1,
7296073080534,false,גרעיני תירס מתוק 550 גרם,פרי גליל,IL,גרעיני תירס מתוק,גרמים,550.00,100 גרם,false,0,6.90,1.25,true,1,
7296073080558,false,תירס לייט שופרסל 550 גרם,פרי גליל,IL,תירס לייט,גרמים,550.00,100 גרם,false,0,7.90,1.44,true,1,
7296073081449,false,פירורי לחם מוזהבים,"חטיפים מן הטבע בע""\מ",IL,פירורי לחם,גרמים,200.00,100 גרם,false,0,4.20,2.10,true,1,
7296073081692,false,מזון יבש לחתול שופרסל3קג,Tuffy's,US,מזון לחתולים,קילוגרמים,3.00,"ק""ג",false,0,48.50,16.17,true,1,
7296073087182,false,ריבת מישמש שופרסל 370גרם,LTD 99 CIMA,BG,ריבת מישמש,גרמים,370.00,100 גרם,false,0,11.90,3.22,true,1,
7296073087250,false,קונפ.אוכמניות שופרסל370ג,LTD 99 CIMA,BG,קונפ.אוכמניות,גרמים,370.00,100 גרם,false,0,13.50,3.65,true,1,
7296073091462,false,פיסטוק קלוי וממולח 200ג,ששון,IL,פיסטוק קלוי,גרמים,200.00,100 גרם,false,0,23.90,11.95,true,1,
7296073091486,false,קשיו קלויים ומומלח 200ג',ששון,IL,קשיו קלוי ומומלח,גרמים,200.00,100 גרם,false,0,23.90,11.95,true,1,
7296073091493,false,גרעין חמניה קלוי וממולח,ששון,IL,גרעין שחור קלוי,גרמים,200.00,100 גרם,false,0,7.80,3.90,true,1,
7296073091554,false,צימוקים כהים 400 גרם,ששון,IL,צימוקים כהים,גרמים,400.00,100 גרם,false,0,19.90,4.98,true,1,
7296073091585,false,שקדים קלופים 200 גרם,ששון,IL,שקדים קלופים,גרמים,200.00,100 גרם,false,0,18.90,9.45,true,1,
7296073091608,false,אגוזי קשיו קלופים טבעיים,ששון,VN,אגוזי קשיו טבעי,גרמים,200.00,100 גרם,false,0,23.90,11.95,true,1,
7296073091646,false,צנוברים קלופים 100גרם,ששון,CN,צנוברים קלופים,גרמים,100.00,100 גרם,false,0,26.90,26.90,true,1,
7296073091677,false,חמוציות מיובשות 250ג,ששון,US,חמוציות 250גרם,גרמים,250.00,100 גרם,false,0,11.90,4.76,true,1,
7296073093169,false,פלפל שיפקה חריף,שופרסל,IL,פלפל שיפקה,גרמים,540.00,100 גרם,false,0,5.90,1.09,true,1,
7296073095583,false,"אצטון שופרסל 100 מ""ל","ש. שוורץ )באר שבע( בע""\מ",IL,אצטון BE,מיליליטרים,100.00,"100 מ""ל",false,0,3.90,3.90,true,1,
7296073098294,false,ברוקולי מוקפא שופרסל 800,פרי גליל,IL,ברוקולי 800 גר,גרמים,800.00,100 גרם,false,0,18.90,2.37,true,1,
7296073103813,false,תפוח אדמה לבן ארוז,,IL,"תפו""א לבן ארוז",קילוגרמים,0.00,"ק""ג",true,0,4.90,4.90,true,1,
7296073103820,false,תפוחי אדמה לטיגון,,IL,"תפו""א  לטיגון",קילוגרמים,0.00,"ק""ג",true,0,5.90,5.90,true,1,
7296073106258,false,מטליות רצפה 3X,,IL,מטליות רצפה 3X,יחידה,1.00,יחידה,false,0,11.90,11.90,true,1,
7296073107408,false,גרנולה שוקו.פקאן שופר400,בריגן קי ג'י,DE,גרנולה שוקולד,גרמים,400.00,100 גרם,false,0,17.90,4.48,true,1,
7296073107989,false,גרעיני תירס שופרסל 800 ג,פרי גליל,IL,גרעיני תירס,גרמים,800.00,100 גרם,false,0,14.90,1.87,true,1,
7296073108047,false,שעועית ירוקה שלמה שופרסל,פרי גליל,IL,שעועית ירוקה,גרמים,800.00,100 גרם,false,0,18.90,2.36,true,1,
7296073108269,false,עלי חסה ערבית שטופים,פרסקו,IL,עלי חסה ערבית,גרמים,250.00,100 גרם,false,0,10.90,4.36,true,1,
7296073108320,false,שבבי גזר שטופים 400גרם,,IL,שבבי גזר שטופים,גרמים,400.00,100 גרם,false,0,8.90,2.23,true,1,
7296073108344,false,לקט קלאסי שטוף350גרם,פרסקו,IL,לקט קלאסי שטוף,גרמים,350.00,100 גרם,false,0,11.90,3.40,true,1,
7296073108351,false,חסה אייסברג שטופה 300גרם,פרסקו,IL,חסה אייסברג שטוף,גרמים,300.00,100 גרם,false,0,10.90,3.63,true,1,
7296073108368,false,לקט הגינה שטוף 300גרם,,IL,לקט הגינה שטוף,גרמים,300.00,100 גרם,false,0,11.90,3.97,true,1,
7296073108443,false,"קמח חיטה מלא 1 ק""ג",שופרסל,IL,קמח חיטה מלא,קילוגרמים,1.00,"ק""ג",false,0,7.50,7.50,true,1,
7296073109822,false,תמר מג'הול מעולה 400 גרם,הדיקלאים,IL,תמר מג'הול 400ג,גרמים,400.00,100 גרם,false,0,13.90,3.48,true,1,
7296073112471,false,ספגטי מקמח חיטה מלא 500ג,שופרסל,IT,ספגטי מקמח מלא,גרמים,500.00,100 גרם,false,0,8.70,1.74,true,1,
7296073116769,false,קוקוס טחון שופרסל 100גרם,מיה,IL,קוקוס טחון,גרמים,100.00,100 גרם,false,0,4.90,4.90,true,1,
7296073116783,false,שומשום שופרסל 100 גרם,מיה,IL,שומשום שופרסל,גרמים,100.00,100 גרם,false,0,4.20,4.20,true,1,
7296073116837,false,קוואקר שופרסל קופסא500ג,בריגן קי ג'י,DE,קוואקר שופרסל,גרמים,500.00,100 גרם,false,0,10.90,2.18,true,1,
7296073122258,false,תערובת אגוזים 200גשופרסל,ששון,IL,תערובת אגוזים,גרמים,200.00,100 גרם,false,0,23.90,11.95,true,1,
7296073122296,false,פסטרמה מסורתית שופר300.ג,,IL,פסטרמה מסורתית,גרמים,300.00,100 גרם,false,0,22.90,7.63,true,1,
7296073122333,false,שקדי מרק רכיבים טבעי400ג,שופרסל,IL,שקדי מרק בשקית,גרמים,400.00,100 גרם,false,0,8.90,2.23,true,1,
7296073123729,false,"תמצית וניל שופרסל 50 מ""ל",מיה,IL,תמצית וניל,מיליליטרים,50.00,"100 מ""ל",false,0,4.50,9.00,true,1,
7296073124160,false,שום כתוש קפוא במגשית,שופרסל,IL,שום קפוא במגשית,גרמים,80.00,100 גרם,false,0,12.90,16.13,true,1,
7296073124177,false,שום כתוש קפוא בצנצנת,שופרסל,IL,שום כתוש,גרמים,200.00,100 גרם,false,0,16.90,8.45,true,1,
7296073124382,false,ספגטיני מספר 3 500 גרם,שופרסל,IT,ספגטיני מספר 3,גרמים,500.00,100 גרם,false,0,4.90,0.98,true,1,
7296073124399,false,ספגטי מס 5 500 גרם,שופרסל,IT,ספגטי מספר 5,גרמים,500.00,100 גרם,false,0,4.90,0.98,true,1,
7296073125358,false,מלפפ.במלח7-9שופר560ג20%+,,IL,מלפפונים במלח,גרמים,650.00,100 גרם,false,0,7.50,1.15,true,1,
7296073129431,false,פתיתים קוסקוס שופרסל500ג,"אסיף תעשיות מזון בע""\מ",IL,פתיתים קוסקוס,גרמים,500.00,100 גרם,false,0,5.20,1.04,true,1,
7296073130499,false,"מיץ לימון שופרסל 200 מ""ל",סי פרווידר,IT,מיץ לימון שופרסל,מיליליטרים,200.00,"100 מ""ל",false,0,6.40,3.20,true,1,
7296073132806,false,חרוזי זיתים שופרסל560גרם,קבוצת יבנה מוצרי מזון,IL,חרוזי זיתים,גרמים,560.00,100 גרם,false,0,9.80,1.75,true,1,
7296073132820,false,סלק בואקום 500 גרם,שופרסל,ES,סלק בואקום 500ג,גרמים,500.00,100 גרם,false,0,8.90,1.78,true,1,
7296073132936,false,עוגת מאפין שיש שופרסל400,גידרון,IL,עוגת מאפין,גרמים,400.00,100 גרם,false,0,11.90,2.98,true,1,
7296073132943,false,עוגת מאפין שוק.שופרסל400,גידרון,IL,עוגת מאפין,גרמים,400.00,100 גרם,false,0,11.90,2.98,true,1,
7296073132950,false,עוגת מאפין וניל שופר400ג,גידרון,IL,עוגת מאפין,גרמים,400.00,100 גרם,false,0,11.90,2.98,true,1,
7296073132981,false,צלחת גדולה לבנה ELEGANT,,IL,צלחות גדולה,יחידה,1.00,יחידה,false,0,17.90,17.90,true,1,
7296073133063,false,צלחת קרם ELEGANT גדולה,,IL,צלחות גדולות,יחידה,1.00,יחידה,false,0,17.90,17.90,true,1,
7296073134534,false,קפה טורקי,שופרסל,IL,קפה טורקי,גרמים,100.00,100 גרם,false,0,5.90,5.90,true,1,
7296073134541,false,מארז קפה טורקי 3 * 100גר,שופרסל,IL,מארז קפה טורקי,גרמים,300.00,100 גרם,false,0,16.60,5.53,true,1,
7296073141143,false,שוקולד חלב שופרסל100 גרם,"שוקולד פריי בע""מ",CH,שוקולד חלב,גרמים,100.00,100 גרם,false,0,5.60,5.60,true,1,
7296073141150,false,שוקולד מריר שוויצרי100ג,"שוקולד פריי בע""מ",CH,שוקולד מריר,גרמים,100.00,100 גרם,false,0,5.60,5.60,true,1,
7296073146940,false,שוק.אוורירי חלב שופר100ג,"שוקולד פריי בע""מ",CH,שוקולד אוורירי,גרמים,100.00,100 גרם,false,0,6.20,6.20,true,1,
7296073150442,false,תערובת לכדורי שוקולד500ג,"י.כהן בע""מ",IL,תערובת לכדורים,גרמים,500.00,100 גרם,false,0,16.00,3.20,true,1,
7296073150527,false,קורנפלקס שופרסל 750 גרם,שופרסל,DK,קורנפלקס שופרסל,גרמים,750.00,100 גרם,false,0,13.90,1.85,true,1,
7296073151463,false,פריכיות דקות דל נתרן100ג,"פרח תעשיות מזון בע""\מ",IL,פריכיות דקות,גרמים,100.00,100 גרם,false,0,7.90,7.90,true,1,
7296073151548,false,מלח בישול גס שופרסל 1 קג,מלח הארץ אילת,IL,מלח בישול גס,קילוגרמים,1.00,"ק""ג",false,0,2.07,2.07,true,1,
7296073151555,false,מלח שולחן דק שופרסל 1 קג,מלח הארץ אילת,IL,מלח שולחן דק,קילוגרמים,1.00,"ק""ג",false,0,2.07,2.07,true,1,
7296073153238,false,גזר ארוז שופרסל,,IL,גזר ארוז שופרסל,קילוגרמים,0.00,"ק""ג",true,0,5.90,5.90,true,1,
7296073156604,false,שוק.חלב עם אגוזי לוז100ג,שופרסל,CH,שוקולד+אגוזי לוז,גרמים,100.00,100 גרם,false,0,8.50,8.50,true,1,
7296073161493,false,שוק.מריר60%שופרסל 100*2ג,"שוקולד פריי בע""מ",CH,שוקולד מריר זוג,גרמים,200.00,100 גרם,false,0,14.20,7.10,true,1,
7296073163084,false,נקניקיות וינר 400 גרם,מעדני יחיעם,IL,נקניקיות וינר,גרמים,400.00,100 גרם,false,0,11.90,2.98,true,1,
7296073163107,false,"נקניקיות וינר 1.5 ק""ג",שופרסל,IL,נקניקיות וינר,קילוגרמים,1.50,"ק""ג",false,0,29.90,19.93,true,1,
7296073163114,false,נקניקיות מיני שופרסל600ג,,IL,נקניקיות מיני,גרמים,600.00,100 גרם,false,0,17.90,2.98,true,1,
7296073169550,false,3 מטליות מיקרופייבר שופר,שופרסל,CN,מטליות מיקרופיבר,יחידה,1.00,יחידה,false,0,14.80,14.80,true,1,
7296073170860,false,צ'יפס קלאסי 1.5 קג,"תעשיות תפוגן בע""\מ",IL,צ'יפס קלאסי,קילוגרמים,1.50,"ק""ג",false,0,24.90,16.60,true,1,
7296073173045,false,דבש טבעי בק.לחיץ500גר,שופרסל,IL,דבש לחיץ שופרסל,גרמים,500.00,100 גרם,false,0,30.20,6.04,true,1,
7296073173229,false,שעועית ירוקה חתוכה שופרס,ARDO,BE,שעועית ירוקה,גרמים,800.00,100 גרם,false,0,17.90,2.24,true,1,
7296073173304,false,"קמח לאפיית לחם 1 ק""ג",שופרסל,IL,קמח לאפיית לחם,קילוגרמים,1.00,"ק""ג",false,0,7.50,7.50,true,1,
7296073179863,false,דבש טבעי לחיץ 250 גרם,שופרסל,IL,דבש טבעי לחיץ,גרמים,250.00,100 גרם,false,0,16.90,6.76,true,1,
7296073180203,false,עלי רוקט שטופים 150גרם,פרסקו,IL,עלי רוקט150ג',גרמים,150.00,100 גרם,false,0,10.90,7.27,true,1,
7296073180432,false,רוטב לפסטה בזיליקום 350ג,,IT,רוטב לפסטה,גרמים,350.00,100 גרם,false,0,9.90,2.83,true,1,
7296073180548,false,אגוזי מלך קלוף טבעי 150ג,ששון,US,א.מלך טבעי קלוף,גרמים,150.00,100 גרם,false,0,13.90,9.27,true,1,
7296073180630,false,מטליות לחות לרצפה 10יח,טרופיקל דגיל,IL,מטליות לחות,יחידה,1.00,יחידה,false,0,10.90,10.90,true,1,
7296073187363,false,פחם דרום אמריקאי,,PY,פחם דרום אמריקאי,קילוגרמים,2.00,"ק""ג",false,0,14.90,7.45,true,1,
7296073189602,false,חצאי בוטן מטוגן וממולח,שקרצי,IL,חצאי בוטן מטוגן,גרמים,400.00,100 גרם,false,0,15.90,3.98,true,1,
7296073192633,false,שעועית לבנה שופרסל 800גר,פרי גליל,IL,שעועית לבנה,גרמים,800.00,100 גרם,false,0,18.90,2.36,true,1,
7296073197461,false,שוקולד חלב 3 יח,,CH,שוקולד חלב 3 יח,גרמים,300.00,100 גרם,false,0,14.90,4.97,true,1,
7296073197478,false,שוקולד מריר שוויצרי100*3,,CH,שוקולד מריר 3 יח,גרמים,300.00,100 גרם,false,0,14.90,4.97,true,1,
7296073198314,false,דייסת דגנים מעורבים 200ג,שופרסל,IL,דייסת דגנים,גרמים,200.00,100 גרם,false,0,10.90,5.45,true,1,
7296073199014,false,נודלס דק להקפצה 400 גרם,INDUSTRY ANLIDA LONGHAI FUJIAN,CN,נודלס דק להקפצה,גרמים,400.00,100 גרם,false,0,11.50,2.88,true,1,
7296073201410,false,נודלס רחב להקפצה 400ג,פרוצ'אמפ,CN,נודלס בינוני,גרמים,400.00,100 גרם,false,0,11.50,2.88,true,1,
7296073204640,false,בוטן אמריקאי200ג שופרסל,ששון,IL,בוטנים אמריקאים,גרמים,200.00,100 גרם,false,0,7.90,3.95,true,1,
7296073205081,false,מיונז,,IL,מיונז,גרמים,500.00,100 גרם,false,0,8.90,1.78,true,1,
7296073206682,false,טונה בשמן קנולה 160*4ג,"תעשיות פילטונה בע""מ",IL,טונה בשמן 4 יח,גרמים,640.00,100 גרם,false,0,22.90,3.58,true,1,
7296073209249,false,ספגיות קירצוף 6 יחידות,פלסטו פוליש,IL,ספוגיות קירצוף,יחידה,1.00,יחידה,false,0,5.70,5.70,true,1,
7296073214137,false,פלחי אפרסק,,CN,פלחי אפרסק,גרמים,820.00,100 גרם,false,0,9.90,1.21,true,1,
7296073215820,false,כורכום טחון,,IL,כורכום טחון,גרמים,100.00,100 גרם,false,0,7.90,7.90,true,1,
7296073215882,false,כמון טחון,,IL,כמון טחון,גרמים,40.00,100 גרם,false,0,8.30,20.75,true,1,
7296073215929,false,קנמון טחון,,IL,קנמון טחון,גרמים,40.00,100 גרם,false,0,6.40,16.00,true,1,
7296073215936,false,קנמון טחון,,IL,קנמון טחון,גרמים,80.00,100 גרם,false,0,8.50,10.63,true,1,
7296073216018,false,תערובת תיבול,,IL,תערובת תיבול,גרמים,100.00,100 גרם,false,0,8.00,8.00,true,1,
7296073216063,false,חוואג' למרק,,IL,חוואג' למרק,גרמים,100.00,100 גרם,false,0,9.50,9.50,true,1,
7296073216100,false,צ'ילי כתוש,,IL,צ'ילי כתוש,גרמים,25.00,100 גרם,false,0,6.90,27.60,true,1,
7296073216148,false,פלפל שחור טחון,,IL,פלפל שחור טחון,גרמים,100.00,100 גרם,false,0,13.80,13.80,true,1,
7296073216155,false,פלפל שחור,,IL,פלפל שחור,גרמים,40.00,100 גרם,false,0,11.20,28.00,true,1,
7296073216162,false,פלפל שחור,,IL,פלפל שחור,גרמים,100.00,100 גרם,false,0,13.90,13.90,true,1,
7296073216223,false,פפריקה מתוקה,,IL,פפריקה מתוקה,גרמים,80.00,100 גרם,false,0,5.90,7.38,true,1,
7296073216230,false,פפריקה מתוקה,,IL,פפריקה מתוקה,גרמים,40.00,100 גרם,false,0,8.40,21.00,true,1,
7296073216247,false,פפריקה מתוקה,,IL,פפריקה מתוקה,גרמים,100.00,100 גרם,false,0,10.90,10.90,true,1,
7296073216315,false,מלח לימון,,IL,מלח לימון,גרמים,100.00,100 גרם,false,0,7.60,7.60,true,1,
7296073216322,false,מלח לימון,,IL,מלח לימון,גרמים,170.00,100 גרם,false,0,11.30,6.65,true,1,
7296073218166,false,פלפל אנגלי שלם,,IL,פלפל אנגלי שלם,גרמים,25.00,100 גרם,false,0,8.30,33.20,true,1,
7296073218661,false,מטליות לרצפה 3יח,,CN,מטליות לרצפה 3יח,יחידה,1.00,יחידה,false,0,24.90,24.90,true,1,
7296073218807,false,בישקוטים,,IT,בישקוטים,גרמים,200.00,100 גרם,false,0,8.20,4.10,true,1,
7296073219118,false,אבקת כביסה,,IL,אבקת כביסה,קילוגרמים,2.50,"ק""ג",false,0,24.90,9.96,true,1,
7296073219255,false,קפה נמס,,IL,קפה נמס,גרמים,200.00,100 גרם,false,0,14.90,7.45,true,1,
7296073219347,false,לחם אחיד פרוס750ג שופרסל,מאפית ברמן,IL,לחם אחיד פרוס,גרמים,750.00,100 גרם,false,0,7.10,0.95,true,1,
7296073219606,false,כדורי דגנים,,LT,כדורי דגנים,גרמים,500.00,100 גרם,false,0,13.90,2.78,true,1,
7296073219675,false,פלפל שחור גרוס,,IL,פלפל שחור גרוס,גרמים,80.00,100 גרם,false,0,11.90,14.88,true,1,
7296073219897,false,פודינג וניל,,IL,פודינג וניל,גרמים,80.00,100 גרם,false,0,5.20,6.50,true,1,
7296073219958,false,חט.דגנים שוקו+מריר23*6ג,back and Snack,AT,חטיף דגנים,גרמים,23.00,100 גרם,false,0,10.90,47.39,true,1,
7296073220275,false,ופלים בטעם שוקולד 500 גר,"מנעמים תעשיות מזון בע""\מ",IL,ופל טעם שוקולד,גרמים,500.00,100 גרם,false,0,11.90,2.38,true,1,
7296073220282,false,ופלים לימון שופרסל500גר,"מנעמים תעשיות מזון בע""\מ",IL,ופל טעם לימון,גרמים,500.00,100 גרם,false,0,11.90,2.38,true,1,
7296073220398,false,חטיפי קרח,,IL,חטיפי קרח,מיליליטרים,800.00,"100 מ""ל",false,0,9.90,1.24,true,1,
7296073221319,false,"כף קרם 100 יח,' 2 גרם",,IL,כפות חד פעמיות,יחידה,1.00,יחידה,false,0,14.90,14.90,true,1,
7296073221326,false,"כפית קרם 100 יח,' 1.4גרם",,TR,"מארז כפיות ח""פ",יחידה,1.00,יחידה,false,0,14.90,14.90,true,1,
7296073221333,false,"מזלג קרם 100 יח,' 2 גרם",,IL,"מזלגות קרם ח""פ",יחידה,1.00,יחידה,false,0,14.90,14.90,true,1,
7296073221340,false,"סכין קרם 100 יח,' 2 גרם",,IL,סכינים עבים קרם,יחידה,1.00,יחידה,false,0,14.90,14.90,true,1,
7296073221630,false,שמן קנולה שופרסל 1 ליטר,בוקרלמן,DE,שמן קנולה,ליטרים,1.00,ליטר,false,0,10.90,10.90,true,1,
7296073221791,false,ופלים בטעם אגוזים 400 גר,"מנעמים תעשיות מזון בע""\מ",IL,ופל אגוזים,גרמים,400.00,100 גרם,false,0,11.90,2.98,true,1,
7296073222200,false,פסטרמה הודו על גחלים שופ,,IL,פסטרמה הודו,גרמים,300.00,100 גרם,false,0,23.90,7.97,true,1,
7296073222231,false,פסטרמה בדבש דק דק 140 גר,,IL,פסטרמה בדבש,גרמים,140.00,100 גרם,false,0,11.90,8.50,true,1,
7296073222255,false,סלמי מעושן שופרסל 400 גר,מעדני יחיעם,IL,סלמי מעושן,גרמים,400.00,100 גרם,false,0,19.90,4.98,true,1,
7296073222309,false,ג'חנון קפוא שופרסל 650 ג,אופרה,IL,ג'חנון קפוא שופר,גרמים,650.00,100 גרם,false,0,15.90,2.45,true,1,
7296073222316,false,ג'חנון אפוי שופרסל 650ג,אופרה,IL,ג'חנון אפוי שופר,גרמים,650.00,100 גרם,false,0,18.90,2.91,true,1,
7296073222323,false,מלווח קפוא שופרסל700ג,אופרה,IL,מלווח קפוא שופרס,גרמים,700.00,100 גרם,false,0,14.90,2.13,true,1,
7296073223009,false,שמן זית,,IT,שמן זית,מיליליטרים,750.00,"100 מ""ל",false,0,29.90,3.99,true,1,
7296073224013,false,מזון חתולים,,FR,מזון חתולים,גרמים,400.00,100 גרם,false,0,8.00,2.00,true,1,
7296073224037,false,מזון כלבים,,FR,מזון כלבים,גרמים,400.00,100 גרם,false,0,7.90,1.98,true,1,
7296073224563,false,סלט טחינה שופרסל 400 גרם,סלטי שמיר,IL,סלט טחינה,גרמים,400.00,100 גרם,false,0,11.90,2.98,true,1,
7296073224570,false,חומוס אסלי שופרסל 400גרם,סלטי שמיר,IL,חומוס אסלי,גרמים,400.00,100 גרם,false,0,10.90,2.73,true,1,
7296073224587,false,כרוב אדום שופרסל 400 גרם,סלטי שמיר,IL,סלט כרוב אדום,גרמים,400.00,100 גרם,false,0,11.90,2.98,true,1,
7296073224594,false,סלט חציל במיונז שופר400ג,סלטי שמיר,IL,סלט חצילים מיונז,גרמים,400.00,100 גרם,false,0,11.90,2.98,true,1,
7296073224600,false,"חומוס שופרסל 1 ק""ג",סלטי שמיר,IL,סלט חומוס,קילוגרמים,1.00,"ק""ג",false,0,13.90,13.90,true,1,
7296073224693,false,ביציםM שופרסל 12,,IL,ביציםM שופרסל 12,יחידה,1.00,יחידה,false,0,11.15,11.15,true,1,
7296073224709,false,ביציםL שופרסל 12,,IL,ביציםL שופרסל 12,יחידה,1.00,יחידה,false,0,12.05,12.05,true,1,
7296073224839,false,מרכך מרוכז לבן,,IL,מרכך מרוכז לבן,ליטרים,1.00,ליטר,false,0,11.90,11.90,true,1,
7296073224891,false,אפונה ירוקה קפואה שופרסל,,BE,אפונה ירוקה,גרמים,800.00,100 גרם,false,0,14.90,1.86,true,1,
7296073225010,false,ריבועי דגנים+קינמון500גר,פודס,LT,ריבועי דגנים,גרמים,500.00,100 גרם,false,0,13.90,2.78,true,1,
7296073225072,false,לחמניות שופרסל 75*6 גרם,מאפיית שלמה א. אנג'\ל בע,IL,לחמניות 6 יחידות,גרמים,450.00,100 גרם,false,0,12.90,2.87,true,1,
7296073225256,false,גרעין חמנייה קליית עפולה,ששון,IL,גרעין חמנייה,גרמים,200.00,100 גרם,false,0,7.80,3.90,true,1,
7296073225492,false,רוטב עגבני.מרוכז22% 260ג,פריניר,IL,רוטב עגבניות,גרמים,260.00,100 גרם,false,0,3.60,1.38,true,1,
7296073225508,false,כוס שתיה חמה גדולה 300מל,,CN,כוסות קפה גדולות,יחידה,1.00,יחידה,false,0,18.90,18.90,true,1,
7296073225706,false,ביצים L שופרסל 18 יחידות,מ.לסר,IL,ביצים Lשופרסל 18,יחידה,1.00,יחידה,false,1,18.07,18.07,true,1,
7296073225744,false,חצילים על האש שופרסל400ג,סלטי שמיר,IL,סלט חצילים,גרמים,400.00,100 גרם,false,0,11.90,2.98,true,1,
7296073225768,false,סלט מטבוחה שופרסל 400גרם,סלטי שמיר,IL,סלט מטבוחה,גרמים,400.00,100 גרם,false,0,11.90,2.98,true,1,
7296073225775,false,רצועות סלק שופרסל 400גרם,סלטי שמיר,IL,סלט סלק שופרסל,גרמים,400.00,100 גרם,false,0,11.90,2.98,true,1,
7296073226543,false,אורגנו תבלין,,IL,אורגנו תבלין,גרמים,40.00,100 גרם,false,0,10.30,25.75,true,1,
7296073226970,false,סלט חומוס+טחינה שופר400ג,סלטי שמיר,IL,חומוס עם טחינה,גרמים,400.00,100 גרם,false,0,11.90,2.98,true,1,
7296073226987,false,סלט חומוס+מסבחה שופר400ג,סלטי שמיר,IL,חומוס עם מסבחה,גרמים,400.00,100 גרם,false,0,11.90,2.98,true,1,
7296073229667,false,סירופ טעם מייפל,,IL,סירופ טעם מייפל,גרמים,600.00,100 גרם,false,0,12.90,2.15,true,1,
7296073230021,false,מנקה רצפות כחול 2 ליטר,קליר כימיקלים,IL,מנקה רצפות כחול,ליטרים,2.00,ליטר,false,0,15.90,7.95,true,1,
7296073230038,false,מנקה רצפות ורוד 2 ליטר,קליר כימיקלים,IL,מנקה רצפות,ליטרים,2.00,ליטר,false,0,15.90,7.95,true,1,
7296073230045,false,מנקה רצפות סגול 2 ליטר,קליר כימיקלים,IL,מנקה רצפות,ליטרים,2.00,ליטר,false,0,15.90,7.95,true,1,
7296073230106,false,"סלט תפו""א שופרסל 400 גרם",שופרסל,IL,"סלט תפו""א",גרמים,400.00,100 גרם,false,0,11.90,2.98,true,1,
7296073230113,false,לפתן פירות בסירופ קל225ג,,CN,לפתן פירות,גרמים,225.00,100 גרם,false,0,5.60,2.49,true,1,
7296073230410,false,כוס שתיה חמה,,CN,כוס שתיה חמה,יחידה,1.00,יחידה,false,0,14.90,14.90,true,1,
7296073230632,false,דגני טבעות דבש 500 גרם,UAB FOODS CERERA,LT,טבעות דבש,גרמים,500.00,100 גרם,false,0,13.90,2.78,true,1,
7296073231554,false,חלב 3% בקרטון שופרסל 1ל,מחלבות רמת הגולן,IL,חלב 3% קרטון 1ל',ליטרים,1.00,ליטר,false,1,6.10,6.10,true,1,
7296073231561,false,"שמנת להקצפה 38% 250מ""ל",מחלבות רמת הגולן,IL,שמנת להקצפה 38%,מיליליטרים,250.00,"100 מ""ל",false,1,6.30,2.52,true,1,
7296073236887,false,סלט גזר מרוקאי 400 גרם,סלטי שמיר,IL,סלט גזר מרוקאי,גרמים,400.00,100 גרם,false,1,11.90,2.98,true,1,
7296073236894,false,סלט קולסלאו 400 גרם,סלטי שמיר,IL,סלט קולסלאו,גרמים,400.00,100 גרם,false,1,11.90,2.98,true,1,
7296073237556,false,ממחטות אף 100*5 יח',שניב תעשיות נייר,IL,ממחטות אף100*5יח,יחידה,1.00,יחידה,false,1,10.00,10.00,true,1,
7296073237631,false,שוקולד מריר פרימיום 81%,פריי )שוקולד(,CH,שוקולד מריר 81%,גרמים,100.00,100 גרם,false,1,10.90,10.90,true,1,
7296073237655,false,שוק.מריר 72% קקאו 100 גר,"שוקולד פריי בע""מ",CH,שוקולד מריר 72%,גרמים,100.00,100 גרם,false,1,10.90,10.90,true,1,
7296073239239,false,כוסות קפה מנייר 50יח,,CN,כוסות שתיה חמה,יחידה,1.00,יחידה,false,1,17.90,17.90,true,1,
7296073239956,false,כוס שתיה חמה אספרסו120מל,,CN,כוסות שתיה חמה,יחידה,1.00,יחידה,false,1,9.90,9.90,true,1,
7296073241324,false,פרוסות אננס בסירופ קל850,CANNING FRUIT KUIBURI,TH,פרוסות אננס,גרמים,850.00,100 גרם,false,1,9.90,1.16,true,1,
7296073241522,false,ממחטות אף 100*5 יח,שניב תעשיות נייר,IL,ממחטות אף 5 יח,יחידה,1.00,יחידה,false,1,10.00,10.00,true,1,
7296073242284,false,"קרם ידיים שופרסל 100 מ""ל",ש.שוורץ,IL,קרם ידיים שופרסל,מיליליטרים,100.00,"100 מ""ל",false,1,9.90,9.90,true,1,
7296073243731,false,ריבת חלב 400 גרם,מיה,IL,ריבת חלב,גרמים,400.00,100 גרם,false,1,13.90,3.48,true,1,
7296073243854,false,כוסות שתייה מעוטר זהב,,IL,כוסות שתייה,יחידה,1.00,יחידה,false,1,18.90,18.90,true,1,
7296073244769,false,"סוכר חום דמררה צנצ. 1ק""ג","סוגת תעשיות בע""מ",IL,סוכר חום דמררה,קילוגרמים,1.00,"ק""ג",false,1,11.50,11.50,true,1,
7296073244875,false,טחינה גולמית 500 גרם,,IL,טחינה גולמית,גרמים,500.00,100 גרם,false,1,13.90,2.78,true,1,
7296073244905,false,טחינה משומשום מלא 500גרם,,IL,טחינה שומשום מלא,גרמים,500.00,100 גרם,false,1,13.90,2.78,true,1,
7296073246060,false,פולי סויה בקליפה 450 גרם,HEBEI,CN,פולי סויה,גרמים,450.00,100 גרם,false,1,12.90,2.87,true,1,
7296073246633,false,פרוסות אננס בסירופ קל227,CANNING FRUIT KUIBURI,TH,פרוסות אננס,גרמים,227.00,100 גרם,false,1,4.90,2.16,true,1,
7296073254102,false,טונה בשמן סויה 160*4 גרם,אסיאן אליאנס,TH,טונה בשמן 4 יח,גרמים,640.00,100 גרם,false,1,22.90,3.58,true,1,
7296073254263,false,מיני פיצה מרגריטה  6יח,שופרסל,IT,פיצות אישיות,גרמים,480.00,100 גרם,false,1,21.90,4.56,true,1,
7296073261193,false,קסמי אוזניים מעץ שופרסל,PRODUC UES DAILY JIEYANG,CN,קיסמי אוזניים,יחידה,1.00,יחידה,false,1,2.50,2.50,true,1,
7296073261223,false,פדים להסרת איפור 80 יח,PRODUC UES DAILY JIEYANG,CN,פדים להסרת איפור,יחידה,1.00,יחידה,false,1,8.50,8.50,true,1,
7296073261384,false,"אל סבון  מעורב 500*3 מ""ל",טאהא קימיה,TR,אל סבון נוזלי3יח,ליטרים,1.50,ליטר,false,1,12.90,8.60,true,1,
7296073262909,false,תרסיס שמן קנול.ללא גז150,S.L AEROLS FOOD,ES,תרסיס שמן קנולה,מיליליטרים,150.00,"100 מ""ל",false,1,15.90,10.60,true,1,
7296073262992,false,סירופ מייפל פרימיום250מל,,CA,סירופ מייפל 100%,מיליליטרים,250.00,"100 מ""ל",false,1,32.90,13.16,true,1,
7296073263166,false,מרכך בייבי מרוכז 1ל,גליל כימיקלים,IL,מרכך בייבי מרוכז,ליטרים,1.00,ליטר,false,1,14.90,14.90,true,1,
7296073265184,false,שקית אשפה ריחנית גדולה,גליל כימיקלים,IL,שקיות אשפה,יחידה,1.00,יחידה,false,1,19.90,19.90,true,1,
7296073265351,false,ספגטי ללא גלוטן 400 גרם,SPA MENNUCCI PASTIFICI,IT,ספגטי ללא גלוטן,גרמים,400.00,100 גרם,false,1,11.90,2.98,true,1,
7296073266129,false,מפות שולחן מניילון  6 יח,,IL,מפות שולחן 6 יח,יחידה,1.00,יחידה,false,1,9.90,9.90,true,1,
7296073266266,false,קוקטייל פירות 113*4 גרם,FOODS HUIXANG JIANGSU,CN,קוקטייל פירות,גרמים,452.00,100 גרם,false,1,10.90,2.41,true,1,
7296073266303,false,"רסק תפוחים ללת""ס 113*4 ג",FOODS HUIXANG JIANGSU,CN,רסק תפוחי עץ,גרמים,452.00,100 גרם,false,1,10.90,2.41,true,1,
7296073266570,false,פירורי לחם תיב.אמריקא350,"חטיפים מן הטבע בע""\מ",IL,פירורי לחם,גרמים,350.00,100 גרם,false,1,9.90,2.83,true,1,
7296073267195,false,צמר גפן רפואי שופרס100*2,SANAVI A.P,TR,זוג צמר גפן,גרמים,200.00,100 גרם,false,1,12.90,6.45,true,1,
7296073270287,false,תבנית אלומיניום אינגליש,,IL,תבניות אינגליש,יחידה,1.00,יחידה,false,1,14.90,14.90,true,1,
7296073270294,false,תבנית אלומיניום מוארכת 9,,IL,תבניות מלבניות,יחידה,1.00,יחידה,false,1,14.90,14.90,true,1,
7296073270300,false,תבנית אלומיניום קטנה 15י,,IL,תבניות אלומיניום,יחידה,1.00,יחידה,false,1,14.90,14.90,true,1,
7296073270317,false,תבנית אלומיניום עגולה 7,,IL,תבניות עגולות,יחידה,1.00,יחידה,false,1,14.90,14.90,true,1,
7296073270324,false,תבנית אלומיניום גדולה 7י,,IL,תבניות אלומיניום,יחידה,1.00,יחידה,false,1,14.90,14.90,true,1,
7296073270423,false,מיכל 1 ליטר 5 יחידות,,CN,מיכל 1 ליטר,יחידה,1.00,יחידה,false,1,12.90,12.90,true,1,
7296073272496,false,נייר טואלט דו שכבתי32גל,שניב תעשיות נייר,IL,נייר טואלט 32גל,מטרים,573.00,100 מטר,false,1,33.90,5.92,true,1,
7296073277248,false,מגבונים ללא בישום 64*5יח,דינמיק,IL,מגבונים לחים 5יח,יחידה,1.00,יחידה,false,1,22.90,22.90,true,1,
7296073277255,false,מארז מגבונים לחים 6 יח,דינמיק,IL,מארז מגבוניםלחים,יחידה,1.00,יחידה,false,1,19.90,19.90,true,1,
7296073281702,false,מגבוני נייר טואלט לחים,דינמיק תעשיות מגבונים,IL,מגבוני נייר לחים,יחידה,1.00,יחידה,false,1,12.10,12.10,true,1,
7296073281849,false,שמפו לשיער רגיל 750מל,"א.מ.ש.י תעשיות בע""מ",IL,שמפו לשיער רגיל,מיליליטרים,750.00,"100 מ""ל",false,1,19.90,2.65,true,1,
7296073281931,false,"מסכה לשיער מוחלק 500 מ""ל","א.מ.ש.י תעשיות בע""מ",IL,מסכה לשיער יבש,מיליליטרים,500.00,"100 מ""ל",false,1,34.90,6.98,true,1,
7296073285274,false,"מזלג שקוף עבה ח""פ 100 יח",,CN,מזלגות שקופים,יחידה,1.00,יחידה,false,1,17.90,17.90,true,1,
7296073285397,false,נר נשמה 24 שעות יחידה,CANDLE ITBRIGHT,CN,נר נשמה 24 שעות,יחידה,1.00,יחידה,false,1,2.50,2.50,true,1,
7296073285427,false,שקית אשפה ריחנית לפח קטן,אשפלסט,IL,שקיות אשפה,יחידה,1.00,יחידה,false,1,12.90,12.90,true,1,
7296073286011,false,אורז פרסי זיפר שופרסל1קג,ltd co produce Uthai,TH,אורז פרסי,קילוגרמים,1.00,"ק""ג",false,1,7.90,7.90,true,1,
7296073286035,false,"אורז תאילנדי זיפר 1 ק""ג",ltd co produce Uthai,TH,אורז תאילנדי,קילוגרמים,1.00,"ק""ג",false,1,6.50,6.50,true,1,
7296073286042,false,אורז יסמין זיפר שופרסל1ק,ltd co produce Uthai,TH,אורז יסמין,קילוגרמים,1.00,"ק""ג",false,1,10.90,10.90,true,1,
7296073286349,false,שקיות אשפה חזקות L 55 יח,אשפלסט,IL,שקיות אשפה,יחידה,1.00,יחידה,false,1,19.90,19.90,true,1,
7296073286493,false,צמד פטריות פורטובלה ושמפ,מרינה,IL,צמד פטריות פורטו,גרמים,420.00,100 גרם,false,1,16.90,4.02,true,1,
7296073286509,false,פטריות שמפניון,,IL,פטריות שמפניון,גרמים,220.00,100 גרם,false,1,9.90,4.50,true,1,
7296073288756,false,תירס ארוז,קטיף.,IL,תירס ארוז,קילוגרמים,0.00,"ק""ג",true,1,9.90,9.90,true,1,
7296073289586,false,נייר סנדוויץ 100 יחידות,שניב,IL,נייר סנדוויץ,יחידה,1.00,יחידה,false,1,12.90,12.90,true,1,
7296073289715,false,מגבוני אף עדינים תינוק30,שופרסל,IL,מגבוני אף לתינוק,יחידה,1.00,יחידה,false,1,9.90,9.90,true,1,
7296073289739,false,שקיות צליה שופרסל 10 יח,,TR,שקיות צליה,יחידה,1.00,יחידה,false,1,5.90,5.90,true,1,
7296073289746,false,50 מגבונים לניקוי כללי,דינמיק תעשיות מגבונים,IL,מגבונים לניקוי,יחידה,1.00,יחידה,false,1,9.90,9.90,true,1,
7296073290858,false,"קרם קוקוס שופרסל 400 מ""ל",COCONUT THAI,TH,קרם קוקוס,מיליליטרים,400.00,"100 מ""ל",false,1,7.50,1.88,true,1,
7296073291084,false,עוגיות דניות עם חמאה 150,BAKERY JACOBSENS,DK,עוגיות חמאה בפח,גרמים,150.00,100 גרם,false,1,13.90,9.27,true,1,
7296073291244,false,חומץ 5%,מיטב,IL,חומץ 5%,ליטרים,1.00,ליטר,false,1,6.50,6.50,true,1,
7296073291251,false,מיץ לימון משומר 1 ליטר,,IL,מיץ לימון משומר,ליטרים,1.00,ליטר,false,1,8.90,8.90,true,1,
7296073291916,false,ניוקי שופרסל 500גרם,ALIMENTARI CLEMME,IT,ניוקי שופרסל,גרמים,500.00,100 גרם,false,1,11.90,2.38,true,1,
7296073292906,false,פירורי לחם מוזהב.זיפר350,מאפיית דוידוביץ ובניו בע,IL,פירורי לחם מוזהב,גרמים,350.00,100 גרם,false,1,7.50,2.14,true,1,
7296073293040,false,תבניות אפיה מוארכות+מכסה,,IL,תבניות אפיה+מכסה,יחידה,1.00,יחידה,false,1,14.90,14.90,true,1,
7296073296744,false,שמרים יבשים 500 גרם,,TR,שמרים יבשים,גרמים,500.00,100 גרם,false,1,14.90,2.98,true,1,
7296073296751,false,שמרים יבשים 125 גרם,,TR,שמרים יבשים,גרמים,125.00,100 גרם,false,1,4.50,3.60,true,1,
7296073298373,false,"חומץ מיין לבן 500 מ""ל",,ES,חומץ מיין לבן,מיליליטרים,500.00,"100 מ""ל",false,1,16.90,3.38,true,1,
7296073299226,false,עגבניות מרוסקות400*3ג,אמיליאנה קונסרב סוסייטה,IT,עגבניות מרוסקות,קילוגרמים,1.20,"ק""ג",false,1,15.90,13.25,true,1,
7296073320388,false,עלי בייבי 120גרם,,IL,עלי בייבי 120גרם,גרמים,120.00,100 גרם,false,1,10.90,9.08,true,1,
7296073320395,false,עלי תרד בייבי 200גרם,,IL,עלי תרד בייבי,גרמים,200.00,100 גרם,false,1,10.90,5.45,true,1,
7296073320401,false,לקט בסגנון איטלקי 300גרם,"פרסקו חצבה 2006 בע""\מ",IL,לקט סגנון איטלקי,גרמים,300.00,100 גרם,false,1,11.90,3.97,true,1,
7296073321217,false,סוכר וניל 10 * 10 גרם,א.ל ייצור ושיווק תבלינים,IL,סוכר וניל 10 יח,גרמים,100.00,100 גרם,false,1,3.40,3.40,true,1,
7296073321231,false,אבקת סוכר שופרסל 100 גרם,א.ל ייצור ושיווק תבלינים,IL,אבקת סוכר שופרסל,גרמים,100.00,100 גרם,false,1,2.50,2.50,true,1,
7296073321521,false,מינוט אנטריקוט דק דק 300,בלדי,IL,מינוט אנטריקוטדק,גרמים,300.00,100 גרם,false,1,31.90,10.63,true,1,
7296073322979,false,בוטנים מצופים קלויים50ג,ששון ושות'\ )ש.ת. תעשיות,IL,בוטנים אמריקאים,גרמים,50.00,100 גרם,false,1,2.50,5.00,true,1,
7296073323228,false,שקדים מולבנים גרוסים100ג,,US,שקד מולבן גרוס,גרמים,100.00,100 גרם,false,1,13.90,13.90,true,1,
7296073323433,false,"סירופ מייפל טבעי 250 מ""ל",קופדקס,DK,סירופ מייפל,מיליליטרים,250.00,"100 מ""ל",false,1,29.90,11.96,true,1,
7296073323631,false,פריפלצת מחית מנגו בננ120,גו פרוסלבה,ES,מחית פירות,גרמים,120.00,100 גרם,false,1,4.90,4.08,true,1,
7296073323648,false,פריפלצת מחית בננ.תות120ג,גו פרוסלבה,ES,מחית פירות,גרמים,120.00,100 גרם,false,1,4.90,4.08,true,1,
7296073323655,false,פריפלצת מחית תפוח בננ120,גו פרוסלבה,ES,מחית פירות,גרמים,120.00,100 גרם,false,1,4.90,4.08,true,1,
7296073323662,false,פריפלצת מיקס פירות120ג,גו פרוסלבה,ES,מחית פירות,גרמים,120.00,100 גרם,false,1,4.90,4.08,true,1,
7296073323679,false,פריפלצת מחית אגס 120ג,גו פרוסלבה,ES,מחית פירות,גרמים,120.00,100 גרם,false,1,4.90,4.08,true,1,
7296073324027,false,מנצ'ס פיקנטי 200 גרם,FOODS HARVEST DEZHOU,CN,מנצ'ס פיקנטי,גרמים,200.00,100 גרם,false,1,11.90,5.95,true,1,
7296073325239,false,רדיד אלומיניום 16מיקרון,,CN,רדיד אלומיניום,מטרים,60.00,מטר,false,1,29.00,0.48,true,1,
7296073332169,false,16גומיות מגבת קטן צבעוני,BE NOW,CN,16ג.מגבת S צבע,יחידה,1.00,יחידה,false,0,9.90,9.90,true,1,
7296073332428,false,6 תיקתק לבבות ופינגווין,BE NOW,CN,6תיקתק פינגווין,יחידה,1.00,יחידה,false,0,19.90,19.90,true,1,
7296073340096,false,שמפו מפרץ הרפתקאות 1ליטר,,TR,שמפו לילדים,ליטרים,1.00,ליטר,false,1,16.90,16.90,true,1,
7296073340102,false,אלסבון מ.הרפתקאות כחול1ל,אמיליה קוסמטיקס,TR,אל סבון בנים,ליטרים,1.00,ליטר,false,1,16.90,16.90,true,1,
7296073340249,false,תבניות ענקיות 15 יחידות,,CN,תבניות אלומיניום,יחידה,1.00,יחידה,false,1,30.00,30.00,true,1,
7296073340331,false,גליל מטליות אקולוגי 40יח,נועם אורים,IL,גליל מטליות,יחידה,1.00,יחידה,false,1,22.90,22.90,true,1,
7296073342496,false,דלעת ארוזה,קטיף.,IL,דלעת ארוזה,קילוגרמים,0.00,"ק""ג",true,1,10.90,10.90,true,1,
7296073342946,false,סלמי סרוולט 120גרם,מעדני יחיעם,IL,סלמי סרוולט,גרמים,120.00,100 גרם,false,1,16.90,14.08,true,1,
7296073343202,false,פריכיות כוסמת שופרסל160ג,פרח תעשיות מזון,IL,פריכיות כוסמת,גרמים,160.00,100 גרם,false,1,9.90,6.19,true,1,
7296073343219,false,פריכיות אורז מלא 310 גרם,פרח תעשיות מזון,IL,פריכיות שופרסל,גרמים,310.00,100 גרם,false,1,16.90,5.45,true,1,
7296073345299,false,משחת שיניים מלבינה 100מל,,BG,משחת שיניים,מיליליטרים,100.00,"100 מ""ל",false,1,10.90,10.90,true,1,
7296073345336,false,משחת שיניים לילדים 2-6,שופרסל,BG,משחת שיניים KIDS,מיליליטרים,50.00,"100 מ""ל",false,1,9.90,19.80,true,1,
7296073345763,false,טופו טעם טבעי  300 גרם,כפרי בריא משק ויילר,IL,טופו  טעם טבעי,גרמים,300.00,100 גרם,false,1,12.50,4.17,true,1,
7296073345800,false,בייגלה שטוח עם מלח 200 ג,,IL,בייגלה שטוח,גרמים,200.00,100 גרם,false,1,4.90,2.45,true,1,
7296073345817,false,בייגלה שטוח עם שומשום200,,IL,בייגלה שטוח,גרמים,200.00,100 גרם,false,1,4.90,2.45,true,1,
7296073346333,false,עוגות אישיות קרם חלב350ג,קסליני,IT,עוגות אישיות,גרמים,350.00,100 גרם,false,1,14.90,4.26,true,1,
7296073346340,false,עוגות אישיות קרם שוקו350,קסליני,IT,עוגות אישיות,גרמים,350.00,100 גרם,false,1,14.90,4.26,true,1,
7296073346760,false,שקיות אשפה XXL 2*10,אשפלסט,IL,שקיות אשפה,יחידה,1.00,יחידה,false,1,22.90,22.90,true,1,
7296073347453,false,פטרוזליה יחידה,תנובות לכיש,IL,פטרוזליה,יחידה,1.00,יחידה,false,1,4.90,4.90,true,1,
7296073347460,false,שמיר יחידה,תנובות לכיש,IL,שמיר,יחידה,1.00,יחידה,false,1,4.90,4.90,true,1,
7296073347477,false,כוסברה,תנובות לכיש,IL,כוסברה,יחידה,1.00,יחידה,false,1,4.90,4.90,true,1,
7296073347484,false,נענע,תנובות לכיש,IL,נענע,יחידה,1.00,יחידה,false,1,4.90,4.90,true,1,
7296073348023,false,שבבי שקדים מולבנים 100ג,,US,שבבי שקד מולבן,גרמים,100.00,100 גרם,false,1,13.90,13.90,true,1,
7296073348238,false,מטהר אויר נטול גז לבנדר,,IL,מטהר אויר נ.גז,מיליליטרים,350.00,"100 מ""ל",false,1,11.90,3.40,true,1,
7296073359234,false,גרעיני תירס מתוק 340 גרם,,HU,גרעיני תירס מתוק,גרמים,340.00,100 גרם,false,1,5.90,1.74,true,1,
7296073359906,false,עוג.כתר ריבה טעם תות500ג,,IL,עוגיות ריבה,גרמים,500.00,100 גרם,false,1,16.90,3.38,true,1,
7296073359937,false,עוגיות מעמול תמרים 500גר,,IL,עוגיות מעמול תמר,גרמים,500.00,100 גרם,false,1,16.90,3.38,true,1,
7296073361442,false,"מטליות היגיניות רב""ש 5יח",נועם אורים,IL,מטלית הגיניות,יחידה,1.00,יחידה,false,1,11.90,11.90,true,1,
7296073362111,false,פטוצ'יני מצונן 300 גרם,,IL,פטוצ'יני מצונן,גרמים,300.00,100 גרם,false,1,9.90,3.30,true,1,
7296073362630,false,אקונומיקה סופר מבושמת 4ל,קומפלקס כימיקלים,IL,אקונומיקה מבושמת,ליטרים,4.00,ליטר,false,1,14.90,3.73,true,1,
7296073362654,false,אקונומיקה מבושמת4ליטר,קומפלקס כימיקלים,IL,אקונומיקה מבושמת,ליטרים,4.00,ליטר,false,1,9.90,2.48,true,1,
7296073362739,false,חמאת בוטנים 510 גרם,,IN,חמאת בוטנים,גרמים,510.00,100 גרם,false,1,14.90,2.92,true,1,
7296073362746,false,חמאת בוטנים שב.בוטנים510,,IN,חמאת בוטנים,גרמים,510.00,100 גרם,false,1,14.90,2.92,true,1,
7296073362777,false,סלרי עלים,תנובות לכיש,IL,סלרי עלים,יחידה,1.00,יחידה,false,1,6.90,6.90,true,1,
7296073362784,false,סלרי ראש,תנובות לכיש,IL,סלרי ראש,יחידה,1.00,יחידה,false,1,6.90,6.90,true,1,
7296073362807,false,פזיל / מנגולד יחידה,תנובות לכיש,IL,פזיל / מנגולד,יחידה,1.00,יחידה,false,1,6.90,6.90,true,1,
7296073362944,false,אבקת אפיה שופרסל 10*10 י,,IL,אבקת אפיה 10 יח,גרמים,100.00,100 גרם,false,1,3.30,3.30,true,1,
7296073363989,false,"BE סכינים חד""פ לאישה",,US,"סכיני גילוח חד""פ",יחידה,1.00,יחידה,false,1,11.90,11.90,true,1,
7296073364351,false,חומוס גדול זיפר 500 גרם,,IL,חומוס גדול,גרמים,500.00,100 גרם,false,1,7.50,1.50,true,1,
7296073364375,false,חיטה זיפר שופרסל 500 גרם,מיה,IL,חיטה,גרמים,500.00,100 גרם,false,1,6.00,1.20,true,1,
7296073364399,false,עדשים ירוקות זיפר 500גרם,,IL,עדשים ירוקות,גרמים,500.00,100 גרם,false,1,7.50,1.50,true,1,
7296073364429,false,שעועית לבנה זיפר 500 גרם,,IL,שעועית לבנה,גרמים,500.00,100 גרם,false,1,10.90,2.18,true,1,
7296073364481,false,"אפונה ירוקה זיפר 1 ק""ג",,IL,אפונה ירוקה,קילוגרמים,1.00,"ק""ג",false,1,8.80,8.80,true,1,
7296073364573,false,פופקורן באריזת זיפר,מיה,IL,פופקורן,גרמים,500.00,100 גרם,false,1,5.90,1.18,true,1,
7296073364641,false,שעועית אדומה זיפר 500גרם,מיה,IL,שעועית אדומה,גרמים,500.00,100 גרם,false,1,10.20,2.04,true,1,
7296073366898,false,גבינת קממבר 200 גרם,,FR,גבינת קמבבר,גרמים,200.00,100 גרם,false,1,22.90,11.45,true,1,
7296073367017,false,טונה שמן זית 80*3 גרם,,TH,טונה בשמן זית3יח,גרמים,240.00,100 גרם,false,1,14.90,6.21,true,1,
7296073368465,false,פיצה מרגריטה 320 גרם,סוילה אס.אר.אל,IT,פיצה מרגריטה,יחידה,1.00,יחידה,false,1,17.90,17.90,true,1,
7296073368472,false,פיצה מרגריטה עם זיתים יר,סוילה אס.אר.אל,IT,פיצה מרגריטה עם,גרמים,340.00,100 גרם,false,1,17.90,5.26,true,1,
7296073368830,false,טורטיות מקמח חיטה 320 גר,,RS,טורטייה,גרמים,320.00,100 גרם,false,1,9.90,3.09,true,1,
7296073368854,false,טורטיות מקמח חיטה מלא320,,RS,טורטייה,גרמים,320.00,100 גרם,false,1,9.90,3.09,true,1,
7296073369639,false,ערמונים קלופים קלויים100,,CN,ערמונים קלופים,גרמים,100.00,100 גרם,false,1,6.90,6.90,true,1,
7296073372486,false,משקה אורז שקדים אורגני1ל,ליקואטס וגטאלס,ES,משקה אורז שקדים,ליטרים,1.00,ליטר,false,1,12.90,12.90,true,1,
7296073373476,false,ברוקולי ארוז,,IL,ברוקולי ארוז,גרמים,350.00,100 גרם,false,1,10.90,3.11,true,1,
7296073379683,false,אגוז מוסקט טחון 40 גרם,א.ל ייצור ושיווק תבלינים,IL,אגוז מוסקט טחון,גרמים,40.00,100 גרם,false,1,16.90,42.25,true,1,
7296073381242,false,"תחליב רחצה Cotton700מ""",שופרסל,TR,תחליב רחצה,מיליליטרים,700.00,"100 מ""ל",false,1,12.90,1.84,true,1,
7296073382355,false,שוקולד מריר 84% 100 גרם,פריי )שוקולד(,CH,שוקולד מריר 84%,גרמים,100.00,100 גרם,false,1,10.90,10.90,true,1,
7296073382386,false,שוקולד מריר 75% 100 גרם,"שוקולד פריי בע""מ",CH,שוקולד מריר 75%,גרמים,100.00,100 גרם,false,1,10.90,10.90,true,1,
7296073384779,false,פריפלצת אגס גזר דלעת120,פרוסלה,ES,פריפלצת אגס גזר,גרמים,120.00,100 גרם,false,1,4.90,4.08,true,1,
7296073384786,false,פריפלצת גזר בטטה 120 גרם,פרוסלה,ES,פריפלצת גזר בטטה,גרמים,120.00,100 גרם,false,1,4.90,4.08,true,1,
7296073384793,false,פריפלצת דלעת בטטה 120ג,פרוסלה,ES,פריפלצת דלעת,גרמים,120.00,100 גרם,false,1,4.90,4.08,true,1,
7296073385769,false,פיסטוק קלוי וממולח 200ג,פיצוחי ציון,IL,פיסטוק קלוי,גרמים,200.00,100 גרם,false,1,23.90,11.95,true,1,
7296073385981,false,גרעין אבטיח קלוי במלח200,פיצוחי ציון,IL,גרעין אבטיח,גרמים,200.00,100 גרם,false,1,14.90,7.45,true,1,
7296073386247,false,עלי גפן ממולא.אורז 400 ג,אגה אזיר איסק סאניי,TR,עלי גפן ממולאים,גרמים,400.00,100 גרם,false,1,8.70,2.18,true,1,
7296073386414,false,נוזל לניקוי חלונות 1ליטר,,IL,נוזל לחלונות,ליטרים,1.00,ליטר,false,1,8.90,8.90,true,1,
7296073388548,false,ביצי הפתעה PJMASK 20*3ג,,IT,ביצי הפתעה PJ,גרמים,60.00,100 גרם,false,1,13.90,23.17,true,1,
7296073390008,false,פרכיות מצופות שוק.מריר60,NETHERLANDS SANORICE,NL,פריכיות מצופות,גרמים,60.00,100 גרם,false,1,7.90,13.17,true,1,
7296073390213,false,ברנפלקס שופרסל 500 גרם,בריגן קי. ג'י,DE,ברנפלקס,גרמים,500.00,100 גרם,false,1,17.90,3.58,true,1,
7296073390275,false,לאבנה בקר5% שופרסל 200ג,,IL,לאבנה שופרסל,גרמים,200.00,100 גרם,false,1,9.90,4.95,true,1,
7296073390299,false,בייבי מוצרלה שופרסל150ג,,IL,בייבי מוצרלה,גרמים,200.00,100 גרם,false,1,12.90,6.45,true,1,
7296073390312,false,גב.שמנת שום שמיר25% 200ג,,IL,גב.שמנת שום שמיר,גרמים,200.00,100 גרם,false,1,10.90,5.45,true,1,
7296073390534,false,מטען קיר ראש כפול  2.1A,,CN,מטען קיר ראש,יחידה,1.00,יחידה,false,1,29.90,29.90,true,1,
7296073390558,false,מטען קיר כפול אפל  2.1A,,CN,מטען קיר כפול,יחידה,1.00,יחידה,false,1,49.90,49.90,true,1,
7296073390619,false,כבל   1.2M   Type-C,,CN,כבל   Type-C,יחידה,1.00,יחידה,false,1,19.90,19.90,true,1,
7296073390701,false,אוזניות סטריאו,בסט סין,CN,אוזניות סטריאו,יחידה,1.00,יחידה,false,1,34.90,34.90,true,1,
7296073391654,false,מגבונים לחיטוי וניקוי50י,טרופיקל,IL,מגבונים לניקוי,יחידה,1.00,יחידה,false,1,14.90,14.90,true,1,
7296073393122,false,קפה נמס בריסטה 200 גרם,,ES,קפה נמס בריסטה,גרמים,200.00,100 גרם,false,1,20.90,10.45,true,1,
7296073393610,false,נוזל כלים 24% לימון 750מ,קומפלקס כימיקלים בעמ,IL,נוזל כלים לימון,מיליליטרים,750.00,"100 מ""ל",false,1,10.90,1.45,true,1,
7296073393627,false,נוזל כלים תפוח 24% 750מל,,IL,נוזל כלים תפוח,מיליליטרים,750.00,"100 מ""ל",false,1,10.90,1.45,true,1,
7296073393634,false,נוזל כלים לימון+משאבה1ל,,IL,נוזל כלים לימון,ליטרים,1.00,ליטר,false,1,11.90,11.90,true,1,
7296073394662,false,אבוקדו בשל מוכן לאכילה,"מור בריאות בע""מ",IL,אבוקדו בשל,יחידה,1.00,יחידה,false,1,9.90,9.90,true,1,
7296073395157,false,משקה אנרגיהFIREשופרסל250,אקו וויט,PL,משקה אנרגיה,מיליליטרים,250.00,"100 מ""ל",false,1,3.60,1.44,true,1,
7296073395218,false,טונה בשמן זית+צ'ילי 190ג,,ES,טונה בשמן זית,גרמים,190.00,100 גרם,false,1,24.90,13.11,true,1,
7296073396819,false,אייס קפה קר אספרסו 250מ,ברגלנד מילך,AT,אייס קפה אספרסו,מיליליטרים,250.00,"100 מ""ל",false,1,6.60,2.64,true,1,
7296073396826,false,"אייס קפה קר לאטה 250 מ""ל",ברגלנד מילך,AT,אייס קפה קר לאטה,מיליליטרים,250.00,"100 מ""ל",false,1,6.60,2.64,true,1,
7296073396840,false,לימון בלאדי,א.ל. ייצור ושיווק תבליני,IL,לימון בלאדי,גרמים,250.00,100 גרם,false,1,13.90,5.56,true,1,
7296073397182,false,וופל Air קרם טעם שוקו150,,IL,וופל Air,גרמים,150.00,100 גרם,false,1,3.90,2.60,true,1,
7296073398318,false,טורטיה עם זרעי צ'יה320ג,,RS,טורטיה,גרמים,320.00,100 גרם,false,1,10.90,3.41,true,1,
7296073398509,false,אצבעות שוקולד שופרסל200ג,,FR,אצבעות שוקולד,גרמים,200.00,100 גרם,false,1,11.90,5.95,true,1,
7296073398660,false,סלט חציל תאילנדי 250 גרם,,IL,סלט חציל תאילנדי,גרמים,250.00,100 גרם,false,1,13.90,5.56,true,1,
7296073398684,false,חציל במיונז שופרסל 250 ג,,IL,סלט במיונז,גרמים,250.00,100 גרם,false,1,12.90,5.16,true,1,
7296073398691,false,חומוס אבו גוש שופרסל 250,,IL,חומוס אבו גוש,גרמים,250.00,100 גרם,false,1,12.90,5.16,true,1,
7296073398707,false,חומוס מסבחה שופרסל 250 ג,,IL,חומוס מסבחה,גרמים,250.00,100 גרם,false,1,12.90,5.16,true,1,
7296073398776,false,גלידת שמנת בטעם וניל,DESSERT DE,NL,גלידת שמנת וניל,מיליליטרים,500.00,"100 מ""ל",false,1,21.90,4.38,true,1,
7296073398875,false,קרם קרקר 250 גרם,"אפיפית נצרת (1971) בע""\מ",IL,קרם קרקר,גרמים,250.00,100 גרם,false,1,8.70,3.48,true,1,
7296073398998,false,שמינייה סוללות AA,בסט סין,CN,שמינייה סוללות,יחידה,1.00,יחידה,false,1,16.90,16.90,true,1,
7296073399001,false,שמינייה סוללות AAA,בסט סין,CN,שמינייה סוללות,יחידה,1.00,יחידה,false,1,16.90,16.90,true,1,
7296073399551,false,שמיניית סוללות +AAרביעיה,,CN,שמיניית סוללות,יחידה,1.00,יחידה,false,1,22.90,22.90,true,1,
7296073400110,false,מטאטא יח,מיקסליר,IT,מטאטא,יחידה,1.00,יחידה,false,1,19.90,19.90,true,1,
7296073401575,false,חומוס מסעדות שופרסל250ג,"סלטי שמיר 2006 בע""\מ",IL,חומוס מסעדות,גרמים,250.00,100 גרם,false,1,12.90,5.16,true,1,
7296073404194,false,מיונז אמיתי לחיץ 395 גרם,ACESUR,ES,מיונז לחיץ,גרמים,395.00,100 גרם,false,1,10.00,2.53,true,1,
7296073404279,false,"צלחת גדולה 1 ק""ג כ66- יח",,GR,צלחות גדולות,קילוגרמים,1.00,"ק""ג",false,1,44.90,44.90,true,1,
7296073404903,false,מיץ לימון טבעי זכוכית250,פולנגי,IT,מיץ לימון טבעי,מיליליטרים,250.00,"100 מ""ל",false,1,7.50,3.00,true,1,
7296073405481,false,שקיות אשפה חזקות XL 25,,IL,שקיות אשפה,יחידה,1.00,יחידה,false,1,22.90,22.90,true,1,
7296073406617,false,צ'יפס גזר לבן+סלק+בטטה85,FOODS VIUBE,ES,צ'יפס גזר לבן,גרמים,85.00,100 גרם,false,1,12.90,15.18,true,1,
7296073408888,false,נייר אפייה 50 יחידות,,IL,נייר אפייה,יחידה,1.00,יחידה,false,1,10.90,10.90,true,1,
7296073408901,false,כפפות M לטקס עם אבקה,WEIFANG,CN,כפפות לטקס,יחידה,1.00,יחידה,false,1,29.90,29.90,true,1,
7296073408918,false,כפפות L לטקס 100,WEIFANG,CN,כפפות לטקס,יחידה,1.00,יחידה,false,1,29.90,29.90,true,1,
7296073409670,false,גב.עיזים פרוס שופרסל150ג,B.V KAAS HAZELEGER,NL,גבינת עיזים,גרמים,150.00,100 גרם,false,1,21.90,14.60,true,1,
7296073409892,false,מגשית כוסברה שופרסל,דורות,IL,מגשית כוסברה שופ,גרמים,70.00,100 גרם,false,1,10.90,15.57,true,1,
7296073413233,false,חסה עגולה ארוזה,"משק אסף פרחי בע""מ",IL,חסה עגולה,גרמים,200.00,100 גרם,false,1,7.90,3.95,true,1,
7296073413257,false,חסה לבבות,"משק אסף פרחי בע""מ",IL,חסה לבבות,גרמים,350.00,100 גרם,false,1,10.90,3.11,true,1,
7296073413424,false,צנונית,חבל מעון,IL,צנונית,גרמים,400.00,100 גרם,false,1,6.90,1.73,true,1,
7296073413844,false,צמד הודו עוף+סלמי 800 גר,,IL,צמדהודועוף+סלמי,גרמים,800.00,100 גרם,false,1,27.90,3.49,true,1,
7296073414278,false,עגבניות חתוכות דק 400*3ג,פריניר,IL,עגבניות חתוכות3*,קילוגרמים,1.20,"ק""ג",false,1,12.90,10.75,true,1,
7296073414759,false,שמנת מתוקה24%להקצפה250מל,מחלבת רמת-הגולן,IL,שמנת מתוקה,מיליליטרים,250.00,"100 מ""ל",false,1,6.30,2.52,true,1,
7296073414995,false,חצילים ממולאים שופרסל400,אגה אזיר איסק סאניי,TR,חצילים ממולאים,גרמים,400.00,100 גרם,false,1,8.90,2.23,true,1,
7296073415077,false,28תחבושות נורמל עם כנפי,קוראטקס,DE,תחבושות B,יחידה,1.00,יחידה,false,1,13.50,13.50,true,1,
7296073415572,false,שניצלוני תירס צמחוני 650,"טיבון ויל אחזקות בע""\מ",IL,שניצלוני תירס צמ,גרמים,650.00,100 גרם,false,1,21.90,3.37,true,1,
7296073416036,false,פופקורן בטעם חמאה100*5גר,AST נובולוג,BG,פופקורן למיקרוגל,גרמים,500.00,100 גרם,false,1,12.90,2.58,true,1,
7296073417422,false,מלפפון בייבי,משק גל,IL,מלפפון בייבי,גרמים,350.00,100 גרם,false,1,10.90,3.11,true,1,
7296073421825,false,גרנה פדנו29%שופרסל200ג,אמברוסי,IT,גרנה פדנו,גרמים,200.00,100 גרם,false,1,26.90,13.45,true,1,
7296073422655,false,נבטים סיניים 220גרם,נבטי איילון,IL,נבטים סיניים,גרמים,220.00,100 גרם,false,1,7.90,3.59,true,1,
7296073423454,false,חטיף תפוח אדום 20 גרם,נוביפרוטס,PT,חטיף תפוח אדום,גרמים,20.00,100 גרם,false,1,4.90,24.50,true,1,
7296073423645,false,פתי בר שופרסל 300 גרם,BV BISCUIT PALLY,NL,פתי בר,גרמים,300.00,100 גרם,false,1,4.90,1.63,true,1,
7296073426523,false,חלב אורגני גרין 3% 1 ל,מחלבות רמת הגולן,IL,חלב אורגני גרין,ליטרים,1.00,ליטר,false,1,10.90,10.90,true,1,
7296073426530,false,חלב אורגני גרין 1% 1ליטר,מחלבות רמת הגולן,IL,חלב אורגני גרין,ליטרים,1.00,ליטר,false,1,10.90,10.90,true,1,
7296073426592,false,עוג.ללא גלוטן שוקו150ג,,IT,עוגיות ללא גלוטן,גרמים,150.00,100 גרם,false,1,12.90,8.60,true,1,
7296073426608,false,עוג.ללא גלוטן  לימון150ג,,IT,עוגיות ללא גלוטן,גרמים,150.00,100 גרם,false,1,12.90,8.60,true,1,
7296073428503,false,אקונומיקה בישום עוצמתי4ל,סאסאטק,IL,אקונומיקה מבושמת,ליטרים,4.00,ליטר,false,1,16.90,4.23,true,1,
7296073430605,false,קפסולות מס 13 לנספרסו50ג,DELICA,CH,קפסולות מס 13,גרמים,50.00,100 גרם,false,1,15.90,31.80,true,1,
7296073431138,false,רביולי בטטה פרימ,,,רביולי בטטה פרימ,יחידה,1.00,יחידה,false,0,19.90,19.90,true,1,
7296073440963,false,"קינואה שופרסל זיפר 1 ק""ג","הנמל אריזות ושיווק בע""\מ",PE,קינואה זיפר,קילוגרמים,1.00,"ק""ג",false,1,24.90,24.90,true,1,
7296073441335,false,פריכיות אורז מלא 110 גרם,"פרח תעשיות מזון בע""\מ",IL,פריכיות אורז מלא,גרמים,110.00,100 גרם,false,1,6.90,6.27,true,1,
7296073442219,false,כדורי דגנים חום לבן500גר,CERERA,LT,כדורי דגנים,גרמים,500.00,100 גרם,false,1,13.90,2.78,true,1,
7296073442349,false,סילאן טבעי לחיץ שופר840ג,"טעמי הגליל בע""\מ",IL,סילאן לחיץ,גרמים,840.00,100 גרם,false,1,22.90,2.73,true,1,
7296073442967,false,מלפפון בייבי,גונן שדה,IL,מלפפון בייבי,גרמים,350.00,100 גרם,false,1,10.90,3.11,true,1,
7296073444213,false,52 חיתולים שלב 3 שופרסל,די.פי.אל תעשיות מוצרים ח,IL,חיתולים שופרסל,יחידה,1.00,יחידה,false,1,29.90,29.90,true,1,
7296073444220,false,42 חיתולים שלב 4 שופרסל,די.פי.אל תעשיות מוצרים ח,IL,חיתולים שופרסל,יחידה,1.00,יחידה,false,1,29.90,29.90,true,1,
7296073444237,false,40חיתולים שלב 4+ שופרסל,די.פי.אל תעשיות מוצרים ח,IL,חיתולים שופרסל,יחידה,1.00,יחידה,false,1,29.90,29.90,true,1,
7296073444244,false,34 חיתולים שלב 5 שופרסל,די.פי.אל תעשיות מוצרים ח,IL,חיתולים שופרסל,יחידה,1.00,יחידה,false,1,29.90,29.90,true,1,
7296073445159,false,תחתיות ארטישוק 400 גרם,INDUSTRY FOOD FOR SILVA,EG,תחתיות ארטישוק,גרמים,400.00,100 גרם,false,1,21.90,5.48,true,1,
7296073445692,false,"מחית תפו""ע בננה שופרסל90",DELAFRUIT,ES,"מחית תפו""ע ובננה",גרמים,90.00,100 גרם,false,1,4.90,5.44,true,1,
7296073445708,false,מחית תפוח אפרסק בננה 90ג,DELAFRUIT,ES,מחית מיקס פירות,גרמים,90.00,100 גרם,false,1,4.90,5.44,true,1,
7296073446262,false,ממרח קשיו 300 גרם,ג'י אנד ג'י,IL,ממרח קשיו,גרמים,300.00,100 גרם,false,1,29.90,9.97,true,1,
7296073447528,false,קרקר עגבניות ובזיליקו105,אלביסקו,GR,קרקר עגבניות,גרמים,105.00,100 גרם,false,1,7.90,7.52,true,1,
7296073451990,false,ממרח צ'ימיצ'ורי שופרסל,"פרסקו חצבה 2006 בע""\מ",IL,ממרח צ'ימיצ'ורי,גרמים,180.00,100 גרם,false,1,14.90,8.28,true,1,
7296073452577,false,מרשמלו ורוד לבן 180 גרם,"כרמית מזון בע""\מ",IL,מרשמלו ורוד לבן,גרמים,180.00,100 גרם,false,1,6.90,3.83,true,1,
7296073452584,false,מרשמלו טוויסטר 180 גרם,"כרמית מזון בע""\מ",IL,מרשמלו טוויסטר,גרמים,180.00,100 גרם,false,1,6.90,3.83,true,1,
7296073453987,false,שניצל עוף בציפוי צ'יפס,מילועוף,IL,שניצל עוף בציפוי,גרמים,700.00,100 גרם,false,1,41.90,5.99,true,1,
7296073453994,false,שניצל עוף דק בציפוי פריך,מילועוף,IL,שניצל עוף דק בצי,גרמים,700.00,100 גרם,false,1,41.90,5.99,true,1,
7296073456360,false,עוגת גבינה פרורים 92*2גר,עדן קינוחים,IL,עוגת גבינה זוג,גרמים,184.00,100 גרם,false,1,12.90,7.01,true,1,
7296073457237,false,שוקולד עם עוגיות 100 גרם,דליקה,CH,שוקולד עם עוגיות,גרמים,100.00,100 גרם,false,1,6.20,6.20,true,1,
7296073457244,false,שוקולד חלב קורנפלקס 100ג,דליקה,CH,שוקולד חלב,גרמים,100.00,100 גרם,false,1,6.20,6.20,true,1,
7296073457268,false,שוקולד חלב+נוגט וקרמל100,דליקה,CH,שוקולד חלב,גרמים,100.00,100 גרם,false,1,6.20,6.20,true,1,
7296073457381,false,לחמנ.המבורגר 8 יח שופרסל,מאפית ברמן,IL,לחמניות המבורגר,גרמים,448.00,100 גרם,false,1,11.90,2.66,true,1,
7296073457992,false,שורש גינגר טרי ארוז,POMMER,IL,שורש גינגר טרי,גרמים,250.00,100 גרם,false,1,10.90,4.36,true,1,
7296073458036,false,תירס גמדי שלם במי מלח425,מאנפאקטור,TH,תירס גמדי שלם,גרמים,425.00,100 גרם,false,1,6.90,1.62,true,1,
7296073459309,false,ציפס בטטה זיגזג שופרסל,"תעשיות תפוגן בע""\מ",IL,ציפס בטטה זיגזג,גרמים,500.00,100 גרם,false,1,17.90,3.58,true,1,
7296073461968,false,בייגלה עם בצל מקורמל 200,אלקה קו,RO,בייגלה עם בצל,גרמים,200.00,100 גרם,false,1,10.90,5.45,true,1,
7296073461982,false,בייגלה עם עגבניות 200גרם,אלקה קו,RO,בייגלה +עגבניות,גרמים,200.00,100 גרם,false,1,10.90,5.45,true,1,
7296073472797,false,"קמח חיטה לבן מנופה 1 ק""ג","שטיבל בע""\מ",IL,קמח לבן מנופה,קילוגרמים,1.00,"ק""ג",false,1,7.90,7.90,true,1,
7296073472827,false,"קמח תופח לבן מנופה 1 ק""ג","שטיבל בע""\מ",IL,קמח תופח מנופה,קילוגרמים,1.00,"ק""ג",false,1,8.90,8.90,true,1,
7296073472841,false,"קמח חיטה מלא מנופה 1 ק""ג","שטיבל בע""\מ",IL,קמח חיטה מלאה,קילוגרמים,1.00,"ק""ג",false,1,8.90,8.90,true,1,
7296073473602,false,פיתה ציפס בטעם פפריקה90ג,SRL ONE,IT,פיתה צ'יפס,גרמים,90.00,100 גרם,false,1,6.50,7.22,true,1,
7296073484004,false,שמן קנולה מזוכך 1 ליטר,בורחס,ES,שמן קנולה מזוכך,ליטרים,1.00,ליטר,false,1,10.90,10.90,true,1,
7296073484059,false,שמן סויה שופרסל 1 ליטר,סובנה,PT,שמן סויה,ליטרים,1.00,ליטר,false,1,11.90,11.90,true,1,
7296073484240,false,שקיות אוכל 150*2 יחידות,אשפלסט,IL,שקיות אוכל זוג,יחידה,1.00,יחידה,false,1,11.90,11.90,true,1,
7296073484479,false,קפסולות לכביסה22 יחידות,גליל כימיקלים בעמ,IL,קפסולות לכביסה,יחידה,1.00,יחידה,false,1,22.90,22.90,true,1,
7296073496304,false,WOW קראנץ קרמל מלוח 90גר,INNOVATION WAWI,DE,WOW קראנץ קרמל,גרמים,90.00,100 גרם,false,1,9.90,11.00,true,1,
7296073497615,false,עוגיות קרמבו וניל 200 גר,"אפיפית נצרת (1971) בע""\מ",IL,עוגיות בטעם וניל,גרמים,200.00,100 גרם,false,1,5.90,2.95,true,1,
7296073497639,false,ביסקוויט חיות 180 גרם,"אפיפית נצרת (1971) בע""\מ",IL,ביסקוויט חיות,גרמים,180.00,100 גרם,false,1,5.90,3.28,true,1,
7296073515135,false,מלית תמרים 450 גרם,"טעמי הגליל בע""\מ",IL,מלית תמרים,גרמים,450.00,100 גרם,false,1,5.90,1.31,true,1,
7296073515623,false,גבינה צהובה 28% 200 גרם,MLEKOVITA,PL,גבינה צהובה,גרמים,200.00,100 גרם,false,1,6.60,3.30,true,1,
7296073515630,false,גבינה צהובה 28% 400 גרם,MLEKOVITA,PL,גבינה צהובה,גרמים,400.00,100 גרם,false,1,13.20,3.30,true,1,
7296073527282,false,תירוש מיץ ענבים אדום750מ,כרם מהדרין,IL,תירוש מיץ ענבים,מיליליטרים,750.00,"100 מ""ל",false,1,13.90,1.85,true,1,
7296073527374,false,גבינת גאודה מגורדת 400גר,ויליפוד,IL,גאודה מגורדת,גרמים,400.00,100 גרם,false,1,25.90,6.48,true,1,
7296073528562,false,"בצק עלים 1 ק""ג",ARABATZIS,GR,בצק עלים,קילוגרמים,1.00,"ק""ג",false,1,16.90,16.90,true,1,
7296073530091,false,קורנפלור 200 גרם,מיה,IL,קורנפלור 200 גרם,גרמים,200.00,100 גרם,false,1,4.00,2.00,true,1,
7296073530107,false,קורנפלור 500 גרם,מיה,IL,קורנפלור 500 גרם,גרמים,500.00,100 גרם,false,1,5.90,1.18,true,1,
7296073531210,false,בדיקת קורונה 5יחידות,,CN,בדיקת קורונה,יחידה,1.00,יחידה,false,1,39.90,39.90,true,1,
7296073531296,false,קפסולות טעם וניל 50 גרם,דליקה,CH,קפסולות קפה,גרמים,10.00,100 גרם,false,1,15.90,159.00,true,1,
7296073531333,false,דגני בוקר בטעם נוגט686ג,"נטורל קייקס בע""\מ",IL,דגני בוקר נוגט,גרמים,686.00,100 גרם,false,1,19.90,2.90,true,1,
7296073552789,false,ביסקוויט בטעם קרמל 250גר,פאלי,NL,ביסקוויט ט.קרמל,גרמים,250.00,100 גרם,false,1,10.90,4.36,true,1,
7296073552802,false,רביולי בטטה קפוא 330 גרם,זוקה,IL,רביולי בטטה,גרמים,330.00,100 גרם,false,1,22.90,6.94,true,1,
7296073552987,false,קוסקוס ים תיכוני 280 גרם,טרויג'אנו,ES,קוסקוס ים תיכוני,גרמים,300.00,100 גרם,false,1,14.90,4.97,true,1,
7296073552994,false,ריזוטו ים תיכוני 280 גרם,טרויג'אנו,ES,ריזוטו ים תיכוני,גרמים,280.00,100 גרם,false,1,14.90,5.32,true,1,
7296073553069,false,קבב  אנגוס 400 גרם,"טיבון ויל אחזקות בע""\מ",IL,קבב אנגוס,גרמים,400.00,100 גרם,false,1,24.90,6.23,true,1,
7296073553274,false,טורטיה חיטה 320 גרם,דליברדס יורופ,ES,טורטיה חיטה,גרמים,320.00,100 גרם,false,1,9.90,3.09,true,1,
7296073565567,false,קצפיות מרנג טעם תות 180ג,"אחדות ביח""ר לטחינה",IL,קצפיות מרנג תות,גרמים,180.00,100 גרם,false,1,13.90,7.72,true,1,
7296073579120,false,גליל עזים בציפוי פלפל120,"מחלבת טבע עז בע""\מ",IL,גליל עזים פלפל,גרמים,120.00,100 גרם,false,1,21.90,18.25,true,1,
7296073579649,false,לחם אחיד פרוס שופרסל900ג,מאפיית שלמה א. אנג'\ל בע,IL,לחם אחיד פרוס,גרמים,900.00,100 גרם,false,1,8.30,0.92,true,1,
7296073579762,false,כוס שתייה כוכבים כסף 50,,CN,כוס שתיה,יחידה,1.00,יחידה,false,1,10.00,10.00,true,1,
7296073590835,false,חסה לבבות קיסר יחידה,"פרסקו חצבה 2006 בע""\מ",IL,חסה לבבות קיסר,גרמים,280.00,100 גרם,false,1,10.90,3.89,true,1,
7312040017683,false,וודקה אבסולוט,,SE,וודקה אבסולוט,מיליליטרים,700.00,"100 מ""ל",false,0,64.90,9.27,true,1,
7501013122039,false,ג'ומקס משקה מנגו קרטון1ל,חומקס קומר קומרסאליזדורה,MX,משקה ג'ומקס מנגו,ליטרים,1.00,ליטר,false,1,11.10,11.10,true,1,
7501013122190,false,ג'ומקס משקה תפוח קרטון1ל,חומקס קומר קומרסאליזדורה,MX,משקה ג'ומקס תפוח,ליטרים,1.00,ליטר,false,1,11.10,11.10,true,1,
7501064191398,false,"בירה קורונה 6 * 355 מ""ל",סרבסריה מודלו,MX,בירה קורונה 6 יח,ליטרים,2.13,ליטר,false,1,34.90,16.39,true,1,
7610113011652,false,"בריזר טעם תפוח 275 מ""ל",בקרדי בעמ,BE,בריזר טעם תפוח,מיליליטרים,275.00,"100 מ""ל",false,1,15.90,5.78,true,1,
7613030979647,false,טריקס דגנים ט.פירות 480ג,ג'נרל מילס,CL,טריקס בטעם פירות,גרמים,480.00,100 גרם,false,1,28.90,6.02,true,1,
7613032045753,false,דגנ.בוקר פיטנס שוקולד375,סי. פי. צרפת,FR,פיטנס שוקולד,גרמים,375.00,100 גרם,false,0,22.90,6.11,true,1,
7613035807778,false,רוטב עגבניות לבולונז400ג,נסטלה ספרד,ES,רוטב עגבניות,גרמים,400.00,100 גרם,false,1,7.90,1.98,true,1,
7613035809109,false,רוטב עגבניות+בזיליקום400,נסטלה ספרד,ES,רוטב עגבניות,גרמים,400.00,100 גרם,false,1,7.90,1.98,true,1,
7613036520492,false,רוטב עגבניות לפיצה 400גר,אסם,ES,רוטב עגבניות,גרמים,400.00,100 גרם,false,1,7.90,1.98,true,1,
7613036737623,false,דגני בוקר קראנץ' מקס410ג,סי. פי. צרפת,FR,דגני בוקר קראנץ',גרמים,410.00,100 גרם,false,1,27.90,6.80,true,1,
7613036880534,false,מחית מרק ירקות 190 גרם,נסטלה פולסקה אס.איי,PL,מחית מרק ירקות,גרמים,190.00,100 גרם,false,1,6.90,3.63,true,1,
7613037686906,false,פיטנס שקדים ודבש 355 גרם,סי. פי. צרפת,FR,פיטנס שקדים ודבש,גרמים,355.00,100 גרם,false,1,22.90,6.45,true,1,
7613038268262,false,האני נאט צ'יריוס 410 גרם,סי. פי. צרפת,FR,האני נאט צ'יריוס,גרמים,410.00,100 גרם,false,1,21.90,5.34,true,1,
7613038451954,false,קראנץ שוקו.פחות סוכר410ג,סי. פי. צרפת,FR,קראנץ שוקולד,גרמים,410.00,100 גרם,false,1,23.90,5.83,true,1,
7614500035788,false,טובלרון חלב 200 גרם,מונדלייז,CH,טובלרון חלב,גרמים,200.00,100 גרם,false,0,19.80,9.90,true,1,
7616500630161,false,שוק.מריר פריי85%קקאו100ג,צוקולאט פריי אייץגיץ,CH,שוקולד מריר פריי,גרמים,100.00,100 גרם,false,0,10.00,10.00,true,1,
7616500642560,false,שוקולד חלב 300 ג,,CH,שוקולד חלב 300 ג,גרמים,300.00,100 גרם,false,0,17.90,5.97,true,1,
7616500642577,false,שוקולד אגוזים,צוקולאט פריי אייץגיץ,CH,שוקולד אגוזים,גרמים,300.00,100 גרם,false,0,17.90,5.97,true,1,
7616500647268,false,שוקולד מריר+אגוזים180גר,"שוקולד פריי בע""מ",CH,שוקולד מריר,גרמים,180.00,100 גרם,false,0,14.90,8.28,true,1,
7622010001858,false,עוג.אוראו קרם וניל 176ג,פי אר ג'\יי אס אי מנדלז,UA,עוגיות אוראו,גרמים,176.00,100 גרם,false,1,10.20,5.80,true,1,
7622201120931,false,שוק.מילקה אוראו לבן 100ג,מונדלז אוקראינה,UA,מילקה אוראו לבן,גרמים,100.00,100 גרם,false,1,7.90,7.90,true,1,
7622201137052,false,מיני קוקיז מילקה 110 גרם,מונדלייז,ES,מיני קוקיז מילקה,גרמים,110.00,100 גרם,false,1,9.90,9.00,true,1,
7622201139278,false,גבינת פילדלפיה 25% 150גר,,ES,גבינת פילדלפיה,גרמים,150.00,100 גרם,false,1,15.90,10.60,true,1,
7622201401900,false,עוג.מילקה סנס.אוראו 156ג,,PL,עוגיות מילקה,גרמים,156.00,100 גרם,false,1,12.90,8.27,true,1,
7622201502515,false,עוג.מילקה קוקי לופ132ג,גיורי קייקס קייאפטי,HU,עוגיות מילקה,גרמים,132.00,100 גרם,false,1,12.90,9.77,true,1,
7622201798154,false,גבינת פילדלפיה 13% 150גר,מונדולז,ES,גבינת פילדלפיה,גרמים,150.00,100 גרם,false,1,15.90,10.60,true,1,
7622201801809,false,שוק.חלב אגוזים מילקה100ג,מנדלז דויצ'\לנד סנקס פרו,DE,שוקולד מילקה,גרמים,100.00,100 גרם,false,1,7.90,7.90,true,1,
7622201802394,false,שוקולד חלב מילקה 100 גרם,מנדלז דויצ'\לנד סנקס פרו,DE,שוקולד חלב מילקה,גרמים,100.00,100 גרם,false,1,7.90,7.90,true,1,
7622201808631,false,עוגיות מיני אוראו וניל67,מונדלייז,ID,עוגיות אוראו מינ,גרמים,67.00,100 גרם,false,1,8.90,13.28,true,1,
7622201813390,false,וופל ממולא מילקה 150 גרם,מונדליז סי.אר. ביסקוויט,CZ,וופל ממולא מילקה,גרמים,150.00,100 גרם,false,1,12.90,8.60,true,1,
7622210078131,false,שוקולד מילקה דיים 100גרם,מנדלז דויצ'\לנד סנקס פרו,DE,שוקולד מילקה,גרמים,100.00,100 גרם,false,1,7.90,7.90,true,1,
7622210137234,false,עוג.אוראו דאבל ק.וניל170,מונדלייז,ES,עוגיות אוראו,גרמים,170.00,100 גרם,false,1,10.90,6.41,true,1,
7622210453327,false,עוג.מילקה סנסיישנס 156 ג,מונדלייז,PL,עוגיות מילקה,גרמים,156.00,100 גרם,false,1,12.90,8.27,true,1,
7622210826053,false,שוקולד אוראו סנדוויץ92גר,מונדלייז,HU,שוקולד מילקה,גרמים,92.00,100 גרם,false,1,7.90,8.59,true,1,
7622210835338,false,עוגיות אוראו בראוניז176ג,מונדלייז,ES,עוגיות אוראו,גרמים,176.00,100 גרם,false,1,10.20,5.80,true,1,
7622300200237,false,שוקולד חלב מילקה,,AT,שוקולד חלב מילקה,גרמים,250.00,100 גרם,false,0,15.90,6.36,true,1,
7622300356767,false,עוג.שוקולד צ'יפס מילק168,מונדלייז,PL,עוגיות שוקוצ'יפס,גרמים,168.00,100 גרם,false,0,12.90,7.68,true,1,
7622300489427,false,אוראו מצופה שוק.לבן246ג,מונדלייז,ES,עוגיות אוראו,גרמים,246.00,100 גרם,false,1,19.90,8.09,true,1,
7622300503079,false,ביסקוויט מצופה שוקו200גר,מונדלייז,PL,ביסקוויט מצופה,גרמים,200.00,100 גרם,false,0,12.90,6.45,true,1,
7622300617820,false,שוקולד מילקה אוראו 100 ג,מנדלז דויצ'\לנד סנקס פרו,DE,שוקולד מילקה,גרמים,100.00,100 גרם,false,0,7.90,7.90,true,1,
7622300761363,false,עוג.מיני אוראו ט.שוקו67ג,,ID,עוגיות מיני אורא,גרמים,67.00,100 גרם,false,0,8.90,13.28,true,1,
7622400005190,false,שוקולד מילקה חום לבן100ג,מנדלז דויצ'\לנד סנקס פרו,DE,שוקולד מילקה,גרמים,100.00,100 גרם,false,0,7.90,7.90,true,1,
7630477891592,false,קפסולות Starbucksהאוס57ג,נסטלה נספרסו,CH,קפסולות Starbuck,גרמים,57.00,100 גרם,false,1,22.90,40.18,true,1,
7630477891615,false,קפסולות Starbucks סומטרה,נסטלה נספרסו,CH,קפסולות Starbuck,גרמים,55.00,100 גרם,false,1,22.90,41.64,true,1,
7630477891639,false,קפסולות Starbucks ורונה,נסטלה נספרסו,CH,קפסולות Starbuck,גרמים,55.00,100 גרם,false,1,22.90,41.64,true,1,
7630477891691,false,קפסולStarbucks. קולומביה,נסטלה נספרסו,CH,קפסולות Starbuck,גרמים,57.00,100 גרם,false,1,22.90,40.18,true,1,
7630477891738,false,קפסStarbucks. בלונד53גר,נסטלה נספרסו,CH,קפסולות Starbuck,גרמים,53.00,100 גרם,false,1,22.90,43.21,true,1,
7702018441075,false,12סכינ.גילוח פיוז'ן ידני,ג'\ילט,DE,סכיני גילוח,יחידה,1.00,יחידה,false,1,169.90,169.90,true,1,
7702024074625,false,חטיפי קרקר חיטה מלאה234ג,קומסטיבלס לה רוזה אס.איי,CO,חטיפי קרקר פיטנס,גרמים,234.00,100 גרם,false,1,13.90,5.94,true,1,
7702174068833,false,יוגטה אייס קרים בשקית216,אלדור,CO,לקקן יוגטה,גרמים,204.00,100 גרם,false,0,10.90,5.34,true,1,
7792860006218,false,בייבי דול לקקן 24 גרם,לרטייר,AR,בייבי דול לקקן,גרמים,24.00,100 גרם,false,0,2.50,10.42,true,1,
7798382150019,false,אוכמניות טריות 125גרם,FRUITS BASIN PARANA,AR,אוכמניות טריות,גרמים,125.00,100 גרם,false,1,14.90,11.92,true,1,
7891024124826,false,קולגייט אופטיק וייט 75מל,קולגייט פלמוליב,BR,משחת קולגייט,מיליליטרים,75.00,"100 מ""ל",false,0,22.90,30.53,true,1,
8000070003880,false,קפסולות קפה קרמה דולצ'ה6,,IT,קפסולות קפה,גרמים,128.00,100 גרם,false,1,29.90,23.36,true,1,
8000380003723,false,גראנד פטיסרי אגוז 100גרם,א. לואקר,IT,גראנד פטיסרי,גרמים,100.00,100 גרם,false,0,13.40,13.40,true,1,
8000380004676,false,ופלים לואקר וניל 200 גרם,לואקר,AT,ופלים לואקר,גרמים,200.00,100 גרם,false,0,14.20,7.10,true,1,
8000380004911,false,ופלים קואדרטיני אגוז250ג,א. לואקר,AT,ופל קואדרטיני,גרמים,250.00,100 גרם,false,0,15.20,6.08,true,1,
8000380007219,false,ופלים לואקר ט.אגוזים175ג,א. לואקר,AT,ופלים לואקר,גרמים,175.00,100 גרם,false,0,12.70,7.26,true,1,
8000380007257,false,ופלים גרדנה 200 גרם,א. לואקר,IT,ופלים גרדנה,גרמים,200.00,100 גרם,false,0,15.10,7.55,true,1,
8000380007264,false,ופלים לואקר ט.קקאו 175גר,א. לואקר,AT,ופלים לואקר,גרמים,175.00,100 גרם,false,0,12.70,7.26,true,1,
8000380007271,false,ופלים לואקר בטעם חלב175ג,א. לואקר,AT,ופלים לואקר,גרמים,175.00,100 גרם,false,0,12.70,7.26,true,1,
8000380106028,false,וופל טורטינה אורגינל125ג,א. לואקר,IT,וופל טורטינה,גרמים,125.00,100 גרם,false,0,18.50,14.80,true,1,
8000380144044,false,ופלים גרדנה שוקולד200גרם,לואקר,IT,ופלים גרדנה,גרמים,200.00,100 גרם,false,0,15.10,7.55,true,1,
8000380206896,false,ופלים גרדנה חמ.בוטנים200,א. לואקר,IT,ופלים גרדנה,גרמים,200.00,100 גרם,false,1,15.10,7.55,true,1,
8000500023624,false,חטיף קינדר הפי היפו 5יח',פררו,DE,קינדר הפי היפו,גרמים,102.00,100 גרם,false,0,13.90,13.63,true,1,
8000500026731,false,ביצי הפתעה קינדר 20*3 גר,פררו,IT,ביצי הפתעה קינדר,גרמים,60.00,100 גרם,false,1,16.00,26.67,true,1,
8000500029350,false,קינדר בואנו 43*3 גרם,פררו,PL,קינדר בואנו,גרמים,129.00,100 גרם,false,0,11.90,9.22,true,1,
8000500037874,false,בונ.פררו רושה 200 גרם,פררו,IT,בונבוניירה רושה,גרמים,200.00,100 גרם,false,0,24.90,12.45,true,1,
8000500071083,false,שוקולד קינדר 200 גרם,פררו,IT,שוקולד חלב קינדר,גרמים,200.00,100 גרם,false,0,14.50,7.25,true,1,
8000500121436,false,קינדר בואנו לבן 39*3 גרם,פררו,PL,קינדר בואנו לבן,גרמים,117.00,100 גרם,false,0,11.90,10.17,true,1,
8000500167656,false,קינדר שוקולד עם דגנים94ג,פררו,IT,קינדר שוקולד,גרמים,94.00,100 גרם,false,1,7.90,8.40,true,1,
8000500224281,false,נוטלה בי רדי 22 גרם,פררו,IT,נוטלה בי רדי,גרמים,22.00,100 גרם,false,1,4.30,19.55,true,1,
8000500227848,false,נוטלה בי רדי 132 גרם,פררו,IT,נוטלה בי רדי,גרמים,132.00,100 גרם,false,1,13.50,10.23,true,1,
8000500256213,false,שוקולד מיני קינדר 120גרם,פררו,IT,שוקולד מיני,גרמים,120.00,100 גרם,false,1,11.20,9.33,true,1,
8000500267103,false,עוגות אישי.קינדר דליס390,פררו,IT,עוגות קינדר דליס,גרמים,390.00,100 גרם,false,1,17.90,4.59,true,1,
8000500269169,false,קינדר קארדס 128 גרם,,IT,קינדר קארדס,גרמים,128.00,100 גרם,false,1,13.90,10.86,true,1,
8000500390238,false,ביצי הפתעה קינדר 20*4גרם,פררו,IT,ביצי הפתעה קינדר,גרמים,80.00,100 גרם,false,1,17.90,22.38,true,1,
8001003100164,false,סוכ.ג'לי בטעמי פירות450ג,סרג'יאטו,IT,סוכריות ג'לי,גרמים,450.00,100 גרם,false,1,13.90,3.09,true,1,
8001090184412,false,פיירי לכלים לימון 900 מל,פרוקטר אנד גמבל,GB,פיירי לכלים,מיליליטרים,900.00,"100 מ""ל",false,1,12.50,1.39,true,1,
8001090336606,false,26פמפרס בייבי דריי שלב6,פרוקטר אנד גמבל,DE,פמפרס בייבי,יחידה,1.00,יחידה,false,1,36.90,36.90,true,1,
8001090776068,false,פיירי נ.כלים משי ורד780מ,פרוקטר אנד גמבל,GB,פיירי נוזל כלים,מיליליטרים,780.00,"100 מ""ל",false,1,12.50,1.60,true,1,
8001090832450,false,"שמפו פנטן קלאסי 660 מ""ל",פרוקטר & גמבל,RO,שמפו פנטן,מיליליטרים,660.00,"100 מ""ל",false,1,22.90,3.47,true,1,
8001090832535,false,"פנטן שמפו משקם 660 מ""ל",פרוקטר אנד גמבל,RO,שמפו פנטן,מיליליטרים,660.00,"100 מ""ל",false,1,22.90,3.47,true,1,
8001090833167,false,אריאל ג'ל נ.הרים 2.365לי,פרוקטור אנד גמבל,FR,אריאל ג'ל כביסה,ליטרים,2.37,ליטר,false,1,36.90,15.57,true,1,
8001090899194,false,24אולוויז פלטינום נורמל,פרוקטר אנד גמבל,DE,תחבושות אולוויז,יחידה,1.00,יחידה,false,1,22.90,22.90,true,1,
8001090899224,false,20 אולוויז פלטינום לונג,פרוקטר אנד גמבל,DE,תחבושות אולוייז,יחידה,1.00,יחידה,false,1,22.90,22.90,true,1,
8001090899255,false,16 אולוויז פלטינום לילה,פרוקטר אנד גמבל,DE,תחבשות אולוויז,יחידה,1.00,יחידה,false,1,22.90,22.90,true,1,
8001620015629,false,פרוטה תפוז אדום 400 מל,אקווה מינרלה סאן בנדטו ב,IT,פרוטה תפוז אדום,מיליליטרים,400.00,"100 מ""ל",false,1,8.30,2.08,true,1,
8001620015636,false,"משקה פרוטה פירות 400 מ""ל",אקווה מינרלה סאן בנדטו ב,IT,משקה פרוטה,מיליליטרים,400.00,"100 מ""ל",false,1,8.30,2.08,true,1,
8001620018408,false,"פרוטה מנגו תפוח 400 מ""ל",אקווה מינרלה סאן בנדטו ב,IT,פרוטה מנגו תפוח,מיליליטרים,400.00,"100 מ""ל",false,1,8.30,2.08,true,1,
8001620019177,false,"סאן בנדטו ענבים 400 מ""ל",אקווה מינרלה סאן בנדטו ב,IT,סאן סנדטו ענבים,מיליליטרים,400.00,"100 מ""ל",false,1,6.90,1.73,true,1,
8001841137179,false,הד&שולדרס מרכך קלאסי275מ,פרוקטר אנד גמבל,RO,מרכך הד&שולדרס,מיליליטרים,275.00,"100 מ""ל",false,1,17.90,6.51,true,1,
8001841625461,false,פיירי פלטינום 515מל,פרוקטר אנד גמבל,GB,פיירי נוזל כלים,מיליליטרים,515.00,"100 מ""ל",false,1,12.50,2.43,true,1,
8005110002243,false,תרכיז עגבניות 185 גרם,מוטי,IT,תרכיז עגבניות,גרמים,185.00,100 גרם,false,1,8.50,4.59,true,1,
8005110170300,false,עגבניות חתוכות3*,,IT,עגבניות חתוכות3*,קילוגרמים,1.20,"ק""ג",false,0,18.90,15.75,true,1,
8006540112823,false,לנור מרכך מרוכז900מל,פרוקטר אנד גמבל,US,לנור מרכך מרוכז,מיליליטרים,900.00,"100 מ""ל",false,1,15.90,1.77,true,1,
8006540112854,false,לנור מרכך ניחוח סחלב900,פרוקטר אנד גמבל,US,לנור מרכך מרוכז,מיליליטרים,900.00,"100 מ""ל",false,1,15.90,1.77,true,1,
8014515330196,false,עגבניות מרוסקות 400 גרם,אמיליאנה קונסרב סוסייטה,IT,עגבניות מרוסקות,גרמים,400.00,100 גרם,false,1,6.70,1.68,true,1,
8014515330738,false,קוביות עגבניות פומו400גר,שופרסל-ייבוא,IT,קוביות עגבניות,גרמים,400.00,100 גרם,false,0,6.70,1.68,true,1,
8032880800243,false,פיקניק הפתעה 50 גרם,"הוסטה איטליה, ס.ר.ל.",IT,פיקניק הפתעה,גרמים,50.00,100 גרם,false,0,8.30,16.60,true,1,
8076800195033,false,ספגטיני מס' 3 500 גרם,ברילה גי.אי.אר פרטלי ס.פ,IT,ספגטיני מס' 3,גרמים,500.00,100 גרם,false,0,7.90,1.58,true,1,
8076800195057,false,ספגטי מס' 5 ברילה500גר,ברילה גי.אי.אר פרטלי ס.פ,IT,ספגטי מס 5 ברילה,גרמים,500.00,100 גרם,false,0,7.90,1.58,true,1,
8076802085738,false,פנה ריגטה מס73' 500 גרם,ברילה גי.אי.אר פרטלי ס.פ,IT,פנה ריגטה ברילה,גרמים,500.00,100 גרם,false,0,7.90,1.58,true,1,
8076808050440,false,פסטה מקרוני מס44' 500 גר,ברילה,IT,מקרוני ברילה,גרמים,500.00,100 גרם,false,0,7.90,1.58,true,1,
8076808060654,false,פסטה פרפלה מס65' 500 גרם,ברילה גי.אי.אר פרטלי ס.פ,IT,פסטה פרפלה ברילה,גרמים,500.00,100 גרם,false,0,7.90,1.58,true,1,
8076808150072,false,ספגטי מס' 7 500 גרם,ברילה גי.אי.אר פרטלי ס.פ,IT,ספגטי ברילה,גרמים,500.00,100 גרם,false,0,7.90,1.58,true,1,
8076809512268,false,פסטה גירנדולה מס34' 500ג,ברילה גי.אי.אר פרטלי ס.פ,IT,פסטה גירנדולה,גרמים,500.00,100 גרם,false,0,7.90,1.58,true,1,
8076809513395,false,רוטב פומודורו ברילה 400ג,ברילה גי.אי.אר פרטלי ס.פ,IT,רוטב עגבניות,גרמים,400.00,100 גרם,false,0,13.90,3.48,true,1,
8076809513692,false,רוטב לפסטה נפוליטנה400גר,ברילה גי.אי.אר פרטלי ס.פ,IT,רוטב לפסטה,גרמים,400.00,100 גרם,false,0,13.90,3.48,true,1,
8076809523738,false,לזניה ברילה 500 גרם,ברילה גי.אי.אר פרטלי ס.פ,IT,לזניה ברילה,גרמים,500.00,100 גרם,false,0,25.70,5.14,true,1,
8410076600622,false,קראנץ שבבי שוקולד 210ג,ג'נרל מילס סאן אדריאן,ES,נייצר וואלי שוקו,גרמים,210.00,100 גרם,false,0,21.90,10.43,true,1,
8410076610508,false,נייטשר ואלי צ'ואי שוקו5י,ג'נרל מילס,GB,חטיפי צ'ואי 5 יח,גרמים,150.00,100 גרם,false,1,21.90,14.60,true,1,
8410104039134,false,"פיניש לניקוי מדיח 250מ""ל",רקיט בנקיזר,PL,פיניש ניקוי מדיח,מיליליטרים,250.00,"100 מ""ל",false,0,17.90,7.16,true,1,
8410104045111,false,"פיניש מלח למדיח 2 ק""ג",רקיט בנקיזר,IL,מלח למדיח,קילוגרמים,2.00,"ק""ג",false,0,16.90,8.45,true,1,
8410104437268,false,פיניש מפיג ריח למדיח,רקיט בנקיזר,HU,פיניש מפיג ריח,יחידה,1.00,יחידה,false,0,19.90,19.90,true,1,
8410179018034,false,שמן חמניות מועשר 1 ליטר,FOO BRANDED BORGES,ES,שמן חמניות,ליטרים,1.00,ליטר,false,1,14.90,14.90,true,1,
8410179100043,false,שמן זית כתית מעולה 750מל,,ES,שמן זית כתית,מיליליטרים,750.00,"100 מ""ל",false,0,34.90,4.65,true,1,
8423207206488,false,סלים דליס מצופה שוקולד6י,סלים דליס,ES,חטיפי דגנים מרבה,גרמים,120.00,100 גרם,false,0,12.90,10.75,true,1,
8423207206495,false,סלים דליס שוקולד מריר6י,סלים דליס,ES,חטיפי דגנים מרבה,גרמים,120.00,100 גרם,false,0,12.90,10.75,true,1,
8423207207362,false,סלים דליס שוקולד לבן20*6,סלים דליס,ES,סלים דליס,גרמים,120.00,100 גרם,false,0,12.90,10.75,true,1,
8423207208703,false,סלים דליס שוקו.מריר 6 יח,סלים דליס,ES,סלים דליס 6 יח,גרמים,120.00,100 גרם,false,1,12.90,10.75,true,1,
8436575292205,false,מאגדת חמשושים 180 גרם,גלידות נסטלה )נגה גלידות,IL,מאגדת חמשושים,גרמים,180.00,100 גרם,false,1,22.90,12.72,true,1,
8595134503487,false,פילטר פארטי 120יח 5.3X22,U 4 ROLL,CZ,פילט.פארטי5.3X22,יחידה,1.00,יחידה,false,1,3.80,3.80,false,1,
8606018615827,false,פיינט אוראו 300 גרם,,RS,פיינט אוראו,גרמים,300.00,100 גרם,false,1,21.90,7.30,true,1,
8606018615841,false,פיינט מילקה וניל ליבת שו,,RS,פיינט מילקה וניל,גרמים,300.00,100 גרם,false,1,21.90,7.30,true,1,
8683130012666,false,מגנום דאבל לבן עוגיות,"מיוצר ע""\י יונילוור סנאי",TR,מגנום דאבל לבן ע,גרמים,74.00,100 גרם,false,1,11.00,14.86,true,1,
8683323063024,false,ממתק בטעם תותי פרוטי220ג,סאדאט,TR,ממתק בטעם תותי,גרמים,220.00,100 גרם,false,1,7.90,3.59,true,1,
8690637704376,false,"דאב שמפו יום יומי 600מ""ל",יוניליוור סנאיי וי טיקאר,TR,שמפו דאב,מיליליטרים,600.00,"100 מ""ל",false,0,19.90,3.32,true,1,
8690637946301,false,בדין אקסטרא בייבי 960 מל,יוניליוור סנאיי וי טיקאר,TR,בדין מרכך בייבי,מיליליטרים,960.00,"100 מ""ל",false,1,17.90,1.86,true,1,
8690637989629,false,מגנום דאבל דולצ'ה גולד 6,יונילוור סנאיי וי טיג'\,TR,מגנום דאבל דולצ',גרמים,63.00,100 גרם,false,1,11.00,17.46,true,1,
8690637997914,false,גלידת וניל שקדים אישי,יונילוור סנאיי וי טיג'\,TR,גלידת וניל שקדים,גרמים,58.00,100 גרם,false,1,10.00,17.24,true,1,
8690637997921,false,גלידת וניל קלאסיק אישי 6,יונילוור סנאיי וי טיג'\,TR,גלידת וניל קלאסי,גרמים,63.00,100 גרם,false,1,10.00,15.87,true,1,
8690766156381,false,שוק.מריר 90% קקאו 90 גרם,גודייבה,TR,שוקולד גודייבה,גרמים,90.00,100 גרם,false,1,15.90,17.67,true,1,
8690777206051,false,חציל קלוי,,TR,חציל קלוי,גרמים,650.00,100 גרם,false,0,14.50,2.23,true,1,
8693323085100,false,ממתק חמוץ שטיח פירות100ג,סאדאט,TR,ממתק חמוץ,גרמים,100.00,100 גרם,false,1,4.50,4.50,true,1,
8697530910743,false,פאלמאל כחול קצר חפיסה,bat,TR,פאלמאל  כחול קצר,יחידה,1.00,יחידה,false,0,29.50,29.50,false,1,
8697530910750,false,פאלמאל כחול ארוך חפיסה,bat,TR,פאלמאל כחול ארוך,יחידה,1.00,יחידה,false,0,29.50,29.50,false,1,
8697530910781,false,פאלמאל אדום חפיסה,bat,TR,פאלמאל אדום,יחידה,1.00,יחידה,false,0,29.50,29.50,false,1,
8710502060021,false,עוגיות מאפין רכות 210 גר,"מרבה בע""\מ",NL,עוגיות מרבה,גרמים,210.00,100 גרם,false,1,11.90,5.67,true,1,
8710502064814,false,עוג.שוקוציפס מרקם רך175ג,בנקטבקריי מרבה בי.וי,NL,עוגיות מרבה,גרמים,175.00,100 גרם,false,1,10.90,6.23,true,1,
8710502100864,false,עוגיות דאבל שוקולד 200 ג,"מרבה בע""\מ",NL,עוגיות מרבה,גרמים,200.00,100 גרם,false,1,11.90,5.95,true,1,
8710502139017,false,עוג.טריפל שוקוצ'יפס180גר,בנקטבקריי מרבה בי.וי,NL,עוגיות שוקוצ'יפס,גרמים,180.00,100 גרם,false,0,10.90,6.06,true,1,
8710502194825,false,עוג.שוקוציפס מהדרין 150ג,מרבה,NL,עוגיות שוקוצ'יפס,גרמים,150.00,100 גרם,false,1,6.90,4.60,true,1,
8710502470035,false,עוגיות נוגטלי קר.אגוז200,"מרבה בע""\מ",NL,עוגיות מרבה,גרמים,200.00,100 גרם,false,1,11.90,5.95,true,1,
8711000362679,false,קפסולות לור 8 קולומביה52,ג'\ייקובס דאו אגרבטס צרפ,FR,קפסולות לור,גרמים,52.00,100 גרם,false,1,19.90,38.27,true,1,
8711327475663,false,גל מגנום וניל שוקלד לבן,"מפעל גלידות בווספרם, רחו",,גל מגנום וניל שו,מיליליטרים,440.00,"100 מ""ל",false,0,23.90,5.43,true,1,
8711327475717,false,גלידה מגנום וניל שקדים,"מפעל גלידות בווספרם, רחו",,גלידה מגנום וניל,מיליליטרים,440.00,"100 מ""ל",false,0,23.90,5.43,true,1,
8712400802512,false,נוטרילון שלב2- 800 גרם,נוטרישיה קאלק,NL,נוטרילון שלב2-,גרמים,800.00,100 גרם,false,0,69.90,8.74,true,1,
8712400802536,false,נוטרילון שלב3- 800 גרם,נוטרישיה קאלק,NL,נוטרילון שלב3-,גרמים,800.00,100 גרם,false,0,69.90,8.74,true,1,
8714789177229,false,4 מב.קולגייט אקסטרה קלין,קולגייט פלמוליב,CN,4 מברשות שיניים,יחידה,1.00,יחידה,false,0,11.90,11.90,true,1,
8715700110141,false,ממרח היינץ צנצנת 460 גרם,ה.י.היינץ הולדינג בי.וי,NL,ממרח היינץ,גרמים,460.00,100 גרם,false,1,12.90,2.80,true,1,
8715700110158,false,ממרח במרקם קרמי 490 גרם,ה.י.היינץ הולדינג בי.וי,NL,ממרח במרקם קרמי,גרמים,490.00,100 גרם,false,1,12.90,2.63,true,1,
8715700115641,false,ממרח במרקם קרמי לחיץ420ג,"פודליצקי ספ.ז.או.או,.",PL,ממרח במרקם קרמי,גרמים,420.00,100 גרם,false,1,15.90,3.79,true,1,
8715700419732,false,מתבל עגבניות היינץ700גרם,היינץ,NL,מתבל עגבניות,גרמים,700.00,100 גרם,false,0,13.90,1.99,true,1,
8715700422473,false,ממרח היינץ מיכל לחיץ395ג,היינץ,NL,ממרח היינץ,גרמים,395.00,100 גרם,false,1,15.90,4.03,true,1,
8717677336593,false,שוקולד חלב מעולה 180 גרם,אלפרד ריטר,NL,שוקולד חלב מעולה,גרמים,180.00,100 גרם,false,1,19.90,11.06,true,1,
8717677336616,false,שוקולד מריר שקדים+מלח180,אלפרד ריטר,NL,שוקולד מריר,גרמים,180.00,100 גרם,false,1,19.90,11.06,true,1,
8717677336630,false,שוקולד חלב+שקדים+דבש180ג,אלפרד ריטר,NL,שוקולד חלב מעולה,גרמים,180.00,100 גרם,false,1,19.90,11.06,true,1,
8717677338436,false,שוקולד חלב+אגוזי לוז180ג,אלפרד ריטר,NL,שוקולד חלב מעולה,גרמים,180.00,100 גרם,false,1,19.90,11.06,true,1,
8718951236806,false,קולגייט טוטל להלבנה 100מ,,PL,קולגייט טוטל,מיליליטרים,100.00,"100 מ""ל",false,1,18.90,18.90,true,1,
8719200998001,false,"מרגרינה בלובנד ללת""מ200ג",יוניליוור ישראל מזון בע\,IL,מרגרינה בלובנד,גרמים,200.00,100 גרם,false,1,4.70,2.35,true,1,
8719200998018,false,מרגרינה בטעם חמאה200גרם,"מיוצר ע""\י יוניליוור ישר",IL,מחמאה מרגרינה,גרמים,200.00,100 גרם,false,1,5.00,2.50,true,1,
8719200998032,false,מזולה בטעם חמאה 250 גרם,"מיוצר ע""\י יוניליוור ישר",IL,מזולה טעם חמאה,גרמים,250.00,100 גרם,false,1,10.90,4.36,true,1,
8719200998094,false,"מזולה לאפייה ללת""מ 200 ג","מיוצר ע""\י יוניליוור ישר",IL,מזולה לאפייה,גרמים,200.00,100 גרם,false,1,6.50,3.25,true,1,
8720181046605,false,דאו.דאב ספריי אורגינל150,"קוסטר אירוסול, גבזה 4140",TR,דאודורנט דאב,מיליליטרים,150.00,"100 מ""ל",false,1,14.90,9.93,true,1,
8801055708772,false,טסטרס צ'ויס 200+50ג מארז,לוטה נסטלה קוריאה,KR,טסטרס צ'ויס מארז,גרמים,250.00,100 גרם,false,1,32.90,13.16,true,1,
8802241132821,false,חטיף אצות קלויות+מלחים13,,KR,חטיף אצות קלויות,גרמים,13.00,100 גרם,false,1,12.00,92.31,true,1,
8850389103111,false,משקה סאפה ענבים,,TH,משקה סאפה ענבים,מיליליטרים,300.00,"100 מ""ל",false,0,7.90,2.63,true,1,
8850389103128,false,משקה סאפה תפוח,,TH,משקה סאפה תפוח,מיליליטרים,300.00,"100 מ""ל",false,0,7.90,2.63,true,1,
8850389103159,false,"מוגו ליצ'י קוקוס 320 מ""ל",סאפה פובליק קומפני לימיט,TH,מוגו ליצ'י קוקוס,מיליליטרים,320.00,"100 מ""ל",false,1,7.90,2.47,true,1,
8850389104637,false,סאפה אפרסק,,TH,סאפה אפרסק,מיליליטרים,300.00,"100 מ""ל",false,0,7.90,2.63,true,1,
8850389105849,false,סאפה אלוורה טעם אפרסק 1ל,סאפה פובליק קומפני לימיט,TH,סאפה אפרסק,ליטרים,1.00,ליטר,false,0,14.90,14.90,true,1,
8850389111352,false,"מוגו מלון קוקוס 320 מ""ל",סאפה פובליק קומפני לימיט,TH,מוגו מלון קוקוס,מיליליטרים,320.00,"100 מ""ל",false,1,7.90,2.47,true,1,
8850632604259,false,יוגטה חמוץ מקלות תות 50ג,סאאדת,TH,יוגטה ממתק חמוץ,גרמים,50.00,100 גרם,false,0,5.30,10.60,true,1,
8850632604372,false,יוגטה חמוץ שטיח תות 50גר,סאאדת,TH,יוגטה ממתק חמוץ,גרמים,50.00,100 גרם,false,0,5.30,10.60,true,1,
8888021200256,false,שמינית סוללות AA,אנרג'ייזר,SG,שמינית סוללות,יחידה,1.00,יחידה,false,0,26.90,26.90,true,1,
8888021200720,false,שמינית סוללות AAA,אנרג'ייזר,SG,8 סוללות AAA,יחידה,1.00,יחידה,false,0,26.90,26.90,true,1,
8901537024014,false,אורז בסמטי דאווט,,IN,אורז בסמטי דאווט,קילוגרמים,1.00,"ק""ג",false,0,14.90,14.90,true,1,
9007829022023,false,"סוכר לבן 1 ק""ג","אגרנה צוקר בע""מ",AT,"סוכר לבן 1 ק""ג",קילוגרמים,1.00,"ק""ג",false,1,4.90,4.90,true,1,
9044400849105,false,סוכריות פז בשקית10+1 85ג,,HU,סוכריות פז,גרמים,85.00,100 גרם,false,1,17.50,20.59,true,1,
9310072028750,false,טים טם דאבל 200 גרם,ספץ תעשיות,AU,טים טם דאבל,גרמים,200.00,100 גרם,false,1,21.70,10.85,true,1,
