code,internal_code,name,manufacturer_name,manufacture_country,manufacturer_item_description,unit_qty,quantity,unit_of_measure,weighted,qty_in_package,price,unit_of_measure_price,allow_discount,status,item_id
10002227,false,שקית בד ללקוחות 40*4,,,שקית בד ללקוחות 40*4,יח',1.00,יח',false,,2.50,2.5000,true,1,5262805
16006322,false,מי עדן 1 לי,,,מי עדן 1 לי,יח',1.00,יח',false,,2.50,2.5000,true,1,1578302
32147230,false,מיץ לימון משומר 200מ,סידג,,"מיץ לימון משומר 200מ""ל",מיליליטרים,200.00,"100 מ""ל",false,,5.50,0.0275,true,1,1566929
40084107,false,ביצת קינדר הפתעה,ליימן-שליסל,,ביצת קינדר הפתעה,גרמים,20.00,100 גרם,false,,4.10,0.2050,true,1,1608660
40111216,false,חטיף באונטי שוקולד ק,באונטי,,חטיף באונטי שוקולד ק,גרמים,57.00,100 גרם,false,,3.30,0.0579,true,1,1580601
40144016,false,וורטר גליל 50 גרם,וורטר'ס אורגינל,,וורטר גליל 50 גרם,גרמים,50.00,100 גרם,false,,2.90,0.0580,true,1,1584477
40173351,false,בירה מייסלס חיטה אור,,,בירה מייסלס חיטה אור,מטרים,500.00,100 מ'ל,false,,9.40,0.0188,true,1,5347265
42101666,false,מסטיק איירוייבוז אקל,מארס,,מסטיק איירוייבוז אקל,גרמים,35.00,100 גרם,false,,4.90,0.1400,true,1,1608386
42123866,false,הובה בובה בטעם פירות,הובה בובה,,הובה בובה בטעם פירות,גרמים,35.00,100 גרם,false,,2.50,0.0714,true,1,1608391
42154662,false,מסטיק אורביט מעטפה ס,אורביט,,מסטיק אורביט מעטפה ס,גרמים,27.00,100 גרם,false,,4.70,0.1741,true,1,1608395
42299363,false,דאו רול און פרש לגבר,,,דאו רול און פרש לגבר,100 מל,50.00,100 מל,false,,11.00,0.2200,true,1,1859704
42306788,false,מסטיק אורביט מסטיק א,מארס,,מסטיק אורביט מסטיק א,גרמים,35.00,100 גרם,false,,4.90,0.1400,true,1,1608434
50398904,false,אינדולה חמצן 6%,הנקל סוד,,אינדולה חמצן 6%,100 מל,60.00,100 מל,false,,3.30,0.0550,true,1,1573422
50398911,false,אינדולה קרם חמצן 9%,הנקל סוד,,אינדולה קרם חמצן 9%,מיליליטרים,60.00,"מ""ל",false,,3.30,0.0550,true,1,1573423
54051140,false,מעדן סויה בטעם וניל,אלפרו,,מעדן סויה בטעם וניל,גרמים,500.00,100 גרם,false,,13.60,0.0272,true,1,1574452
54051157,false,מעדן סויה בטעם שוקו,אלפרו,,מעדן סויה בטעם שוקו,גרמים,500.00,100 גרם,false,,13.60,0.0272,true,1,1574453
59079774,false,רקסונה דאודורנט רול-,,,רקסונה דאודורנט רול-,יח',1.00,יח',false,,11.00,11.0000,true,1,5151286
59082637,false,רקסונה רול און לגבר,,,רקסונה רול און לגבר,מטרים,50.00,100 מ'ל,false,,8.50,0.1700,true,1,5102753
72940754,false,מילקי מעדן וניל עם ק,שטראוס,,מילקי מעדן וניל עם ק,מיליליטרים,133.00,"100 מ""ל",false,,2.30,0.0173,true,1,1589563
72940761,false,מילקי מעדן שוקולד עם,שטראוס,,מילקי מעדן שוקולד עם,מיליליטרים,133.00,"100 מ""ל",false,,2.30,0.0173,true,1,1589564
72940952,false,מילקי מעדן פי 2 קצפת,שטראוס,,מילקי מעדן פי 2 קצפת,מיליליטרים,107.00,"100 מ""ל",false,,3.00,0.0280,true,1,1589565
72940976,false,סלט כרוב אדום אחלה 2,אחלה,,סלט כרוב אדום אחלה 2,גרמים,250.00,100 גרם,false,,6.30,0.0252,true,1,1589566
72940983,false,חומוס אחלה 250 גרם,אחלה,,חומוס אחלה 250 גרם,גרמים,250.00,100 גרם,false,,5.90,0.0236,true,1,1589567
72941041,false,מילקי מעדן מיני שוקו,שטראוס,,מילקי מעדן מיני שוקו,מטרים,70.00,100 מ'ל,false,,1.70,0.0243,true,1,1589568
72945308,false,שמרים טריים לאפיה שמ,שמרית,,שמרים טריים לאפיה שמ,גרמים,50.00,100 גרם,false,,2.80,0.0560,true,1,1589569
72961209,false,שמנית 15% 200מל בדצ,תנובה,,שמנית 15% 200מל בדצ,מיליליטרים,200.00,"100 מ""ל",false,,2.10,0.0105,true,1,1572797
72961223,false,גיל 3% 200מל בדצ,תנובה,,גיל 3% 200מל בדצ,מיליליטרים,200.00,"100 מ""ל",false,,1.30,0.0065,true,1,1572799
72961506,false,פרילי תות גביע 125 ג,תנובה,,פרילי תות גביע 125 ג,מיליליטרים,125.00,"100 מ""ל",false,,2.80,0.0224,true,1,1566433
72961520,false,פרילי יוגורט עם אננס,תנובה,,פרילי יוגורט עם אננס,מיליליטרים,125.00,"100 מ""ל",false,,2.80,0.0224,true,1,1572801
72961544,false,באדי יוגורט בטעם תות,תנובה,,באדי יוגורט בטעם תות,מיליליטרים,125.00,"100 מ""ל",false,,2.50,0.0200,true,1,1572802
72964132,false,פרילי עם גרנולה 1.5%,תנובה,,פרילי עם גרנולה 1.5%,מיליליטרים,200.00,"100 מ""ל",false,,4.00,0.0200,true,1,1572810
72964422,false,יוגורט לבן 4.5% תנוב,תנובה,,יוגורט לבן 4.5% תנוב,מיליליטרים,200.00,"100 מ""ל",false,,2.20,0.0110,true,1,1572811
72986233,false,"באדי וניל בד""צ 125מל",תנובה,,"באדי וניל בד""צ 125מל",מיליליטרים,125.00,"100 מ""ל",false,,2.50,0.0200,true,1,1572812
72986240,false,"באדי שוקו בד""צ 125מל",תנובה,,"באדי שוקו בד""צ 125מל",מיליליטרים,125.00,"100 מ""ל",false,,2.40,0.0192,true,1,1572813
72986370,false,גלידה וניל בן אנד ג',בן אנד ג'ריס,,גלידה וניל בן אנד ג',מיליליטרים,500.00,"100 מ""ל",false,,16.20,0.0324,true,1,1583998
72986424,false,גלידת פיינטים קרם עו,בן אנד ג'ריס,,גלידת פיינטים קרם עו,מיליליטרים,420.00,"100 מ""ל",false,,16.20,0.0386,true,1,1583999
72986448,false,גלידה טופי קראנץ' בן,בן אנד ג'ריס,,גלידה טופי קראנץ' בן,מיליליטרים,500.00,"100 מ""ל",false,,16.20,0.0324,true,1,1584000
72986455,false,גלידה ניו יורק סופר,בן אנד ג'ריס,,גלידה ניו יורק סופר,מיליליטרים,500.00,"100 מ""ל",false,,16.20,0.0324,true,1,1584001
72986479,false,גלידה צ'אנקי מאנקי ב,בן אנד ג'ריס,,גלידה צ'אנקי מאנקי ב,מיליליטרים,500.00,"100 מ""ל",false,,16.20,0.0324,true,1,1584002
72989425,false,גלידה שוקולד בראוניס,בן אנד ג'ריס,,גלידה שוקולד בראוניס,מיליליטרים,500.00,"100 מ""ל",false,,16.20,0.0324,true,1,1584003
72991886,false,גלידה דולצ'ה דה לצה,בן אנד ג'ריס,,גלידה דולצ'ה דה לצה,מיליליטרים,750.00,"100 מ""ל",false,,16.20,0.0216,true,1,1584004
72993637,false,דני בטעם שוקולד 1.5%,שטראוס,,דני בטעם שוקולד 1.5%,מיליליטרים,125.00,"100 מ""ל",false,,2.10,0.0168,true,1,1589577
72994061,false,Good2 פסק זמן 36 גרם,עלית,,Good2 פסק זמן 36 גרם,גרמים,36.00,100 גרם,false,,3.50,0.0972,true,1,1575251
80042563,false,מחית עגבניות קלה 700,,,מחית עגבניות קלה 700,גרמים,700.00,100 גרם,false,,10.10,0.0144,true,1,5245981
80050025,false,טיק טק תפוז 16 גרם,טיק טק,,טיק טק תפוז 16 גרם,גרמים,16.00,100 גרם,false,,2.50,0.1563,true,1,1608662
80050124,false,טיק טק מנטה 16 גרם,טיק טק,,טיק טק מנטה 16 גרם,גרמים,16.00,100 גרם,false,,2.50,0.1563,true,1,1608663
80052760,false,שוקולד קינדר בואנו 4,קינדר,,שוקולד קינדר בואנו 4,גרמים,43.00,100 גרם,false,,2.90,0.0674,true,1,1608667
80083696,false,עוגיות אורגניות עם פ,,,עוגיות אורגניות עם פ,גרמים,250.00,100 גרם,false,,12.40,0.0496,true,1,5271994
80136194,false,הפי היפו אגוז 5*20ג,,,הפי היפו אגוז 5*20ג,גרמים,100.00,100 גרם,false,,9.80,0.0980,true,1,3277553
80177173,false,ממרח נוטלה 350 גרם,נוטלה,,ממרח נוטלה 350 גרם,גרמים,350.00,100 גרם,false,,11.00,0.0314,true,1,1608670
80177609,false,אצבעות קינדר שוקולד,קינדר,,אצבעות קינדר שוקולד,גרמים,50.00,100 גרם,false,,2.90,0.0580,true,1,1608672
80310167,false,קינדר שוקולד מקסי 12,קינדר,,קינדר שוקולד מקסי 12,גרמים,126.00,100 גרם,false,,8.10,0.0643,true,1,4964379
80310891,false,ג'וי ביצת הפתעה קינד,קינדר,,ג'וי ביצת הפתעה קינד,גרמים,20.00,100 גרם,false,,4.20,0.2100,true,1,1584494
80761761,false,קינדר בואנו לבן בודד,קינדר,,קינדר בואנו לבן בודד,גרמים,43.00,100 גרם,false,,2.90,0.0674,true,1,1608674
80768838,false,מסטיק מנטוס וויט ביג,,,מסטיק מנטוס וויט ביג,גרמים,105.00,100 גרם,false,,14.40,0.1371,true,1,1931777
80773429,false,מסטיק מנטוס פיור פרש,,,מסטיק מנטוס פיור פרש,גרמים,60.00,100 גרם,false,,7.50,0.1250,true,1,3480182
80773443,false,מסטיק מנטוס מעוגל 60,,,מסטיק מנטוס מעוגל 60,גרמים,60.00,100 גרם,false,,7.50,0.1250,true,1,2622343
80776307,false,מסטיק מנטוס ביג מעוג,,,מסטיק מנטוס ביג מעוג,גרמים,90.00,100 גרם,false,,14.40,0.1600,true,1,2622363
80780595,false,מסטיק מנטוס ביג מעוג,,,מסטיק מנטוס ביג מעוג,גרמים,90.00,100 גרם,false,,14.40,0.1600,true,1,2622364
80790990,false,מסטיק מנטוס מעוגל 60,,,מסטיק מנטוס מעוגל 60,גרמים,60.00,100 גרם,false,,7.50,0.1250,true,1,2622344
80794233,false,מסטיק מנטוס ביג מעוג,,,מסטיק מנטוס ביג מעוג,גרמים,90.00,100 גרם,false,,14.40,0.1600,true,1,2622365
80804697,false,מסטיק מנטוס וויט ביג,,,מסטיק מנטוס וויט ביג,גרמים,105.00,100 גרם,false,,14.40,0.1371,true,1,1931779
80831402,false,מנטוס סוכריות מנטה ע,,,מנטוס סוכריות מנטה ע,יח',1.00,יח',false,,5.90,5.9000,true,1,5242595
80850885,false,מסטיק מנטוס וויט מנט,מנטוס,,מסטיק מנטוס וויט מנט,גרמים,60.00,100 גרם,false,,7.50,0.1250,true,1,1584508
80854753,false,מנטוס סוכריות מנטה ל,,,מנטוס סוכריות מנטה ל,יח',1.00,יח',false,,5.90,5.9000,true,1,5242596
80913467,false,מסטיק מנטוס מעוגל 60,,,מסטיק מנטוס מעוגל 60,גרמים,60.00,100 גרם,false,,7.50,0.1250,true,1,2622345
80926481,false,מסטיק מנטוס ביג אבטי,,,מסטיק מנטוס ביג אבטי,גרמים,90.00,100 גרם,false,,14.40,0.1600,true,1,4347635
80936848,false,טיק טק בודד תות שדה,ליימן-שליסל,,טיק טק בודד תות שדה,גרמים,16.00,100 גרם,false,,2.50,0.1563,true,1,1608676
80945468,false,מסטיק מנטוס פיור ווי,,,מסטיק מנטוס פיור ווי,גרמים,78.00,100 גרם,false,,7.50,0.0962,true,1,5326873
80954521,false,מנטוס מסטיק טעם תות,,,מנטוס מסטיק טעם תות,גרמים,240.00,100 גרם,false,,3.50,0.0146,true,1,5282907
80974215,false,מסטיק מנטוס ביג תות,,,מסטיק מנטוס ביג תות,יח',1.00,יח',false,,14.40,14.4000,true,1,4347636
80974482,false,ביצת קינדר ג'וי 20 ג,קינדר,,ביצת קינדר ג'וי 20 ג,גרמים,20.00,100 גרם,false,,4.20,0.2100,true,1,1608677
80979128,false,מסטיק מנטוס פיור פרש,,,מסטיק מנטוס פיור פרש,גרמים,60.00,100 גרם,false,,7.50,0.1250,true,1,5314459
80982470,false,מנטוס מסטיק פיור פרו,,,מנטוס מסטיק פיור פרו,גרמים,60.00,100 גרם,false,,7.50,0.1250,true,1,5307641
80986348,false,מסטיק מנטוס פיור ווי,,,מסטיק מנטוס פיור ווי,גרמים,78.00,100 גרם,false,,7.50,0.0962,true,1,5326874
80995128,false,מנטוס מסטיק הדרים 60,,,מנטוס מסטיק הדרים 60,יחידה,0.00,יחידה,false,,7.50,0.0000,true,1,5417876
87108538,false,סוכריות בטעם תות מנט,מנטוס,,סוכריות בטעם תות מנט,גרמים,37.50,100 גרם,false,,2.40,0.0640,true,1,1584522
87108651,false,סוכריות בטעם מנטה מנ,מנטוס,,סוכריות בטעם מנטה מנ,גרמים,150.00,100 גרם,false,,9.30,0.0620,true,1,1584523
87108712,false,סוכריות בטעם פירות מ,מנטוס,,סוכריות בטעם פירות מ,גרמים,150.00,100 גרם,false,,9.30,0.0620,true,1,1584524
87311396,false,מנטוס ריינבואו בודד,מנטוס,,מנטוס ריינבואו בודד,גרמים,37.50,100 גרם,false,,2.40,0.0640,true,1,1584528
90087011,false,מיץ תפוחים 1 ל' 12XR,תומר,,מיץ תפוחים 1 ל' 12XR,ליטרים,1.00,ליטר,false,,9.50,9.5000,true,1,1573780
90087066,false,מיץ תפוזים ראוך 100%,,,מיץ תפוזים ראוך 100%,יח',1.00,יח',false,,9.50,9.5000,true,1,1573781
90087271,false,נקטר אוכמניות שחורות,תומר,,נקטר אוכמניות שחורות,100 מל,1.00,100 מל,false,,9.50,9.5000,true,1,1573782
90087769,false,מיץ אננס 12XHAPPY DA,תומר,,מיץ אננס 12XHAPPY DA,ליטרים,1.00,ליטר,false,,9.50,9.5000,true,1,1573784
90087974,false,חומץ תפוחים 5% 750 מ,תומר,,חומץ תפוחים 5% 750 מ,מיליליטרים,750.00,"100 מ""ל",false,,10.00,0.0133,true,1,1573786
90162602,false,משקה אנרגיה רד בול 2,רד בול,,משקה אנרגיה רד בול 2,מיליליטרים,250.00,"100 מ""ל",false,,5.10,0.0204,true,1,4609264
90162800,false,משקה אנרגיה רד בול ל,רד בול,,משקה אנרגיה רד בול ל,מיליליטרים,250.00,"100 מ""ל",false,,5.10,0.0204,true,1,4609265
90448867,false,משקה אנרגיה רד בול 2,,,משקה אנרגיה רד בול 2,מיליליטרים,250.00,"100 מ""ל",false,,5.10,0.0204,true,1,5389756
96033531,false,דאודורנט רול-און רימ,,,דאודורנט רול-און רימ,יח',1.00,יח',false,,12.70,12.7000,true,1,4643332
8112100298,false,שמן שומשום טהור 185,מזרח ומערב,,שמן שומשום טהור 185,מיליליטרים,185.00,"100 מ""ל",false,,12.40,0.0670,true,1,1589305
8421360062,false,בובת TY עיניים גדולו,,,בובת TY עיניים גדולו,יח',1.00,יח',false,,20.40,20.4000,true,1,5344173
8421362486,false,בובת TY עיניים גדולו,,,בובת TY עיניים גדולו,יח',1.00,יח',false,,20.40,20.4000,true,1,5344174
8421363247,false,בובת TY עיניים גדולו,,,בובת TY עיניים גדולו,יח',1.00,יח',false,,20.40,20.4000,true,1,5344179
8421371907,false,בובת TY עיניים גדולו,,,בובת TY עיניים גדולו,יח',1.00,יח',false,,20.40,20.4000,true,1,1969588
9800800056,false,נוטלה אנד גו 52 ג,פררו רושר,DE,נוטלה אנד גו 52 ג,יח',1.00,יח',false,,4.20,4.2000,true,1,1584531
11210000094,false,רוטב חריף טבסקו 60 מ,טבסקו,,רוטב חריף טבסקו 60 מ,מטרים,60.00,100 מ'ל,false,,8.40,0.1400,true,1,1582418
11210006508,false,טבסקו אקסרא חריף הבנ,טבסקו,,טבסקו אקסרא חריף הבנ,מטרים,60.00,100 מ'ל,false,,12.70,0.2117,true,1,1582419
11210007253,false,רוטב שום ופלפל טבסקו,טבסקו,,רוטב שום ופלפל טבסקו,מטרים,60.00,100 מ'ל,false,,8.40,0.1400,true,1,1582420
11210009387,false,רוטב פלפל ירוק טבסקו,טבסקו,,רוטב פלפל ירוק טבסקו,מטרים,60.00,100 מ'ל,false,,8.40,0.1400,true,1,1582421
11210607040,false,טבסקו מעושן צ'יפוטלי,טבסקו,,טבסקו מעושן צ'יפוטלי,מטרים,60.00,100 מ'ל,false,,8.50,0.1417,true,1,1582422
11210618503,false,טבסקו פלפל חריף סקור,,,טבסקו פלפל חריף סקור,יח',1.00,יח',false,,12.70,12.7000,true,1,5246815
11210698055,false,טבסקו סוריצ'ה חריף 5,,,טבסקו סוריצ'ה חריף 5,גרמים,566.00,100 גרם,false,,20.90,0.0369,true,1,3279931
16000185517,false,פייבר וואן 555 גרם,,,פייבר וואן 555 גרם,גרמים,555.00,100 גרם,false,,21.20,0.0382,true,1,5336044
16000281684,false,חטיפי גרנולה קראנצ'י,נייצ'ר ואלי,,חטיפי גרנולה קראנצ'י,גרמים,210.00,100 גרם,false,,12.70,0.0605,true,1,1584533
16000423534,false,חטיפי גרנולה קראנצ'י,נייצ'ר ואלי,,חטיפי גרנולה קראנצ'י,גרמים,210.00,100 גרם,false,,12.70,0.0605,true,1,1584535
16000548404,false,חטיפי גרנולה קראנצ'י,נייצ'ר ואלי,,חטיפי גרנולה קראנצ'י,גרמים,210.00,100 גרם,false,,12.70,0.0605,true,1,1584541
16000548503,false,חטיפי גרנולה קראנצ'י,נייצ'ר ואלי,,חטיפי גרנולה קראנצ'י,גרמים,210.00,100 גרם,false,,12.70,0.0605,true,1,1584543
16000548602,false,חטיפי גרנולה קראנצ'י,נייצ'ר ואלי,,חטיפי גרנולה קראנצ'י,גרמים,210.00,100 גרם,false,,12.70,0.0605,true,1,1584545
16000548909,false,חטיפי גרנולה קראנצ'י,נייצ'ר ואלי,,חטיפי גרנולה קראנצ'י,גרמים,210.00,100 גרם,false,,12.70,0.0605,true,1,1584546
16229909819,false,קרם קוקוס 1 ליטר,גורי,,קרם קוקוס 1 ליטר,ליטרים,1.00,ליטר,false,,21.30,21.3000,true,1,1571133
16229924263,false,קרם קוקוס 250 מל,,,קרם קוקוס 250 מל,מיליליטרים,250.00,"100 מ""ל",false,,8.40,0.0336,true,1,3370156
16500980322,false,צמר פלדה עם חומר פעי,אסאואס,,צמר פלדה עם חומר פעי,יח',10.00,יח',false,,12.40,1.2400,true,1,1571134
18000701223,false,תערובת להכנת עוגת שו,פילסברי,,תערובת להכנת עוגת שו,גרמים,500.00,100 גרם,false,,13.60,0.0272,true,1,1584548
18000703517,false,תערובת להכנת עוגת שי,פילסברי,,תערובת להכנת עוגת שי,גרמים,550.00,100 גרם,false,,13.60,0.0247,true,1,1584550
18000766413,false,תערובת לעוגת בראוניס,פילסברי,,תערובת לעוגת בראוניס,גרמים,550.00,100 גרם,false,,13.60,0.0247,true,1,1584551
21723339994,false,"רוטב דגים 300מ""ל (טי",מזרח ומערב,,"רוטב דגים 300מ""ל (טי",מיליליטרים,300.00,"100 מ""ל",false,,8.00,0.0267,true,1,1589306
22200956932,false,דאודורנט 24/7 ג'ל כח,ספיד סטיק,,דאודורנט 24/7 ג'ל כח,גרמים,51.00,100 גרם,false,,14.40,0.2824,true,1,1574454
22200956949,false,דאודורנט ג'ל כתום לג,ספיד סטיק,,דאודורנט ג'ל כתום לג,גרמים,51.00,100 גרם,false,,14.40,0.2824,true,1,1574455
24291245131,false,כבל AUX,ארטוס,,כבל AUX,יח',1.00,יח',false,,12.70,12.7000,true,1,1601940
25675120006,false,פשקז חמצוצים 4 צבעים,פאסין,NL,מקלות חמוצים 4 טעמים ללא,גרמים,100.00,100 גרם,false,,7.60,0.0760,true,1,1592118
25675120037,false,פשקז חמצוצים תות 100,,,פשקז חמצוצים תות 100,יח',1.00,יח',false,,7.60,7.6000,true,1,1592120
25675120068,false,פשקז חמצוצים בטעם קו,פאסין,NL,מקלות חמוצים קולה 100 גר',גרמים,100.00,100 גרם,false,,7.60,0.0760,true,1,1592122
25675121027,false,פשקז חמצוצים רחב צבע,פאסין,NL,מקלות חמוצים 4 טעמים ללא,גרמים,115.00,100 גרם,false,,9.30,0.0809,true,1,1592130
25675121034,false,חמצוצים תות רחב 115,פאסין,NL,חמצוצים רחב תות 115 גר',גרמים,115.00,100 גרם,false,,9.30,0.0809,true,1,1592131
25675121058,false,חמצוצים תפוח רחב 115,פאסין,NL,"חמצוצים רחב תפו""ע 115 גר'",גרמים,115.00,100 גרם,false,,9.30,0.0809,true,1,1592133
25675301108,false,פשקז חמצוצים תות 50,פאסין,NL,מקלות חמוצים תות 50 גר',גרמים,50.00,100 גרם,false,,4.20,0.0840,true,1,1566882
25675502079,false,דקיקי שוקולד במילוי,,,דקיקי שוקולד במילוי,גרמים,200.00,100 גרם,false,,13.50,0.0675,true,1,5326841
25675502086,false,דקיקי שוקולד במילוי,,,דקיקי שוקולד במילוי,גרמים,200.00,100 גרם,false,,13.50,0.0675,true,1,5416275
25700005650,false,זיפלוק שקיות הקפאה ג,,,זיפלוק שקיות הקפאה ג,יח',1.00,יח',false,,11.00,11.0000,true,1,5276668
25700005674,false,זיפלוק שקיות אחסון ס,,,זיפלוק שקיות אחסון ס,יח',1.00,יח',false,,13.50,13.5000,true,1,5276669
33617322616,false,קרקר שיפון ואזה 270,ואזה,,קרקר שיפון ואזה 270,גרמים,270.00,100 גרם,false,,11.00,0.0407,true,1,1571140
33617340610,false,פת פריכה קמח שיפון 2,ואזה,,פת פריכה קמח שיפון 2,גרמים,275.00,100 גרם,false,,11.00,0.0400,true,1,1571141
34000196173,false,הרשיז קוקיס אנד קרים,הרשי,US,הרשיז קוקיס אנד קרים,גרמים,113.00,100 גרם,false,,6.40,0.0566,true,1,1584565
34000312177,false,הרשי סירופ שוקולד 68,ליימן-שליסל,,הרשי סירופ שוקולד 68,מיליליטרים,680.00,"100 מ""ל",false,,15.30,0.0225,true,1,1584567
34000442652,false,הרשיז ריזס אקסטרא לא,הרשי,US,הרשיז ריזס אקסטרא לא,גרמים,120.00,100 גרם,false,,6.40,0.0533,true,1,1584568
34000470563,false,ריסז מיניס פאוץ 215,,,ריסז מיניס פאוץ 215,100 קרטון,215.00,100 קרטון,false,,16.20,0.0753,true,1,4700187
34000544028,false,טוויזלרס ממתק תות 19,ליקורי'ץ,,טוויזלרס ממתק תות 19,גרמים,198.00,100 גרם,false,,5.80,0.0293,true,1,1584570
34000996643,false,הרשי דרופס,,,הרשי דרופס,100 קרטון,215.00,100 קרטון,false,,16.20,0.0753,true,1,4700188
35000458476,false,קולגייט מברשת ילדים,,,קולגייט מברשת ילדים,יח',1.00,יח',false,,15.30,15.3000,true,1,4814613
36000183399,false,בגד ים חד פעמי S האג,האגיס,,בגד ים חד פעמי S האג,יח',12.00,יח',false,,25.60,2.1333,true,1,1585342
37600207188,false,חמאת בוטנים סקיפי קל,הורמל,US,חמאת בוטנים סקיפי קלאסי 4,גרמים,462.00,100 גרם,false,,15.30,0.0331,true,1,1584058
37600207256,false,חמאת בוטנים סקיפי עם,הורמל,US,חמאת בוטנים סקיפי עם שברי,גרמים,462.00,100 גרם,false,,15.30,0.0331,true,1,1566698
38000138638,false,חטיף צ'יפס פרינגלס פ,,,חטיף צ'יפס פרינגלס פ,גרמים,158.00,100 גרם,false,,7.60,0.0481,true,1,2190317
38000138720,false,חטיף צ'יפס פרינגלס ר,,,חטיף צ'יפס פרינגלס ר,גרמים,158.00,100 גרם,false,,7.60,0.0481,true,1,4025345
38000183928,false,פרינגלס חרדל ודבש 15,,,פרינגלס חרדל ודבש 15,גרמים,158.00,100 גרם,false,,7.60,0.0481,true,1,5275251
38000197840,false,פרינגלס ברביקיו 137,,,פרינגלס ברביקיו 137,גרמים,137.00,100 גרם,false,,6.80,0.0496,true,1,5275252
38000202278,false,פרינגלס אורגינל 137,,,פרינגלס אורגינל 137,גרמים,137.00,100 גרם,false,,6.80,0.0496,true,1,5275253
38000232152,false,פרינגלס ביג ברביקיו,,,פרינגלס ביג ברביקיו,גרמים,158.00,100 גרם,false,,6.80,0.0430,true,1,5231757
38000232176,false,פרינגלס ביג שמנת בצל,,,פרינגלס ביג שמנת בצל,גרמים,158.00,100 גרם,false,,7.60,0.0481,true,1,5231759
38000232183,false,פרינגלס ביג אורגינל,,,פרינגלס ביג אורגינל,גרמים,149.00,100 גרם,false,,6.80,0.0456,true,1,5231760
38527591060,false,דגני בוקר מרובעים קו,קוואקר,,דגני בוקר מרובעים קו,גרמים,411.00,100 גרם,false,,16.20,0.0394,true,1,1582862
40000512943,false,אם אנד אם שוקולד 303,,,אם אנד אם שוקולד 303,גרמים,303.00,100 גרם,false,,17.00,0.0561,true,1,3828658
40000513568,false,אם אנד אם שוקולד 156,,,אם אנד אם שוקולד 156,גרמים,155.00,100 גרם,false,,8.50,0.0548,true,1,2708274
40000513629,false,אם אנד אם חמאת בוטני,,,אם אנד אם חמאת בוטני,גרמים,142.00,100 גרם,false,,8.50,0.0599,true,1,2708276
40000514480,false,אם אנד אם שוקו 48 גר,אם אנד אם,,אם אנד אם שוקו 48 גר,גרמים,48.00,100 גרם,false,,4.00,0.0833,true,1,1846292
40000514510,false,אמ אנד אם חטיף בוטני,אם אנד אם,,אמ אנד אם חטיף בוטני,גרמים,49.00,100 גרם,false,,4.00,0.0816,true,1,1671840
41143028681,false,צימוקים בקופסא 400 ג,,,צימוקים בקופסא 400 ג,גרמים,400.00,100 גרם,false,,17.90,0.0447,true,1,5273058
41390001079,false,רוטב סויה קיקומן מופ,קיקומן פודז אינק,US,רוטב סויה קיקומן מופ,מיליליטרים,444.00,"100 מ""ל",false,,16.90,0.0381,true,1,1584075
41500000299,false,פרנצ'ס חרדל דיזיון ל,,,פרנצ'ס חרדל דיזיון ל,גרמים,340.00,100 גרם,false,,15.30,0.0450,true,1,5382194
41500007007,false,חרדל פרנצס קלאסי לחי,,,חרדל פרנצס קלאסי לחי,גרמים,226.00,100 גרם,false,,10.20,0.0451,true,1,5382196
42400108153,false,דגנים ממותקים טעם פי,,,דגנים ממותקים טעם פי,גרמים,350.00,100 גרם,false,,17.00,0.0486,true,1,5286622
44600300580,false,כלורוקס קלין אפ מרסס,,,כלורוקס קלין אפ מרסס,מיליליטרים,946.00,"100 מ""ל",false,,17.00,0.0180,true,1,5278420
46214372250,false,עוגיות שטרודל תפוח ע,מרבה,,עוגיות שטרודל תפוח ע,גרמים,200.00,100 גרם,false,,8.40,0.0420,true,1,1574462
46214382259,false,עוגיות בראוניס מרבה,מרבה,,עוגיות בראוניס מרבה,גרמים,200.00,100 גרם,false,,8.40,0.0420,true,1,1574463
46214731552,false,עוגיות שוקולד צ'יפס,מרבה,,עוגיות שוקולד צ'יפס,גרמים,225.00,100 גרם,false,,8.40,0.0373,true,1,1574464
50000015474,false,"פריסקיז דגים 1.42 ק""",פריסקיז,,"פריסקיז דגים 1.42 ק""",קילוגרמים,1.40,"ק""ג",false,,29.80,21.2857,true,1,1576660
50000100347,false,פריסקיז מעדני החתול,פריסקיז,,פריסקיז מעדני החתול,קילוגרמים,1.40,"ק""ג",false,,29.80,21.2857,true,1,1576666
50000168583,false,פריסקיז אקסטרא קראנץ,,,פריסקיז אקסטרא קראנץ,קילוגרמים,1.40,"ק""ג",false,,29.80,21.2857,true,1,5308328
50000445691,false,פריסקיז חתולים נתחי,פריסקיז,,פריסקיז חתולים נתחי,גרמים,156.00,100 גרם,false,,5.50,0.0353,true,1,1576683
50000574438,false,פריסקיז פארטי מיקס מ,,,פריסקיז פארטי מיקס מ,יחידה,0.00,יחידה,false,,12.70,0.0000,true,1,5384378
51500000793,false,קונפיטורת אוכמניות 3,,,קונפיטורת אוכמניות 3,גרמים,340.00,100 גרם,false,,12.70,0.0374,true,1,5321066
51500000953,false,קונפיטורת תות 340 גר,,,קונפיטורת תות 340 גר,גרמים,340.00,100 גרם,false,,12.70,0.0374,true,1,5321068
51500017005,false,סמארקס חמאת בוטנים 4,,,סמארקס חמאת בוטנים 4,גרמים,454.00,100 גרם,false,,15.30,0.0337,true,1,5379492
51500255162,false,גיפ חמאת בוטנים חלקה,,,גיפ חמאת בוטנים חלקה,גרמים,454.00,100 גרם,false,,15.30,0.0337,true,1,3135114
51500255377,false,חמאת בוטנים ושברי בו,,,חמאת בוטנים ושברי בו,גרמים,454.00,100 גרם,false,,15.30,0.0337,true,1,3135115
52100070643,false,תמצית טעם שקדים,,,תמצית טעם שקדים,יח',1.00,יח',false,,8.50,8.5000,true,1,4834100
52100070827,false,תמצית רום מקורמיק 29,סידס,,תמצית רום מקורמיק 29,מטרים,29.00,100 מ'ל,false,,8.50,0.2931,true,1,1580611
55369902557,false,מחית תפוחי עץ אפלסנא,אפלסנקס,,מחית תפוחי עץ אפלסנא,גרמים,452.00,100 גרם,false,,11.40,0.0252,true,1,1582449
55369902564,false,מחית תפוחי עץ ללא תו,אפלסנקס,,מחית תפוחי עץ ללא תו,גרמים,452.00,100 גרם,false,,11.40,0.0252,true,1,1582450
55500012046,false,כלורוקס קלין אפ מרסס,קלין אפ,US,"קלין אפ מרסס 946 מ""ל",מיליליטרים,946.00,"100 מ""ל",false,,17.00,0.0180,true,1,1571155
56594009998,false,ניוואה סבון מוצק מטפ,,,ניוואה סבון מוצק מטפ,גרמים,400.00,100 גרם,false,,12.70,0.0317,true,1,5378213
62558202381,false,סירופ מייפל אורגני 2,,,סירופ מייפל אורגני 2,גרמים,236.00,100 גרם,false,,23.00,0.0975,true,1,4198153
64144090013,false,תרסיס שמן קנולה בטעם,פאם,,תרסיס שמן קנולה בטעם,מיליליטרים,148.00,"100 מ""ל",false,,14.40,0.0973,true,1,1584573
64144090020,false,תרסיס שמן זית פאם 14,פאם,,תרסיס שמן זית פאם 14,מיליליטרים,141.00,"100 מ""ל",false,,14.40,0.1021,true,1,1584574
64144090051,false,תרסיס שמן פאם קנולה,ליימן-שליסל,,תרסיס שמן פאם קנולה,מיליליטרים,148.00,"100 מ""ל",false,,14.40,0.0973,true,1,1584575
70450020873,false,שזיפים מגולענים סנסו,,,שזיפים מגולענים סנסו,גרמים,500.00,100 גרם,false,,21.10,0.0422,true,1,1582458
73490130410,false,מיץ ענבים קונקורד לי,,,מיץ ענבים קונקורד לי,יח',1.00,יח',false,,23.90,23.9000,true,1,5087351
73490151934,false,מיץ ענבים גאולה 650,Kedem,US,מיץ ענבים גאולה 650,מיליליטרים,650.00,"100 מ""ל",false,,11.10,0.0171,true,1,1605620
73490153419,false,מיץ ענבים גאולה 1.89,Kedem,US,מיץ ענבים גאולה 1.89,ליטרים,1.89,ליטר,false,,23.00,12.1693,true,1,1605623
76840001774,false,בן ג'ריס בצק עוגיות,,,בן ג'ריס בצק עוגיות,מיליליטרים,500.00,"100 מ""ל",false,,16.20,0.0324,true,1,5239128
76840100156,false,בן גריס צ'רי גרסיה 4,,,בן גריס צ'רי גרסיה 4,מיליליטרים,473.00,"100 מ""ל",false,,16.20,0.0342,true,1,1584015
76840100583,false,גלידה וניל +בצק עוגי,,,גלידה וניל +בצק עוגי,מיליליטרים,473.00,"100 מ""ל",false,,16.20,0.0342,true,1,1584016
76840400218,false,עוגת גבינה עם תות שד,,,עוגת גבינה עם תות שד,יח',1.00,יח',false,,16.20,16.2000,true,1,1584028
76840620029,false,"גלידה בן גירס 500 מ""",,,"גלידה בן גירס 500 מ""",מיליליטרים,500.00,"100 מ""ל",false,,16.20,0.0324,true,1,1584029
77245110610,false,סוכריות מנטה ללא תוס,עלית,,סוכריות מנטה ללא תוס,גרמים,80.00,100 גרם,false,,5.90,0.0738,true,1,1575257
77975010167,false,מקלוני חיטה סניידרס,,,מקלוני חיטה סניידרס,גרמים,340.00,100 גרם,false,,12.70,0.0374,true,1,3024092
77975022757,false,בייגל אמריקאי 382 גר,ליימן שלייסל,,בייגל אמריקאי 382 גר,גרמים,382.00,100 גרם,false,,12.70,0.0332,true,1,1584577
77975034071,false,חטיף בייגלה ניברלס,,,חטיף בייגלה ניברלס,גרמים,255.00,100 גרם,false,,11.90,0.0467,true,1,1584580
77975036976,false,מטבל עגבניות בחריפות,,,מטבל עגבניות בחריפות,גרמים,439.00,100 גרם,false,,14.40,0.0328,true,1,1584581
77975091975,false,סנדויץ בייגלה במילוי,,,סנדויץ בייגלה במילוי,גרמים,226.80,100 גרם,false,,12.70,0.0560,true,1,5039385
77975093085,false,חטיף בייגלה סניידרס,,,חטיף בייגלה סניידרס,גרמים,150.00,100 גרם,false,,14.30,0.0953,true,1,5386530
77975093108,false,חטיף בייגלה סניידרס,,,חטיף בייגלה סניידרס,גרמים,150.00,100 גרם,false,,14.30,0.0953,true,1,5386531
77975094624,false,סניידרס שברי בייגלה,,,סניידרס שברי בייגלה,יח',1.00,יח',false,,12.70,12.7000,true,1,5266360
77975094631,false,בייגלה סנדוויץ גבינה,,,בייגלה סנדוויץ גבינה,גרמים,266.00,100 גרם,false,,12.70,0.0477,true,1,5266361
77975094761,false,שברי בייגל בטעם גבינ,,,שברי בייגל בטעם גבינ,גרמים,340.00,100 גרם,false,,12.70,0.0374,true,1,5301230
77975094778,false,שברי בייגל חרדל ודבש,,,שברי בייגל חרדל ודבש,גרמים,340.00,100 גרם,false,,12.70,0.0374,true,1,5307799
77975095133,false,סניידרס שברי בייגלה,,,סניידרס שברי בייגלה,גרמים,319.00,100 גרם,false,,12.70,0.0398,true,1,5419055
77975095157,false,סניידרס שברי בייגלה,,,סניידרס שברי בייגלה,גרמים,318.00,100 גרם,false,,12.70,0.0399,true,1,5366089
77975095164,false,שברי בייגלה טעם פרמז,,,שברי בייגלה טעם פרמז,גרמים,285.00,100 גרם,false,,12.70,0.0446,true,1,5419056
78652673064,false,סט 3 קופסאות ריבועיו,,,סט 3 קופסאות ריבועיו,יח',1.00,יח',false,,7.60,7.6000,true,1,5380017
78652683063,false,סט 3 קופסאות מלבניות,,,סט 3 קופסאות מלבניות,יח',1.00,יח',false,,7.60,7.6000,true,1,5387537
80432402931,false,וויסקי שיבאס רגאל 12,,,וויסקי שיבאס רגאל 12,מטרים,700.00,100 מ'ל,false,,98.90,0.1413,true,1,5320822
84380987649,false,פרבדה 700 מל,,,פרבדה 700 מל,יח',1.00,יח',false,,81.20,81.2000,true,1,5234349
85696607207,false,טופו לייט מוצק מורינ,,,טופו לייט מוצק מורינ,גרמים,349.00,100 גרם,false,,9.30,0.0266,true,1,5329393
85696608037,false,טופו רך ללא גלוטן 34,מזרח ומערב,,טופו רך ללא גלוטן 34,גרמים,349.00,100 גרם,false,,10.90,0.0312,true,1,1589312
89041081056,false,שמן צ'ילי 185 מ'ל (כ,מזרח ומערב,,שמן צ'ילי 185 מ'ל (כ,מיליליטרים,185.00,"100 מ""ל",false,,9.30,0.0503,true,1,1589314
89397344300,false,דניקולה רוטב בזיליקו,צ'ציק,,דניקולה רוטב בזיליקו,גרמים,737.00,100 גרם,false,,14.40,0.0195,true,1,1582467
89397344348,false,דניקולה רוטב פסטה שו,צ'ציק,,דניקולה רוטב פסטה שו,גרמים,737.00,100 גרם,false,,14.20,0.0193,true,1,1582469
89397344362,false,דניקולה רוטב לפסטה מ,ר. צ'צ'יק,,דניקולה רוטב לפסטה מ,גרמים,737.00,100 גרם,false,,14.20,0.0193,true,1,1582470
195480030088,false,צמקאו חום 300 גר,,,צמקאו חום 300 גר,גרמים,300.00,100 גרם,false,,7.60,0.0253,true,1,4609455
305213079004,false,וזלין תחליב גוף להזנ,,,וזלין תחליב גוף להזנ,מיליליטרים,618.00,"100 מ""ל",false,,17.00,0.0275,true,1,3249567
350007641028,false,משחת שיניים קולגייט,,,משחת שיניים קולגייט,יח',1.00,יח',false,,16.20,16.2000,true,1,5292705
350007641646,false,משחת שיניים קולגייט,,,משחת שיניים קולגייט,יח',1.00,יח',false,,16.20,16.2000,true,1,5292706
446000088998,false,ספריי לניקוי חלונות,,,ספריי לניקוי חלונות,100 מל,946.00,100 מל,false,,16.60,0.0175,true,1,5413826
608614331475,false,כרובית ארוזה,,,כרובית ארוזה,יח',1.00,יח',false,,8.90,8.9000,true,1,4534152
613008742348,false,אריזונה ג'ינסנג ודבש,,,אריזונה ג'ינסנג ודבש,יח',1.00,יח',false,,9.00,9.0000,true,1,5260073
613008755461,false,אריזונה אוכמניות בק',,,אריזונה אוכמניות בק',יח',1.00,יח',false,,9.00,9.0000,true,1,5260075
628154383659,false,סדרת ילדים פרוטי פבל,,,סדרת ילדים פרוטי פבל,גרמים,411.00,100 גרם,false,,17.00,0.0414,true,1,5364760
639138513238,false,פילה הרינג מעושן צ'צ,צ'ציק,,פילה הרינג מעושן צ'צ,גרמים,190.00,100 גרם,false,,10.50,0.0553,true,1,1582476
649870165695,false,חטיף נייטיב לכלב,,,חטיף נייטיב לכלב,יח',1.00,יח',false,,12.70,12.7000,true,1,5305731
649870165701,false,חטיף נייטיב לכלב,,,חטיף נייטיב לכלב,יח',1.00,יח',false,,12.70,12.7000,true,1,5305732
649870165718,false,חטיף נייטיב לכלב,,,חטיף נייטיב לכלב,יח',1.00,יח',false,,12.70,12.7000,true,1,5305733
649870166081,false,נייטיב בקר ברוטבלחתו,,,נייטיב בקר ברוטבלחתו,גרמים,85.00,100 גרם,false,,4.20,0.0494,true,1,5317622
649870166104,false,נייטיב דגים ברוטבלחת,,,נייטיב דגים ברוטבלחת,גרמים,85.00,100 גרם,false,,4.20,0.0494,true,1,5317624
649870166166,false,נייטיב פטה עוף לחתול,,,נייטיב פטה עוף לחתול,גרמים,85.00,100 גרם,false,,4.20,0.0494,true,1,5317630
651080161510,false,"פלאקרס ""פלוסר ""חוט ד",,,"פלאקרס ""פלוסר ""חוט ד",35 יח',1.00,35 יח',false,,8.50,8.5000,true,1,2977412
651080647519,false,"פלאקרס ""פלוסר ""חוט ד",,,"פלאקרס ""פלוסר ""חוט ד",36 יח',1.00,36 יח',false,,8.50,8.5000,true,1,2835636
693493136358,false,בטטה למיקרו,,,בטטה למיקרו,יח',1.00,יח',false,,6.80,6.8000,true,1,5292331
693493140461,false,קפה טורקי טחון וואקו,,,קפה טורקי טחון וואקו,יח',1.00,יח',false,,34.10,34.1000,true,1,5302295
693493182607,false,קפסולות קולומביה פרמ,,,קפסולות קולומביה פרמ,יח',1.00,יח',false,,6.70,6.7000,true,1,5370222
693493182621,false,קפסולות אורו פרמיום,,,קפסולות אורו פרמיום,יח',1.00,יח',false,,6.70,6.7000,true,1,5370224
693493182638,false,קפסולות ויוצ'ה פרמיו,,,קפסולות ויוצ'ה פרמיו,יח',1.00,יח',false,,6.70,6.7000,true,1,5370225
728229123590,false,טרה ירקות שורש בטעם,טארה,IL,טרה מירקות אקזוטיים 110ג[,גרמים,110.00,100 גרם,false,,12.60,0.1145,true,1,1600235
728229123613,false,טרה תפוח אדמה כחול ב,טארה,IL,טרה מתפוח אדמה כחול 110ג',גרמים,110.00,100 גרם,false,,12.60,0.1145,true,1,1600236
728229123811,false,טרה ירקות שורש בתיבו,טארה,IL,טרה מירקות אקזוטיים בנוסח,גרמים,110.00,100 גרם,false,,12.70,0.1155,true,1,1600237
728229124764,false,טרה בטטה עם מלח ים 1,,,טרה בטטה עם מלח ים 1,גרמים,110.00,100 גרם,false,,12.60,0.1145,true,1,4330056
728229124771,false,טרה בטטה בטעם ברביקי,טארה,IL,טרה מבטטה וסלק - 110ג'[3],גרמים,110.00,100 גרם,false,,12.60,0.1145,true,1,1600238
728229130154,false,טרה תפוח אדמה מתוק ו,טארה,IL,טרה מבטטה וסלק - 110ג'[3],גרמים,110.00,100 גרם,false,,12.60,0.1145,true,1,1600239
728229130444,false,טרה ירקות שורש עם תפ,טארה,IL,טרה מירקות אקזוטיים כחולי,גרמים,110.00,100 גרם,false,,12.70,0.1155,true,1,1600240
753182231761,false,בלו סיקס ללא סוכר 25,בלו,,בלו סיקס ללא סוכר 25,מיליליטרים,250.00,"100 מ""ל",false,,3.60,0.0144,true,1,1593351
753182340302,false,אבקת וואסבי 35 גרם (,מזרח ומערב,,אבקת וואסבי 35 גרם (,גרמים,35.00,100 גרם,false,,9.80,0.2800,true,1,1589321
768404001640,false,גלידה קפה בן אנד ג'ר,בן אנד ג'ריס,,גלידה קפה בן אנד ג'ר,מיליליטרים,473.00,"100 מ""ל",false,,16.20,0.0342,true,1,1584030
769904000997,false,שקדי מרק 200 גרם דגש,דגש,,שקדי מרק 200 גרם דגש,גרמים,200.00,100 גרם,false,,11.70,0.0585,true,1,1606966
812130020557,false,ממתיק 240 שק,,,ממתיק 240 שק,יחידה,0.00,יחידה,false,,42.60,0.0000,true,1,5393711
833949000264,false,סירופ מייפל אמיתי 25,,,סירופ מייפל אמיתי 25,מיליליטרים,250.00,"100 מ""ל",false,,21.30,0.0852,true,1,5076696
835811002277,false,שיפודים עבים 35סמ 50,,,שיפודים עבים 35סמ 50,יח',1.00,יח',false,,5.00,5.0000,true,1,5310666
835811004677,false,עטרות אלו' לאפיה 100,הנמל,,עטרות אלו' לאפיה 100,יח',1.00,יח',false,,7.60,7.6000,true,1,1583086
835811004684,false,עטרות אלו' לאפיה 100,הנמל,,עטרות אלו' לאפיה 100,יח',1.00,יח',false,,6.80,6.8000,true,1,1583087
835811005025,false,סיר אלומיניום בינוני,הנמל,,סיר אלומיניום בינוני,יח',1.00,יח',false,,12.00,12.0000,true,1,1583092
835811005704,false,נייר עטיפה לכריכים,הנמל,,נייר עטיפה לכריכים,יח',1.00,יח',false,,8.50,8.5000,true,1,1583095
839762000641,false,נקטר מנגו איילנד 1 ל,טמפו,,נקטר מנגו איילנד 1 ל,ליטרים,1.00,ליטר,false,,10.10,10.1000,true,1,1574049
839762000658,false,נקטר גויאבה איילנד 1,,MX,נקטר גויאבה איילנד 1,מטרים,1.00,100 מ'ל,false,,10.10,10.1000,true,1,1574050
841058006633,false,אדג' ג'ל גילוח מועשר,,,אדג' ג'ל גילוח מועשר,גרמים,198.00,100 גרם,false,,12.70,0.0641,true,1,5270567
850002039009,false,עלי סיגר מרוקאים 170,,,עלי סיגר מרוקאים 170,גרמים,170.00,100 גרם,false,,9.30,0.0547,true,1,4485230
850006036028,false,מאפה חיטה מקלונים טע,,,מאפה חיטה מקלונים טע,גרמים,400.00,100 גרם,false,,14.40,0.0360,true,1,5361604
850014985127,false,חטיף ג'ק סנסיטיב 154,,,חטיף ג'ק סנסיטיב 154,גרמים,154.00,100 גרם,false,,12.70,0.0825,true,1,5389813
851621000050,false,שישיית 1664 בלאנק בק,,,שישיית 1664 בלאנק בק,יח',1.00,יח',false,,34.40,34.4000,true,1,5246813
852629004774,false,נקניקיות ביונד מיט 4,,,נקניקיות ביונד מיט 4,גרמים,400.00,100 גרם,false,,28.00,0.0700,true,1,5337621
855958006570,false,צורו עוף 56 גרם,,,צורו עוף 56 גרם,יחידה,0.00,יחידה,false,,13.60,0.0000,true,1,5411899
855958006662,false,צורו סלמון 56 גרם,,,צורו סלמון 56 גרם,יחידה,0.00,יחידה,false,,13.60,0.0000,true,1,5411900
856591000055,false,עוגיות מזרחיות עבאדי,עבאדי,,עוגיות מזרחיות עבאדי,גרמים,400.00,100 גרם,false,,14.40,0.0360,true,1,1583755
856591000062,false,עוגיות מזרחיות עם מל,עבאדי,,עוגיות מזרחיות עם מל,גרמים,400.00,100 גרם,false,,14.40,0.0360,true,1,1583756
856591000109,false,עוגיות מזרחיות פריך,עבאדי,,עוגיות מזרחיות פריך,גרמים,400.00,100 גרם,false,,14.40,0.0360,true,1,1583757
856591000512,false,עוגיות מזרחיות מקלונ,עבאדי,,עוגיות מזרחיות מקלונ,גרמים,400.00,100 גרם,false,,14.40,0.0360,true,1,1583764
856591000918,false,מארז חטיף טבעי 8*40ג,,,מארז חטיף טבעי 8*40ג,יח',1.00,יח',false,,14.40,14.4000,true,1,5295862
856591000949,false,עוגיות קטנטנים של עב,,,עוגיות קטנטנים של עב,גרמים,350.00,100 גרם,false,,14.40,0.0411,true,1,5317878
856591000970,false,מאפה חיטה מקלונים טע,,,מאפה חיטה מקלונים טע,גרמים,400.00,100 גרם,false,,14.40,0.0360,true,1,5361607
884912129512,false,קוקו פלינסטונס טעם ק,,,קוקו פלינסטונס טעם ק,גרמים,311.00,100 גרם,false,,17.00,0.0547,true,1,1594363
884912342737,false,וואפל קריספ,,,וואפל קריספ,גרמים,326.00,100 גרם,false,,17.00,0.0521,true,1,5227510
884912359155,false,האני באנצ' דגני בוקר,,,האני באנצ' דגני בוקר,גרמים,411.00,100 גרם,false,,18.60,0.0453,true,1,5364738
884912359162,false,האני באנצ' דגני בוקר,,,האני באנצ' דגני בוקר,גרמים,411.00,100 גרם,false,,18.60,0.0453,true,1,5364739
884912359414,false,האני באנצס קינמון 41,פוסט,,האני באנצס קינמון 41,גרמים,411.00,100 גרם,false,,18.60,0.0453,true,1,5364761
884912359421,false,האני באנצס פקאן מייפ,,,האני באנצס פקאן מייפ,גרמים,411.00,100 גרם,false,,18.60,0.0453,true,1,5364740
884912359483,false,פוסט האני באנצס תות,,,פוסט האני באנצס תות,גרמים,368.00,100 גרם,false,,18.60,0.0505,true,1,5364741
884912365200,false,דגני בוקר אוראו 311,,,דגני בוקר אוראו 311,גרמים,311.00,100 גרם,false,,17.00,0.0547,true,1,5406778
884912365217,false,דגני בוקר אוראוס 311,,,דגני בוקר אוראוס 311,גרמים,311.00,100 גרם,false,,17.00,0.0547,true,1,5301095
884912377142,false,האני באנצס וניל 411,,,האני באנצס וניל 411,גרמים,411.00,100 גרם,false,,18.60,0.0453,true,1,5364762
893594002051,false,פופקורנס גבינת צ'דר,אקספופל,,פופקורנס גבינת צ'דר,יחידה,0.00,יחידה,false,,5.90,0.0000,true,1,5410492
893594002068,false,פופקורנס מלח ים 28 י,,,פופקורנס מלח ים 28 י,יחידה,0.00,יחידה,false,,5.90,0.0000,true,1,5410493
3045206312257,false,דזיטול מגבונים לכל מ,יעקבי,,דזיטול מגבונים לכל מ,100 יח',1.00,100 יח',false,,8.50,8.5000,true,1,1582589
3046920016377,false,לינדט אקסלנס 100% 50,,,לינדט אקסלנס 100% 50,יח',1.00,יח',false,,12.70,12.7000,true,1,5260040
3046920027281,false,לינדט אקסלנס קרמל מל,לינדט,,לינדט אקסלנס קרמל מל,גרמים,100.00,100 גרם,false,,12.70,0.1270,true,1,1580618
3046920028004,false,לינדט אקסלנס 70% מוצ,לינדט,,לינדט אקסלנס 70% מוצ,גרמים,100.00,100 גרם,false,,12.70,0.1270,true,1,1580620
3046920028363,false,לינדט אקסלנס 85% מוצ,לינדט,,לינדט אקסלנס 85% מוצ,גרמים,100.00,100 גרם,false,,12.70,0.1270,true,1,1580621
3046920028721,false,לינדט אקסלנס 99% 50,לינדט,,לינדט אקסלנס 99% 50,גרמים,50.00,100 גרם,false,,12.70,0.2540,true,1,2077319
3046920028752,false,לינדט אקסלנס מנטה 10,לינדט,,לינדט אקסלנס מנטה 10,גרמים,100.00,100 גרם,false,,12.70,0.1270,true,1,1580623
3046920029674,false,לינדט אקסלנס שבבי מל,לינדט,,לינדט אקסלנס שבבי מל,גרמים,100.00,100 גרם,false,,12.70,0.1270,true,1,1580624
3046920029681,false,לינדט מריר85% 100ג,,,לינדט מריר85% 100ג,גרמים,100.00,100 גרם,false,,12.70,0.1270,true,1,5260041
3046920029759,false,לינדט אקסלנס 90% מוצ,לינדט,,לינדט אקסלנס 90% מוצ,גרמים,100.00,100 גרם,false,,12.70,0.1270,true,1,1580625
3059943015104,false,אירוויק מבשם אויר נט,איירוויק,PL,AIRWICK F&JASMINE 12X345M,מיליליטרים,345.00,"100 מ""ל",false,,11.00,0.0319,true,1,1593009
3059943015128,false,אירוויק מבשם אויר נט,איירוויק,PL,AIRWICK W.LAVENDER 12X345,מיליליטרים,345.00,"100 מ""ל",false,,11.00,0.0319,true,1,1593010
3059943016507,false,אירוויק ספריי בניחוח,איירוויק,GB,ARW Aerosol Lav&Cam 12x24,מיליליטרים,240.00,"100 מ""ל",false,,8.50,0.0354,true,1,1593011
3059943016569,false,אירוייק ספריי בניחוח,איירוויק,GB,ARW Aerosol Fres&Jasm 12x,מיליליטרים,240.00,"100 מ""ל",false,,8.50,0.0354,true,1,1593014
3059944022415,false,ויט רצועות שעווה מוכ,ויט,FR,Veet CWS blossom missoni,יח',10.00,יח',false,,17.00,1.7000,true,1,1593023
3059944025003,false,ויט רצועות שעווה מוכ,ויט,FR,Veet CWS Dry Skin Missoni,יח',20.00,יח',false,,29.80,1.4900,true,1,1593024
3073781161663,false,גבינה לואשקירי 128 ג,,,גבינה לואשקירי 128 ג,גרמים,128.00,100 גרם,false,,10.20,0.0797,true,1,5310685
3073781161687,false,גבינה לואשקירי 256 ג,,,גבינה לואשקירי 256 ג,גרמים,256.00,100 גרם,false,,19.40,0.0758,true,1,5310686
3073781162790,false,גבינה מותכת בייבי בל,,,גבינה מותכת בייבי בל,גרמים,120.00,100 גרם,false,,17.70,0.1475,true,1,5370695
3161911229199,false,חמאה צרפתית רכה למרי,נטו,,חמאה צרפתית רכה למרי,גרמים,250.00,100 גרם,false,,18.70,0.0748,true,1,1581189
3161911366429,false,חמאה צרפתית מלוחה רכ,נטו,,חמאה צרפתית מלוחה רכ,גרמים,250.00,100 גרם,false,,18.70,0.0748,true,1,1581191
3161911393210,false,אלוויר חמאת נורמנדי,,,אלוויר חמאת נורמנדי,גרמים,200.00,100 גרם,false,,16.00,0.0800,true,1,5375443
3178530402353,false,עוגות מדליין 175 גרם,,,עוגות מדליין 175 גרם,גרמים,175.00,100 גרם,false,,9.10,0.0520,true,1,3694362
3178530407938,false,מיני עוגיות מדליין 1,,,מיני עוגיות מדליין 1,גרמים,175.00,100 גרם,false,,9.80,0.0560,true,1,3694364
3178530412703,false,דונאט שיש,,,דונאט שיש,גרמים,180.00,100 גרם,false,,12.60,0.0700,true,1,5270926
3178530417340,false,בראוניז שוקולד,,,בראוניז שוקולד,יח',1.00,יח',false,,14.00,14.0000,true,1,5293611
3178530417357,false,בראוניז שוקולד לבן,,,בראוניז שוקולד לבן,יח',1.00,יח',false,,14.00,14.0000,true,1,5293612
3178530417418,false,דונאט שוקולד ציפס,,,דונאט שוקולד ציפס,גרמים,180.00,100 גרם,false,,12.60,0.0700,true,1,5270927
3179732348913,false,פרייה מים מינרלים פל,פרייה,FR,פרייה מים מינרלים פל,ליטרים,1.00,ליטר,false,,7.70,7.7000,true,1,1574052
3228022910023,false,חמאה פרזידנט 200 גר',פרזידנט,,חמאה פרזידנט 200 גר',גרמים,200.00,100 גרם,false,,12.70,0.0635,true,1,2536392
3254550033279,false,גבינת קממבר 250 גרם,,,גבינת קממבר 250 גרם,גרמים,250.00,100 גרם,false,,24.70,0.0988,true,1,3692217
3267031070663,false,גבינת קממבר גרנד תרו,לסקור,,גבינת קממבר גרנד תרו,גרמים,250.00,100 גרם,false,,29.80,0.1192,true,1,1594252
3267031330514,false,גבינה בשלה עם עובש ל,,,גבינה בשלה עם עובש ל,גרמים,150.00,100 גרם,false,,19.60,0.1307,true,1,3215694
3387390320244,false,פיטנס דגני בוקר מחיט,פיטנס,,פיטנס דגני בוקר מחיט,גרמים,375.00,100 גרם,false,,17.00,0.0453,true,1,1576694
3387390525960,false,קראנץ' דגני בוקר עם,נסטלה,,קראנץ' דגני בוקר עם,גרמים,500.00,100 גרם,false,,17.00,0.0340,true,1,1576695
3387390730852,false,פיטנס דגנים מחיטה מל,פיטנס,,פיטנס דגנים מחיטה מל,גרמים,375.00,100 גרם,false,,17.00,0.0453,true,1,1576696
3523230025638,false,גבינת עיזים בושה טבע,,,גבינת עיזים בושה טבע,גרמים,125.00,100 גרם,false,,21.30,0.1704,true,1,3692199
3523230025652,false,גבינת עיזים בושה שום,,,גבינת עיזים בושה שום,גרמים,125.00,100 גרם,false,,20.40,0.1632,true,1,3692200
3523230026826,false,עיזים פירמידה 140 גר,,,עיזים פירמידה 140 גר,גרמים,140.00,100 גרם,false,,18.70,0.1336,true,1,2454250
3523230026888,false,עיזים פירמידה שום וע,,,עיזים פירמידה שום וע,גרמים,140.00,100 גרם,false,,18.70,0.1336,true,1,2454251
3523230045827,false,גבינת סנט מור 160 גר,,,גבינת סנט מור 160 גר,גרמים,160.00,100 גרם,false,,23.50,0.1469,true,1,5307784
3525490011109,false,יין לה ז'אמל רוזה 75,,,יין לה ז'אמל רוזה 75,יח',1.00,יח',false,,47.00,47.0000,true,1,5232250
3563490014898,false,חרדל ריין דיז'ון לחי,REINE DE DIJON S.A,FR,חרדל דיז'ון לחיץ 265 גר',גרמים,265.00,100 גרם,false,,8.50,0.0321,true,1,1566699
3574660026788,false,גונסונס בייבי טלק 20,,,גונסונס בייבי טלק 20,גרמים,200.00,100 גרם,false,,16.20,0.0810,true,1,4675433
3574660089547,false,טמפונים נורמל קלאסי,או בה,,טמפונים נורמל קלאסי,יח',32.00,יח',false,,17.00,0.5313,true,1,1574481
3574660115154,false,טמפונים סופר אובה 32,או בה,,טמפונים סופר אובה 32,יח',32.00,יח',false,,17.00,0.5313,true,1,1574485
3574660333466,false,טמפונים מיני פרו קומ,או בה,,טמפונים מיני פרו קומ,יח',32.00,יח',false,,21.30,0.6656,true,1,1574502
3574660389128,false,ליסטרין קולמינט 500מ,,,ליסטרין קולמינט 500מ,מיליליטרים,500.00,"100 מ""ל",false,,12.70,0.0254,true,1,5213068
3574660389142,false,ליסטרין פרש 500מל,,,ליסטרין פרש 500מל,מיליליטרים,500.00,"100 מ""ל",false,,12.70,0.0254,true,1,5213069
3574660415506,false,ליסטרין קולמינט 500מ,,,ליסטרין קולמינט 500מ,מיליליטרים,500.00,"100 מ""ל",false,,12.70,0.0254,true,1,5229568
3574660514643,false,ניוטרוג'ינה קרם לחות,ניוטרוג'ינה,,ניוטרוג'ינה קרם לחות,מיליליטרים,300.00,"100 מ""ל",false,,23.00,0.0767,true,1,1574514
3574661352275,false,ליסטרין קידס ברי 250,,,ליסטרין קידס ברי 250,מיליליטרים,250.00,"100 מ""ל",false,,11.00,0.0440,true,1,5267091
3574661392486,false,ניוטרוגינה קרם ידיים,,,ניוטרוגינה קרם ידיים,מטרים,75.00,100 מ'ל,false,,21.30,0.2840,true,1,4571666
3574661392493,false,ניוטרוגינה קרם גוף 2,,,ניוטרוגינה קרם גוף 2,מיליליטרים,200.00,"100 מ""ל",false,,21.30,0.1065,true,1,4571667
3574661487328,false,קרפרי מגן תחתון רגיל,,,קרפרי מגן תחתון רגיל,יח',56.00,יח',false,,13.60,0.2429,true,1,5087180
3574661487335,false,מגן תחתון קרפרי 40 י,,,מגן תחתון קרפרי 40 י,יח',1.00,יח',false,,13.60,13.6000,true,1,5042654
3574661487618,false,קרפרי מגן תחתון מקסי,,,קרפרי מגן תחתון מקסי,יח',1.00,יח',false,,13.60,13.6000,true,1,5155856
3574661487625,false,מגן תחתון קרפרי מקסי,,,מגן תחתון קרפרי מקסי,יח',1.00,יח',false,,13.60,13.6000,true,1,5096403
3574661500355,false,מגן תחתון קרפרי 40 י,,,מגן תחתון קרפרי 40 י,יח',1.00,יח',false,,13.60,13.6000,true,1,5042655
3574661501901,false,שטיפה אינטימית אלוור,,,שטיפה אינטימית אלוור,יח',1.00,יח',false,,14.40,14.4000,true,1,4960417
3574661552576,false,קרפרימגן תחתון טנגה,,,קרפרימגן תחתון טנגה,יח',1.00,יח',false,,13.60,13.6000,true,1,5245203
3574661552804,false,קרפרי מגן תחתון אלוו,,,קרפרי מגן תחתון אלוו,יח',1.00,יח',false,,13.60,13.6000,true,1,5245204
3574661552811,false,קרפרי כותון אוורירי,,,קרפרי כותון אוורירי,יח',1.00,יח',false,,13.60,13.6000,true,1,5245205
3574661554877,false,קרפרי כותון מבושם 56,,,קרפרי כותון מבושם 56,יח',1.00,יח',false,,13.60,13.6000,true,1,5245206
3574661554884,false,קרפרי טנגה ריחני 56,,,קרפרי טנגה ריחני 56,יח',1.00,יח',false,,13.60,13.6000,true,1,5245207
3574661610344,false,נוטרוגינה קרם לחות א,,,נוטרוגינה קרם לחות א,מיליליטרים,300.00,"100 מ""ל",false,,25.60,0.0853,true,1,5341791
3574669907729,false,גונסונס בייבי שמפו ג,,,גונסונס בייבי שמפו ג,מיליליטרים,750.00,"100 מ""ל",false,,20.40,0.0272,true,1,5375508
3574669907767,false,גונסונס בייבי שמפו ק,,,גונסונס בייבי שמפו ק,מיליליטרים,750.00,"100 מ""ל",false,,20.40,0.0272,true,1,4675467
3574669907972,false,גונסונס שמפו 750 מל,,,גונסונס שמפו 750 מל,מיליליטרים,750.00,"100 מ""ל",false,,20.40,0.0272,true,1,4675440
3574669908481,false,גונסון בייבי אלסבון,,,גונסון בייבי אלסבון,מיליליטרים,750.00,"100 מ""ל",false,,17.00,0.0227,true,1,4675443
3574669908948,false,גונסון בייבי אלסבון,,,גונסון בייבי אלסבון,מיליליטרים,750.00,"100 מ""ל",false,,17.00,0.0227,true,1,4675446
3574669909204,false,גונסון בייבי שמן 300,,,גונסון בייבי שמן 300,יח',1.00,יח',false,,17.00,17.0000,true,1,4675515
3600521094389,false,קסטינג 400 חום כהה,לוריאל,,קסטינג 400 חום כהה,מיליליטרים,400.00,"100 מ""ל",false,,29.80,0.0745,true,1,1569313
3600522150497,false,קסטינג 100 שחור עמוק,לוריאל,,קסטינג 100 שחור עמוק,יח',1.00,יח',false,,29.80,29.8000,true,1,1569414
3600522344032,false,אלביב מסכת טוטל ריפר,אלביב,,אלביב מסכת טוטל ריפר,מיליליטרים,300.00,"100 מ""ל",false,,21.20,0.0707,true,1,1569442
3600522344070,false,אלביב מסכה קולור פרו,אלביב,,אלביב מסכה קולור פרו,מיליליטרים,300.00,"100 מ""ל",false,,21.20,0.0707,true,1,1569443
3600522550129,false,לוריאל אייג' ספשיאלי,,,לוריאל אייג' ספשיאלי,מיליליטרים,50.00,"מ""ל",false,,42.60,0.8520,true,1,1724892
3600522550167,false,לוריאל אייג' ספשיאלי,,,לוריאל אייג' ספשיאלי,מיליליטרים,50.00,"100 מ""ל",false,,42.60,0.8520,true,1,1724893
3600522550204,false,לוריאל אייג' ספשיאלי,,,לוריאל אייג' ספשיאלי,מיליליטרים,50.00,"100 מ""ל",false,,42.60,0.8520,true,1,1724894
3600523193141,false,ספריי צבע לשיער מג'י,,,ספריי צבע לשיער מג'י,מיליליטרים,200.00,"מ""ל",false,,29.80,0.1490,true,1,2024608
3600523193158,false,ספריי צבע לשיער מג'י,,,ספריי צבע לשיער מג'י,מיליליטרים,200.00,"מ""ל",false,,29.80,0.1490,true,1,2024609
3600523337712,false,מג'יק ריטאצ' חום מהג,,,מג'יק ריטאצ' חום מהג,יח',1.00,יח',false,,29.80,29.8000,true,1,3828650
3600523430932,false,דרמו פיור קליי תרחיץ,,,דרמו פיור קליי תרחיץ,מיליליטרים,150.00,"100 מ""ל",false,,25.60,0.1707,true,1,3483947
3600523450435,false,גל רחצה לוריאל,,,גל רחצה לוריאל,מיליליטרים,150.00,"100 מ""ל",false,,29.80,0.1987,true,1,3409542
3600523476619,false,דרמו פרחים ג'ל ניקוי,,,דרמו פרחים ג'ל ניקוי,יח',1.00,יח',false,,29.80,29.8000,true,1,4814831
3600523642489,false,אלביב מסכת שמנים 300,,,אלביב מסכת שמנים 300,מיליליטרים,300.00,"100 מ""ל",false,,21.30,0.0710,true,1,4647730
3600523651870,false,אלביב שמפו פול רזיסט,,,אלביב שמפו פול רזיסט,מיליליטרים,550.00,"100 מ""ל",false,,12.70,0.0231,true,1,3832360
3600523651887,false,אלביב שמפו טוטאל ריפ,,,אלביב שמפו טוטאל ריפ,מיליליטרים,550.00,"100 מ""ל",false,,12.70,0.0231,true,1,3832410
3600523651900,false,אלביב מרכך פול רזיסט,,,אלביב מרכך פול רזיסט,מיליליטרים,550.00,"100 מ""ל",false,,12.70,0.0231,true,1,3832361
3600523652228,false,אלביב מרכך טוטאל ריפ,,,אלביב מרכך טוטאל ריפ,מיליליטרים,550.00,"100 מ""ל",false,,12.70,0.0231,true,1,3832411
3600523652242,false,אלביב שמפו קולור פרו,,,אלביב שמפו קולור פרו,מיליליטרים,550.00,"100 מ""ל",false,,12.70,0.0231,true,1,3832394
3600523652259,false,אלביב מרכך קולור פרו,,,אלביב מרכך קולור פרו,מיליליטרים,550.00,"100 מ""ל",false,,12.70,0.0231,true,1,3832413
3600523652297,false,אלביב מרכך 6 שמנים 5,,,אלביב מרכך 6 שמנים 5,מיליליטרים,550.00,"100 מ""ל",false,,12.70,0.0231,true,1,3832364
3600523755806,false,אלביב שמפו קוקוס 550,,,אלביב שמפו קוקוס 550,יח',1.00,יח',false,,12.70,12.7000,true,1,5104802
3600523756322,false,אלביב מרכך קוקוס 550,,,אלביב מרכך קוקוס 550,יח',1.00,יח',false,,12.70,12.7000,true,1,5104803
3600523782567,false,אלביב שמפו דרים לונג,,,אלביב שמפו דרים לונג,מיליליטרים,500.00,"100 מ""ל",false,,12.70,0.0254,true,1,4803050
3600523782574,false,אלביב מסכה דרים לונג,,,אלביב מסכה דרים לונג,מיליליטרים,300.00,"100 מ""ל",false,,21.30,0.0710,true,1,4803051
3600523782581,false,אלביב מרכך דרים לונג,,,אלביב מרכך דרים לונג,מיליליטרים,500.00,"100 מ""ל",false,,12.70,0.0254,true,1,4803052
3600523816699,false,דרמו פעולה משולשת פר,,,דרמו פעולה משולשת פר,יח',1.00,יח',false,,38.40,38.4000,true,1,5368156
3600523823611,false,לוריאל קרם אנטי אייג,,,לוריאל קרם אנטי אייג,יח',1.00,יח',false,,42.60,42.6000,true,1,5277262
3600523936946,false,אלביב מסכת ארג'נין 3,,,אלביב מסכת ארג'נין 3,מיליליטרים,300.00,"100 מ""ל",false,,21.30,0.0710,true,1,5314482
3600523944231,false,אקסלנס קול קרם 7.11,,,אקסלנס קול קרם 7.11,יח',1.00,יח',false,,29.80,29.8000,true,1,5368159
3600523953677,false,רויטליפט קרם יום SPF,,,רויטליפט קרם יום SPF,100 מל,50.00,100 מל,false,,51.20,1.0240,true,1,5300520
3600524051334,false,אלביב מרכך היאלרונית,,,אלביב מרכך היאלרונית,מטרים,400.00,100 מ'ל,false,,12.70,0.0317,true,1,5394720
3600524051570,false,אלביב מסכה היאלרונית,,,אלביב מסכה היאלרונית,מטרים,300.00,100 מ'ל,false,,21.30,0.0710,true,1,5394721
3600524055400,false,אלביב שמפו היאלרונית,,,אלביב שמפו היאלרונית,מטרים,500.00,100 מ'ל,false,,12.70,0.0254,true,1,5394722
3600540928863,false,גרנייה דאו. רול אינב,גרנייה,,גרנייה דאו. רול אינב,מטרים,50.00,100 מ'ל,false,,10.20,0.2040,true,1,1569637
3600541029323,false,גרנייה אסנשיאל מסיר,גרנייה,,גרנייה אסנשיאל מסיר,מיליליטרים,200.00,"100 מ""ל",false,,17.00,0.0850,true,1,1569650
3600541382930,false,גרנייה מי מיסלר הכול,,,גרנייה מי מיסלר הכול,מיליליטרים,400.00,"100 מ""ל",false,,25.60,0.0640,true,1,1569717
3600541402270,false,דאו ספריי אינביזיבל,גרנייה,,דאו ספריי אינביזיבל,מיליליטרים,150.00,"100 מ""ל",false,,10.20,0.0680,true,1,1569718
3600541740006,false,דאו ספריי אקשן קונטר,גרנייה,,דאו ספריי אקשן קונטר,מיליליטרים,150.00,"100 מ""ל",false,,10.20,0.0680,true,1,1569733
3600541928169,false,גרנייה פיור פחם ג'ל,גרנייה,,גרנייה פיור פחם ג'ל,מיליליטרים,150.00,"100 מ""ל",false,,25.60,0.1707,true,1,1569736
3600541937475,false,גרנייה פיור נקוי 3ב1,גרנייה,,גרנייה פיור נקוי 3ב1,מיליליטרים,150.00,"100 מ""ל",false,,25.60,0.1707,true,1,1569737
3600541940574,false,גרנייה מים מיסלרים 7,,,גרנייה מים מיסלרים 7,יח',1.00,יח',false,,34.10,34.1000,true,1,3027182
3600541956223,false,גרנייה פיור אקספוברש,גרנייה,,גרנייה פיור אקספוברש,מיליליטרים,150.00,"100 מ""ל",false,,25.60,0.1707,true,1,1569739
3600542052788,false,גרנייה בוטניקל חלב פ,,,גרנייה בוטניקל חלב פ,מטרים,200.00,100 מ'ל,false,,21.30,0.1065,true,1,5360623
3600542097253,false,גרנייה מסכת טישו פחם,,,גרנייה מסכת טישו פחם,יח',1.00,יח',false,,12.70,12.7000,true,1,4803054
3600542216623,false,דאודורנט רול גרנייה,,,דאודורנט רול גרנייה,מטרים,50.00,100 מ'ל,false,,10.20,0.2040,true,1,5226590
3600542216647,false,גרנייה דאו ספריי 96,,,גרנייה דאו ספריי 96,מטרים,50.00,100 מ'ל,false,,10.20,0.2040,true,1,5226591
3600542232036,false,גרנייה אלו ג'לי 50 מ,,,גרנייה אלו ג'לי 50 מ,יח',1.00,יח',false,,34.10,34.1000,true,1,4803056
3600542245487,false,אוליה מיני קיט 6 חום,,,אוליה מיני קיט 6 חום,יח',1.00,יח',false,,25.60,25.6000,true,1,5252840
3600542281058,false,קולור נטורלס +7.40 נ,,,קולור נטורלס +7.40 נ,יח',1.00,יח',false,,17.00,17.0000,true,1,5167847
3600542310444,false,גרנייה דאו ספריי מגנ,,,גרנייה דאו ספריי מגנ,יח',1.00,יח',false,,6.80,6.8000,true,1,5273091
3600542328647,false,גרנייה קרם יום אלוור,,,גרנייה קרם יום אלוור,יח',1.00,יח',false,,34.10,34.1000,true,1,5295882
3600542365758,false,גרנייה מי פנים ענבים,,,גרנייה מי פנים ענבים,מיליליטרים,200.00,"100 מ""ל",false,,17.00,0.0850,true,1,5286716
3600542365796,false,גרנייה ג'ל ניקוי ענב,,,גרנייה ג'ל ניקוי ענב,מיליליטרים,200.00,"100 מ""ל",false,,17.00,0.0850,true,1,5274332
3600542366113,false,גרנייה בוטניקל קרם ל,,,גרנייה בוטניקל קרם ל,יח',1.00,יח',false,,25.60,25.6000,true,1,5286777
3600542375801,false,גרנייה פיור אקטיב 3,,,גרנייה פיור אקטיב 3,מיליליטרים,150.00,"100 מ""ל",false,,25.60,0.1707,true,1,5292661
3600542380492,false,גרנייה מסכת טישו ויט,,,גרנייה מסכת טישו ויט,מטרים,15.00,100 מ'ל,false,,12.70,0.8467,true,1,5368137
3600542385091,false,גרנייה דאו. רול אקשן,,,גרנייה דאו. רול אקשן,יח',1.00,יח',false,,10.20,10.2000,true,1,5286778
3600542385220,false,גרנייה דאו. רול פרוט,,,גרנייה דאו. רול פרוט,יח',1.00,יח',false,,10.20,10.2000,true,1,5286779
3600542385251,false,גרנייה דאו. רול פרוט,,,גרנייה דאו. רול פרוט,יח',1.00,יח',false,,10.20,10.2000,true,1,5286780
3600542385268,false,גרנייה דאו. רול אינב,,,גרנייה דאו. רול אינב,יח',1.00,יח',false,,10.20,10.2000,true,1,5286781
3600542385275,false,גרנייה דאו. רול און,,,גרנייה דאו. רול און,יח',1.00,יח',false,,10.20,10.2000,true,1,5286782
3600542397926,false,דאו ספריי פרוטקשן6 כ,,,דאו ספריי פרוטקשן6 כ,מיליליטרים,150.00,"100 מ""ל",false,,10.20,0.0680,true,1,5300524
3600542398206,false,גרנייה אלו ג'ל ניקוי,,,גרנייה אלו ג'ל ניקוי,יח',1.00,יח',false,,18.70,18.7000,true,1,5295884
3600542412773,false,גרנייה פיור פיל אוף,,,גרנייה פיור פיל אוף,יח',1.00,יח',false,,25.60,25.6000,true,1,5310701
3600542421669,false,גרנייה פרוקטיס היפור,,,גרנייה פרוקטיס היפור,יח',1.00,יח',false,,12.70,12.7000,true,1,5311989
3600542421683,false,גרנייה פרוקטיס היפור,,,גרנייה פרוקטיס היפור,יח',1.00,יח',false,,12.70,12.7000,true,1,5311991
3600542421706,false,גרנייה פרוקטיס היפור,,,גרנייה פרוקטיס היפור,יח',1.00,יח',false,,12.70,12.7000,true,1,5311992
3600542421720,false,גרנייה פרוקטיס היפור,,,גרנייה פרוקטיס היפור,יח',1.00,יח',false,,29.80,29.8000,true,1,5311993
3600542421737,false,גרנייה פרוקטיס היפור,,,גרנייה פרוקטיס היפור,יח',1.00,יח',false,,29.80,29.8000,true,1,5311994
3600542431828,false,קולור נטורלס גוון 1,,,קולור נטורלס גוון 1,יח',1.00,יח',false,,17.00,17.0000,true,1,5350088
3600542431835,false,קולור נטורלס גוון 3,,,קולור נטורלס גוון 3,יח',1.00,יח',false,,17.00,17.0000,true,1,5350089
3600542431842,false,קולור נטורלס גוון 4,,,קולור נטורלס גוון 4,יח',1.00,יח',false,,17.00,17.0000,true,1,5350090
3600542431859,false,קולור נטורלס גוון 5,,,קולור נטורלס גוון 5,יח',1.00,יח',false,,17.00,17.0000,true,1,5350091
3600542431880,false,קולור נטורלס 8 בלונד,,,קולור נטורלס 8 בלונד,גרמים,112.00,100 גרם,false,,17.00,0.1518,true,1,5350124
3600542431910,false,קולור נטורלס 2.1 שחו,,,קולור נטורלס 2.1 שחו,גרמים,112.00,100 גרם,false,,17.00,0.1518,true,1,5350126
3600542431934,false,קולור נטורלס גוון 6.,,,קולור נטורלס גוון 6.,יח',1.00,יח',false,,17.00,17.0000,true,1,5350095
3600542431941,false,קולור נטורלס 5.3 חום,,,קולור נטורלס 5.3 חום,גרמים,112.00,100 גרם,false,,17.00,0.1518,true,1,5350127
3600542431965,false,קולור נטורלס גוון 5.,,,קולור נטורלס גוון 5.,יח',1.00,יח',false,,17.00,17.0000,true,1,5350097
3600542431972,false,קולור נטורלס בלונד א,,,קולור נטורלס בלונד א,גרמים,112.00,100 גרם,false,,17.00,0.1518,true,1,5350128
3600542431989,false,קולור נטורלס גוון 6.,,,קולור נטורלס גוון 6.,יח',1.00,יח',false,,17.00,17.0000,true,1,5350098
3600542432030,false,קולור נטורלס גוון 7.,,,קולור נטורלס גוון 7.,יח',1.00,יח',false,,17.00,17.0000,true,1,5350102
3600542432085,false,קולור נטורלס גוון 4.,,,קולור נטורלס גוון 4.,יח',1.00,יח',false,,17.00,17.0000,true,1,5350105
3600542433266,false,גרנייה סרום ויטמין C,,,גרנייה סרום ויטמין C,יח',1.00,יח',false,,42.60,42.6000,true,1,5372516
3600542456579,false,גרנייה מיסלר ויטמין,,,גרנייה מיסלר ויטמין,יח',1.00,יח',false,,25.60,25.6000,true,1,5368161
3600542456593,false,גרנייה פיור אקטיב מי,,,גרנייה פיור אקטיב מי,מטרים,200.00,100 מ'ל,false,,23.80,0.1190,true,1,5382218
3600542503235,false,גרנייה פרוקטיס היפור,,,גרנייה פרוקטיס היפור,מטרים,350.00,100 מ'ל,false,,12.70,0.0363,true,1,5412731
3607340717635,false,אדידס אייס דייב ג'ל,,,אדידס אייס דייב ג'ל,מיליליטרים,400.00,"100 מ""ל",false,,8.50,0.0213,true,1,3464922
3607343817547,false,דאו' אדידס ספריי לגב,,,דאו' אדידס ספריי לגב,מיליליטרים,150.00,"100 מ""ל",false,,11.00,0.0733,true,1,5262635
3607345264912,false,פיוז'ן-ספריי גוף איי,אגריפק אס איי לגרדה,ES,פיוז'ן-ספריי גוף אייס דיי,מיליליטרים,150.00,"100 מ""ל",false,,12.70,0.0847,true,1,1600276
3607346736289,false,אדידס תיק רחצה נייבי,,,אדידס תיק רחצה נייבי,יח',1.00,יח',false,,8.50,8.5000,true,1,5325224
3607347320449,false,אדידס ספורט אנרג'י ג,,,אדידס ספורט אנרג'י ג,מיליליטרים,400.00,"100 מ""ל",false,,8.50,0.0213,true,1,3464923
3608580075646,false,קינפיטורה שזיפים 370,,,קינפיטורה שזיפים 370,גרמים,370.00,100 גרם,false,,16.80,0.0454,true,1,5310675
3614221653715,false,אדידס קליימקול ג'ל ר,,,אדידס קליימקול ג'ל ר,מיליליטרים,400.00,"100 מ""ל",false,,8.50,0.0213,true,1,3464924
3614223736003,false,דאו' אדידס ספריי לגב,,,דאו' אדידס ספריי לגב,מיליליטרים,150.00,"100 מ""ל",false,,11.00,0.0733,true,1,5262637
3614224050986,false,דאו' אדידס ספריי לגב,,,דאו' אדידס ספריי לגב,מיליליטרים,150.00,"100 מ""ל",false,,11.00,0.0733,true,1,5262638
3614224051235,false,דאו' אדידס ספריי לגב,,,דאו' אדידס ספריי לגב,מיליליטרים,200.00,"100 מ""ל",false,,12.70,0.0635,true,1,4660954
3616303057916,false,אדידס 8 בודי ספריי 1,,,אדידס 8 בודי ספריי 1,מיליליטרים,150.00,"100 מ""ל",false,,12.70,0.0847,true,1,5423259
3616303057978,false,אדידס 8 דאו ספריי לג,,,אדידס 8 דאו ספריי לג,מיליליטרים,150.00,"100 מ""ל",false,,11.00,0.0733,true,1,5423260
3661163970448,false,דאו' ספריי לגבר A3קו,אדידס,PT,דאו' ספריי לגבר A3קול דרי,מיליליטרים,200.00,"100 מ""ל",false,,12.70,0.0635,true,1,1600298
3661163990545,false,דאו' ספריי לגבר קליי,אדידס,,דאו' ספריי לגבר קליי,מיליליטרים,200.00,"100 מ""ל",false,,12.70,0.0635,true,1,1600300
3661163991146,false,דאו' ספריי אשה קול א,אדידס,PT,דאו' ספריי אשה קול אנד קר,מיליליטרים,150.00,"100 מ""ל",false,,12.70,0.0847,true,1,1600302
3661163991580,false,דאו' ספריי אישה קול,אדידס,PT,דאו' ספריי אישה קול אנד ק,מיליליטרים,150.00,"100 מ""ל",false,,12.70,0.0847,true,1,1600304
3700604201175,false,פלפל צ'ומה 190 גר,,,פלפל צ'ומה 190 גר,גרמים,190.00,100 גרם,false,,8.50,0.0447,true,1,5336047
3838824127248,false,"צבעי שיער ""פלטה""",הנקל,,"צבעי שיער ""פלטה""",יח',1.00,יח',false,,17.00,17.0000,true,1,1573433
3838824127286,false,"צבעי שיער ""פלטה""",הנקל סוד,,"צבעי שיער ""פלטה""",יח',1.00,יח',false,,17.00,17.0000,true,1,1573435
3838824127644,false,"צבעי שיער ""פלטה""",הנקל סוד,,"צבעי שיער ""פלטה""",יח',1.00,יח',false,,17.00,17.0000,true,1,1573441
3838824193915,false,צבע שיער פאלטה סמי ק,שוורצקוף,,צבע שיער פאלטה סמי ק,יח',1.00,יח',false,,17.00,17.0000,true,1,1573454
3838824193939,false,פאלטה קיט דה-לוקס סג,שוורצקוף,,פאלטה קיט דה-לוקס סג,יח',1.00,יח',false,,25.60,25.6000,true,1,1573455
3838824276007,false,"צבעי שיער ""פלטה""",הנקל,,"צבעי שיער ""פלטה""",יח',1.00,יח',false,,17.00,17.0000,true,1,1573464
3838824332154,false,צבע שיער פאלטה סמי ק,,,צבע שיער פאלטה סמי ק,יח',1.00,יח',false,,17.00,17.0000,true,1,2790054
3838824380988,false,פלאטה סמי קיט 12-21,,,פלאטה סמי קיט 12-21,מטרים,110.00,100 מ'ל,false,,17.00,0.1545,true,1,5315563
4000417019004,false,שוקולד חלב אגוזי לוז,ריטר ספורט,,שוקולד חלב אגוזי לוז,גרמים,100.00,100 גרם,false,,8.50,0.0850,true,1,1584597
4000417022004,false,שוקולד חלב עם צימוקי,ריטר ספורט,,שוקולד חלב עם צימוקי,גרמים,100.00,100 גרם,false,,6.80,0.0680,true,1,1584598
4000417023001,false,שוקולד שקדים שלמים ר,ריטר ספורט,,שוקולד שקדים שלמים ר,גרמים,100.00,100 גרם,false,,8.50,0.0850,true,1,1584599
4000417025005,false,שוקולד מריר במילוי מ,ריטר ספורט,,שוקולד מריר במילוי מ,גרמים,100.00,100 גרם,false,,6.80,0.0680,true,1,1584600
4000417026002,false,שוקולד ריטר ספורט פר,ריטר ספורט,,שוקולד ריטר ספורט פר,גרמים,100.00,100 גרם,false,,6.80,0.0680,true,1,1584601
4000417101211,false,גלילי וופל בציפוי שו,,,גלילי וופל בציפוי שו,גרמים,150.00,100 גרם,false,,15.10,0.1007,true,1,5336121
4000417211002,false,שוקולד ריטר מוס קרמל,ריטר ספורט,,שוקולד ריטר מוס קרמל,גרמים,100.00,100 גרם,false,,6.80,0.0680,true,1,1783009
4000417212009,false,שוקולד ריטר מריר תפו,,,שוקולד ריטר מריר תפו,גרמים,100.00,100 גרם,false,,6.80,0.0680,true,1,4529345
4000417222008,false,ריטר ספורט חלב ושברי,ריטר ספורט,,ריטר ספורט חלב ושברי,גרמים,100.00,100 גרם,false,,6.80,0.0680,true,1,1584603
4000417224002,false,שוקולד ריטר ספורט מר,ריטר ספורט,,שוקולד ריטר ספורט מר,גרמים,100.00,100 גרם,false,,8.50,0.0850,true,1,1584604
4000417294005,false,שוקולד ריטר ספורט 10,ריטר ספורט,,שוקולד ריטר ספורט 10,גרמים,100.00,100 גרם,false,,6.80,0.0680,true,1,1584608
4000417626417,false,שוקולד חלב חמוציות מ,,,שוקולד חלב חמוציות מ,גרמים,100.00,100 גרם,false,,6.80,0.0680,true,1,5411611
4000417707000,false,ריטר ספורט קשיו,,,ריטר ספורט קשיו,יח',1.00,יח',false,,8.50,8.5000,true,1,5298386
4000417708007,false,ריטר ספורט מריר שקד,,,ריטר ספורט מריר שקד,יח',1.00,יח',false,,8.50,8.5000,true,1,5298387
4000522009747,false,בייגלה צ'יו מקלות 80,צ'יו,,בייגלה צ'יו מקלות 80,גרמים,80.00,100 גרם,false,,3.30,0.0412,true,1,1594377
4000522061752,false,בייגלה צ'יו מקלות,צ'יו,,בייגלה צ'יו מקלות,גרמים,100.00,100 גרם,false,,3.30,0.0330,true,1,1594379
4000869032569,false,הפי מבשם ומטהר אויר,יעקבי,,הפי מבשם ומטהר אויר,מיליליטרים,150.00,"100 מ""ל",false,,5.00,0.0333,true,1,1582591
4001432773230,false,בלו ווין מוסקטו 1לי,,,בלו ווין מוסקטו 1לי,100 קילו,1000.00,100 קילו,false,,42.70,0.0427,true,1,5207009
4001518003800,false,מקלות פריכים עם מלח,,,מקלות פריכים עם מלח,גרמים,125.00,100 גרם,false,,12.60,0.1008,true,1,5298542
4001751038669,false,רוטב חזרת עם ווסאבי,,,רוטב חזרת עם ווסאבי,גרמים,345.00,100 גרם,false,,8.50,0.0246,true,1,5245159
4002103240709,false,ארדינגר אורוויס בק',,,ארדינגר אורוויס בק',יח',1.00,יח',false,,9.40,9.4000,true,1,5218078
4002103248323,false,בירה ארדינגר פיקנטוס,,,בירה ארדינגר פיקנטוס,מיליליטרים,500.00,"100 מ""ל",false,,8.50,0.0170,true,1,4485334
4002103250487,false,"ארדינגר בהירה 500 מ""",,,"ארדינגר בהירה 500 מ""",מיליליטרים,500.00,"100 מ""ל",false,,9.40,0.0188,true,1,2790365
4002103311515,false,ארדינגר דונקל כהה 50,,,ארדינגר דונקל כהה 50,יח',1.00,יח',false,,9.40,9.4000,true,1,5310050
4002448017684,false,סיליט באנג ספריי ניק,RB פולין,PL,"CILLT,IL,LIME&GRIME2X6X75",מיליליטרים,750.00,"100 מ""ל",false,,10.60,0.0141,true,1,1593028
4002448019480,false,סיליט באנג ספריי מסי,RB פולין,PL,"CILLT,IL,DEGR 12X750 VETT",מיליליטרים,750.00,"100 מ""ל",false,,10.70,0.0143,true,1,1593029
4002575016253,false,מרציפן מצופה שוקולד,ליימן-שליסל,,מרציפן מצופה שוקולד,גרמים,100.00,100 גרם,false,,7.40,0.0740,true,1,1584610
4002590000022,false,סוכריות בטעם פירות י,קלפני,,סוכריות בטעם פירות י,גרמים,150.00,100 גרם,false,,7.60,0.0507,true,1,1584614
4002590000039,false,סוכריות בטעם פירות ה,קלפני,,סוכריות בטעם פירות ה,גרמים,150.00,100 גרם,false,,7.60,0.0507,true,1,1584615
4002590703541,false,סוכריות קלפני 150 ג,קלפני,,סוכריות קלפני 150 ג,גרמים,150.00,100 גרם,false,,7.60,0.0507,true,1,1584623
4002720005736,false,מליטה קפה PREMIUMלפי,Melitta Kaffee GmbH,DE,מליטה קפה PREMIUMלפילטר 2,גרמים,250.00,100 גרם,false,,13.60,0.0544,true,1,1600309
4004666111656,false,מלרוד ג'ל פעיל לעובש,,,מלרוד ג'ל פעיל לעובש,מטרים,250.00,100 מ'ל,false,,24.70,0.0988,true,1,5359412
4004715020755,false,קישוטי עוגה,נסיך ונסיכה,,קישוטי עוגה,גרמים,100.00,100 גרם,false,,10.60,0.1060,true,1,1584625
4005808229390,false,ג'ל רחצה קול קיק ניו,ניוואה,,ג'ל רחצה קול קיק ניו,מיליליטרים,500.00,"100 מ""ל",false,,11.00,0.0220,true,1,1581892
4005808366392,false,שפתון ליובש כחול קלא,לבלו,,שפתון ליובש כחול קלא,גרמים,48.00,100 גרם,false,,8.50,0.1771,true,1,1884690
4005808406029,false,קרם רחצה סופט ניוואה,,,קרם רחצה סופט ניוואה,מיליליטרים,750.00,"100 מ""ל",false,,11.00,0.0147,true,1,4440803
4005808502004,false,שפתון ליובש ורוד ורד,לבלו,,שפתון ליובש ורוד ורד,גרמים,100.00,100 גרם,false,,8.50,0.0850,true,1,1581909
4005808515554,false,ניוואה סופט קרם רב ש,,,ניוואה סופט קרם רב ש,מטרים,300.00,100 מ'ל,false,,29.80,0.0993,true,1,5386564
4005808670314,false,קרם לחות לפנים לעור,ניוואה,,קרם לחות לפנים לעור,100 מל,50.00,100 מל,false,,34.10,0.6820,true,1,1581915
4005808698103,false,ניוואה תחליב גוף סמו,,,ניוואה תחליב גוף סמו,מיליליטרים,500.00,"100 מ""ל",false,,17.00,0.0340,true,1,5307667
4005808702107,false,ניוואה תחליב גוף משא,,,ניוואה תחליב גוף משא,מיליליטרים,500.00,"100 מ""ל",false,,17.00,0.0340,true,1,5307668
4005808890576,false,קרם ידיים סופט ניווא,ניוואה,,קרם ידיים סופט ניווא,מטרים,75.00,100 מ'ל,false,,11.00,0.1467,true,1,1581948
4005900036476,false,דאודורט רולאון ניווא,ניוואה,,דאודורט רולאון ניווא,גרמים,40.00,100 גרם,false,,11.00,0.2750,true,1,1581959
4005900036506,false,דאודורנט רולאון ניוו,ניוואה,,דאודורנט רולאון ניוו,100 מל,40.00,100 מל,false,,11.00,0.2750,true,1,1581961
4005900036568,false,ניוואה דאודורנט רולא,ניוואה,,ניוואה דאודורנט רולא,מיליליטרים,150.00,"100 מ""ל",false,,12.70,0.0847,true,1,1581962
4005900037909,false,ניוואה דאודורנט אינו,ניוואה,,ניוואה דאודורנט אינו,מיליליטרים,150.00,"100 מ""ל",false,,12.70,0.0847,true,1,1581963
4005900092403,false,קרם אנטי אייג' יום נ,,,קרם אנטי אייג' יום נ,יח',1.00,יח',false,,34.10,34.1000,true,1,4900105
4005900092427,false,קרם לילה אנטי אייג',,,קרם לילה אנטי אייג',מיליליטרים,50.00,"מ""ל",false,,34.10,0.6820,true,1,4834279
4005900138842,false,ניוואה תחליב רחצה סמ,,,ניוואה תחליב רחצה סמ,מטרים,750.00,100 מ'ל,false,,11.00,0.0147,true,1,5315642
4005900420220,false,ניוואה ג'ל רחצה גבר,,,ניוואה ג'ל רחצה גבר,מיליליטרים,500.00,"100 מ""ל",false,,12.70,0.0254,true,1,5322707
4005900513045,false,דאודורנט ספריי דיפ נ,,,דאודורנט ספריי דיפ נ,מיליליטרים,150.00,"100 מ""ל",false,,11.00,0.0733,true,1,4189026
4005900513069,false,דאודורנט רול און לגב,,,דאודורנט רול און לגב,מטרים,50.00,100 מ'ל,false,,11.00,0.2200,true,1,4189027
4005900521262,false,ג'ל רחצה דיפ 500 מל,,,ג'ל רחצה דיפ 500 מל,מטרים,50.00,100 מ'ל,false,,11.00,0.2200,true,1,4189029
4005900547316,false,ניוואה דאו בלק אנד ו,,,ניוואה דאו בלק אנד ו,מטרים,50.00,100 מ'ל,false,,12.70,0.2540,true,1,5261083
4005900555915,false,ניוואה תחליב רחצה קו,,,ניוואה תחליב רחצה קו,מיליליטרים,750.00,"100 מ""ל",false,,11.00,0.0147,true,1,5289868
4005900639554,false,ניוואה דאודורנט רול-,,,ניוואה דאודורנט רול-,מטרים,50.00,100 מ'ל,false,,11.00,0.2200,true,1,5375488
4005900648181,false,ניוואה תחליב רחצה אל,,,ניוואה תחליב רחצה אל,מטרים,750.00,100 מ'ל,false,,11.00,0.0147,true,1,5315643
4005900730336,false,ניוואה רולאון לגבר ב,,,ניוואה רולאון לגבר ב,מטרים,50.00,100 מ'ל,false,,11.00,0.2200,true,1,5401828
4005900803283,false,רוז קר קרם לחות במרק,,,רוז קר קרם לחות במרק,יח',1.00,יח',false,,50.30,50.3000,true,1,5318669
4005900816016,false,דאודורנט ספריי פרש ל,ניוואה,,דאודורנט ספריי פרש ל,מיליליטרים,150.00,"100 מ""ל",false,,12.70,0.0847,true,1,1581971
4005900825278,false,היידרה סקין אפקט מסכ,,,היידרה סקין אפקט מסכ,גרמים,100.00,100 גרם,false,,51.20,0.5120,true,1,5320427
4005900826749,false,היידרה סקין אפקט מרק,,,היידרה סקין אפקט מרק,יח',1.00,יח',false,,51.20,51.2000,true,1,5320428
4005900833723,false,ג'ל רחצה ניוואה לגבר,,,ג'ל רחצה ניוואה לגבר,מיליליטרים,500.00,"100 מ""ל",false,,12.70,0.0254,true,1,5322708
4005900845702,false,דאו רולאון לגבר קול,,,דאו רולאון לגבר קול,מטרים,50.00,100 מ'ל,false,,11.00,0.2200,true,1,5318670
4005900864000,false,היידרה סקין מים מיסל,,,היידרה סקין מים מיסל,מטרים,400.00,100 מ'ל,false,,25.60,0.0640,true,1,5354448
4005900874931,false,ניוואה מן ספריי דיפ,,,ניוואה מן ספריי דיפ,מטרים,150.00,100 מ'ל,false,,12.70,0.0847,true,1,5378214
4005900874962,false,ניוואה מן רול-און ד,,,ניוואה מן רול-און ד,מטרים,50.00,100 מ'ל,false,,11.00,0.2200,true,1,5378215
4005900978950,false,לבלו דובדבן שפתון לח,,,לבלו דובדבן שפתון לח,גרמים,5.00,100 גרם,false,,8.50,1.7000,true,1,5420649
4005900978967,false,לבלו וניל שפתון לחות,,,לבלו וניל שפתון לחות,גרמים,5.00,100 גרם,false,,8.50,1.7000,true,1,5420650
4005900978974,false,לבלו סופט רוז שפתון,,,לבלו סופט רוז שפתון,גרמים,5.00,100 גרם,false,,8.50,1.7000,true,1,5420651
4006387085407,false,שלישיית פילטר,,,שלישיית פילטר,100 יח',1.00,100 יח',false,,84.50,84.5000,true,1,3814345
4006387098667,false,קנקן בריטה סטייל סטר,,,קנקן בריטה סטייל סטר,100 יח',4.00,100 יח',false,,127.40,31.8500,true,1,3814346
4006508122134,false,מליטה נייר פילטר מספ,Melitta Kaffee GmbH,DE,מליטה נייר פילטר מספר 40,100 יח',2.00,100 יח',false,,8.50,4.2500,true,1,1600313
4007745058804,false,מיונז אורגני 340 גרם,,,מיונז אורגני 340 גרם,גרמים,340.00,100 גרם,false,,19.00,0.0559,true,1,4914930
4007745058811,false,חרדל צרפתי,,,חרדל צרפתי,גרמים,145.00,100 גרם,false,,11.70,0.0807,true,1,4914931
4008287051032,false,קרומבאכר פחית בקבוק,,,קרומבאכר פחית בקבוק,מיליליטרים,500.00,"100 מ""ל",false,,8.50,0.0170,true,1,5301033
4008287058161,false,קרומבכר בירה בהירה 6,,,קרומבכר בירה בהירה 6,ליטרים,1.80,ליטר,false,,31.80,17.6667,true,1,5301003
4008287762020,false,קרומבאכר וואיזן בקבו,,,קרומבאכר וואיזן בקבו,מיליליטרים,500.00,"100 מ""ל",false,,8.50,0.0170,true,1,5301018
4008287905786,false,קרומבאכר פחית בקבוק,,,קרומבאכר פחית בקבוק,100 מל,500.00,100 מל,false,,8.20,0.0164,true,1,5301034
4009300522935,false,תה ירוק לימונית ולוא,פומפדור,,תה ירוק לימונית ולוא,גרמים,30.00,100 גרם,false,,14.40,0.4800,true,1,1574538
4009300522966,false,תה ירוק עם נענע פומפ,פומפדור,,תה ירוק עם נענע פומפ,גרמים,36.00,100 גרם,false,,14.40,0.4000,true,1,1574539
4009300524588,false,חליטת פירות יער פומפ,פומפדור,,חליטת פירות יער פומפ,גרמים,60.00,100 גרם,false,,10.20,0.1700,true,1,1574541
4009300524625,false,תה צ'אי מסאלה פומפדו,פומפדור,,תה צ'אי מסאלה פומפדו,גרמים,40.00,100 גרם,false,,10.20,0.2550,true,1,1574542
4009300525011,false,פומפדור תה ירוק תפוז,פומפדור,,פומפדור תה ירוק תפוז,גרמים,35.00,100 גרם,false,,14.40,0.4114,true,1,1574543
4009300525684,false,חליטת ג'ינגר לימון פ,פומפדור,,חליטת ג'ינגר לימון פ,גרמים,35.00,100 גרם,false,,10.20,0.2914,true,1,1574544
4009300526438,false,פומפדור תה ירוק 20 י,פומפדור,,פומפדור תה ירוק 20 י,20 יח',1.00,20 יח',false,,14.40,14.4000,true,1,1574546
4009300527909,false,חליטת ג'ינגר כורכום,,,חליטת ג'ינגר כורכום,גרמים,30.00,100 גרם,false,,10.20,0.3400,true,1,3279761
4009300528821,false,פומפדור תה ירוק ג'ינ,,,פומפדור תה ירוק ג'ינ,יח',1.00,יח',false,,14.40,14.4000,true,1,4751834
4009300528845,false,פומפדור תה ירוק לימו,,,פומפדור תה ירוק לימו,יח',1.00,יח',false,,14.40,14.4000,true,1,4751835
4009300529514,false,חליטת פירות אוכמניות,,,חליטת פירות אוכמניות,גרמים,45.00,100 גרם,false,,12.70,0.2822,true,1,5377628
4009300529552,false,פומפדור חליטת פירות,,,פומפדור חליטת פירות,גרמים,50.00,100 גרם,false,,12.70,0.2540,true,1,5377630
4009300529576,false,פומפדור חליטה פירות,,,פומפדור חליטה פירות,גרמים,45.00,100 גרם,false,,10.20,0.2267,true,1,5324853
4009300529651,false,תה פומפדור ג'ינג'ר ל,,,תה פומפדור ג'ינג'ר ל,יח',1.00,יח',false,,15.30,15.3000,true,1,5297666
4009300530107,false,פומפדור חליטה קרה בט,,,פומפדור חליטה קרה בט,גרמים,45.00,100 גרם,false,,11.90,0.2644,true,1,5306968
4009300530145,false,פומפדור חליטה קרה בט,,,פומפדור חליטה קרה בט,גרמים,45.00,100 גרם,false,,11.90,0.2644,true,1,5306970
4009300530183,false,פומפדור-חליטת תפוז ס,,,פומפדור-חליטת תפוז ס,גרמים,44.00,100 גרם,false,,10.20,0.2318,true,1,5424281
4009300530206,false,פומפדור-חליטת תפוח ט,,,פומפדור-חליטת תפוח ט,גרמים,50.00,100 גרם,false,,10.20,0.2040,true,1,5424282
4009300530275,false,פומפדור-חליטת מנטה מ,,,פומפדור-חליטת מנטה מ,גרמים,36.00,100 גרם,false,,10.20,0.2833,true,1,5424283
4009300595106,false,פומפדור חליטת צמחים,,,פומפדור חליטת צמחים,יח',1.00,יח',false,,10.20,10.2000,true,1,5261589
4009300595120,false,פומפדור חליטת צמחים,,,פומפדור חליטת צמחים,יח',1.00,יח',false,,10.20,10.2000,true,1,5261590
4009309740422,false,מחית תפוחים 700 גר,,,מחית תפוחים 700 גר,גרמים,700.00,100 גרם,false,,13.60,0.0194,true,1,3190388
4009309742426,false,רסק תפוח מנגו אורגני,,,רסק תפוח מנגו אורגני,גרמים,700.00,100 גרם,false,,15.00,0.0214,true,1,3190389
4009900013581,false,מארז חמישיית אורביט,אורביט,,מארז חמישיית אורביט,גרמים,13.00,5 גרם,false,,8.50,0.6538,true,1,1608442
4009900379564,false,הובה בובה עגול פירות,הובה בובה,,הובה בובה עגול פירות,גרמים,56.00,100 גרם,false,,5.60,0.1000,true,1,1567020
4009900385824,false,מארז חמישיית אורביט,אורביט,,מארז חמישיית אורביט,גרמים,13.00,5 גרם,false,,8.50,0.6538,true,1,1608464
4009900402965,false,מסטיק אורביט בקבוקון,אורביט,,מסטיק אורביט בקבוקון,גרמים,46.00,100 גרם,false,,8.00,0.1739,true,1,1608467
4009900403023,false,מסטיק אורביט בקבוקון,אורביט,,מסטיק אורביט בקבוקון,גרמים,46.00,100 גרם,false,,8.00,0.1739,true,1,1608468
4009900406918,false,הובה בובה עגול טריפל,הובה בובה,,הובה בובה עגול טריפל,גרמים,56.00,100 גרם,false,,5.60,0.1000,true,1,1608471
4009900420129,false,מסטיק אורביט בקבוקון,,,מסטיק אורביט בקבוקון,גרמים,64.00,100 גרם,false,,8.00,0.1250,true,1,4496349
4009900426039,false,מסטיק איירוויבז בקבו,,,מסטיק איירוויבז בקבו,גרמים,64.00,גרם,false,,8.30,0.1297,true,1,2093839
4009900426121,false,מסטיק איירוויבז בקבו,,,מסטיק איירוויבז בקבו,גרמים,64.00,גרם,false,,8.30,0.1297,true,1,2093840
4009900455299,false,סוכריות סקיטלס פירות,סקיטלס,,סוכריות סקיטלס פירות,גרמים,174.00,100 גרם,false,,6.80,0.0391,true,1,1608483
4009900465304,false,סוכריות סקיטלס חמוצי,סקיטלס,,סוכריות סקיטלס חמוצי,גרמים,174.00,100 גרם,false,,6.70,0.0385,true,1,1608488
4009900479998,false,מסטיק אורביט בקבוקון,אורביט,,מסטיק אורביט בקבוקון,גרמים,1.40,100 גרם,false,,8.00,5.7143,true,1,1608495
4009900482417,false,מסטיק אורביט בקבוקון,אורביט,,מסטיק אורביט בקבוקון,גרמים,46.00,100 גרם,false,,8.00,0.1739,true,1,1608497
4009900484305,false,אורביט בקבוקון 60יח,אורביט,,אורביט בקבוקון 60יח,יח',1.00,יח',false,,11.00,11.0000,true,1,1608501
4009900487283,false,מארז חמישיית אורביט,אורביט,,מארז חמישיית אורביט,גרמים,13.00,5 גרם,false,,8.50,0.6538,true,1,1608502
4009900491044,false,אירוויבז בקבוקון 60י,,,אירוויבז בקבוקון 60י,יח',1.00,יח',false,,11.00,11.0000,true,1,4635738
4009900496247,false,אורביט בקבוק בטעם בב,,,אורביט בקבוק בטעם בב,יח',1.00,יח',false,,11.00,11.0000,true,1,2666096
4009900500166,false,סקיטלס פירות בקבוקון,,,סקיטלס פירות בקבוקון,גרמים,125.00,100 גרם,false,,6.80,0.0544,true,1,2253636
4009900509770,false,אורביט בקבוקון 60 יח,אורביט,,אורביט בקבוקון 60 יח,גרמים,84.00,100 גרם,false,,11.00,0.1310,true,1,1608512
4009900514996,false,מסטיק אורביט בקבוקון,אורביט,,מסטיק אורביט בקבוקון,גרמים,46.00,100 גרם,false,,8.00,0.1739,true,1,1958108
4009900521581,false,אורביט סוכריות מנטה,,,אורביט סוכריות מנטה,גרמים,77.00,גרם,false,,7.60,0.0987,true,1,3054859
4009900521611,false,אורביט סוכריות דובדב,,,אורביט סוכריות דובדב,גרמים,77.00,גרם,false,,7.60,0.0987,true,1,3054860
4009900531122,false,מסטיק אורביט בקבוקון,,,מסטיק אורביט בקבוקון,גרמים,64.00,100 גרם,false,,8.00,0.1250,true,1,4496350
4009900531573,false,סוכריות סקיטלס סמודי,,,סוכריות סקיטלס סמודי,גרמים,174.00,100 גרם,false,,6.80,0.0391,true,1,4635782
4009900532327,false,סקיטלס סוכריות סמודי,,,סקיטלס סוכריות סמודי,גרמים,38.00,100 גרם,false,,2.50,0.0658,true,1,4635783
4009900534918,false,סקיטלס ג'איינט פירות,,,סקיטלס ג'איינט פירות,גרמים,141.00,100 גרם,false,,6.80,0.0482,true,1,5298545
4009900535519,false,מסטיק אורביט רפרשרס,,,מסטיק אורביט רפרשרס,יח',1.00,יח',false,,3.20,3.2000,true,1,5289869
4009900535823,false,מסטיק אורביט רפרשרס,,,מסטיק אורביט רפרשרס,יח',1.00,יח',false,,3.20,3.2000,true,1,5289899
4009900536257,false,מסטיק אורביט רפרשרס,,,מסטיק אורביט רפרשרס,יח',1.00,יח',false,,10.20,10.2000,true,1,5289871
4009900536288,false,מסטיק אורביט רפרשרס,,,מסטיק אורביט רפרשרס,יח',1.00,יח',false,,10.20,10.2000,true,1,5289872
4009900536486,false,מסטיק אורביט רפרשרס,,,מסטיק אורביט רפרשרס,יח',1.00,יח',false,,10.20,10.2000,true,1,5289873
4009900539340,false,סקיטלס ג'איינט סאוור,,,סקיטלס ג'איינט סאוור,גרמים,141.00,100 גרם,false,,6.80,0.0482,true,1,5333785
4009900539401,false,מסטיק פייב טעם מנטה,,,מסטיק פייב טעם מנטה,יח',1.00,יח',false,,3.20,3.2000,true,1,5355412
4009900539432,false,מסטיק פייב אבטיח,,,מסטיק פייב אבטיח,יח',1.00,יח',false,,3.20,3.2000,true,1,5355413
4009900539685,false,מסטיק בקבוקון פייב מ,,,מסטיק בקבוקון פייב מ,יח',1.00,יח',false,,10.20,10.2000,true,1,5355414
4009900539746,false,מסטיק בקבוקון פייב ב,,,מסטיק בקבוקון פייב ב,יח',1.00,יח',false,,10.20,10.2000,true,1,5355415
4009900540551,false,מסטיק אורביט רפרשס ט,,,מסטיק אורביט רפרשס ט,יח',1.00,יח',false,,10.20,10.2000,true,1,5339931
4010492052629,false,אתנה סטיק רך לחתול ע,,,אתנה סטיק רך לחתול ע,יח',1.00,יח',false,,13.60,13.6000,true,1,5039742
4010492961723,false,אתנה סטיק סלמון,,,אתנה סטיק סלמון,יח',1.00,יח',false,,13.60,13.6000,true,1,5039751
4011100002227,false,שקית מיני גדולה באונ,באונטי,,שקית מיני גדולה באונ,גרמים,403.00,100 גרם,false,,17.00,0.0422,true,1,1580643
4011800528416,false,קורני בייס סוויט אנד,,,קורני בייס סוויט אנד,גרמים,150.00,100 גרם,false,,9.30,0.0620,true,1,5186938
4011800567613,false,קורני מילק דארק וויט,,DE,קורני סנדוויץ שחור ולבן ע,גרמים,120.00,100 גרם,false,,9.30,0.0775,true,1,1600348
4011800577810,false,קורני פרי נוגט 6*20,,,קורני פרי נוגט 6*20,גרמים,120.00,100 גרם,false,,9.30,0.0775,true,1,5333763
4011800628512,false,קורני בייס שוקולד חל,Schwartauer,DE,קורני עם שוקולד חלב - 1X6,גרמים,150.00,100 גרם,false,,9.30,0.0620,true,1,1600371
4011800629519,false,קורני בייס נאטס 150,Schwartauer,DE,קורני עם אגוזים 1X6,גרמים,150.00,100 גרם,false,,9.30,0.0620,true,1,1600372
4011800630515,false,קורני עם שוקולד חלב,Schwartauer,DE,קורני עם שוקולד חלב ובננה,גרמים,150.00,100 גרם,false,,9.30,0.0620,true,1,1600373
4011800632519,false,קורני עם שוקולד חלב,Schwartauer,DE,קורני עם שוקולד חלב וקוקו,גרמים,150.00,100 גרם,false,,9.30,0.0620,true,1,1600375
4011800633516,false,קורני בייס שוקולד מר,Schwartauer,DE,קורני עם שוקולד מריר מעול,גרמים,138.00,100 גרם,false,,9.30,0.0674,true,1,1600376
4011800636517,false,"קורני ""פרי ""עם שוקול",Schwartauer,DE,"קורני ""פרי ""עם שוקולד חלב",גרמים,120.00,100 גרם,false,,9.30,0.0775,true,1,1600378
4014388000213,false,פחית בירה רדברגר 500,,,פחית בירה רדברגר 500,מיליליטרים,500.00,"100 מ""ל",false,,7.70,0.0154,true,1,4531787
4014400900217,false,בונבוניירה מרסי 400,מרסי,,בונבוניירה מרסי 400,גרמים,400.00,100 גרם,false,,34.10,0.0853,true,1,1584637
4014400901191,false,בונבוניירה שוקולד מר,מרסי,,בונבוניירה שוקולד מר,גרמים,250.00,100 גרם,false,,21.30,0.0852,true,1,1584639
4014400901405,false,שוקולד חלב מרסי 250,מרסי,,שוקולד חלב מרסי 250,גרמים,250.00,100 גרם,false,,21.30,0.0852,true,1,1584640
4014400903409,false,בונבוניירה שוקולד אג,טופיפי,,בונבוניירה שוקולד אג,גרמים,250.00,100 גרם,false,,20.90,0.0836,true,1,1584642
4014400904277,false,סוכריות בטעם מנטה אי,אייס פרש,,סוכריות בטעם מנטה אי,גרמים,425.00,100 גרם,false,,12.70,0.0299,true,1,1584643
4014400904307,false,סוכריות בטעם פירות ק,סטורק,,סוכריות בטעם פירות ק,גרמים,425.00,100 גרם,false,,12.70,0.0299,true,1,1584644
4014400904376,false,סוכריות טופי בטעם שו,סטורק,,סוכריות טופי בטעם שו,גרמים,325.00,100 גרם,false,,12.70,0.0391,true,1,1584647
4014400904390,false,סוכריות טופי ממולא ח,סטורק,,סוכריות טופי ממולא ח,גרמים,325.00,100 גרם,false,,12.70,0.0391,true,1,1584648
4014400907902,false,סוכריות חמאה ללא תוס,וורטר'ס אורגינל,,סוכריות חמאה ללא תוס,גרמים,42.00,100 גרם,false,,5.00,0.1190,true,1,1584649
4014400913910,false,סוכריות וורטרס אורגי,ליימן-שליסל,,סוכריות וורטרס אורגי,גרמים,125.00,100 גרם,false,,6.80,0.0544,true,1,1584659
4014400914696,false,סוכריות וורטר ללא תו,מנטוס,,סוכריות וורטר ללא תו,גרמים,80.00,100 גרם,false,,6.80,0.0850,true,1,1584664
4014400914924,false,סוכריות וורטר קפה לל,מנטוס,,סוכריות וורטר קפה לל,גרמים,80.00,100 גרם,false,,6.80,0.0850,true,1,1584665
4014400920857,false,סוכריות וורטר ללא תו,מנטוס,,סוכריות וורטר ללא תו,גרמים,70.00,100 גרם,false,,6.80,0.0971,true,1,1584669
4014400923711,false,בונבוניירה שוקולד אג,טופיפי,,בונבוניירה שוקולד אג,גרמים,125.00,100 גרם,false,,10.20,0.0816,true,1,2177212
4014400929010,false,חטיף וופל מיני קנופר,,,חטיף וופל מיני קנופר,גרמים,200.00,100 גרם,false,,17.00,0.0850,true,1,5347232
4014400931327,false,וורטרס אורגינל חטיף,,,וורטרס אורגינל חטיף,גרמים,160.00,100 גרם,false,,12.70,0.0794,true,1,5360642
4015000280372,false,דאודורנט רול און בני,פה,,דאודורנט רול און בני,100 מל,50.00,100 מל,false,,8.50,0.1700,true,1,1573470
4015000615891,false,פה דאו ספריי אקווה 2,פה,,פה דאו ספריי אקווה 2,מיליליטרים,200.00,"100 מ""ל",false,,8.50,0.0425,true,1,1573493
4015000615921,false,דאודורנט ספריי פה -ס,פה,,דאודורנט ספריי פה -ס,מיליליטרים,200.00,"100 מ""ל",false,,8.50,0.0425,true,1,1573494
4015000940955,false,גליס שמפו לשיער פגום,גליס,,גליס שמפו לשיער פגום,מיליליטרים,400.00,"100 מ""ל",false,,11.00,0.0275,true,1,1573506
4015000996235,false,מרכך משקם אקספרס גלי,שוורצקוף,,מרכך משקם אקספרס גלי,מיליליטרים,200.00,"100 מ""ל",false,,21.30,0.1065,true,1,1573530
4015000997430,false,דאו פה ספורט ספריי,הנקל,,דאו פה ספורט ספריי,מיליליטרים,200.00,"100 מ""ל",false,,8.50,0.0425,true,1,1573534
4015100204087,false,סאיוס ספריי לשיער סל,,,סאיוס ספריי לשיער סל,מיליליטרים,250.00,"100 מ""ל",false,,25.60,0.1024,true,1,4198182
4015100297928,false,גליס קונדישינר משקם,,,גליס קונדישינר משקם,מיליליטרים,200.00,"100 מ""ל",false,,21.30,0.1065,true,1,5217985
4015400564034,false,אולוויז מגן תחתון לו,אולווייז,,אולוויז מגן תחתון לו,יח',58.00,יח',false,,14.40,0.2483,true,1,1592552
4015400564454,false,אולוויז מגן תחתון לא,אולווייז,,אולוויז מגן תחתון לא,יח',68.00,יח',false,,14.40,0.2118,true,1,1592555
4015400598329,false,אולוויז קוואטרו נורמ,אולווייז,,אולוויז קוואטרו נורמ,יח',56.00,יח',false,,25.50,0.4554,true,1,1592561
4015400598381,false,אולוויז קוואטרו לונג,אולווייז,,אולוויז קוואטרו לונג,יח',48.00,יח',false,,25.50,0.5313,true,1,1592562
4015400598411,false,אולוויז קוואטרו לילה,אולווייז,,אולוויז קוואטרו לילה,יח',40.00,יח',false,,25.50,0.6375,true,1,1592563
4015400681670,false,אולוויז תחבושות לילה,דיפלומט,,אולוויז תחבושות לילה,יח',18.00,יח',false,,14.40,0.8000,true,1,1592581
4015400695677,false,פמפרס בייבי דריי מיד,,,פמפרס בייבי דריי מיד,יח',1.00,יח',false,,55.50,55.5000,true,1,5354318
4015400731719,false,אולוויז תחבושות וליו,,,אולוויז תחבושות וליו,יח',20.00,יח',false,,14.40,0.7200,true,1,1592592
4015400746812,false,אולוויז מגן תחתון נו,אולווייז,,אולוויז מגן תחתון נו,יח',80.00,יח',false,,14.40,0.1800,true,1,1706393
4015400755241,false,אולוויז תחבושות נורמ,,,אולוויז תחבושות נורמ,יח',28.00,יח',false,,14.40,0.5143,true,1,1592601
4015400755487,false,אולוויז תחבושות סגול,,,אולוויז תחבושות סגול,יח',24.00,יח',false,,14.40,0.6000,true,1,1592603
4015600762742,false,שמפו אנד שולדרס קלאס,הד אנד שולדרס,,שמפו אנד שולדרס קלאס,מיליליטרים,500.00,"100 מ""ל",false,,15.30,0.0306,true,1,1592626
4015600762780,false,שמפו אנד שולדרס 2ב1,הד אנד שולדרס,,שמפו אנד שולדרס 2ב1,מיליליטרים,500.00,"100 מ""ל",false,,15.30,0.0306,true,1,1592627
4015600762902,false,שמפו האד אנד שולדרס,הד אנד שולדרס,,שמפו האד אנד שולדרס,מיליליטרים,500.00,"100 מ""ל",false,,15.30,0.0306,true,1,1592630
4015600762940,false,שמפו האד אנד שולדרס,הד אנד שולדרס,,שמפו האד אנד שולדרס,מיליליטרים,500.00,"100 מ""ל",false,,15.30,0.0306,true,1,1592631
4015600763022,false,שמפו האד אנד שולדרס,הד אנד שולדרס,,שמפו האד אנד שולדרס,מיליליטרים,500.00,"100 מ""ל",false,,15.30,0.0306,true,1,1592633
4015600766900,false,שמפו הד אנד שולדרס 2,הד אנד שולדרס,,שמפו הד אנד שולדרס 2,מיליליטרים,500.00,"100 מ""ל",false,,15.30,0.0306,true,1,1592639
4015600810849,false,דאודורנט ג'ילט קליר,קליר,,דאודורנט ג'ילט קליר,מטרים,75.00,100 מ'ל,false,,12.70,0.1693,true,1,1592648
4017100160110,false,וופל קרמי שוקולד 75,,,וופל קרמי שוקולד 75,גרמים,75.00,100 גרם,false,,6.80,0.0907,true,1,5226459
4017100160417,false,וופלקרמי וניל 75 גר,,,וופלקרמי וניל 75 גר,גרמים,75.00,100 גרם,false,,5.90,0.0787,true,1,5226460
4017100198151,false,עוגיות היט 220 ג,היט,,עוגיות היט 220 ג,גרמים,220.00,100 גרם,false,,6.70,0.0305,true,1,1584676
4017100219900,false,גליליות וופל חלב וופ,וופלטן,,גליליות וופל חלב וופ,גרמים,100.00,100 גרם,false,,9.30,0.0930,true,1,1584681
4017100290503,false,בלזן בסקויט מצופה שו,,,בלזן בסקויט מצופה שו,גרמים,125.00,100 גרם,false,,9.30,0.0744,true,1,5364026
4017100364112,false,עוגיות היט 220 ג,היט,,עוגיות היט 220 ג,גרמים,220.00,100 גרם,false,,6.70,0.0305,true,1,1584689
4018344511188,false,לרסן סלמון פראי ברוט,,,לרסן סלמון פראי ברוט,גרמים,200.00,100 גרם,false,,9.80,0.0490,true,1,5386525
4018344564610,false,לרסן פילה הרינג ברוט,,,לרסן פילה הרינג ברוט,גרמים,200.00,100 גרם,false,,8.10,0.0405,true,1,5386526
4018344564641,false,לרסן פילה הרינג ברוט,,,לרסן פילה הרינג ברוט,גרמים,200.00,100 גרם,false,,8.10,0.0405,true,1,5386527
4018722102656,false,ספגטי כוסמין אורגניו,,,ספגטי כוסמין אורגניו,גרמים,500.00,100 גרם,false,,13.60,0.0272,true,1,3754352
4022025001905,false,בלו מבעבע זהב כשר,,,בלו מבעבע זהב כשר,מיליליטרים,750.00,"100 מ""ל",false,,42.70,0.0569,true,1,4500853
4022025001929,false,בלו כחול מבעבע כשר,,,בלו כחול מבעבע כשר,מיליליטרים,750.00,"100 מ""ל",false,,42.70,0.0569,true,1,4500855
4022025002100,false,בלו מבעבע רוזה כשר,,,בלו מבעבע רוזה כשר,מיליליטרים,750.00,"100 מ""ל",false,,42.70,0.0569,true,1,4970296
4022025261002,false,"בלו וויין 750 מ""ל",,,"בלו וויין 750 מ""ל",מיליליטרים,750.00,"100 מ""ל",false,,38.40,0.0512,true,1,2640405
4025700001962,false,מילקה שוקולד לבן 100,,,מילקה שוקולד לבן 100,גרמים,100.00,100 גרם,false,,5.00,0.0500,true,1,5244767
4028208000284,false,מליטה נייר פילטר מספ,Melitta Kaffee GmbH,DE,מליטה נייר פילטר מספר 80,יח',44.00,יח',false,,10.20,0.2318,true,1,1600382
4045787068238,false,פרוטאין קולור 10 בלו,הנקל,,פרוטאין קולור 10 בלו,מטרים,60.00,100 מ'ל,false,,13.60,0.2267,true,1,1573542
4045787068252,false,פרוטאין קולור 1000.1,הנקל,,פרוטאין קולור 1000.1,מטרים,60.00,100 מ'ל,false,,13.60,0.2267,true,1,1573544
4045787068290,false,פרוטאין קולור 3 חום,הנקל סוד,,פרוטאין קולור 3 חום,מטרים,60.00,100 מ'ל,false,,13.60,0.2267,true,1,1573546
4045787068306,false,פרוטאין קולור מס4,הנקל,,פרוטאין קולור מס4,מטרים,100.00,100 מ'ל,false,,13.60,0.1360,true,1,1573547
4045787068320,false,פרוטאין קולור חום מס,הנקל סוד,,פרוטאין קולור חום מס,יח',1.00,יח',false,,13.60,13.6000,true,1,1573549
4045787068375,false,פרוטאין קולור 6 בלונ,הנקל,,פרוטאין קולור 6 בלונ,מטרים,60.00,100 מ'ל,false,,13.60,0.2267,true,1,1573554
4045787068498,false,פרוטאין קולור 7.3 דב,הנקל,,פרוטאין קולור 7.3 דב,מטרים,60.00,100 מ'ל,false,,13.60,0.2267,true,1,1573564
4045787068542,false,פרוטאין קולור 8 בלונ,הנקל,,פרוטאין קולור 8 בלונ,מטרים,60.00,100 מ'ל,false,,13.60,0.2267,true,1,1573568
4053700292455,false,ויט רצועות שעווה מוכ,ויט,FR,Veet CWS Regular Skin Mis,יח',12.00,יח',false,,17.00,1.4167,true,1,1593031
4056800943739,false,קרם חמצן וולוקסון 6%,דיפלומט,,קרם חמצן וולוקסון 6%,יח',1.00,יח',false,,3.30,3.3000,true,1,1592680
4056800943791,false,קרם חמצן וולוקסון 9%,דיפלומט,,קרם חמצן וולוקסון 9%,100 מל,60.00,100 מל,false,,3.30,0.0550,true,1,1592681
4061445096702,false,דוידוף פיין ארומה 10,,,דוידוף פיין ארומה 10,גרמים,100.00,100 גרם,false,,19.60,0.1960,true,1,5410445
4066600601920,false,פאולנר ביתר חיטה מעו,,,פאולנר ביתר חיטה מעו,מיליליטרים,500.00,"100 מ""ל",false,,8.50,0.0170,true,1,5228671
4066600999614,false,פאולנר 500 מל,,,פאולנר 500 מל,מיליליטרים,500.00,"100 מ""ל",false,,9.40,0.0188,true,1,2253273
4067700014849,false,"יגרמייסטר 70 ס""ל",ייגרמייסטר,DE,"יגרמייסטר 70 ס""ל כשר",מיליליטרים,750.00,"100 מ""ל",false,,72.60,0.0968,true,1,1834861
4072700001775,false,פרנזיסקאנר בירה פחית,,,פרנזיסקאנר בירה פחית,מיליליטרים,500.00,"100 מ""ל",false,,7.70,0.0154,true,1,3417011
4072700003649,false,פרנזיסקאנר בירה מעונ,באקס,,פרנזיסקאנר בירה מעונ,מיליליטרים,500.00,"100 מ""ל",false,,8.50,0.0170,true,1,2253650
4084500065536,false,קרם לשיער פנטן לחות,פנטן,,קרם לשיער פנטן לחות,מיליליטרים,300.00,"100 מ""ל",false,,12.70,0.0423,true,1,1592683
4084500088917,false,נוזל כלים פיירי לימו,פיירי,,נוזל כלים פיירי לימו,מיליליטרים,650.00,"100 מ""ל",false,,9.30,0.0143,true,1,1592688
4084500149526,false,נוזל כביסה טייד 2.48,טייד,,נוזל כביסה טייד 2.48,ליטרים,2.48,ליטר,false,,21.30,8.5887,true,1,1592691
4084500178137,false,נוזל כביסה טייד 4 לי,טייד,,נוזל כביסה טייד 4 לי,ליטרים,4.00,ליטר,false,,27.30,6.8250,true,1,1592692
4084500853836,false,נוזל כלים פיירי ורדי,פרוקטר אנד גמבל,,נוזל כלים פיירי ורדי,מיליליטרים,515.00,"100 מ""ל",false,,7.60,0.0148,true,1,1592706
4084500853898,false,נוזל כלים פיירי אלוו,פרוקטר אנד גמבל,,נוזל כלים פיירי אלוו,מיליליטרים,515.00,"100 מ""ל",false,,7.60,0.0148,true,1,1592707
4100130937163,false,"בירה בקס 6* 275 מ""ל",,,"בירה בקס 6* 275 מ""ל",מיליליטרים,275.00,"100 מ""ל",false,,21.50,0.0782,true,1,2253651
4100470106700,false,חומץ תפוח אורגני,,,חומץ תפוח אורגני,מיליליטרים,750.00,"100 מ""ל",false,,17.10,0.0228,true,1,4914951
4105120623941,false,ויינשטפן 500 מל,,,ויינשטפן 500 מל,מיליליטרים,500.00,"100 מ""ל",false,,9.60,0.0192,true,1,2774976
4260147890551,false,אטריות ביצים רצועות,דין שיווק,,אטריות ביצים רצועות,גרמים,500.00,100 גרם,false,,8.50,0.0170,true,1,1572065
4260147890711,false,אטריות ביצים מגולגלו,דין שיווק,,אטריות ביצים מגולגלו,גרמים,500.00,100 גרם,false,,8.50,0.0170,true,1,1572067
4600659010854,false,"סטולי פרימיום 70 ס""ל",סטוליצ'ניה,LV,"סטוליצ'ניה פרימיום 70 ס""ל",מיליליטרים,700.00,"100 מ""ל",false,,51.20,0.0731,true,1,1585684
4600659011059,false,סטולי פרימיום ליטר,סטוליצ'ניה,LV,סטוליצ'ניה פרימיום ליטר ל,ליטרים,1.00,ליטר,false,,68.30,68.3000,true,1,1585685
4603928000976,false,"בלוגה Nobel 700 מ""ל",,,"בלוגה Nobel 700 מ""ל",מטרים,700.00,100 מ'ל,false,,98.90,0.1413,true,1,5320792
4604248000554,false,מיונז פרובנסל 800 גר,,,מיונז פרובנסל 800 גר,גרמים,800.00,100 גרם,false,,16.20,0.0202,true,1,5315645
4604248003517,false,חרדל 140ג,,,חרדל 140ג,גרמים,140.00,100 גרם,false,,4.70,0.0336,true,1,5315618
4607012351005,false,גרעיני חמניות קלויים,,,גרעיני חמניות קלויים,גרמים,215.00,100 גרם,false,,11.00,0.0512,true,1,5245162
4607012351999,false,גרעיני חמניות קלויים,,,גרעיני חמניות קלויים,גרמים,215.00,100 גרם,false,,11.00,0.0512,true,1,5245163
4607012352453,false,גרעיני חמניות קלויים,,,גרעיני חמניות קלויים,גרמים,166.00,100 גרם,false,,8.50,0.0512,true,1,5245164
4640018993343,false,פיניש קואנטום 30קפ ש,,,פיניש קואנטום 30קפ ש,יח',1.00,יח',false,,29.80,29.8000,true,1,5244146
4640018993350,false,פיניש קואנטום 30קפ ש,,,פיניש קואנטום 30קפ ש,יח',1.00,יח',false,,34.00,34.0000,true,1,5244147
4640018993398,false,פיניש קואנטום 60יח ש,,,פיניש קואנטום 60יח ש,יח',1.00,יח',false,,50.30,50.3000,true,1,5241779
4710068001692,false,מאסטר קפה לאטה פחית,,,מאסטר קפה לאטה פחית,מיליליטרים,240.00,"100 מ""ל",false,,5.00,0.0208,true,1,1969681
4710068001715,false,מאסטר קפה טירמיסו 24,,,מאסטר קפה טירמיסו 24,מיליליטרים,240.00,"100 מ""ל",false,,5.00,0.0208,true,1,1969682
4710068001739,false,מאסטר קפה קולומביאני,,,מאסטר קפה קולומביאני,מיליליטרים,240.00,"100 מ""ל",false,,5.00,0.0208,true,1,1969683
4710068002798,false,מאסטר קפה וונילה פחי,,,מאסטר קפה וונילה פחי,יח',1.00,יח',false,,5.00,5.0000,true,1,4861536
4710964170799,false,שומשום שחור קלוי 91,מזרח ומערב,,שומשום שחור קלוי 91,גרמים,91.00,100 גרם,false,,14.00,0.1538,true,1,1589324
4740098090137,false,בירה IPA לבנה,,,בירה IPA לבנה,יח',1.00,יח',false,,7.70,7.7000,true,1,5312014
4740098098331,false,קוקטייל בלו לגון אה,,,קוקטייל בלו לגון אה,מטרים,330.00,100 מ'ל,false,,8.50,0.0258,true,1,5383926
4740098098355,false,קוקטייל מוחיטו,,,קוקטייל מוחיטו,מיליליטרים,620.00,"100 מ""ל",false,,8.50,0.0137,true,1,5368796
4740098098379,false,קוקטייל מרגריטה,,,קוקטייל מרגריטה,מיליליטרים,620.00,"100 מ""ל",false,,8.50,0.0137,true,1,5368777
4740098098393,false,קוקטייל סאן און דה ב,,,קוקטייל סאן און דה ב,מיליליטרים,620.00,"100 מ""ל",false,,8.50,0.0137,true,1,5368852
4750142002078,false,בירה צ'סו יורמלה 500,,,בירה צ'סו יורמלה 500,מטרים,500.00,100 מ'ל,false,,5.90,0.0118,true,1,5375596
4750142002719,false,בירה צ'סו יורמלה לא,,,בירה צ'סו יורמלה לא,מטרים,500.00,100 מ'ל,false,,5.90,0.0118,true,1,5375597
4750142003426,false,בירה פילסנר פחית 500,,,בירה פילסנר פחית 500,מטרים,500.00,100 מ'ל,false,,5.90,0.0118,true,1,5347266
4750142005000,false,בירה צ'סו כהה,,,בירה צ'סו כהה,מיליליטרים,568.00,"100 מ""ל",false,,7.30,0.0129,true,1,5382198
4750142016518,false,בירה צ'סו לא מסונן,,,בירה צ'סו לא מסונן,מיליליטרים,500.00,"100 מ""ל",false,,7.30,0.0146,true,1,5245168
4750142021505,false,בירה פילזנר צ'סו,,,בירה פילזנר צ'סו,מיליליטרים,500.00,"100 מ""ל",false,,5.90,0.0118,true,1,5245169
4750616000258,false,דגי שפרוטים גדולים מ,,,דגי שפרוטים גדולים מ,גרמים,215.00,100 גרם,false,,6.80,0.0316,true,1,5245140
4750616000593,false,דגי שפרוטים גדולים מ,,,דגי שפרוטים גדולים מ,גרמים,215.00,100 גרם,false,,6.80,0.0316,true,1,5245141
4750616001651,false,דגי שפרוטים גדולים מ,,,דגי שפרוטים גדולים מ,גרמים,215.00,100 גרם,false,,6.80,0.0316,true,1,5245171
4751007738095,false,לרסן סלט סלמון מקסיק,,,לרסן סלט סלמון מקסיק,גרמים,220.00,100 גרם,false,,9.80,0.0445,true,1,5386558
4751007738101,false,לרסן סלט סלמון איטלק,,,לרסן סלט סלמון איטלק,גרמים,220.00,100 גרם,false,,9.80,0.0445,true,1,5386559
4770577201204,false,סלק מבושל בוואקום 1,,,סלק מבושל בוואקום 1,קילוגרמים,1.00,"ק""ג",false,,9.90,9.9000,true,1,4227084
4796019790013,false,שמן קוקוס אורגני 300,,,שמן קוקוס אורגני 300,מיליליטרים,300.00,"100 מ""ל",false,,17.00,0.0567,true,1,3190350
4796019790020,false,שמן קוקוס אורגני 500,,,שמן קוקוס אורגני 500,מיליליטרים,500.00,"100 מ""ל",false,,23.80,0.0476,true,1,3754354
4796019790037,false,שמן קוקוס אורגני 1 ל,,,שמן קוקוס אורגני 1 ל,ליטרים,1.00,ליטר,false,,42.60,42.6000,true,1,3190351
4800888150080,false,דאב רולאון דאודורנט,דאב,,דאב רולאון דאודורנט,מטרים,50.00,100 מ'ל,false,,12.70,0.2540,true,1,1578692
4800888190529,false,דאב סטיק טאלק סופט 5,דאב,,דאב סטיק טאלק סופט 5,גרמים,50.00,100 גרם,false,,12.70,0.2540,true,1,1578703
4800888209368,false,רקסונה דאודורנט סטיק,,,רקסונה דאודורנט סטיק,יח',1.00,יח',false,,8.50,8.5000,true,1,5250396
4800888209382,false,רקסונה דאו סטיק לאשה,,,רקסונה דאו סטיק לאשה,מטרים,50.00,100 מ'ל,false,,11.00,0.2200,true,1,5256238
4800888209429,false,רקסונה דאודורנט סטיק,,,רקסונה דאודורנט סטיק,גרמים,50.00,100 גרם,false,,8.50,0.1700,true,1,5371392
4800888219527,false,דאב דאו סטיק אינוויז,,,דאב דאו סטיק אינוויז,יח',1.00,יח',false,,12.70,12.7000,true,1,5336277
4800888219534,false,דאב סטיק נשים אורגינ,,,דאב סטיק נשים אורגינ,גרמים,50.00,100 גרם,false,,12.70,0.2540,true,1,5311187
4800888219541,false,רקסונה סטיק פאודר 50,,,רקסונה סטיק פאודר 50,גרמים,50.00,100 גרם,false,,8.50,0.1700,true,1,5322738
4820034925546,false,בירה לאגר צאזז לייט,,,בירה לאגר צאזז לייט,מטרים,500.00,100 מ'ל,false,,3.40,0.0068,true,1,5365060
4820043010585,false,שמן פשתן סחיטה קרה 3,,,שמן פשתן סחיטה קרה 3,מטרים,350.00,100 מ'ל,false,,24.70,0.0706,true,1,5386502
4820163124124,false,וודקה חורטיצה גרין ל,,,וודקה חורטיצה גרין ל,מיליליטרים,700.00,"100 מ""ל",false,,47.00,0.0671,true,1,5290337
4820229031281,false,וודקה חורטיצה קחאסיק,,,וודקה חורטיצה קחאסיק,מיליליטרים,700.00,"100 מ""ל",false,,46.90,0.0670,true,1,5293617
4820229031311,false,חורטיצה פלטינום 700,,,חורטיצה פלטינום 700,מיליליטרים,700.00,"100 מ""ל",false,,46.90,0.0670,true,1,5276367
4820229031328,false,חורטיצה פלטינום 1000,,,חורטיצה פלטינום 1000,ליטרים,1.00,ליטר,false,,68.30,68.3000,true,1,5268950
4820229031380,false,וודקה חורטיצה פרימיו,,,וודקה חורטיצה פרימיו,מיליליטרים,700.00,"100 מ""ל",false,,46.90,0.0670,true,1,5238232
4860009000014,false,מיץ רימונים 100% 1 ל,תומר,,מיץ רימונים 100% 1 ל,ליטרים,1.00,ליטר,false,,13.60,13.6000,true,1,1573811
4891228302009,false,שיק היידרו סילק טרימ,,,שיק היידרו סילק טרימ,יחידה,1.00,יחידה,false,,38.40,38.4000,true,1,5383638
4891228308032,false,שיק אינטואישן אישה י,,,שיק אינטואישן אישה י,יח',1.00,יח',false,,51.20,51.2000,true,1,5245208
4891228308049,false,שיק היידרו גבר סנס י,,,שיק היידרו גבר סנס י,יח',1.00,יח',false,,51.20,51.2000,true,1,5245209
4891228430030,false,סכיני גילוח שיק נשים,,,סכיני גילוח שיק נשים,יח',5.00,יח',false,,8.50,1.7000,true,1,1574555
4891228430047,false,שיק אקזקטה 2 רגיש סכ,שיק,,שיק אקזקטה 2 רגיש סכ,יח',10.00,יח',false,,20.40,2.0400,true,1,1574556
4891228430054,false,סכיני גילוח שיק נשים,,,סכיני גילוח שיק נשים,יח',5.00,יח',false,,8.50,1.7000,true,1,1574557
4891228430061,false,סכיני גילוח לנשים עם,שיק,,סכיני גילוח לנשים עם,יח',10.00,יח',false,,20.40,2.0400,true,1,1574558
4891228430085,false,סכין גילוח שיק אקסטר,שיק,,סכין גילוח שיק אקסטר,יח',4.00,יח',false,,12.70,3.1750,true,1,1574559
4891228430092,false,סכיני גילוח לנשים שי,שיק,,סכיני גילוח לנשים שי,יח',4.00,יח',false,,12.70,3.1750,true,1,1574560
4891228460242,false,סכיני גילוח חד פעמיי,שיק,,סכיני גילוח חד פעמיי,יח',3.00,יח',false,,17.00,5.6667,true,1,1574565
4895060582292,false,אריזה משפחתית סוכריו,,,אריזה משפחתית סוכריו,גרמים,136.00,100 גרם,false,,12.70,0.0934,true,1,1585111
4903001904192,false,רוטב סויה יאמסה 500,ליימן-שליסל,,רוטב סויה יאמסה 500,מיליליטרים,500.00,"100 מ""ל",false,,15.00,0.0300,true,1,1584696
4903001925784,false,רוטב סויה יאמאסה פרי,ליימן-שליסל,,רוטב סויה יאמאסה פרי,מיליליטרים,500.00,"100 מ""ל",false,,15.00,0.0300,true,1,1584698
4903001930993,false,רוטב טריאקי יאמאסה,יאמאסה,JP,רוטב טריאקי יאמאסה,מיליליטרים,500.00,"100 מ""ל",false,,15.00,0.0300,true,1,1584699
4978094999219,false,מחית סויה לבנה-שירו,מזרח ומערב,,מחית סויה לבנה-שירו,גרמים,500.00,100 גרם,false,,11.90,0.0238,true,1,1589335
5000054353300,false,פריסקיז פטה סלמון 15,,,פריסקיז פטה סלמון 15,יח',1.00,יח',false,,5.90,5.9000,true,1,5391128
5000054355700,false,פריסקיז פטה הודו 1,,,פריסקיז פטה הודו 1,יח',1.00,יח',false,,5.90,5.9000,true,1,5391148
5000054357100,false,פריסקיז פטה מיקס גר,,,פריסקיז פטה מיקס גר,יח',1.00,יח',false,,5.90,5.9000,true,1,5391149
5000054359500,false,פריסקיז פטה כבד עוף,,,פריסקיז פטה כבד עוף,יח',1.00,יח',false,,5.90,5.9000,true,1,5391150
5000111047371,false,רוטב ברביקיו קלאסי 4,,,רוטב ברביקיו קלאסי 4,גרמים,465.00,100 גרם,false,,13.60,0.0292,true,1,2902296
5000146048671,false,סילבו מטליות לניקוי,RB איטליה,PT,SILVO IL WADDING 6X75G,גרמים,75.00,100 גרם,false,,11.00,0.1467,true,1,1593034
5000146048688,false,בראסו מטליות לניקוי,RB איטליה,PT,BRASO IL WADDING 6X75G,גרמים,75.00,100 גרם,false,,11.00,0.1467,true,1,1593035
5000146401568,false,ווליט דפים למניעת הע,וולייט,IT,Woolite Sheets*26,יח',10.00,יח',false,,11.00,1.1000,true,1,1593039
5000146980322,false,ויט קרם להסרת שיער ל,ויט,FR,Veet Creams Normal Skin 1,מטרים,100.00,100 מ'ל,false,,17.00,0.1700,true,1,1593040
5000157143365,false,רוטב טעם מיונז וקטשו,,,רוטב טעם מיונז וקטשו,מיליליטרים,425.00,"100 מ""ל",false,,12.70,0.0299,true,1,5226889
5000159020312,false,מלטיזרס חטיף 37 גרם,,,מלטיזרס חטיף 37 גרם,גרמים,37.00,100 גרם,false,,4.20,0.1135,true,1,1580649
5000159376792,false,סקיטלס סוכריות חמוץ,סקיטלס,,סקיטלס סוכריות חמוץ,גרמים,38.00,100 גרם,false,,2.50,0.0658,true,1,1608522
5000159407236,false,חטיף מרס שוקולד עם ק,מארס,,חטיף מרס שוקולד עם ק,גרמים,51.00,100 גרם,false,,3.30,0.0647,true,1,1580653
5000159459228,false,חטיף טוויקס שוקולד 5,טוויקס,,חטיף טוויקס שוקולד 5,גרמים,50.00,100 גרם,false,,3.30,0.0660,true,1,1580658
5000159461122,false,חטיף סניקרס שוקולד ו,סניקרס,,חטיף סניקרס שוקולד ו,גרמים,50.00,100 גרם,false,,3.30,0.0660,true,1,1580659
5000168199245,false,גודייבה שוקולד חלב ק,,,גודייבה שוקולד חלב ק,יח',1.00,יח',false,,12.70,12.7000,true,1,4396087
5000189974579,false,קיט קט מיני 200ג,,,קיט קט מיני 200ג,גרמים,200.00,100 גרם,false,,8.50,0.0425,true,1,3370108
5000204048711,false,קיווי להגנת נעלי ספו,,,קיווי להגנת נעלי ספו,מטרים,200.00,100 מ'ל,false,,13.60,0.0680,true,1,5327070
5000204048742,false,קיווי לבישום נעלי ספ,,,קיווי לבישום נעלי ספ,מטרים,100.00,100 מ'ל,false,,11.90,0.1190,true,1,5327071
5000204048803,false,קיווי לבישום נעלי ספ,,,קיווי לבישום נעלי ספ,מטרים,75.00,100 מ'ל,false,,13.60,0.1813,true,1,5327072
5000204114867,false,גלייד ארוסול בניחוח,,,גלייד ארוסול בניחוח,מיליליטרים,300.00,"100 מ""ל",false,,6.80,0.0227,true,1,5161706
5000204114898,false,גלייד ארוסול בניחוח,,,גלייד ארוסול בניחוח,מיליליטרים,300.00,"100 מ""ל",false,,6.80,0.0227,true,1,5161707
5000204114959,false,גלייד ארוסול בניחוח,,,גלייד ארוסול בניחוח,מיליליטרים,300.00,"100 מ""ל",false,,6.80,0.0227,true,1,5161709
5000204153842,false,גלייד מילוי אוטומטי,,,גלייד מילוי אוטומטי,מיליליטרים,269.00,"100 מ""ל",false,,11.90,0.0442,true,1,5262733
5000204153903,false,גלייד מילוי אוטומטי,גלייד,TR,גלייד מילוי אוטומטי מרכך,מיליליטרים,269.00,"100 מ""ל",false,,11.90,0.0442,true,1,5262961
5000204155723,false,גלייד מארז אוטומטי מ,,,גלייד מארז אוטומטי מ,מיליליטרים,269.00,"100 מ""ל",false,,34.10,0.1268,true,1,5262734
5000204155815,false,גלייד מארז אוטומטי ו,,,גלייד מארז אוטומטי ו,מיליליטרים,269.00,"100 מ""ל",false,,34.10,0.1268,true,1,5262735
5000204156218,false,גלייד מארז אוטומטי ל,,,גלייד מארז אוטומטי ל,מיליליטרים,635.00,"100 מ""ל",false,,38.40,0.0605,true,1,5262736
5000204167610,false,גלייד אירוסול פסטיבל,,,גלייד אירוסול פסטיבל,מטרים,300.00,100 מ'ל,false,,6.80,0.0227,true,1,5332757
5000204167856,false,גלייד מילוי אוטומטי,,,גלייד מילוי אוטומטי,מטרים,269.00,100 מ'ל,false,,11.90,0.0442,true,1,5332758
5000204182026,false,גלייד מוצק בניחוח או,,,גלייד מוצק בניחוח או,גרמים,180.00,100 גרם,false,,10.20,0.0567,true,1,5314498
5000204196658,false,רייד מילוי נוזל בודד,,,רייד מילוי נוזל בודד,יח',1.00,יח',false,,17.00,17.0000,true,1,5301665
5000204220933,false,רייד ארוסול קוטל מעו,,,רייד ארוסול קוטל מעו,מטרים,300.00,100 מ'ל,false,,13.60,0.0453,true,1,5352645
5000204225655,false,גלייד מילוי אוטומטי,,,גלייד מילוי אוטומטי,מטרים,269.00,100 מ'ל,false,,11.90,0.0442,true,1,5332759
5000204226256,false,גלייד אירוסול מסיבת,,,גלייד אירוסול מסיבת,מטרים,300.00,100 מ'ל,false,,6.80,0.0227,true,1,5332760
5000204243000,false,דאק נוזל אפרסק 750 מ,,,דאק נוזל אפרסק 750 מ,יח',1.00,יח',false,,7.60,7.6000,true,1,5352647
5000204243031,false,דאק נוזל ירח פורח 75,,,דאק נוזל ירח פורח 75,יח',1.00,יח',false,,7.60,7.6000,true,1,5352648
5000204657883,false,קיווי קופסא חום (קטן,קיווי,ID,קיווי קופסא חום (קטן) 50מ,100 מל,50.00,100 מל,false,,5.00,0.1000,true,1,1600399
5000204657913,false,קיווי קופסא שחור(קטן,קיווי,ID,קיווי קופסא שחור(קטן) 50מ,100 מל,50.00,100 מל,false,,5.00,0.1000,true,1,1600400
5000204658064,false,קיווי אקספרס ספוג הב,קיווי,ID,קיווי אקספרס ספוג הברקה ש,100 מל,6.00,100 מל,false,,11.90,1.9833,true,1,1600401
5000204658187,false,קיווי קראון נוזלי מב,קיווי,ID,קיווי קראון נוזלי מבריק ש,100 מל,75.00,100 מל,false,,12.10,0.1613,true,1,1600403
5000204661392,false,קיווי אקסטרא לארג' ש,קיווי,ID,קיווי אקסטרא לארג' שחור(ג,100 מל,100.00,100 מל,false,,8.50,0.0850,true,1,1600407
5000204886566,false,פלדג' 473 ORANGE OIL,פלדג,US,"פלדג' 473 ORANGE OILמ""ל",מיליליטרים,475.00,"100 מ""ל",false,,19.60,0.0413,true,1,1600413
5000209145514,false,מי פה פלאקס אייס קול,קולגייט,,מי פה פלאקס אייס קול,מיליליטרים,250.00,"100 מ""ל",false,,8.50,0.0340,true,1,1574567
5000394137486,false,דורסל אופטימום רביעי,,,דורסל אופטימום רביעי,יח',1.00,יח',false,,15.20,15.2000,true,1,5328530
5000396037531,false,מקוויטיס ביסקוויט מצ,,,מקוויטיס ביסקוויט מצ,גרמים,200.00,100 גרם,false,,9.30,0.0465,true,1,2955990
5010026515933,false,מוזלי קריספי פירות ו,,,מוזלי קריספי פירות ו,גרמים,750.00,100 גרם,false,,20.40,0.0272,true,1,5301457
5010026515940,false,מורנפלייק מוזלי פרוט,,,מורנפלייק מוזלי פרוט,גרמים,750.00,100 גרם,false,,20.40,0.0272,true,1,5352670
5010026519368,false,מורנפלייק שיבולת שוע,,,מורנפלייק שיבולת שוע,גרמים,500.00,100 גרם,false,,6.80,0.0136,true,1,5279501
5010038454831,false,בקבוק בירה בלומון 33,,,בקבוק בירה בלומון 33,מיליליטרים,355.00,"100 מ""ל",false,,11.10,0.0313,true,1,5100654
5010182996799,false,דאק ג'ל אסלה פרחי בר,DEOFLOR,IT,דאק ג'ל אסלה פרחי בר ורוד,מטרים,55.00,100 מ'ל,false,,8.50,0.1545,true,1,1600417
5010182997253,false,רייד קוטל ג'וקים 300,רייד,NL,"RAIDקוטל ג'וקים 300מ""ל",מיליליטרים,300.00,"100 מ""ל",false,,11.90,0.0397,true,1,1600419
5010182997680,false,רייד קוטל נמלים 300מ,רייד,NL,"RAIDקוטל נמלים 300מ""ל",מיליליטרים,300.00,"100 מ""ל",false,,11.90,0.0397,true,1,1600424
5010182997918,false,ט.ד ג'ל אסלה ניחוח י,DEOFLOR,IT,ט.ד ג'ל אסלה ניחוח ים כחו,גרמים,55.00,100 גרם,false,,8.50,0.1545,true,1,1600425
5010182998847,false,דאק ג'ל נוזל בניחוח,SC Jonson,NL,"טואלט דאק נוזל כחול 750מ""",מיליליטרים,750.00,"100 מ""ל",false,,7.60,0.0101,true,1,1600426
5010182998861,false,דאק ג'ל נוזל רענן 75,SC Jonson,NL,"טואלט דאק נוזל ירוק 750מ""",מיליליטרים,750.00,"100 מ""ל",false,,7.60,0.0101,true,1,1600427
5010327000046,false,"גרנטס וויסקי 70 ס""ל",ויליאם גרנט,,"גרנט'ס וויסקי 70 ס""ל",מיליליטרים,700.00,"100 מ""ל",false,,64.10,0.0916,true,1,1585689
5010677551281,false,בקרדי בריזר לימון 27,בקרדי,DE,בקרדי בריזר לימון 275 בקב,מיליליטרים,275.00,"100 מ""ל",false,,11.10,0.0404,true,1,1574055
5010677551397,false,בקרדי בריזר לימון לי,טמפו,,בקרדי בריזר לימון לי,מיליליטרים,275.00,"100 מ""ל",false,,11.10,0.0404,true,1,1574056
5010677552387,false,בקרדי בריזר אננס 275,בקרדי,DE,בקרדי בריזר אננס 275 בקבו,מיליליטרים,275.00,"100 מ""ל",false,,11.10,0.0404,true,1,1574057
5010677554398,false,בקרדי בריזר אבטיח 27,בקרדי,DE,בקרדי בריזר אבטיח 275 בקב,מיליליטרים,275.00,"100 מ""ל",false,,11.10,0.0404,true,1,1574058
5010677714006,false,בומביי ספייר 700 מל,,,בומביי ספייר 700 מל,יח',1.00,יח',false,,94.00,94.0000,true,1,5298511
5010677850100,false,"גרייגוס 700 מ""ל",,,"גרייגוס 700 מ""ל",יח',1.00,יח',false,,89.70,89.7000,true,1,4727878
5011007003005,false,וויסקי אירי ג'יימסון,,,וויסקי אירי ג'יימסון,מטרים,700.00,100 מ'ל,false,,88.90,0.1270,true,1,5320823
5011026108033,false,טולמור דיו וויסקי אי,,,טולמור דיו וויסקי אי,מיליליטרים,700.00,"100 מ""ל",false,,72.60,0.1037,true,1,1945212
5011157630281,false,אורז טילדה 1 קג,טילדה,,אורז טילדה 1 קג,גרמים,1000.00,100 גרם,false,,17.00,0.0170,true,1,1566483
5011157671222,false,טילדה אורז בסמטי חום,,,טילדה אורז בסמטי חום,גרמים,1000.00,100 גרם,false,,17.00,0.0170,true,1,5319604
5011157730271,false,טילדה אורז יסמין 1 ק,,,טילדה אורז יסמין 1 ק,גרמים,1000.00,100 גרם,false,,17.00,0.0170,true,1,5319605
5011311150709,false,וויסקי אולד קליפר 70,,,וויסקי אולד קליפר 70,מיליליטרים,700.00,"100 מ""ל",false,,59.80,0.0854,true,1,1581749
5011408040791,false,דרמו רויטליפט לילה,,,דרמו רויטליפט לילה,מטרים,50.00,100 מ'ל,false,,50.30,1.0060,true,1,5226857
5011417547885,false,אירוויק מקלות ניחוח,,,אירוויק מקלות ניחוח,מטרים,50.00,100 מ'ל,false,,12.60,0.2520,true,1,1866573
5013931015741,false,ידית הפלא לשטיפת כלי,,,ידית הפלא לשטיפת כלי,יח',1.00,יח',false,,17.00,17.0000,true,1,5290305
5013931015802,false,מארז 3יח ספוגי החלפה,,,מארז 3יח ספוגי החלפה,יח',1.00,יח',false,,17.00,17.0000,true,1,5352618
5013931016359,false,מארז 3יח ספוגי ניקוי,,,מארז 3יח ספוגי ניקוי,יח',1.00,יח',false,,17.00,17.0000,true,1,5352619
5014271300429,false,"מעדן בטעם משמש לל""ס",סאנט דלפור,,"מעדן בטעם משמש לל""ס",גרמים,284.00,100 גרם,false,,16.90,0.0595,true,1,1581202
5014271310428,false,מעדן בטעם דובדבנים ש,סאנט דלפור,,מעדן בטעם דובדבנים ש,גרמים,284.00,100 גרם,false,,16.90,0.0595,true,1,1581203
5014271330426,false,מעדן אוכמניות כחולות,סאנט דלפור,,מעדן אוכמניות כחולות,גרמים,284.00,100 גרם,false,,16.90,0.0595,true,1,1581204
5014271350424,false,מעדן בטעם ארבע פירות,סאנט דלפור,,מעדן בטעם ארבע פירות,גרמים,284.00,100 גרם,false,,16.90,0.0595,true,1,1581205
5014271400426,false,מעדן בטעם תות שדה לל,סאנט דלפור,,מעדן בטעם תות שדה לל,גרמים,284.00,100 גרם,false,,16.90,0.0595,true,1,1581210
5014271560427,false,מעדן תפוז וג'ינג'ר ל,סאנט דלפור,,מעדן תפוז וג'ינג'ר ל,גרמים,284.00,100 גרם,false,,16.90,0.0595,true,1,1581211
5014271795980,false,מעדן חמוציות ואוכמני,סאנט דלפור,,מעדן חמוציות ואוכמני,גרמים,284.00,100 גרם,false,,16.90,0.0595,true,1,1581213
5021349700197,false,סקוטי פייפרס קלן,,,סקוטי פייפרס קלן,יח',1.00,יח',false,,55.50,55.5000,true,1,5308775
5029053002408,false,נייר טואלט פרימיום ל,קלינקס,,נייר טואלט פרימיום ל,יח',9.00,יח',false,,25.60,2.8444,true,1,1566722
5029053002439,false,נייר טואלט פרימיום צ,קלינקס,,נייר טואלט פרימיום צ,יח',9.00,יח',false,,25.60,2.8444,true,1,1585353
5029053039725,false,טישו קלינקס נטורל פר,,,טישו קלינקס נטורל פר,יח',1.00,יח',false,,8.50,8.5000,true,1,5332147
5029053510811,false,תחבושות נורמל פלוס ע,קוטקס,,תחבושות נורמל פלוס ע,יח',28.00,יח',false,,13.60,0.4857,true,1,1585357
5029053527574,false,תחתוני ספיגה לתופעת,האגיס,,תחתוני ספיגה לתופעת,יח',10.00,יח',false,,30.70,3.0700,true,1,1566723
5029053534589,false,טמפונים מיני קוטקס 3,קוטקס,,טמפונים מיני קוטקס 3,יח',32.00,יח',false,,19.60,0.6125,true,1,1585364
5029053534596,false,טמפונים נורמל קוטקס,קוטקס,,טמפונים נורמל קוטקס,יח',32.00,יח',false,,19.60,0.6125,true,1,1585365
5029053534602,false,טמפונים סופר קוטקס 3,קוטקס,,טמפונים סופר קוטקס 3,יח',32.00,יח',false,,19.60,0.6125,true,1,1585366
5029053578309,false,טישו קלינקס קוביה או,,,טישו קלינקס קוביה או,יח',1.00,יח',false,,5.90,5.9000,true,1,5332148
5029054220085,false,מגבוני האגיס רך הנול,,,מגבוני האגיס רך הנול,יח',56.00,יח',false,,21.30,0.3804,true,1,4188893
5035766044673,false,סיידר תפוחים סטרונגב,טמפו,BE,סיידר תפוחים סטרונגבאו 33,מיליליטרים,330.00,"100 מ""ל",false,,6.40,0.0194,true,1,1574060
5035766060253,false,מרפיס 500מל פחית,טמפו,IE,מרפיס 500 פחית 24 יח',מיליליטרים,500.00,"100 מ""ל",false,,11.10,0.0222,true,1,1574061
5050083559761,false,דגני בוקר קלוגס קוקו,קלוגס,DE,קלוגס קוקו פופס שוקוס 500,גרמים,500.00,100 גרם,false,,12.70,0.0254,true,1,1584107
5053827215862,false,קלוגס קוקו פופס 500,,,קלוגס קוקו פופס 500,גרמים,500.00,100 גרם,false,,16.10,0.0322,true,1,5226891
5059001003713,false,ארוויק מקלות תאנה פ.,,,ארוויק מקלות תאנה פ.,מטרים,30.00,100 מ'ל,false,,12.60,0.4200,true,1,5416174
5060045588128,false,ג'ים בים לבן כשר,,,ג'ים בים לבן כשר,מיליליטרים,700.00,"100 מ""ל",false,,68.30,0.0976,true,1,3855378
5060255492154,false,אברקלין 6 ליטר (תכלת,,,אברקלין 6 ליטר (תכלת,יח',1.00,יח',false,,49.50,49.5000,true,1,5039912
5060412214124,false,אוור קלין צהוב חדש 6,,,אוור קלין צהוב חדש 6,יח',1.00,יח',false,,51.20,51.2000,true,1,5243720
5060517886486,false,משקה אנרגיה קלאסי מו,,,משקה אנרגיה קלאסי מו,מיליליטרים,500.00,"100 מ""ל",false,,5.60,0.0112,true,1,5224613
5060517886516,false,משקה אנרגיה זירו מונ,,,משקה אנרגיה זירו מונ,מיליליטרים,500.00,"100 מ""ל",false,,5.60,0.0112,true,1,5224614
5060639128051,false,משקה אנרגיה אולטרה מ,,,משקה אנרגיה אולטרה מ,מיליליטרים,500.00,"100 מ""ל",false,,5.60,0.0112,true,1,5264475
5060639129102,false,משקה אנרגיה קלאסי מו,,,משקה אנרגיה קלאסי מו,מיליליטרים,500.00,"100 מ""ל",false,,5.60,0.0112,true,1,5292193
5060751218173,false,משקה אנרגיה קלאסי מו,,,משקה אנרגיה קלאסי מו,מיליליטרים,500.00,"100 מ""ל",false,,5.60,0.0112,true,1,5373684
5060751219033,false,משקה אנרגיה קלאסי מו,,,משקה אנרגיה קלאסי מו,מיליליטרים,500.00,"100 מ""ל",false,,5.60,0.0112,true,1,5373685
5099864006377,false,תחליף חלב מהדרין שלב,סימילאק,ES,SIMILAC LAMEHADRIN - 1 90,גרמים,900.00,100 גרם,false,,59.70,0.0663,true,1,1583369
5099864006384,false,תחליף חלב למהדרין של,סימילאק,ES,SIMILAC LAMEHADRIN - 2 90,גרמים,900.00,100 גרם,false,,59.70,0.0663,true,1,1583370
5099864006391,false,תחליף חלב למהדרין של,סימילאק,ES,SIMILAC LAMEHADRIN - 3 90,גרמים,900.00,100 גרם,false,,59.70,0.0663,true,1,1583371
5099873006504,false,ג'ק דניאלס קינמון 70,,,ג'ק דניאלס קינמון 70,יח',1.00,יח',false,,85.40,85.4000,true,1,5298527
5200133120735,false,גליליות וופלים 400 ג,,,גליליות וופלים 400 ג,גרמים,500.00,100 גרם,false,,15.30,0.0306,true,1,5226892
5201004020338,false,קפריס רול קלאסי 400,,,קפריס רול קלאסי 400,גרמים,400.00,100 גרם,false,,16.80,0.0420,true,1,1709896
5201015011981,false,אוזו דקה מס 10 700מל,,,אוזו דקה מס 10 700מל,מטרים,700.00,100 מ'ל,false,,68.30,0.0976,true,1,5355333
5201143734141,false,צבע שיער סאיוס אולאו,,,צבע שיער סאיוס אולאו,יח',1.00,יח',false,,23.80,23.8000,true,1,5260039
5201178801054,false,קרם רב שימושי ניוואה,ניוואה,,קרם רב שימושי ניוואה,מיליליטרים,250.00,"100 מ""ל",false,,17.00,0.0680,true,1,1581997
5201246002215,false,בירה פילס הילאס 500,,,בירה פילס הילאס 500,מיליליטרים,500.00,"100 מ""ל",false,,4.70,0.0094,true,1,5244726
5201340003385,false,טונה מעושנת עם שמן ס,,,טונה מעושנת עם שמן ס,גרמים,160.00,100 גרם,false,,12.70,0.0794,true,1,5336116
5201340003392,false,טונה מעושנת עם לימון,,,טונה מעושנת עם לימון,גרמים,160.00,100 גרם,false,,12.70,0.0794,true,1,5336117
5201347160326,false,קלגון ג'ל למניעת אבנ,,,קלגון ג'ל למניעת אבנ,מיליליטרים,750.00,"100 מ""ל",false,,25.60,0.0341,true,1,2980794
5201940010011,false,זיתים שחורים וילי פו,וילי פוד,,זיתים שחורים וילי פו,גרמים,250.00,100 גרם,false,,12.20,0.0488,true,1,1583518
5201940010110,false,זיתים שחורים קלמטה ו,וילי פוד,,זיתים שחורים קלמטה ו,גרמים,250.00,100 גרם,false,,12.70,0.0508,true,1,1583519
5202175001515,false,נאצוס בטעם מלוח 225,,,נאצוס בטעם מלוח 225,גרמים,225.00,100 גרם,false,,9.00,0.0400,true,1,3181785
5202175001546,false,נאצוס בטעם ברביקיו 2,,,נאצוס בטעם ברביקיו 2,גרמים,100.00,100 גרם,false,,8.50,0.0850,true,1,3181787
5202175002451,false,"טורטיה 25 ס""מ (4 יח'",,,"טורטיה 25 ס""מ (4 יח'",יח',4.00,יח',false,,7.60,1.9000,true,1,1599493
5202287008020,false,צלחות חד פעמיות גדול,לפיד,,צלחות חד פעמיות גדול,יח',50.00,יח',false,,10.20,0.2040,true,1,1604282
5202390019319,false,מוצרלה טבעונית מגורד,,,מוצרלה טבעונית מגורד,גרמים,100.00,100 גרם,false,,18.70,0.1870,true,1,3828619
5202390021121,false,קרמי אורגינל טבעוני,,,קרמי אורגינל טבעוני,גרמים,150.00,100 גרם,false,,16.10,0.1073,true,1,4505937
5202429109394,false,זיתים מושחרים 820 גר,,,זיתים מושחרים 820 גר,גרמים,820.00,100 גרם,false,,17.00,0.0207,true,1,5347268
5202522128995,false,כדור משחק 23 סמ PVC,,,כדור משחק 23 סמ PVC,יח',1.00,יח',false,,11.00,11.0000,true,1,5345271
5391523057929,false,סימילאק גולד שלב 1 7,,,סימילאק גולד שלב 1 7,גרמים,700.00,100 גרם,false,,59.70,0.0853,true,1,3804960
5391523057936,false,סימילאק גולד שלב 2 7,,,סימילאק גולד שלב 2 7,גרמים,700.00,100 גרם,false,,59.70,0.0853,true,1,3804961
5391523057943,false,סימילאק גולד שלב 3 7,,,סימילאק גולד שלב 3 7,גרמים,700.00,100 גרם,false,,59.70,0.0853,true,1,3804962
5391523058063,false,סימילאק אדוונס פלוס,,,סימילאק אדוונס פלוס,גרמים,700.00,100 גרם,false,,55.40,0.0791,true,1,4065125
5391523058070,false,סימילאק אדוונס פלוס,,,סימילאק אדוונס פלוס,גרמים,700.00,100 גרם,false,,55.40,0.0791,true,1,4065126
5391523058087,false,סימילאק אדוונס פלוס,,,סימילאק אדוונס פלוס,גרמים,700.00,100 גרם,false,,55.40,0.0791,true,1,4065127
5410091648176,false,דאודורנט רול און Pin,פה,,דאודורנט רול און Pin,מטרים,50.00,100 מ'ל,false,,8.50,0.1700,true,1,1573585
5410091677992,false,סאיוס ספריי מקס הולד,שוורצקוף,,סאיוס ספריי מקס הולד,מיליליטרים,400.00,"100 מ""ל",false,,21.30,0.0533,true,1,1573586
5410091678005,false,סאיוס ספריי ווליום ל,שוורצקוף,,סאיוס ספריי ווליום ל,מיליליטרים,400.00,"100 מ""ל",false,,23.80,0.0595,true,1,1573587
5410091708955,false,סאיוס ספריי שיין אנד,שוורצקוף,,סאיוס ספריי שיין אנד,מיליליטרים,400.00,"100 מ""ל",false,,23.80,0.0595,true,1,1573591
5410103161518,false,דרמו פעולה משולשת רג,לוריאל,,דרמו פעולה משולשת רג,מטרים,50.00,100 מ'ל,false,,38.40,0.7680,true,1,1569762
5410103161617,false,דרמו פעולה משולשת יב,לוריאל,,דרמו פעולה משולשת יב,מטרים,50.00,100 מ'ל,false,,38.40,0.7680,true,1,1569763
5410126006087,false,עוגיות לוטוס ביסקויט,לוטוס,BE,עוגיות לוטוס 700 גרם,גרמים,700.00,100 גרם,false,,17.00,0.0243,true,1,1584120
5410126006360,false,לוטוס עוגיות סנדויץ,,,לוטוס עוגיות סנדויץ,גרמים,150.00,100 גרם,false,,7.60,0.0507,true,1,5329047
5410126106183,false,עוגיות לוטוס קרמל 50,לוטוס,BE,"ביסקויט קרמל 312 גרם בד""צ",גרמים,312.00,100 גרם,false,,14.40,0.0462,true,1,1584123
5410126116953,false,ממרח לוטוס ביסקויט ק,לוטוס,BE,ממרח עוגיות לוטוס קרמל,גרמים,400.00,100 גרם,false,,17.00,0.0425,true,1,1584124
5410126666038,false,עוגיות לוטוס 279 גר,,,עוגיות לוטוס 279 גר,גרמים,279.00,100 גרם,false,,8.50,0.0305,true,1,4189032
5410126716016,false,עוגיות לוטוס ביסקויט,לוטוס,BE,ביסקויט בטעם קרמל לוטוס 2,גרמים,250.00,100 גרם,false,,9.30,0.0372,true,1,1584125
5410126726947,false,ממרח לוטוס ביסקויט ק,לוטוס,BE,ממרח עוגיות לוטוס קראנץ',גרמים,380.00,100 גרם,false,,17.00,0.0447,true,1,1584126
5410173210055,false,רומבוסט קפה טחון וקל,רומבוסט,,רומבוסט קפה טחון וקל,גרמים,70.00,100 גרם,false,,12.70,0.1814,true,1,1584703
5410228146162,false,"בירה בראון לף 330 מ""",לאף,,"בירה בראון לף 330 מ""",מיליליטרים,330.00,"100 מ""ל",false,,6.80,0.0206,true,1,1570870
5410228267515,false,בירה בדוויזר שישייה,,,בירה בדוויזר שישייה,יח',1.00,יח',false,,25.80,25.8000,true,1,5013140
5410291021991,false,צוקטה ממרח אגוזי לוז,נאטרא מאלה,BE,צוקטה ממרח אגוזי לוז,גרמים,700.00,100 גרם,false,,16.90,0.0241,true,1,1584705
5410291022011,false,צוקטה ממרח אגוזי לוז,נאטרא מאלה,BE,צוקטה ממרח אגוזי לוז,גרמים,350.00,100 גרם,false,,10.10,0.0289,true,1,1584706
5410291022738,false,ממרח אגוזים צוקטה 35,,,ממרח אגוזים צוקטה 35,גרמים,350.00,100 גרם,false,,10.10,0.0289,true,1,2145747
5410291022752,false,צוקטה ממרח אגוזי לוז,נאטרא מאלה,BE,צוקטה ממרח אגוזי לוז,גרמים,385.00,100 גרם,false,,10.10,0.0262,true,1,2097302
5410291022776,false,צוקטה ממרח אגוזי לוז,נאטרא מאלה,BE,צוקטה ממרח אגוזי לוז,גרמים,700.00,100 גרם,false,,16.90,0.0241,true,1,2097303
5410316983693,false,"אייס סמירנוף 275 מ""ל",סמירנוף,,"אייס סמירנוף 275 מ""ל",מיליליטרים,275.00,"100 מ""ל",false,,10.00,0.0364,true,1,1570873
5410769100081,false,בירה לה שוף קטן 330,,,בירה לה שוף קטן 330,מיליליטרים,330.00,"100 מ""ל",false,,11.90,0.0361,true,1,3173869
5410769200088,false,בירה מק שוף קטן 330,,,בירה מק שוף קטן 330,מיליליטרים,330.00,"100 מ""ל",false,,11.90,0.0361,true,1,3173870
5410769800097,false,בירה צ'רי שוף 8% 330,,,בירה צ'רי שוף 8% 330,מיליליטרים,330.00,"100 מ""ל",false,,11.90,0.0361,true,1,3173899
5411188080268,false,אלפרו משקה סויה אורג,אלפרו,,אלפרו משקה סויה אורג,ליטרים,1.00,ליטר,false,,11.00,11.0000,true,1,1574568
5411188081852,false,אלפרו משקה סויה וניל,אלפרו,,אלפרו משקה סויה וניל,ליטרים,1.00,ליטר,false,,10.20,10.2000,true,1,1574569
5411188094173,false,אלפרו מעדן סויה בטעם,,,אלפרו מעדן סויה בטעם,גרמים,100.00,100 גרם,false,,14.40,0.1440,true,1,2475361
5411188110835,false,אלפרו משקה שקדים 1 ל,אלפרו,,אלפרו משקה שקדים 1 ל,ליטרים,1.00,ליטר,false,,11.00,11.0000,true,1,1574575
5411188112549,false,אלפרו משקה אורז 1 לי,אלפרו,,אלפרו משקה אורז 1 לי,ליטרים,1.00,ליטר,false,,11.00,11.0000,true,1,1574578
5411188112709,false,משקה שקדים אלפרו ללת,אלפרו,,משקה שקדים אלפרו ללת,ליטרים,1.00,ליטר,false,,11.00,11.0000,true,1,1574579
5411188115366,false,אלפרו משקה שיבולת שו,אלפרו,,אלפרו משקה שיבולת שו,ליטרים,1.00,ליטר,false,,11.00,11.0000,true,1,1574582
5411188115434,false,אלפרו בריסטה סויה 1,,,אלפרו בריסטה סויה 1,ליטרים,1.00,ליטר,false,,11.90,11.9000,true,1,5357166
5411188115472,false,אלפרו חלב סויה 1 לי,,,אלפרו חלב סויה 1 לי,יח',1.00,יח',false,,10.20,10.2000,true,1,5267160
5411188118732,false,אלפרו משקה קוקוס שקד,אלפרו,,אלפרו משקה קוקוס שקד,ליטרים,1.00,ליטר,false,,11.90,11.9000,true,1,1574586
5411188120742,false,אלפרו משקה שקדים בטע,אלפרו,,אלפרו משקה שקדים בטע,ליטרים,1.00,ליטר,false,,11.00,11.0000,true,1,1574589
5411188120957,false,אלפרו קוקוס לבישול 2,,,אלפרו קוקוס לבישול 2,מטרים,250.00,100 מ'ל,false,,8.30,0.0332,true,1,5355235
5411188121923,false,משקה סויה מועשר סידן,,,משקה סויה מועשר סידן,מיליליטרים,750.00,"100 מ""ל",false,,12.60,0.0168,true,1,3468165
5411188121978,false,משקה סויה מועשר סידן,,,משקה סויה מועשר סידן,מיליליטרים,750.00,"100 מ""ל",false,,12.70,0.0169,true,1,3357186
5411188122586,false,אלפרו משקה שקדים 250,,,אלפרו משקה שקדים 250,מיליליטרים,250.00,"100 מ""ל",false,,5.60,0.0224,true,1,2475362
5411188122661,false,"אלפרו משקה שקדים לל""",,,"אלפרו משקה שקדים לל""",ליטרים,1.00,ליטר,false,,11.90,11.9000,true,1,2475363
5411188124689,false,אלפרו משקה שיבולת שו,,,אלפרו משקה שיבולת שו,ליטרים,1.00,ליטר,false,,11.00,11.0000,true,1,5275300
5411188124726,false,אלפרו משקה שיבולת שו,,,אלפרו משקה שיבולת שו,ליטרים,1.00,ליטר,false,,11.00,11.0000,true,1,3279778
5411188127697,false,אלפרו בריסטה שיבולת,,,אלפרו בריסטה שיבולת,ליטרים,1.00,ליטר,false,,9.30,9.3000,true,1,5267162
5411188129899,false,אלפרו בריסטה שקדים 1,,,אלפרו בריסטה שקדים 1,ליטרים,1.00,ליטר,false,,9.30,9.3000,true,1,5267163
5411188134985,false,אלפרו 3.5% שיבולת שו,,,אלפרו 3.5% שיבולת שו,גרמים,1000.00,100 גרם,false,,11.90,0.0119,true,1,5317923
5411188135005,false,אלפרו 1.8% שיבולת שו,,,אלפרו 1.8% שיבולת שו,גרמים,1000.00,100 גרם,false,,11.90,0.0119,true,1,5317924
5411188300328,false,אלפרו משקה סויה שוקו,אלפרו,,אלפרו משקה סויה שוקו,ליטרים,1.00,ליטר,false,,10.20,10.2000,true,1,1574591
5411188513483,false,אלפרו סויה לבישול 14,,,אלפרו סויה לבישול 14,מטרים,250.00,100 מ'ל,false,,6.80,0.0272,true,1,5347174
5411188543398,false,אלפרו חלב סויה ללא ס,,,אלפרו חלב סויה ללא ס,יח',1.00,יח',false,,10.20,10.2000,true,1,5267164
5411681014005,false,דובל בירה 8.5% 330 מ,מבשלת דובל,BE,דובל בירה 8.5% 330 מ,מיליליטרים,330.00,"100 מ""ל",false,,11.10,0.0336,true,1,1585694
5411681038001,false,מרדסו בירה חזקה 10%,מבשלת דובל,BE,מרדסו בירה חזקה 10%,מיליליטרים,330.00,"100 מ""ל",false,,11.00,0.0333,true,1,1585695
5412533002287,false,נוזל לניקוי אסלות,,,נוזל לניקוי אסלות,מיליליטרים,750.00,"100 מ""ל",false,,16.20,0.0216,true,1,5252900
5412533419702,false,מרכך כביסה 750 מל,,,מרכך כביסה 750 מל,מיליליטרים,750.00,"100 מ""ל",false,,13.60,0.0181,true,1,5252901
5412865030668,false,דקיקי מנטה 200 גרם,,,דקיקי מנטה 200 גרם,גרמים,200.00,100 גרם,false,,13.50,0.0675,true,1,2835621
5413216990242,false,צ'וקטה צדפי שוקולד 2,נאטראג'קאלי,BE,צ'וקטה צדפי שוקולד 2,גרמים,250.00,100 גרם,false,,12.70,0.0508,true,1,1584710
5413548040479,false,בונבוניירה רפאלו 240,ליימן-שליסל,,בונבוניירה רפאלו 240,גרמים,240.00,100 גרם,false,,19.50,0.0813,true,1,1567024
5413548280189,false,קינדר שוקובון 125 גר,קינדר,,קינדר שוקובון 125 גר,גרמים,125.00,100 גרם,false,,10.20,0.0816,true,1,1608679
5566774569129,false,מברשת סיליקון איכותי,,,מברשת סיליקון איכותי,יח',1.00,יח',false,,8.50,8.5000,true,1,3778616
5566774569198,false,קולפן פטנט 3 מצבים,,,קולפן פטנט 3 מצבים,יח',1.00,יח',false,,17.00,17.0000,true,1,3778623
5566774569464,false,כותש שום מקצועי,,,כותש שום מקצועי,יח',1.00,יח',false,,17.00,17.0000,true,1,4191605
5566774570026,false,צידנית מתקפלת איכותי,,,צידנית מתקפלת איכותי,יח',1.00,יח',false,,17.00,17.0000,true,1,4849665
5566774570385,false,מסננת איכותית 7.5 אי,,,מסננת איכותית 7.5 אי,יח',1.00,יח',false,,11.00,11.0000,true,1,5173397
5566774570439,false,פורס ביצה משובח,,,פורס ביצה משובח,יח',1.00,יח',false,,12.70,12.7000,true,1,5173402
5566774570675,false,מיני ווק,,,מיני ווק,יח',1.00,יח',false,,24.70,24.7000,true,1,5228291
5566774570798,false,רבעיית מברשות שיניים,,,רבעיית מברשות שיניים,יח',1.00,יח',false,,8.50,8.5000,true,1,5265970
5566774570804,false,רבעיית מברשות שיניים,,,רבעיית מברשות שיניים,יח',1.00,יח',false,,8.50,8.5000,true,1,5265971
5566774570811,false,רבעיית מברשות שיניים,,,רבעיית מברשות שיניים,יח',1.00,יח',false,,8.50,8.5000,true,1,5265972
5566774570828,false,זוג מברשות שיניים סי,,,זוג מברשות שיניים סי,יח',1.00,יח',false,,8.50,8.5000,true,1,5265973
5566774570866,false,ספוג רחצה פירות רמיל,,,ספוג רחצה פירות רמיל,יח',1.00,יח',false,,4.20,4.2000,true,1,5255109
5566774570873,false,רפפת רחצה רמילוי,,,רפפת רחצה רמילוי,יח',1.00,יח',false,,6.80,6.8000,true,1,5255110
5566774570897,false,ליפה רמילוי,,,ליפה רמילוי,יח',1.00,יח',false,,7.60,7.6000,true,1,5255112
5566774570910,false,ספוג רחצה דו צדדי זו,,,ספוג רחצה דו צדדי זו,יח',1.00,יח',false,,7.60,7.6000,true,1,5255114
5566774572228,false,קוצץ ירקות משובח פרי,,,קוצץ ירקות משובח פרי,יח',1.00,יח',false,,34.10,34.1000,true,1,5277804
5566774572457,false,יעה מוט מתקפל איטלקי,,,יעה מוט מתקפל איטלקי,יח',1.00,יח',false,,12.70,12.7000,true,1,5281278
5566774572495,false,משטח משובח לחיתוך וה,,,משטח משובח לחיתוך וה,יח',1.00,יח',false,,25.50,25.5000,true,1,5279200
5566774572648,false,שלישייה 60A E27 12W,,,שלישייה 60A E27 12W,יח',1.00,יח',false,,17.00,17.0000,true,1,5333316
5566774573119,false,מתקן לתליה למייבש שי,,,מתקן לתליה למייבש שי,יח',1.00,יח',false,,25.60,25.6000,true,1,5315435
5566774573683,false,"סוטאז גריל 34 ס""מ +מ",,,"סוטאז גריל 34 ס""מ +מ",יח',1.00,יח',false,,102.50,102.5000,true,1,5318474
5566774573720,false,צנצנת זכוכית עם מכסה,,,צנצנת זכוכית עם מכסה,יח',1.00,יח',false,,12.70,12.7000,true,1,5331302
5566774573751,false,רב שקע 6+מפסק+כבל עד,,,רב שקע 6+מפסק+כבל עד,יח',1.00,יח',false,,34.10,34.1000,true,1,5324533
5566774573782,false,מפצל חשמל 1ל 2 בליסט,,,מפצל חשמל 1ל 2 בליסט,יח',1.00,יח',false,,6.80,6.8000,true,1,5324536
5566774573898,false,מקציף לקפה,,,מקציף לקפה,יח',1.00,יח',false,,8.50,8.5000,true,1,5324247
5566774573935,false,סכין גמבו לאבטיח ולח,,,סכין גמבו לאבטיח ולח,יח',1.00,יח',false,,25.60,25.6000,true,1,5335061
5566774574116,false,אלמוגית משולשת ואקום,,,אלמוגית משולשת ואקום,יח',1.00,יח',false,,12.70,12.7000,true,1,5335063
5566774574154,false,אלמוגית ארוכה ואקום,,,אלמוגית ארוכה ואקום,יח',1.00,יח',false,,17.00,17.0000,true,1,5335636
5566774574222,false,שישיית כוסות קלאסיק,,,שישיית כוסות קלאסיק,יח',1.00,יח',false,,15.30,15.3000,true,1,5345548
5600395034076,false,טונה בהירה בשמן זית,,,טונה בהירה בשמן זית,גרמים,110.00,100 גרם,false,,7.60,0.0691,true,1,5307673
5600395034083,false,סרדינים בשמן זית אור,,,סרדינים בשמן זית אור,גרמים,150.00,100 גרם,false,,7.40,0.0493,true,1,5290626
5601008200444,false,עוגיות גודיס טבעות מ,גודיס,,עוגיות גודיס טבעות מ,גרמים,150.00,100 גרם,false,,5.00,0.0333,true,1,1566485
5601008200451,false,עוגיות גודיס טבעות מ,גודיס,,עוגיות גודיס טבעות מ,גרמים,150.00,100 גרם,false,,5.00,0.0333,true,1,1574592
5601008200468,false,עוגיות גודיס טבעות מ,גודיס,,עוגיות גודיס טבעות מ,גרמים,150.00,100 גרם,false,,5.00,0.0333,true,1,1574593
5601036205534,false,אקסלנס קרם 1 שחור,לוריאל,,אקסלנס קרם 1 שחור,יח',1.00,יח',false,,29.80,29.8000,true,1,1569765
5601036205596,false,אקסלנס קרם 5.3 חום ז,לוריאל,,אקסלנס קרם 5.3 חום ז,יח',1.00,יח',false,,29.80,29.8000,true,1,1569771
5601036205626,false,אקסלנס קרם 6 חום בהי,לוריאל,,אקסלנס קרם 6 חום בהי,יח',1.00,יח',false,,29.80,29.8000,true,1,1569774
5601036205725,false,אקסלנס קרם 10 בלונד,לוריאל,,אקסלנס קרם 10 בלונד,יח',1.00,יח',false,,29.80,29.8000,true,1,1569780
5601055005375,false,פינטרולס עדשי שוקול,,,פינטרולס עדשי שוקול,יח',1.00,יח',false,,6.80,6.8000,true,1,5272705
5701932026964,false,פופקורן למיקרוגל בתו,הוט פופ,,פופקורן למיקרוגל בתו,גרמים,600.00,100 גרם,false,,12.60,0.0210,true,1,1584711
5701932026971,false,פופקורן למיקרוגל בטע,הוט פופ,,פופקורן למיקרוגל בטע,גרמים,600.00,100 גרם,false,,12.60,0.0210,true,1,1584712
5701932026995,false,פופקורן למיקרוגל ליי,הוט פופ,,פופקורן למיקרוגל ליי,גרמים,510.00,100 גרם,false,,12.60,0.0247,true,1,1584713
5706516031358,false,פופקורן למיקרוגל מופ,הוט פופ,,פופקורן למיקרוגל מופ,גרמים,160.00,100 גרם,false,,12.60,0.0787,true,1,1584714
5708209201611,false,טורטיה אנטיקה קנטינה,לייטון פודס-קנטינה,DK,טורטיה מקמח חיטה קוטר 20,גרמים,340.00,100 גרם,false,,13.60,0.0400,true,1,1584129
5711953106583,false,ארלה גבינת שמנת טבעי,,,ארלה גבינת שמנת טבעי,גרמים,200.00,100 גרם,false,,11.80,0.0590,true,1,5005705
5711953106590,false,ארלה גבינת שמנת ושום,,,ארלה גבינת שמנת ושום,גרמים,200.00,100 גרם,false,,11.80,0.0590,true,1,5005706
5711953106606,false,ארלה גבינת שמנת עשבי,,,ארלה גבינת שמנת עשבי,גרמים,200.00,100 גרם,false,,11.80,0.0590,true,1,5005707
5740900403215,false,ממרח לורפק עם מלח 25,,,ממרח לורפק עם מלח 25,גרמים,250.00,100 גרם,false,,14.40,0.0576,true,1,4311724
5740900403222,false,ממרח לורפק 250 גר,,,ממרח לורפק 250 גר,גרמים,250.00,100 גרם,false,,14.40,0.0576,true,1,4311725
5740900403239,false,ממרח לורפק ללא תוספת,,,ממרח לורפק ללא תוספת,גרמים,250.00,100 גרם,false,,14.40,0.0576,true,1,4311726
5740900403246,false,ממרח לורפק ללא תוספת,,,ממרח לורפק ללא תוספת,גרמים,500.00,100 גרם,false,,23.80,0.0476,true,1,4311727
5740900403253,false,ממרח לורפק עם מלח 50,,,ממרח לורפק עם מלח 50,גרמים,500.00,100 גרם,false,,23.80,0.0476,true,1,4311728
5740900403260,false,ממרח לורפק ללא תוספת,,,ממרח לורפק ללא תוספת,גרמים,250.00,100 גרם,false,,14.40,0.0576,true,1,4311729
5900017062419,false,ניוואה תחליב רחצה ור,,,ניוואה תחליב רחצה ור,מיליליטרים,750.00,"100 מ""ל",false,,11.00,0.0147,true,1,5307767
5900020012814,false,דגנים תפוחים בטעם שו,נסטלה,,דגנים תפוחים בטעם שו,גרמים,500.00,100 גרם,false,,21.90,0.0438,true,1,1576700
5900020015174,false,פיטנס חטיפי אנרגיה ד,פיטנס,,פיטנס חטיפי אנרגיה ד,גרמים,141.00,100 גרם,false,,12.70,0.0901,true,1,1576701
5900020018908,false,פיטנס חטיפי אנרגיה ד,פיטנס,,פיטנס חטיפי אנרגיה ד,גרמים,141.00,100 גרם,false,,12.70,0.0901,true,1,1576709
5900020020710,false,מארז קראנץ בר שוקו ו,נסטלה,,מארז קראנץ בר שוקו ו,גרמים,150.00,100 גרם,false,,12.70,0.0847,true,1,1576710
5900020020741,false,נסקוויק בר דגנים שוק,נסטלה,,נסקוויק בר דגנים שוק,גרמים,150.00,100 גרם,false,,12.70,0.0847,true,1,1576711
5900020024817,false,פיטנס בר דליס שוקולד,נסטלה,,פיטנס בר דליס שוקולד,גרמים,135.00,100 גרם,false,,12.70,0.0941,true,1,1576715
5900020025647,false,פיטנס בר דליס שוקולד,נסטלה,,פיטנס בר דליס שוקולד,גרמים,135.00,100 גרם,false,,13.50,0.1000,true,1,1576717
5900020026552,false,האני נאט ציריוס 625,,,האני נאט ציריוס 625,גרמים,625.00,100 גרם,false,,20.40,0.0326,true,1,1576725
5900020029669,false,מארז חטיף פיטנס מארו,,,מארז חטיף פיטנס מארו,גרמים,141.00,100 גרם,false,,12.70,0.0901,true,1,2964728
5900020031877,false,צ'יריוס האני חטיף דג,,,צ'יריוס האני חטיף דג,גרמים,132.00,100 גרם,false,,12.70,0.0962,true,1,3970541
5900020032454,false,פיטנס מארז חטיף שברי,,,פיטנס מארז חטיף שברי,יח',1.00,יח',false,,12.70,12.7000,true,1,5298996
5900020032539,false,פיטנס מארז חטיף שוקו,,,פיטנס מארז חטיף שוקו,יח',1.00,יח',false,,12.70,12.7000,true,1,5298997
5900020033314,false,ליון חטיף דגנים מאגד,,,ליון חטיף דגנים מאגד,יח',1.00,יח',false,,12.70,12.7000,true,1,4362683
5900020034021,false,חטיף דגנים פיטנס שוק,,,חטיף דגנים פיטנס שוק,גרמים,141.00,100 גרם,false,,12.70,0.0901,true,1,4725090
5900020034991,false,קראנץ צדפים טעם שוקו,,,קראנץ צדפים טעם שוקו,גרמים,450.00,100 גרם,false,,18.70,0.0416,true,1,5151197
5900020036407,false,ליון דגני בוקר שוקול,,,ליון דגני בוקר שוקול,גרמים,480.00,100 גרם,false,,20.40,0.0425,true,1,5226663
5900020037916,false,צריוס שיבולת שועל,,,צריוס שיבולת שועל,גרמים,340.00,100 גרם,false,,12.70,0.0374,true,1,5294580
5900020039590,false,פיטנס חטיף דגנים קלא,,,פיטנס חטיף דגנים קלא,גרמים,141.00,100 גרם,false,,12.70,0.0901,true,1,5333337
5900020039620,false,פיטנס חטיף דגנים שקד,,,פיטנס חטיף דגנים שקד,גרמים,141.00,100 גרם,false,,12.70,0.0901,true,1,5333338
5900627063233,false,פיניש טבליות 50יח 1,פיניש,PL,"FINSH,IL,AIO48tabs-Morgan",יח',50.00,יח',false,,29.80,0.5960,true,1,1593100
5900627066715,false,פיניש 100 טבליות,,,פיניש 100 טבליות,100 יח',100.00,100 יח',false,,50.30,0.5030,true,1,2183543
5900951283963,false,חטיף סניקרס קרימי חמ,,,חטיף סניקרס קרימי חמ,יח',1.00,יח',false,,3.30,3.3000,true,1,5323720
5900951284571,false,פדיגרי בקר 400 גר,,,פדיגרי בקר 400 גר,יח',1.00,יח',false,,8.50,8.5000,true,1,5293719
5901414200411,false,עוגיות סנדוויץ' בטעם,היט,,עוגיות סנדוויץ' בטעם,גרמים,130.00,100 גרם,false,,5.00,0.0385,true,1,1584715
5901888020508,false,חטיף דגנים עם קינואה,,,חטיף דגנים עם קינואה,גרמים,70.00,100 גרם,false,,10.90,0.1557,true,1,5394754
5901888020560,false,חטיף דגנים עם קינואה,,,חטיף דגנים עם קינואה,גרמים,70.00,100 גרם,false,,10.90,0.1557,true,1,5394756
5902198160403,false,TEN XL פחית 250 מל,,,TEN XL פחית 250 מל,מיליליטרים,250.00,"100 מ""ל",false,,3.30,0.0132,true,1,2475021
5904941750312,false,משקה אנרגייה בלו מוח,בלו,,משקה אנרגייה בלו מוח,מיליליטרים,250.00,"100 מ""ל",false,,3.60,0.0144,true,1,1593355
5904941751302,false,משקה אנרגיה בלו 250,בלו,,משקה אנרגיה בלו 250,מיליליטרים,250.00,"100 מ""ל",false,,3.60,0.0144,true,1,1593359
5904941751371,false,משקה בלו אקזוטיק 250,,,משקה בלו אקזוטיק 250,מיליליטרים,250.00,"100 מ""ל",false,,3.60,0.0144,true,1,2901469
5904941751524,false,משקה אנרגייה בלו אבט,בלו,,משקה אנרגייה בלו אבט,מיליליטרים,250.00,"100 מ""ל",false,,3.60,0.0144,true,1,1593364
5904941751715,false,משקה אנרגיה חמוציות,בלו,,משקה אנרגיה חמוציות,מיליליטרים,250.00,"100 מ""ל",false,,3.60,0.0144,true,1,1593366
5904941751913,false,משקה בלו פסיפולרה 25,בלו,,משקה בלו פסיפולרה 25,מיליליטרים,250.00,"100 מ""ל",false,,3.60,0.0144,true,1,1593370
5904941751920,false,משקה אנרגייה בלו דיי,בלו,,משקה אנרגייה בלו דיי,מיליליטרים,250.00,"100 מ""ל",false,,3.60,0.0144,true,1,1593371
5904941751975,false,בלו משקה אנרגיה דיי,,,בלו משקה אנרגיה דיי,מטרים,250.00,100 מ'ל,false,,3.60,0.0144,true,1,5334760
5904941752262,false,"בלו לימון ליים לל""ס",,,"בלו לימון ליים לל""ס",יח',1.00,יח',false,,2.50,2.5000,true,1,5264657
5906485301012,false,"XL פחית 250 מ""ל",טמפו,IL,"XL 250 מ""ל פחית 24 יח'",מיליליטרים,250.00,"100 מ""ל",false,,3.30,0.0132,true,1,1574070
5941021000639,false,שוקולד חלב היידי אגו,,,שוקולד חלב היידי אגו,גרמים,100.00,100 גרם,false,,8.10,0.0810,true,1,4358319
5941021000899,false,שוקולד מריר היידי אג,,,שוקולד מריר היידי אג,גרמים,100.00,100 גרם,false,,8.10,0.0810,true,1,4358320
5941021002190,false,היידי גראנדור לבן אג,,,היידי גראנדור לבן אג,גרמים,100.00,100 גרם,false,,8.10,0.0810,true,1,5320980
5941021011147,false,טבלת היידי גראנדור פ,,,טבלת היידי גראנדור פ,גרמים,100.00,100 גרם,false,,8.10,0.0810,true,1,4663095
5941021014483,false,טבלת היידי גראנדור פ,,,טבלת היידי גראנדור פ,גרמים,100.00,100 גרם,false,,8.10,0.0810,true,1,5381646
5941021016401,false,היידי גראנדור מריר ש,,,היידי גראנדור מריר ש,גרמים,100.00,100 גרם,false,,8.10,0.0810,true,1,5320981
5941021022303,false,טבלת היידי מריר עם ד,,,טבלת היידי מריר עם ד,גרמים,80.00,100 גרם,false,,8.10,0.1012,true,1,5381647
5997321701806,false,קלגון אבקה למניעת אב,,,קלגון אבקה למניעת אב,לקג,1.00,לקג,false,,25.60,25.6000,true,1,2734818
5997321770307,false,ויט רצועות שעווה מוכ,,,ויט רצועות שעווה מוכ,יח',12.00,יח',false,,17.00,1.4167,true,1,3164360
5998623526739,false,סי גראס גוורצטרמינר,,,סי גראס גוורצטרמינר,מיליליטרים,750.00,"100 מ""ל",false,,25.60,0.0341,true,1,4684177
5999887183225,false,סבון אסלה שלישייה,,,סבון אסלה שלישייה,יח',3.00,יח',false,,8.50,2.8333,true,1,3083813
6001067017523,false,קולגייט מברשת ילדים,קולגייט,,קולגייט מברשת ילדים,יח',1.00,יח',false,,8.50,8.5000,true,1,1574594
6001067017530,false,מברשת קולגייט ילדים,קולגייט,,מברשת קולגייט ילדים,יח',1.00,יח',false,,8.50,8.5000,true,1,1574595
6111094000013,false,קוסקוס דארי בינוני1ק,תומר,,קוסקוס דארי בינוני1ק,לקג,1.00,לקג,false,,15.10,15.1000,true,1,1573819
6111094000198,false,קוסקוס דארי 350 גרם,,,קוסקוס דארי 350 גרם,גרמים,350.00,100 גרם,false,,5.90,0.0169,true,1,2902134
6111094000228,false,קוסקוס דארי דק 1ק'12,תומר,,קוסקוס דארי דק 1ק'12,100 לקג,1.00,100 לקג,false,,15.10,15.1000,true,1,1573820
6111094000273,false,דארי קוסקוס שעורה 50,,,דארי קוסקוס שעורה 50,גרמים,500.00,100 גרם,false,,7.40,0.0148,true,1,5337194
6111094000808,false,קוסקוס דארי בינוני 1,תומר,,קוסקוס דארי בינוני 1,קילוגרמים,1.00,"לק""ג",false,,15.10,15.1000,true,1,1573823
6118000061090,false,סרדינים מרוקאים בשמן,דין שיווק,,סרדינים מרוקאים בשמן,גרמים,125.00,100 גרם,false,,3.30,0.0264,true,1,1572073
6118000240501,false,סרדינים מרוקאים בשמן,דין שיווק,,סרדינים מרוקאים בשמן,יח',1.00,יח',false,,3.30,3.3000,true,1,1572074
6191546003823,false,אריסה טוניסאית 190 ג,,,אריסה טוניסאית 190 ג,גרמים,190.00,100 גרם,false,,8.50,0.0447,true,1,5336048
6201506010010,false,נר הבדלה דקורטיבי פי,שלהבת,,נר הבדלה דקורטיבי פי,מטרים,1.00,100 מ'ל,false,,12.70,12.7000,true,1,1606264
6224009175062,false,תחתיות ארטישוק 3-7 1,,,תחתיות ארטישוק 3-7 1,גרמים,1000.00,100 גרם,false,,15.30,0.0153,true,1,5273517
6224009175123,false,פול 1 קג,,,פול 1 קג,גרמים,1000.00,100 גרם,false,,11.90,0.0119,true,1,5273518
6224009175147,false,במיה 1קג,,,במיה 1קג,גרמים,1000.00,100 גרם,false,,10.20,0.0102,true,1,5273519
6315280312069,false,טוסטר לחיץ נירוסטה ד,,,טוסטר לחיץ נירוסטה ד,יח',1.00,יח',false,,68.30,68.3000,true,1,5356249
6315280319037,false,טוסטר גריל 4 פרוסות,,,טוסטר גריל 4 פרוסות,יח',1.00,יח',false,,145.20,145.2000,true,1,5387826
6315280325588,false,טוסטר 4 פרוסות ענק B,,,טוסטר 4 פרוסות ענק B,יח',1.00,יח',false,,128.10,128.1000,true,1,5364353
6908235694404,false,אוזניות מיקרופון,ארטוס,,אוזניות מיקרופון,יח',1.00,יח',false,,17.00,17.0000,true,1,1601949
6910191800287,false,אצות נורי בלו 10 דף,מזרח ומערב,,אצות נורי בלו 10 דף,גרמים,25.00,גרם,false,,9.20,0.3680,true,1,1589340
6920354822193,false,קולגייט נטורלס משחת,,,קולגייט נטורלס משחת,מטרים,71.00,100 מ'ל,false,,25.60,0.3606,true,1,5314850
6920354824395,false,קולגייט נטורל משחת ש,,,קולגייט נטורל משחת ש,מטרים,71.00,100 מ'ל,false,,25.60,0.3606,true,1,5314852
6920510504420,false,ממתק צעצוע ספיידרמן,,,ממתק צעצוע ספיידרמן,יח',1.00,יח',false,,8.50,8.5000,true,1,5371066
6920510504444,false,ממתק צעצוע הנוקמים,,,ממתק צעצוע הנוקמים,יח',1.00,יח',false,,8.50,8.5000,true,1,5371067
6922276100083,false,מחית וואסבי -חזרת 43,מזרח ומערב,,מחית וואסבי -חזרת 43,גרמים,43.00,100 גרם,false,,7.40,0.1721,true,1,1589347
6925621678558,false,ערכת חנוכה שמן מלכות,מעגל הזמן,,ערכת חנוכה שמן מלכות,יח',1.00,יח',false,,34.10,34.1000,true,1,1606287
6933947286333,false,זוג נסקוטש,,,זוג נסקוטש,יח',1.00,יח',false,,8.50,8.5000,true,1,2577224
6934731200078,false,אטריות טריות דקות 20,,,אטריות טריות דקות 20,גרמים,200.00,100 גרם,false,,5.90,0.0295,true,1,4670790
6934731210138,false,אטריות טריות עבות 20,,,אטריות טריות עבות 20,גרמים,200.00,100 גרם,false,,5.90,0.0295,true,1,4670791
6934930083410,false,ריקוטה ודובדבנים עשי,,,ריקוטה ודובדבנים עשי,גרמים,110.00,100 גרם,false,,8.50,0.0773,true,1,5392962
6936745600462,false,"מירין 500 מ""ל (דאניי",מזרח ומערב,,"מירין 500 מ""ל (דאניי",מיליליטרים,500.00,"100 מ""ל",false,,15.20,0.0304,true,1,1589368
6936745600783,false,"חומץ אורז 500 מ""ל (ד",מזרח ומערב,,"חומץ אורז 500 מ""ל (ד",מיליליטרים,500.00,"100 מ""ל",false,,12.60,0.0252,true,1,1589369
6942852118134,false,אטבים עץ 10 יח,,,אטבים עץ 10 יח,מיליליטרים,500.00,"100 מ""ל",false,,1.60,0.0032,true,1,5100721
6942971507031,false,ממתק צעצוע חתולים,,,ממתק צעצוע חתולים,יח',1.00,יח',false,,8.50,8.5000,true,1,5371068
6970011910237,false,מצת פרימיום,,,מצת פרימיום,יח',1.00,יח',false,,7.60,7.6000,true,1,5318688
7038516140357,false,ג'ורדן מברשת טוטאל ק,JORDAN,MY,ג'ורדן מברשת טוטאל קלין ס,יח',1.00,יח',false,,12.70,12.7000,true,1,1600451
7038516140418,false,ג'ורדן מברשת טוטאל ק,JORDAN,MY,ג'ורדן מברשת טוטאל קלין מ,יח',1.00,יח',false,,10.20,10.2000,true,1,1600452
7046110064016,false,ג'ורדן מברשת לילדים,ג'ורדן,MY,ג'ורדן מברשת לילדים,יח',2.00,יח',false,,12.70,6.3500,true,1,1600460
7046110064047,false,ג'ורדן מברשת לילדים,ג'ורדן,MY,ג'ורדן מברשת לילדים,יח',2.00,יח',false,,12.70,6.3500,true,1,1600461
7046110064535,false,ג'ורדן מברשת לילדים,ג'ורדן,MY,ג'ורדן מברשת לילדים,יח',2.00,יח',false,,12.70,6.3500,true,1,1600462
7046110075036,false,ג'ורדן מב' שיניים או,,,ג'ורדן מב' שיניים או,4 יח',1.00,4 יח',false,,12.70,12.7000,true,1,3377865
7262626014158,false,בובה רותי מנגנת +אור,,,בובה רותי מנגנת +אור,יח',1.00,יח',false,,25.60,25.6000,true,1,2294100
7271730901261,false,מקרוני עם גבינה 156,ר. צ'צ'יק,,מקרוני עם גבינה 156,גרמים,156.00,100 גרם,false,,9.30,0.0596,true,1,1582501
7290000000100,false,עגבניה,,,עגבניה,קילוגרמים,1.00,"ק""ג",true,,4.90,4.9000,true,1,1566770
7290000000101,false,מלפפון,ביכורי השקמה,,מלפפון,קילוגרמים,1.00,"ק""ג",true,,5.90,5.9000,true,1,1566771
7290000000102,false,גזר ארוז,ביכורי השקמה,,גזר ארוז,קילוגרמים,1.00,"ק""ג",true,,3.90,3.9000,true,1,1566772
7290000000103,false,פלפל כהה,ביכורי השקמה,,פלפל כהה,קילוגרמים,1.00,"ק""ג",true,,6.90,6.9000,true,1,1566773
7290000000104,false,פלפל אדום,ביכורי השקמה,,פלפל אדום,קילוגרמים,1.00,"ק""ג",true,,6.90,6.9000,true,1,1566774
7290000000105,false,פלפל בהיר,ביכורי השקמה,,פלפל בהיר,קילוגרמים,1.00,"ק""ג",true,,6.90,6.9000,true,1,1566775
7290000000106,false,חציל,ביכורי השקמה,,חציל,קילוגרמים,1.00,"ק""ג",true,,4.90,4.9000,true,1,1566776
7290000000107,false,קישוא ירוק,ביכורי השקמה,,קישוא ירוק,קילוגרמים,1.00,"ק""ג",true,,7.90,7.9000,true,1,1566777
7290000000108,false,בצל יבש,ביכורי השקמה,,בצל יבש,קילוגרמים,1.00,"ק""ג",true,,3.90,3.9000,true,1,1566778
7290000000109,false,כרוב לבן,ביכורי השקמה,,כרוב לבן,קילוגרמים,1.00,"ק""ג",true,,3.90,3.9000,true,1,1566779
7290000000110,false,כרוב אדום,ביכורי השקמה,,כרוב אדום,קילוגרמים,1.00,"ק""ג",true,,4.90,4.9000,true,1,1566780
7290000000111,false,תפוח אדמה לבן ארוז,ביכורי השקמה,,תפוח אדמה לבן ארוז,קילוגרמים,1.00,"ק""ג",true,,3.90,3.9000,true,1,1566781
7290000000112,false,צנונית,ביכורי השקמה,,צנונית,יח',1.00,יח',false,,5.90,5.9000,true,1,1588012
7290000000113,false,אגס,ביכורי השקמה,,אגס,קילוגרמים,1.00,"ק""ג",true,,8.90,8.9000,true,1,1566782
7290000000114,false,תפוח עץ סטרקינג (אדו,ביכורי השקמה,,תפוח עץ סטרקינג (אדו,קילוגרמים,1.00,"ק""ג",true,,9.90,9.9000,true,1,1566783
7290000000115,false,תפוח עץ מוזהב,ביכורי השקמה,,תפוח עץ מוזהב,קילוגרמים,1.00,"ק""ג",true,,9.90,9.9000,true,1,1566784
7290000000116,false,תפוח עץ ירוק גרנד סמ,ביכורי השקמה,,תפוח עץ ירוק גרנד סמ,קילוגרמים,1.00,"ק""ג",true,,9.90,9.9000,true,1,1566785
7290000000117,false,לימון,ביכורי השקמה,,לימון,קילוגרמים,1.00,"ק""ג",true,,3.90,3.9000,true,1,1566786
7290000000118,false,מנגו,ביכורי השקמה,,מנגו,קילוגרמים,1.00,"ק""ג",true,,9.90,9.9000,true,1,1566787
7290000000120,false,קיווי,ביכורי השקמה,,קיווי,קילוגרמים,1.00,"ק""ג",true,,14.90,14.9000,true,1,1566789
7290000000121,false,קלמנטינה,ביכורי השקמה,,קלמנטינה,קילוגרמים,1.00,"ק""ג",true,,4.90,4.9000,true,1,1566790
7290000000122,false,תפוז,ביכורי השקמה,,תפוז,קילוגרמים,1.00,"ק""ג",true,,4.90,4.9000,true,1,1566791
7290000000123,false,חסה רגילה,ביכורי השקמה,,חסה רגילה,יח',1.00,יח',false,,6.90,6.9000,true,1,1566792
7290000000125,false,פטרוזיליה (בתפזורת),ביכורי השקמה,,פטרוזיליה (בתפזורת),יח',1.00,יח',false,,3.90,3.9000,true,1,1588013
7290000000126,false,כוסברה (בתפזורת),ביכורי השקמה,,כוסברה (בתפזורת),יח',1.00,יח',false,,3.90,3.9000,true,1,1588014
7290000000127,false,סלרי אמריקאי אדמה,אדמה,,סלרי אמריקאי אדמה,יח',1.00,יח',false,,4.90,4.9000,true,1,1588015
7290000000128,false,נענע (בתפזורת),ביכורי השקמה,,נענע (בתפזורת),יח',1.00,יח',false,,3.90,3.9000,true,1,1588016
7290000000129,false,שמיר (בתפזורת),אדמה,,שמיר (בתפזורת),יח',1.00,יח',false,,3.90,3.9000,true,1,1588017
7290000000131,false,בצל ירוק,ביכורי השקמה,,בצל ירוק,יח',1.00,יח',false,,4.90,4.9000,true,1,1588019
7290000000132,false,פלפל חריף,ביכורי השקמה,,פלפל חריף,קילוגרמים,1.00,"ק""ג",true,,8.90,8.9000,true,1,1566793
7290000000133,false,שום יבש,ביכורי השקמה,,שום יבש,יח',1.00,יח',false,,6.90,6.9000,true,1,1566794
7290000000134,false,בננה,ביכורי השקמה,,בננה,קילוגרמים,1.00,"ק""ג",true,,4.90,4.9000,true,1,1566795
7290000000135,false,אבוקדו,ביכורי השקמה,,אבוקדו,קילוגרמים,1.00,"ק""ג",true,,8.90,8.9000,true,1,1566796
7290000000136,false,אשכולית צהובה,ביכורי השקמה,,אשכולית צהובה,קילוגרמים,1.00,"ק""ג",true,,6.90,6.9000,true,1,1588020
7290000000137,false,פומלה,ביכורי השקמה,,פומלה,קילוגרמים,1.00,"ק""ג",true,,3.90,3.9000,true,1,1566797
7290000000138,false,בטטה,ביכורי השקמה,,בטטה,קילוגרמים,1.00,"ק""ג",true,,6.90,6.9000,true,1,1566798
7290000000139,false,שומר,ביכורי השקמה,,שומר,קילוגרמים,1.00,"ק""ג",true,,3.90,3.9000,true,1,1566799
7290000000140,false,מלון,ביכורי השקמה,,מלון,קילוגרמים,1.00,"ק""ג",true,,7.90,7.9000,true,1,1566800
7290000000141,false,דלורית,ביכורי השקמה,,דלורית,קילוגרמים,1.00,"ק""ג",true,,4.90,4.9000,true,1,1566801
7290000000142,false,אשכולית אדומה,ביכורי השקמה,,אשכולית אדומה,קילוגרמים,1.00,"ק""ג",true,,4.90,4.9000,true,1,1566802
7290000000143,false,תפוח אדמה כסביה,ביכורי השקמה,,תפוח אדמה כסביה,קילוגרמים,1.00,"ק""ג",true,,14.90,14.9000,true,1,1566803
7290000000144,false,אפרסמון,ביכורי השקמה,,אפרסמון,קילוגרמים,1.00,"ק""ג",true,,9.90,9.9000,true,1,1566804
7290000000147,false,ענבים שחור ארוז,ביכורי השקמה,,ענבים שחור ארוז,קילוגרמים,1.00,"ק""ג",true,,19.90,19.9000,true,1,2417656
7290000000148,false,תירס טרי,,,תירס טרי,קילוגרמים,1.00,"ק""ג",true,,7.90,7.9000,true,1,1566805
7290000000149,false,תפוח עץ חרמון,ביכורי השקמה,,תפוח עץ חרמון,קילוגרמים,1.00,"ק""ג",true,,9.90,9.9000,true,1,1566806
7290000000151,false,סלק אדום,ביכורי השקמה,,סלק אדום,קילוגרמים,1.00,"ק""ג",true,,3.90,3.9000,true,1,1566807
7290000000153,false,מארז אבוקדו ברשת,ביכורי השקמה,,מארז אבוקדו ברשת,קילוגרמים,1.00,"ק""ג",true,,8.90,8.9000,true,1,1588023
7290000000155,false,רימון אדום,ביכורי השקמה,,רימון אדום,קילוגרמים,1.00,"ק""ג",true,,9.90,9.9000,true,1,1566809
7290000000157,false,דלעת ערמונים,ביכורי השקמה,,דלעת ערמונים,קילוגרמים,1.00,"ק""ג",true,,9.90,9.9000,true,1,1566810
7290000000158,false,קוקוס,ביכורי השקמה,,קוקוס,יח',1.00,יח',false,,4.90,4.9000,true,1,1566811
7290000000161,false,צנון,ביכורי השקמה,,צנון,קילוגרמים,1.00,"ק""ג",true,,6.90,6.9000,true,1,1588027
7290000000162,false,עגבניות שרי אדומות,ביכורי השקמה,,עגבניות שרי אדומות,קילוגרמים,1.00,"ק""ג",true,,14.90,14.9000,true,1,1566812
7290000000164,false,לפת,ביכורי השקמה,,לפת,קילוגרמים,1.00,"ק""ג",true,,6.90,6.9000,true,1,1588028
7290000000165,false,מנגולד עלי סלק,אדמה,,מנגולד עלי סלק,יח',1.00,יח',false,,4.90,4.9000,true,1,1588029
7290000000166,false,דלעת,ביכורי השקמה,,דלעת,קילוגרמים,1.00,"ק""ג",true,,9.90,9.9000,true,1,1566814
7290000000167,false,קולורבי,ביכורי השקמה,,קולורבי,קילוגרמים,1.00,"ק""ג",true,,4.90,4.9000,true,1,1566815
7290000000168,false,פלפל צהוב,ביכורי השקמה,,פלפל צהוב,קילוגרמים,1.00,"ק""ג",true,,6.90,6.9000,true,1,1566816
7290000000169,false,אבטיח,ביכורי השקמה,,אבטיח,קילוגרמים,1.00,"ק""ג",true,,4.90,4.9000,true,1,1566817
7290000000171,false,פרסה לוף,ביכורי השקמה,,פרסה לוף,יח',1.00,יח',false,,7.90,7.9000,true,1,1566818
7290000000174,false,סלרי ראש,אדמה,,סלרי ראש,יח',1.00,יח',false,,4.90,4.9000,true,1,1588032
7290000000176,false,שעועית ירוקה,ביכורי השקמה,,שעועית ירוקה,קילוגרמים,1.00,"ק""ג",true,,12.90,12.9000,true,1,1566819
7290000000183,false,אפרסק,ביכורי השקמה,,אפרסק,קילוגרמים,1.00,"ק""ג",true,,14.90,14.9000,true,1,1566821
7290000000186,false,תפוח עץ יונתן,ביכורי השקמה,,תפוח עץ יונתן,קילוגרמים,1.00,"ק""ג",true,,9.90,9.9000,true,1,1566823
7290000000191,false,ענבים אדומים,ביכורי השקמה,,ענבים אדומים,קילוגרמים,1.00,"ק""ג",true,,19.90,19.9000,true,1,1566826
7290000000194,false,גויאבה,ביכורי השקמה,,גויאבה,קילוגרמים,1.00,"ק""ג",true,,14.90,14.9000,true,1,1566828
7290000000197,false,חבוש,ש.פשה,,חבוש,קילוגרמים,1.00,"ק""ג",true,,4.90,4.9000,true,1,1566830
7290000000199,false,פומלית,ביכורי השקמה,,פומלית,קילוגרמים,1.00,"ק""ג",true,,4.90,4.9000,true,1,1588043
7290000000201,false,אנונה,ביכורי השקמה,,אנונה,קילוגרמים,1.00,"ק""ג",true,,19.90,19.9000,true,1,1588044
7290000000202,false,פפאיה,ביכורי השקמה,,פפאיה,קילוגרמים,1.00,"ק""ג",true,,9.90,9.9000,true,1,1588045
7290000000203,false,קרמבולה,ביכורי השקמה,,קרמבולה,קילוגרמים,1.00,"ק""ג",true,,24.90,24.9000,true,1,1588046
7290000000209,false,ענבים אדום תפזורת,,,ענבים אדום תפזורת,קילוגרמים,1.00,"ק""ג",true,,9.90,9.9000,true,1,2782455
7290000000219,false,תפוח עץ גאלה,ביכורי השקמה,,תפוח עץ גאלה,קילוגרמים,1.00,"ק""ג",true,,9.90,9.9000,true,1,1566831
7290000000230,false,תפוז ברשת,ביכורי השקמה,,תפוז ברשת,קילוגרמים,1.00,"ק""ג",true,,6.90,6.9000,true,1,1588058
7290000000244,false,חצילים בלדי,ביכורי השקמה,,חצילים בלדי,קילוגרמים,1.00,"ק""ג",true,,5.80,5.8000,true,1,1588062
7290000000249,false,גזר בתפוזרת,ביכורי השקמה,,גזר בתפוזרת,קילוגרמים,1.00,"ק""ג",true,,9.90,9.9000,true,1,1566832
7290000000254,false,חסה עגולה,ביכורי השקמה,,חסה עגולה,יח',1.00,יח',false,,5.90,5.9000,true,1,1566833
7290000000256,false,ענבים בתפזורת,ביכורי השקמה,,ענבים בתפזורת,קילוגרמים,1.00,"ק""ג",true,,19.90,19.9000,true,1,1588063
7290000000258,false,ענב שחור יבוא רמי לו,,,ענב שחור יבוא רמי לו,יח',1.00,יח',false,,18.00,18.0000,true,1,2916618
7290000000260,false,אפרסמון קרמבו,,,אפרסמון קרמבו,קילוגרמים,1.00,"ק""ג",true,,12.90,12.9000,true,1,3052583
7290000000264,false,לימון ברשת,ביכורי השקמה,,לימון ברשת,קילוגרמים,1.00,"ק""ג",true,,2.90,2.9000,true,1,5301458
7290000000265,false,אגס תפוח,ביכורי השקמה,,אגס תפוח,קילוגרמים,1.00,"ק""ג",true,,9.90,9.9000,true,1,1588065
7290000000267,false,סלק לבן/כתום,,,סלק לבן/כתום,קילוגרמים,1.00,"ק""ג",true,,4.90,4.9000,true,1,2353154
7290000000289,false,בצל אדום,ביכורי השקמה,,בצל אדום,קילוגרמים,1.00,"ק""ג",true,,4.90,4.9000,true,1,1566834
7290000000293,false,דלורית חתוכה ארוזה,ביכורי השקמה,,דלורית חתוכה ארוזה,קילוגרמים,1.00,"ק""ג",true,,7.90,7.9000,true,1,2290195
7290000000295,false,תפוח עץ אנה,ביכורי השקמה,,תפוח עץ אנה,קילוגרמים,1.00,"ק""ג",true,,9.90,9.9000,true,1,1588069
7290000000300,false,תפוח אדמה אדום ארוז,ביכורי השקמה,,תפוח אדמה אדום ארוז,קילוגרמים,1.00,"ק""ג",true,,4.90,4.9000,true,1,1566835
7290000000306,false,תפוח אדמה אדום במשקל,ביכורי השקמה,,תפוח אדמה אדום במשקל,קילוגרמים,1.00,"ק""ג",true,,9.90,9.9000,true,1,1566836
7290000000307,false,פלפל כתום,ביכורי השקמה,,פלפל כתום,קילוגרמים,1.00,"ק""ג",true,,6.90,6.9000,true,1,1566837
7290000000321,false,שזיף שגיב,ביכורי השקמה,,שזיף שגיב,קילוגרמים,1.00,"ק""ג",true,,12.90,12.9000,true,1,1588075
7290000000333,false,פטריות במשקל,ביכורי השקמה,,פטריות במשקל,קילוגרמים,1.00,"ק""ג",true,,32.90,32.9000,true,1,1593717
7290000000355,false,כרוב לבן חרוט,,,כרוב לבן חרוט,קילוגרמים,1.00,"ק""ג",true,,4.90,4.9000,true,1,1990025
7290000000360,false,שזיפון,,,שזיפון,קילוגרמים,1.00,"ק""ג",true,,9.90,9.9000,true,1,2643740
7290000000399,false,"תפו""ע גלה ארוז ברשת",ביכורי השקמה,,"תפו""ע גלה ארוז ברשת",קילוגרמים,1.00,"ק""ג",true,,5.90,5.9000,true,1,1566838
7290000000401,false,"תפו""א לאפיה",ביכורי השקמה,,"תפו""א לאפיה",קילוגרמים,1.00,"ק""ג",true,,5.90,5.9000,true,1,1566839
7290000000402,false,אגס אדום,ביכורי השקמה,,אגס אדום,קילוגרמים,1.00,"ק""ג",true,,11.90,11.9000,true,1,1588080
7290000000408,false,מלון גולדן,ביכורי השקמה,,מלון גולדן,קילוגרמים,1.00,"ק""ג",true,,8.90,8.9000,true,1,1588082
7290000000411,false,שום יבש יבוא רמי לוי,,,שום יבש יבוא רמי לוי,יח',1.00,יח',false,,6.90,6.9000,true,1,2629200
7290000000420,false,קישואים זוקיני,ביכורי השקמה,,קישואים זוקיני,קילוגרמים,1.00,"ק""ג",true,,9.90,9.9000,true,1,1588083
7290000000422,false,תפוח אדמה לבן במשקל,ביכורי השקמה,,תפוח אדמה לבן במשקל,קילוגרמים,1.00,"ק""ג",true,,7.80,7.8000,true,1,1566840
7290000000453,false,תפוח עץ לוליפופ,,,תפוח עץ לוליפופ,קילוגרמים,1.00,"ק""ג",true,,14.90,14.9000,true,1,4496334
7290000000455,false,אשכולית ברשת,ביכורי השקמה,,אשכולית ברשת,קילוגרמים,1.00,"ק""ג",true,,2.90,2.9000,true,1,1588086
7290000000502,false,אננס שקיל,,,אננס שקיל,קילוגרמים,1.00,"ק""ג",true,,29.90,29.9000,true,1,5304533
7290000000512,false,תפוח עץ גויה,,,תפוח עץ גויה,קילוגרמים,1.00,"ק""ג",true,,12.90,12.9000,true,1,1588091
7290000000612,false,שום טרי,ביכורי שדה,,שום טרי,קילוגרמים,1.00,"ק""ג",true,,19.90,19.9000,true,1,1566841
7290000000655,false,בקבוק מים או סודה.,,,בקבוק מים או סודה.,יח',1.00,יח',false,,4.20,4.2000,true,1,1590449
7290000000695,false,אספרגוס רמי לוי,,,אספרגוס רמי לוי,יח',1.00,יח',false,,24.90,24.9000,true,1,2326849
7290000000797,false,תפוח עץ פינק,ביכורי השקמה,,תפוח עץ פינק,קילוגרמים,1.00,"ק""ג",true,,14.90,14.9000,true,1,1566843
7290000000978,false,חסה מהדרין קטיף טרי,ביכורי השקמה,,חסה מהדרין קטיף טרי,יח',1.00,יח',false,,5.10,5.1000,true,1,1606093
7290000000985,false,פטרוזיליה מהדרין קטי,רביבים,,פטרוזיליה מהדרין קטי,יח',1.00,יח',false,,5.10,5.1000,true,1,1606094
7290000001014,false,מלפפון,ביכורי השקמה,,מלפפון,קילוגרמים,1.00,"ק""ג",true,,5.90,5.9000,true,1,2173301
7290000001021,false,גזר ארוז,ביכורי השקמה,,גזר ארוז,קילוגרמים,1.00,"ק""ג",true,,1.50,1.5000,true,1,2173302
7290000001038,false,פלפל כהה,ביכורי השקמה,,פלפל כהה,קילוגרמים,1.00,"ק""ג",true,,4.70,4.7000,true,1,2173303
7290000001043,false,כרוב לבן מהדרין קטיף,רביבים,,כרוב לבן מהדרין קטיף,קילוגרמים,1.00,"ק""ג",true,,10.90,10.9000,true,1,1606095
7290000001045,false,פלפל אדום,ביכורי השקמה,,פלפל אדום,קילוגרמים,1.00,"ק""ג",true,,5.70,5.7000,true,1,2173304
7290000001052,false,פלפל בהיר,ביכורי השקמה,,פלפל בהיר,קילוגרמים,1.00,"ק""ג",true,,4.70,4.7000,true,1,2173305
7290000001069,false,חציל,ביכורי השקמה,,חציל,קילוגרמים,1.00,"ק""ג",true,,9.90,9.9000,true,1,2173306
7290000001074,false,כרוב אדום מהדרין קטי,,,כרוב אדום מהדרין קטי,קילוגרמים,1.00,"ק""ג",true,,11.90,11.9000,true,1,1606096
7290000001076,false,קישוא ירוק,ביכורי השקמה,,קישוא ירוק,קילוגרמים,1.00,"ק""ג",true,,7.90,7.9000,true,1,2173307
7290000001083,false,בצל יבש,ביכורי השקמה,,בצל יבש,קילוגרמים,1.00,"ק""ג",true,,2.70,2.7000,true,1,2173308
7290000001090,false,כרוב לבן,ביכורי השקמה,,כרוב לבן,קילוגרמים,1.00,"ק""ג",true,,1.50,1.5000,true,1,2173322
7290000001104,false,פטריות פורטבולה ארוז,מרינה,,פטריות פורטבולה ארוז,יח',1.00,יח',false,,7.70,7.7000,true,1,1593722
7290000001120,false,צנונית,ביכורי השקמה,,צנונית,יח',1.00,יח',false,,4.50,4.5000,true,1,2173323
7290000001401,false,עלי סלק גלאט עלי האר,,,עלי סלק גלאט עלי האר,יח',1.00,יח',false,,5.90,5.9000,true,1,5327920
7290000001579,false,סלרי מהדרין קטיף טרי,ביכורי השקמה,,סלרי מהדרין קטיף טרי,יח',1.00,יח',false,,6.10,6.1000,true,1,1606098
7290000001586,false,שמיר מהדרין קטיף טרי,רביבים,,שמיר מהדרין קטיף טרי,יח',1.00,יח',false,,5.10,5.1000,true,1,1606099
7290000001593,false,נענע מהדרין קטיף טרי,רביבים,,נענע מהדרין קטיף טרי,יח',1.00,יח',false,,5.10,5.1000,true,1,1606100
7290000001609,false,עלי סלק מהדרין קטיף,ביכורי השקמה,,עלי סלק מהדרין קטיף,יח',1.00,יח',false,,5.00,5.0000,true,1,1606101
7290000001616,false,כוסברה מהדרין קטיף ט,רביבים,,כוסברה מהדרין קטיף ט,יח',1.00,יח',false,,5.10,5.1000,true,1,1606102
7290000002013,false,תפוח עץ בשקית,ביכורי השקמה,,תפוח עץ בשקית,קילוגרמים,1.00,"ק""ג",true,,2.90,2.9000,true,1,1566844
7290000005998,false,שקיות ידני,,,שקיות ידני,יח',1.00,יח',false,,0.10,0.1000,true,1,1859767
7290000005999,false,שקיות מכונה,,,שקיות מכונה,יח',1.00,יח',false,,0.10,0.1000,true,1,1726051
7290000006322,false,מי עדן 1 לי,מי עדן,,מי עדן 1 לי,יח',1.00,יח',false,,2.50,2.5000,true,1,1634450
7290000011006,false,כרוב אדום,ביכורי השקמה,,כרוב אדום,קילוגרמים,1.00,"ק""ג",true,,2.70,2.7000,true,1,2173324
7290000012346,false,עגבניה,,,עגבניה,קילוגרמים,1.00,"ק""ג",true,,5.90,5.9000,true,1,2173394
7290000023083,false,"ערק אשקלון 700 מ""ל",טמפו,IL,"ערק אשקלון 700 מ""ל",מיליליטרים,700.00,"100 מ""ל",false,,42.60,0.0609,true,1,1574082
7290000023809,false,קלאסיק קברנה סוביניו,טמפו,IL,קלאסיק קברנה סוביניון,מיליליטרים,750.00,"100 מ""ל",false,,27.20,0.0363,true,1,1574097
7290000023816,false,קלאסיק אמרלד ריזלינג,טמפו,IL,קלאסיק אמרלד ריזלינג,מיליליטרים,750.00,"100 מ""ל",false,,27.20,0.0363,true,1,1574098
7290000023823,false,קלאסיק סוביניון בלאן,טמפו,IL,קלאסיק סוביניון בלאן,מיליליטרים,750.00,"100 מ""ל",false,,27.20,0.0363,true,1,1574099
7290000023830,false,קלאסיק רוזה,טמפו,IL,קלאסיק רוזה,מיליליטרים,750.00,"100 מ""ל",false,,27.20,0.0363,true,1,1574100
7290000023847,false,קלאסיק שרדונה,טמפו,IL,קלאסיק שרדונה,מיליליטרים,750.00,"100 מ""ל",false,,27.20,0.0363,true,1,1574101
7290000023977,false,קלאסיק מרלו,טמפו,IL,קלאסיק מרלו,מיליליטרים,750.00,"100 מ""ל",false,,27.20,0.0363,true,1,1574104
7290000024202,false,רזרב קברנה סוביניון,טמפו,IL,רזרב קברנה סוביניון 750 מ,מיליליטרים,750.00,"100 מ""ל",false,,33.20,0.0443,true,1,1574107
7290000024264,false,"רזרב מרלו 750 מ""ל 20",טמפו,IL,"רזרב מרלו 750 מ""ל 2010",מיליליטרים,750.00,"100 מ""ל",false,,33.20,0.0443,true,1,1574112
7290000024523,false,תירוש של סגל 1 ליטר,סגל,IL,פרי הגפן תירוש 1 ליטר,ליטרים,1.00,ליטר,false,,11.00,11.0000,true,1,1574116
7290000024905,false,קגלביץ' קלאסיקה 40%,טמפו,IL,קגלביץ' קלאסיקה 40% 700 מ,מיליליטרים,700.00,"100 מ""ל",false,,42.70,0.0610,true,1,1574118
7290000024912,false,קגלביץ' לימון 23% 70,טמפו,IL,"קגלביץ' לימון 23% 700 מ""ל",מיליליטרים,700.00,"100 מ""ל",false,,34.10,0.0487,true,1,1574119
7290000040042,false,יופלה יוגורט תות %3,יופלה,,יופלה יוגורט תות %3,מיליליטרים,150.00,"100 מ""ל",false,,4.10,0.0273,true,1,1572814
7290000040080,false,יופלה יוגורט אפרסק %,יופלה,,יופלה יוגורט אפרסק %,מיליליטרים,150.00,"100 מ""ל",false,,4.10,0.0273,true,1,1572817
7290000040301,false,קממבר עין גדי חפיסה,תנובה,,קממבר עין גדי חפיסה,גרמים,125.00,100 גרם,false,,14.40,0.1152,true,1,1572819
7290000040318,false,ברי עדי חפיסה 24% 12,תנובה,,ברי עדי חפיסה 24% 12,גרמים,125.00,100 גרם,false,,15.30,0.1224,true,1,1572820
7290000040462,false,טוסטי גבינה בסגנון א,תנובה,,טוסטי גבינה בסגנון א,גרמים,200.00,100 גרם,false,,14.40,0.0720,true,1,1572822
7290000040974,false,חלב טרי דל לקטוז 1 ל,תנובה,,חלב טרי דל לקטוז 1 ל,מיליליטרים,1000.00,"100 מ""ל",false,,5.80,0.0058,true,1,1572823
7290000041407,false,גילה 125 מל,תנובה,,גילה 125 מל,מיליליטרים,125.00,"100 מ""ל",false,,0.80,0.0064,true,1,1572824
7290000041858,false,שמנת חמוצה 15% 200 מ,יטבתה,,שמנת חמוצה 15% 200 מ,מיליליטרים,200.00,"100 מ""ל",false,,2.10,0.0105,true,1,1589579
7290000041865,false,"לבן 4.5% 200 מ""ל",יטבתה,,"לבן 4.5% 200 מ""ל",מיליליטרים,200.00,"100 מ""ל",false,,1.70,0.0085,true,1,1589580
7290000041872,false,"לבן 3% 200 מ""ל",יטבתה,,"לבן 3% 200 מ""ל",מיליליטרים,200.00,"100 מ""ל",false,,1.70,0.0085,true,1,1589581
7290000042015,false,חלב תנובה טרי שקית 3,תנובה,,חלב תנובה טרי שקית 3,ליטרים,1.00,ליטר,false,,4.50,4.5000,true,1,1572828
7290000042411,false,יוטבתה חלב 3% קרטון1,שטראוס,,יוטבתה חלב 3% קרטון1,ליטרים,1.00,ליטר,false,,5.00,5.0000,true,1,1589583
7290000042435,false,חלב תנובה טרי קרט+ פ,תנובה,,חלב תנובה טרי קרט+ פ,מיליליטרים,1000.00,"100 מ""ל",false,,5.00,0.0050,true,1,1572835
7290000042503,false,חלב עמיד 3% תנובה 1,תנובה,,חלב עמיד 3% תנובה 1,ליטרים,1.00,ליטר,false,,5.70,5.7000,true,1,1572838
7290000042640,false,חלב עמיד 3% תנובה 25,תנובה,,חלב עמיד 3% תנובה 25,מיליליטרים,250.00,"100 מ""ל",false,,2.10,0.0084,true,1,1572842
7290000042855,false,שוקו בשקית יטבתה 225,יטבתה,,שוקו בשקית יטבתה 225,מיליליטרים,225.00,"100 מ""ל",false,,2.10,0.0093,true,1,1589584
7290000043012,false,שוקו עמיד 2% תנובה 2,תנובה,,שוקו עמיד 2% תנובה 2,מיליליטרים,250.00,"100 מ""ל",false,,3.80,0.0152,true,1,1572845
7290000043814,false,השף הלבן שמנת עמידה,תנובה,,השף הלבן שמנת עמידה,מיליליטרים,250.00,"100 מ""ל",false,,5.50,0.0220,true,1,1572849
7290000043890,false,רוויון קרטון 1 ליטר,תנובה,,רוויון קרטון 1 ליטר,ליטרים,1.50,ליטר,false,,9.30,6.2000,true,1,1572851
7290000043944,false,יוגורט תנובה כד 1.5,תנובה,,יוגורט תנובה כד 1.5,ליטרים,1.50,ליטר,false,,13.60,9.0667,true,1,1572852
7290000044712,false,פרילי תות גביע 500 ג,תנובה,,פרילי תות גביע 500 ג,מיליליטרים,500.00,"100 מ""ל",false,,8.50,0.0170,true,1,1566435
7290000044880,false,באדי יוגורט תות גביע,תנובה,,באדי יוגורט תות גביע,מיליליטרים,500.00,"100 מ""ל",false,,7.50,0.0150,true,1,1572857
7290000045573,false,נעמה גבינה מותכת 25%,תנובה,,נעמה גבינה מותכת 25%,גרמים,200.00,100 גרם,false,,11.90,0.0595,true,1,1572859
7290000045580,false,נעמה חורש משולשים 24,תנובה,,נעמה חורש משולשים 24,גרמים,240.00,100 גרם,false,,14.40,0.0600,true,1,1572860
7290000045771,false,יוגורט תנובה כד 3 לי,תנובה,,יוגורט תנובה כד 3 לי,ליטרים,3.00,ליטר,false,,24.70,8.2333,true,1,1572861
7290000045917,false,פרומעז גבינת עזים גל,תנובה,,פרומעז גבינת עזים גל,גרמים,200.00,100 גרם,false,,21.30,0.1065,true,1,1572862
7290000046020,false,גלבוע 22% במשקל,תנובה,,גלבוע 22% במשקל,קילוגרמים,1.00,"ק""ג",true,,36.30,36.3000,true,1,1572741
7290000046327,false,גלבוע גבינה צהובה פר,תנובה,,גלבוע גבינה צהובה פר,גרמים,200.00,100 גרם,false,,10.80,0.0540,true,1,1572864
7290000046549,false,מוצרלה חריץ במשקל 20,תנובה,,מוצרלה חריץ במשקל 20,קילוגרמים,1.00,"ק""ג",true,,64.10,64.1000,true,1,1572745
7290000046563,false,קולאז פרמזן חריץ %23,תנובה,,קולאז פרמזן חריץ %23,קילוגרמים,1.00,"ק""ג",true,,93.20,93.2000,true,1,1572746
7290000047027,false,גבינת גלעד 27% משקל,תנובה,,גבינת גלעד 27% משקל,קילוגרמים,1.00,"ק""ג",true,,101.70,101.7000,true,1,1572749
7290000047034,false,גבינה צאן קולאז' רוק,תנובה,,גבינה צאן קולאז' רוק,קילוגרמים,1.00,"ק""ג",true,,102.60,102.6000,true,1,1572750
7290000047546,false,השף הלבן כנען גבינה,תנובה,,השף הלבן כנען גבינה,גרמים,500.00,100 גרם,false,,19.60,0.0392,true,1,1572868
7290000047621,false,גבינה לבנה 5% 250 גר,תנובה,,גבינה לבנה 5% 250 גר,גרמים,250.00,100 גרם,false,,4.20,0.0168,true,1,1572870
7290000047942,false,גבינה לבנה 9% 250 גר,תנובה,,גבינה לבנה 9% 250 גר,גרמים,250.00,100 גרם,false,,4.00,0.0160,true,1,1566437
7290000048185,false,גבינה לבנה 5% 250 גר,תנובה,,גבינה לבנה 5% 250 גר,גרמים,250.00,100 גרם,false,,4.20,0.0168,true,1,1572872
7290000048192,false,גבינה לבנה 9% 250 גר,תנובה,,גבינה לבנה 9% 250 גר,גרמים,250.00,100 גרם,false,,4.00,0.0160,true,1,1566438
7290000048413,false,פיראוס חמד שקית 250,תנובה,,פיראוס חמד שקית 250,גרמים,250.00,100 גרם,false,,15.00,0.0600,true,1,1566439
7290000048437,false,פיראוס צפתית גביע 20,תנובה,,פיראוס צפתית גביע 20,גרמים,200.00,100 גרם,false,,11.90,0.0595,true,1,1572874
7290000048451,false,פיראוס חרמון מלוחה 1,תנובה,,פיראוס חרמון מלוחה 1,גרמים,250.00,100 גרם,false,,14.40,0.0576,true,1,1566440
7290000049458,false,פיראוס פטה עזים 16%,תנובה,,פיראוס פטה עזים 16%,גרמים,250.00,100 גרם,false,,23.00,0.0920,true,1,1566441
7290000050447,false,יוגורט ביו בטעם תות,יופלה,,יוגורט ביו בטעם תות,מיליליטרים,500.00,"100 מ""ל",false,,10.80,0.0216,true,1,1572881
7290000050454,false,יוגורט אפרסק 3% YYY,יופלה,,יוגורט אפרסק 3% YYY,מיליליטרים,500.00,"100 מ""ל",false,,10.80,0.0216,true,1,1572882
7290000051002,false,עגבניה,,,עגבניה,קילוגרמים,1.00,"ק""ג",true,,5.90,5.9000,true,1,1566845
7290000051307,false,הפסקת אוכל דגני עוגי,תנובה,,הפסקת אוכל דגני עוגי,מיליליטרים,150.00,"100 מ""ל",false,,7.60,0.0507,true,1,1572891
7290000051352,false,חלב של פעם 3.8% תנוב,תנובה,,חלב של פעם 3.8% תנוב,ליטרים,1.00,ליטר,false,,6.30,6.3000,true,1,1572892
7290000051376,false,יופלה דיאט אננס גביע,יופלה,,יופלה דיאט אננס גביע,מיליליטרים,150.00,"100 מ""ל",false,,4.00,0.0267,true,1,1572893
7290000051710,false,פיראוס גבינת לאבנה א,תנובה,,פיראוס גבינת לאבנה א,גרמים,263.00,100 גרם,false,,11.00,0.0418,true,1,1572898
7290000052311,false,עמק לייט פרוס 200 גר,תנובה,,עמק לייט פרוס 200 גר,גרמים,200.00,100 גרם,false,,12.70,0.0635,true,1,1572907
7290000052649,false,פיראוס לאבנה 5% גביע,תנובה,,פיראוס לאבנה 5% גביע,גרמים,500.00,100 גרם,false,,16.20,0.0324,true,1,1566442
7290000052946,false,"יופלה בד""צ 1.5% מעוד",יופלה,,"יופלה בד""צ 1.5% מעוד",ליטרים,1.20,ליטר,false,,17.00,14.1667,true,1,1572915
7290000053219,false,חריץ טל עמק 32%,,,חריץ טל עמק 32%,קילוגרמים,1.00,"ק""ג",true,,47.00,47.0000,true,1,1819729
7290000053981,false,מאגדת יופלה 4*תות 15,יופלה,,מאגדת יופלה 4*תות 15,קילוגרמים,1.20,"ק""ג",false,,22.10,18.4167,true,1,1572924
7290000055015,false,פיראוס גבינת פטה כבש,תנובה,,פיראוס גבינת פטה כבש,גרמים,250.00,100 גרם,false,,21.30,0.0852,true,1,1572940
7290000055329,false,משקה בוקר יוגורט 1.5,יופלה,,משקה בוקר יוגורט 1.5,מיליליטרים,250.00,"100 מ""ל",false,,4.20,0.0168,true,1,1572944
7290000055336,false,משקה יוגורט 1.5% בננ,יופלה,,משקה יוגורט 1.5% בננ,מיליליטרים,250.00,"100 מ""ל",false,,4.20,0.0168,true,1,1572945
7290000055343,false,משקה בוקר יוגורט טרו,יופלה,,משקה בוקר יוגורט טרו,מיליליטרים,250.00,"100 מ""ל",false,,4.20,0.0168,true,1,1572946
7290000055756,false,מאגדת גבינה 5% 2*850,תנובה,,מאגדת גבינה 5% 2*850,גרמים,850.00,100 גרם,false,,27.30,0.0321,true,1,1572950
7290000055893,false,חמאה 200ג מהדרין,תנובה,,חמאה 200ג מהדרין,גרמים,200.00,100 גרם,false,,6.50,0.0325,true,1,1572951
7290000056081,false,מאגדת פרילי טבע תנוב,תנובה,,מאגדת פרילי טבע תנוב,ליטרים,1.20,ליטר,false,,18.70,15.5833,true,1,1572954
7290000056784,false,פיראוס פטה כבשים 5%,תנובה,,פיראוס פטה כבשים 5%,קילוגרמים,1.00,"ק""ג",true,,93.20,93.2000,true,1,1572759
7290000056883,false,מאג 8*150ג יופלה פרי,יופלה,,מאג 8*150ג יופלה פרי,קילוגרמים,1.20,"ק""ג",false,,23.80,19.8333,true,1,1572968
7290000056890,false,מאג 8*150ג דיאט יופל,יופלה,,מאג 8*150ג דיאט יופל,ליטרים,1.20,ליטר,false,,23.80,19.8333,true,1,1572969
7290000056906,false,מאג 8*150ג יופלה לבן,יופלה,,מאג 8*150ג יופלה לבן,ליטרים,1.20,ליטר,false,,14.40,12.0000,true,1,1572970
7290000056951,false,שף לבן שמנת לבישול +,תנובה,,שף לבן שמנת לבישול +,מיליליטרים,500.00,"100 מ""ל",false,,13.60,0.0272,true,1,1572973
7290000057088,false,עמק גבינה צהובה פרוס,תנובה,,עמק גבינה צהובה פרוס,גרמים,200.00,100 גרם,false,,12.70,0.0635,true,1,1572977
7290000057118,false,עמק פרוס סמי מעדנייה,תנובה,,עמק פרוס סמי מעדנייה,גרמים,400.00,100 גרם,false,,17.00,0.0425,true,1,1572979
7290000057132,false,יוגורט תנובה טבעי 1.,תנובה,,יוגורט תנובה טבעי 1.,מיליליטרים,200.00,"100 מ""ל",false,,2.60,0.0130,true,1,1572980
7290000057149,false,יוגורט תנובה טבעי 3%,תנובה,,יוגורט תנובה טבעי 3%,גרמים,200.00,100 גרם,false,,2.60,0.0130,true,1,1572981
7290000057453,false,גבינת עמק בדץ 28% במ,תנובה,,גבינת עמק בדץ 28% במ,קילוגרמים,1.00,"ק""ג",true,,38.20,38.2000,true,1,3694461
7290000057552,false,יופלה דיאט עוגת גבינ,יופלה,,יופלה דיאט עוגת גבינ,מיליליטרים,150.00,"100 מ""ל",false,,4.10,0.0273,true,1,1572991
7290000057934,false,שוקו 1 ליטר,תנובה,,שוקו 1 ליטר,מיליליטרים,1000.00,"100 מ""ל",false,,10.40,0.0104,true,1,1572997
7290000058030,false,יופלה משקה יוגורט תו,יופלה,,יופלה משקה יוגורט תו,100 מל,100.00,100 מל,false,,17.00,0.1700,true,1,1572998
7290000058047,false,שמנת 38% 500מל עם פק,תנובה,,שמנת 38% 500מל עם פק,מיליליטרים,500.00,"100 מ""ל",false,,10.90,0.0218,true,1,1572999
7290000058979,false,גיל בטעם תות,תנובה,,גיל בטעם תות,גרמים,125.00,100 גרם,false,,1.10,0.0088,true,1,1573011
7290000060071,false,חטיפי פריכונים בטעם,אסם,,חטיפי פריכונים בטעם,יח',1.00,יח',false,,6.40,6.4000,true,1,1576733
7290000060088,false,בייגלה מקלות מלוחים,אסם,,בייגלה מקלות מלוחים,גרמים,400.00,100 גרם,false,,7.60,0.0190,true,1,1566504
7290000060156,false,אטריות ביצים דקות אס,אסם,,אטריות ביצים דקות אס,גרמים,200.00,100 גרם,false,,5.00,0.0250,true,1,1576735
7290000060163,false,אטריות דקות אסם 400,אסם,,אטריות דקות אסם 400,גרמים,400.00,100 גרם,false,,4.10,0.0102,true,1,1576736
7290000060200,false,פתיתים אפויים קוסקוס,אסם,,פתיתים אפויים קוסקוס,גרמים,500.00,100 גרם,false,,4.20,0.0084,true,1,1576737
7290000060217,false,פסטה מקרוני מספר 7 א,אסם,,פסטה מקרוני מספר 7 א,גרמים,500.00,100 גרם,false,,4.20,0.0084,true,1,1576738
7290000060385,false,מארז אינסטנט פודינג,אסם,,מארז אינסטנט פודינג,גרמים,320.00,100 גרם,false,,14.70,0.0459,true,1,1576745
7290000060408,false,פתיתים אפויים טבעות,אסם,,פתיתים אפויים טבעות,גרמים,500.00,100 גרם,false,,4.20,0.0084,true,1,1576747
7290000060415,false,פרפקטו לזניה אסם 500,אסם,,פרפקטו לזניה אסם 500,גרמים,500.00,100 גרם,false,,8.40,0.0168,true,1,1566505
7290000060781,false,פסטה מסולסלים אסם 50,אסם,,פסטה מסולסלים אסם 50,גרמים,500.00,100 גרם,false,,4.20,0.0084,true,1,1576757
7290000060828,false,פסטה קרניים בינוניות,אסם,,פסטה קרניים בינוניות,גרמים,500.00,100 גרם,false,,4.20,0.0084,true,1,1576758
7290000060880,false,ספגטי מספר 8 אסם 500,אסם,,ספגטי מספר 8 אסם 500,גרמים,500.00,100 גרם,false,,4.20,0.0084,true,1,1576762
7290000060958,false,אטריות בינוניות אסם,אסם,,אטריות בינוניות אסם,גרמים,400.00,100 גרם,false,,4.10,0.0102,true,1,1576765
7290000060965,false,אטריות רחבות אסם 400,אסם,,אטריות רחבות אסם 400,גרמים,400.00,100 גרם,false,,4.10,0.0102,true,1,1576766
7290000061061,false,קרקר בצל אסם 250 גרם,אסם,,קרקר בצל אסם 250 גרם,גרמים,250.00,100 גרם,false,,8.50,0.0340,true,1,1576768
7290000061085,false,רוטב צ'ילי מתוק אסם,אסם,,רוטב צ'ילי מתוק אסם,מיליליטרים,290.00,"100 מ""ל",false,,7.60,0.0262,true,1,1576769
7290000061108,false,רוטב טריאקי אסם 290,אסם,,רוטב טריאקי אסם 290,מיליליטרים,290.00,"100 מ""ל",false,,7.60,0.0262,true,1,1576770
7290000061214,false,פתיתים אפויים קוסקוס,אסם,,פתיתים אפויים קוסקוס,גרמים,500.00,100 גרם,false,,5.00,0.0100,true,1,1576771
7290000061764,false,קפה נמס מגורען רד מא,אסם,,קפה נמס מגורען רד מא,גרמים,200.00,100 גרם,false,,16.20,0.0810,true,1,1576775
7290000062129,false,אינסטנט פודינג בטעם,אסם,,אינסטנט פודינג בטעם,גרמים,1000.00,100 גרם,false,,17.00,0.0170,true,1,1576780
7290000062952,false,מיני קרוטונים למרק ו,אסם,,מיני קרוטונים למרק ו,גרמים,250.00,100 גרם,false,,11.90,0.0476,true,1,1576783
7290000063102,false,קמח תופח אסם 350 גרם,אסם,,קמח תופח אסם 350 גרם,גרמים,350.00,100 גרם,false,,4.20,0.0120,true,1,1576786
7290000063140,false,שקדי מרק בשקית אסם 4,אסם,,שקדי מרק בשקית אסם 4,גרמים,400.00,100 גרם,false,,8.50,0.0213,true,1,1576788
7290000063157,false,"קמח תופח אסם 1 ק""ג",אסם,,"קמח תופח אסם 1 ק""ג",קילו,1.00,קילו,false,,6.70,6.7000,true,1,1576789
7290000064758,false,קוסקוס בינוני אסם 35,אסם,,קוסקוס בינוני אסם 35,גרמים,350.00,100 גרם,false,,6.40,0.0183,true,1,1576808
7290000065090,false,מיני קרוטונים מתובלי,אסם,,מיני קרוטונים מתובלי,גרמים,400.00,100 גרם,false,,17.80,0.0445,true,1,1576810
7290000065540,false,מנה חמה פסטה מוקרמת,אסם,,מנה חמה פסטה מוקרמת,גרמים,55.00,100 גרם,false,,4.20,0.0764,true,1,1576813
7290000065557,false,מנה חמה קוסקוס עם יר,אסם,,מנה חמה קוסקוס עם יר,גרמים,84.00,100 גרם,false,,4.20,0.0500,true,1,1576814
7290000065977,false,פריכיות תירס שומשום,אסם,,פריכיות תירס שומשום,גרמים,80.00,100 גרם,false,,6.40,0.0800,true,1,1576821
7290000066141,false,ביסלי חטיף בטעם גריל,אסם,,ביסלי חטיף בטעם גריל,גרמים,70.00,100 גרם,false,,3.30,0.0471,true,1,1576824
7290000066189,false,ביסלי חטיף בטעם פלאפ,אסם,,ביסלי חטיף בטעם פלאפ,גרמים,200.00,100 גרם,false,,5.60,0.0280,true,1,1576828
7290000066196,false,ביסלי חטיף בטעם גריל,אסם,,ביסלי חטיף בטעם גריל,גרמים,200.00,100 גרם,false,,5.60,0.0280,true,1,1576829
7290000066226,false,ביסלי חטיף בטעם פיצה,אסם,,ביסלי חטיף בטעם פיצה,גרמים,200.00,100 גרם,false,,5.60,0.0280,true,1,1576832
7290000066264,false,דובונים חטיף תפוחי א,אסם,,דובונים חטיף תפוחי א,גרמים,40.00,100 גרם,false,,3.30,0.0825,true,1,1576833
7290000066295,false,במבה מתוקה בטעם תות,אסם,,במבה מתוקה בטעם תות,גרמים,30.00,100 גרם,false,,2.10,0.0700,true,1,1576834
7290000066318,false,במבה חטיף בוטנים אסם,אסם,,במבה חטיף בוטנים אסם,גרמים,80.00,100 גרם,false,,3.30,0.0412,true,1,1576836
7290000066332,false,אפרופו חטיף תירס אסם,אסם,,אפרופו חטיף תירס אסם,גרמים,50.00,100 גרם,false,,3.30,0.0660,true,1,1576837
7290000066349,false,אפרופו חטיף תירס אסם,אסם,,אפרופו חטיף תירס אסם,גרמים,100.00,100 גרם,false,,6.80,0.0680,true,1,1576838
7290000066431,false,פופקו חטיף פופקורן ב,אסם,,פופקו חטיף פופקורן ב,גרמים,80.00,100 גרם,false,,3.80,0.0475,true,1,1566507
7290000067599,false,מנה חמה ספגטי ברוטב,אסם,,מנה חמה ספגטי ברוטב,גרמים,65.00,100 גרם,false,,4.20,0.0646,true,1,1576857
7290000068138,false,אינסטנט פודינג בטעם,אסם,,אינסטנט פודינג בטעם,גרמים,80.00,100 גרם,false,,4.10,0.0512,true,1,1576864
7290000068190,false,אבקה להכנת ג'לי בטעם,אסם,,אבקה להכנת ג'לי בטעם,גרמים,90.00,100 גרם,false,,5.00,0.0556,true,1,1576868
7290000068237,false,אבקה להכנת ג'לי בטעם,אסם,,אבקה להכנת ג'לי בטעם,גרמים,85.00,100 גרם,false,,5.00,0.0588,true,1,1576870
7290000068343,false,פריכיות מאורז מלא אס,אסם,,פריכיות מאורז מלא אס,גרמים,140.00,100 גרם,false,,5.90,0.0421,true,1,1576876
7290000068701,false,שקדי מרק במיכל אסם 4,אסם,,שקדי מרק במיכל אסם 4,גרמים,400.00,100 גרם,false,,13.60,0.0340,true,1,1576878
7290000068770,false,במבה יום הולדת חטיף,אסם,,במבה יום הולדת חטיף,גרמים,80.00,100 גרם,false,,3.30,0.0412,true,1,1576881
7290000068787,false,במבה יום הולדת חטיף,אסם,,במבה יום הולדת חטיף,גרמים,25.00,100 גרם,false,,1.60,0.0640,true,1,1576882
7290000069364,false,פריכונים מאורז מלא ל,אסם,,פריכונים מאורז מלא ל,גרמים,140.00,100 גרם,false,,5.90,0.0421,true,1,1576892
7290000069609,false,חטיפי קרקר בטעם זעתר,אסם,,חטיפי קרקר בטעם זעתר,גרמים,300.00,100 גרם,false,,9.30,0.0310,true,1,1576897
7290000070308,false,אבקת מרק עוף אמיתי ב,אסם,,אבקת מרק עוף אמיתי ב,גרמים,400.00,100 גרם,false,,12.70,0.0317,true,1,1576908
7290000070322,false,אבקת מרק פטריות רכיב,אסם,,אבקת מרק פטריות רכיב,גרמים,400.00,100 גרם,false,,17.00,0.0425,true,1,1576909
7290000070353,false,אבקת מרק בצל רכיבים,אסם,,אבקת מרק בצל רכיבים,גרמים,400.00,100 גרם,false,,17.00,0.0425,true,1,1576910
7290000070919,false,בייגלה אסם רשתות מלח,אסם,,בייגלה אסם רשתות מלח,גרמים,400.00,100 גרם,false,,10.10,0.0252,true,1,1566508
7290000072067,false,במבה חטיף בוטנים במי,אסם,,במבה חטיף בוטנים במי,גרמים,60.00,100 גרם,false,,3.70,0.0617,true,1,1576920
7290000072623,false,קטשופ אסם 750 גרם,אסם,,קטשופ אסם 750 גרם,גרמים,750.00,100 גרם,false,,8.50,0.0113,true,1,1576927
7290000072753,false,קפה נמס מגורען טסטרס,אסם,,קפה נמס מגורען טסטרס,גרמים,200.00,100 גרם,false,,25.60,0.1280,true,1,1576933
7290000072777,false,קפה נמס מגורען נטול,אסם,,קפה נמס מגורען נטול,גרמים,200.00,100 גרם,false,,30.70,0.1535,true,1,1576935
7290000072968,false,סיני מיניס דגנים 500,נסטלה,,סיני מיניס דגנים 500,גרמים,500.00,100 גרם,false,,20.40,0.0408,true,1,1576941
7290000073125,false,מנה חמה פסטה ברוטב ע,אסם,,מנה חמה פסטה ברוטב ע,גרמים,62.00,100 גרם,false,,4.20,0.0677,true,1,1576942
7290000073415,false,מנה חמה פסטה ברוטב פ,אסם,,מנה חמה פסטה ברוטב פ,גרמים,61.00,100 גרם,false,,4.20,0.0689,true,1,1576945
7290000073699,false,חומוס צבר 150 גרם,צבר,,חומוס צבר 150 גרם,גרמים,150.00,100 גרם,false,,3.80,0.0253,true,1,1576947
7290000073750,false,מנה חמה נודלס בטעם ע,אסם,,מנה חמה נודלס בטעם ע,גרמים,70.00,100 גרם,false,,4.20,0.0600,true,1,1576948
7290000073767,false,מנה חמה נודלס בטעם ב,אסם,,מנה חמה נודלס בטעם ב,גרמים,70.00,100 גרם,false,,4.20,0.0600,true,1,1576949
7290000073774,false,מנה חמה נודלס בטעם פ,אסם,,מנה חמה נודלס בטעם פ,גרמים,70.00,100 גרם,false,,4.20,0.0600,true,1,1576950
7290000074153,false,ביסקוויט פתי בר שוקו,אסם,,ביסקוויט פתי בר שוקו,גרמים,500.00,100 גרם,false,,7.60,0.0152,true,1,1576957
7290000074184,false,ביסקוויט פתי בר אסם,אסם,,ביסקוויט פתי בר אסם,גרמים,500.00,100 גרם,false,,7.60,0.0152,true,1,1576959
7290000074245,false,קרם קרקר אסם 250 גרם,אסם,,קרם קרקר אסם 250 גרם,גרמים,250.00,100 גרם,false,,6.70,0.0268,true,1,1576960
7290000074276,false,קרקר פיקנטי אסם 250,אסם,,קרקר פיקנטי אסם 250,גרמים,250.00,100 גרם,false,,8.50,0.0340,true,1,1576962
7290000074375,false,קרקר זהב אסם 150 גרם,אסם,,קרקר זהב אסם 150 גרם,גרמים,150.00,100 גרם,false,,5.60,0.0373,true,1,1576966
7290000074481,false,לחמית אגוזים אסם 160,אסם,,לחמית אגוזים אסם 160,גרמים,160.00,100 גרם,false,,7.60,0.0475,true,1,1576968
7290000074764,false,קרקר זהב אסם 900 גרם,אסם,,קרקר זהב אסם 900 גרם,גרמים,900.00,100 גרם,false,,23.00,0.0256,true,1,1576972
7290000075204,false,לחמית חיטה מלאה אסם,אסם,,לחמית חיטה מלאה אסם,גרמים,250.00,100 גרם,false,,6.80,0.0272,true,1,1576978
7290000075693,false,עוגת הבית שמרים בריו,אסם,,עוגת הבית שמרים בריו,גרמים,360.00,100 גרם,false,,12.70,0.0353,true,1,1576981
7290000076133,false,בייגלה שמיניות עם מל,אסם,,בייגלה שמיניות עם מל,גרמים,400.00,100 גרם,false,,7.60,0.0190,true,1,1576983
7290000076645,false,טוסטעים פת קלויה חיט,אסם,,טוסטעים פת קלויה חיט,גרמים,100.00,100 גרם,false,,8.50,0.0850,true,1,1576988
7290000077017,false,עוגיות קרמוגית במילו,אסם,,עוגיות קרמוגית במילו,גרמים,200.00,100 גרם,false,,8.50,0.0425,true,1,1576990
7290000077253,false,לחמית כפרית עם דגנים,אסם,,לחמית כפרית עם דגנים,גרמים,190.00,100 גרם,false,,7.60,0.0400,true,1,1576993
7290000078212,false,קרוטונים מתובלים למר,אסם,,קרוטונים מתובלים למר,גרמים,250.00,100 גרם,false,,11.90,0.0476,true,1,1577000
7290000078762,false,חטיפי פריכונים מאורז,אסם,,חטיפי פריכונים מאורז,גרמים,80.00,100 גרם,false,,5.90,0.0738,true,1,1577003
7290000079233,false,קרם קרקר דל נתרן אסם,אסם,,קרם קרקר דל נתרן אסם,גרמים,250.00,100 גרם,false,,8.50,0.0340,true,1,1577006
7290000080758,false,טוסטעים פת קלויה אסם,אסם,,טוסטעים פת קלויה אסם,גרמים,100.00,100 גרם,false,,8.50,0.0850,true,1,1577011
7290000080765,false,טוסטעים פת קלויה עם,אסם,,טוסטעים פת קלויה עם,גרמים,100.00,100 גרם,false,,8.50,0.0850,true,1,1577012
7290000081663,false,בייגלה טבעות שומשום,אסם,,בייגלה טבעות שומשום,גרמים,300.00,100 גרם,false,,7.60,0.0253,true,1,1577014
7290000100135,false,פירות קפואים דובדבן,,,פירות קפואים דובדבן,גרמים,300.00,100 גרם,false,,11.00,0.0367,true,1,3898931
7290000100302,false,פול ירוק קלוף סנפרוס,,,פול ירוק קלוף סנפרוס,גרמים,600.00,100 גרם,false,,19.60,0.0327,true,1,4562468
7290000100593,false,אנטיפסטי לתנור 600 ג,,,אנטיפסטי לתנור 600 ג,גרמים,600.00,100 גרם,false,,13.60,0.0227,true,1,5232178
7290000101927,false,אוכמניות כחולות מוקפ,,,אוכמניות כחולות מוקפ,גרמים,300.00,100 גרם,false,,11.00,0.0367,true,1,2475192
7290000101934,false,מיקס פירות יער מוקפא,,,מיקס פירות יער מוקפא,גרמים,300.00,100 גרם,false,,11.00,0.0367,true,1,2475193
7290000101941,false,אננס מוקפא 300 גר,,,אננס מוקפא 300 גר,גרמים,300.00,100 גרם,false,,11.00,0.0367,true,1,2475194
7290000101958,false,מנגו מוקפא 300 גר,,,מנגו מוקפא 300 גר,גרמים,300.00,100 גרם,false,,11.00,0.0367,true,1,2475195
7290000103365,false,מרק ירקות עשיר סנפרו,סנפרוסט,IL,מרק ירקות 12 יח 550 גר,גרמים,550.00,100 גרם,false,,14.50,0.0264,true,1,1572395
7290000103433,false,לקט ירקות לתנור 800,מעדנות,,לקט ירקות לתנור 800,גרמים,800.00,100 גרם,false,,18.70,0.0234,true,1,1572402
7290000103549,false,אפונה עדינה 600גר בד,סנפרוסט,IL,אפונה עדינה 8 יח 600 גר ב,גרמים,600.00,100 גרם,false,,17.00,0.0283,true,1,1572413
7290000103556,false,גרגירי חומוס 700גר ב,סנפרוסט,IL,גרגירי חומוס 8 יח 700 גר,גרמים,700.00,100 גרם,false,,14.40,0.0206,true,1,1572414
7290000103730,false,לקט להקפצה עם פסטה פ,סנפרוסט,IL,לקט להקפצה עם פסטה פוזילי,גרמים,800.00,100 גרם,false,,19.60,0.0245,true,1,1572420
7290000103846,false,מרק אפונה עשיר בירקו,סנפרוסט,IL,מרק אפונה 12 יח 570 גר,גרמים,570.00,100 גרם,false,,14.50,0.0254,true,1,1572430
7290000103860,false,מרק עדשים עשיר בירקו,סנפרוסט,IL,מרק עדשים 12 יח 570 גר,גרמים,570.00,100 גרם,false,,14.50,0.0254,true,1,1572431
7290000103877,false,מרק שעועית עשיר בירק,סנפרוסט,IL,מרק שעועית 12 יח 640 גר,גרמים,640.00,100 גרם,false,,14.50,0.0227,true,1,1572432
7290000104072,false,עדשים ירוקות מבושלות,סנפרוסט,IL,עדשים מוקפאים 14 יח 800 ג,גרמים,800.00,100 גרם,false,,16.00,0.0200,true,1,1572435
7290000104201,false,אפונה עדינה סנפרוסט,סנפרוסט,IL,אפונה עדינה 12 יח 600 ג,גרמים,600.00,100 גרם,false,,14.40,0.0240,true,1,1572437
7290000104218,false,במיה סנפרוסט 600 גרם,סנפרוסט,IL,במיה 14 יח 600 ג,גרמים,600.00,100 גרם,false,,13.50,0.0225,true,1,1572438
7290000104676,false,אפונת גינה סנפרוסט 8,סנפרוסט,IL,אפונה גינה 20 יח 800 ג,גרמים,800.00,100 גרם,false,,12.70,0.0159,true,1,1572441
7290000104683,false,שעועית ירוקה שלמה סנ,סנפרוסט,IL,שעועית ירוקה שלמה 16 יח 8,גרמים,800.00,100 גרם,false,,17.00,0.0213,true,1,1572442
7290000104690,false,גרעיני תירס סנפרוסט,סנפרוסט,IL,גרעיני תירס 20 יח 800 ג,גרמים,800.00,100 גרם,false,,15.20,0.0190,true,1,1572443
7290000104706,false,גזר גמדי סנפרוסט 800,סנפרוסט,IL,גזר גמדי 16 יח 800 ג,גרמים,800.00,100 גרם,false,,14.40,0.0180,true,1,1572444
7290000104713,false,פול ירוק סנפרוסט 800,סנפרוסט,IL,פול ירוק 20 יח 800 ג,גרמים,800.00,100 גרם,false,,17.90,0.0224,true,1,1572445
7290000104720,false,שעועית ירוקה חתוכה ס,סנפרוסט,IL,שעועית ירוקה חתוכה 16 יח,גרמים,800.00,100 גרם,false,,14.40,0.0180,true,1,1572446
7290000104744,false,כרובית סנפרוסט 800 ג,סנפרוסט,IL,כרובית 12 יח 800 ג,גרמים,800.00,100 גרם,false,,20.40,0.0255,true,1,1572448
7290000104751,false,כרוב ניצנים סנפרוסט,סנפרוסט,IL,כרוב ניצנים 16 יח 800 ג,גרמים,800.00,100 גרם,false,,14.40,0.0180,true,1,1572449
7290000104768,false,עלי תרד סנפרוסט 800,סנפרוסט,IL,עלי תרד 14 יח 800 ג,גרמים,800.00,100 גרם,false,,17.00,0.0213,true,1,1572450
7290000104775,false,תרד מדליונים סנפרוסט,סנפרוסט,IL,מדליוני תרד 16 יח 800 ג,גרמים,800.00,100 גרם,false,,20.40,0.0255,true,1,1572451
7290000104799,false,שעועית לבנה מבושלת ס,סנפרוסט,IL,שעועית לבנה 16 יח 800 גר,גרמים,800.00,100 גרם,false,,12.70,0.0159,true,1,1572452
7290000104805,false,גרגירי חומוס מבושלים,סנפרוסט,IL,גרגירי חומוס 14 יח 800 גר,גרמים,800.00,100 גרם,false,,16.20,0.0202,true,1,1572453
7290000104829,false,קלחוני תירס סנפרוסט,סנפרוסט,IL,קלחוני תירס 16 יח 1 קג,גרמים,1000.00,100 גרם,false,,16.80,0.0168,true,1,1572455
7290000104836,false,שעועית עדינה שלמה סנ,סנפרוסט,IL,שעועית עדינה שלמה 12 יח,גרמים,600.00,100 גרם,false,,17.00,0.0283,true,1,1566417
7290000104911,false,לקט נורמנדי סנפרוסט,סנפרוסט,IL,לקט נורמנדי 12 יח 800 ג,גרמים,800.00,100 גרם,false,,14.40,0.0180,true,1,1572460
7290000106526,false,לקט להקפצה חגיגה ירו,,,לקט להקפצה חגיגה ירו,גרמים,800.00,100 גרם,false,,19.60,0.0245,true,1,4805217
7290000107165,false,חטיף פולי סויה סנפרו,סנפרוסט,IL,סויה אדממה 20 יח 400 גרם,גרמים,400.00,100 גרם,false,,11.90,0.0298,true,1,1572463
7290000107189,false,תחתיות ארטישוק סנפרו,סנפרוסט,IL,תחתיות ארטישוק 12 יח 400,גרמים,400.00,100 גרם,false,,17.00,0.0425,true,1,1572464
7290000107295,false,תפרחות ברוקולי סנפרו,סנפרוסט,IL,תפרחות ברוקולי 12 יח 800,גרמים,800.00,100 גרם,false,,21.30,0.0266,true,1,1572465
7290000107615,false,מנה אסייתית צבעונית,,,מנה אסייתית צבעונית,גרמים,800.00,100 גרם,false,,19.70,0.0246,true,1,4964342
7290000110844,false,כיפלי בטעם גריל 70 ג,תלמה,,כיפלי בטעם גריל 70 ג,גרמים,70.00,100 גרם,false,,4.20,0.0600,true,1,1578710
7290000110851,false,כיפלי בטעם בצל 70 גר,תלמה,,כיפלי בטעם בצל 70 גר,גרמים,70.00,100 גרם,false,,4.20,0.0600,true,1,1578711
7290000111063,false,מיונז תלמה 250 גרם,תלמה,,מיונז תלמה 250 גרם,גרמים,250.00,100 גרם,false,,5.00,0.0200,true,1,1566562
7290000111117,false,בדין מרכך כביסה לבן,בדין,,בדין מרכך כביסה לבן,ליטרים,4.00,ליטר,false,,17.00,4.2500,true,1,1578712
7290000111119,false,תפוח אדמה לבן ארוז,ביכורי השקמה,,תפוח אדמה לבן ארוז,קילוגרמים,1.00,"ק""ג",true,,1.50,1.5000,true,1,2173325
7290000111186,false,מיונז תלמה 500 גרם,תלמה,,מיונז תלמה 500 גרם,גרמים,500.00,100 גרם,false,,7.60,0.0152,true,1,1578714
7290000111353,false,"מיונז תלמה 1 ק""ג",תלמה,,"מיונז תלמה 1 ק""ג",100 לקג,1.00,100 לקג,false,,13.60,13.6000,true,1,1578716
7290000112237,false,טחינה גולמית שומשום,בארכה,,טחינה גולמית שומשום,יח',1.00,יח',false,,17.00,17.0000,true,1,1577016
7290000112497,false,קנור מרק עשיר עוף עם,קנור,,קנור מרק עשיר עוף עם,גרמים,75.00,100 גרם,false,,10.20,0.1360,true,1,1578720
7290000112619,false,מרק 400 עוף אמיתי,קנור,,מרק 400 עוף אמיתי,גרמים,400.00,100 גרם,false,,12.70,0.0317,true,1,1578723
7290000114187,false,פנטסטיק נוזל לניקוי,סיף,,פנטסטיק נוזל לניקוי,ליטרים,4.00,ליטר,false,,15.30,3.8250,true,1,1578729
7290000116204,false,מרק דגש מופחת נתרן ק,קנור,,מרק דגש מופחת נתרן ק,גרמים,1000.00,100 גרם,false,,11.70,0.0117,true,1,1578734
7290000116884,false,רוטב ברביקיו קנור 34,קנור,,רוטב ברביקיו קנור 34,מיליליטרים,340.00,"100 מ""ל",false,,8.50,0.0250,true,1,1578735
7290000116921,false,רוטב צ'ילי מתוק קנור,קנור,,רוטב צ'ילי מתוק קנור,מיליליטרים,300.00,"100 מ""ל",false,,8.50,0.0283,true,1,1578736
7290000116945,false,רוטב סויה קלאסי קנור,קנור,,רוטב סויה קלאסי קנור,מיליליטרים,300.00,"100 מ""ל",false,,8.50,0.0283,true,1,1578737
7290000117171,false,"נמס בכוס בד""ץ טעם עו",קנור,,"נמס בכוס בד""ץ טעם עו",יח',10.00,יח',false,,5.50,0.5500,true,1,1578740
7290000117720,false,"נמס בכוס פטריות בד""ץ",,,"נמס בכוס פטריות בד""ץ",יח',1.00,יח',false,,5.60,5.6000,true,1,1566563
7290000118277,false,אבקה להכנת קניידלך ק,קנור,,אבקה להכנת קניידלך ק,גרמים,260.00,100 גרם,false,,7.60,0.0292,true,1,1578746
7290000118352,false,לטקס תפוחי אדמה קנור,קנור,,לטקס תפוחי אדמה קנור,גרמים,170.00,100 גרם,false,,11.90,0.0700,true,1,1578748
7290000120836,false,מיונז הלמנס 394 גרם,הלמנס,,מיונז הלמנס 394 גרם,גרמים,394.00,100 גרם,false,,9.30,0.0236,true,1,1578753
7290000120874,false,מיונז הלמנס לייט 424,הלמנס,,מיונז הלמנס לייט 424,גרמים,424.00,100 גרם,false,,9.30,0.0219,true,1,1578754
7290000121031,false,החתול המחייך גבינה מ,החתול המחייך,,החתול המחייך גבינה מ,גרמים,120.00,100 גרם,false,,7.60,0.0633,true,1,1581221
7290000121079,false,גבינה מותכת למריחה ע,מון בלאן,,גבינה מותכת למריחה ע,גרמים,120.00,100 גרם,false,,7.60,0.0633,true,1,1581223
7290000121093,false,גבינה מותכת לייט בטע,מון בלאן,,גבינה מותכת לייט בטע,גרמים,120.00,100 גרם,false,,7.60,0.0633,true,1,1581224
7290000121109,false,גבינה מותכת לייט עם,מון בלאן,,גבינה מותכת לייט עם,גרמים,120.00,100 גרם,false,,7.60,0.0633,true,1,1581225
7290000121147,false,גבינה מותכת לייט בטע,מון בלאן,,גבינה מותכת לייט בטע,גרמים,120.00,100 גרם,false,,7.60,0.0633,true,1,1581226
7290000121154,false,גבינה מותכת לייט עם,מון בלאן,,גבינה מותכת לייט עם,גרמים,120.00,100 גרם,false,,7.60,0.0633,true,1,1581227
7290000122830,false,רוטב מקסיקני סצ'ואן,קנור,,רוטב מקסיקני סצ'ואן,מיליליטרים,300.00,"100 מ""ל",false,,8.50,0.0283,true,1,1578763
7290000123363,false,צימקאו שוקולד 500 גר,אפיכל,,צימקאו שוקולד 500 גר,גרמים,500.00,100 גרם,false,,8.90,0.0178,true,1,1578768
7290000125251,false,בדין שמפו לכביסה עדי,בדין,,בדין שמפו לכביסה עדי,ליטרים,2.00,ליטר,false,,19.50,9.7500,true,1,1578771
7290000129457,false,רוטב פטריות קנור 28,קנור,,רוטב פטריות קנור 28,גרמים,28.00,100 גרם,false,,3.30,0.1179,true,1,1578779
7290000129785,false,בדין מרכך כביסה 4 לי,בדין,,בדין מרכך כביסה 4 לי,ליטרים,4.00,ליטר,false,,17.00,4.2500,true,1,1578781
7290000133904,false,דואופרש פסיפלורה ותפ,סנו,,דואופרש פסיפלורה ותפ,מיליליטרים,300.00,"100 מ""ל",false,,8.50,0.0283,true,1,1579585
7290000135045,false,"XL פחית 250 מ""ל",,,"XL פחית 250 מ""ל",מיליליטרים,250.00,"100 מ""ל",false,,3.30,0.0132,true,1,4794904
7290000135052,false,"XL פחית 250 מ""ל",,,"XL פחית 250 מ""ל",מיליליטרים,250.00,"100 מ""ל",false,,3.30,0.0132,true,1,4665986
7290000135113,false,"משקה אנרגיה לל""ס נענ",,,"משקה אנרגיה לל""ס נענ",מיליליטרים,250.00,"100 מ""ל",false,,3.30,0.0132,true,1,5167756
7290000135168,false,פפסי מקס ליים שישיה,,,פפסי מקס ליים שישיה,ליטרים,1.98,ליטר,false,,14.70,7.4242,true,1,5260094
7290000135311,false,פפסי מקס ליים 1.5 ל,,,פפסי מקס ליים 1.5 ל,ליטרים,1.50,ליטר,false,,5.90,3.9333,true,1,5251215
7290000135342,false,"טמפו סודה 500 מ""ל",,,"טמפו סודה 500 מ""ל",מיליליטרים,500.00,"100 מ""ל",false,,2.50,0.0050,true,1,5311158
7290000135465,false,טמפו סודה 12* 500 מל,,,טמפו סודה 12* 500 מל,ליטרים,6.00,ליטר,false,,21.80,3.6333,true,1,5308728
7290000135595,false,פפסי מקס דובדבן 1.5,,,פפסי מקס דובדבן 1.5,ליטרים,1.50,ליטר,false,,5.90,3.9333,true,1,5307783
7290000136141,false,פפסי 1.5 ליטר,,,פפסי 1.5 ליטר,ליטרים,1.50,ליטר,false,,6.40,4.2667,true,1,5333558
7290000136158,false,פפסי מקס 1.5 ליטר,,,פפסי מקס 1.5 ליטר,ליטרים,1.50,ליטר,false,,5.90,3.9333,true,1,5333559
7290000136165,false,מירינדה 1.5 ליטר,,,מירינדה 1.5 ליטר,ליטרים,1.50,ליטר,false,,5.90,3.9333,true,1,5333560
7290000136172,false,סבן אפ 1.5 ליטר,,,סבן אפ 1.5 ליטר,ליטרים,1.50,ליטר,false,,5.90,3.9333,true,1,5333561
7290000136189,false,דיאט סבן אפ 1.5 ליטר,,,דיאט סבן אפ 1.5 ליטר,ליטרים,1.50,ליטר,false,,5.90,3.9333,true,1,5333534
7290000136240,false,סודה 1.5 ליטר,,,סודה 1.5 ליטר,ליטרים,1.50,ליטר,false,,2.50,1.6667,true,1,5333511
7290000136264,false,מי טוניק 1.5 ליטר,,,מי טוניק 1.5 ליטר,ליטרים,1.50,ליטר,false,,6.20,4.1333,true,1,5333488
7290000136325,false,סודה אפרסק 1.5 לי,,,סודה אפרסק 1.5 לי,ליטרים,1.50,ליטר,false,,3.30,2.2000,true,1,5333536
7290000136387,false,סודה אננס 1.5,,,סודה אננס 1.5,ליטרים,1.50,ליטר,false,,3.10,2.0667,true,1,5333537
7290000136431,false,ג'אמפ אפרסק 1.5 ליטר,,,ג'אמפ אפרסק 1.5 ליטר,ליטרים,1.50,ליטר,false,,6.50,4.3333,true,1,5333512
7290000136455,false,ג'אמפ אשכוליות 1.5 ל,,,ג'אמפ אשכוליות 1.5 ל,ליטרים,1.50,ליטר,false,,6.50,4.3333,true,1,5333489
7290000136516,false,ג'אמפ מנגו פסיפלורה,,,ג'אמפ מנגו פסיפלורה,ליטרים,1.50,ליטר,false,,6.50,4.3333,true,1,5333490
7290000136523,false,ג'אמפ ענבים 1.5 ליטר,,,ג'אמפ ענבים 1.5 ליטר,ליטרים,1.50,ליטר,false,,6.50,4.3333,true,1,5333491
7290000136561,false,ג'אמפ תות בננה 1.5 ל,,,ג'אמפ תות בננה 1.5 ל,ליטרים,1.50,ליטר,false,,6.50,4.3333,true,1,5333514
7290000136585,false,ג'אמפ תפוזים 1.5 ליט,,,ג'אמפ תפוזים 1.5 ליט,ליטרים,1.50,ליטר,false,,6.50,4.3333,true,1,5333492
7290000136608,false,ג'אמפ תפוח צלול 1.5,,,ג'אמפ תפוח צלול 1.5,ליטרים,1.50,ליטר,false,,6.50,4.3333,true,1,5333515
7290000136646,false,בירה שחורה נשר מאלט,,,בירה שחורה נשר מאלט,ליטרים,1.90,ליטר,false,,7.70,4.0526,true,1,5333493
7290000136653,false,בירה שחורה דיאט נשר,,,בירה שחורה דיאט נשר,ליטרים,1.50,ליטר,false,,7.70,5.1333,true,1,5333494
7290000136660,false,סודה 1.5 ליטר,,,סודה 1.5 ליטר,ליטרים,1.50,ליטר,false,,2.80,1.8667,true,1,5333800
7290000136769,false,פפסי 1.5 ליטר שישייה,,,פפסי 1.5 ליטר שישייה,ליטרים,9.00,ליטר,false,,30.80,3.4222,true,1,5333562
7290000136776,false,פפסי מקס 1.5 ליטר שי,,,פפסי מקס 1.5 ליטר שי,ליטרים,9.00,ליטר,false,,30.90,3.4333,true,1,5333563
7290000136790,false,טמפו סודה 6* 1.5 ליט,,,טמפו סודה 6* 1.5 ליט,מטרים,9000.00,100 מ'ל,false,,13.90,0.0015,true,1,5333516
7290000136844,false,מים אקווה נובה 2 ליט,,,מים אקווה נובה 2 ליט,ליטרים,12.00,ליטר,false,,9.40,0.7833,true,1,5333495
7290000137513,false,גלידונית קרמיסימו ונ,שטראוס,,גלידונית קרמיסימו ונ,גרמים,630.00,100 גרם,false,,34.00,0.0540,true,1,1566756
7290000137643,false,שלגוני טעמקור בטעם ש,שטראוס,,שלגוני טעמקור בטעם ש,יח',1.00,יח',false,,27.30,27.3000,true,1,1587690
7290000139104,false,שלווה חיטה תפוחה מתו,אשבול,,שלווה חיטה תפוחה מתו,גרמים,230.00,100 גרם,false,,7.40,0.0322,true,1,1568748
7290000139180,false,שלווה חיטה מלאה תפוח,אשבול,,שלווה חיטה מלאה תפוח,גרמים,140.00,100 גרם,false,,7.40,0.0529,true,1,1568751
7290000139227,false,אשבול דגן לבן 150גר,אשבול,,אשבול דגן לבן 150גר,גרמים,150.00,100 גרם,false,,7.40,0.0493,true,1,1568754
7290000139234,false,אשבול דגן חמאה 150 ג,אשבול,,אשבול דגן חמאה 150 ג,גרמים,150.00,100 גרם,false,,7.40,0.0493,true,1,1568755
7290000139241,false,מולטי שוקו וניל 500,,,מולטי שוקו וניל 500,גרמים,500.00,100 גרם,false,,7.60,0.0152,true,1,1568756
7290000139258,false,שלווה דבש וסוכר חום,אשבול,,שלווה דבש וסוכר חום,גרמים,250.00,100 גרם,false,,7.40,0.0296,true,1,1568757
7290000139289,false,אשבול מולטי שוקולד 5,,,אשבול מולטי שוקולד 5,גרמים,500.00,100 גרם,false,,7.60,0.0152,true,1,1568759
7290000139296,false,אשבול מולטי כוכבים 5,,,אשבול מולטי כוכבים 5,גרמים,500.00,100 גרם,false,,7.60,0.0152,true,1,1568760
7290000139609,false,אשבול פצפוצי אורז 37,,,אשבול פצפוצי אורז 37,גרמים,375.00,100 גרם,false,,9.30,0.0248,true,1,1568765
7290000143200,false,הוואי מרכך לשיער יבש,הוואי,,הוואי מרכך לשיער יבש,מיליליטרים,700.00,"100 מ""ל",false,,7.60,0.0109,true,1,1573596
7290000143262,false,הוואי שמפו לילדים 70,הוואי,,הוואי שמפו לילדים 70,מיליליטרים,700.00,"100 מ""ל",false,,7.60,0.0109,true,1,1573599
7290000144160,false,שמן זית כתית מעולה א,עץ הזית,,שמן זית כתית מעולה א,מיליליטרים,750.00,"100 מ""ל",false,,28.10,0.0375,true,1,1581706
7290000144467,false,שמן בריאות חמניות עץ,עץ הזית,,שמן בריאות חמניות עץ,ליטרים,1.00,ליטר,false,,11.90,11.9000,true,1,1581709
7290000144474,false,שמן בריאות קנולה עץ,עץ הזית,,שמן בריאות קנולה עץ,ליטרים,1.00,ליטר,false,,12.60,12.6000,true,1,1581710
7290000146997,false,משחת שיניים לילדים מ,טום וג'רי,,משחת שיניים לילדים מ,יח',1.00,יח',false,,6.80,6.8000,true,1,1573612
7290000148489,false,גרעיני דלעת קלויים ק,קליית גת,,גרעיני דלעת קלויים ק,גרמים,200.00,100 גרם,false,,7.60,0.0380,true,1,1584718
7290000148748,false,גרעיני חמניות קלויים,קליית גת,,גרעיני חמניות קלויים,גרמים,200.00,100 גרם,false,,5.00,0.0250,true,1,1584721
7290000148939,false,שקדים קלויים 200 גרם,קליית גת,,שקדים קלויים 200 גרם,גרמים,200.00,100 גרם,false,,14.40,0.0720,true,1,1584722
7290000149844,false,סבון רב שימושי סינטב,סינטבון,,סבון רב שימושי סינטב,גרמים,230.00,100 גרם,false,,5.90,0.0257,true,1,1579595
7290000149851,false,סבון לניקוי והסרת כת,סינטבון,,סבון לניקוי והסרת כת,גרמים,460.00,100 גרם,false,,8.10,0.0176,true,1,1579596
7290000149943,false,טקסטיל אבקת כביסה בי,נקה,,טקסטיל אבקת כביסה בי,ליטרים,1.00,ליטר,false,,11.00,11.0000,true,1,1579599
7290000150956,false,מקלוני קבנוס עוף טוב,עוף טוב,,מקלוני קבנוס עוף טוב,גרמים,160.00,100 גרם,false,,8.50,0.0531,true,1,1577023
7290000151885,false,נקניק הודו יחידה 700,עוף טוב,,נקניק הודו יחידה 700,גרמים,700.00,100 גרם,false,,12.70,0.0181,true,1,1577037
7290000152943,false,מארז פסטרמה כפרית וס,עוף טוב,,מארז פסטרמה כפרית וס,גרמים,700.00,100 גרם,false,,16.20,0.0231,true,1,1577043
7290000153469,false,קציצות עוף קלאסיות 1,עוף טוב,,קציצות עוף קלאסיות 1,גרמים,600.00,100 גרם,false,,24.70,0.0412,true,1,1577049
7290000161358,false,מיונז שמן קנולה 500,תלמה,,מיונז שמן קנולה 500,גרמים,500.00,100 גרם,false,,11.00,0.0220,true,1,1578796
7290000161631,false,קליק iN חטיף נוגט 37,קליק,,קליק iN חטיף נוגט 37,גרמים,38.00,100 גרם,false,,3.30,0.0868,true,1,1578797
7290000161648,false,קליק IN חטיף קרם חלב,קליק,,קליק IN חטיף קרם חלב,גרמים,38.00,100 גרם,false,,3.30,0.0868,true,1,1578798
7290000168173,false,ברנפלקס קרנצ'ים תלמה,תלמה,,ברנפלקס קרנצ'ים תלמה,גרמים,375.00,100 גרם,false,,17.00,0.0453,true,1,1566566
7290000169538,false,"נמס בכוס עגבניות בד""",קנור,,"נמס בכוס עגבניות בד""",גרמים,31.00,100 גרם,false,,5.50,0.1774,true,1,1578878
7290000169798,false,עוגי מופחת 20%סוכר 5,תלמה,,עוגי מופחת 20%סוכר 5,גרמים,500.00,100 גרם,false,,16.20,0.0324,true,1,1578882
7290000174723,false,שוקולית 500 גרם,עלית,,שוקולית 500 גרם,גרמים,500.00,100 גרם,false,,10.20,0.0204,true,1,1575274
7290000176079,false,קפה טורקי עם הל 100,עלית,,קפה טורקי עם הל 100,גרמים,100.00,100 גרם,false,,7.60,0.0760,true,1,1575277
7290000176116,false,קפה טורקי - ואקום 1,עלית,,קפה טורקי - ואקום 1,לקג,1.00,לקג,false,,64.00,64.0000,true,1,1566492
7290000176147,false,קפה לפילטר קלוי וטחו,עלית,,קפה לפילטר קלוי וטחו,גרמים,500.00,100 גרם,false,,40.90,0.0818,true,1,1575280
7290000176413,false,קפה נמס 50 גרם,עלית,,קפה נמס 50 גרם,גרמים,50.00,100 גרם,false,,7.60,0.1520,true,1,1575282
7290000176420,false,קפה נמס 200 גרם,עלית,,קפה נמס 200 גרם,גרמים,200.00,100 גרם,false,,16.20,0.0810,true,1,1575283
7290000176468,false,קפה נמס האג נטול קפא,עלית,,קפה נמס האג נטול קפא,גרמים,50.00,100 גרם,false,,9.30,0.1860,true,1,1575284
7290000176475,false,האג קפה נמס נטול קפא,עלית,,האג קפה נמס נטול קפא,גרמים,200.00,100 גרם,false,,28.90,0.1445,true,1,1575285
7290000178707,false,תפוצ'יפס בטעם טבעי 5,עלית,,תפוצ'יפס בטעם טבעי 5,גרמים,50.00,100 גרם,false,,2.90,0.0580,true,1,1582866
7290000178721,false,תפוצ'יפס בטעם טבעי 2,עלית,,תפוצ'יפס בטעם טבעי 2,גרמים,200.00,100 גרם,false,,8.40,0.0420,true,1,1582867
7290000185224,false,סילאן לחיץ כנרת 650,תמר כנרת,,סילאן לחיץ כנרת 650,גרמים,650.00,100 גרם,false,,13.50,0.0208,true,1,1570796
7290000185330,false,סילאן טבעי 900גר כנר,,,סילאן טבעי 900גר כנר,גרמים,900.00,100 גרם,false,,20.40,0.0227,true,1,5266925
7290000185590,false,סילאן טבעי בבקבוק לח,,,סילאן טבעי בבקבוק לח,גרמים,635.00,100 גרם,false,,17.00,0.0268,true,1,5297476
7290000187860,false,לילי לח פיור 56 דפים,לילי,,לילי לח פיור 56 דפים,יח',56.00,יח',false,,6.80,0.1214,true,1,1585386
7290000188591,false,מגן תחתון יאנג קוטקס,קוטקס,,מגן תחתון יאנג קוטקס,יח',60.00,יח',false,,13.60,0.2267,true,1,1585405
7290000189079,false,תבניות אינגליש קייק,ניקול,,תבניות אינגליש קייק,יח',6.00,יח',false,,8.50,1.4167,true,1,1585412
7290000189598,false,מטליות לחות לניקוי כ,ניקול,,מטליות לחות לניקוי כ,יח',50.00,יח',false,,8.50,0.1700,true,1,1585430
7290000189659,false,מטליות לחות לרצפה ני,ניקול,,מטליות לחות לרצפה ני,יח',10.00,יח',false,,8.50,0.8500,true,1,1585431
7290000189680,false,זוג מטליות לחות לרצפ,ניקול,,זוג מטליות לחות לרצפ,מיליליטרים,700.00,"100 מ""ל",false,,17.00,0.0243,true,1,1585432
7290000189734,false,מטליות לחות לניקוי פ,ניקול,,מטליות לחות לניקוי פ,יח',10.00,יח',false,,9.30,0.9300,true,1,1585433
7290000190198,false,מטליות לניקוי וחיטוי,ניקול,,מטליות לניקוי וחיטוי,יח',50.00,יח',false,,8.50,0.1700,true,1,1585447
7290000191225,false,האגיס ליטל שלב 2 44,האגיס,,האגיס ליטל שלב 2 44,יח',46.00,יח',false,,24.70,0.5370,true,1,1585460
7290000193014,false,מגן תחתון לילי 50 יח,לילי,,מגן תחתון לילי 50 יח,יח',50.00,יח',false,,8.50,0.1700,true,1,1585474
7290000193076,false,שלישיית מטליות רצפה,ניקול,,שלישיית מטליות רצפה,יח',3.00,יח',false,,8.50,2.8333,true,1,1585476
7290000193083,false,נובה-לי תחבושות היגי,לילי,,נובה-לי תחבושות היגי,יח',28.00,יח',false,,7.60,0.2714,true,1,1585477
7290000193205,false,תחבושות לילה עם כנפי,לילי,,תחבושות לילה עם כנפי,יח',20.00,יח',false,,13.60,0.6800,true,1,1585480
7290000193472,false,מגן תחתון נטורל נורמ,לילי,,מגן תחתון נטורל נורמ,יח',60.00,יח',false,,12.70,0.2117,true,1,1585482
7290000193540,false,מגן תחתון ארוך נטורל,לילי,,מגן תחתון ארוך נטורל,יח',52.00,יח',false,,12.70,0.2442,true,1,1585484
7290000193649,false,תחבושות עם כנפיים נו,לילי,,תחבושות עם כנפיים נו,יח',24.00,יח',false,,13.60,0.5667,true,1,1585486
7290000193656,false,תחבושות עם כנפיים סו,לילי,,תחבושות עם כנפיים סו,יח',24.00,יח',false,,13.60,0.5667,true,1,1585487
7290000193793,false,תחבושות נורמל אולטרה,לילי,,תחבושות נורמל אולטרה,יח',24.00,יח',false,,13.60,0.5667,true,1,1585491
7290000194536,false,חזה עוף טרי מחפוד אר,עוף ירושלים מהדרין,,חזה עוף טרי מחפוד אר,קילוגרמים,1.00,"ק""ג",true,,28.10,28.1000,true,1,5352215
7290000195216,false,נייר אפייה בשקית ניק,ניקול,,נייר אפייה בשקית ניק,יח',50.00,יח',false,,7.90,0.1580,true,1,1585500
7290000195537,false,מגבונים לחים לעור רג,האגיס,,מגבונים לחים לעור רג,יח',72.00,יח',false,,16.20,0.2250,true,1,1585508
7290000196039,false,מפת שולחן 110*180 ני,ניקול,,מפת שולחן 110*180 ני,יח',2.00,יח',false,,8.50,4.2500,true,1,1585519
7290000197012,false,שקיות ריצ'רץ' אחסון,ניקול,,שקיות ריצ'רץ' אחסון,יח',15.00,יח',false,,11.00,0.7333,true,1,1585527
7290000197425,false,האגיס פרידום דריי של,האגיס,,האגיס פרידום דריי של,יח',52.00,יח',false,,35.80,0.6885,true,1,1585537
7290000197456,false,האגיס פרידום דריי של,האגיס,,האגיס פרידום דריי של,יח',44.00,יח',false,,35.80,0.8136,true,1,1585540
7290000197463,false,האגיס פרידום דריי של,האגיס,,האגיס פרידום דריי של,יח',40.00,יח',false,,35.80,0.8950,true,1,1585541
7290000197548,false,האגיס פרידום דריי של,האגיס,,האגיס פרידום דריי של,יח',36.00,יח',false,,35.80,0.9944,true,1,1585543
7290000197678,false,האגיס פרידום דריי של,האגיס,,האגיס פרידום דריי של,יח',30.00,יח',false,,35.80,1.1933,true,1,1585545
7290000197753,false,ניילון נצמד ניקול 2*,ניקול,,ניילון נצמד ניקול 2*,אורך,30.00,אורך,false,,8.50,0.2833,true,1,1585547
7290000199313,false,תחבושות עם כנפיים נו,קוטקס,,תחבושות עם כנפיים נו,יח',30.00,יח',false,,13.60,0.4533,true,1,1585558
7290000204086,false,סקוטש קרצוף ניקול 3,ניקול,,סקוטש קרצוף ניקול 3,יח',3.00,יח',false,,8.50,2.8333,true,1,1585605
7290000204147,false,כריות יפניות עבות ני,ניקול,,כריות יפניות עבות ני,יח',4.00,יח',false,,8.50,2.1250,true,1,1585606
7290000204215,false,כריות יפניות ניקול 6,ניקול,,כריות יפניות ניקול 6,יח',6.00,יח',false,,8.50,1.4167,true,1,1585607
7290000204253,false,מטליות רב שימושיות ל,ניקול,,מטליות רב שימושיות ל,יח',9.00,יח',false,,8.50,0.9444,true,1,1585609
7290000204512,false,מטליות לחות לרצפה בר,,,מטליות לחות לרצפה בר,יח',10.00,יח',false,,8.50,0.8500,true,1,2183416
7290000204611,false,ספוגית הקסם ניקול 6,ניקול,,ספוגית הקסם ניקול 6,יח',6.00,יח',false,,8.50,1.4167,true,1,1585611
7290000205526,false,פיסגה נוזל ריחני לשט,סנו,,פיסגה נוזל ריחני לשט,ליטרים,2.00,ליטר,false,,8.50,4.2500,true,1,1579604
7290000207063,false,רוטב עגב' פריכוז 240,יכין,,רוטב עגב' פריכוז 240,גרמים,260.00,100 גרם,false,,3.20,0.0123,true,1,1585163
7290000207162,false,רוטב עגבניות 22BX יכ,יכין,,רוטב עגבניות 22BX יכ,גרמים,100.00,100 גרם,false,,2.10,0.0210,true,1,1585166
7290000207438,false,עגבניות קוביות יכין,יכין,,עגבניות קוביות יכין,גרמים,800.00,100 גרם,false,,8.50,0.0106,true,1,1585167
7290000208008,false,חריסה פלפל מרוסק יכי,יכין,,חריסה פלפל מרוסק יכי,גרמים,570.00,100 גרם,false,,5.80,0.0102,true,1,1585170
7290000208022,false,עגבניות מרוסקות יכין,יכין,,עגבניות מרוסקות יכין,גרמים,800.00,100 גרם,false,,8.50,0.0106,true,1,1585171
7290000208077,false,אפונת גינה יכין 550,יכין,,אפונת גינה יכין 550,גרמים,335.00,100 גרם,false,,6.80,0.0203,true,1,1585173
7290000208114,false,אפונת גינה וגזר יכין,יכין,,אפונת גינה וגזר יכין,גרמים,335.00,100 גרם,false,,5.90,0.0176,true,1,1585176
7290000208138,false,סירופ דיאט בטעם ענבי,יכין,,סירופ דיאט בטעם ענבי,ליטרים,1.00,ליטר,false,,14.30,14.3000,true,1,1585178
7290000208145,false,תירס מתוק לייט יכין,יכין,,תירס מתוק לייט יכין,גרמים,335.00,100 גרם,false,,8.50,0.0254,true,1,1585179
7290000208213,false,שעועית לבנה ברוטב עג,יכין,,שעועית לבנה ברוטב עג,גרמים,355.00,100 גרם,false,,5.90,0.0166,true,1,1585182
7290000208220,false,שעועית צ'ילי יכין 58,יכין,,שעועית צ'ילי יכין 58,גרמים,355.00,100 גרם,false,,8.10,0.0228,true,1,1585183
7290000208251,false,שעועית ירוקה חתוכה י,יכין,,שעועית ירוקה חתוכה י,גרמים,320.00,100 גרם,false,,6.80,0.0212,true,1,1585186
7290000208312,false,תירס מתוק יכין 400 ג,יכין,,תירס מתוק יכין 400 ג,גרמים,246.00,100 גרם,false,,5.60,0.0228,true,1,1585188
7290000208329,false,תירס מתוק יכין 550 ג,יכין,,תירס מתוק יכין 550 ג,גרמים,335.00,100 גרם,false,,5.90,0.0176,true,1,1585189
7290000208336,false,רוטב עגבניות 22BX יכ,יכין,,רוטב עגבניות 22BX יכ,גרמים,240.00,100 גרם,false,,3.30,0.0137,true,1,1585190
7290000208343,false,עגבניות מרוסקות שום,יכין,,עגבניות מרוסקות שום,גרמים,800.00,100 גרם,false,,8.50,0.0106,true,1,1585191
7290000208350,false,עגבניות מרוסקות בצל,יכין,,עגבניות מרוסקות בצל,גרמים,800.00,100 גרם,false,,8.50,0.0106,true,1,1585192
7290000208367,false,מרוסקות בזיליקום A2.,יכין,,מרוסקות בזיליקום A2.,גרמים,800.00,100 גרם,false,,8.50,0.0106,true,1,1585193
7290000208428,false,חומוס יכין 550גרם,יכין,,חומוס יכין 550גרם,גרמים,290.00,100 גרם,false,,5.90,0.0203,true,1,1585195
7290000208459,false,לקט אפונה תפוחי אדמ,יכין,,לקט אפונה תפוחי אדמ,גרמים,335.00,100 גרם,false,,8.50,0.0254,true,1,1585197
7290000208534,false,תירס מתוק לילדים יכי,יכין,,תירס מתוק לילדים יכי,גרמים,335.00,100 גרם,false,,8.50,0.0254,true,1,1585199
7290000208855,false,רוטב פסטה קלאסי יכין,יכין,,רוטב פסטה קלאסי יכין,גרמים,240.00,100 גרם,false,,4.70,0.0196,true,1,1585202
7290000208893,false,תירס מתוק לייט יכין,יכין,,תירס מתוק לייט יכין,גרמים,246.00,100 גרם,false,,5.50,0.0224,true,1,1585203
7290000208930,false,מרוסקות שום 240 יכין,יכין,,מרוסקות שום 240 יכין,גרמים,240.00,100 גרם,false,,4.70,0.0196,true,1,1585205
7290000208947,false,עגבניות מרוסקות 240,יכין,,עגבניות מרוסקות 240,גרמים,240.00,100 גרם,false,,4.70,0.0196,true,1,1585206
7290000208978,false,ר.עגב' פריכוז 100 יכ,יכין,,ר.עגב' פריכוז 100 יכ,גרמים,100.00,100 גרם,false,,2.50,0.0250,true,1,1585207
7290000209012,false,חומץ 5% יכין 1 ליטר,יכין,,חומץ 5% יכין 1 ליטר,ליטרים,1.00,ליטר,false,,5.00,5.0000,true,1,1585209
7290000209043,false,מיץ לימון לתיבול יכי,יכין,,מיץ לימון לתיבול יכי,100 יח',1000.00,100 יח',false,,5.00,0.0050,true,1,1585211
7290000209173,false,חומצה אצטית למזון 5%,יכין,,חומצה אצטית למזון 5%,100 מל,1000.00,100 מל,false,,3.80,0.0038,true,1,1585213
7290000209371,false,תירס מתוק יכין 200 ג,זנלכל,,תירס מתוק יכין 200 ג,גרמים,495.00,100 גרם,false,,12.70,0.0257,true,1,1585220
7290000209388,false,תירס מתוק לייט יכין,זנלכל,,תירס מתוק לייט יכין,גרמים,369.00,100 גרם,false,,12.70,0.0344,true,1,1585221
7290000209517,false,סירופ דיאט בטעם לימו,יכין,,סירופ דיאט בטעם לימו,ליטרים,1.00,ליטר,false,,14.30,14.3000,true,1,1585223
7290000209524,false,סירופ דיאט בטעם פטל,יכין,,סירופ דיאט בטעם פטל,ליטרים,1.00,ליטר,false,,14.30,14.3000,true,1,1585224
7290000209531,false,סירופ דיאט בטעם אשכו,יכין,,סירופ דיאט בטעם אשכו,ליטרים,1.00,ליטר,false,,14.30,14.3000,true,1,1585225
7290000209555,false,סירופ דיאט בטעם תפוח,יכין,,סירופ דיאט בטעם תפוח,ליטרים,1.00,ליטר,false,,14.30,14.3000,true,1,1585226
7290000209579,false,סירופ דיאט בטעם אננס,יכין,,סירופ דיאט בטעם אננס,ליטרים,1.00,ליטר,false,,14.30,14.3000,true,1,1585228
7290000209708,false,עגבניות מרוסקות עם ב,יכין,,עגבניות מרוסקות עם ב,גרמים,240.00,100 גרם,false,,4.70,0.0196,true,1,1585230
7290000209722,false,פריכוז יכין 580 ג' A,יכין,,פריכוז יכין 580 ג' A,גרמים,580.00,100 גרם,false,,8.40,0.0145,true,1,1585232
7290000209913,false,עגבניות קוביות 240 י,יכין,,עגבניות קוביות 240 י,גרמים,240.00,100 גרם,false,,4.70,0.0196,true,1,1585234
7290000209944,false,רוטב לשקשוקה יכין 24,יכין,,רוטב לשקשוקה יכין 24,גרמים,240.00,100 גרם,false,,4.70,0.0196,true,1,1585235
7290000209951,false,רוטב פיצה יכין 240 ג,יכין,,רוטב פיצה יכין 240 ג,מיליליטרים,240.00,"100 מ""ל",false,,4.70,0.0196,true,1,1585236
7290000209968,false,רוטב לזניה 240 יכין,יכין,,רוטב לזניה 240 יכין,גרמים,240.00,100 גרם,false,,4.70,0.0196,true,1,1585237
7290000210469,false,עגבניות שלמות יכין 8,יכין,,עגבניות שלמות יכין 8,גרמים,800.00,100 גרם,false,,8.50,0.0106,true,1,1585242
7290000211169,false,סוגת אורז תאילנדי 1,סוגת,IL,"אורז תאילנדי 1 ק""ג",גרמים,1000.00,100 גרם,false,,5.80,0.0058,true,1,1579331
7290000211312,false,"סוגת אורז מלא 1 ק""ג",סוגת,IL,"אורז מלא 1 ק""ג",גרמים,1000.00,100 גרם,false,,6.80,0.0068,true,1,1579332
7290000211374,false,"סוגת קמח מלא 1 ק""ג",שטיבל,IL,"קמח מלא 1 ק""ג",גרמים,1000.00,100 גרם,false,,5.90,0.0059,true,1,1579333
7290000211442,false,"אורז פרסי סוגת 1 ק""ג",סוגת,,"אורז פרסי סוגת 1 ק""ג",גרמים,1000.00,100 גרם,false,,9.20,0.0092,true,1,1579335
7290000211503,false,"סוכר סוגת 1 ק""ג",סוגת,IL,"סה""כ סוכר לבן 1 ק""ג",גרמים,1000.00,100 גרם,false,,3.30,0.0033,true,1,1579336
7290000211626,false,"אורז חיש סוגת 1 ק""ג",סוגת,IL,"אורש חיש 1 ק""ג",גרמים,1000.00,100 גרם,false,,6.80,0.0068,true,1,1579337
7290000211985,false,סוגת אורז עגול ריזוט,סוגת,IL,"אורז עגול 1 ק""ג",גרמים,1000.00,100 גרם,false,,6.80,0.0068,true,1,1579339
7290000223124,false,משלוחים נשר 24שח,,,משלוחים נשר 24שח,יח',1.00,יח',false,,25.00,25.0000,true,1,1590589
7290000226514,false,עוגת דובוש ריבת חלב,,,עוגת דובוש ריבת חלב,גרמים,450.00,100 גרם,false,,33.20,0.0738,true,1,1607985
7290000226545,false,עוגת טורט היער השחור,,,עוגת טורט היער השחור,יח',1.00,יח',false,,54.60,54.6000,true,1,1607987
7290000226552,false,עוגת טורט ריבת חלב ע,,,עוגת טורט ריבת חלב ע,גרמים,1000.00,100 גרם,false,,54.60,0.0546,true,1,1607988
7290000226569,false,עוגת טורט קצפת שוקול,,,עוגת טורט קצפת שוקול,קילוגרמים,1.00,"לק""ג",false,,54.60,54.6000,true,1,1607989
7290000226576,false,עוגת טורט קצפת שוקול,,,עוגת טורט קצפת שוקול,יח',1.00,יח',false,,54.60,54.6000,true,1,1607990
7290000226613,false,עוגת דובוש מצופה בטע,,,עוגת דובוש מצופה בטע,גרמים,450.00,100 גרם,false,,33.20,0.0738,true,1,1607992
7290000238029,false,בצק עלים צרפתי מרודד,מעדנות,IL,"בצק עלים מרודד 1 ק""ג מעדנ",גרמים,1000.00,100 גרם,false,,13.60,0.0136,true,1,1572468
7290000238036,false,מלאווח מעדנות 700 גר,מעדנות,IL,מלאווח 700גר מעדנות,גרמים,700.00,100 גרם,false,,11.00,0.0157,true,1,1572469
7290000238173,false,בורקס גבינה מעדנות 8,מעדנות,IL,בורקס גבינה מעדנות 800גר,גרמים,800.00,100 גרם,false,,12.70,0.0159,true,1,1572470
7290000238180,false,בורקס תפוחי אדמה מעד,מעדנות,IL,"בורקס תפו""א 800 גרם מעדנו",גרמים,800.00,100 גרם,false,,12.70,0.0159,true,1,1572471
7290000240541,false,ריבועי בצק עלים מעדנ,מעדנות,IL,ריבועי בצק עלים 800גר מעד,גרמים,800.00,100 גרם,false,,19.60,0.0245,true,1,1572473
7290000244051,false,הוואי סבון נוזלי אדו,הוואי,,הוואי סבון נוזלי אדו,ליטרים,1.50,ליטר,false,,12.70,8.4667,true,1,1573613
7290000244082,false,הוואי סבון נוזלי כחו,הוואי,,הוואי סבון נוזלי כחו,ליטרים,1.50,ליטר,false,,12.70,8.4667,true,1,1573615
7290000244143,false,קרם לאחר גילוח הוואי,הוואי,,קרם לאחר גילוח הוואי,מיליליטרים,120.00,"100 מ""ל",false,,14.40,0.1200,true,1,1573618
7290000244761,false,קרם ידים ולווטה 100,ולוטה,,קרם ידים ולווטה 100,מטרים,100.00,100 מ'ל,false,,7.60,0.0760,true,1,1566466
7290000245072,false,סוד מרכך כביסה בייבי,סוד,IL,סוד מרכך כביסה תינוק 4 לי,ליטרים,4.00,ליטר,false,,15.30,3.8250,true,1,1602961
7290000245089,false,סוד מרכך כביסה סגול,סוד,IL,סוד מרכך כביסה סגול 4 ליט,ליטרים,4.00,ליטר,false,,15.30,3.8250,true,1,1602962
7290000245157,false,סוד מרכך כביסה סנסיי,סוד,IL,סוד מרכך כביסה סנסיישן 4,ליטרים,4.00,ליטר,false,,15.30,3.8250,true,1,1602963
7290000245287,false,פרסיל אבקת כביסה קול,פרסיל,IL,פרסיל אבקת כביסה קולור1.2,קילוגרמים,1.25,"ק""ג",false,,12.70,10.1600,true,1,1602966
7290000245508,false,סוד אבקת כביסה כחול,סוד,IL,סוד אבקת כביסה שושן מרענן,קילוגרמים,1.25,"ק""ג",false,,11.00,8.8000,true,1,1602972
7290000245515,false,סוד אבקת כביסה לבנדר,סוד,IL,סוד אבקת כביסה לבנדר 1.25,קילוגרמים,1.25,"ק""ג",false,,11.00,8.8000,true,1,1602973
7290000245539,false,סוד אבקת כביסה ורוד,סוד,IL,סוד אבקת כביסה קולור 1.25,קילוגרמים,1.25,"ק""ג",false,,11.00,8.8000,true,1,1602974
7290000245799,false,סוד מרכך כביסה כחול,סוד,IL,סוד מרכך כביסה כחול 4 ליט,ליטרים,4.00,ליטר,false,,15.30,3.8250,true,1,1602980
7290000253220,false,שוקולד צ'יפס חום 260,אופנהיימר,,שוקולד צ'יפס חום 260,גרמים,260.00,100 גרם,false,,9.30,0.0358,true,1,1589507
7290000253244,false,מרציפן 86 גרם,,,מרציפן 86 גרם,יח',1.00,יח',false,,7.60,7.6000,true,1,4919208
7290000253251,false,שוקולד צ'יפס לבן 250,אופנהיימר,,שוקולד צ'יפס לבן 250,גרמים,250.00,100 גרם,false,,8.50,0.0340,true,1,1589509
7290000253374,false,מיני שוקולד ציפס 250,,,מיני שוקולד ציפס 250,גרמים,250.00,100 גרם,false,,12.70,0.0508,true,1,5312065
7290000253381,false,שוקולד ציפס 500 ג-או,,,שוקולד ציפס 500 ג-או,גרמים,500.00,100 גרם,false,,12.50,0.0250,true,1,5292470
7290000253459,false,שוקולד ציפס קרמל 250,,,שוקולד ציפס קרמל 250,גרמים,250.00,100 גרם,false,,9.30,0.0372,true,1,5264685
7290000263359,false,האגיס ליטל בייביס מי,האגיס,,האגיס ליטל בייביס מי,יח',40.00,יח',false,,24.70,0.6175,true,1,1585626
7290000267029,false,שקד מולבן חצוי 100 -,דין שיווק,,שקד מולבן חצוי 100 -,גרמים,100.00,100 גרם,false,,8.50,0.0850,true,1,5347539
7290000267036,false,שקד מולבן משובב 100,דין שיווק,,שקד מולבן משובב 100,יח',1.00,יח',false,,8.50,8.5000,true,1,5354837
7290000267043,false,שקד מולבן פרוס 100 -,דין שיווק,,שקד מולבן פרוס 100 -,גרמים,100.00,100 גרם,false,,8.50,0.0850,true,1,5347521
7290000267586,false,גרעיני חמניה קלופים,,,גרעיני חמניה קלופים,גרמים,150.00,100 גרם,false,,4.20,0.0280,true,1,5406647
7290000267678,false,גרעיני דלעת טבעי קלו,,,גרעיני דלעת טבעי קלו,גרמים,150.00,100 גרם,false,,6.80,0.0453,true,1,5406648
7290000272443,false,סירופ דיאט בטעם תפוז,עסיס,,סירופ דיאט בטעם תפוז,ליטרים,1.00,ליטר,false,,15.30,15.3000,true,1,1577086
7290000272696,false,עסיס מיץ לימון משומר,אסם,,עסיס מיץ לימון משומר,100 מל,1000.00,100 מל,false,,6.70,0.0067,true,1,1577088
7290000272726,false,חומץ רכיבים רכיבים ט,אסם,,חומץ רכיבים רכיבים ט,100 מל,1000.00,100 מל,false,,5.00,0.0050,true,1,1577089
7290000286228,false,כריות יפניות סנו סוש,סנו,,כריות יפניות סנו סוש,יח',6.00,יח',false,,8.50,1.4167,true,1,1579605
7290000286297,false,אנטי קאלק מסיר אבנית,סנו,,אנטי קאלק מסיר אבנית,מיליליטרים,700.00,"100 מ""ל",false,,8.50,0.0121,true,1,1566597
7290000286549,false,מטליות לניקוי כללי ס,סנו,,מטליות לניקוי כללי ס,יח',9.00,יח',false,,8.50,0.9444,true,1,1566598
7290000286594,false,אבקה לניקוי ריח לימו,סנו,,אבקה לניקוי ריח לימו,גרמים,600.00,100 גרם,false,,8.50,0.0142,true,1,1579611
7290000286761,false,ניילון נצמד פלסטיק ס,סנו,,ניילון נצמד פלסטיק ס,יח',2.00,יח',false,,8.50,4.2500,true,1,1579614
7290000286877,false,רב מתכת מנקה מתכות ס,סנו,,רב מתכת מנקה מתכות ס,מיליליטרים,300.00,"100 מ""ל",false,,21.30,0.0710,true,1,1579615
7290000286907,false,סנוקל מסיר כתמים סנו,סנו,,סנוקל מסיר כתמים סנו,מיליליטרים,170.00,"100 מ""ל",false,,21.30,0.1253,true,1,1579617
7290000286921,false,סנו קל רסס וכבס 750,סנו,,סנו קל רסס וכבס 750,מיליליטרים,750.00,"100 מ""ל",false,,9.30,0.0124,true,1,1579619
7290000286945,false,תרסיס רהיט סנו 500 מ,סנו,,תרסיס רהיט סנו 500 מ,מיליליטרים,500.00,"100 מ""ל",false,,22.10,0.0442,true,1,1579620
7290000287102,false,ספריי שמפו לניקוי שט,סנו,,ספריי שמפו לניקוי שט,מיליליטרים,600.00,"100 מ""ל",false,,16.80,0.0280,true,1,1579622
7290000287195,false,סנו רהיט תרסיס לניקו,סנו,,סנו רהיט תרסיס לניקו,מיליליטרים,300.00,"100 מ""ל",false,,11.70,0.0390,true,1,1566599
7290000287492,false,סנובון נוזל לניקוי א,סנו,,סנובון נוזל לניקוי א,מיליליטרים,750.00,"100 מ""ל",false,,7.60,0.0101,true,1,1579628
7290000287621,false,אנטי קאלק נוזל לניקו,סנו,,אנטי קאלק נוזל לניקו,מיליליטרים,750.00,"100 מ""ל",false,,8.50,0.0113,true,1,1579630
7290000288017,false,אקונומיקה בריח לימון,סנו,,אקונומיקה בריח לימון,ליטרים,1.00,ליטר,false,,6.80,6.8000,true,1,1579638
7290000288024,false,אקונומיקה בריח לימון,סנו,,אקונומיקה בריח לימון,ליטרים,4.00,ליטר,false,,14.40,3.6000,true,1,1579639
7290000288048,false,מרסס גאוול לבנדר 1 ל,סנו,,מרסס גאוול לבנדר 1 ל,ליטרים,1.00,ליטר,false,,14.40,14.4000,true,1,1579641
7290000288253,false,קוטל מעופפים K-400 ס,סנו,,קוטל מעופפים K-400 ס,מיליליטרים,630.00,"100 מ""ל",false,,20.40,0.0324,true,1,1579643
7290000288352,false,קוטל חרקים K300 סנו,סנו,,קוטל חרקים K300 סנו,מיליליטרים,630.00,"100 מ""ל",false,,17.00,0.0270,true,1,1579646
7290000288383,false,קוטל זוחלים K500 סנו,סנו,,קוטל זוחלים K500 סנו,מיליליטרים,400.00,"100 מ""ל",false,,17.00,0.0425,true,1,1579647
7290000288390,false,קוטל זבובים ויתושים,סנו,,קוטל זבובים ויתושים,מיליליטרים,500.00,"100 מ""ל",false,,17.00,0.0340,true,1,1579648
7290000288413,false,סנו-די דוחה יתושים כ,סנו,,סנו-די דוחה יתושים כ,גרמים,50.00,100 גרם,false,,17.00,0.3400,true,1,1579649
7290000288444,false,סנו די נוזל + משאבה,סנו,,סנו די נוזל + משאבה,מטרים,50.00,100 מ'ל,false,,17.00,0.3400,true,1,1579651
7290000288642,false,מקסימה מרכך כביסה סנ,סנו,,מקסימה מרכך כביסה סנ,ליטרים,4.00,ליטר,false,,18.70,4.6750,true,1,1579654
7290000288659,false,סנו די ג'ונגל 50 מל,,,סנו די ג'ונגל 50 מל,מטרים,50.00,100 מ'ל,false,,17.00,0.3400,true,1,3715565
7290000289069,false,קצף לניקוי כללי בריח,סנו,,קצף לניקוי כללי בריח,ליטרים,1.00,ליטר,false,,14.40,14.4000,true,1,1579658
7290000289236,false,סנו K3 תחנת פיתיון ל,,,סנו K3 תחנת פיתיון ל,יח',1.00,יח',false,,34.10,34.1000,true,1,5234968
7290000289380,false,ג'ל לניקוי אסלה ז'או,סנו,,ג'ל לניקוי אסלה ז'או,מיליליטרים,750.00,"100 מ""ל",false,,9.20,0.0123,true,1,1579663
7290000289472,false,סנו סושי שקיות אשפה,סנו,,סנו סושי שקיות אשפה,יח',50.00,יח',false,,14.40,0.2880,true,1,1579665
7290000289496,false,קרם לניקוי כללי לימו,סנו,,קרם לניקוי כללי לימו,מיליליטרים,750.00,"100 מ""ל",false,,9.20,0.0123,true,1,1579666
7290000289748,false,מסיר שומנים לתנורים,סנו,,מסיר שומנים לתנורים,מיליליטרים,750.00,"100 מ""ל",false,,10.90,0.0145,true,1,1566601
7290000289885,false,מטהר אויר כחול ים סנ,סנו,,מטהר אויר כחול ים סנ,מיליליטרים,375.00,"100 מ""ל",false,,8.40,0.0224,true,1,1579670
7290000289892,false,פרש מבשם אויר ספרינג,סנו,,פרש מבשם אויר ספרינג,מיליליטרים,375.00,"100 מ""ל",false,,8.50,0.0227,true,1,1579671
7290000291857,false,פוליויקס נוזל רצפות,סנו,,פוליויקס נוזל רצפות,ליטרים,2.00,ליטר,false,,17.00,8.5000,true,1,1579673
7290000291932,false,סנובון נוזל לניקוי א,סנו,,סנובון נוזל לניקוי א,מיליליטרים,750.00,"100 מ""ל",false,,7.60,0.0101,true,1,1579674
7290000291963,false,אקונומיקה סמיכה בריח,סנו,,אקונומיקה סמיכה בריח,ליטרים,1.00,ליטר,false,,6.80,6.8000,true,1,1579676
7290000292007,false,סנו K3 פיתיון ג'ל קו,,,סנו K3 פיתיון ג'ל קו,יח',1.00,יח',false,,34.10,34.1000,true,1,4542927
7290000292137,false,נוזל לניקוי וטיפול מ,סנו,,נוזל לניקוי וטיפול מ,מיליליטרים,500.00,"100 מ""ל",false,,25.60,0.0512,true,1,1579677
7290000292311,false,פוליויקס נוזל רצפות,סנו,,פוליויקס נוזל רצפות,ליטרים,2.00,ליטר,false,,17.00,8.5000,true,1,1579679
7290000292434,false,נוזל להברקת רהיטים מ,סנו,,נוזל להברקת רהיטים מ,מיליליטרים,500.00,"100 מ""ל",false,,13.60,0.0272,true,1,1579680
7290000292533,false,ג'ל לניקוי כללי סנו,סנו,,ג'ל לניקוי כללי סנו,ליטרים,1.00,ליטר,false,,14.40,14.4000,true,1,1579681
7290000292687,false,סנובון מוצק לניקוי א,סנו,,סנובון מוצק לניקוי א,יח',3.00,יח',false,,12.70,4.2333,true,1,1579686
7290000293530,false,סופג לחות מילוי סנו,סנו,,סופג לחות מילוי סנו,מיליליטרים,340.00,"100 מ""ל",false,,10.00,0.0294,true,1,1579693
7290000293561,false,תרסיס להסרת כתמי עוב,סנו,,תרסיס להסרת כתמי עוב,מיליליטרים,750.00,"100 מ""ל",false,,12.70,0.0169,true,1,1579694
7290000293943,false,אנטיקאלק תרסיס להסרת,סנו,,אנטיקאלק תרסיס להסרת,ליטרים,1.00,ליטר,false,,14.30,14.3000,true,1,1579695
7290000294773,false,אקונומיקה בריח לבנדר,סנו,,אקונומיקה בריח לבנדר,ליטרים,4.00,ליטר,false,,14.40,3.6000,true,1,1579701
7290000294780,false,אקונומיקה סמיכה בריח,סנו,,אקונומיקה סמיכה בריח,ליטרים,4.00,ליטר,false,,14.40,3.6000,true,1,1579702
7290000295121,false,מטליות לניקוי רצפות,סנו,,מטליות לניקוי רצפות,יח',3.00,יח',false,,8.50,2.8333,true,1,1579703
7290000295299,false,כריות יפניות סנו סוש,סנו,,כריות יפניות סנו סוש,יח',4.00,יח',false,,8.30,2.0750,true,1,1579704
7290000295367,false,מקסימה אבקת כביסה אפ,סנו,,מקסימה אבקת כביסה אפ,קילוגרמים,2.50,"ק""ג",false,,19.60,7.8400,true,1,1579706
7290000295404,false,סנו סושי שקיות אשפה,סנו,,סנו סושי שקיות אשפה,יח',60.00,יח',false,,17.00,0.2833,true,1,1579707
7290000295503,false,סנו סושי זוג שקיות א,סנו,,סנו סושי זוג שקיות א,יח',300.00,יח',false,,11.70,0.0390,true,1,1579709
7290000295541,false,רב מגבת ג'מבו סנו סו,סנו,,רב מגבת ג'מבו סנו סו,יח',75.00,יח',false,,14.40,0.1920,true,1,1579710
7290000295558,false,רדיד אלומיניום רוחב,סנו,,רדיד אלומיניום רוחב,יח',1.00,יח',false,,8.40,8.4000,true,1,1579711
7290000295565,false,רדיד אלומיניום רוחב,סנו,,רדיד אלומיניום רוחב,אורך,7.50,אורך,false,,12.70,1.6933,true,1,1579712
7290000295572,false,נוזל לניקוי אסלה 00,סנו,,נוזל לניקוי אסלה 00,מיליליטרים,750.00,"100 מ""ל",false,,14.40,0.0192,true,1,1579713
7290000295589,false,טלק בייבי כיף 200 גר,כיף,,טלק בייבי כיף 200 גר,גרמים,200.00,100 גרם,false,,12.70,0.0635,true,1,1579714
7290000295794,false,ספוגיות מתכת אל חלד,סנו,,ספוגיות מתכת אל חלד,יח',3.00,יח',false,,8.50,2.8333,true,1,1579715
7290000295824,false,"רדיד אלומיניום 30 ס""",סנו,,"רדיד אלומיניום 30 ס""",יח',1.00,יח',false,,40.90,40.9000,true,1,1579717
7290000300900,false,שניצל תירס מרכיבים ט,טבעול,,שניצל תירס מרכיבים ט,גרמים,750.00,100 גרם,false,,21.30,0.0284,true,1,1577098
7290000311067,false,מן וופל מיני מן שוקו,,,מן וופל מיני מן שוקו,גרמים,200.00,100 גרם,false,,5.70,0.0285,true,1,4675607
7290000311128,false,מן עוגיות בטעם חמאה,מן עוגיות,,מן עוגיות בטעם חמאה,גרמים,300.00,100 גרם,false,,5.50,0.0183,true,1,1582292
7290000311135,false,מן עוגיות סטיקס בטעם,מן עוגיות,,מן עוגיות סטיקס בטעם,גרמים,300.00,100 גרם,false,,5.50,0.0183,true,1,1582293
7290000311180,false,מן וופלים שוקולד ציב,מן עוגיות,,מן וופלים שוקולד ציב,גרמים,250.00,100 גרם,false,,5.70,0.0228,true,1,1582297
7290000311203,false,מן וופלים שוקולד 200,מן עוגיות,,מן וופלים שוקולד 200,גרמים,200.00,100 גרם,false,,3.70,0.0185,true,1,1582299
7290000311210,false,מן וופל לימון 200 גר,מן עוגיות,,מן וופל לימון 200 גר,גרמים,200.00,100 גרם,false,,3.70,0.0185,true,1,1582300
7290000311227,false,מן וופלים קפה 200 גר,מן עוגיות,,מן וופלים קפה 200 גר,גרמים,200.00,100 גרם,false,,3.70,0.0185,true,1,1582301
7290000311258,false,מן וופל מצופה 250 גר,,,מן וופל מצופה 250 גר,גרמים,250.00,100 גרם,false,,5.50,0.0220,true,1,1582303
7290000311272,false,מן וופל חלבה 180ג,מן,,מן וופל חלבה 180ג,גרמים,180.00,100 גרם,false,,3.70,0.0206,true,1,1582304
7290000311357,false,מן וופלים בטעם אגוזי,מן עוגיות,,מן וופלים בטעם אגוזי,גרמים,280.00,100 גרם,false,,8.50,0.0304,true,1,1566663
7290000311364,false,מן וופלים שוקולד טיי,מן עוגיות,,מן וופלים שוקולד טיי,גרמים,210.00,100 גרם,false,,5.70,0.0271,true,1,1582308
7290000311425,false,מן וופלים מצופים 10*,מן עוגיות,,מן וופלים מצופים 10*,גרמים,220.00,100 גרם,false,,5.80,0.0264,true,1,1582309
7290000311463,false,מן עוגיות חיטה מלאה,,,מן עוגיות חיטה מלאה,גרמים,250.00,100 גרם,false,,7.40,0.0296,true,1,5307640
7290000311500,false,מן וופלים בטעם שוקול,מן עוגיות,,מן וופלים בטעם שוקול,גרמים,500.00,100 גרם,false,,7.40,0.0148,true,1,1582310
7290000311517,false,מן וופלים בטעם לימון,מן עוגיות,,מן וופלים בטעם לימון,גרמים,500.00,100 גרם,false,,7.40,0.0148,true,1,1582311
7290000311708,false,מן עוגיות מחיטה מלאה,מן עוגיות,,מן עוגיות מחיטה מלאה,גרמים,300.00,100 גרם,false,,5.50,0.0183,true,1,1582314
7290000311715,false,מן עוגיות כוכבים בטע,מן עוגיות,,מן עוגיות כוכבים בטע,גרמים,300.00,100 גרם,false,,5.50,0.0183,true,1,1582315
7290000311722,false,מן עוגיות כוכבים 300,מן עוגיות,,מן עוגיות כוכבים 300,גרמים,300.00,100 גרם,false,,5.50,0.0183,true,1,1582316
7290000311746,false,מן עוגיות קרמל 300 ג,מן עוגיות,,מן עוגיות קרמל 300 ג,גרמים,300.00,100 גרם,false,,5.50,0.0183,true,1,1582318
7290000311753,false,מן עוגיות חיטה מלאה,,,מן עוגיות חיטה מלאה,גרמים,250.00,100 גרם,false,,5.50,0.0220,true,1,5167800
7290000311845,false,מן עוגיות חיטה מלאה,רוקחמן,IL,מן עוגיות חיטה מלאה,גרמים,200.00,100 גרם,false,,7.40,0.0370,true,1,1582319
7290000311869,false,מן וופלים שוקולד ללא,רוקחמן,IL,מן וופלים שוקולד ללא,גרמים,180.00,100 גרם,false,,6.60,0.0367,true,1,1566664
7290000311876,false,מן וופלים וניל ללא ת,רוקחמן,IL,מן וופלים וניל ללא ת,גרמים,180.00,100 גרם,false,,6.60,0.0367,true,1,1582320
7290000311883,false,מן עוגיות גרנולה ללא,רוקחמן,IL,מן עוגיות גרנולה ללא,גרמים,200.00,100 גרם,false,,7.40,0.0370,true,1,1582321
7290000311890,false,מן וופל לימון ללא סו,,,מן וופל לימון ללא סו,יח',1.00,יח',false,,6.60,6.6000,true,1,5278936
7290000313160,false,זהבה ושלושת הדובים ע,אסם,,זהבה ושלושת הדובים ע,גרמים,350.00,100 גרם,false,,6.80,0.0194,true,1,1577106
7290000313184,false,גן חיות עוגיות בטעם,אסם,,גן חיות עוגיות בטעם,גרמים,250.00,100 גרם,false,,6.80,0.0272,true,1,1577107
7290000313290,false,נודלס אטריות מסולסלו,אסם,,נודלס אטריות מסולסלו,גרמים,200.00,100 גרם,false,,7.60,0.0380,true,1,1577109
7290000315126,false,ציר עוף קנור 300 גרם,קנור,,ציר עוף קנור 300 גרם,גרמים,300.00,100 גרם,false,,21.10,0.0703,true,1,1578887
7290000315133,false,ציר בקר קנור 300 גרם,קנור,,ציר בקר קנור 300 גרם,גרמים,300.00,100 גרם,false,,21.30,0.0710,true,1,1578888
7290000318127,false,נקניקיות ביס יחיעם 3,מעדני יחיעם,,נקניקיות ביס יחיעם 3,גרמים,380.00,100 גרם,false,,9.30,0.0245,true,1,1586130
7290000318189,false,פסטרמה ברביקיו על הא,מעדני יחיעם,,פסטרמה ברביקיו על הא,גרמים,330.00,100 גרם,false,,21.10,0.0639,true,1,1586131
7290000318479,false,נקניק פרושוטו בקר יח,מעדני יחיעם,,נקניק פרושוטו בקר יח,גרמים,100.00,100 גרם,false,,21.30,0.2130,true,1,1586138
7290000318677,false,נקניק סלמי סרוולט יח,מעדני יחיעם,,נקניק סלמי סרוולט יח,גרמים,150.00,100 גרם,false,,19.60,0.1307,true,1,1586142
7290000318707,false,נקניק סלמי מעושן יחי,מעדני יחיעם,,נקניק סלמי מעושן יחי,גרמים,500.00,100 גרם,false,,25.50,0.0510,true,1,1586144
7290000318943,false,פסטרמה של פעם מעושן,מעדני יחיעם,,פסטרמה של פעם מעושן,גרמים,200.00,100 גרם,false,,18.70,0.0935,true,1,1586150
7290000319063,false,כתף בקר מעושן מפולפל,,,כתף בקר מעושן מפולפל,גרמים,150.00,100 גרם,false,,19.60,0.1307,true,1,3874159
7290000319124,false,סלמי סרוולט 250 גרם,מעדני יחיעם,,סלמי סרוולט 250 גרם,גרמים,250.00,100 גרם,false,,29.00,0.1160,true,1,1586154
7290000319131,false,נקניקיות עוף יחיעם 4,מעדני יחיעם,,נקניקיות עוף יחיעם 4,גרמים,400.00,100 גרם,false,,9.30,0.0233,true,1,1586155
7290000319292,false,נקנקיות וינר פלוס יח,,,נקנקיות וינר פלוס יח,100 קילו,1.00,100 קילו,false,,16.80,16.8000,true,1,2835778
7290000319520,false,נקניק סלמי צרפתי יחי,מעדני יחיעם,,נקניק סלמי צרפתי יחי,גרמים,100.00,100 גרם,false,,16.20,0.1620,true,1,1586165
7290000319803,false,קבנוס קלאסי יחיעם 12,מעדני יחיעם,,קבנוס קלאסי יחיעם 12,גרמים,125.00,100 גרם,false,,11.00,0.0880,true,1,1586173
7290000319834,false,קבנוס פפרוני קלאסי 1,מעדני יחיעם,,קבנוס פפרוני קלאסי 1,גרמים,125.00,100 גרם,false,,11.00,0.0880,true,1,1586174
7290000327051,false,סודה טעם אננס 500מ ש,,,סודה טעם אננס 500מ ש,ליטרים,3.00,ליטר,false,,13.90,4.6333,true,1,5340786
7290000327075,false,סודה טעם למון ליים 5,,,סודה טעם למון ליים 5,ליטרים,3.00,ליטר,false,,13.90,4.6333,true,1,5340787
7290000334684,false,טבעות בצל תפוגן 700,תפוגן,,טבעות בצל תפוגן 700,יח',1.00,יח',false,,14.40,14.4000,true,1,1577117
7290000334745,false,תפוגן אמריקן צ'יפס 1,תפוגן,,תפוגן אמריקן צ'יפס 1,קילוגרמים,1.50,"לק""ג",false,,21.30,14.2000,true,1,1577119
7290000336053,false,סיידר תרכיז 330 בקבו,טמפו,IL,סיידר תרכיז 330 בקבוק 24,מיליליטרים,330.00,"100 מ""ל",false,,10.30,0.0312,true,1,1574148
7290000339191,false,אבקת הלבנה רן 350 גר,יוניליוור,,אבקת הלבנה רן 350 גר,גרמים,350.00,100 גרם,false,,15.30,0.0437,true,1,1578908
7290000339528,false,אקונומיקה ללא בישום,קלין,,אקונומיקה ללא בישום,מטרים,4000.00,100 מ'ל,false,,11.00,0.0028,true,1,1587453
7290000339566,false,בדין מרכך כביסה ורוד,בדין,,בדין מרכך כביסה ורוד,ליטרים,4.00,ליטר,false,,17.00,4.2500,true,1,1578909
7290000341071,false,בדין מרכך כביסה לבן,בדין,,בדין מרכך כביסה לבן,ליטרים,2.00,ליטר,false,,12.70,6.3500,true,1,1578913
7290000341224,false,אקונומיקה בניחוח לימ,קלין,,אקונומיקה בניחוח לימ,מטרים,4000.00,100 מ'ל,false,,11.00,0.0028,true,1,1587456
7290000342832,false,בדין מרכך כביסה 4 לי,בדין,,בדין מרכך כביסה 4 לי,ליטרים,4.00,ליטר,false,,17.00,4.2500,true,1,1578914
7290000345048,false,תה ויסוצקי 74 125 גר,ויסוצקי,,תה ויסוצקי 74 125 גר,גרמים,125.00,100 גרם,false,,10.90,0.0872,true,1,1583777
7290000345055,false,תה עלים ארל גריי ויס,ויסוצקי,,תה עלים ארל גריי ויס,גרמים,100.00,100 גרם,false,,11.00,0.1100,true,1,1583778
7290000345116,false,תה ירוק תפזורת 125 ג,ויסוצקי,,תה ירוק תפזורת 125 ג,גרמים,125.00,100 גרם,false,,11.90,0.0952,true,1,1583779
7290000345208,false,תה מעודן ויסוצקי 25,ויסוצקי,,תה מעודן ויסוצקי 25,גרמים,25.00,100 גרם,false,,5.50,0.2200,true,1,1583781
7290000345215,false,תה מעודן ויסוצקי 100,ויסוצקי,,תה מעודן ויסוצקי 100,גרמים,100.00,100 גרם,false,,13.60,0.1360,true,1,1583782
7290000345260,false,תה קלאסיק מעטפות ויס,ויסוצקי,,תה קלאסיק מעטפות ויס,גרמים,37.50,100 גרם,false,,5.90,0.1573,true,1,1583783
7290000345277,false,תה קלאסיק מעטפות ויס,ויסוצקי,,תה קלאסיק מעטפות ויס,גרמים,75.00,100 גרם,false,,10.10,0.1347,true,1,1583784
7290000345291,false,תה ארל גריי ויסוצקי,ויסוצקי,,תה ארל גריי ויסוצקי,גרמים,37.50,100 גרם,false,,12.70,0.3387,true,1,1583786
7290000345307,false,תה ארל גריי ויסוצקי,ויסוצקי,,תה ארל גריי ויסוצקי,גרמים,75.00,100 גרם,false,,21.30,0.2840,true,1,1583787
7290000345536,false,תה נענע ויסוצקי 25 י,ויסוצקי,,תה נענע ויסוצקי 25 י,גרמים,37.50,100 גרם,false,,14.10,0.3760,true,1,1583789
7290000346021,false,הגן הקסום תה קמומיל,ויסוצקי,,הגן הקסום תה קמומיל,גרמים,75.00,100 גרם,false,,23.30,0.3107,true,1,1583794
7290000346120,false,הגן הקסום תה קינמון,ויסוצקי,,הגן הקסום תה קינמון,גרמים,62.50,100 גרם,false,,14.40,0.2304,true,1,1583795
7290000346137,false,הגן הקסום תה הילולי,ויסוצקי,,הגן הקסום תה הילולי,גרמים,62.50,100 גרם,false,,14.40,0.2304,true,1,1583796
7290000346144,false,הגן הקסום תה עינוגי,ויסוצקי,,הגן הקסום תה עינוגי,גרמים,75.00,100 גרם,false,,14.40,0.1920,true,1,1583797
7290000346199,false,הגן הקסום פירות היער,ויסוצקי,,הגן הקסום פירות היער,גרמים,67.50,100 גרם,false,,14.40,0.2133,true,1,1583800
7290000346205,false,הגן הקסום תה קמומיל,ויסוצקי,,הגן הקסום תה קמומיל,100 יח,25.00,100 יח,false,,14.40,0.5760,true,1,1583801
7290000346212,false,הגן הקסום תה מנטה וי,ויסוצקי,,הגן הקסום תה מנטה וי,גרמים,50.00,100 גרם,false,,14.40,0.2880,true,1,1583802
7290000346229,false,הגן הקסום תה ורד הבר,ויסוצקי,,הגן הקסום תה ורד הבר,גרמים,75.00,100 גרם,false,,14.40,0.1920,true,1,1583803
7290000346236,false,הגן הקסום תה לואיזה,ויסוצקי,,הגן הקסום תה לואיזה,גרמים,50.00,100 גרם,false,,14.40,0.2880,true,1,1583804
7290000347752,false,תה ירוק לימונית ולוא,ויסוצקי,,תה ירוק לימונית ולוא,גרמים,37.50,100 גרם,false,,19.60,0.5227,true,1,1583812
7290000363202,false,סלמי גליל 600 גרם,תנובה,,סלמי גליל 600 גרם,גרמים,600.00,100 גרם,false,,23.00,0.0383,true,1,1572479
7290000363363,false,קבנוס טירת צבי 160 ג,טירת צבי,,קבנוס טירת צבי 160 ג,גרמים,160.00,100 גרם,false,,11.00,0.0688,true,1,1572481
7290000364261,false,נקניק סלסולי כתף בקר,טירת צבי,,נקניק סלסולי כתף בקר,גרמים,120.00,100 גרם,false,,11.90,0.0992,true,1,1572485
7290000364278,false,נקניק סלסולי סלמי אי,טירת צבי,,נקניק סלסולי סלמי אי,גרמים,120.00,100 גרם,false,,11.90,0.0992,true,1,1572486
7290000364285,false,דקניקים סלסולי פסטרמ,טירת צבי,,דקניקים סלסולי פסטרמ,גרמים,120.00,100 גרם,false,,11.90,0.0992,true,1,1572487
7290000364292,false,דקניקים סלסולי פסטרמ,טירת צבי,,דקניקים סלסולי פסטרמ,גרמים,120.00,100 גרם,false,,11.90,0.0992,true,1,1572488
7290000364803,false,נקניקיות בקר אמריקאי,טירת צבי,,נקניקיות בקר אמריקאי,גרמים,500.00,100 גרם,false,,23.00,0.0460,true,1,1572490
7290000364858,false,נקניקיות עוף טרי טיר,טירת צבי,,נקניקיות עוף טרי טיר,גרמים,1000.00,100 גרם,false,,19.60,0.0196,true,1,1572492
7290000364872,false,נקניקיות עוף טירת צב,טירת צבי,,נקניקיות עוף טירת צב,גרמים,400.00,100 גרם,false,,9.30,0.0233,true,1,1572493
7290000367590,false,פסטרמה כפרית וסלמי פ,טירת צבי,,פסטרמה כפרית וסלמי פ,גרמים,800.00,100 גרם,false,,21.30,0.0266,true,1,1572505
7290000377209,false,בוטנים מטוגנים קלית,קליית גת,,בוטנים מטוגנים קלית,גרמים,200.00,100 גרם,false,,5.90,0.0295,true,1,1584723
7290000377445,false,חטיפי נש צ'אנס קלויי,קליית גת,,חטיפי נש צ'אנס קלויי,גרמים,200.00,100 גרם,false,,6.60,0.0330,true,1,1584724
7290000377452,false,גרעיני אבטיח קלויים,קליית גת,,גרעיני אבטיח קלויים,גרמים,200.00,100 גרם,false,,9.80,0.0490,true,1,1584725
7290000408316,false,יוגורט דנונה ביו לבן,שטראוס,,יוגורט דנונה ביו לבן,מיליליטרים,200.00,"100 מ""ל",false,,2.90,0.0145,true,1,1589586
7290000408354,false,יוגורט דנונה ביו עם,שטראוס,,יוגורט דנונה ביו עם,מיליליטרים,175.00,"100 מ""ל",false,,3.70,0.0211,true,1,1589587
7290000412139,false,נוזל רצפות בניחוח או,סנו,,נוזל רצפות בניחוח או,ליטרים,3.00,ליטר,false,,10.00,3.3333,true,1,1579720
7290000412481,false,נוזל לניקוי אסלות 00,סנו,,נוזל לניקוי אסלות 00,ליטרים,1.00,ליטר,false,,6.40,6.4000,true,1,1579722
7290000412764,false,פזטוקס קוטל חרקים סנ,סנו,,פזטוקס קוטל חרקים סנ,מיליליטרים,630.00,"100 מ""ל",false,,16.20,0.0257,true,1,1579723
7290000416021,false,ממרח בטעם שוקולד השח,השחר,,ממרח בטעם שוקולד השח,גרמים,500.00,100 גרם,false,,11.80,0.0236,true,1,1583203
7290000416045,false,ממרח בטעם שוקולד השח,השחר,,ממרח בטעם שוקולד השח,יח',1.00,יח',false,,20.40,20.4000,true,1,1583205
7290000416076,false,השחר צימקאו 400 גר',השחר,,השחר צימקאו 400 גר',גרמים,400.00,100 גרם,false,,9.30,0.0233,true,1,1583206
7290000416618,false,השחר ממרח שוקולד פרו,השחר,,השחר ממרח שוקולד פרו,גרמים,400.00,100 גרם,false,,9.70,0.0242,true,1,1583218
7290000416809,false,השחר ממרח חצי חצי 35,,,השחר ממרח חצי חצי 35,גרמים,350.00,גרם,false,,9.30,0.0266,true,1,5320962
7290000419107,false,קפה טורקי קלוי וטחון,לנדוור,,קפה טורקי קלוי וטחון,גרמים,100.00,100 גרם,false,,6.80,0.0680,true,1,1577123
7290000419114,false,קפה שחור לנדוור 200,לנדוור,,קפה שחור לנדוור 200,גרמים,200.00,100 גרם,false,,11.90,0.0595,true,1,1577124
7290000419893,false,קפה שחור טחון לבוקר,לנדוור,,קפה שחור טחון לבוקר,גרמים,100.00,100 גרם,false,,6.80,0.0680,true,1,1577126
7290000419909,false,קפה שחור חזק לנדוור,לנדוור,,קפה שחור חזק לנדוור,גרמים,100.00,100 גרם,false,,6.80,0.0680,true,1,1577127
7290000419923,false,קפה אספרסו טחון לנדו,לנדוור,,קפה אספרסו טחון לנדו,גרמים,200.00,100 גרם,false,,17.00,0.0850,true,1,1577129
7290000420325,false,פופסטאר טבעי 5יח',Preston farms,US,פופסטאר טבעי 5יח',גרמים,500.00,100 גרם,false,,10.20,0.0204,true,1,1600467
7290000420332,false,פופסטאר חמאה 5יח',Preston farms,US,פופסטאר חמאה 5יח',גרמים,500.00,100 גרם,false,,10.20,0.0204,true,1,1600468
7290000420417,false,גלילונית 52X65עם שרו,"אשפלסט תעשיות בע""מ",IL,גלילונית 52X65עם שרוך - 6,יח',60.00,יח',false,,15.30,0.2550,true,1,1600469
7290000430102,false,שקית קרח 2קג,,,שקית קרח 2קג,קילוגרמים,2.00,"ק""ג",false,,7.20,3.6000,true,1,1590394
7290000449128,false,פנטסטיק נוזל לניקוי,סיף,,פנטסטיק נוזל לניקוי,ליטרים,4.00,ליטר,false,,15.30,3.8250,true,1,1578917
7290000450209,false,פוסידון טונה בהירה ב,פוסידון,,פוסידון טונה בהירה ב,גרמים,77.00,100 גרם,false,,4.30,0.0558,true,1,1581229
7290000450308,false,פוסידון טונה בהירה ב,פוסידון,,פוסידון טונה בהירה ב,גרמים,77.00,100 גרם,false,,4.30,0.0558,true,1,1581230
7290000453019,false,שמרים טריים שמרית 50,שמרית,,שמרים טריים שמרית 50,גרמים,50.00,100 גרם,false,,3.30,0.0660,true,1,1589588
7290000453125,false,שמרית + משפר אפייה 1,שמרית,,שמרית + משפר אפייה 1,גרמים,100.00,100 גרם,false,,5.80,0.0580,true,1,1589589
7290000453200,false,שמרית בלילה מצוננת ל,,,שמרית בלילה מצוננת ל,גרמים,750.00,100 גרם,false,,18.60,0.0248,true,1,5317926
7290000453385,false,פאקא שמרים יבשים 500,פאקא תעשיות,IL,פאקא שמרים יבשים 500,גרמים,500.00,100 גרם,false,,10.20,0.0204,true,1,1575297
7290000453408,false,בצק פיצה דק מצונן ו,,,בצק פיצה דק מצונן ו,גרמים,415.00,100 גרם,false,,13.50,0.0325,true,1,4932856
7290000453415,false,בצק עלים מצונן ומוכן,,,בצק עלים מצונן ומוכן,גרמים,300.00,100 גרם,false,,12.60,0.0420,true,1,4932857
7290000453422,false,בצק פילו מוכן לאפייה,,,בצק פילו מוכן לאפייה,גרמים,300.00,100 גרם,false,,12.60,0.0420,true,1,5232647
7290000453446,false,פיצה קראסט שמרית,,,פיצה קראסט שמרית,גרמים,500.00,100 גרם,false,,17.00,0.0340,true,1,5329113
7290000453484,false,בצק קדאיף,,,בצק קדאיף,גרמים,350.00,100 גרם,false,,11.00,0.0314,true,1,5364424
7290000453781,false,שמרים יבשים 125גר שמ,,,שמרים יבשים 125גר שמ,גרמים,125.00,100 גרם,false,,5.00,0.0400,true,1,4316608
7290000453798,false,שמרים אקטיביים 500 ג,פאקא תעשיות,IL,שמרים אקטיביים 500 ג,גרמים,500.00,100 גרם,false,,11.00,0.0220,true,1,1575298
7290000453866,false,נטורינה קוקוס שמרית,,,נטורינה קוקוס שמרית,גרמים,200.00,100 גרם,false,,6.30,0.0315,true,1,3074309
7290000453880,false,"מרגרינה לל""ת מלח לאפ",,IL,"מרגרינה לל""ת מלח לאפ",גרמים,200.00,100 גרם,false,,3.90,0.0195,true,1,1589591
7290000453897,false,מרגרינה בטעם חמאה 20,פאקא תעשיות,IL,מרגרינה בטעם חמאה 20,גרמים,200.00,100 גרם,false,,3.90,0.0195,true,1,1589592
7290000461625,false,בייגלה שמיניות מלוחו,בייגל&בייגל,,בייגלה שמיניות מלוחו,גרמים,400.00,100 גרם,false,,7.60,0.0190,true,1,1566570
7290000461656,false,בייגלה מקלות 400 גרם,בייגל&בייגל,,בייגלה מקלות 400 גרם,גרמים,400.00,100 גרם,false,,7.60,0.0190,true,1,1566571
7290000461700,false,בייגלה שמיניות גדולו,בייגל&בייגל,,בייגלה שמיניות גדולו,גרמים,400.00,100 גרם,false,,10.20,0.0255,true,1,1578919
7290000461724,false,בייגלה שמיניות גדולו,בייגל&בייגל,,בייגלה שמיניות גדולו,גרמים,400.00,100 גרם,false,,10.20,0.0255,true,1,1578920
7290000461793,false,בייגלה ארוך ארוך 150,בייגל&בייגל,,בייגלה ארוך ארוך 150,גרמים,150.00,100 גרם,false,,5.00,0.0333,true,1,1578922
7290000462141,false,סחוג אדום תימני מקור,זהבי,,סחוג אדום תימני מקור,גרמים,150.00,100 גרם,false,,5.90,0.0393,true,1,1589595
7290000462172,false,סחוג ירוק תימני חריף,זהבי,,סחוג ירוק תימני חריף,גרמים,150.00,100 גרם,false,,5.90,0.0393,true,1,1589596
7290000467320,false,מלך החומוס אבו מרווא,צבר,,מלך החומוס אבו מרווא,גרמים,400.00,100 גרם,false,,11.90,0.0298,true,1,1577162
7290000469638,false,מריטו ספריי גיהוץ,,,מריטו ספריי גיהוץ,מיליליטרים,500.00,"100 מ""ל",false,,17.00,0.0340,true,1,1574613
7290000474090,false,חלב 1% טרה 1 ליטר,טרה,,חלב 1% טרה 1 ליטר,ליטרים,1.00,ליטר,false,,5.00,5.0000,true,1,1570277
7290000474373,false,שמנת חמוצה 15% טרה 2,טרה,,שמנת חמוצה 15% טרה 2,מיליליטרים,200.00,"100 מ""ל",false,,2.10,0.0105,true,1,1570282
7290000474502,false,גבינה לבנה 5% טרה 25,טרה,,גבינה לבנה 5% טרה 25,גרמים,250.00,100 גרם,false,,4.00,0.0160,true,1,1570285
7290000474540,false,טוב טעם גבינה לבנה 3,טרה,,טוב טעם גבינה לבנה 3,גרמים,250.00,100 גרם,false,,8.70,0.0348,true,1,1570286
7290000474830,false,נעם גבינה צהובה מגור,טרה,,נעם גבינה צהובה מגור,גרמים,500.00,100 גרם,false,,25.60,0.0512,true,1,1570288
7290000474922,false,ארגז פקדון.,,,ארגז פקדון.,יח',1.00,יח',false,,22.80,22.8000,true,1,1570261
7290000480107,false,קוואקר שיבולת שועל פ,קוואקר,,קוואקר שיבולת שועל פ,גרמים,500.00,100 גרם,false,,10.20,0.0204,true,1,1566673
7290000480442,false,קוואקר שיבולת שועל ש,קוואקר,,קוואקר שיבולת שועל ש,גרמים,500.00,100 גרם,false,,10.20,0.0204,true,1,1582869
7290000482019,false,שקיות לצליה קוקי 10,קוקי,,שקיות לצליה קוקי 10,יח',10.00,יח',false,,8.50,0.8500,true,1,1574614
7290000482033,false,שקיות לצליה בתנור וב,קוקי,,שקיות לצליה בתנור וב,יח',5.00,יח',false,,9.30,1.8600,true,1,1574615
7290000484747,false,ארק עלית 700 מל,,,ארק עלית 700 מל,מיליליטרים,700.00,"100 מ""ל",false,,44.90,0.0641,true,1,5286624
7290000490625,false,מאגדת שלגונים ציפוי,,,מאגדת שלגונים ציפוי,גרמים,560.00,100 גרם,false,,16.90,0.0302,true,1,4283370
7290000490717,false,גלית שרבט בטעם תות 8,,,גלית שרבט בטעם תות 8,גרמים,560.00,100 גרם,false,,17.00,0.0304,true,1,4283371
7290000493176,false,רוטב צלי לבשר אסם 22,אסם,,רוטב צלי לבשר אסם 22,גרמים,22.00,100 גרם,false,,3.10,0.1409,true,1,1577165
7290000493183,false,אבקת רוטב פטריות אסם,אסם,,אבקת רוטב פטריות אסם,גרמים,30.00,100 גרם,false,,2.90,0.0967,true,1,1577166
7290000497044,false,ברמן לחם אקטיב 500גר,,,ברמן לחם אקטיב 500גר,גרמים,750.00,100 גרם,false,,13.20,0.0176,true,1,4301935
7290000497112,false,לחם אחיד פרוס ברמן,,,לחם אחיד פרוס ברמן,גרמים,750.00,100 גרם,false,,5.60,0.0075,true,1,4301936
7290000497228,false,לחמניות ברמן 6יח 450,,,לחמניות ברמן 6יח 450,גרמים,450.00,100 גרם,false,,8.40,0.0187,true,1,4302037
7290000497358,false,חלומית ארוזה ברמן,,,חלומית ארוזה ברמן,גרמים,500.00,100 גרם,false,,10.20,0.0204,true,1,4301938
7290000498034,false,לחם כוסמין מלא 750 ג,,,לחם כוסמין מלא 750 ג,גרמים,750.00,100 גרם,false,,12.70,0.0169,true,1,5007416
7290000504025,false,ממתיק סוכרזית פטריה,סוכרזית,,ממתיק סוכרזית פטריה,גרמים,246.00,100 גרם,false,,6.80,0.0276,true,1,1575302
7290000504049,false,ממתיק סוכרזית 1200 ט,סוכרזית,,ממתיק סוכרזית 1200 ט,יח',1200.00,יח',false,,15.30,0.0128,true,1,1575304
7290000504209,false,ממתיק טיפות סוכרזית,סוכרזית,,ממתיק טיפות סוכרזית,מיליליטרים,220.00,"100 מ""ל",false,,12.60,0.0573,true,1,1575305
7290000504278,false,ממתיק סוכרזית 700 טב,סוכרזית,,ממתיק סוכרזית 700 טב,גרמים,574.00,100 גרם,false,,11.90,0.0207,true,1,1575307
7290000518114,false,מתוק וקל אבקה 200 גר,מתוק וקל,,מתוק וקל אבקה 200 גר,גרמים,200.00,100 גרם,false,,5.90,0.0295,true,1,1600202
7290000518169,false,ממתיק מתוק וקל 1000,מתוק וקל,,ממתיק מתוק וקל 1000,יח',1.00,יח',false,,5.60,5.6000,true,1,1600205
7290000518190,false,מתוק וקל סטיביה 100,,,מתוק וקל סטיביה 100,יח',1.00,יח',false,,21.10,21.1000,true,1,2580535
7290000518220,false,ממתיק סוכרה דיאט 100,,,ממתיק סוכרה דיאט 100,יח',1.00,יח',false,,20.40,20.4000,true,1,2580536
7290000518237,false,100 סוכרה דיאט אבקה,,,100 סוכרה דיאט אבקה,יח',1.00,יח',false,,17.00,17.0000,true,1,2580537
7290000518251,false,ממתיק זהב מתוק וקל 1,מתוק וקל,,ממתיק זהב מתוק וקל 1,גרמים,100.00,100 גרם,false,,9.30,0.0930,true,1,1600207
7290000521008,false,"סגל אדום יבש 750 מ""ל",טמפו,IL,"סגל אדום יבש 750 מ""ל 2013",מיליליטרים,750.00,"100 מ""ל",false,,18.30,0.0244,true,1,1574158
7290000521015,false,"סגל לבן יבש 750 מ""ל",טמפו,IL,"סגל לבן יבש 750 מ""ל",מיליליטרים,750.00,"100 מ""ל",false,,18.30,0.0244,true,1,1574159
7290000521022,false,סגל לבן חצי יבש 750,טמפו,IL,"סגל לבן חצי יבש 750 מ""ל",מיליליטרים,750.00,"100 מ""ל",false,,18.30,0.0244,true,1,1574160
7290000521404,false,מרום גליל קברנה סובי,טמפו,IL,מרום גליל קברנה סוביניון,מיליליטרים,750.00,"100 מ""ל",false,,25.60,0.0341,true,1,1574166
7290000521411,false,מרום גליל מרלו סינגל,טמפו,IL,מרום גליל מרלו סינגל 750,מיליליטרים,750.00,"100 מ""ל",false,,25.60,0.0341,true,1,1574167
7290000522166,false,חלב הרים טהור 1 ל' נ,רמת הגולן,,חלב הרים טהור 1 ל' נ,ליטרים,1.00,ליטר,false,,9.00,9.0000,true,1,1570293
7290000523125,false,מלח ים יבש מלח הארץ,מלח הארץ,,מלח ים יבש מלח הארץ,גרמים,250.00,100 גרם,false,,4.60,0.0184,true,1,1583814
7290000523224,false,מלח ים יבש מלח הארץ,מלח הארץ,,מלח ים יבש מלח הארץ,גרמים,500.00,100 גרם,false,,6.80,0.0136,true,1,1583815
7290000523514,false,מלח ים יבש מופחת נתר,מלח הארץ,,מלח ים יבש מופחת נתר,גרמים,250.00,100 גרם,false,,8.50,0.0340,true,1,1583816
7290000523521,false,מלח ים מועשר ביוד מל,מלח הארץ,,מלח ים מועשר ביוד מל,גרמים,250.00,100 גרם,false,,5.00,0.0200,true,1,1583817
7290000523804,false,מלח עדין מלח הארץ 1,מלח הארץ,,מלח עדין מלח הארץ 1,גרמים,1000.00,100 גרם,false,,5.80,0.0058,true,1,1583818
7290000523811,false,"מלח גס מלח הארץ 1 ק""",מלח הארץ,,"מלח גס מלח הארץ 1 ק""",גרמים,1000.00,100 גרם,false,,5.90,0.0059,true,1,1583819
7290000525969,false,מיץ תפוזים סחוט רכיב,פרימור,,מיץ תפוזים סחוט רכיב,ליטרים,1.00,ליטר,false,,13.50,13.5000,true,1,1589600
7290000530024,false,נקניק תה מעושן,זוגלובק,,נקניק תה מעושן,קילוגרמים,1.00,"ק""ג",true,,27.40,27.4000,true,1,1607162
7290000530048,false,נקניק סלמי פפרוני,זוגלובק,,נקניק סלמי פפרוני,קילוגרמים,1.00,"ק""ג",true,,41.00,41.0000,true,1,2063048
7290000530062,false,נקניק איטלקי מעושן,זוגלובק,,נקניק איטלקי מעושן,קילוגרמים,1.00,"ק""ג",true,,64.10,64.1000,true,1,1931846
7290000530086,false,נקניק סלמי מעושן זוג,זוגלובק,,נקניק סלמי מעושן זוג,גרמים,600.00,100 גרם,false,,21.30,0.0355,true,1,1607175
7290000530109,false,קבנוס זוגלובק 2*180,זוגלובק,,קבנוס זוגלובק 2*180,גרמים,360.00,100 גרם,false,,21.30,0.0592,true,1,1607176
7290000530116,false,נקניק סלמי בשן זוגלו,זוגלובק,,נקניק סלמי בשן זוגלו,גרמים,470.00,100 גרם,false,,21.20,0.0451,true,1,1607177
7290000530291,false,נקניק מבשר הודו קטן,זוגלובק,,נקניק מבשר הודו קטן,גרמים,750.00,100 גרם,false,,16.20,0.0216,true,1,1607179
7290000530369,false,גולן חזה מעושן עם עו,זוגלובק,,גולן חזה מעושן עם עו,קילוגרמים,1.00,"ק""ג",true,,61.50,61.5000,true,1,1931847
7290000530413,false,המבורגר זהב זוגלובק,זוגלובק,,המבורגר זהב זוגלובק,גרמים,400.00,100 גרם,false,,17.00,0.0425,true,1,1607180
7290000530444,false,כתף בקר מעושן,זוגלובק,,כתף בקר מעושן,קילוגרמים,1.00,"ק""ג",true,,76.00,76.0000,true,1,1931848
7290000530468,false,נקניקיות וינר זוגלוב,זוגלובק,,נקניקיות וינר זוגלוב,גרמים,1000.00,100 גרם,false,,20.40,0.0204,true,1,1607181
7290000530598,false,נקניקיות עוף וינר זו,זוגלובק,,נקניקיות עוף וינר זו,גרמים,500.00,100 גרם,false,,10.20,0.0204,true,1,1607182
7290000530703,false,פסטרמה חרמון כפרית ו,זוגלובק,,פסטרמה חרמון כפרית ו,גרמים,800.00,100 גרם,false,,22.10,0.0276,true,1,1607183
7290000531410,false,פסטרממיה בדבש טהור,זוגלובק,,פסטרממיה בדבש טהור,קילוגרמים,1.00,"ק""ג",true,,61.50,61.5000,true,1,1931877
7290000531601,false,סטייקבורגר זהב זוגלו,זוגלובק,,סטייקבורגר זהב זוגלו,גרמים,400.00,100 גרם,false,,17.00,0.0425,true,1,1607188
7290000531977,false,בורקס גבינה זוגלובק,זוגלובק,,בורקס גבינה זוגלובק,גרמים,800.00,100 גרם,false,,11.90,0.0149,true,1,1607189
7290000532400,false,פסטרמה ברביקיו 1% שו,זוגלובק,,פסטרמה ברביקיו 1% שו,קילוגרמים,1.00,"ק""ג",true,,61.50,61.5000,true,1,1931878
7290000532585,false,רוסטביף,זוגלובק,,רוסטביף,קילוגרמים,1.00,"ק""ג",true,,84.60,84.6000,true,1,3994617
7290000532721,false,טורו-כתף בקר,זוגלובק,,טורו-כתף בקר,קילוגרמים,1.00,"ק""ג",true,,84.60,84.6000,true,1,1957958
7290000533353,false,בצק עלים מרודד זוגלו,זוגלובק,,בצק עלים מרודד זוגלו,גרמים,1000.00,100 גרם,false,,11.90,0.0119,true,1,1607195
7290000533636,false,פסטרממיה צלויה על גח,זוגלובק,,פסטרממיה צלויה על גח,קילוגרמים,1.00,"ק""ג",true,,61.50,61.5000,true,1,1931879
7290000533681,false,חזה הודו מעושנת הבית,זוגלובק,,חזה הודו מעושנת הבית,קילוגרמים,1.00,"ק""ג",true,,61.50,61.5000,true,1,3994619
7290000534718,false,פסטרממיה תבור,זוגלובק,,פסטרממיה תבור,קילוגרמים,1.00,"ק""ג",true,,61.50,61.5000,true,1,1931893
7290000536316,false,שניצל מן הצומח זוגלו,זוגלובק טבע,,שניצל מן הצומח זוגלו,גרמים,1000.00,100 גרם,false,,20.40,0.0204,true,1,1607200
7290000536743,false,אצבעות שניצל טבע 500,זוגלובק,,אצבעות שניצל טבע 500,גרמים,500.00,100 גרם,false,,10.20,0.0204,true,1,1607201
7290000536774,false,נקניקיות מן הצומח זו,זוגלובק טבע,,נקניקיות מן הצומח זו,גרמים,1000.00,100 גרם,false,,20.40,0.0204,true,1,1607203
7290000536781,false,קבב צמחי זוגלובק 1 ק,זוגלובק,,קבב צמחי זוגלובק 1 ק,גרמים,1000.00,100 גרם,false,,20.40,0.0204,true,1,1607204
7290000537566,false,נקניקיות עוף זוגלובק,זוגלובק,,נקניקיות עוף זוגלובק,גרמים,400.00,100 גרם,false,,8.50,0.0213,true,1,1607207
7290000537603,false,נקניקיות עוף זוגלובק,זוגלובק,,נקניקיות עוף זוגלובק,גרמים,1000.00,100 גרם,false,,20.40,0.0204,true,1,1607208
7290000538709,false,נקניק סלמי תה מעושן,זוגלובק,,נקניק סלמי תה מעושן,גרמים,200.00,100 גרם,false,,12.70,0.0635,true,1,1607212
7290000542041,false,לחמניה כהה ארוך אנג',אנג'ל,,לחמניה כהה ארוך אנג',יח',1.00,יח',false,,2.80,2.8000,true,1,1574364
7290000552118,false,נקניקיות מרגז טיבון,טיבון ויל,,נקניקיות מרגז טיבון,גרמים,400.00,100 גרם,false,,17.50,0.0438,true,1,1581231
7290000552194,false,קישקע טיבון ויל 500,טיבון ויל,,קישקע טיבון ויל 500,גרמים,500.00,100 גרם,false,,11.00,0.0220,true,1,1581233
7290000552569,false,סטייקבורגר בקר טיבון,טיבון ויל,,סטייקבורגר בקר טיבון,גרמים,400.00,100 גרם,false,,15.30,0.0383,true,1,1581234
7290000552927,false,עוף טחון טיבון ויל 5,טיבון ויל,,עוף טחון טיבון ויל 5,גרמים,500.00,100 גרם,false,,11.00,0.0220,true,1,1581236
7290000552934,false,בשר הודו טחון טיבון,טיבון ויל,,בשר הודו טחון טיבון,גרמים,500.00,100 גרם,false,,11.00,0.0220,true,1,1581237
7290000552989,false,בשר טחון טיבון ויל 5,טיבון ויל,,בשר טחון טיבון ויל 5,גרמים,500.00,100 גרם,false,,23.00,0.0460,true,1,1581238
7290000554006,false,גבינה קשקאבל בלו 22%,מחלבות גד,,גבינה קשקאבל בלו 22%,קילוגרמים,1.00,"ק""ג",true,,98.30,98.3000,true,1,1578137
7290000554402,false,מעדן חלב מלבי גד 160,מחלבות גד,,מעדן חלב מלבי גד 160,מיליליטרים,160.00,"100 מ""ל",false,,4.70,0.0294,true,1,1578198
7290000554457,false,גבינה צפתית 5% גד 35,מחלבות גד,,גבינה צפתית 5% גד 35,גרמים,350.00,100 גרם,false,,17.00,0.0486,true,1,1578199
7290000554471,false,גבינת מוצרלה 22% גד,מחלבות גד,,גבינת מוצרלה 22% גד,גרמים,180.00,100 גרם,false,,13.60,0.0756,true,1,1578200
7290000554532,false,גבינה צפתית מעודנת 5,מחלבות גד,,גבינה צפתית מעודנת 5,גרמים,200.00,100 גרם,false,,11.90,0.0595,true,1,1578201
7290000554600,false,גבינת מוצרלה מגורדת,מחלבות גד,,גבינת מוצרלה מגורדת,גרמים,300.00,100 גרם,false,,17.90,0.0597,true,1,1578202
7290000554624,false,ירח מתוק מעדן חלב עם,מחלבות גד,,ירח מתוק מעדן חלב עם,מיליליטרים,150.00,"100 מ""ל",false,,4.20,0.0280,true,1,1578203
7290000554686,false,גבינת לאבנה בתוספת ש,מחלבות גד,,גבינת לאבנה בתוספת ש,גרמים,250.00,100 גרם,false,,11.80,0.0472,true,1,1578204
7290000554822,false,ריקוטה גבינה לבנה בס,מחלבות גד,,ריקוטה גבינה לבנה בס,גרמים,250.00,100 גרם,false,,11.00,0.0440,true,1,1578206
7290000554839,false,מסקרפונה שמנת מתוקה,מחלבות גד,,מסקרפונה שמנת מתוקה,גרמים,250.00,100 גרם,false,,16.50,0.0660,true,1,1578207
7290000560533,false,אדג' ג'ל ירוק לעור ר,אדג',US,אדג' ג'ל ירוק לעור רגיל 1,גרמים,198.00,100 גרם,false,,12.70,0.0641,true,1,1600475
7290000560540,false,אדג' ג'ל כתום לעור ר,אדג',US,אדג' ג'ל כתום לעור רגיש 1,גרמים,198.00,100 גרם,false,,12.70,0.0641,true,1,1600476
7290000560557,false,אדג' ג'ל סגול כהה לע,אדג',US,אדג' ג'ל סגול כהה לעור יב,גרמים,198.00,100 גרם,false,,12.70,0.0641,true,1,1600477
7290000599861,false,מגב 40 פלסטיק Basic,TBD,,מגב 40 פלסטיק Basic,יחידה,0.00,יחידה,false,,8.50,0.0000,true,1,1595232
7290000604022,false,ביצים גדולות L תנובה,תנובה,,ביצים גדולות L תנובה,יח',12.00,יח',false,,10.30,0.8583,true,1,1585866
7290000604039,false,ביצים בינוניות M תנו,תנובה,,ביצים בינוניות M תנו,יח',12.00,יח',false,,9.50,0.7917,true,1,1585867
7290000644783,false,נתחי פילה סלמון תנוב,תנובה,,נתחי פילה סלמון תנוב,קילוגרמים,1.00,"ק""ג",true,,68.20,68.2000,true,1,1572362
7290000646299,false,פילה נסיכת הנילוס 10,,,פילה נסיכת הנילוס 10,קילוגרמים,1.00,"ק""ג",true,,34.10,34.1000,true,1,5249652
7290000652177,false,נתחי פילה נסיכת 100%,,,נתחי פילה נסיכת 100%,קילוגרמים,1.00,"ק""ג",true,,46.90,46.9000,true,1,5249653
7290000655376,false,פילה דניס קפוא,,,פילה דניס קפוא,קילוגרמים,1.00,"ק""ג",true,,76.80,76.8000,true,1,4176892
7290000656946,false,שריר 8 קפוא כשר,,,שריר 8 קפוא כשר,קילוגרמים,1.00,"ק""ג",true,,31.50,31.5000,true,1,5377251
7290000658926,false,דג מרלוזה קפוא,,,דג מרלוזה קפוא,קילוגרמים,1.00,"ק""ג",true,,25.50,25.5000,true,1,3370101
7290000659312,false,פילה סלמון פרימיום ת,תנובה,,פילה סלמון פרימיום ת,קילוגרמים,1.00,"ק""ג",true,,59.70,59.7000,true,1,1572378
7290000662213,false,נתח פילה סלמון,,,נתח פילה סלמון,קילוגרמים,1.00,"ק""ג",true,,76.80,76.8000,true,1,5249656
7290000663135,false,קוביות סלומון קפוא 1,,,קוביות סלומון קפוא 1,גרמים,380.00,100 גרם,false,,25.50,0.0671,true,1,5400889
7290000663166,false,פילה הייק דרום אפריק,,,פילה הייק דרום אפריק,קילוגרמים,1.00,"ק""ג",true,,34.00,34.0000,true,1,5400910
7290000684345,false,פילטר קלאסי בריטה 3,בריטה,,פילטר קלאסי בריטה 3,יח',3.00,יח',false,,75.90,25.3000,true,1,1583257
7290000688114,false,מי עדן 1.5ל,מי עדן,,מי עדן 1.5ל,ליטרים,1.50,ליטר,false,,2.10,1.4000,true,1,1578305
7290000688374,false,מים מינרלים מי עדן 6,מי עדן,,מים מינרלים מי עדן 6,ליטרים,1.98,ליטר,false,,12.10,6.1111,true,1,1578307
7290000688381,false,מים מינרלים מי עדן 6,מי עדן,,מים מינרלים מי עדן 6,ליטרים,3.00,ליטר,false,,11.20,3.7333,true,1,1578308
7290000688503,false,מים מינרלים פקק ספור,מי עדן,,מים מינרלים פקק ספור,מיליליטרים,750.00,"100 מ""ל",false,,12.10,0.0161,true,1,1578310
7290000688732,false,מים מינרלים מי עדן 6,מי עדן,,מים מינרלים מי עדן 6,ליטרים,9.00,ליטר,false,,9.30,1.0333,true,1,1578311
7290000692135,false,ספיד סטיק בסיסי ירוק,ספיד סטיק,,ספיד סטיק בסיסי ירוק,גרמים,60.00,100 גרם,false,,14.40,0.2400,true,1,1574617
7290000692203,false,נוזל לניקוי כללי ורצ,אג'קס,,נוזל לניקוי כללי ורצ,ליטרים,2.00,ליטר,false,,17.00,8.5000,true,1,1574618
7290000692210,false,נוזל לניקוי כללי ורצ,אג'קס,,נוזל לניקוי כללי ורצ,ליטרים,2.00,ליטר,false,,17.00,8.5000,true,1,1574619
7290000692227,false,נוזל לניקוי כלים קלא,פלמוליב,,נוזל לניקוי כלים קלא,ליטרים,1.00,ליטר,false,,11.80,11.8000,true,1,1574620
7290000692456,false,תרסיס לניקוי חלונות,אג'קס,,תרסיס לניקוי חלונות,מיליליטרים,750.00,"100 מ""ל",false,,20.40,0.0272,true,1,1574623
7290000735203,false,ענב אדום ארוז 500 גר,,,ענב אדום ארוז 500 גר,גרמים,500.00,100 גרם,false,,14.90,0.0298,true,1,3494036
7290000799800,false,פקדון 12 יח,,,פקדון 12 יח,יח',1.00,יח',false,,3.60,3.6000,true,1,1604784
7290000799801,false,פיקדון בודד 0.3 ₪,,,פיקדון בודד 0.3 ₪,יח',1.00,יח',false,,0.30,0.3000,true,1,1566389
7290000799802,false,"פיקדון שישיה 1.8 ש""ח",,,"פיקדון שישיה 1.8 ש""ח",יח',1.00,יח',false,,1.80,1.8000,true,1,1566473
7290000803067,false,משחת שיניים לילדים ג,אלמקס,,משחת שיניים לילדים ג,מיליליטרים,75.00,"100 מ""ל",false,,13.60,0.1813,true,1,1574627
7290000803180,false,"מי פה מרידול 400 מ""ל",מרידול,,"מי פה מרידול 400 מ""ל",מיליליטרים,400.00,"100 מ""ל",false,,25.60,0.0640,true,1,1574628
7290000805597,false,מזון לכלבים בונזו מז,"ביופט בע""מ",IL,"בונזו סניור + 7 3 ק""ג",קילוגרמים,3.00,"ק""ג",false,,34.10,11.3667,true,1,1584166
7290000888347,false,"מי עדן 500 מ""ל",,,"מי עדן 500 מ""ל",מטרים,500.00,100 מ'ל,false,,1.20,0.0024,true,1,5409247
7290000888888,false,פריט כללי,,,פריט כללי,יח',1.00,יח',false,,3.00,3.0000,true,1,1584051
7290000961804,false,דלעת ארוזה,,,דלעת ארוזה,קילוגרמים,1.00,"ק""ג",true,,8.90,8.9000,true,1,1606105
7290000995410,false,נבטים סיניים,ביכורי השקמה,,נבטים סיניים,יח',1.00,יח',false,,5.90,5.9000,true,1,1606106
7290001004036,false,צ'אך טרי,,,צ'אך טרי,קילוגרמים,1.00,"ק""ג",true,,68.30,68.3000,true,1,5348772
7290001004081,false,אווזית טרי,,,אווזית טרי,קילוגרמים,1.00,"ק""ג",true,,68.30,68.3000,true,1,5348773
7290001004098,false,צלעות מכושר טרי,,,צלעות מכושר טרי,קילוגרמים,1.00,"ק""ג",true,,46.90,46.9000,true,1,5348686
7290001004197,false,כתף מוכשר טרי,,,כתף מוכשר טרי,קילוגרמים,1.00,"ק""ג",true,,55.50,55.5000,true,1,5348705
7290001004241,false,צלי כתף מוכשר טרי,,,צלי כתף מוכשר טרי,קילוגרמים,1.00,"ק""ג",true,,76.80,76.8000,true,1,5348706
7290001004289,false,סטייק ע.ע טרי,,,סטייק ע.ע טרי,קילוגרמים,1.00,"ק""ג",true,,102.50,102.5000,true,1,5348734
7290001004296,false,פילה מדומה מוכשר טרי,,,פילה מדומה מוכשר טרי,קילוגרמים,1.00,"ק""ג",true,,64.00,64.0000,true,1,5348707
7290001004333,false,אסאדו ע.ע טרי,,,אסאדו ע.ע טרי,קילוגרמים,1.00,"ק""ג",true,,59.70,59.7000,true,1,5348735
7290001004388,false,אוסובקו ע.ע טרי,,,אוסובקו ע.ע טרי,קילוגרמים,1.00,"ק""ג",true,,51.20,51.2000,true,1,5348736
7290001004395,false,אסאדו ללא עצם מוכשר,,,אסאדו ללא עצם מוכשר,קילוגרמים,1.00,"ק""ג",true,,46.90,46.9000,true,1,5348709
7290001004432,false,כתף ע.ע טרי,,,כתף ע.ע טרי,קילוגרמים,1.00,"ק""ג",true,,51.20,51.2000,true,1,5348737
7290001004487,false,צוואר ע.ע טרי,,,צוואר ע.ע טרי,קילוגרמים,1.00,"ק""ג",true,,44.00,44.0000,true,1,5348754
7290001004531,false,חזה ע.ע חלק טרי,,,חזה ע.ע חלק טרי,קילוגרמים,1.00,"ק""ג",true,,44.00,44.0000,true,1,5348755
7290001004630,false,שייטל טרי,,,שייטל טרי,קילוגרמים,1.00,"ק""ג",true,,85.40,85.4000,true,1,5348776
7290001004685,false,שפיץ צ'אך טרי,,,שפיץ צ'אך טרי,קילוגרמים,1.00,"ק""ג",true,,102.40,102.4000,true,1,5348777
7290001004845,false,טחון טרי מוכשר,,,טחון טרי מוכשר,קילוגרמים,1.00,"ק""ג",true,,27.50,27.5000,true,1,5348687
7290001041147,false,"חומוס גדול מיה 1 ק""ג",מיה,,"חומוס גדול מיה 1 ק""ג",גרמים,1000.00,100 גרם,false,,11.00,0.0110,true,1,1580783
7290001041161,false,"שעועית לבנה מיה 1 ק""",מיה,,"שעועית לבנה מיה 1 ק""",גרמים,1000.00,100 גרם,false,,8.50,0.0085,true,1,1580785
7290001041178,false,"אפונה מיה 1 ק""ג",מיה,,"אפונה מיה 1 ק""ג",גרמים,1000.00,100 גרם,false,,6.80,0.0068,true,1,1580786
7290001041185,false,"פופקורן מיה 1 ק""ג",מיה,,"פופקורן מיה 1 ק""ג",גרמים,1000.00,100 גרם,false,,7.60,0.0076,true,1,1580787
7290001041192,false,עדשים אדומות מיה 1 ק,מיה,,עדשים אדומות מיה 1 ק,גרמים,1000.00,100 גרם,false,,11.00,0.0110,true,1,1580788
7290001041208,false,עדשים ירוקות מיה 1 ק,מיה,,עדשים ירוקות מיה 1 ק,גרמים,1000.00,100 גרם,false,,11.00,0.0110,true,1,1580789
7290001041215,false,"חיטה מיה 1 ק""ג",מיה,,"חיטה מיה 1 ק""ג",גרמים,1000.00,100 גרם,false,,5.90,0.0059,true,1,1580790
7290001041222,false,חומוס לבן ענק מיה 1,מיה,,חומוס לבן ענק מיה 1,גרמים,1000.00,100 גרם,false,,16.20,0.0162,true,1,1580791
7290001116975,false,לחמניה חתוכה 75 גר,,,לחמניה חתוכה 75 גר,גרמים,75.00,100 גרם,false,,1.60,0.0213,true,1,5078305
7290001121054,false,צמד חמד יחיעם,מעדני יחיעם,,צמד חמד יחיעם,גרמים,700.00,100 גרם,false,,22.10,0.0316,true,1,1566732
7290001121238,false,נקניק קורנדביף 4% יח,מעדני יחיעם,,נקניק קורנדביף 4% יח,גרמים,180.00,100 גרם,false,,19.60,0.1089,true,1,1586178
7290001121795,false,נקניקיות עוף חריפות,מעדני יחיעם,,נקניקיות עוף חריפות,גרמים,400.00,100 גרם,false,,9.30,0.0233,true,1,5352003
7290001121849,false,פסטרמה ברביקיו 250 ג,מעדני יחיעם,,פסטרמה ברביקיו 250 ג,גרמים,250.00,100 גרם,false,,20.90,0.0836,true,1,1586187
7290001121931,false,קבנוס מקסיקני דק דק,מעדני יחיעם,,קבנוס מקסיקני דק דק,גרמים,125.00,100 גרם,false,,11.00,0.0880,true,1,1586189
7290001121979,false,נקניק סלמי הרץ מעדני,מעדני יחיעם,,נקניק סלמי הרץ מעדני,גרמים,150.00,100 גרם,false,,19.60,0.1307,true,1,1586191
7290001123775,false,שווארמה אמיתית פרגיו,טיבון ויל,,שווארמה אמיתית פרגיו,גרמים,500.00,100 גרם,false,,17.00,0.0340,true,1,1581242
7290001123782,false,שווארמה אמיתית הודו,טיבון ויל,,שווארמה אמיתית הודו,גרמים,500.00,100 גרם,false,,17.00,0.0340,true,1,1581243
7290001124536,false,ארוחת נודלס תירס מג',נטו,,ארוחת נודלס תירס מג',גרמים,70.00,100 גרם,false,,4.20,0.0600,true,1,1581244
7290001124611,false,שומן כבש טיבון ויל 2,טיבון ויל,,שומן כבש טיבון ויל 2,גרמים,200.00,100 גרם,false,,12.70,0.0635,true,1,1581245
7290001136300,false,שמפו + מרכך של נקה 7,נקה 7,,שמפו + מרכך של נקה 7,מיליליטרים,750.00,"100 מ""ל",false,,8.50,0.0113,true,1,1579728
7290001136683,false,מרכך לשיער רגיל בבוש,נקה 7,,מרכך לשיער רגיל בבוש,מיליליטרים,750.00,"100 מ""ל",false,,8.50,0.0113,true,1,1579732
7290001193266,false,נרות חנוכה לוקס,,,נרות חנוכה לוקס,יח',1.00,יח',false,,3.30,3.3000,true,1,1908444
7290001193549,false,ערכת חנוכה שלהבת מוצ,מעגל הזמן,,ערכת חנוכה שלהבת מוצ,יח',1.00,יח',false,,34.10,34.1000,true,1,1606344
7290001193662,false,נרונים מאורות 4 שעות,מעגל הזמן,,נרונים מאורות 4 שעות,100 יח',72.00,100 יח',false,,17.90,0.2486,true,1,1606348
7290001216101,false,"טחינה 1 ק""ג מלאה",,,"טחינה 1 ק""ג מלאה",גרמים,1000.00,100 גרם,false,,25.60,0.0256,true,1,5391744
7290001216231,false,טחינה אלארז שומשום מ,,,טחינה אלארז שומשום מ,גרמים,500.00,100 גרם,false,,14.40,0.0288,true,1,1604255
7290001245453,false,ג'ל כביסה ורוד 5לי ר,,,ג'ל כביסה ורוד 5לי ר,ליטרים,5.00,ליטר,false,,25.60,5.1200,true,1,4592844
7290001245460,false,ג'ל כביסה ירוק 5לי ר,,,ג'ל כביסה ירוק 5לי ר,ליטרים,5.00,ליטר,false,,25.60,5.1200,true,1,4592845
7290001245477,false,ג'ל כביסה כחול 5לי ר,,,ג'ל כביסה כחול 5לי ר,ליטרים,5.00,ליטר,false,,25.60,5.1200,true,1,4592846
7290001245651,false,נוזל רצפות מאסק 4 לי,,,נוזל רצפות מאסק 4 לי,יח',1.00,יח',false,,10.20,10.2000,true,1,4868474
7290001246009,false,ג'ל לכביסה אדום 3לי,,,ג'ל לכביסה אדום 3לי,יח',1.00,יח',false,,17.90,17.9000,true,1,4762882
7290001246771,false,מטהר אויר לוונדר 300,,,מטהר אויר לוונדר 300,מיליליטרים,300.00,"100 מ""ל",false,,4.20,0.0140,true,1,5123461
7290001246788,false,מטהר אויר לימון 300מ,,,מטהר אויר לימון 300מ,מיליליטרים,300.00,"100 מ""ל",false,,4.20,0.0140,true,1,5123462
7290001246795,false,מטהר אוויר פריחה 300,,,מטהר אוויר פריחה 300,מיליליטרים,300.00,"100 מ""ל",false,,4.20,0.0140,true,1,5123463
7290001247068,false,נקטר תות בננה ספרינג,ספרינג,,נקטר תות בננה ספרינג,ליטרים,1.00,ליטר,false,,5.60,5.6000,true,1,1578312
7290001247082,false,מיץ עגבניות רכיבים ט,ספרינג,,מיץ עגבניות רכיבים ט,ליטרים,1.00,ליטר,false,,5.40,5.4000,true,1,1578313
7290001247099,false,נקטר מנגו ספרינג 1 ל,ספרינג,,נקטר מנגו ספרינג 1 ל,ליטרים,1.00,ליטר,false,,5.60,5.6000,true,1,1578314
7290001247105,false,נקטר אפרסק ספרינג 1,ספרינג,,נקטר אפרסק ספרינג 1,ליטרים,1.00,ליטר,false,,5.60,5.6000,true,1,1578315
7290001247112,false,נקטר לימונים ספרינג,ספרינג,,נקטר לימונים ספרינג,ליטרים,1.00,ליטר,false,,5.60,5.6000,true,1,1578316
7290001247129,false,נקטר תפוזים ספרינג 1,ספרינג,,נקטר תפוזים ספרינג 1,ליטרים,1.00,ליטר,false,,5.60,5.6000,true,1,1578317
7290001247143,false,נקטר תפוחים ספרינג 1,ספרינג,,נקטר תפוחים ספרינג 1,ליטרים,1.00,ליטר,false,,5.60,5.6000,true,1,1578318
7290001258019,false,קממברט עיזים בייבי,,,קממברט עיזים בייבי,קילוגרמים,1.00,"ק""ג",true,,97.40,97.4000,true,1,1600049
7290001258101,false,גאודה במשקל 28%,משק יעקבס,,גאודה במשקל 28%,קילוגרמים,1.00,"ק""ג",true,,76.10,76.1000,true,1,1600052
7290001258118,false,קממברט,משק יעקבס,,קממברט,קילוגרמים,1.00,"ק""ג",true,,78.60,78.6000,true,1,1600053
7290001258200,false,גבינת שמנת 25%,משק יעקבס,,גבינת שמנת 25%,קילוגרמים,1.00,"ק""ג",true,,29.10,29.1000,true,1,1600059
7290001258323,false,משולש גאודה כמון קימ,,,משולש גאודה כמון קימ,קילוגרמים,1.00,"ק""ג",true,,78.60,78.6000,true,1,4710175
7290001258415,false,גבינת רוקפור משק יעק,יעקבס,,גבינת רוקפור משק יעק,גרמים,180.00,100 גרם,false,,21.10,0.1172,true,1,1600093
7290001258446,false,יעקבס יוגורט כבשים 5,יעקבס,,יעקבס יוגורט כבשים 5,מיליליטרים,850.00,"100 מ""ל",false,,16.70,0.0196,true,1,1600094
7290001258552,false,לבנה בקר 250 גר,משק יעקבס,,לבנה בקר 250 גר,גרמים,250.00,100 גרם,false,,8.10,0.0324,true,1,1600096
7290001258668,false,גבינת עז מה 5% יעקבס,יעקבס,,גבינת עז מה 5% יעקבס,גרמים,250.00,100 גרם,false,,12.70,0.0508,true,1,1600099
7290001258682,false,יעקבס יוגורט עיזים 3,משק יעקבס,,יעקבס יוגורט עיזים 3,מיליליטרים,500.00,"100 מ""ל",false,,11.00,0.0220,true,1,1600100
7290001258729,false,יעקבס לאבנה עיזים 25,משק יעקבס,,יעקבס לאבנה עיזים 25,גרמים,250.00,100 גרם,false,,11.90,0.0476,true,1,1600101
7290001258774,false,בייבי מוצרלה 140גר,,,בייבי מוצרלה 140גר,מיליליטרים,140.00,"100 מ""ל",false,,11.00,0.0786,true,1,3786162
7290001258798,false,יעקבס פטה כבשים 250ג,יעקבס,,יעקבס פטה כבשים 250ג,גרמים,250.00,100 גרם,false,,19.50,0.0780,true,1,1600103
7290001258804,false,גבינת קשקבל משק יעקב,יעקבס,,גבינת קשקבל משק יעקב,גרמים,180.00,100 גרם,false,,18.50,0.1028,true,1,1600104
7290001258811,false,כדורי מוצרלה,,,כדורי מוצרלה,קילוגרמים,1.00,"ק""ג",true,,67.50,67.5000,true,1,1600080
7290001258941,false,גבינת שמנת זיתים 25%,משק יעקבס,,גבינת שמנת זיתים 25%,קילוגרמים,1.00,"ק""ג",true,,29.10,29.1000,true,1,1600086
7290001258989,false,קממברט בקר בייבי,,,קממברט בקר בייבי,קילוגרמים,1.00,"ק""ג",true,,78.60,78.6000,true,1,1600087
7290001265642,false,שלישיית מעדני לה-קט,FIDELE SAS,FR,לה-קט מולטי-פק 3X400,קילוגרמים,1.20,"ק""ג",false,,15.70,13.0833,true,1,1584178
7290001274422,false,מאגדת שלגונים ציפוי,,,מאגדת שלגונים ציפוי,10 יח',1.00,10 יח',false,,16.90,16.9000,true,1,4283373
7290001274576,false,גלידל וניל תות 0% שו,,,גלידל וניל תות 0% שו,ליטרים,1.00,ליטר,false,,17.00,17.0000,true,1,4283269
7290001274583,false,גלידל שוקו פקאן 0% ש,,,גלידל שוקו פקאן 0% ש,מיליליטרים,900.00,"100 מ""ל",false,,17.00,0.0189,true,1,4283270
7290001274934,false,גלידל דיאט למון ליים,,,גלידל דיאט למון ליים,גרמים,640.00,100 גרם,false,,17.90,0.0280,true,1,4283409
7290001305188,false,נוזל לניקוי כלים ברי,פלמוליב,,נוזל לניקוי כלים ברי,מיליליטרים,750.00,"100 מ""ל",false,,10.20,0.0136,true,1,1574632
7290001327180,false,שטראוס קרמיסימו וניל,קרמיסימו,,שטראוס קרמיסימו וניל,ליטרים,1.33,ליטר,false,,15.30,11.5038,true,1,1566757
7290001327791,false,שטראוס קרמיסימו עוגי,קרמיסימו,,שטראוס קרמיסימו עוגי,ליטרים,1.33,ליטר,false,,15.30,11.5038,true,1,1587695
7290001343845,false,"גרנולה פירות 1 ק""ג ש",שקדיה,,"גרנולה פירות 1 ק""ג ש",קג,1.00,קג,false,,18.70,18.7000,true,1,1572085
7290001346129,false,עצמות עוף טרי,,,עצמות עוף טרי,קילוגרמים,1.00,"ק""ג",true,,6.90,6.9000,true,1,5397928
7290001346136,false,לבבות עוף טרי,,,לבבות עוף טרי,קילוגרמים,1.00,"ק""ג",true,,28.90,28.9000,true,1,5394863
7290001346174,false,עוף טחון טרי,,,עוף טחון טרי,קילוגרמים,1.00,"ק""ג",true,,33.00,33.0000,true,1,5397929
7290001346181,false,כבד עוף טרי,,,כבד עוף טרי,קילוגרמים,1.00,"ק""ג",true,,24.90,24.9000,true,1,5394864
7290001346273,false,פרגיות טרי,,,פרגיות טרי,קילוגרמים,1.00,"ק""ג",true,,58.90,58.9000,true,1,5397931
7290001346389,false,קוקטייל עוף טרי,,,קוקטייל עוף טרי,קילוגרמים,1.00,"ק""ג",true,,41.90,41.9000,true,1,5394887
7290001346433,false,פרגיות לתנור,,,פרגיות לתנור,קילוגרמים,1.00,"ק""ג",true,,41.90,41.9000,true,1,5394888
7290001346440,false,אונטרייב,,,אונטרייב,קילוגרמים,1.00,"ק""ג",true,,69.90,69.9000,true,1,5393871
7290001346488,false,סטייק פרגית טרי,,,סטייק פרגית טרי,קילוגרמים,1.00,"ק""ג",true,,58.90,58.9000,true,1,5394889
7290001346532,false,שוקית עוף טרי,,,שוקית עוף טרי,קילוגרמים,1.00,"ק""ג",true,,17.90,17.9000,true,1,5394890
7290001346587,false,כנפית עוף טרי,,,כנפית עוף טרי,קילוגרמים,1.00,"ק""ג",true,,17.90,17.9000,true,1,5394891
7290001346648,false,עוף שלם טרי,,,עוף שלם טרי,קילוגרמים,1.00,"ק""ג",true,,16.90,16.9000,true,1,5394777
7290001346693,false,כרעיים עוף טרי,,,כרעיים עוף טרי,קילוגרמים,1.00,"ק""ג",true,,26.90,26.9000,true,1,5394778
7290001346730,false,מעורב ירושלמי טרי,,,מעורב ירושלמי טרי,קילוגרמים,1.00,"ק""ג",true,,50.90,50.9000,true,1,5394894
7290001346747,false,ירכיים עוף טרי,,,ירכיים עוף טרי,קילוגרמים,1.00,"ק""ג",true,,27.90,27.9000,true,1,5394798
7290001346785,false,עוף מפורק טרי,,,עוף מפורק טרי,קילוגרמים,1.00,"ק""ג",true,,17.90,17.9000,true,1,5394914
7290001346792,false,שוקיים עוף טרי,,,שוקיים עוף טרי,קילוגרמים,1.00,"ק""ג",true,,30.90,30.9000,true,1,5394799
7290001346846,false,כנפיים עוף טרי,,,כנפיים עוף טרי,קילוגרמים,1.00,"ק""ג",true,,12.90,12.9000,true,1,5394800
7290001346884,false,שניצל פרימיום טרי,,,שניצל פרימיום טרי,קילוגרמים,1.00,"ק""ג",true,,40.90,40.9000,true,1,5394916
7290001346891,false,חזה עוף שלם טרי,,,חזה עוף שלם טרי,קילוגרמים,1.00,"ק""ג",true,,33.90,33.9000,true,1,5394821
7290001346945,false,פילה עוף טרי,,,פילה עוף טרי,קילוגרמים,1.00,"ק""ג",true,,41.90,41.9000,true,1,5394822
7290001346990,false,שניצל דק פרימיום טרי,,,שניצל דק פרימיום טרי,קילוגרמים,1.00,"ק""ג",true,,36.70,36.7000,true,1,5394823
7290001385128,false,צלי כתף טרי ארוז,אדום אדום,,צלי כתף טרי ארוז,קילוגרמים,1.00,"ק""ג",true,,85.40,85.4000,true,1,5316625
7290001407127,false,פרוסות חלבה קלאסית ב,בארכה,,פרוסות חלבה קלאסית ב,גרמים,400.00,100 גרם,false,,11.00,0.0275,true,1,1577177
7290001407134,false,פרוסות חלבה שוקו וני,בארכה,,פרוסות חלבה שוקו וני,גרמים,400.00,100 גרם,false,,11.00,0.0275,true,1,1577178
7290001407547,false,טחינה משומשום מלא פי,ויסוצקי,,טחינה משומשום מלא פי,גרמים,500.00,100 גרם,false,,11.00,0.0220,true,1,1577180
7290001407592,false,בארכה טחינה גולמית פ,,,בארכה טחינה גולמית פ,גרמים,800.00,100 גרם,false,,17.00,0.0213,true,1,5310709
7290001407769,false,טחינה גולמית שומשום,בארכה,,טחינה גולמית שומשום,גרמים,500.00,100 גרם,false,,11.00,0.0220,true,1,1577183
7290001407813,false,חלבה שאמית עם פיסטוק,בארכה,,חלבה שאמית עם פיסטוק,גרמים,350.00,100 גרם,false,,12.70,0.0363,true,1,1577184
7290001407837,false,חלבה שאמית עם פולי ק,בארכה,,חלבה שאמית עם פולי ק,גרמים,350.00,100 גרם,false,,12.70,0.0363,true,1,1577186
7290001407844,false,חלבה קלאסית בטעם וני,בארכה,,חלבה קלאסית בטעם וני,גרמים,350.00,100 גרם,false,,11.90,0.0340,true,1,1577187
7290001407936,false,בארכה טחינה מעודנת 3,רושדי תעשיות מזון,IL,בארכה טחינה מעודנת 3,גרמים,310.00,100 גרם,false,,8.90,0.0287,true,1,1566521
7290001427019,false,קשת מיץ תפוזים טבעי,,,קשת מיץ תפוזים טבעי,100 מל,500.00,100 מל,false,,13.30,0.0266,true,1,5318151
7290001427033,false,מיץ תפוחים רכיבים טב,TBD,,מיץ תפוחים רכיבים טב,ליטרים,1.00,ליטר,false,,14.10,14.1000,true,1,1591525
7290001427132,false,מיץ רימונים טבעי 500,,,מיץ רימונים טבעי 500,מיליליטרים,500.00,"100 מ""ל",false,,17.60,0.0352,true,1,5266474
7290001427323,false,מיץ סלק 1ל,,,מיץ סלק 1ל,מטרים,1000.00,100 מ'ל,false,,19.60,0.0196,true,1,5254029
7290001427453,false,מיץ תפוחים 1לי,,,מיץ תפוחים 1לי,יח',1.00,יח',false,,17.10,17.1000,true,1,5286642
7290001461105,false,לחם מחמצת לבן,פילסברי,,לחם מחמצת לבן,יח',1.00,יח',false,,14.40,14.4000,true,1,1570603
7290001461457,false,באגט רוסטיק קמח,פילסברי,,באגט רוסטיק קמח,יח',1.00,יח',false,,6.80,6.8000,true,1,1570734
7290001461457,false,באגט רוסטיק קמח,פילסברי,,באגט רוסטיק קמח,יח',1.00,יח',false,,6.80,6.8000,true,1,5251633
7290001461556,false,עוגיות קוקויס,,,עוגיות קוקויס,קילוגרמים,1.00,"ק""ג",true,,40.20,40.2000,true,1,2335560
7290001461860,false,עשריית פיתות פילסברי,פילסברי,,עשריית פיתות פילסברי,יח',1.00,יח',false,,11.50,11.5000,true,1,1570612
7290001461891,false,יאמיס עם קמח מלא,,,יאמיס עם קמח מלא,יח',1.00,יח',false,,11.00,11.0000,true,1,2335534
7290001476208,false,ברי פקאן 22% במשקל,,,ברי פקאן 22% במשקל,קילוגרמים,1.00,"ק""ג",true,,101.70,101.7000,true,1,1578154
7290001482186,false,אננס חתוך ויליפוד 56,,,אננס חתוך ויליפוד 56,גרמים,565.00,100 גרם,false,,5.00,0.0088,true,1,5273488
7290001482384,false,חתיכות אננס בסירופ ק,וילי פוד,,חתיכות אננס בסירופ ק,גרמים,227.00,100 גרם,false,,3.30,0.0145,true,1,1583528
7290001482506,false,חומץ בלסמי וילי פוד,וילי פוד,,חומץ בלסמי וילי פוד,מיליליטרים,500.00,"100 מ""ל",false,,12.70,0.0254,true,1,1583531
7290001485019,false,גבינת קרם שמנת 5% טר,טרה,,גבינת קרם שמנת 5% טר,גרמים,200.00,100 גרם,false,,9.30,0.0465,true,1,1570298
7290001491096,false,תה ירוק לימונית ולוא,ויסוצקי,,תה ירוק לימונית ולוא,גרמים,75.00,100 גרם,false,,34.10,0.4547,true,1,1583824
7290001552025,false,קוסקוס של אמא פרבורג,פרבורגר רויאל,,קוסקוס של אמא פרבורג,גרמים,800.00,100 גרם,false,,12.70,0.0159,true,1,1575180
7290001567555,false,פסטרמה מעודנת עם דבש,,,פסטרמה מעודנת עם דבש,גרמים,300.00,100 גרם,false,,17.00,0.0567,true,1,2125515
7290001567708,false,נקנקיות עוף 400 גרם,מעדני יחיעם,,נקנקיות עוף 400 גרם,גרמים,400.00,100 גרם,false,,9.30,0.0233,true,1,1586193
7290001567760,false,פסטרמה של פעם 300 גר,,,פסטרמה של פעם 300 גר,גרמים,300.00,100 גרם,false,,20.90,0.0697,true,1,1586199
7290001567814,false,סלמי מעושן בסגנון אי,,,סלמי מעושן בסגנון אי,גרמים,300.00,100 גרם,false,,17.00,0.0567,true,1,1586204
7290001567906,false,פסטרמה מעודנת 200 ג,מעדני יחיעם,IL,פסטרמה מעודנת 200 ג,גרמים,200.00,100 גרם,false,,10.90,0.0545,true,1,1586208
7290001567920,false,סלמי תה 200 גר,מעדני יחיעם,IL,סלמי תה 200 גר,גרמים,200.00,100 גרם,false,,10.90,0.0545,true,1,1586210
7290001589342,false,"אנתוש ספירה 70 מ""ל",סאסאטק,IL,"תחליב להרחקת יתושים 70 מ""",מטרים,70.00,100 מ'ל,false,,8.50,0.1214,true,1,1592193
7290001591680,false,קניידלך מקמח מצה 500,,,קניידלך מקמח מצה 500,גרמים,500.00,100 גרם,false,,17.00,0.0340,true,1,5350021
7290001591734,false,מרגז נקניקייה סגנון,,,מרגז נקניקייה סגנון,גרמים,500.00,100 גרם,false,,19.60,0.0392,true,1,5339411
7290001591741,false,קבבוני טלה 500 גר,,,קבבוני טלה 500 גר,גרמים,500.00,100 גרם,false,,19.60,0.0392,true,1,5339387
7290001594025,false,קוקה קולה קלאסי 350,,,קוקה קולה קלאסי 350,מיליליטרים,350.00,"100 מ""ל",false,,5.10,0.0146,true,1,1570886
7290001594230,false,קינלי סודה קלאסי 250,קוקה קולה,,קינלי סודה קלאסי 250,מיליליטרים,250.00,"100 מ""ל",false,,2.50,0.0100,true,1,1570895
7290001594520,false,"טובורג בקבוק 330 מ""ל",,,"טובורג בקבוק 330 מ""ל",יח',1.00,יח',false,,6.70,6.7000,true,1,1570854
7290001594568,false,בירה בפחית קרלסברג 5,קוקה קולה,,בירה בפחית קרלסברג 5,מיליליטרים,500.00,"100 מ""ל",false,,7.70,0.0154,true,1,1570902
7290001594575,false,בירה טובורג בפחית 50,טובורג,,בירה טובורג בפחית 50,מיליליטרים,500.00,"100 מ""ל",false,,7.70,0.0154,true,1,1570903
7290001594810,false,בירה שחורה מאלטי 6*3,קוקה קולה,,בירה שחורה מאלטי 6*3,ליטרים,1.98,ליטר,false,,17.30,8.7374,true,1,1570908
7290001594858,false,טובורג רד מארז שישיי,קוקה קולה,,טובורג רד מארז שישיי,מיליליטרים,1980.00,"100 מ""ל",false,,25.80,0.0130,true,1,1570909
7290001594865,false,בירה קרלסברג 6*330 מ,קוקה קולה,,בירה קרלסברג 6*330 מ,ליטרים,1.98,ליטר,false,,25.80,13.0303,true,1,1570910
7290001670224,false,מלית פרג פוליבה 400,הנמל,,מלית פרג פוליבה 400,גרמים,400.00,100 גרם,false,,8.40,0.0210,true,1,1583128
7290001670514,false,מלית אוכמניות 400 גר,פוליבה,,מלית אוכמניות 400 גר,גרמים,400.00,100 גרם,false,,8.40,0.0210,true,1,1583132
7290001670651,false,מנגל חד פעמי קטן הנמ,הנמל,,מנגל חד פעמי קטן הנמ,יח',1.00,יח',false,,11.00,11.0000,true,1,1583134
7290001670736,false,כפפות ניילון 100 יחי,,,כפפות ניילון 100 יחי,יח',1.00,יח',false,,4.70,4.7000,true,1,5257999
7290001710111,false,נקניקיות מרגז ארוז 5,,,נקניקיות מרגז ארוז 5,גרמים,500.00,100 גרם,false,,16.90,0.0338,true,1,2289912
7290001710128,false,נקניקיות צוריסוס ארו,,,נקניקיות צוריסוס ארו,גרמים,500.00,100 גרם,false,,16.90,0.0338,true,1,2865388
7290001710159,false,גולש עגל מוכשר,,,גולש עגל מוכשר,קילוגרמים,1.00,"ק""ג",true,,38.40,38.4000,true,1,1865910
7290001713150,false,סנט מוריץ אקונומיקה,,,סנט מוריץ אקונומיקה,מטרים,1000.00,100 מ'ל,false,,8.50,0.0085,true,1,5256798
7290001713167,false,סנט מוריץ קצף ניקוי,,,סנט מוריץ קצף ניקוי,מיליליטרים,750.00,"100 מ""ל",false,,8.50,0.0113,true,1,5037171
7290001713372,false,נוזל לניקוי עור 400,,,נוזל לניקוי עור 400,יח',1.00,יח',false,,12.70,12.7000,true,1,1587620
7290001713815,false,מרכך כביסה בית מלון,,,מרכך כביסה בית מלון,מטרים,1000.00,100 מ'ל,false,,8.50,0.0085,true,1,5333011
7290001791349,false,פיסגה אקונומיקה ריחנ,סנו,,פיסגה אקונומיקה ריחנ,ליטרים,4.00,ליטר,false,,8.50,2.1250,true,1,1579758
7290001791356,false,פרש מבשם אויר אוטומט,סנו,,פרש מבשם אויר אוטומט,מיליליטרים,250.00,"100 מ""ל",false,,11.00,0.0440,true,1,1579759
7290001813454,false,חיוכים עוגיות שוקו ע,עלית,,חיוכים עוגיות שוקו ע,גרמים,900.00,100 גרם,false,,16.20,0.0180,true,1,4080751
7290001813478,false,חיוכים עוגיות בטעם ו,עלית,,חיוכים עוגיות בטעם ו,גרמים,900.00,100 גרם,false,,16.20,0.0180,true,1,4080752
7290001817728,false,צ'יטוס אפוי כאפה בטע,עלית,,צ'יטוס אפוי כאפה בטע,גרמים,55.00,100 גרם,false,,2.60,0.0473,true,1,1582872
7290001835388,false,פרמיו חטיף סטריפס לכ,גורי,,פרמיו חטיף סטריפס לכ,גרמים,85.00,100 גרם,false,,8.50,0.1000,true,1,1571261
7290001865439,false,פמלי לקשרי 1ליטר וני,פמילי,IL,פמלי אל סבון ליטר ונילה [,ליטרים,1.00,ליטר,false,,10.80,10.8000,true,1,1600493
7290001873441,false,המבורגר,,,המבורגר,גרמים,320.00,100 גרם,false,,21.30,0.0666,true,1,5232641
7290001873458,false,סטייק בורגר,,,סטייק בורגר,גרמים,320.00,100 גרם,false,,21.30,0.0666,true,1,5232642
7290001873489,false,קרפציו,,,קרפציו,גרמים,120.00,100 גרם,false,,12.70,0.1058,true,1,5232644
7290001915011,false,שווארמה פרגית מתובלת,,,שווארמה פרגית מתובלת,גרמים,500.00,100 גרם,false,,32.40,0.0648,true,1,5402664
7290001946121,false,פפריקה מרוקאית מתוקה,תבליני ביטון יוחאי,,פפריקה מרוקאית מתוקה,גרמים,400.00,100 גרם,false,,17.00,0.0425,true,1,1572087
7290001973233,false,קמיל בלו מגבונים לחי,"ד""ר פישר",IL,ק.ב סנסטיב מגבונים 120 יח,יח',120.00,יח',false,,9.30,0.0775,true,1,1598827
7290001973332,false,קמיל בלו מגבונים לפנ,"ד""ר פישר",IL,- ק.ב.ס מגבונים לפנים 60,יח',60.00,יח',false,,7.70,0.1283,true,1,1598830
7290001990094,false,סוכר חום צנצנת סוגת,סוגת,IL,סוכר חום קלאסי בצנצנת,100 לקג,1.00,100 לקג,false,,12.40,12.4000,true,1,1579341
7290001990148,false,סוכר גולדן קלאסי סוג,סוגת,IL,סוכר גולדן קלסי צנצנת1 קג,יח',1.00,יח',false,,9.30,9.3000,true,1,1579343
7290001990377,false,סוגת שעועית בובס 500,סוגת,IL,שעועית בובס 500 גר,גרמים,500.00,100 גרם,false,,9.30,0.0186,true,1,1579347
7290002000143,false,חדש -פנג'ל ק.ידיים ק,פנג'ל,IL,חדש -פנג'ל ק.ידיים קלאסיק,גרמים,100.00,100 גרם,false,,6.80,0.0680,true,1,1600502
7290002002857,false,מגע המשי נייר הדבש 5,ALSOM BIGANDO,FR,מגע המשי נייר הדבש 50יח,יח',50.00,יח',false,,15.30,0.3060,true,1,1600511
7290002003168,false,מארז שלישית פנג'ל קל,פנג'ל,IL,מארז שלישית פנג'ל קלאסיק,מיליליטרים,240.00,"100 מ""ל",false,,11.90,0.0496,true,1,1600512
7290002007357,false,שקיות לצליה הנמל 10,הנמל,,שקיות לצליה הנמל 10,יח',10.00,יח',false,,3.20,0.3200,true,1,1583141
7290002008149,false,מדליק פחם מוצק מנגל,הנמל,,מדליק פחם מוצק מנגל,יח',40.00,יח',false,,5.00,0.1250,true,1,1583158
7290002008569,false,מלבין קפה 200 ג,הנמל,,מלבין קפה 200 ג,גרמים,200.00,100 גרם,false,,11.00,0.0550,true,1,1583171
7290002008651,false,קמח תפוחי אדמה הנמל,הנמל,,קמח תפוחי אדמה הנמל,גרמים,500.00,100 גרם,false,,4.20,0.0084,true,1,1583172
7290002008835,false,מגן כיריים הנמל 4 יח,הנמל,,מגן כיריים הנמל 4 יח,יח',4.00,יח',false,,3.40,0.8500,true,1,1583175
7290002013006,false,פסטרמה מקסיקנית,זוגלובק,,פסטרמה מקסיקנית,קילוגרמים,1.00,"ק""ג",true,,61.50,61.5000,true,1,1931849
7290002013037,false,פסטרמה פרגיות על לבנ,זוגלובק,,פסטרמה פרגיות על לבנ,קילוגרמים,1.00,"ק""ג",true,,61.50,61.5000,true,1,1931850
7290002013174,false,פסטרמה של פעם,זוגלובק,,פסטרמה של פעם,קילוגרמים,1.00,"ק""ג",true,,61.50,61.5000,true,1,1957960
7290002022152,false,מרשמלו 100 גרם,כרמית,,מרשמלו 100 גרם,גרמים,100.00,100 גרם,false,,3.00,0.0300,true,1,1587083
7290002026341,false,ציפס בטטה פלאנק 500,,,ציפס בטטה פלאנק 500,גרמים,500.00,100 גרם,false,,12.70,0.0254,true,1,1584033
7290002026358,false,ציפס בטטה קרינקל 500,,,ציפס בטטה קרינקל 500,גרמים,500.00,100 גרם,false,,13.20,0.0264,true,1,1584034
7290002026365,false,טבעות בצל 500גר,,,טבעות בצל 500גר,גרמים,500.00,100 גרם,false,,7.40,0.0148,true,1,1584035
7290002026402,false,בלינצ'ס גבינה,,,בלינצ'ס גבינה,גרמים,350.00,100 גרם,false,,9.30,0.0266,true,1,1584036
7290002026440,false,פרצלס קפוא 280 גרם,,,פרצלס קפוא 280 גרם,גרמים,280.00,100 גרם,false,,9.30,0.0332,true,1,1566697
7290002026587,false,ופל בלגי חם קפוא 280,,,ופל בלגי חם קפוא 280,גרמים,280.00,100 גרם,false,,9.30,0.0332,true,1,5240479
7290002026891,false,מאגדת גלידת קוקי מיק,,,מאגדת גלידת קוקי מיק,יח',1.00,יח',false,,21.30,21.3000,true,1,2980853
7290002037309,false,לחמניות המבורגר 8יח,,,לחמניות המבורגר 8יח,גרמים,400.00,100 גרם,false,,10.20,0.0255,true,1,4302044
7290002037637,false,חליות מתוקות 4יח,,,חליות מתוקות 4יח,יח',4.00,יח',false,,9.30,2.3250,true,1,4302046
7290002040019,false,קוסקוס רגיל הנמל 350,הנמל,,קוסקוס רגיל הנמל 350,גרמים,350.00,100 גרם,false,,4.50,0.0129,true,1,1583180
7290002040064,false,קוסקוס דק הנמל 350 ג,הנמל,,קוסקוס דק הנמל 350 ג,גרמים,350.00,100 גרם,false,,4.50,0.0129,true,1,1566677
7290002040071,false,קוסקוס עבה הנמל 350,הנמל,,קוסקוס עבה הנמל 350,גרמים,350.00,100 גרם,false,,4.50,0.0129,true,1,1583182
7290002040088,false,קוסקוס מלא הנמל 350,הנמל,,קוסקוס מלא הנמל 350,גרמים,350.00,100 גרם,false,,5.30,0.0151,true,1,1583183
7290002043072,false,אקסטרה פריכוני אורז,,,אקסטרה פריכוני אורז,יח',1.00,יח',false,,7.60,7.6000,true,1,5267929
7290002043188,false,אקסטרה ציפס אורז חום,,,אקסטרה ציפס אורז חום,יח',1.00,יח',false,,5.90,5.9000,true,1,5281515
7290002043218,false,אקסטרה ציפס מלח ים 6,,,אקסטרה ציפס מלח ים 6,יח',1.00,יח',false,,5.90,5.9000,true,1,5267933
7290002043232,false,אקסטרה ציפס משפחתי ט,,,אקסטרה ציפס משפחתי ט,גרמים,120.00,100 גרם,false,,10.20,0.0850,true,1,5267935
7290002043324,false,אקסטרה ציפס מלח ים 2,,,אקסטרה ציפס מלח ים 2,יח',1.00,יח',false,,3.90,3.9000,true,1,5267938
7290002043331,false,אקסטרה ציפס כוסמת 60,,,אקסטרה ציפס כוסמת 60,יח',1.00,יח',false,,6.80,6.8000,true,1,5267939
7290002043379,false,אקסטרה ציפס פרוטאין,,,אקסטרה ציפס פרוטאין,גרמים,60.00,100 גרם,false,,6.80,0.1133,true,1,5267943
7290002043591,false,אקסטרה ציפס משפחתי פ,,,אקסטרה ציפס משפחתי פ,גרמים,120.00,100 גרם,false,,10.20,0.0850,true,1,5267945
7290002043782,false,אקסטרה ציפס טקסס ברב,,,אקסטרה ציפס טקסס ברב,יח',1.00,יח',false,,5.90,5.9000,true,1,5267946
7290002043850,false,חטיף אורז אקסטרה בצי,,,חטיף אורז אקסטרה בצי,גרמים,90.00,100 גרם,false,,10.70,0.1189,true,1,5394748
7290002043874,false,חטיף אורז אקסטרה קרמ,,,חטיף אורז אקסטרה קרמ,גרמים,90.00,100 גרם,false,,10.70,0.1189,true,1,5394750
7290002043898,false,חטיף אורז אקסטרה קוק,,,חטיף אורז אקסטרה קוק,גרמים,90.00,100 גרם,false,,10.70,0.1189,true,1,5394752
7290002053118,false,אטריות ביצים עבות מס,פ.פ.ח טאביט,PL,אטריות ביצים מס' 14 - 200,גרמים,200.00,100 גרם,false,,6.80,0.0340,true,1,1571265
7290002053354,false,אטריות נודלס סיני לה,פ.פ.ח טאביט,PL,נודלס סיני 300 גר',גרמים,300.00,100 גרם,false,,11.90,0.0397,true,1,1571266
7290002053538,false,נודלס תיאלנדי 500 גר,אוריינט,,נודלס תיאלנדי 500 גר,גרמים,500.00,100 גרם,false,,11.90,0.0238,true,1,4992219
7290002057017,false,זית נובו 330 גרם,שיוך למחסן 17,,זית נובו 330 גרם,גרמים,330.00,100 גרם,false,,7.60,0.0230,true,1,1579481
7290002057031,false,זית יבנה מבוקע פיקנט,קבוצת יבנה,,זית יבנה מבוקע פיקנט,גרמים,340.00,100 גרם,false,,7.60,0.0224,true,1,1579482
7290002057048,false,זית יבנה סורי מבוקע,קבוצת יבנה,,זית יבנה סורי מבוקע,גרמים,340.00,100 גרם,false,,9.00,0.0265,true,1,1579483
7290002057062,false,זיתים ירוקים בינוניי,קבוצת יבנה,,זיתים ירוקים בינוניי,גרמים,340.00,100 גרם,false,,5.90,0.0174,true,1,1579485
7290002057093,false,זית ירוק גדול מנזלינ,קבוצת יבנה,,זית ירוק גדול מנזלינ,גרמים,340.00,100 גרם,false,,6.80,0.0200,true,1,1579488
7290002057109,false,זיתים יבנה ירוקים גד,קבוצת יבנה,,זיתים יבנה ירוקים גד,גרמים,340.00,100 גרם,false,,7.60,0.0224,true,1,1579489
7290002057123,false,זית חרוזית ירוק יבנה,קבוצת יבנה,,זית חרוזית ירוק יבנה,גרמים,275.00,100 גרם,false,,8.10,0.0295,true,1,1579491
7290002057161,false,זית מרינדבחומץ יין י,קבוצת יבנה,,זית מרינדבחומץ יין י,גרמים,340.00,100 גרם,false,,7.60,0.0224,true,1,1579495
7290002057178,false,זיתים שחורים גדולים,קבוצת יבנה,,זיתים שחורים גדולים,גרמים,340.00,100 גרם,false,,7.40,0.0218,true,1,1579496
7290002057185,false,טבעות זית ירוק 275 ג,קבוצת יבנה,,טבעות זית ירוק 275 ג,גרמים,275.00,100 גרם,false,,7.90,0.0287,true,1,1579497
7290002057352,false,מלפפון יבנה במלח גדו,קבוצת יבנה,,מלפפון יבנה במלח גדו,גרמים,320.00,100 גרם,false,,5.60,0.0175,true,1,1579511
7290002057369,false,מלפפון יבנה במלח בינ,קבוצת יבנה,,מלפפון יבנה במלח בינ,גרמים,320.00,100 גרם,false,,6.40,0.0200,true,1,1579512
7290002057376,false,מלפפון יבנה במלח קטנ,קבוצת יבנה,,מלפפון יבנה במלח קטנ,גרמים,320.00,100 גרם,false,,8.50,0.0266,true,1,1579513
7290002057383,false,מלפפון יבנה במלח קטנ,קבוצת יבנה,,מלפפון יבנה במלח קטנ,גרמים,320.00,100 גרם,false,,11.00,0.0344,true,1,1579514
7290002057437,false,שיפקונית יבנה,,,שיפקונית יבנה,גרמים,650.00,100 גרם,false,,8.40,0.0129,true,1,5281890
7290002057451,false,מלפפון יבנה בחומץ גד,קבוצת יבנה,,מלפפון יבנה בחומץ גד,גרמים,290.00,100 גרם,false,,5.60,0.0193,true,1,1579519
7290002057468,false,מלפפון יבנה בחומץ בי,קבוצת יבנה,,מלפפון יבנה בחומץ בי,גרמים,290.00,100 גרם,false,,6.40,0.0221,true,1,1579520
7290002057482,false,מלפפון יבנה בחומץ קט,קבוצת יבנה,,מלפפון יבנה בחומץ קט,גרמים,290.00,100 גרם,false,,11.00,0.0379,true,1,1579522
7290002057604,false,פלפל חריף שיפקה קבוצ,קבוצת יבנה,,פלפל חריף שיפקה קבוצ,גרמים,225.00,100 גרם,false,,4.70,0.0209,true,1,1579526
7290002057628,false,זית טבעות מושחרים 2,קבוצת יבנה,,זית טבעות מושחרים 2,גרמים,275.00,100 גרם,false,,7.60,0.0276,true,1,1579528
7290002057703,false,חצילים במלח קבוצת יב,קבוצת יבנה,,חצילים במלח קבוצת יב,גרמים,320.00,100 גרם,false,,5.60,0.0175,true,1,1579532
7290002057734,false,זית חרוזית שחור יבנה,קבוצת יבנה,,זית חרוזית שחור יבנה,גרמים,275.00,100 גרם,false,,7.60,0.0276,true,1,1579534
7290002065555,false,לחמניות אנג'ל 6 יחיד,אנג'ל,,לחמניות אנג'ל 6 יחיד,גרמים,450.00,100 גרם,false,,9.30,0.0207,true,1,1574396
7290002065616,false,לחם שיפון גרעינים פר,אורנים,,לחם שיפון גרעינים פר,גרמים,750.00,100 גרם,false,,10.70,0.0143,true,1,1589494
7290002065623,false,לחם שיפון של פעם כפר,אורנים,,לחם שיפון של פעם כפר,גרמים,750.00,100 גרם,false,,10.70,0.0143,true,1,1589495
7290002077268,false,מיני קציצות דגים 500,נטו מלינדה,,מיני קציצות דגים 500,גרמים,500.00,100 גרם,false,,16.20,0.0324,true,1,1581259
7290002105176,false,כתף מרכזי צרכני מס',עוף ירושלים,,כתף מרכזי צרכני מס',קילוגרמים,1.00,"ק""ג",true,,38.40,38.4000,true,1,1588978
7290002105503,false,המבורגר בקר 500 גר מ,עוף ירושלים,,המבורגר בקר 500 גר מ,גרמים,500.00,100 גרם,false,,16.20,0.0324,true,1,1589192
7290002105510,false,קבב מזרחי 500-מחפוד,עוף ירושלים,,קבב מזרחי 500-מחפוד,גרמים,500.00,100 גרם,false,,16.20,0.0324,true,1,1589193
7290002105565,false,הודו טחון עוף ירושלי,עוף ירושלים,,הודו טחון עוף ירושלי,גרמים,500.00,100 גרם,false,,11.00,0.0220,true,1,1589198
7290002105671,false,עוף טחון 500 גר מחפו,עוף ירושלים,,עוף טחון 500 גר מחפו,גרמים,500.00,100 גרם,false,,11.00,0.0220,true,1,1589199
7290002105749,false,"בשר טחון 1 ק""ג מחפוד",עוף ירושלים,,"בשר טחון 1 ק""ג מחפוד",100 קילו,1.00,100 קילו,false,,38.40,38.4000,true,1,1589202
7290002105756,false,"טחון בקר מחפוד 1ק""ג",עוף ירושלים,,"טחון בקר מחפוד 1ק""ג",גרמים,1000.00,100 גרם,false,,34.10,0.0341,true,1,1588995
7290002105770,false,קציצות קבב כבש ביתי,עוף ירושלים,,קציצות קבב כבש ביתי,קילוגרמים,1.00,"ק""ג",false,,42.60,42.6000,true,1,1588997
7290002105824,false,קבב ג'מבו רומני מחפו,עוף ירושלים מהדרין,,קבב ג'מבו רומני מחפו,קילוגרמים,1.00,"ק""ג",true,,38.40,38.4000,true,1,1589000
7290002107071,false,בולגרית עיזים מעודנת,משק צוריאל,,בולגרית עיזים מעודנת,גרמים,200.00,100 גרם,false,,19.20,0.0960,true,1,1570309
7290002107385,false,גליל גבינת עיזים מה,משק צוריאל,,גליל גבינת עיזים מה,גרמים,180.00,100 גרם,false,,17.00,0.0944,true,1,1570311
7290002107491,false,גבינה לבנה מחלב עיזי,משק צוריאל,,גבינה לבנה מחלב עיזי,גרמים,250.00,100 גרם,false,,11.80,0.0472,true,1,1570313
7290002107798,false,גבינה בולגרית מעודנת,משק צוריאל,,גבינה בולגרית מעודנת,גרמים,250.00,100 גרם,false,,16.80,0.0672,true,1,1566386
7290002107965,false,גבינה לאפיה טבורוג ל,משק צוריאל,,גבינה לאפיה טבורוג ל,גרמים,500.00,100 גרם,false,,19.60,0.0392,true,1,1566387
7290002109488,false,קבב 100% אמיתי טיבון,טיבון ויל,,קבב 100% אמיתי טיבון,גרמים,440.00,100 גרם,false,,17.00,0.0386,true,1,1581274
7290002128069,false,נר לחגים כוס 26 שעות,,,נר לחגים כוס 26 שעות,יח',1.00,יח',false,,1.90,1.9000,true,1,5153499
7290002128137,false,נרות שבת 8/72 מנורה,מנורה,,נרות שבת 8/72 מנורה,יח',1.00,יח',false,,27.20,27.2000,true,1,1603182
7290002128397,false,נר נשמה שבועי זכוכית,,,נר נשמה שבועי זכוכית,יח',1.00,יח',false,,8.50,8.5000,true,1,4982149
7290002128410,false,נרות שבת אורה מספר 6,מנורה,,נרות שבת אורה מספר 6,יח',1.00,יח',false,,2.40,2.4000,true,1,1603192
7290002128434,false,נרות שבת אורה מספר 1,מנורה,,נרות שבת אורה מספר 1,יח',1.00,יח',false,,2.50,2.5000,true,1,1603193
7290002128458,false,נרות שבת אורה מספר 1,מנורה,,נרות שבת אורה מספר 1,יח',1.00,יח',false,,2.40,2.4000,true,1,1603194
7290002128472,false,נרות 72 (4 שעות) רמי,,,נרות 72 (4 שעות) רמי,יח',1.00,יח',false,,17.00,17.0000,true,1,5274333
7290002128519,false,נרות 63 (6 שעות) רמי,,,נרות 63 (6 שעות) רמי,יח',1.00,יח',false,,17.00,17.0000,true,1,5274334
7290002128540,false,זוג נריות זכוכית לשב,,,זוג נריות זכוכית לשב,יח',1.00,יח',false,,3.80,3.8000,true,1,5320965
7290002128663,false,נרות חימום בלוק 50יח,,,נרות חימום בלוק 50יח,יח',1.00,יח',false,,8.50,8.5000,true,1,5257633
7290002128885,false,נרות חימום 8 שעות 48,,,נרות חימום 8 שעות 48,יח',1.00,יח',false,,17.90,17.9000,true,1,5255115
7290002129455,false,פיצה איטלקית גדולה 4,,,פיצה איטלקית גדולה 4,גרמים,450.00,100 גרם,false,,17.00,0.0378,true,1,3030850
7290002129462,false,זוג פיצה איטלקית דקה,,,זוג פיצה איטלקית דקה,יח',1.00,יח',false,,17.00,17.0000,true,1,2401664
7290002129479,false,פיצה איטלקית דקה שלו,,,פיצה איטלקית דקה שלו,יח',1.00,יח',false,,11.80,11.8000,true,1,2401665
7290002129486,false,פיצה איטלקית דקה שלו,,,פיצה איטלקית דקה שלו,גרמים,340.00,100 גרם,false,,11.90,0.0350,true,1,2741531
7290002130567,false,דבש טהור 350 גרם,יד מרדכי,,דבש טהור 350 גרם,גרמים,350.00,100 גרם,false,,14.40,0.0411,true,1,1575320
7290002130574,false,דבש טהור 500 גרם,יד מרדכי,,דבש טהור 500 גרם,גרמים,500.00,100 גרם,false,,21.10,0.0422,true,1,1575321
7290002130581,false,"דבש יד מרדכי 1 ק""ג",יד מרדכי,,"דבש יד מרדכי 1 ק""ג",100 לקג,1.00,100 לקג,false,,34.10,34.1000,true,1,1575322
7290002132011,false,עוגיות מזרחיות מלוחו,עבאדי,,עוגיות מזרחיות מלוחו,גרמים,400.00,100 גרם,false,,14.40,0.0360,true,1,1583826
7290002198031,false,פסטרמה פרגיות ללחמני,,,פסטרמה פרגיות ללחמני,קילוגרמים,1.00,"ק""ג",true,,61.50,61.5000,true,1,5289530
7290002198048,false,פסטרמה הודו בתיבול ש,,,פסטרמה הודו בתיבול ש,קילוגרמים,1.00,"ק""ג",true,,61.50,61.5000,true,1,5289531
7290002198055,false,פרימיום סרוולד נוסח,,,פרימיום סרוולד נוסח,קילוגרמים,1.00,"ק""ג",true,,124.80,124.8000,true,1,5320469
7290002198109,false,צלעות אסאדו מעושנות,,,צלעות אסאדו מעושנות,קילוגרמים,1.00,"ק""ג",true,,106.80,106.8000,true,1,5347239
7290002198116,false,פסטרמה ברזילאית,,,פסטרמה ברזילאית,קילוגרמים,1.00,"ק""ג",true,,76.10,76.1000,true,1,5386563
7290002232964,false,ציפוי לשניצל פז טחון,דגש,FR,ציפוי לשניצל פז טחון,גרמים,500.00,100 גרם,false,,22.90,0.0458,true,1,1606992
7290002253006,false,דורות שום כתוש טרי 2,דורות,,דורות שום כתוש טרי 2,גרמים,200.00,100 גרם,false,,13.60,0.0680,true,1,1577188
7290002253105,false,דורות קוביות שום טרי,דורות,,דורות קוביות שום טרי,גרמים,80.00,100 גרם,false,,8.50,0.1063,true,1,1577192
7290002253150,false,קוביות בזיליקום קצוץ,דורות,,קוביות בזיליקום קצוץ,גרמים,70.00,100 גרם,false,,8.10,0.1157,true,1,1577193
7290002253167,false,פטרוזיליה קצוצה דורו,דורות,,פטרוזיליה קצוצה דורו,גרמים,70.00,100 גרם,false,,8.10,0.1157,true,1,1577194
7290002253174,false,קוביות שמיר קצוץ דור,דורות,,קוביות שמיר קצוץ דור,גרמים,70.00,100 גרם,false,,8.50,0.1214,true,1,1577195
7290002253181,false,קוביות כוסברה קצוצה,דורות,,קוביות כוסברה קצוצה,גרמים,70.00,100 גרם,false,,8.10,0.1157,true,1,1577196
7290002253235,false,דורות רוטב פסטו 160ג,אסם,,דורות רוטב פסטו 160ג,גרמים,160.00,100 גרם,false,,9.30,0.0581,true,1,1566522
7290002253259,false,דורות רוטב עגבניות ב,אסם,,דורות רוטב עגבניות ב,גרמים,160.00,100 גרם,false,,10.20,0.0637,true,1,1577199
7290002253310,false,דורות שום צילי חריף,,,דורות שום צילי חריף,יח',1.00,יח',false,,11.00,11.0000,true,1,4747740
7290002253495,false,דורות תיבול לטחינה ב,,,דורות תיבול לטחינה ב,יח',1.00,יח',false,,8.90,8.9000,true,1,4747741
7290002259589,false,כפפות שני צבעים 6,שיוך למחסן 17,,כפפות שני צבעים 6,6 יח',1.00,6 יח',false,,8.40,8.4000,true,1,1571269
7290002259640,false,דיימונד רדיד אלומיני,ריינולדס,US,רדיד אלומיניום צר רוחב 30,אורך,7.62,אורך,false,,10.20,1.3386,true,1,1592196
7290002259657,false,דייאמונד רדיד אלומינ,ריינולדס,US,רדיד אלומיניום צר רוחב 30,אורך,22.86,אורך,false,,20.40,0.8924,true,1,1592197
7290002263562,false,מיץ לימון 200מל 99.9,,,מיץ לימון 200מל 99.9,מיליליטרים,200.00,"100 מ""ל",false,,5.70,0.0285,true,1,5234362
7290002263586,false,מיץ לימון 500מל 99.9,,,מיץ לימון 500מל 99.9,יח',1.00,יח',false,,9.30,9.3000,true,1,5234363
7290002269953,false,מסיר איפור 2 פאזות כ,,,מסיר איפור 2 פאזות כ,גרמים,200.00,100 גרם,false,,29.90,0.1495,true,1,3080733
7290002277248,false,מון בלאן זעתר,,,מון בלאן זעתר,גרמים,120.00,100 גרם,false,,7.60,0.0633,true,1,1581282
7290002281429,false,סטייק דג טונה אדומה,,,סטייק דג טונה אדומה,קילוגרמים,1.00,"ק""ג",true,,46.90,46.9000,true,1,4494237
7290002281436,false,סטייק דג טונה בהירה,,,סטייק דג טונה בהירה,קילוגרמים,1.00,"ק""ג",true,,38.40,38.4000,true,1,4607340
7290002281498,false,ריץ' מגורדת 500 ג,,,ריץ' מגורדת 500 ג,גרמים,500.00,100 גרם,false,,15.30,0.0306,true,1,4917046
7290002298571,false,אוסובוקו עם עצם פרוס,,,אוסובוקו עם עצם פרוס,קילוגרמים,1.00,"ק""ג",true,,57.20,57.2000,true,1,3060939
7290002319214,false,קוואקר מיה 200 גרם,מיה,,קוואקר מיה 200 גרם,גרמים,200.00,100 גרם,false,,2.10,0.0105,true,1,1580821
7290002319528,false,קמח מצה חמץ מיה 200,מיה,,קמח מצה חמץ מיה 200,גרמים,200.00,100 גרם,false,,2.40,0.0120,true,1,1580829
7290002329718,false,עוגת בטעם דבש 350 ג,,,עוגת בטעם דבש 350 ג,גרמים,350.00,100 גרם,false,,5.00,0.0143,true,1,1593377
7290002331018,false,מים מינרלים נביעות 5,נביעות,,מים מינרלים נביעות 5,מיליליטרים,500.00,"100 מ""ל",false,,2.60,0.0052,true,1,1570917
7290002331025,false,מים מינרלים נביעות ס,נביעות,,מים מינרלים נביעות ס,מיליליטרים,500.00,"100 מ""ל",false,,2.90,0.0058,true,1,1570918
7290002331094,false,מים מינרליים נביעות,נביעות,,מים מינרליים נביעות,מיליליטרים,755.00,"100 מ""ל",false,,3.00,0.0040,true,1,1570919
7290002331360,false,מים מינרלים נביעות 6,נביעות,,מים מינרלים נביעות 6,ליטרים,3.00,ליטר,false,,12.80,4.2667,true,1,1570928
7290002331421,false,מים מינרלים נביעות 6,נביעות,,מים מינרלים נביעות 6,ליטרים,4.53,ליטר,false,,14.70,3.2450,true,1,1570929
7290002331483,false,מים מינרלים נביעות 6,נביעות,,מים מינרלים נביעות 6,ליטרים,1.92,ליטר,false,,12.10,6.3021,true,1,1570930
7290002341123,false,שריר מס' 8 חלק,,,שריר מס' 8 חלק,קילוגרמים,1.00,"ק""ג",true,,31.50,31.5000,true,1,3568864
7290002341369,false,בשר מס' 4 צרכני,,,בשר מס' 4 צרכני,קילוגרמים,1.00,"ק""ג",true,,32.30,32.3000,true,1,3480191
7290002342038,false,מקרופייבר לניקוי זכו,,,מקרופייבר לניקוי זכו,יח',1.00,יח',false,,6.80,6.8000,true,1,5074806
7290002345022,false,אנטריקוט דקדק 250 גר,,,אנטריקוט דקדק 250 גר,גרמים,250.00,100 גרם,false,,13.60,0.0544,true,1,4943405
7290002345046,false,סטייק אנטירקוט קפוא,,,סטייק אנטירקוט קפוא,גרמים,300.00,100 גרם,false,,20.40,0.0680,true,1,3499045
7290002345077,false,שניצל בקר דקדק קפוא,,,שניצל בקר דקדק קפוא,גרמים,250.00,100 גרם,false,,12.70,0.0508,true,1,3802932
7290002345121,false,אסאדו דקדק 250 גר,,,אסאדו דקדק 250 גר,גרמים,250.00,100 גרם,false,,21.30,0.0852,true,1,5292420
7290002345152,false,לימון כבוש 250 גרם ר,,,לימון כבוש 250 גרם ר,גרמים,250.00,100 גרם,false,,11.00,0.0440,true,1,3380040
7290002345169,false,סחוג ירוק 250גר רמי,,,סחוג ירוק 250גר רמי,גרמים,250.00,100 גרם,false,,11.00,0.0440,true,1,3340619
7290002345176,false,סחוג אדום 250 גר רמי,,,סחוג אדום 250 גר רמי,גרמים,250.00,100 גרם,false,,11.00,0.0440,true,1,3257822
7290002345183,false,אריסה מתוקה 250 גר ר,,,אריסה מתוקה 250 גר ר,גרמים,250.00,100 גרם,false,,11.00,0.0440,true,1,3257823
7290002345190,false,אריסה חריפה 250 גר ר,,,אריסה חריפה 250 גר ר,גרמים,250.00,100 גרם,false,,11.00,0.0440,true,1,3257824
7290002345206,false,שום כתוש 250 גר רמי,,,שום כתוש 250 גר רמי,גרמים,250.00,100 גרם,false,,11.00,0.0440,true,1,3257825
7290002345213,false,פלפל צומה 250 גרם רמ,,,פלפל צומה 250 גרם רמ,גרמים,250.00,100 גרם,false,,11.00,0.0440,true,1,3380232
7290002345220,false,עמבה 250 גר רמי לוי,,,עמבה 250 גר רמי לוי,גרמים,250.00,100 גרם,false,,11.00,0.0440,true,1,3257826
7290002345244,false,ממרח שום 250גר רמי ל,,,ממרח שום 250גר רמי ל,גרמים,235.00,100 גרם,false,,11.00,0.0468,true,1,3257828
7290002345275,false,פילה דג סלמון מעושן,,,פילה דג סלמון מעושן,גרמים,100.00,100 גרם,false,,15.30,0.1530,true,1,3429497
7290002345435,false,פילה מרלוזה ארגנטינא,,,פילה מרלוזה ארגנטינא,קילוגרמים,1.00,"ק""ג",true,,23.00,23.0000,true,1,3677138
7290002349044,false,ספוג הקסם WOW רמילוי,,,ספוג הקסם WOW רמילוי,יח',1.00,יח',false,,7.60,7.6000,true,1,5226647
7290002349198,false,ספוג סאקי,,,ספוג סאקי,יח',1.00,יח',false,,10.20,10.2000,true,1,5301373
7290002349228,false,ספוג פלא עם שכבה ירו,,,ספוג פלא עם שכבה ירו,יח',1.00,יח',false,,7.10,7.1000,true,1,5265013
7290002349235,false,זוג מטליות אנטיבקטרי,,,זוג מטליות אנטיבקטרי,יח',1.00,יח',false,,5.90,5.9000,true,1,5271159
7290002349327,false,מטלית מיקרופייבר איד,,,מטלית מיקרופייבר איד,יח',1.00,יח',false,,8.40,8.4000,true,1,5319780
7290002349334,false,מטלית פרימיום לניקוי,,,מטלית פרימיום לניקוי,יח',1.00,יח',false,,10.20,10.2000,true,1,5325093
7290002349907,false,מטלית רצפה מיקרופייב,,,מטלית רצפה מיקרופייב,יח',1.00,יח',false,,7.60,7.6000,true,1,5390187
7290002353836,false,סרדינים בשמן זית רוב,ויליגר,,סרדינים בשמן זית רוב,גרמים,125.00,100 גרם,false,,6.80,0.0544,true,1,1581305
7290002360124,false,חליטת צמחים ורד הבר,פומפדור,,חליטת צמחים ורד הבר,גרמים,30.00,100 גרם,false,,10.20,0.3400,true,1,1574634
7290002360155,false,חליטת שומר פומפדור 2,פומפדור,,חליטת שומר פומפדור 2,גרמים,40.00,100 גרם,false,,10.20,0.2550,true,1,1574635
7290002360278,false,חליטת מנטה פומפדור 2,פומפדור,,חליטת מנטה פומפדור 2,גרמים,45.00,100 גרם,false,,10.20,0.2267,true,1,1574637
7290002360285,false,חליטת קמומיל פומפדור,פומפדור,,חליטת קמומיל פומפדור,גרמים,30.00,100 גרם,false,,10.20,0.3400,true,1,1574638
7290002370253,false,גבינת גורגונזולה אי,,,גבינת גורגונזולה אי,קילוגרמים,1.00,"ק""ג",true,,101.70,101.7000,true,1,4173577
7290002370475,false,גבינה דנבלו בשלה עם,,,גבינה דנבלו בשלה עם,קילוגרמים,1.00,"ק""ג",true,,80.30,80.3000,true,1,5246107
7290002370789,false,גבינת כבשים פטריות כ,,,גבינת כבשים פטריות כ,קילוגרמים,1.00,"ק""ג",true,,128.20,128.2000,true,1,5336073
7290002370796,false,גבינת כבשים בציפוי ר,,,גבינת כבשים בציפוי ר,קילוגרמים,1.00,"ק""ג",true,,136.80,136.8000,true,1,5336074
7290002371533,false,סלסולי פסטרמה דבש,טירת צבי,,סלסולי פסטרמה דבש,גרמים,120.00,100 גרם,false,,11.90,0.0992,true,1,1572531
7290002371540,false,קורנדביף 120 גר,טירת צבי,,קורנדביף 120 גר,גרמים,120.00,100 גרם,false,,11.90,0.0992,true,1,1572532
7290002371854,false,נקניקיות עוף חריפות,טירת צבי,,נקניקיות עוף חריפות,100 לקג,1.00,100 לקג,false,,19.60,19.6000,true,1,1572534
7290002371939,false,סרוולד צרפתי מ.ק. 12,טירת צבי,,סרוולד צרפתי מ.ק. 12,גרמים,120.00,100 גרם,false,,20.40,0.1700,true,1,1572535
7290002374640,false,שמן קנולה פלוס אומגה,שמן תעשיות,,שמן קנולה פלוס אומגה,ליטרים,1.00,ליטר,false,,14.10,14.1000,true,1,1581727
7290002385738,false,מנצ'גו משולש,,,מנצ'גו משולש,קילוגרמים,1.00,"ק""ג",true,,114.50,114.5000,true,1,1578178
7290002385745,false,פקורינו משולש,,,פקורינו משולש,קילוגרמים,1.00,"ק""ג",true,,115.40,115.4000,true,1,1578179
7290002395409,false,ג. צהובה 28% נעם,החברה המרכזית,,ג. צהובה 28% נעם,קילוגרמים,1.00,"ק""ג",true,,38.20,38.2000,true,1,1570264
7290002395423,false,ג.צהובה 22% נעם,החברה המרכזית,,ג.צהובה 22% נעם,קילוגרמים,1.00,"ק""ג",true,,36.30,36.3000,true,1,1570266
7290002402855,false,נקניקיות קוקטייל 400,עוף ירושלים מהדרין,,נקניקיות קוקטייל 400,גרמים,400.00,100 גרם,false,,8.50,0.0213,true,1,1589216
7290002402978,false,צוואר כבש לתנור קפוא,,,צוואר כבש לתנור קפוא,קילוגרמים,1.00,"ק""ג",true,,61.50,61.5000,true,1,4618794
7290002404620,false,היוצר וירטואוזו מרלו,יקבי ארזה,,היוצר וירטואוזו מרלו,מיליליטרים,750.00,"100 מ""ל",false,,38.40,0.0512,true,1,1593430
7290002404637,false,היוצר וירטואוזו שירז,יקבי ארזה,,היוצר וירטואוזו שירז,מיליליטרים,750.00,"100 מ""ל",false,,38.40,0.0512,true,1,1593431
7290002404828,false,מיץ ענבים תירוש יקב,יקבי ארזה,,מיץ ענבים תירוש יקב,ליטרים,1.00,ליטר,false,,13.60,13.6000,true,1,1593434
7290002404958,false,גנוסר יין אדום מתוק,יקבי ארזה,,גנוסר יין אדום מתוק,ליטרים,1.00,ליטר,false,,12.80,12.8000,true,1,1593443
7290002404965,false,מוריה יין אדום מתוק,יקבי ארזה,,מוריה יין אדום מתוק,מיליליטרים,750.00,"100 מ""ל",false,,13.80,0.0184,true,1,1593444
7290002410072,false,"חמסי בצק עלים 1 ק""ג",,,"חמסי בצק עלים 1 ק""ג",גרמים,1000.00,100 גרם,false,,13.60,0.0136,true,1,2865389
7290002410874,false,רבעי פרגיות ממולאות,,,רבעי פרגיות ממולאות,קילוגרמים,1.00,"ק""ג",true,,42.60,42.6000,true,1,1608804
7290002420927,false,נקניקיות קראנץ 1קג ר,,,נקניקיות קראנץ 1קג ר,100 קילו,1.00,100 קילו,false,,23.00,23.0000,true,1,3027473
7290002420934,false,נקניקיות עוף 400 גר,,,נקניקיות עוף 400 גר,גרמים,400.00,100 גרם,false,,9.30,0.0233,true,1,3027474
7290002420941,false,סטייק אנטירקוט פרוס,,,סטייק אנטירקוט פרוס,קילוגרמים,1.00,"ק""ג",true,,85.40,85.4000,true,1,2405425
7290002439981,false,קלאסיקו קבב בקר אל ג,טיבון וייל,IL,קלאסיקו קבב בקר אל ג,גרמים,400.00,100 גרם,false,,20.40,0.0510,true,1,1581316
7290002439998,false,קלאסיקו קבב בקר כבש,טיבון וייל,IL,קלאסיקו קבב בקר כבש,גרמים,400.00,100 גרם,false,,20.40,0.0510,true,1,1581317
7290002447269,false,לב עגל טרי,,,לב עגל טרי,קילוגרמים,1.00,"ק""ג",true,,21.20,21.2000,true,1,5192822
7290002447504,false,לשון עגל טרי,,,לשון עגל טרי,קילוגרמים,1.00,"ק""ג",true,,46.90,46.9000,true,1,5192825
7290002453383,false,מרגז טלה 500 גר,,,מרגז טלה 500 גר,גרמים,500.00,100 גרם,false,,21.30,0.0426,true,1,5318229
7290002453529,false,אנטריקוט בורגר 400גר,,,אנטריקוט בורגר 400גר,גרמים,400.00,100 גרם,false,,18.60,0.0465,true,1,5318198
7290002453697,false,קבב אנטריקוט קצבים ע,,,קבב אנטריקוט קצבים ע,גרמים,400.00,100 גרם,false,,18.60,0.0465,true,1,5318199
7290002453802,false,קבב אסא וואקום,זהר בשר,,קבב אסא וואקום,קילוגרמים,1.00,"ק""ג",true,,25.60,25.6000,true,1,1571767
7290002478157,false,רבעי פרגיות ממולאות,,,רבעי פרגיות ממולאות,קילוגרמים,1.00,"ק""ג",true,,42.60,42.6000,true,1,4628907
7290002479505,false,דבש טהור עמק חפר 500,עמק חפר,,דבש טהור עמק חפר 500,גרמים,500.00,100 גרם,false,,18.70,0.0374,true,1,1571309
7290002487364,false,בורקס פילו גבינה זית,נטו מלינדה,,בורקס פילו גבינה זית,גרמים,700.00,100 גרם,false,,15.30,0.0219,true,1,1566648
7290002488057,false,תמר מגהול פרימיום 2,,,תמר מגהול פרימיום 2,יח',1.00,יח',false,,44.90,44.9000,true,1,5246042
7290002507277,false,קציצות דג דלידג 700,,,קציצות דג דלידג 700,גרמים,700.00,100 גרם,false,,21.30,0.0304,true,1,2974186
7290002507284,false,שניצל דג מצופה 700 ג,,,שניצל דג מצופה 700 ג,גרמים,700.00,100 גרם,false,,21.30,0.0304,true,1,3128339
7290002507451,false,קציצות דג סלמון 750,,,קציצות דג סלמון 750,גרמים,750.00,100 גרם,false,,21.30,0.0284,true,1,2704885
7290002507604,false,פיצת השף שגב 320 ג,,,פיצת השף שגב 320 ג,גרמים,320.00,100 גרם,false,,13.50,0.0422,true,1,2622329
7290002511137,false,פטה עיזים 18%,מחלבת המושבה,IL,פטה עיזים 18%,קילוגרמים,1.00,"ק""ג",true,,84.60,84.6000,true,1,1607615
7290002511243,false,בולגרית מסורתית 16%,,,בולגרית מסורתית 16%,קילוגרמים,1.00,"ק""ג",true,,36.80,36.8000,true,1,1607619
7290002511250,false,שמנת שום שמיר 30%,,,שמנת שום שמיר 30%,קילוגרמים,1.00,"ק""ג",true,,32.50,32.5000,true,1,1607620
7290002511274,false,שמנת זיתים 30%,,,שמנת זיתים 30%,קילוגרמים,1.00,"ק""ג",true,,32.50,32.5000,true,1,1607622
7290002511281,false,ברינזה צאן 16%,מחלבת המושבה,IL,ברינזה צאן 16%,קילוגרמים,1.00,"ק""ג",true,,57.30,57.3000,true,1,1607623
7290002511311,false,גבינת פיקורינו כבשים,,,גבינת פיקורינו כבשים,קילוגרמים,1.00,"ק""ג",true,,102.60,102.6000,true,1,4367572
7290002511328,false,גבינת קצ'קבל כבשים מ,,,גבינת קצ'קבל כבשים מ,קילוגרמים,1.00,"ק""ג",true,,102.60,102.6000,true,1,4367573
7290002511397,false,ברי בקר המושבה,,,ברי בקר המושבה,קילוגרמים,1.00,"ק""ג",true,,67.50,67.5000,true,1,3157135
7290002511434,false,אצבעות שוקולד צימוקי,מחלבת המושבה,IL,אצבעות שוקולד צימוקי,קילוגרמים,1.00,"ק""ג",true,,50.40,50.4000,true,1,2263899
7290002512004,false,מלווח צנעני 900 ג,קניה חכמה,,מלווח צנעני 900 ג,גרמים,900.00,100 גרם,false,,17.00,0.0189,true,1,1600981
7290002512011,false,גחנון צנעני 900 ג,צנעני,,גחנון צנעני 900 ג,גרמים,900.00,100 גרם,false,,17.00,0.0189,true,1,1600982
7290002512035,false,בצק עלים 1קג,קניה חכמה,,בצק עלים 1קג,יח',1.00,יח',false,,10.00,10.0000,true,1,1600983
7290002512066,false,ג'חנון אפוי 650גר צנ,,,ג'חנון אפוי 650גר צנ,גרמים,650.00,100 גרם,false,,17.00,0.0262,true,1,5299347
7290002515371,false,קמיל בלו אל סבון לתי,"ד""ר פישר",IL,קמיל בלו קלאסיק ליטר,ליטרים,1.00,ליטר,false,,21.80,21.8000,true,1,1598836
7290002519416,false,כבד בקר לצלייה בלבד,,,כבד בקר לצלייה בלבד,קילוגרמים,1.00,"ק""ג",true,,34.10,34.1000,true,1,5192831
7290002519508,false,לשון עגל טרי א,,,לשון עגל טרי א,קילוגרמים,1.00,"ק""ג",true,,51.20,51.2000,true,1,5192833
7290002543046,false,דגני בוקר קלוגס פרוס,חברת קלוגס גרמניה,DE,קלוגס פרוסטיס 750 ג',גרמים,750.00,100 גרם,false,,12.70,0.0169,true,1,1584192
7290002543237,false,דגני בוקר קלוגס קורנ,חברת קלוגס גרמניה,DE,קלוגס קורנפלקס 750 ג',גרמים,750.00,100 גרם,false,,11.90,0.0159,true,1,1584198
7290002596448,false,חזה בקר כבוש קורנדבי,,,חזה בקר כבוש קורנדבי,קילוגרמים,1.00,"ק""ג",true,,34.00,34.0000,true,1,1644929
7290002596455,false,"המבורגר שקית 2 ק""ג",,,"המבורגר שקית 2 ק""ג",גרמים,2000.00,100 גרם,false,,46.90,0.0234,true,1,2865294
7290002596523,false,סטייק אנטריקוט משובח,,,סטייק אנטריקוט משובח,קילוגרמים,1.00,"ק""ג",true,,67.40,67.4000,true,1,2865286
7290002603474,false,פיצת השף מאיטליה שגב,,,פיצת השף מאיטליה שגב,גרמים,220.00,100 גרם,false,,11.00,0.0500,true,1,3369929
7290002603498,false,פיצת השף מאיטליה שגב,,,פיצת השף מאיטליה שגב,גרמים,220.00,100 גרם,false,,11.00,0.0500,true,1,3369931
7290002603504,false,פיצת השף מאיטליה שגב,,,פיצת השף מאיטליה שגב,גרמים,220.00,100 גרם,false,,11.00,0.0500,true,1,3369950
7290002603535,false,בסגנון פטה רמי לוי,,,בסגנון פטה רמי לוי,קילוגרמים,1.00,"ק""ג",true,,25.60,25.6000,true,1,4290737
7290002603764,false,כיסוני תפוא 600 גר ר,,,כיסוני תפוא 600 גר ר,גרמים,600.00,100 גרם,false,,8.50,0.0142,true,1,3257928
7290002603771,false,פלמני כיסוני בשר 600,,,פלמני כיסוני בשר 600,גרמים,600.00,100 גרם,false,,8.50,0.0142,true,1,3257929
7290002603788,false,קובה חמוסטה 600 גר ר,,,קובה חמוסטה 600 גר ר,גרמים,600.00,100 גרם,false,,8.50,0.0142,true,1,3257930
7290002603801,false,קובה למרק 600 גר רמי,,,קובה למרק 600 גר רמי,גרמים,600.00,100 גרם,false,,8.50,0.0142,true,1,3257931
7290002603863,false,אמפנדס בשר 600 גר רמ,,,אמפנדס בשר 600 גר רמ,גרמים,600.00,100 גרם,false,,8.50,0.0142,true,1,3257896
7290002603887,false,קובה מטוגן 600 גר רמ,,,קובה מטוגן 600 גר רמ,גרמים,600.00,100 גרם,false,,8.50,0.0142,true,1,3257898
7290002603900,false,פלאפל 500 גר רמי לוי,,,פלאפל 500 גר רמי לוי,גרמים,600.00,100 גרם,false,,8.50,0.0142,true,1,3257873
7290002603917,false,מאפה עלים למילוי 500,,,מאפה עלים למילוי 500,גרמים,500.00,100 גרם,false,,8.50,0.0170,true,1,3257874
7290002603931,false,מאפה פסטל בשר 600 גר,,,מאפה פסטל בשר 600 גר,גרמים,600.00,100 גרם,false,,8.50,0.0142,true,1,3257876
7290002603948,false,"מאפה פסטל תפו""א 600",,,"מאפה פסטל תפו""א 600",גרמים,600.00,100 גרם,false,,8.50,0.0142,true,1,3257877
7290002603955,false,מאפה סיגר בשר 600 גר,,,מאפה סיגר בשר 600 גר,גרמים,600.00,100 גרם,false,,8.50,0.0142,true,1,3257878
7290002603962,false,"מאפה סיגר תפו""א 600",,,"מאפה סיגר תפו""א 600",גרמים,600.00,100 גרם,false,,8.50,0.0142,true,1,3257858
7290002603979,false,פיצה איטלקית 320גר ר,,,פיצה איטלקית 320גר ר,גרמים,350.00,100 גרם,false,,10.20,0.0291,true,1,3257934
7290002603986,false,פיצה מרגריטה זוג 640,,,פיצה מרגריטה זוג 640,גרמים,640.00,100 גרם,false,,17.90,0.0280,true,1,3354775
7290002603993,false,פיצה מרגריטה זיתים 3,,,פיצה מרגריטה זיתים 3,גרמים,350.00,100 גרם,false,,11.00,0.0314,true,1,3257950
7290002608028,false,פרצל באן,,,פרצל באן,יח',1.00,יח',false,,3.70,3.7000,true,1,3760858
7290002608370,false,רבע באגט,,,רבע באגט,יח',1.00,יח',false,,1.50,1.5000,true,1,2420380
7290002608417,false,חצי בגט,,,חצי בגט,יח',1.00,יח',false,,2.70,2.7000,true,1,2420352
7290002608509,false,לחם מחמצת זיתי קלמטה,,,לחם מחמצת זיתי קלמטה,גרמים,530.00,100 גרם,false,,14.40,0.0272,true,1,3545050
7290002608516,false,לחם מחמצת מקמח מלא,,,לחם מחמצת מקמח מלא,יח',1.00,יח',false,,14.40,14.4000,true,1,3545051
7290002608547,false,לחם מחמצת שיפון כהה,,,לחם מחמצת שיפון כהה,יח',1.00,יח',false,,14.40,14.4000,true,1,3545053
7290002608769,false,לחם מחמצת טוסקני דגנ,,,לחם מחמצת טוסקני דגנ,יח',1.00,יח',false,,14.40,14.4000,true,1,3545054
7290002608899,false,מארז מינגלך שוקולד,,,מארז מינגלך שוקולד,יח',1.00,יח',false,,17.00,17.0000,true,1,5353485
7290002610168,false,עוף מס' 2 קפוא חתם ס,,,עוף מס' 2 קפוא חתם ס,קילוגרמים,1.00,"ק""ג",true,,17.90,17.9000,true,1,3174215
7290002610175,false,כרעיים עוף ארוז קפוא,,,כרעיים עוף ארוז קפוא,קילוגרמים,1.00,"ק""ג",true,,22.10,22.1000,true,1,3174216
7290002610182,false,חזה עוף ארוז קפוא חת,,,חזה עוף ארוז קפוא חת,קילוגרמים,1.00,"ק""ג",true,,24.70,24.7000,true,1,3174217
7290002610205,false,שוקיים עוף ארוז קפוא,,,שוקיים עוף ארוז קפוא,קילוגרמים,1.00,"ק""ג",true,,23.00,23.0000,true,1,3174219
7290002610236,false,שניצל עוף פרוס ארוז,,,שניצל עוף פרוס ארוז,קילוגרמים,1.00,"ק""ג",true,,25.60,25.6000,true,1,3174222
7290002610267,false,לבבות עוף ארוז קפוא,,,לבבות עוף ארוז קפוא,קילוגרמים,1.00,"ק""ג",true,,22.10,22.1000,true,1,3174225
7290002610830,false,שיפודי פרגיות ארוז,,,שיפודי פרגיות ארוז,קילוגרמים,1.00,"ק""ג",true,,52.90,52.9000,true,1,4553475
7290002610847,false,פילה עוף קפוא חתם סו,,,פילה עוף קפוא חתם סו,קילוגרמים,1.00,"ק""ג",true,,25.60,25.6000,true,1,5429877
7290002618485,false,שניצל דג שומשום 700,קניה חכמה,,שניצל דג שומשום 700,גרמים,700.00,100 גרם,false,,25.60,0.0366,true,1,1600991
7290002618690,false,קציצות דג 700 ג,קניה חכמה,,קציצות דג 700 ג,גרמים,700.00,100 גרם,false,,25.60,0.0366,true,1,1600992
7290002623427,false,גבינת בלו עדין,,,גבינת בלו עדין,קילוגרמים,1.00,"ק""ג",true,,127.40,127.4000,true,1,1594242
7290002627098,false,פיצה ביס 350ג שלושת,,,פיצה ביס 350ג שלושת,גרמים,350.00,100 גרם,false,,12.70,0.0363,true,1,5332471
7290002627128,false,פיצה איטלקית פסטו 32,,,פיצה איטלקית פסטו 32,גרמים,325.00,100 גרם,false,,11.90,0.0366,true,1,5175514
7290002627135,false,פיצה איטלקית ד.גבינה,,,פיצה איטלקית ד.גבינה,גרמים,340.00,100 גרם,false,,10.20,0.0300,true,1,5175515
7290002627968,false,קלצ'ונה 2יח במארז,,,קלצ'ונה 2יח במארז,יח',1.00,יח',false,,18.70,18.7000,true,1,5260169
7290002627975,false,פיצה עבה,,,פיצה עבה,גרמים,425.00,100 גרם,false,,12.70,0.0299,true,1,5260170
7290002651116,false,"ג'חנון חמסי 1 ק""ג",חמסי,,"ג'חנון חמסי 1 ק""ג",גרמים,1000.00,100 גרם,false,,13.60,0.0136,true,1,1608805
7290002651123,false,"מלוואח חמסי 1 ק""ג",חמסי,,"מלוואח חמסי 1 ק""ג",גרמים,1000.00,100 גרם,false,,13.60,0.0136,true,1,1608806
7290002651253,false,גחנון אפוי 600 גרם,עת רן,,גחנון אפוי 600 גרם,גרמים,600.00,100 גרם,false,,13.50,0.0225,true,1,5402665
7290002657866,false,פילה אמנון בדץ,נטו מלינדה,,פילה אמנון בדץ,קילוגרמים,1.00,"ק""ג",true,,24.90,24.9000,true,1,1599364
7290002661115,false,"לחם הולנדי 1 ק""ג בר",,,"לחם הולנדי 1 ק""ג בר",קילוגרמים,1.20,"ק""ג",false,,13.00,10.8333,true,1,4302011
7290002661153,false,לחם דני קל 1 קג,,,לחם דני קל 1 קג,גרמים,1.00,100 גרם,false,,13.60,13.6000,true,1,4302012
7290002679042,false,שוק הודו טרי,,,שוק הודו טרי,קילוגרמים,1.00,"ק""ג",true,,20.40,20.4000,true,1,4380106
7290002679066,false,שווארמה הודו נקבה טר,,,שווארמה הודו נקבה טר,קילוגרמים,1.00,"ק""ג",true,,51.20,51.2000,true,1,4380108
7290002679073,false,כנף הודו טרי,,,כנף הודו טרי,קילוגרמים,1.00,"ק""ג",true,,17.00,17.0000,true,1,4380109
7290002679080,false,גרון הודו טרי,,,גרון הודו טרי,קילוגרמים,1.00,"ק""ג",true,,23.80,23.8000,true,1,4380110
7290002679097,false,חזה חצוי הודו טרי,,,חזה חצוי הודו טרי,קילוגרמים,1.00,"ק""ג",true,,25.60,25.6000,true,1,4380111
7290002679547,false,קורקבן הודו טרי,,,קורקבן הודו טרי,קילוגרמים,1.00,"ק""ג",true,,11.00,11.0000,true,1,4380114
7290002680383,false,לב עוף טרי,,,לב עוף טרי,קילוגרמים,1.00,"ק""ג",true,,23.80,23.8000,true,1,4380066
7290002680413,false,כבד עוף טרי לצלייה ב,,,כבד עוף טרי לצלייה ב,קילוגרמים,1.00,"ק""ג",true,,19.50,19.5000,true,1,4380067
7290002680420,false,קורקבן עוף טרי,,,קורקבן עוף טרי,קילוגרמים,1.00,"ק""ג",true,,9.30,9.3000,true,1,4380139
7290002681472,false,טחול עוף טרי,,,טחול עוף טרי,קילוגרמים,1.00,"ק""ג",true,,46.90,46.9000,true,1,4380071
7290002681533,false,חזה טרי מחפוד,,,חזה טרי מחפוד,קילוגרמים,1.00,"ק""ג",true,,28.10,28.1000,true,1,4462788
7290002681540,false,כרעיים טרי מחפוד,,,כרעיים טרי מחפוד,קילוגרמים,1.00,"ק""ג",true,,28.10,28.1000,true,1,4462789
7290002681564,false,שוקיים עוף טרי מחפוד,,,שוקיים עוף טרי מחפוד,קילוגרמים,1.00,"ק""ג",true,,29.00,29.0000,true,1,4462791
7290002681601,false,כנפיים טרי מחפוד,,,כנפיים טרי מחפוד,קילוגרמים,1.00,"ק""ג",true,,12.70,12.7000,true,1,4462795
7290002692393,false,שמן קנולה מזוכך מועש,עץ הזית,,שמן קנולה מזוכך מועש,ליטרים,1.00,ליטר,false,,12.60,12.6000,true,1,1581728
7290002692478,false,שמן זית כתית מעולה מ,עץ הזית,,שמן זית כתית מעולה מ,מיליליטרים,750.00,"100 מ""ל",false,,28.00,0.0373,true,1,1581731
7290002692768,false,תרסיס שמן קנולה עץ ה,,,תרסיס שמן קנולה עץ ה,מיליליטרים,200.00,"100 מ""ל",false,,13.40,0.0670,true,1,1566658
7290002692775,false,תרסיס שמן חמאה עץ הז,עץ הזית,,תרסיס שמן חמאה עץ הז,מיליליטרים,200.00,"100 מ""ל",false,,13.40,0.0670,true,1,4460692
7290002692782,false,תרסיס שמן זית עץ הזי,עץ הזית,,תרסיס שמן זית עץ הזי,מיליליטרים,148.00,"100 מ""ל",false,,13.40,0.0905,true,1,1581735
7290002706960,false,פילה בינתן 400 גר,נטו מלינדה,,פילה בינתן 400 גר,גרמים,400.00,100 גרם,false,,18.70,0.0467,true,1,1599441
7290002715504,false,ארוחת נודלס בטעם עוף,נטו,,ארוחת נודלס בטעם עוף,גרמים,70.00,100 גרם,false,,3.80,0.0543,true,1,1581334
7290002715511,false,ארוחת נודלס בטעם בשר,נטו,,ארוחת נודלס בטעם בשר,גרמים,70.00,100 גרם,false,,3.80,0.0543,true,1,1581335
7290002715528,false,ארוחת נודלס בטעם ירק,נטו,,ארוחת נודלס בטעם ירק,גרמים,70.00,100 גרם,false,,3.80,0.0543,true,1,1581336
7290002715580,false,ארוחת נודלס בטעם סינ,נטו,,ארוחת נודלס בטעם סינ,גרמים,70.00,100 גרם,false,,3.80,0.0543,true,1,1581338
7290002730262,false,נוזל לניקוי כלים קלא,פלמוליב,,נוזל לניקוי כלים קלא,מיליליטרים,750.00,"100 מ""ל",false,,10.20,0.0136,true,1,1574644
7290002730521,false,צמרוני אוזניים בלונס,בלונס,,צמרוני אוזניים בלונס,יח',200.00,יח',false,,5.00,0.0250,true,1,1574647
7290002730538,false,פדיות להסרת איפור בל,בלונס,,פדיות להסרת איפור בל,יח',80.00,יח',false,,6.80,0.0850,true,1,1574648
7290002730675,false,משחת שיניים קולגייט,קולגייט,,משחת שיניים קולגייט,מיליליטרים,100.00,"100 מ""ל",false,,9.30,0.0930,true,1,1574650
7290002730811,false,משחת שיניים ג'ל פסים,קולגייט,,משחת שיניים ג'ל פסים,100 מל,100.00,100 מל,false,,10.20,0.1020,true,1,1574651
7290002730903,false,סבון מוצק ורדים פלמו,פלמוליב,,סבון מוצק ורדים פלמו,גרמים,500.00,100 גרם,false,,14.40,0.0288,true,1,1574652
7290002730941,false,צמר גפן פרוס בלונס 1,בלונס,,צמר גפן פרוס בלונס 1,גרמים,100.00,100 גרם,false,,5.00,0.0500,true,1,1574655
7290002730958,false,סבון מוצק בניחוח זית,פלמוליב,,סבון מוצק בניחוח זית,גרמים,400.00,100 גרם,false,,14.40,0.0360,true,1,1574656
7290002735007,false,בצק עלים מרודד ינון,קפוא-זן,,בצק עלים מרודד ינון,גרמים,1000.00,100 גרם,false,,11.90,0.0119,true,1,1570237
7290002735014,false,מלוואח ינון 800 גרם,קפוא-זן,,מלוואח ינון 800 גרם,גרמים,800.00,100 גרם,false,,11.00,0.0138,true,1,1570238
7290002735021,false,ג'חנון ינון 750 גרם,קפוא-זן,,ג'חנון ינון 750 גרם,גרמים,750.00,100 גרם,false,,11.00,0.0147,true,1,1570239
7290002735274,false,ג'חנון אפוי ינון 600,קפוא-זן,,ג'חנון אפוי ינון 600,גרמים,600.00,100 גרם,false,,14.10,0.0235,true,1,1570244
7290002735809,false,בצק עלים רמי לוי 1קג,ינון,IL,בצק עלים רמי לוי 1קג,גרמים,1000.00,100 גרם,false,,10.20,0.0102,true,1,1606735
7290002735816,false,גחנון רמי לוי 750 גר,ינון,IL,גחנון רמי לוי 750 גר,גרמים,750.00,100 גרם,false,,10.20,0.0136,true,1,1606736
7290002735823,false,מלווח רמי לוי 700 גר,ינון,IL,מלווח רמי לוי 700 גר,גרמים,700.00,100 גרם,false,,10.20,0.0146,true,1,1606737
7290002735830,false,בורקס תפוא רמי לוי 8,ינון,IL,בורקס תפוא רמי לוי 8,גרמים,800.00,100 גרם,false,,9.30,0.0116,true,1,1606738
7290002735847,false,בורקס גבינה רמי לוי,ינון,IL,בורקס גבינה רמי לוי,גרמים,800.00,100 גרם,false,,11.00,0.0138,true,1,1606739
7290002735854,false,גחנון אפוי רמי לוי 6,ינון,IL,גחנון אפוי רמי לוי 6,גרמים,600.00,100 גרם,false,,10.20,0.0170,true,1,1606740
7290002735960,false,פילאס טורקי 600ג רמי,,,פילאס טורקי 600ג רמי,מיליליטרים,600.00,"100 מ""ל",false,,12.70,0.0212,true,1,5243796
7290002748250,false,חזה עוף ארוז קפוא שק,עוף ירושלים,,חזה עוף ארוז קפוא שק,קילוגרמים,1.00,"ק""ג",true,,23.00,23.0000,true,1,1589073
7290002748274,false,כנפיים עוף ארוז קפוא,עוף ירושלים,,כנפיים עוף ארוז קפוא,קילוגרמים,1.00,"ק""ג",true,,7.60,7.6000,true,1,1589074
7290002748328,false,כבד עוף ארוז קפוא שק,עוף ירושלים,,כבד עוף ארוז קפוא שק,קילוגרמים,1.00,"ק""ג",true,,15.30,15.3000,true,1,1589078
7290002750147,false,לחמניית קוראסול דגני,פילסברי,,לחמניית קוראסול דגני,יח',1.00,יח',false,,3.70,3.7000,true,1,1570615
7290002750154,false,מארז6 לחמניית יאמי,,,מארז6 לחמניית יאמי,יח',1.00,יח',false,,11.00,11.0000,true,1,2420382
7290002750291,false,פילו אגוזים,,,פילו אגוזים,קילוגרמים,1.00,"ק""ג",true,,40.20,40.2000,true,1,2335565
7290002750338,false,לחם עגבניות מיובשות,פילסברי,,לחם עגבניות מיובשות,יח',1.00,יח',false,,14.40,14.4000,true,1,2038525
7290002750383,false,לחם מחמצת טוסקני כפר,,,לחם מחמצת טוסקני כפר,יח',1.00,יח',false,,14.40,14.4000,true,1,5318458
7290002750420,false,פיתה מקמח מלא חמישיי,פילסברי,,פיתה מקמח מלא חמישיי,יח',1.00,יח',false,,8.50,8.5000,true,1,1570742
7290002750727,false,פילו תרד,,,פילו תרד,קילוגרמים,1.00,"ק""ג",true,,40.20,40.2000,true,1,2335567
7290002750963,false,באגט רוסטיק,פילסברי,,באגט רוסטיק,יח',1.00,יח',false,,6.80,6.8000,true,1,1570746
7290002750987,false,חלה רגילה קלועה פילס,,,חלה רגילה קלועה פילס,יח',1.00,יח',false,,10.60,10.6000,true,1,2335478
7290002752332,false,סוכריות בטעם פירות מ,מנטוס,,סוכריות בטעם פירות מ,גרמים,37.50,100 גרם,false,,2.50,0.0667,true,1,1584728
7290002752349,false,סוכריות מנטה מנטוס 3,מנטוס,,סוכריות מנטה מנטוס 3,גרמים,37.50,100 גרם,false,,2.50,0.0667,true,1,1584729
7290002752493,false,טיק טק מנטה רביעייה,טיק טק,,טיק טק מנטה רביעייה,גרמים,64.00,100 גרם,false,,8.50,0.1328,true,1,1608680
7290002753223,false,טיק טק תפוז רביעייה,טיק טק,,טיק טק תפוז רביעייה,גרמים,64.00,100 גרם,false,,8.50,0.1328,true,1,1608681
7290002753995,false,סוכריות עדשים לקישוט,ליימן-שליסל,,סוכריות עדשים לקישוט,גרמים,150.00,100 גרם,false,,13.60,0.0907,true,1,1584731
7290002757511,false,קציצות דג לבישול דלי,דלידג,,קציצות דג לבישול דלי,גרמים,750.00,100 גרם,false,,21.30,0.0284,true,1,1581342
7290002757665,false,קבב מזרחי 400 גרם,טיבון ויל,,קבב מזרחי 400 גרם,גרמים,400.00,100 גרם,false,,8.50,0.0213,true,1,1581346
7290002757672,false,המבורגר 400 גרם,טיבון ויל,,המבורגר 400 גרם,גרמים,400.00,100 גרם,false,,8.50,0.0213,true,1,1581347
7290002768036,false,מי פה למניעת עששת תי,תיאדנט,,מי פה למניעת עששת תי,מיליליטרים,150.00,"100 מ""ל",false,,12.50,0.0833,true,1,1579776
7290002768159,false,קצף אמבט בת אורן קרל,בת אורן,,קצף אמבט בת אורן קרל,מיליליטרים,500.00,"100 מ""ל",false,,15.30,0.0306,true,1,1579779
7290002771128,false,קפה אל נחלה 250 גרם,קפה אל נחלה,,קפה אל נחלה 250 גרם,גרמים,250.00,100 גרם,false,,13.60,0.0544,true,1,1592902
7290002782131,false,דאודורנט ספריי מס' 1,פנינה רוזנבלום,,דאודורנט ספריי מס' 1,מיליליטרים,150.00,"100 מ""ל",false,,20.40,0.1360,true,1,1587829
7290002782735,false,דאודורנט ספריי לגבר,פנינה רוזנבלום,,דאודורנט ספריי לגבר,מיליליטרים,180.00,"100 מ""ל",false,,12.70,0.0706,true,1,1587830
7290002782742,false,דאודורנט ספריי לנשים,פנינה רוזנבלום,,דאודורנט ספריי לנשים,מיליליטרים,150.00,"100 מ""ל",false,,12.70,0.0847,true,1,1587831
7290002782759,false,קרם גוף מס' 2 פנינה,פנינה רוזנבלום,,קרם גוף מס' 2 פנינה,מיליליטרים,340.00,"100 מ""ל",false,,17.00,0.0500,true,1,1587828
7290002793311,false,מילוי גז למיכל סודה,סודה סטרים,,מילוי גז למיכל סודה,יח',1.00,יח',false,,41.80,41.8000,true,1,1583258
7290002800361,false,המבורגר ואקום 500 גר,,,המבורגר ואקום 500 גר,גרמים,500.00,100 גרם,false,,19.60,0.0392,true,1,2865295
7290002805151,false,פנטסטיק רצפות סחלבים,סיף,,פנטסטיק רצפות סחלבים,ליטרים,4.00,ליטר,false,,14.40,3.6000,true,1,1578930
7290002814054,false,אנטרטיק במתז 1 ליטר,,,אנטרטיק במתז 1 ליטר,יח',1.00,יח',false,,8.50,8.5000,true,1,4625274
7290002814078,false,מבריק ומחטא אנטרטיק,סנט מוריץ,,מבריק ומחטא אנטרטיק,ליטרים,1.00,ליטר,false,,4.20,4.2000,true,1,1587634
7290002814290,false,קצף מרוכז אקונומיקה,,,קצף מרוכז אקונומיקה,יח',1.00,יח',false,,8.50,8.5000,true,1,5249160
7290002814368,false,מסיר שומנים קר מתז 8,,,מסיר שומנים קר מתז 8,מיליליטרים,800.00,"100 מ""ל",false,,11.90,0.0149,true,1,5274078
7290002814498,false,נוזל לניקוי כללי תוס,,,נוזל לניקוי כללי תוס,מיליליטרים,750.00,"100 מ""ל",false,,6.80,0.0091,true,1,5274079
7290002814528,false,סנט מוריץ מס' 1 לאסל,סנט מוריץ,,סנט מוריץ מס' 1 לאסל,ליטרים,1.00,ליטר,false,,4.20,4.2000,true,1,1587648
7290002814597,false,סנט מוריץ טורנדו נוז,,,סנט מוריץ טורנדו נוז,מטרים,1000.00,100 מ'ל,false,,12.70,0.0127,true,1,2087123
7290002814610,false,סנט מוריץ מסיר שומני,,,סנט מוריץ מסיר שומני,יח',1.00,יח',false,,11.00,11.0000,true,1,5255131
7290002814788,false,כיסוי ניילון עם גומי,,,כיסוי ניילון עם גומי,יחידה,0.00,יחידה,false,,6.80,0.0000,true,1,1587653
7290002814870,false,מסיר שומנים קר מבושם,,,מסיר שומנים קר מבושם,מיליליטרים,750.00,"100 מ""ל",false,,11.00,0.0147,true,1,4581124
7290002814887,false,מטליות רצפה לניקוי ו,,,מטליות רצפה לניקוי ו,יח',1.00,יח',false,,7.60,7.6000,true,1,5163876
7290002814917,false,סנט מוריץ רצפות לבנד,סנט מוריץ,,סנט מוריץ רצפות לבנד,ליטרים,4.00,ליטר,false,,8.40,2.1000,true,1,1587654
7290002814931,false,סנט מוריץ רצפות בניח,סנט מוריץ,,סנט מוריץ רצפות בניח,ליטרים,4.00,ליטר,false,,8.50,2.1250,true,1,1587655
7290002824183,false,גבינה לבנה סקי 5% שו,שטראוס,,גבינה לבנה סקי 5% שו,גרמים,500.00,100 גרם,false,,7.90,0.0158,true,1,1589607
7290002824466,false,יוגורט דנונה ביו לבן,שטראוס,,יוגורט דנונה ביו לבן,מיליליטרים,200.00,"100 מ""ל",false,,2.90,0.0145,true,1,1589608
7290002824640,false,גבינה לבנה סקי 5% שו,שטראוס,,גבינה לבנה סקי 5% שו,גרמים,250.00,100 גרם,false,,4.00,0.0160,true,1,1589610
7290002825722,false,סלט כרוב אדום אחלה 5,אחלה,,סלט כרוב אדום אחלה 5,גרמים,500.00,100 גרם,false,,11.00,0.0220,true,1,1589614
7290002827306,false,נקניקיות עוף 400ג מח,עוף ירושלים,,נקניקיות עוף 400ג מח,גרמים,400.00,100 גרם,false,,8.50,0.0213,true,1,1589227
7290002827320,false,נקניקיות מרגז 400 גר,עוף ירושלים,,נקניקיות מרגז 400 גר,גרמים,400.00,100 גרם,false,,17.00,0.0425,true,1,1589228
7290002827337,false,נקניקיות עוף פיקנטי,עוף ירושלים,,נקניקיות עוף פיקנטי,גרמים,400.00,100 גרם,false,,8.50,0.0213,true,1,1589229
7290002830948,false,גבינת עיזים מותכת 30,מון בלאן,,גבינת עיזים מותכת 30,גרמים,120.00,100 גרם,false,,7.60,0.0633,true,1,1581381
7290002842002,false,פתיתי שיבולת שועל קו,,,פתיתי שיבולת שועל קו,גרמים,500.00,100 גרם,false,,8.50,0.0170,true,1,1605331
7290002868996,false,גבינת קוטג' מועשר 5%,טרה,,גבינת קוטג' מועשר 5%,גרמים,250.00,100 גרם,false,,4.50,0.0180,true,1,1570317
7290002871248,false,"טובורג רד 500 מ""ל",טובורג,,"טובורג רד 500 מ""ל",מיליליטרים,500.00,"100 מ""ל",false,,6.60,0.0132,true,1,1570943
7290002871361,false,קרלסברג בירה בק.חוזר,החברה המרכזית,,קרלסברג בירה בק.חוזר,מיליליטרים,500.00,"100 מ""ל",false,,6.40,0.0128,true,1,1570944
7290002881209,false,רסק תפוחי עץ תומר 70,תומר,,רסק תפוחי עץ תומר 70,גרמים,708.00,100 גרם,false,,8.50,0.0120,true,1,1573843
7290002900566,false,פסטרמה ברביקיו 1.5%,טירת צבי,,פסטרמה ברביקיו 1.5%,גרמים,360.00,100 גרם,false,,22.10,0.0614,true,1,1572543
7290002904694,false,דאו ספריי טיטניום 18,קרליין,,דאו ספריי טיטניום 18,מיליליטרים,180.00,"100 מ""ל",false,,12.70,0.0706,true,1,1566602
7290002921165,false,חלב לניקוי רהיטי עור,יעקבי,,חלב לניקוי רהיטי עור,מיליליטרים,400.00,"100 מ""ל",false,,28.10,0.0703,true,1,1582598
7290002921240,false,קרבונה שמפוזר לניקוי,יעקבי,,קרבונה שמפוזר לניקוי,מיליליטרים,650.00,"100 מ""ל",false,,21.20,0.0326,true,1,1582601
7290002923466,false,בקר טחון טיבון ויל 1,טיבון ויל,,בקר טחון טיבון ויל 1,גרמים,1000.00,100 גרם,false,,34.10,0.0341,true,1,1581387
7290002925729,false,משחת שיניים ומי פה ב,גם וגם,,משחת שיניים ומי פה ב,מיליליטרים,120.00,"100 מ""ל",false,,12.70,0.1058,true,1,1579780
7290002927044,false,צלי כתף מועבד,זהר בשר,,צלי כתף מועבד,קילוגרמים,1.00,"ק""ג",true,,29.80,29.8000,true,1,1571770
7290002927051,false,פילה מדומה מס' 6,זהר בשר,,פילה מדומה מס' 6,קילוגרמים,1.00,"ק""ג",true,,29.80,29.8000,true,1,1571771
7290002927198,false,טחון בקר 500 ג,זהר בשר,,טחון בקר 500 ג,גרמים,500.00,100 גרם,false,,10.20,0.0204,true,1,1571790
7290002927358,false,סטייק בקר 800 ג,זהר בשר,,סטייק בקר 800 ג,גרמים,800.00,100 גרם,false,,29.00,0.0363,true,1,1571791
7290002927389,false,טחון עוף 500 ג,זהר בשר,,טחון עוף 500 ג,גרמים,500.00,100 גרם,false,,8.50,0.0170,true,1,1571792
7290002927464,false,גולש עגל,זהר בשר,,גולש עגל,קילוגרמים,1.00,"ק""ג",true,,25.60,25.6000,true,1,1571778
7290002927471,false,צלי עגל,זהר בשר,,צלי עגל,קילוגרמים,1.00,"ק""ג",true,,31.50,31.5000,true,1,1571779
7290002927518,false,טבעות עגל,זהר בשר,,טבעות עגל,קילוגרמים,1.00,"ק""ג",true,,31.50,31.5000,true,1,1571780
7290002927631,false,טחון הודו 500 ג,זהר בשר,,טחון הודו 500 ג,גרמים,500.00,100 גרם,false,,8.50,0.0170,true,1,1571794
7290002929642,false,טונה ויליגר 392 גרם,ויליגר,,טונה ויליגר 392 גרם,גרמים,392.00,100 גרם,false,,16.10,0.0411,true,1,1581392
7290002929734,false,גפילטע פיש 310 ג,נטו מלינדה,,גפילטע פיש 310 ג,גרמים,310.00,100 גרם,false,,11.00,0.0355,true,1,1581393
7290002954187,false,אורז יסמין 5ק'ג מדלי,,,אורז יסמין 5ק'ג מדלי,יח',1.00,יח',false,,34.10,34.1000,true,1,1734512
7290002987963,false,"סלט חומוס אחלה 1 ק""ג",אחלה,,"סלט חומוס אחלה 1 ק""ג",יח',1.00,יח',false,,11.90,11.9000,true,1,2658886
7290003009312,false,בוטנים קלויים קליית,קליית גת,,בוטנים קלויים קליית,גרמים,200.00,100 גרם,false,,5.60,0.0280,true,1,1584732
7290003009329,false,בוטנים אמריקאיים קלי,קליית גת,,בוטנים אמריקאיים קלי,גרמים,200.00,100 גרם,false,,4.90,0.0245,true,1,1584733
7290003009336,false,קבוקים קליית גת 200,קליית גת,,קבוקים קליית גת 200,גרמים,200.00,100 גרם,false,,4.90,0.0245,true,1,1584734
7290003009596,false,סירופ דיאט אשכוליות,פריגת,,סירופ דיאט אשכוליות,מיליליטרים,750.00,"100 מ""ל",false,,17.00,0.0227,true,1,1570957
7290003009640,false,מיץ תפוזים סחוט רכיב,פריגת,,מיץ תפוזים סחוט רכיב,ליטרים,1.00,ליטר,false,,13.60,13.6000,true,1,1570318
7290003013128,false,פתיל צף מתומן כ-50 י,שלהבת,,פתיל צף מתומן כ-50 י,יח',50.00,יח',false,,3.00,0.0600,true,1,1606363
7290003013265,false,ערכת פתילאור,מעגל הזמן,,ערכת פתילאור,יח',1.00,יח',false,,55.50,55.5000,true,1,1606366
7290003015634,false,ריצפז פרש 2 לי,סנו,,ריצפז פרש 2 לי,ליטרים,2.00,ליטר,false,,14.40,7.2000,true,1,1579792
7290003015672,false,סנו סופט מפיות צבעונ,סנו,,סנו סופט מפיות צבעונ,יח',50.00,יח',false,,6.80,0.1360,true,1,1579794
7290003026036,false,קמיל בלו אל סבון עשי,"ד""ר פישר",IL,קמיל בלו סנסיטיב אל סבון,ליטרים,1.00,ליטר,false,,28.00,28.0000,true,1,1598840
7290003026234,false,קמיל בלו תחליב לתינו,"ד""ר פישר",IL,קמיל בלו סנסיטיב תחליב לת,מיליליטרים,500.00,"100 מ""ל",false,,25.60,0.0512,true,1,1598843
7290003029181,false,שוקו יטבתה 1 ליטר,יטבתה,,שוקו יטבתה 1 ליטר,100 מל,1000.00,100 מל,false,,9.80,0.0098,true,1,1589619
7290003029372,false,משקה חלב בטעם בננה י,יטבתה,,משקה חלב בטעם בננה י,מיליליטרים,1000.00,"100 מ""ל",false,,9.80,0.0098,true,1,1589621
7290003029389,false,משקה חלב בננה פקק ספ,יטבתה,,משקה חלב בננה פקק ספ,מיליליטרים,250.00,"100 מ""ל",false,,4.40,0.0176,true,1,1589622
7290003029433,false,שוקו פקק ספורט יטבתה,יטבתה,,שוקו פקק ספורט יטבתה,מיליליטרים,250.00,"100 מ""ל",false,,4.40,0.0176,true,1,1589624
7290003029532,false,מוקה יטבתה 1 ליטר,יטבתה,,מוקה יטבתה 1 ליטר,100 מל,1000.00,100 מל,false,,9.80,0.0098,true,1,1589626
7290003029617,false,שמנת חמוצה 15% 100 מ,יטבתה,,שמנת חמוצה 15% 100 מ,מטרים,100.00,100 מ'ל,false,,1.60,0.0160,true,1,1589627
7290003029792,false,שוקו בשקית יטבתה 8 י,יטבתה,,שוקו בשקית יטבתה 8 י,יח',8.00,יח',false,,16.20,2.0250,true,1,1589628
7290003029815,false,חלב מועשר 2 ל 3% מהד,יטבתה,,חלב מועשר 2 ל 3% מהד,ליטרים,2.00,ליטר,false,,12.70,6.3500,true,1,1589629
7290003029907,false,אייס קפה יטבתה 1 ליט,יטבתה,,אייס קפה יטבתה 1 ליט,ליטרים,1.00,ליטר,false,,9.80,9.8000,true,1,1589631
7290003031702,false,נקניקיות הודו חלק מה,טירת צבי,,נקניקיות הודו חלק מה,גרמים,1000.00,100 גרם,false,,21.30,0.0213,true,1,1572544
7290003031788,false,צמד כפרי מחפוד800גר,טירת צבי,,צמד כפרי מחפוד800גר,גרמים,800.00,100 גרם,false,,21.30,0.0266,true,1,1572550
7290003031849,false,צמד מהדרין מחפוד 600,טירת צבי,,צמד מהדרין מחפוד 600,גרמים,600.00,100 גרם,false,,21.20,0.0353,true,1,1572552
7290003047642,false,ליפטון תה קלאסי 100,ליפטון,,ליפטון תה קלאסי 100,גרמים,150.00,100 גרם,false,,10.10,0.0673,true,1,1578932
7290003060078,false,קמח שיפון מלא רמילוי,רמי לוי,,קמח שיפון מלא רמילוי,יח',1.00,יח',false,,4.20,4.2000,true,1,1604135
7290003060542,false,קמח מנופה ללחם וחלות,,,קמח מנופה ללחם וחלות,יח',1.00,יח',false,,6.40,6.4000,true,1,5229729
7290003060566,false,קמח שיפון מלא מנופה,,,קמח שיפון מלא מנופה,יח',1.00,יח',false,,5.00,5.0000,true,1,5226870
7290003069590,false,"פילה סול דלידג 1 ק""ג",דלידג,,"פילה סול דלידג 1 ק""ג",גרמים,1000.00,100 גרם,false,,25.50,0.0255,true,1,5321282
7290003072804,false,פסטרמה של פעם 200 גר,,,פסטרמה של פעם 200 גר,גרמים,200.00,100 גרם,false,,17.00,0.0850,true,1,4964310
7290003072835,false,נקניקיות קנאקוורסט 3,,,נקניקיות קנאקוורסט 3,גרמים,320.00,100 גרם,false,,17.00,0.0531,true,1,4964345
7290003072965,false,קבנוס חריף מעושן 120,,,קבנוס חריף מעושן 120,גרמים,120.00,100 גרם,false,,8.50,0.0708,true,1,5284578
7290003072972,false,קבנוס בתיבול שום 120,,,קבנוס בתיבול שום 120,גרמים,120.00,100 גרם,false,,8.50,0.0708,true,1,5284579
7290003126712,false,יוגורט עיזים מחלב מל,משק צוריאל,,יוגורט עיזים מחלב מל,מיליליטרים,150.00,"100 מ""ל",false,,5.00,0.0333,true,1,1570322
7290003126958,false,גבינת טופו משק צוריא,משק צוריאל,,גבינת טופו משק צוריא,גרמים,300.00,100 גרם,false,,10.20,0.0340,true,1,1570323
7290003130399,false,מברשת שיניים לילדים,גלקסוסמיתקליין,IN,אקוה פרש מברשת חיות שלב 2,יח',1.00,יח',false,,6.80,6.8000,true,1,1592208
7290003131006,false,בונדק טבעי,,,בונדק טבעי,קילוגרמים,1.00,"ק""ג",true,,75.20,75.2000,true,1,1608547
7290003131013,false,פול קטן משקל,,,פול קטן משקל,קילוגרמים,1.00,"ק""ג",true,,8.50,8.5000,true,1,1608548
7290003131020,false,פפריקה מעושנת,,,פפריקה מעושנת,קילוגרמים,1.00,"ק""ג",true,,42.70,42.7000,true,1,2857463
7290003131143,false,חומוס קטן משקל,,,חומוס קטן משקל,קילוגרמים,1.00,"ק""ג",true,,8.50,8.5000,true,1,1608550
7290003131150,false,שעועית משקל,,,שעועית משקל,קילוגרמים,1.00,"ק""ג",true,,8.50,8.5000,true,1,1608551
7290003131181,false,מלח לימון במשקל,,,מלח לימון במשקל,קילוגרמים,1.00,"ק""ג",true,,21.40,21.4000,true,1,1608552
7290003131204,false,פול ענק משקל,,,פול ענק משקל,קילוגרמים,1.00,"ק""ג",true,,12.80,12.8000,true,1,1608553
7290003131211,false,כוסברה טחון משקל,,,כוסברה טחון משקל,קילוגרמים,1.00,"ק""ג",true,,54.70,54.7000,true,1,1608554
7290003131228,false,פישתן משקל,,,פישתן משקל,קילוגרמים,1.00,"ק""ג",true,,13.70,13.7000,true,1,1608555
7290003131242,false,קוקוס טחון,,,קוקוס טחון,קילוגרמים,1.00,"ק""ג",true,,27.40,27.4000,true,1,3207182
7290003131259,false,פלפל אנגלי שלם,,,פלפל אנגלי שלם,קילוגרמים,1.00,"ק""ג",true,,102.60,102.6000,true,1,4308691
7290003131266,false,גרעין שחור קלוי,,,גרעין שחור קלוי,קילוגרמים,1.00,"ק""ג",true,,26.90,26.9000,true,1,1608556
7290003131280,false,קייגין,,,קייגין,קילוגרמים,1.00,"ק""ג",true,,63.20,63.2000,true,1,4308692
7290003131297,false,בננה צ'יפס,,,בננה צ'יפס,קילוגרמים,1.00,"ק""ג",true,,27.40,27.4000,true,1,1608557
7290003131303,false,חילבה משקל,,,חילבה משקל,קילוגרמים,1.00,"ק""ג",true,,33.30,33.3000,true,1,1608558
7290003131310,false,בוטנים משקל,,,בוטנים משקל,קילוגרמים,1.00,"ק""ג",true,,19.70,19.7000,true,1,1608559
7290003131334,false,פפאיה מיובשת,,,פפאיה מיובשת,קילוגרמים,1.00,"ק""ג",true,,28.90,28.9000,true,1,1608560
7290003131358,false,שזיף מגולען,,,שזיף מגולען,קילוגרמים,1.00,"ק""ג",true,,36.80,36.8000,true,1,1608562
7290003131419,false,מקדמיה,,,מקדמיה,קילוגרמים,1.00,"ק""ג",true,,166.70,166.7000,true,1,4311586
7290003131426,false,תבלין ירושלמי,,,תבלין ירושלמי,קילוגרמים,1.00,"ק""ג",true,,63.20,63.2000,true,1,4311615
7290003131464,false,רוזמרין,,,רוזמרין,קילוגרמים,1.00,"ק""ג",true,,85.50,85.5000,true,1,4311618
7290003131570,false,תירס קלוי,,,תירס קלוי,קילוגרמים,1.00,"ק""ג",true,,40.20,40.2000,true,1,4311628
7290003131624,false,בוטן מטוגן,,,בוטן מטוגן,קילוגרמים,1.00,"ק""ג",true,,55.60,55.6000,true,1,4311632
7290003131631,false,חומוס קלוי,,,חומוס קלוי,קילוגרמים,1.00,"ק""ג",true,,59.00,59.0000,true,1,4311633
7290003131662,false,שקד טחון,,,שקד טחון,קילוגרמים,1.00,"ק""ג",true,,85.50,85.5000,true,1,4311636
7290003131709,false,מנגו ללא סוכר,,,מנגו ללא סוכר,קילוגרמים,1.00,"ק""ג",true,,68.40,68.4000,true,1,4311639
7290003131778,false,טימין עלים,,,טימין עלים,קילוגרמים,1.00,"ק""ג",true,,85.50,85.5000,true,1,4311662
7290003131792,false,ינסון שלם,,,ינסון שלם,קילוגרמים,1.00,"ק""ג",true,,85.50,85.5000,true,1,4311664
7290003131822,false,בזיליקום עלים,,,בזיליקום עלים,קילוגרמים,1.00,"ק""ג",true,,85.50,85.5000,true,1,4311667
7290003131853,false,פפריקה חריפה,,,פפריקה חריפה,קילוגרמים,1.00,"ק""ג",true,,29.90,29.9000,true,1,4311705
7290003131860,false,גינגר מסוכר,,,גינגר מסוכר,קילוגרמים,1.00,"ק""ג",true,,51.30,51.3000,true,1,4311669
7290003141159,false,יוגטה מרשמלו 180 גרם,יוגוטה,,יוגטה מרשמלו 180 גרם,גרמים,180.00,100 גרם,false,,5.80,0.0322,true,1,1584744
7290003142422,false,"גרעיני חמניה לל""ת מל",קליית גת,,"גרעיני חמניה לל""ת מל",גרמים,180.00,100 גרם,false,,5.00,0.0278,true,1,1584761
7290003142477,false,ערמונים קלויים 100 ג,קליית גת,,ערמונים קלויים 100 ג,גרמים,100.00,100 גרם,false,,5.00,0.0500,true,1,1584762
7290003143146,false,ממרח תמרים קליית 450,קליית גת,,ממרח תמרים קליית 450,גרמים,450.00,100 גרם,false,,4.20,0.0093,true,1,1566714
7290003143276,false,יוגוטה מרשמלו רול 18,יוגוטה,,יוגוטה מרשמלו רול 18,גרמים,180.00,100 גרם,false,,5.80,0.0322,true,1,1584782
7290003143337,false,סילאן רכיבים טבעיים,קליית גת,,סילאן רכיבים טבעיים,גרמים,350.00,100 גרם,false,,12.70,0.0363,true,1,1584785
7290003144310,false,קליית גת תערובת אגוז,,,קליית גת תערובת אגוז,גרמים,150.00,100 גרם,false,,13.60,0.0907,true,1,1584814
7290003144419,false,סילאן רכיבים טבעיים,טעמי הגליל,IL,סילאן רכיבים טבעיים,גרמים,710.00,100 גרם,false,,17.00,0.0239,true,1,1584816
7290003145751,false,אגוזי קשיו קלויים קל,קליית גת,,אגוזי קשיו קלויים קל,גרמים,200.00,100 גרם,false,,12.70,0.0635,true,1,1584848
7290003163939,false,נקניקיות גריל 1.5 קג,,,נקניקיות גריל 1.5 קג,קילוגרמים,1.50,"ק""ג",false,,21.30,14.2000,true,1,2865390
7290003185719,false,קבב רומני טיבון ויל,טיבון ויל,,קבב רומני טיבון ויל,גרמים,500.00,100 גרם,false,,17.00,0.0340,true,1,1581406
7290003185726,false,קבב מזרחי טיבון ויל,טיבון ויל,,קבב מזרחי טיבון ויל,גרמים,500.00,100 גרם,false,,15.30,0.0306,true,1,1581407
7290003187843,false,עגל טחון טיבון ויל 5,טיבון ויל,,עגל טחון טיבון ויל 5,גרמים,500.00,100 גרם,false,,25.60,0.0512,true,1,1581409
7290003192014,false,פקאן משקל,,,פקאן משקל,קילוגרמים,1.00,"ק""ג",true,,79.00,79.0000,true,1,1608564
7290003192021,false,אפונה קלוי,,,אפונה קלוי,קילוגרמים,1.00,"ק""ג",true,,33.30,33.3000,true,1,2857346
7290003192038,false,שמיר עלים,,,שמיר עלים,קילוגרמים,1.00,"ק""ג",true,,85.50,85.5000,true,1,2857389
7290003192137,false,ציפורן משקל,,,ציפורן משקל,קילוגרמים,1.00,"ק""ג",true,,85.50,85.5000,true,1,1608566
7290003192199,false,סודה לשתיה משקל,,,סודה לשתיה משקל,קילוגרמים,1.00,"ק""ג",true,,21.40,21.4000,true,1,1608567
7290003192311,false,עלי דפנהבמשקל,,,עלי דפנהבמשקל,קילוגרמים,1.00,"ק""ג",true,,85.50,85.5000,true,1,1608568
7290003192335,false,אגוז מוסקט טחון משקל,,,אגוז מוסקט טחון משקל,קילוגרמים,1.00,"ק""ג",true,,168.40,168.4000,true,1,1608569
7290003192373,false,שום פרוס,,,שום פרוס,קילוגרמים,1.00,"ק""ג",true,,76.10,76.1000,true,1,2857480
7290003192526,false,אגוז מלך משקל,,,אגוז מלך משקל,קילוגרמים,1.00,"ק""ג",true,,59.00,59.0000,true,1,1608572
7290003192533,false,פיסטוק טיבעי משקל,,,פיסטוק טיבעי משקל,קילוגרמים,1.00,"ק""ג",true,,65.00,65.0000,true,1,1608573
7290003192557,false,חומוס ענק משקל,,,חומוס ענק משקל,קילוגרמים,1.00,"ק""ג",true,,12.80,12.8000,true,1,1608574
7290003192588,false,פלפל שחור שלם משקל,,,פלפל שחור שלם משקל,קילוגרמים,1.00,"ק""ג",true,,76.10,76.1000,true,1,1608576
7290003192595,false,ראס אל חנות משקל,,,ראס אל חנות משקל,קילוגרמים,1.00,"ק""ג",true,,85.40,85.4000,true,1,1608577
7290003192618,false,צנובר משקל,,,צנובר משקל,קילוגרמים,1.00,"ק""ג",true,,165.80,165.8000,true,1,1608578
7290003192649,false,חמוצים,,,חמוצים,קילוגרמים,1.00,"ק""ג",true,,41.00,41.0000,true,1,1608579
7290003192656,false,חמוציות ברכז,,,חמוציות ברכז,קילוגרמים,1.00,"ק""ג",true,,41.90,41.9000,true,1,1608580
7290003192663,false,לוביה נקודה משקל,,,לוביה נקודה משקל,קילוגרמים,1.00,"ק""ג",true,,14.50,14.5000,true,1,1608581
7290003192670,false,מש ירוק משקל,,,מש ירוק משקל,קילוגרמים,1.00,"ק""ג",true,,8.50,8.5000,true,1,1608582
7290003208586,false,מרטיני ביאנקו 750 מל,,,מרטיני ביאנקו 750 מל,מיליליטרים,750.00,"100 מ""ל",false,,38.40,0.0512,true,1,1586993
7290003211128,false,בוטנים מסוכר,,,בוטנים מסוכר,קילוגרמים,1.00,"ק""ג",true,,30.80,30.8000,true,1,1608583
7290003211135,false,תירס פופקורן משקל,,,תירס פופקורן משקל,קילוגרמים,1.00,"ק""ג",true,,8.50,8.5000,true,1,1608584
7290003211159,false,עדשים משקל,,,עדשים משקל,קילוגרמים,1.00,"ק""ג",true,,8.50,8.5000,true,1,1608586
7290003211166,false,כוסמת משקל,,,כוסמת משקל,קילוגרמים,1.00,"ק""ג",true,,7.60,7.6000,true,1,1608587
7290003211173,false,בורגול משקל,,,בורגול משקל,קילוגרמים,1.00,"ק""ג",true,,6.80,6.8000,true,1,1608588
7290003211180,false,גריסי פנינה משקל,,,גריסי פנינה משקל,קילוגרמים,1.00,"ק""ג",true,,11.10,11.1000,true,1,1608589
7290003211197,false,שומשום משקל,,,שומשום משקל,קילוגרמים,1.00,"ק""ג",true,,28.20,28.2000,true,1,1608590
7290003211203,false,תאנים מיובש,,,תאנים מיובש,קילוגרמים,1.00,"ק""ג",true,,40.20,40.2000,true,1,1608591
7290003211227,false,משמש מיובש,,,משמש מיובש,קילוגרמים,1.00,"ק""ג",true,,45.30,45.3000,true,1,1608592
7290003211234,false,פפריקה מתוקה,,,פפריקה מתוקה,קילוגרמים,1.00,"ק""ג",true,,39.90,39.9000,true,1,1608593
7290003211258,false,קינמון טחון/שלם במשק,,,קינמון טחון/שלם במשק,קילוגרמים,1.00,"ק""ג",true,,38.50,38.5000,true,1,1608595
7290003211302,false,גרעין לבן קלוי,,,גרעין לבן קלוי,קילוגרמים,1.00,"ק""ג",true,,33.30,33.3000,true,1,1608596
7290003211319,false,קבוקים מסוכר,,,קבוקים מסוכר,קילוגרמים,1.00,"ק""ג",true,,25.60,25.6000,true,1,1608597
7290003211333,false,תות מסוכר,,,תות מסוכר,קילוגרמים,1.00,"ק""ג",true,,34.20,34.2000,true,1,2857419
7290003211388,false,סוכריות,,,סוכריות,קילוגרמים,1.00,"ק""ג",true,,29.90,29.9000,true,1,1608599
7290003211395,false,פרג,,,פרג,קילוגרמים,1.00,"ק""ג",true,,33.30,33.3000,true,1,2857505
7290003211418,false,צימוק ענק גמבו,,,צימוק ענק גמבו,קילוגרמים,1.00,"ק""ג",true,,33.30,33.3000,true,1,1608600
7290003211449,false,כוזברה עלים משקל,,,כוזברה עלים משקל,קילוגרמים,1.00,"ק""ג",true,,62.40,62.4000,true,1,1608601
7290003211579,false,הל משקל,,,הל משקל,קילוגרמים,1.00,"ק""ג",true,,170.90,170.9000,true,1,1608602
7290003211739,false,אננס מסוכר,,,אננס מסוכר,קילוגרמים,1.00,"ק""ג",true,,20.90,20.9000,true,1,1608603
7290003211760,false,תבלין לשוורמה משקל,,,תבלין לשוורמה משקל,קילוגרמים,1.00,"ק""ג",true,,63.20,63.2000,true,1,1608604
7290003211777,false,גריל עוף משקל,,,גריל עוף משקל,קילוגרמים,1.00,"ק""ג",true,,49.60,49.6000,true,1,1608605
7290003211807,false,תבלין לדג משקל,,,תבלין לדג משקל,קילוגרמים,1.00,"ק""ג",true,,63.20,63.2000,true,1,1608606
7290003211852,false,תבלין לסטייק משקל,,,תבלין לסטייק משקל,קילוגרמים,1.00,"ק""ג",true,,63.20,63.2000,true,1,1608607
7290003211876,false,בצל מטוגן משקל,,,בצל מטוגן משקל,קילוגרמים,1.00,"ק""ג",true,,63.20,63.2000,true,1,1608608
7290003211890,false,חלווה,,,חלווה,קילוגרמים,1.00,"ק""ג",true,,41.80,41.8000,true,1,1608609
7290003211920,false,קינואה לבנה,,,קינואה לבנה,קילוגרמים,1.00,"ק""ג",true,,12.00,12.0000,true,1,2857507
7290003211968,false,סומק משקל,,,סומק משקל,קילוגרמים,1.00,"ק""ג",true,,51.30,51.3000,true,1,1608610
7290003211975,false,קשיו קלוי,,,קשיו קלוי,קילוגרמים,1.00,"ק""ג",true,,74.40,74.4000,true,1,1608611
7290003211982,false,מנצ'ס,,,מנצ'ס,קילוגרמים,1.00,"ק""ג",true,,40.20,40.2000,true,1,1608612
7290003211999,false,פקאן סיני,,,פקאן סיני,קילוגרמים,1.00,"ק""ג",true,,76.10,76.1000,true,1,1608613
7290003213016,false,חטיף אורז חריף,,,חטיף אורז חריף,קילוגרמים,1.00,"ק""ג",true,,54.70,54.7000,true,1,1608614
7290003213030,false,גרעין אבטיח קלוי,,,גרעין אבטיח קלוי,קילוגרמים,1.00,"ק""ג",true,,47.00,47.0000,true,1,1608615
7290003213061,false,קצח משקל,,,קצח משקל,קילוגרמים,1.00,"ק""ג",true,,54.70,54.7000,true,1,1608616
7290003213085,false,אפונה משקל,,,אפונה משקל,קילוגרמים,1.00,"ק""ג",true,,7.70,7.7000,true,1,1608617
7290003213108,false,פול מטוגן,,,פול מטוגן,קילוגרמים,1.00,"ק""ג",true,,47.00,47.0000,true,1,1608618
7290003213160,false,כורכום במשקל,,,כורכום במשקל,קילוגרמים,1.00,"ק""ג",true,,50.40,50.4000,true,1,1608619
7290003213177,false,פילדלפיה משקל,,,פילדלפיה משקל,קילוגרמים,1.00,"ק""ג",true,,97.40,97.4000,true,1,1608620
7290003213191,false,גרוס מתוק/חריף משקל,,,גרוס מתוק/חריף משקל,קילוגרמים,1.00,"ק""ג",true,,42.70,42.7000,true,1,1608621
7290003213214,false,זעתר טחון משקל,,,זעתר טחון משקל,קילוגרמים,1.00,"ק""ג",true,,76.10,76.1000,true,1,1608622
7290003213221,false,קארי משקל,,,קארי משקל,קילוגרמים,1.00,"ק""ג",true,,62.40,62.4000,true,1,1608623
7290003213238,false,חיטה משקל,,,חיטה משקל,קילוגרמים,1.00,"ק""ג",true,,6.80,6.8000,true,1,1608624
7290003213306,false,כמון במשקל,,,כמון במשקל,קילוגרמים,1.00,"ק""ג",true,,50.40,50.4000,true,1,1608625
7290003213313,false,בהרט משקל,,,בהרט משקל,קילוגרמים,1.00,"ק""ג",true,,84.60,84.6000,true,1,1608626
7290003213320,false,קימל טחון משקל,,,קימל טחון משקל,קילוגרמים,1.00,"ק""ג",true,,51.30,51.3000,true,1,1608627
7290003213337,false,חוויג' מרק משקל,,,חוויג' מרק משקל,קילוגרמים,1.00,"ק""ג",true,,63.20,63.2000,true,1,1608628
7290003213344,false,חמוציות,,,חמוציות,קילוגרמים,1.00,"ק""ג",true,,20.50,20.5000,true,1,1608629
7290003213356,false,שקד מסוכר קלוי,,,שקד מסוכר קלוי,קילוגרמים,1.00,"ק""ג",true,,64.10,64.1000,true,1,1608630
7290003213375,false,שקד משקל,,,שקד משקל,קילוגרמים,1.00,"ק""ג",true,,64.90,64.9000,true,1,1608631
7290003213382,false,אגוז מלך משקל,,,אגוז מלך משקל,קילוגרמים,1.00,"ק""ג",true,,50.00,50.0000,true,1,1608632
7290003213399,false,אגוז ברזיל משקל,,,אגוז ברזיל משקל,קילוגרמים,1.00,"ק""ג",true,,75.20,75.2000,true,1,1608633
7290003213405,false,קיווי מיובש,,,קיווי מיובש,קילוגרמים,1.00,"ק""ג",true,,34.20,34.2000,true,1,1608634
7290003213443,false,אננס טיבעי,,,אננס טיבעי,קילוגרמים,1.00,"ק""ג",true,,68.40,68.4000,true,1,1608636
7290003213450,false,תמר מג'הול,,,תמר מג'הול,קילוגרמים,1.00,"ק""ג",true,,49.00,49.0000,true,1,1608637
7290003213504,false,תבלין לקציצות משקל,,,תבלין לקציצות משקל,קילוגרמים,1.00,"ק""ג",true,,63.20,63.2000,true,1,1608639
7290003213573,false,משמש אוזבקי,,,משמש אוזבקי,קילוגרמים,1.00,"ק""ג",true,,45.30,45.3000,true,1,3489866
7290003213597,false,סוכריות,,,סוכריות,קילוגרמים,1.00,"ק""ג",true,,41.90,41.9000,true,1,1608640
7290003213603,false,טוסקנה משקל,,,טוסקנה משקל,קילוגרמים,1.00,"ק""ג",true,,85.50,85.5000,true,1,1608641
7290003213634,false,זנגויל טחון משקל,,,זנגויל טחון משקל,קילוגרמים,1.00,"ק""ג",true,,59.00,59.0000,true,1,1608642
7290003213665,false,פלפל סודני משקל,,,פלפל סודני משקל,קילוגרמים,1.00,"ק""ג",true,,63.20,63.2000,true,1,1608644
7290003213672,false,פלפל חריף/מתוק משקל,,,פלפל חריף/מתוק משקל,קילוגרמים,1.00,"ק""ג",true,,69.00,69.0000,true,1,1608645
7290003213696,false,בוטנים קלוי,,,בוטנים קלוי,קילוגרמים,1.00,"ק""ג",true,,26.00,26.0000,true,1,1608646
7290003213702,false,קשיו משקל,,,קשיו משקל,קילוגרמים,1.00,"ק""ג",true,,72.60,72.6000,true,1,1608647
7290003213733,false,מיקסים לאורז משקל,,,מיקסים לאורז משקל,קילוגרמים,1.00,"ק""ג",true,,85.50,85.5000,true,1,1608648
7290003213740,false,שקד קלוי,,,שקד קלוי,קילוגרמים,1.00,"ק""ג",true,,74.40,74.4000,true,1,1608649
7290003213757,false,קשיו מסוכר,,,קשיו מסוכר,קילוגרמים,1.00,"ק""ג",true,,72.60,72.6000,true,1,1608650
7290003213771,false,פלפל שחור/גרוס במשקל,,,פלפל שחור/גרוס במשקל,קילוגרמים,1.00,"ק""ג",true,,79.50,79.5000,true,1,1608651
7290003213788,false,פלפל לבן במשקל,,,פלפל לבן במשקל,קילוגרמים,1.00,"ק""ג",true,,85.50,85.5000,true,1,1608652
7290003213795,false,פלפל אנגלי משקל,,,פלפל אנגלי משקל,קילוגרמים,1.00,"ק""ג",true,,85.50,85.5000,true,1,1608653
7290003213825,false,פיסטוק קלוי,,,פיסטוק קלוי,קילוגרמים,1.00,"ק""ג",true,,74.40,74.4000,true,1,1608654
7290003213832,false,שקדים מולבנים משקל,,,שקדים מולבנים משקל,קילוגרמים,1.00,"ק""ג",true,,76.50,76.5000,true,1,1608655
7290003213863,false,מנגו מיובש,,,מנגו מיובש,קילוגרמים,1.00,"ק""ג",true,,32.50,32.5000,true,1,1608656
7290003213900,false,פטרוזיליה עלים משקל,,,פטרוזיליה עלים משקל,קילוגרמים,1.00,"ק""ג",true,,85.50,85.5000,true,1,1608658
7290003219131,false,בוטנים גרוסים,,,בוטנים גרוסים,קילוגרמים,1.00,"ק""ג",true,,42.70,42.7000,true,1,2857510
7290003229116,false,פסטרמה הודו בדבש 3%,טירת צבי,,פסטרמה הודו בדבש 3%,גרמים,400.00,100 גרם,false,,22.10,0.0553,true,1,1572555
7290003229123,false,פסטרמה הודו על גחלים,טירת צבי,,פסטרמה הודו על גחלים,גרמים,400.00,100 גרם,false,,22.10,0.0553,true,1,1572556
7290003229147,false,נקניק סלמי איטלקי מע,טירת צבי,,נקניק סלמי איטלקי מע,גרמים,300.00,100 גרם,false,,21.30,0.0710,true,1,1572557
7290003229154,false,נקניק סלמי קוניאק טי,טירת צבי,,נקניק סלמי קוניאק טי,גרמים,300.00,100 גרם,false,,21.30,0.0710,true,1,1572558
7290003229192,false,נקניק כתף בקר מעושן,טירת צבי,,נקניק כתף בקר מעושן,גרמים,400.00,100 גרם,false,,22.10,0.0553,true,1,1572560
7290003229208,false,פסטרמה ספרדית 2% טיר,טירת צבי,,פסטרמה ספרדית 2% טיר,גרמים,360.00,100 גרם,false,,21.30,0.0592,true,1,1572561
7290003229215,false,פסטרמה איטלקית 3.5%,טירת צבי,,פסטרמה איטלקית 3.5%,גרמים,360.00,100 גרם,false,,22.10,0.0614,true,1,1572562
7290003258291,false,דאודורנט ספריי לנשים,פנינה רוזנבלום,,דאודורנט ספריי לנשים,מיליליטרים,150.00,"100 מ""ל",false,,13.60,0.0907,true,1,1587834
7290003258406,false,ווקס לשיער פנינה רוז,פנינה רוזנבלום,,ווקס לשיער פנינה רוז,מטרים,100.00,100 מ'ל,false,,14.40,0.1440,true,1,1587836
7290003310555,false,בן&ג'ריס טילוני קרם,,,בן&ג'ריס טילוני קרם,גרמים,400.00,100 גרם,false,,21.30,0.0533,true,1,2980837
7290003321155,false,יוגורט דנונה ביו עם,שטראוס,,יוגורט דנונה ביו עם,מיליליטרים,183.00,"100 מ""ל",false,,3.70,0.0202,true,1,1589632
7290003332007,false,קפה נחלה 250 ג,,,קפה נחלה 250 ג,גרמים,250.00,100 גרם,false,,11.90,0.0476,true,1,2138697
7290003332014,false,קפה נחלה 500 ג,,,קפה נחלה 500 ג,גרמים,500.00,100 גרם,false,,23.00,0.0460,true,1,2138698
7290003332021,false,קפה נחלה 1קג,,,קפה נחלה 1קג,100 קילו,1.00,100 קילו,false,,42.60,42.6000,true,1,2138699
7290003332045,false,קפה נחלה 250 ג בלי ה,,,קפה נחלה 250 ג בלי ה,גרמים,250.00,100 גרם,false,,11.90,0.0476,true,1,2138700
7290003387205,false,דאודורנט ספיד סטיק ר,ספיד סטיק,,דאודורנט ספיד סטיק ר,גרמים,63.00,100 גרם,false,,14.40,0.2286,true,1,1574657
7290003387410,false,פדים להסרת איפור בלו,בלונס,,פדים להסרת איפור בלו,יח',80.00,יח',false,,14.40,0.1800,true,1,1574659
7290003400500,false,חטיף קרמל בוטנים בצי,ליימן-שליסל,,חטיף קרמל בוטנים בצי,גרמים,47.00,100 גרם,false,,3.30,0.0702,true,1,1584469
7290003401420,false,קרם לחות לשיער נטורל,נטורל,,קרם לחות לשיער נטורל,מיליליטרים,400.00,"100 מ""ל",false,,17.00,0.0425,true,1,1579800
7290003401635,false,נטורל פורמולה לחות מ,נטורל,,נטורל פורמולה לחות מ,מיליליטרים,400.00,"100 מ""ל",false,,17.70,0.0442,true,1,1579801
7290003411054,false,שקיות לצליה הנמל 5 י,הנמל,,שקיות לצליה הנמל 5 י,יח',5.00,יח',false,,3.20,0.6400,true,1,1583187
7290003411276,false,עמבה הנמל 500 גרם,הנמל,,עמבה הנמל 500 גרם,גרמים,500.00,100 גרם,false,,8.50,0.0170,true,1,1583188
7290003414406,false,ריזס נטיפים לאפייה,ליימן-שליסל,,ריזס נטיפים לאפייה,גרמים,283.00,100 גרם,false,,12.70,0.0449,true,1,1584470
7290003423909,false,חטיף שוקולד לבן עם ש,הרשי,,חטיף שוקולד לבן עם ש,יח',1.00,יח',false,,3.30,3.3000,true,1,1584471
7290003427154,false,שמן זית כתית מעולה ט,זיתא,,שמן זית כתית מעולה ט,מיליליטרים,750.00,"100 מ""ל",false,,28.10,0.0375,true,1,1583829
7290003438013,false,ממרח זיתים ירוקים או,אוליביה,IL,ממרח זיתים ירוקים,גרמים,190.00,100 גרם,false,,11.00,0.0579,true,1,1571313
7290003438709,false,ממרח זיתים שחורים או,אוליביה,IL,ממרח זיתים שחורים,גרמים,190.00,100 גרם,false,,11.00,0.0579,true,1,1571325
7290003438990,false,עיטורי עגבניות מיובש,אוליביה,IL,עיטורי עגבניות,גרמים,280.00,100 גרם,false,,13.60,0.0486,true,1,1571329
7290003444009,false,שוקולד חלב במילוי חמ,הרשי,,שוקולד חלב במילוי חמ,יח',1.00,יח',false,,3.30,3.3000,true,1,1584472
7290003450602,false,ממרח חרדל היינץ לחיץ,היינץ צפון אמריקה מק,US,חרדל לחיץ 255 גרם,גרמים,255.00,100 גרם,false,,6.40,0.0251,true,1,1584215
7290003456284,false,"להקט מיקס 7.2 ק""ג","ביופט בע""מ",IL,לה קט מיקס 9קג,יח',1.00,יח',false,,102.50,102.5000,true,1,5125715
7290003464203,false,נתח קצבים טרי,,,נתח קצבים טרי,קילוגרמים,1.00,"ק""ג",true,,99.90,99.9000,true,1,5239381
7290003521074,false,מרכך שיער לילדים סרק,"ד""ר פישר",IL,סרקל מעצב ליטר,ליטרים,1.00,ליטר,false,,24.70,24.7000,true,1,1598847
7290003521081,false,סרקל שמפו אל דמע ליל,"ד""ר פישר",IL,סרקל שמפו ליטר,ליטרים,1.00,ליטר,false,,24.70,24.7000,true,1,1598848
7290003521166,false,סרקל קרם לקשרים רוזמ,"ד""ר פישר",IL,"סרקל קרם רוזמרין 325מ""ל",מיליליטרים,325.00,"100 מ""ל",false,,21.30,0.0655,true,1,1598849
7290003521197,false,סרקל מתיר קשרים 325,"ד""ר פישר",IL,"סרקל מתיר קשרים 340מ""ל",מיליליטרים,325.00,"100 מ""ל",false,,21.30,0.0655,true,1,1598851
7290003521203,false,סרקל שמפו לשיער לילד,"ד""ר פישר",IL,סרקל שמפו 2 ליטר,ליטרים,2.00,ליטר,false,,34.10,17.0500,true,1,1598852
7290003521210,false,סרקל מרכך לשיער לילד,"ד""ר פישר",IL,סרקל מעצב 2 ליטר,ליטרים,2.00,ליטר,false,,34.10,17.0500,true,1,1598853
7290003521340,false,קמיל בלו אל סבון קלא,"ד""ר פישר",IL,קמיל בלו קלאסיק 2 ליטר,ליטרים,2.00,ליטר,false,,29.00,14.5000,true,1,1598854
7290003521395,false,קמיל בלו אל סבון לתי,"ד""ר פישר",IL,קמיל בלו סנסיטיב אל סבון,ליטרים,2.00,ליטר,false,,29.80,14.9000,true,1,1598855
7290003521463,false,קמיל בלו שמפו לשיער,"ד""ר פישר",IL,ק.ב סנסטיב אל דמע 2 ליטר,ליטרים,2.00,ליטר,false,,29.80,14.9000,true,1,1598858
7290003521760,false,אפטרסול ג'ל אלוורה ש,"ד""ר פישר",IL,אפטרסול חדש ג'ל אלוורה 20,מיליליטרים,200.00,"100 מ""ל",false,,15.30,0.0765,true,1,1598859
7290003525898,false,סלט טונה 160 גרם,נטו מלינדה,,סלט טונה 160 גרם,גרמים,160.00,100 גרם,false,,12.70,0.0794,true,1,1581420
7290003525904,false,סלט טונה פיקנטי וילי,ויליגר,,סלט טונה פיקנטי וילי,גרמים,480.00,100 גרם,false,,12.70,0.0265,true,1,1581421
7290003550753,false,טונה פוסידון בשמן 4*,פוסידון,,טונה פוסידון בשמן 4*,גרמים,308.00,100 גרם,false,,17.00,0.0552,true,1,1581436
7290003550937,false,רגל קפוא בקר פרוסה נ,נטו מלינדה,,רגל קפוא בקר פרוסה נ,קילוגרמים,1.00,"ק""ג",true,,30.70,30.7000,true,1,1581172
7290003569021,false,כרובית ארוזה יח' רמי,,,כרובית ארוזה יח' רמי,יח',1.00,יח',false,,8.90,8.9000,true,1,2049981
7290003578078,false,קוקטייל פירות בסירופ,וילי פוד,,קוקטייל פירות בסירופ,גרמים,850.00,100 גרם,false,,8.40,0.0099,true,1,1583533
7290003578108,false,אננס חתוך ויליפוד 85,וילי פוד,,אננס חתוך ויליפוד 85,גרמים,850.00,100 גרם,false,,7.60,0.0089,true,1,1583535
7290003578177,false,תירס צעיר שלם וילי פ,וילי פוד,,תירס צעיר שלם וילי פ,גרמים,210.00,100 גרם,false,,5.60,0.0267,true,1,1583538
7290003578412,false,אפרסקים וילי פוד 470,וילי פוד,,אפרסקים וילי פוד 470,גרמים,470.00,100 גרם,false,,8.50,0.0181,true,1,1583542
7290003578672,false,ויליפוד שמן חמניות 1,וילי פוד,,ויליפוד שמן חמניות 1,ליטרים,1.00,ליטר,false,,7.60,7.6000,true,1,5335045
7290003643004,false,סוגת אורז בסמטי קלאס,סוגת,,סוגת אורז בסמטי קלאס,גרמים,1000.00,100 גרם,false,,11.00,0.0110,true,1,1566591
7290003643325,false,סוגת קוסקוס בינוני 3,אסיף,IL,קוסקוס בינוני 350 גרם,גרמים,350.00,100 גרם,false,,4.20,0.0120,true,1,1579361
7290003643387,false,סוכר לבן צנצנת סוגת,סוגת,IL,סוכר לבן בצנצנת 1 קג,גרמים,1000.00,100 גרם,false,,6.80,0.0068,true,1,1579364
7290003643646,false,סוכר דמררה קלאסי סוג,סוגת,IL,סוכר חום דמררה צנצנת 1 קג,יח',1.00,יח',false,,11.00,11.0000,true,1,1579365
7290003643684,false,סוגת אפונה 500 גרם,סוגת,IL,אפונה 500 גר,גרמים,500.00,100 גרם,false,,5.00,0.0100,true,1,1579366
7290003643707,false,סוגת גריסים 500 גרם,סוגת,IL,גריסים 500 גר,גרמים,500.00,100 גרם,false,,3.80,0.0076,true,1,1579367
7290003643714,false,סוגת חומוס 500 גרם,סוגת,IL,חומוס 500 גר,גרמים,500.00,100 גרם,false,,6.70,0.0134,true,1,1579368
7290003643738,false,סוגת חיטה 500 גרם,סוגת,IL,חיטה 500 גר,גרמים,500.00,100 גרם,false,,3.80,0.0076,true,1,1579369
7290003643745,false,סוגת כוסמת 500 גרם,סוגת,IL,כוסמת 500 גר,גרמים,500.00,100 גרם,false,,5.90,0.0118,true,1,1566592
7290003643752,false,סוגת עדשים ירוקות 50,סוגת,IL,עדשים ירוקים 500 גר,גרמים,500.00,100 גרם,false,,5.90,0.0118,true,1,1579370
7290003643769,false,סוגת עדשים אדומות 50,סוגת,IL,עדשים אדומים 500 גר,גרמים,500.00,100 גרם,false,,5.90,0.0118,true,1,1579371
7290003643776,false,סוגת פופקורן 500 גרם,סוגת,IL,פופקורן 500 גר,גרמים,500.00,100 גרם,false,,4.70,0.0094,true,1,1579372
7290003643806,false,סוגת שעועית לבנה 500,סוגת,IL,שעועית לבנה 500 גר,גרמים,500.00,100 גרם,false,,9.30,0.0186,true,1,1579374
7290003643813,false,סוגת שעועית 500 אדומ,סוגת,IL,שעועית אדומה 500 גר,גרמים,500.00,100 גרם,false,,9.30,0.0186,true,1,1579375
7290003680184,false,מסחטת מיץ,,,מסחטת מיץ,יח',1.00,יח',false,,6.70,6.7000,true,1,1566915
7290003726141,false,טופו אמיתי כפרי בריא,מחלבות גד,,טופו אמיתי כפרי בריא,גרמים,300.00,100 גרם,false,,8.50,0.0283,true,1,1578210
7290003726615,false,טופו ויילר 300 גר,,,טופו ויילר 300 גר,יח',1.00,יח',false,,9.30,9.3000,true,1,4738736
7290003726868,false,טופו חומוס בתוספת עג,,,טופו חומוס בתוספת עג,גרמים,300.00,100 גרם,false,,11.00,0.0367,true,1,5347211
7290003781065,false,מלפפונים בחומץ קטנים,וילי פוד,,מלפפונים בחומץ קטנים,גרמים,370.00,100 גרם,false,,8.50,0.0230,true,1,1583546
7290003781850,false,גבינת קשקבל פרוסות 2,,,גבינת קשקבל פרוסות 2,יח',1.00,יח',false,,17.00,17.0000,true,1,5307759
7290003804252,false,תיבולית הודי קנור 72,קנור,,תיבולית הודי קנור 72,גרמים,72.00,100 גרם,false,,6.30,0.0875,true,1,1578946
7290003804320,false,תיבולית שום ופטרוזיל,קנור,,תיבולית שום ופטרוזיל,גרמים,80.00,100 גרם,false,,6.30,0.0787,true,1,1578948
7290003804368,false,תיבולית בזיליקום קנו,קנור,,תיבולית בזיליקום קנו,גרמים,72.00,100 גרם,false,,6.30,0.0875,true,1,1578951
7290003804382,false,תיבולית פטריות קנור,קנור,,תיבולית פטריות קנור,גרמים,72.00,100 גרם,false,,6.30,0.0875,true,1,1578953
7290003807178,false,רוטב סויה בסגנון סינ,קנור,,רוטב סויה בסגנון סינ,מיליליטרים,300.00,"100 מ""ל",false,,8.50,0.0283,true,1,1579007
7290003864485,false,סרדין ברוטב עגבניות,וילי פוד,,סרדין ברוטב עגבניות,גרמים,85.00,100 גרם,false,,4.20,0.0494,true,1,1583552
7290003882922,false,עלי גפן ממולאים באור,וילי פוד,,עלי גפן ממולאים באור,גרמים,360.00,100 גרם,false,,7.30,0.0203,true,1,1583557
7290003896141,false,אלמנדוס חטיף ספרדי פ,קליית גת,,אלמנדוס חטיף ספרדי פ,גרמים,200.00,100 גרם,false,,7.40,0.0370,true,1,1584852
7290003903771,false,קפוצ'ינו 200 גרם,עלית,,קפוצ'ינו 200 גרם,גרמים,200.00,100 גרם,false,,20.40,0.1020,true,1,1575331
7290003976751,false,מילוי למטהר אויר אוט,,,מילוי למטהר אויר אוט,יח',1.00,יח',false,,7.60,7.6000,true,1,5264245
7290003976799,false,ג'ל מסיר כתמים 3 ליט,,,ג'ל מסיר כתמים 3 ליט,יח',1.00,יח',false,,20.40,20.4000,true,1,5259199
7290003989096,false,סלט חצילים פיקנטי אח,אחלה,,סלט חצילים פיקנטי אח,גרמים,500.00,100 גרם,false,,12.70,0.0254,true,1,1589634
7290003989539,false,פסטה רביולי גבינה 40,שטראוס,,פסטה רביולי גבינה 40,גרמים,400.00,100 גרם,false,,16.90,0.0422,true,1,1589635
7290003989553,false,פסטה טורטליני גבינה,שטראוס,,פסטה טורטליני גבינה,גרמים,400.00,100 גרם,false,,16.90,0.0422,true,1,1589636
7290003996070,false,נענע (שקית )חסלט,חסלט,,נענע (שקית )חסלט,יח',1.00,יח',false,,6.80,6.8000,true,1,1591434
7290003996209,false,פטריות שמפניון חסלט,,,פטריות שמפניון חסלט,יח',1.00,יח',false,,9.90,9.9000,true,1,5279572
7290004011277,false,בסיס לבישול והקרמה צ,ריצ',,בסיס לבישול והקרמה צ,מיליליטרים,220.00,"100 מ""ל",false,,6.80,0.0309,true,1,1581442
7290004011284,false,בסיס להכנת קצפת ריצ',ריצ',,בסיס להכנת קצפת ריצ',מיליליטרים,212.00,"100 מ""ל",false,,5.90,0.0278,true,1,1581443
7290004011291,false,בסיס להכנת קצפת ריצ',ריצ',,בסיס להכנת קצפת ריצ',מיליליטרים,425.00,"100 מ""ל",false,,11.00,0.0259,true,1,1581444
7290004011338,false,ספריי קצפת מתוקה מוכ,ריצ',,ספריי קצפת מתוקה מוכ,מיליליטרים,250.00,"100 מ""ל",false,,7.60,0.0304,true,1,1581445
7290004011345,false,ספריי קצפת מתוקה מוכ,ריצ',,ספריי קצפת מתוקה מוכ,מיליליטרים,238.00,"100 מ""ל",false,,7.60,0.0319,true,1,1581446
7290004011796,false,קבבונים אל גאוצ'ו 40,טיבון ויל,,קבבונים אל גאוצ'ו 40,גרמים,45.00,100 גרם,false,,19.60,0.4356,true,1,1581451
7290004011802,false,צ'וריסוס אל גאוצ'ו 4,טיבון ויל,,צ'וריסוס אל גאוצ'ו 4,גרמים,400.00,100 גרם,false,,20.40,0.0510,true,1,1581452
7290004011819,false,המבורגר ריב אנטריקוט,טיבון ויל,,המבורגר ריב אנטריקוט,גרמים,360.00,100 גרם,false,,18.70,0.0519,true,1,1581453
7290004011826,false,מיני המבורגר ריב 320,טיבון ויל,,מיני המבורגר ריב 320,גרמים,320.00,100 גרם,false,,18.70,0.0584,true,1,1581454
7290004014407,false,אמ אנד אם חטיף 46 גר,אם אנד אם,,אמ אנד אם חטיף 46 גר,גרמים,46.00,100 גרם,false,,4.10,0.0891,true,1,1580600
7290004022309,false,אם אנד אם חמאת בוטני,מרס,US,אם אנד אם חמאת בוטני,גרמים,80.00,100 גרם,false,,5.00,0.0625,true,1,1979831
7290004026776,false,לחם מחמצת אגוזים וצי,,,לחם מחמצת אגוזים וצי,יח',1.00,יח',false,,14.40,14.4000,true,1,5305662
7290004030018,false,מיץ לימון סחוט רכיבי,פרי ניב,,מיץ לימון סחוט רכיבי,מיליליטרים,500.00,"100 מ""ל",false,,5.50,0.0110,true,1,1607317
7290004030100,false,מיץ תפוזים ולנסיה סח,,,מיץ תפוזים ולנסיה סח,מטרים,1000.00,100 מ'ל,false,,13.50,0.0135,true,1,5230924
7290004030216,false,נקטר חמוציות 1 ליטר,,,נקטר חמוציות 1 ליטר,100 מל,1000.00,100 מל,false,,10.90,0.0109,true,1,1607324
7290004030445,false,מיץ תפוזים סחוט רכיב,פרי ניב,,מיץ תפוזים סחוט רכיב,ליטרים,1.00,ליטר,false,,11.90,11.9000,true,1,1607338
7290004030544,false,משקה קל לימונענע 1,פרי ניב,,משקה קל לימונענע 1,ליטרים,1.00,ליטר,false,,11.10,11.1000,true,1,1607339
7290004030612,false,מיץ תפוח קיווי אגס,פרי ניב,,מיץ תפוח קיווי אגס,ליטרים,1.00,ליטר,false,,11.90,11.9000,true,1,1607342
7290004030810,false,100% מיץ תפוז בננה ו,פרי ניב,,100% מיץ תפוז בננה ו,ליטרים,1.00,ליטר,false,,14.50,14.5000,true,1,1607351
7290004033705,false,לחמניות המבורגר ביג,,,לחמניות המבורגר ביג,יח',1.00,יח',false,,11.00,11.0000,true,1,5311997
7290004033736,false,לחם עננים סגנון בריו,,,לחם עננים סגנון בריו,גרמים,500.00,100 גרם,false,,11.90,0.0238,true,1,5342347
7290004033750,false,לחמניות עננים סגנון,,,לחמניות עננים סגנון,100 יח',125.00,100 יח',false,,11.90,0.0952,true,1,5425312
7290004034610,false,המבורגר ריב אנטריקוט,,,המבורגר ריב אנטריקוט,גרמים,360.00,100 גרם,false,,23.00,0.0639,true,1,3970288
7290004034627,false,קבב 400גר קפוא מחפוד,,,קבב 400גר קפוא מחפוד,גרמים,360.00,100 גרם,false,,23.00,0.0639,true,1,3970308
7290004034641,false,קציצות מתובלות לאש 4,,,קציצות מתובלות לאש 4,גרמים,360.00,100 גרם,false,,23.00,0.0639,true,1,3970310
7290004043108,false,אם אנד אם שוקולד 89,מרס,US,אם אנד אם שוקולד 89,גרמים,89.00,100 גרם,false,,5.00,0.0562,true,1,1979832
7290004043205,false,אם אנד אם בוטנים 93,מרס,US,אם אנד אם בוטנים 93,גרמים,93.00,100 גרם,false,,5.00,0.0538,true,1,2045811
7290004061449,false,טופ שף שניצל אמרקאי,,,טופ שף שניצל אמרקאי,גרמים,700.00,100 גרם,false,,9.80,0.0140,true,1,5243521
7290004061487,false,טבעות עוף 700,,,טבעות עוף 700,גרמים,700.00,100 גרם,false,,9.80,0.0140,true,1,5243522
7290004063016,false,מלח שולחן דק סלית 1,סלית,,מלח שולחן דק סלית 1,גרמים,1000.00,100 גרם,false,,1.50,0.0015,true,1,1590424
7290004063092,false,מלח הארץ מלח מדיח 2,מלח הארץ,,מלח הארץ מלח מדיח 2,קילוגרמים,2.00,"ק""ג",false,,10.10,5.0500,true,1,1583835
7290004063115,false,מלח מטבח עבה סלית 1,סלית,,מלח מטבח עבה סלית 1,גרמים,1000.00,100 גרם,false,,1.50,0.0015,true,1,1590425
7290004064082,false,מטחנה מלח ים 250 גר,מלח הארץ,IL,מטחנה מלח ים 250 גר,גרמים,250.00,100 גרם,false,,11.00,0.0440,true,1,1583848
7290004064099,false,מטחנה מלח מהרי האימל,מלח הארץ,IL,מטחנה מלח מהרי האימל,גרמים,250.00,100 גרם,false,,13.60,0.0544,true,1,1583849
7290004064174,false,מלח הימלאיה דק צנצנת,,,מלח הימלאיה דק צנצנת,100 קילו,1.00,100 קילו,false,,12.70,12.7000,true,1,2955646
7290004064181,false,מלח הימלאיה גס צנצנת,,,מלח הימלאיה גס צנצנת,100 קילו,1.00,100 קילו,false,,12.70,12.7000,true,1,2955647
7290004064228,false,מטחנת מלח אקסטרא שום,,,מטחנת מלח אקסטרא שום,גרמים,125.00,100 גרם,false,,13.60,0.1088,true,1,4150004
7290004064297,false,מלח מועשר ביוד צנצנת,,,מלח מועשר ביוד צנצנת,גרמים,1000.00,100 גרם,false,,7.60,0.0076,true,1,4751724
7290004064303,false,מלח אטלנטי צנצנת 800,,,מלח אטלנטי צנצנת 800,גרמים,800.00,100 גרם,false,,15.30,0.0191,true,1,4751725
7290004064310,false,מלח פלוס בצל מלחייה,,,מלח פלוס בצל מלחייה,גרמים,175.00,100 גרם,false,,8.50,0.0486,true,1,5315078
7290004064365,false,מלח דק מועשר ביוד קר,,,מלח דק מועשר ביוד קר,גרמים,1000.00,100 גרם,false,,5.00,0.0050,true,1,5163653
7290004068028,false,משקה ציזיקי גד 500 מ,מחלבות גד,,משקה ציזיקי גד 500 מ,מיליליטרים,500.00,"100 מ""ל",false,,6.80,0.0136,true,1,1578212
7290004068035,false,איירן 500מל,,,איירן 500מל,מיליליטרים,500.00,"100 מ""ל",false,,6.80,0.0136,true,1,1578213
7290004068172,false,יוגורט עזים דלי 600ג,מחלבות גד,,יוגורט עזים דלי 600ג,גרמים,600.00,100 גרם,false,,14.40,0.0240,true,1,1578215
7290004068332,false,קממבר בקר משולש שקיל,,,קממבר בקר משולש שקיל,קילוגרמים,1.00,"ק""ג",true,,89.70,89.7000,true,1,3737789
7290004075231,false,סטייק אנטריקוט פרמיו,,,סטייק אנטריקוט פרמיו,יח',1.00,יח',false,,25.60,25.6000,true,1,4716519
7290004075248,false,סינטה עגל פרימיום פר,,,סינטה עגל פרימיום פר,יח',1.00,יח',false,,22.10,22.1000,true,1,5255718
7290004075309,false,סינטה לתנור קפוא מחפ,,,סינטה לתנור קפוא מחפ,קילוגרמים,1.00,"ק""ג",true,,85.40,85.4000,true,1,5394243
7290004078263,false,צמרוני אוזניים בלונס,בלונס,,צמרוני אוזניים בלונס,יח',400.00,יח',false,,8.50,0.0213,true,1,1574690
7290004078270,false,נוזל לניקוי כלים ברי,פלמוליב,,נוזל לניקוי כלים ברי,ליטרים,1.00,ליטר,false,,11.80,11.8000,true,1,1574691
7290004078690,false,אג'קס נוזל לניקוי אס,אג'קס,,אג'קס נוזל לניקוי אס,מיליליטרים,750.00,"100 מ""ל",false,,12.70,0.0169,true,1,1574693
7290004078942,false,דאודורנט ג'ל פרש ליי,ספיד סטיק,,דאודורנט ג'ל פרש ליי,גרמים,63.00,100 גרם,false,,12.70,0.2016,true,1,1574694
7290004119010,false,גבינת שדה,תנובה,,גבינת שדה,גרמים,500.00,100 גרם,false,,10.20,0.0204,true,1,1573038
7290004119133,false,יוגורט תנובה 6.5% כד,תנובה,,יוגורט תנובה 6.5% כד,ליטרים,1.50,ליטר,false,,14.40,9.6000,true,1,1573039
7290004119225,false,יופלה יוגורט אננס %3,יופלה,,יופלה יוגורט אננס %3,מיליליטרים,150.00,"100 מ""ל",false,,4.00,0.0267,true,1,1573040
7290004119522,false,שוקו בשקית תנובה 225,תנובה,,שוקו בשקית תנובה 225,מיליליטרים,225.00,"100 מ""ל",false,,2.10,0.0093,true,1,1573041
7290004119928,false,קרלו מעדן וניל גביע,תנובה,,קרלו מעדן וניל גביע,מיליליטרים,125.00,"100 מ""ל",false,,2.40,0.0192,true,1,1573043
7290004119973,false,קרלו מעדן שוקולד 2%,תנובה,,קרלו מעדן שוקולד 2%,מיליליטרים,125.00,"100 מ""ל",false,,2.40,0.0192,true,1,1573044
7290004120061,false,קרלו שוניל 1.5% 125,תנובה,,קרלו שוניל 1.5% 125,מיליליטרים,125.00,"100 מ""ל",false,,2.50,0.0200,true,1,1573045
7290004120108,false,יופלה דיאט יוגורט דו,יופלה,,יופלה דיאט יוגורט דו,מיליליטרים,150.00,"100 מ""ל",false,,4.00,0.0267,true,1,1573046
7290004120283,false,"שוק שוקו בד""צ שקית 2",תנובה,,"שוק שוקו בד""צ שקית 2",מיליליטרים,225.00,"100 מ""ל",false,,2.30,0.0102,true,1,1573049
7290004120566,false,פיראוס בולגרית גביע,תנובה,,פיראוס בולגרית גביע,גרמים,250.00,100 גרם,false,,17.00,0.0680,true,1,1573050
7290004120573,false,פיראוס בולגרית גביע,תנובה,,פיראוס בולגרית גביע,גרמים,250.00,100 גרם,false,,17.00,0.0680,true,1,1573051
7290004120634,false,פיראוס בולגרית גביע,תנובה,,פיראוס בולגרית גביע,גרמים,250.00,100 גרם,false,,17.00,0.0680,true,1,1573052
7290004120832,false,חלב תנובה טרי %3 כד,תנובה,,חלב תנובה טרי %3 כד,ליטרים,2.00,ליטר,false,,10.60,5.3000,true,1,1573053
7290004121488,false,יופלה דיאט אפרסק 0%,יופלה,,יופלה דיאט אפרסק 0%,מיליליטרים,150.00,"100 מ""ל",false,,4.00,0.0267,true,1,1573054
7290004121525,false,מאגדת שמיניה יופלה פ,יופלה,,מאגדת שמיניה יופלה פ,ליטרים,1.20,ליטר,false,,23.80,19.8333,true,1,1573055
7290004121754,false,יופלה יוגורט עוגת גב,יופלה,,יופלה יוגורט עוגת גב,מיליליטרים,150.00,"100 מ""ל",false,,4.10,0.0273,true,1,1573057
7290004121839,false,פיראוס פטה כבשים 20%,תנובה,,פיראוס פטה כבשים 20%,גרמים,250.00,100 גרם,false,,21.30,0.0852,true,1,1573058
7290004121853,false,פיראוס קוביות בולגרי,תנובה,,פיראוס קוביות בולגרי,גרמים,200.00,100 גרם,false,,17.00,0.0850,true,1,1573059
7290004122119,false,פתיתי פרמזן לפסטה 10,תנובה,,פתיתי פרמזן לפסטה 10,גרמים,100.00,100 גרם,false,,9.30,0.0930,true,1,1573062
7290004122195,false,גוש חלב פרוס 200 %28,תנובה,,גוש חלב פרוס 200 %28,גרמים,200.00,100 גרם,false,,11.00,0.0550,true,1,1573063
7290004122270,false,עמק פרוס בקופסא 200,תנובה,,עמק פרוס בקופסא 200,גרמים,200.00,100 גרם,false,,13.50,0.0675,true,1,1573064
7290004122348,false,עמק לייט פרוס 200 גר,תנובה,,עמק לייט פרוס 200 גר,גרמים,200.00,100 גרם,false,,14.20,0.0710,true,1,1573066
7290004122676,false,פיראוס חמד לייט 5% 2,תנובה,,פיראוס חמד לייט 5% 2,גרמים,250.00,100 גרם,false,,15.00,0.0600,true,1,1566447
7290004122683,false,אצבעות 28% חטיף גבינ,תנובה,,אצבעות 28% חטיף גבינ,גרמים,172.00,100 גרם,false,,13.60,0.0791,true,1,1573070
7290004124205,false,יופלה דיאט יוגורט תו,יופלה,,יופלה דיאט יוגורט תו,מיליליטרים,150.00,"100 מ""ל",false,,4.00,0.0267,true,1,1573078
7290004124847,false,קצפת צמחית השף הלבן,תנובה,,קצפת צמחית השף הלבן,מיליליטרים,500.00,"100 מ""ל",false,,11.90,0.0238,true,1,1573079
7290004125370,false,שמנת אורגינל 9% 200מ,תנובה,,שמנת אורגינל 9% 200מ,מיליליטרים,200.00,"100 מ""ל",false,,3.00,0.0150,true,1,1573081
7290004125400,false,אשל 4.5% 200מל מהדרי,תנובה,,אשל 4.5% 200מל מהדרי,מיליליטרים,200.00,"100 מ""ל",false,,1.40,0.0070,true,1,1573082
7290004125417,false,גיל 3% 200מל מהדרין,תנובה,,גיל 3% 200מל מהדרין,מיליליטרים,200.00,"100 מ""ל",false,,1.30,0.0065,true,1,1573083
7290004125455,false,שמנת אורגינל 15% 200,תנובה,,שמנת אורגינל 15% 200,מיליליטרים,200.00,"100 מ""ל",false,,2.10,0.0105,true,1,1573084
7290004125462,false,שמנת אורגינל 15% 500,תנובה,,שמנת אורגינל 15% 500,מיליליטרים,500.00,"100 מ""ל",false,,5.00,0.0100,true,1,1573085
7290004125509,false,שמנת חמוצה 15% תנובה,תנובה,,שמנת חמוצה 15% תנובה,מטרים,100.00,100 מ'ל,false,,1.40,0.0140,true,1,1573086
7290004125578,false,משקה סויה מועשר 1 לי,תנובה,,משקה סויה מועשר 1 לי,ליטרים,1.00,ליטר,false,,8.50,8.5000,true,1,1573087
7290004125585,false,משקה סויה וניל על הב,תנובה,,משקה סויה וניל על הב,ליטרים,1.00,ליטר,false,,8.50,8.5000,true,1,1573088
7290004125721,false,השף הלבן שמנת עמידה,תנובה,,השף הלבן שמנת עמידה,מיליליטרים,250.00,"100 מ""ל",false,,6.80,0.0272,true,1,1573089
7290004125738,false,השף הלבן שמנת להקצפה,תנובה,,השף הלבן שמנת להקצפה,מיליליטרים,250.00,"100 מ""ל",false,,5.00,0.0200,true,1,1573090
7290004125776,false,עמק פרוס 28% 400 גרם,תנובה,,עמק פרוס 28% 400 גרם,גרמים,400.00,100 גרם,false,,23.80,0.0595,true,1,1573092
7290004126674,false,טל העמק לייט %9 200,תנובה,,טל העמק לייט %9 200,גרמים,200.00,100 גרם,false,,15.30,0.0765,true,1,1573094
7290004126759,false,יופלה דיאט פירות יער,יופלה,,יופלה דיאט פירות יער,מיליליטרים,150.00,"100 מ""ל",false,,4.10,0.0273,true,1,1573095
7290004126872,false,"שוקו תנובה 250 מ""ל",תנובה,,"שוקו תנובה 250 מ""ל",מיליליטרים,250.00,"100 מ""ל",false,,4.50,0.0180,true,1,1573096
7290004127077,false,קוטג תנובה 3% גביע 2,תנובה,,קוטג תנובה 3% גביע 2,גרמים,250.00,100 גרם,false,,4.60,0.0184,true,1,1573097
7290004127329,false,קוטג תנובה גביע 250,תנובה,,קוטג תנובה גביע 250,גרמים,250.00,100 גרם,false,,4.70,0.0188,true,1,1573098
7290004127336,false,קוטג תנובה גביע 250,תנובה,,קוטג תנובה גביע 250,גרמים,250.00,100 גרם,false,,4.60,0.0184,true,1,1573099
7290004127800,false,גבינה לבנה 5% 500 גר,תנובה,,גבינה לבנה 5% 500 גר,גרמים,500.00,100 גרם,false,,8.30,0.0166,true,1,1573103
7290004127817,false,גבינה לבנה 9% 500 גר,תנובה,,גבינה לבנה 9% 500 גר,גרמים,500.00,100 גרם,false,,7.60,0.0152,true,1,1573104
7290004127862,false,גבינה לבנה 5% 750 גר,תנובה,,גבינה לבנה 5% 750 גר,גרמים,750.00,100 גרם,false,,12.40,0.0165,true,1,1573105
7290004127916,false,גבינה לבנה 1/2% תנוב,תנובה,,גבינה לבנה 1/2% תנוב,גרמים,500.00,100 גרם,false,,7.60,0.0152,true,1,1573107
7290004128333,false,פיראוס גבינת לאבנה 9,תנובה,,פיראוס גבינת לאבנה 9,גרמים,500.00,100 גרם,false,,16.20,0.0324,true,1,1566449
7290004128340,false,קרם גבינת שמנת %5 בט,תנובה,,קרם גבינת שמנת %5 בט,גרמים,200.00,100 גרם,false,,9.30,0.0465,true,1,1573113
7290004128364,false,גבינת שמנת בטעם זיתי,תנובה,,גבינת שמנת בטעם זיתי,גרמים,200.00,100 גרם,false,,9.30,0.0465,true,1,1573114
7290004128432,false,פתיתים מיוחדים לפיצה,תנובה,,פתיתים מיוחדים לפיצה,גרמים,500.00,100 גרם,false,,18.60,0.0372,true,1,1573115
7290004129101,false,נפוליאון טבעי גביע 2,תנובה,,נפוליאון טבעי גביע 2,גרמים,225.00,100 גרם,false,,11.00,0.0489,true,1,1573116
7290004129156,false,נפוליאון שום שמיר גב,תנובה,,נפוליאון שום שמיר גב,גרמים,225.00,100 גרם,false,,11.00,0.0489,true,1,1573118
7290004129767,false,יופלה לבן 3% מאגדת 8,יופלה,,יופלה לבן 3% מאגדת 8,קילוגרמים,1.20,"ק""ג",false,,14.40,12.0000,true,1,1573122
7290004130695,false,אייס קפה תנובה 1 ליט,תנובה,,אייס קפה תנובה 1 ליט,ליטרים,1.00,ליטר,false,,10.70,10.7000,true,1,1573123
7290004130794,false,משקה סויה טבעי במתיק,תנובה,,משקה סויה טבעי במתיק,ליטרים,1.00,ליטר,false,,8.50,8.5000,true,1,1573124
7290004130916,false,יופלה פירות יער בשמנ,יופלה,,יופלה פירות יער בשמנ,מיליליטרים,150.00,"100 מ""ל",false,,4.00,0.0267,true,1,1573125
7290004131074,false,חלב תנובה טרי1ל קרטו,תנובה,,חלב תנובה טרי1ל קרטו,ליטרים,1.00,ליטר,false,,5.30,5.3000,true,1,1573127
7290004131432,false,יופלה לבן 3% גביע 20,יופלה,,יופלה לבן 3% גביע 20,מיליליטרים,200.00,"100 מ""ל",false,,3.20,0.0160,true,1,1573132
7290004131456,false,יופלה לבן 1.5% גביע,יופלה,,יופלה לבן 1.5% גביע,מיליליטרים,200.00,"100 מ""ל",false,,3.20,0.0160,true,1,1573133
7290004131531,false,שוקו תנובה בקבוק 1 ל,תנובה,,שוקו תנובה בקבוק 1 ל,ליטרים,1.00,ליטר,false,,10.20,10.2000,true,1,1573136
7290004131814,false,פיראוס צפתית 5% מעוד,תנובה,,פיראוס צפתית 5% מעוד,גרמים,200.00,100 גרם,false,,11.90,0.0595,true,1,1573140
7290004131845,false,פיראוס לאבנה 9% גביע,תנובה,,פיראוס לאבנה 9% גביע,גרמים,750.00,100 גרם,false,,17.80,0.0237,true,1,1573141
7290004132552,false,משקה סויה לייט בטעם,תנובה,,משקה סויה לייט בטעם,ליטרים,1.00,ליטר,false,,8.50,8.5000,true,1,1573147
7290004132606,false,קרלו מעדן חלב בטעם ו,תנובה,,קרלו מעדן חלב בטעם ו,מיליליטרים,800.00,"100 מ""ל",false,,11.30,0.0141,true,1,1573148
7290004132712,false,חטיף אצבעות גבינת מו,תנובה,,חטיף אצבעות גבינת מו,גרמים,172.00,100 גרם,false,,13.60,0.0791,true,1,1573150
7290004132903,false,גבינה לבנה 3% מהדרין,תנובה,,גבינה לבנה 3% מהדרין,גרמים,250.00,100 גרם,false,,4.00,0.0160,true,1,1573153
7290004133511,false,יופלה מאגדת שמיניה ל,יופלה,,יופלה מאגדת שמיניה ל,ליטרים,1.20,ליטר,false,,17.00,14.1667,true,1,1573159
7290004135058,false,מאגדת קרלו מיני שוקו,תנובה,,מאגדת קרלו מיני שוקו,מיליליטרים,800.00,"100 מ""ל",false,,11.30,0.0141,true,1,1573167
7290004135225,false,מעדן חלב דל קלוריות,תנובה,,מעדן חלב דל קלוריות,מיליליטרים,150.00,"100 מ""ל",false,,3.20,0.0213,true,1,1573171
7290004135614,false,פיראוס בולגרית מעודנ,תנובה,,פיראוס בולגרית מעודנ,גרמים,250.00,100 גרם,false,,16.20,0.0648,true,1,1566451
7290004136154,false,"אייס קפה 340 מ""ל",תנובה,,"אייס קפה 340 מ""ל",מיליליטרים,340.00,"100 מ""ל",false,,5.60,0.0165,true,1,1573179
7290004136598,false,מארז הפסקת אוכל חלב,תנובה,,מארז הפסקת אוכל חלב,מיליליטרים,150.00,"100 מ""ל",false,,7.60,0.0507,true,1,1566452
7290004136857,false,ג'לי תנובה פטל,תנובה,,ג'לי תנובה פטל,מיליליטרים,125.00,"100 מ""ל",false,,1.80,0.0144,true,1,1573186
7290004136864,false,מעדן ג'לי בטעם אננס,תנובה,,מעדן ג'לי בטעם אננס,מיליליטרים,125.00,"100 מ""ל",false,,2.20,0.0176,true,1,1573187
7290004136871,false,מעדן ג'לי בטעם אפרסק,תנובה,,מעדן ג'לי בטעם אפרסק,מיליליטרים,125.00,"100 מ""ל",false,,2.10,0.0168,true,1,1573188
7290004137021,false,שמנת עמידה לבישול 10,תנובה,,שמנת עמידה לבישול 10,מיליליטרים,250.00,"100 מ""ל",false,,6.80,0.0272,true,1,1573190
7290004137311,false,עמק לייט פרוס 400 גר,תנובה,,עמק לייט פרוס 400 גר,גרמים,400.00,100 גרם,false,,25.60,0.0640,true,1,1573192
7290004137809,false,פיראוס לאבנה 5% גביע,תנובה,,פיראוס לאבנה 5% גביע,גרמים,250.00,100 גרם,false,,10.20,0.0408,true,1,1573193
7290004165000,false,רסק תפוחי עץ בתוספת,יכין,,רסק תפוחי עץ בתוספת,גרמים,560.00,100 גרם,false,,6.80,0.0121,true,1,1585275
7290004194178,false,עוף קפוא מחפוד,עוף ירושלים,,עוף קפוא מחפוד,קילוגרמים,1.00,"ק""ג",true,,21.30,21.3000,true,1,1589147
7290004194208,false,כרעיים עוף מחפוד,עוף ירושלים,,כרעיים עוף מחפוד,קילוגרמים,1.00,"ק""ג",true,,28.10,28.1000,true,1,1589150
7290004194239,false,חזה עוף מחפוד,עוף ירושלים,,חזה עוף מחפוד,קילוגרמים,1.00,"ק""ג",true,,28.10,28.1000,true,1,1589151
7290004194253,false,כנפיים עוף מחפוד,עוף ירושלים,,כנפיים עוף מחפוד,קילוגרמים,1.00,"ק""ג",true,,11.90,11.9000,true,1,1589152
7290004194260,false,שוקיים עוף מחפוד,עוף ירושלים,,שוקיים עוף מחפוד,קילוגרמים,1.00,"ק""ג",true,,25.60,25.6000,true,1,1589153
7290004194307,false,כבד עוף קפוא מחפוד,עוף ירושלים,,כבד עוף קפוא מחפוד,קילוגרמים,1.00,"ק""ג",true,,25.60,25.6000,true,1,1589156
7290004194314,false,לבבות עוף מחפוד,עוף ירושלים מהדרין,,לבבות עוף מחפוד,קילוגרמים,1.00,"ק""ג",true,,29.80,29.8000,true,1,1589157
7290004194345,false,שניצל עוף פרוס מחפוד,עוף ירושלים,,שניצל עוף פרוס מחפוד,קילוגרמים,1.00,"ק""ג",true,,29.80,29.8000,true,1,1589159
7290004194536,false,חזה עוף טרי מחפוד אר,עוף ירושלים מהדרין,,חזה עוף טרי מחפוד אר,קילוגרמים,1.00,"ק""ג",true,,28.10,28.1000,true,1,1604066
7290004194697,false,כנף חצוי קפוא מחפוד,עוף ירושלים מהדרין,,כנף חצוי קפוא מחפוד,קילוגרמים,1.00,"ק""ג",true,,11.90,11.9000,true,1,1589161
7290004219819,false,מלבין קפה קומפלטה 20,קומפלטה,,מלבין קפה קומפלטה 20,גרמים,200.00,100 גרם,false,,8.50,0.0425,true,1,1583561
7290004225285,false,סגנון דנאבלו 100 גר,נטו מלינדה,,סגנון דנאבלו 100 גר,גרמים,100.00,100 גרם,false,,10.30,0.1030,true,1,1581460
7290004227920,false,אסאדו טלה טרי,,,אסאדו טלה טרי,קילוגרמים,1.00,"ק""ג",true,,59.80,59.8000,true,1,5230616
7290004227975,false,צלעות טלה טרי,,,צלעות טלה טרי,קילוגרמים,1.00,"ק""ג",true,,135.50,135.5000,true,1,5230619
7290004227982,false,כתף טלה טרי,,,כתף טלה טרי,קילוגרמים,1.00,"ק""ג",true,,85.40,85.4000,true,1,5267052
7290004227999,false,צוואר טלה טרי,,,צוואר טלה טרי,קילוגרמים,1.00,"ק""ג",true,,72.20,72.2000,true,1,5230620
7290004228415,false,פיצה עבה סיצליה שגב,,,פיצה עבה סיצליה שגב,גרמים,425.00,100 גרם,false,,14.40,0.0339,true,1,4807932
7290004228804,false,עלי סיגר 500 גרם,,,עלי סיגר 500 גרם,גרמים,500.00,100 גרם,false,,10.20,0.0204,true,1,5232513
7290004230081,false,קציצות עוף ברוטב עגב,נטו,,קציצות עוף ברוטב עגב,גרמים,800.00,100 גרם,false,,21.30,0.0266,true,1,1581470
7290004255107,false,מנורה נרות הבדלה פרמ,,,מנורה נרות הבדלה פרמ,יח',1.00,יח',false,,11.00,11.0000,true,1,5255116
7290004258528,false,גפרורים קטן רמי לוי,מנורה,,גפרורים קטן רמי לוי,יח',10.00,יח',false,,2.20,0.2200,true,1,1634050
7290004258535,false,גפרורים ארוכים רמי ל,מנורה,,גפרורים ארוכים רמי ל,יח',1.00,יח',false,,4.20,4.2000,true,1,1634051
7290004258573,false,נר נשמה בפחית רמי לו,,,נר נשמה בפחית רמי לו,יח',1.00,יח',false,,1.40,1.4000,true,1,1603213
7290004258603,false,נר נשמה שבועי בפלסטי,,,נר נשמה שבועי בפלסטי,יח',1.00,יח',false,,8.50,8.5000,true,1,1608797
7290004258924,false,נריות חימום 100יח בל,,,נריות חימום 100יח בל,יח',10.00,יח',false,,15.30,1.5300,true,1,4371886
7290004324858,false,קבב כבש טיבון ויל 50,טיבון ויל,,קבב כבש טיבון ויל 50,גרמים,500.00,100 גרם,false,,15.30,0.0306,true,1,1581501
7290004339401,false,המבורגר אורז עדשים 4,,,המבורגר אורז עדשים 4,גרמים,400.00,100 גרם,false,,20.90,0.0522,true,1,1600912
7290004339432,false,סייטן קפוא טבעי 500ג,,,סייטן קפוא טבעי 500ג,גרמים,500.00,100 גרם,false,,14.10,0.0282,true,1,3189222
7290004339784,false,המבורגר מהצומח על הא,,,המבורגר מהצומח על הא,גרמים,400.00,100 גרם,false,,21.30,0.0533,true,1,3189224
7290004339999,false,שניצלונים 400ג סייטן,,,שניצלונים 400ג סייטן,גרמים,400.00,100 גרם,false,,23.80,0.0595,true,1,3189227
7290004460167,false,מחית אבוקדו קפוא 10/,,,מחית אבוקדו קפוא 10/,יח',1.00,יח',false,,21.30,21.3000,true,1,4781647
7290004480332,false,גאודה בקר משולשים,,,גאודה בקר משולשים,קילוגרמים,1.00,"ק""ג",true,,84.60,84.6000,true,1,5370835
7290004480349,false,גאודה עיזים משולשים,,,גאודה עיזים משולשים,קילוגרמים,1.00,"ק""ג",true,,102.60,102.6000,true,1,5370836
7290004492274,false,בייגלה טבעות מלוח 40,בייגל&בייגל,,בייגלה טבעות מלוח 40,גרמים,400.00,100 גרם,false,,8.50,0.0213,true,1,1579016
7290004494100,false,כנען אדום מבושל (דלת,,,כנען אדום מבושל (דלת,מיליליטרים,750.00,"100 מ""ל",false,,32.10,0.0428,true,1,5186810
7290004494131,false,גליל קברנה סוביניון,,,גליל קברנה סוביניון,מיליליטרים,750.00,"100 מ""ל",false,,47.00,0.0627,true,1,1585700
7290004494148,false,גליל מרלו (דלתון),,,גליל מרלו (דלתון),מיליליטרים,750.00,"100 מ""ל",false,,47.00,0.0627,true,1,1585701
7290004494315,false,כנען מוסקאטו (דלתון),דלתון,IL,מוסקאטו יובלים (דלתון) -,מיליליטרים,750.00,"100 מ""ל",false,,32.10,0.0428,true,1,1585703
7290004494919,false,כנען קברנה-שיראז (דל,הכרם,,כנען קברנה-שיראז (דל,מיליליטרים,750.00,"100 מ""ל",false,,32.10,0.0428,true,1,1585706
7290004536039,false,כפפות דלפין זוג ורוד,ספונטקס,MY,כפפות ספונטקס-דלפין מספר,יח',1.00,יח',false,,4.20,4.2000,true,1,1571331
7290004554354,false,פנטסיה שוקו וניל 900,השוואת מחירונים,,פנטסיה שוקו וניל 900,מיליליטרים,900.00,"100 מ""ל",false,,15.00,0.0167,true,1,1587711
7290004554903,false,גלידת פנטזיה שוקו ונ,שטראוס,,גלידת פנטזיה שוקו ונ,מיליליטרים,900.00,"100 מ""ל",false,,15.00,0.0167,true,1,1587717
7290004584351,false,סימפוניה גבינה במרקם,שטראוס,,סימפוניה גבינה במרקם,גרמים,200.00,100 גרם,false,,8.90,0.0445,true,1,1589640
7290004584528,false,יוגורט דנונה ביו לבן,שטראוס,,יוגורט דנונה ביו לבן,מיליליטרים,200.00,"100 מ""ל",false,,2.90,0.0145,true,1,1589641
7290004585907,false,1.5% דני בטעם וניל 1,שטראוס,,1.5% דני בטעם וניל 1,מיליליטרים,125.00,"100 מ""ל",false,,2.10,0.0168,true,1,1589642
7290004603175,false,מלח הים האדום גס 500,מלח הארץ,,מלח הים האדום גס 500,גרמים,500.00,100 גרם,false,,6.80,0.0136,true,1,1583852
7290004639006,false,קוסקוס ביתי קפוא 800,,,קוסקוס ביתי קפוא 800,גרמים,800.00,100 גרם,false,,12.70,0.0159,true,1,1575183
7290004658847,false,תירוש 187 מל,,,תירוש 187 מל,מיליליטרים,187.00,"100 מ""ל",false,,5.10,0.0273,true,1,4536468
7290004658946,false,יין שרדונה פרייבט קו,כרמל מזרחי,,יין שרדונה פרייבט קו,מיליליטרים,750.00,"100 מ""ל",false,,34.10,0.0455,true,1,1587299
7290004658953,false,יין סוביניון בלאן פר,כרמל מזרחי,,יין סוביניון בלאן פר,מיליליטרים,750.00,"100 מ""ל",false,,34.10,0.0455,true,1,1587300
7290004658960,false,יין אמרלד ריזלינג פר,כרמל מזרחי,,יין אמרלד ריזלינג פר,מיליליטרים,750.00,"100 מ""ל",false,,34.10,0.0455,true,1,1587301
7290004685010,false,לחם הארץ שיפון פלוס,,,לחם הארץ שיפון פלוס,גרמים,500.00,100 גרם,false,,13.20,0.0264,true,1,4302015
7290004685089,false,לחם הארץ לחם חמניות,,,לחם הארץ לחם חמניות,גרמים,500.00,100 גרם,false,,13.20,0.0264,true,1,4302018
7290004685430,false,לחם הארץ כוסמין 100%,,,לחם הארץ כוסמין 100%,גרמים,500.00,100 גרם,false,,13.20,0.0264,true,1,4302065
7290004685447,false,לחמניות כוסמין 6יח,,,לחמניות כוסמין 6יח,יח',1.00,יח',false,,11.80,11.8000,true,1,5007417
7290004685485,false,פריכיות כוסמת ושיבול,,,פריכיות כוסמת ושיבול,יח',1.00,יח',false,,5.90,5.9000,true,1,5371144
7290004725426,false,גבינת עמק בדץ 28% במ,תנובה,,גבינת עמק בדץ 28% במ,קילוגרמים,1.00,"ק""ג",true,,38.20,38.2000,true,1,1572789
7290004725600,false,גבינת חריץ סקנדינבית,,,גבינת חריץ סקנדינבית,קילוגרמים,1.00,"ק""ג",true,,64.10,64.1000,true,1,1572791
7290004731519,false,מקסימה מרכך ומבשם כב,סנו,,מקסימה מרכך ומבשם כב,מיליליטרים,750.00,"100 מ""ל",false,,13.90,0.0185,true,1,1579818
7290004731557,false,מקסימה תרסיס מרכך ומ,סנו,,מקסימה תרסיס מרכך ומ,מיליליטרים,750.00,"100 מ""ל",false,,13.90,0.0185,true,1,1579819
7290004731687,false,מטהר אויר בניחוח וני,סנו,,מטהר אויר בניחוח וני,מיליליטרים,300.00,"100 מ""ל",false,,8.50,0.0283,true,1,1579822
7290004737719,false,אספרגוס שלם מקולף ול,וילי פוד,,אספרגוס שלם מקולף ול,גרמים,205.00,100 גרם,false,,7.60,0.0371,true,1,1583565
7290004737900,false,חלב מרוכז וממותק בתו,וילי פוד,,חלב מרוכז וממותק בתו,מיליליטרים,397.00,"100 מ""ל",false,,5.90,0.0149,true,1,1583567
7290004751005,false,סופגניה מיני רגיל,מאפיית אריאל,,סופגניה מיני רגיל,יח',1.00,יח',false,,3.30,3.3000,true,1,1958093
7290004861025,false,בולגרית 5% מסורתית,מחלבת המושבה,IL,בולגרית 5% מסורתית,קילוגרמים,1.00,"ק""ג",true,,36.80,36.8000,true,1,1607627
7290004861063,false,צפתית קאש 9% המושבה,מחלבת המושבה,IL,צפתית קאש 9% המושבה,קילוגרמים,1.00,"ק""ג",true,,35.00,35.0000,true,1,1607629
7290004861261,false,גבינת טבורוג צימוקים,מחלבת המושבה,IL,גבינת טבורוג צימוקים,קילוגרמים,1.00,"ק""ג",true,,29.10,29.1000,true,1,1607631
7290004861278,false,גבינה שמנת 30%,מחלבת המושבה,IL,גבינה שמנת 30%,קילוגרמים,1.00,"ק""ג",true,,32.50,32.5000,true,1,1607632
7290004861285,false,גבינת טבורוג א.ח.נ,מחלבת המושבה,IL,גבינת טבורוג א.ח.נ,קילוגרמים,1.00,"ק""ג",true,,28.20,28.2000,true,1,1607633
7290004861315,false,גבינה לאבנה טבעי /זע,מחלבת המושבה,IL,גבינה לאבנה טבעי /זע,קילוגרמים,1.00,"ק""ג",true,,33.30,33.3000,true,1,1607634
7290004861360,false,צפתית בטעמים 5%,מחלבת המושבה,IL,צפתית בטעמים 5%,קילוגרמים,1.00,"ק""ג",true,,36.80,36.8000,true,1,1607635
7290004914219,false,מפיץ ריח לרכב,דגש,,מפיץ ריח לרכב,מיליליטרים,250.00,"100 מ""ל",false,,11.90,0.0476,true,1,1595314
7290004914691,false,מפיץ יוקרתי,,,מפיץ יוקרתי,יח',1.00,יח',false,,12.70,12.7000,true,1,4508111
7290004914912,false,מפיץ סטייל יוקרתי,,,מפיץ סטייל יוקרתי,יח',1.00,יח',false,,12.70,12.7000,true,1,4845573
7290004944032,false,חומוס אסלי 400 גר,סלטי שמיר,,חומוס אסלי 400 גר,יחידה,400.00,יחידה,false,,8.40,0.0210,true,1,5382144
7290004944056,false,חציל במיונז אסלי 40,סלטי שמיר,,חציל במיונז אסלי 40,גרמים,400.00,100 גרם,false,,8.40,0.0210,true,1,5382146
7290004969790,false,פיקנייה בשר קפוא מחפ,,,פיקנייה בשר קפוא מחפ,קילוגרמים,1.00,"ק""ג",true,,105.10,105.1000,true,1,5314917
7290005008184,false,סבון נוזלי בניחוח חל,פלמוליב,,סבון נוזלי בניחוח חל,מיליליטרים,500.00,"100 מ""ל",false,,13.60,0.0272,true,1,1574698
7290005008191,false,סבון נוזלי ארומה בני,פלמוליב,,סבון נוזלי ארומה בני,מיליליטרים,500.00,"100 מ""ל",false,,13.60,0.0272,true,1,1574699
7290005008481,false,ספיד סטיק ג'ל בסיסי,ספיד סטיק,,ספיד סטיק ג'ל בסיסי,גרמים,85.00,100 גרם,false,,11.50,0.1353,true,1,1574700
7290005041198,false,קבב ביתי 1קג,,,קבב ביתי 1קג,גרמים,1000.00,100 גרם,false,,38.40,0.0384,true,1,1722298
7290005041402,false,שיפודי שווארמה פרגיו,,,שיפודי שווארמה פרגיו,גרמים,600.00,100 גרם,false,,46.80,0.0780,true,1,1608807
7290005041594,false,חטיפי קבנוס 120 גרם,,,חטיפי קבנוס 120 גרם,גרמים,120.00,100 גרם,false,,11.90,0.0992,true,1,5363823
7290005079344,false,מוצרלה נעם שקיל,,,מוצרלה נעם שקיל,קילוגרמים,1.00,"ק""ג",true,,63.20,63.2000,true,1,3292822
7290005079412,false,אמנטל נעם חריץ,,,אמנטל נעם חריץ,קילוגרמים,1.00,"ק""ג",true,,47.00,47.0000,true,1,2596449
7290005084355,false,משחת שיניים סנסודיין,סנסודיין,GB,"סנסודיין דואלקר 75 מ""ל",גרמים,75.00,100 גרם,false,,18.70,0.2493,true,1,1592217
7290005111761,false,מזון לכלבים בונזו מז,"ביופט בע""מ",IL,"בונזו בשר 1+3 ק""ג תוספת",קילוגרמים,3.00,"ק""ג",false,,34.10,11.3667,true,1,1584223
7290005113222,false,זית יבנה מיקס 340 גר,קבוצת יבנה,,זית יבנה מיקס 340 גר,גרמים,340.00,100 גרם,false,,8.40,0.0247,true,1,1579546
7290005174513,false,סלט חצילים במיונז אח,אחלה,,סלט חצילים במיונז אח,גרמים,500.00,100 גרם,false,,12.70,0.0254,true,1,1589645
7290005174551,false,חומוס אחלה 125 גרם,אחלה,,חומוס אחלה 125 גרם,גרמים,125.00,100 גרם,false,,4.00,0.0320,true,1,1589646
7290005174568,false,סלט חצילים במיונז אח,אחלה,,סלט חצילים במיונז אח,גרמים,125.00,100 גרם,false,,4.00,0.0320,true,1,1589647
7290005174575,false,סלט טחינה אחלה 125 ג,אחלה,,סלט טחינה אחלה 125 ג,גרמים,125.00,100 גרם,false,,4.00,0.0320,true,1,1589648
7290005175428,false,קמח תירס וילי פוד 50,וילי פוד,,קמח תירס וילי פוד 50,גרמים,500.00,100 גרם,false,,5.00,0.0100,true,1,1583568
7290005197758,false,עוגיות חיוכים שוקו ש,עלית,,עוגיות חיוכים שוקו ש,גרמים,150.00,100 גרם,false,,4.20,0.0280,true,1,1575339
7290005199578,false,קפה נטול קפאין 200 ג,עלית,,קפה נטול קפאין 200 ג,גרמים,200.00,100 גרם,false,,25.60,0.1280,true,1,1566493
7290005199738,false,מסטיק MUST בטעם מנטה,עלית,,מסטיק MUST בטעם מנטה,גרמים,28.00,100 גרם,false,,3.40,0.1214,true,1,1575347
7290005200786,false,תפוצ'יפס בטעם שמנת ב,עלית,,תפוצ'יפס בטעם שמנת ב,גרמים,50.00,100 גרם,false,,2.90,0.0580,true,1,1582876
7290005201455,false,קפה נמס מגורען עלית,"אינסטנטה בע""מ",PL,קפה נמס מגורען עלית,גרמים,200.00,100 גרם,false,,18.70,0.0935,true,1,1575352
7290005201882,false,קפה טורקי 200 גרם,עלית,,קפה טורקי 200 גרם,גרמים,200.00,100 גרם,false,,13.60,0.0680,true,1,1575354
7290005287213,false,טונה סטארקיסט רביעיו,סטארקיסט,IL,טונה ס.ק בשמן 160גר 'רביע,גרמים,448.00,100 גרם,false,,21.30,0.0475,true,1,1584238
7290005287251,false,טונה סטארקיסט רביעיו,סטארקיסט,IL,טונה ס.ק במים 160גר 'רביע,גרמים,448.00,100 גרם,false,,21.30,0.0475,true,1,1584241
7290005287534,false,טונה סטארקיסט בשמן מ,סטארקיסט,IL,ס.ק בשמן עישון טבעי פ.ק 1,גרמים,112.00,100 גרם,false,,5.90,0.0527,true,1,1584247
7290005287657,false,ממרח טונה סטארקיסט ב,סטארקיסט,IL,ס.ק. ממרח טונה 160 גר' -,גרמים,160.00,100 גרם,false,,5.00,0.0313,true,1,1584256
7290005296260,false,אסטוניש ספריי רסס ונ,יעקבי,,אסטוניש ספריי רסס ונ,מיליליטרים,750.00,"100 מ""ל",false,,10.20,0.0136,true,1,1582612
7290005326523,false,אוליביה פסטו פטרוזיל,גורי,,אוליביה פסטו פטרוזיל,גרמים,185.00,100 גרם,false,,11.00,0.0595,true,1,1571356
7290005326585,false,פסטו בזליקום 180 ג,,,פסטו בזליקום 180 ג,גרמים,180.00,100 גרם,false,,10.20,0.0567,true,1,5131811
7290005326677,false,רוטב ברביקיו 350 גר,,,רוטב ברביקיו 350 גר,גרמים,350.00,100 גרם,false,,11.90,0.0340,true,1,3915884
7290005418693,false,קרם לחות לחיזוק נטור,נטורל,,קרם לחות לחיזוק נטור,מיליליטרים,400.00,"100 מ""ל",false,,17.90,0.0447,true,1,1579826
7290005418891,false,ג'ל אסטרים חזק לעיצו,נטורל,,ג'ל אסטרים חזק לעיצו,מיליליטרים,500.00,"100 מ""ל",false,,17.00,0.0340,true,1,1579830
7290005423369,false,סנו-די דוחה יתושים כ,,,סנו-די דוחה יתושים כ,גרמים,50.00,100 גרם,false,,17.00,0.3400,true,1,5231728
7290005423499,false,תרסיס לניקוי משטחי נ,סנו,,תרסיס לניקוי משטחי נ,מיליליטרים,500.00,"100 מ""ל",false,,16.20,0.0324,true,1,1579840
7290005423505,false,מי פה להלבנת שיניים,אורביטול,,מי פה להלבנת שיניים,מיליליטרים,500.00,"100 מ""ל",false,,14.40,0.0288,true,1,1579841
7290005423567,false,מטליות ניקוי רב שימו,סנו,,מטליות ניקוי רב שימו,יח',40.00,יח',false,,16.20,0.4050,true,1,1579843
7290005423635,false,ריצפז נוזל רצפות דוח,סנו,,ריצפז נוזל רצפות דוח,ליטרים,2.00,ליטר,false,,17.00,8.5000,true,1,1579844
7290005423734,false,מקסימה מרכך כביסה או,סנו,,מקסימה מרכך כביסה או,ליטרים,4.00,ליטר,false,,18.40,4.6000,true,1,1579845
7290005423833,false,פוליויקס נוזל לניקוי,סנו,,פוליויקס נוזל לניקוי,ליטרים,2.00,ליטר,false,,17.00,8.5000,true,1,1579846
7290005423918,false,מקסימה מרכך כביסה בי,סנו,,מקסימה מרכך כביסה בי,ליטרים,4.00,ליטר,false,,18.40,4.6000,true,1,1579849
7290005424021,false,ריפרש מנטרל ריחות פר,,,ריפרש מנטרל ריחות פר,מיליליטרים,1.00,"100 מ""ל",false,,12.70,12.7000,true,1,5385588
7290005424113,false,סנו סושי מטליות רצפה,סנו,,סנו סושי מטליות רצפה,יח',1.00,יח',false,,11.00,11.0000,true,1,1579852
7290005424762,false,ריצפז פלוס ווקס נוזל,סנו,,ריצפז פלוס ווקס נוזל,ליטרים,2.00,ליטר,false,,22.10,11.0500,true,1,1579861
7290005424915,false,סנומוד מבשם אויר בני,סנו,,סנומוד מבשם אויר בני,מיליליטרים,150.00,"100 מ""ל",false,,8.50,0.0567,true,1,1579866
7290005425073,false,מטהר אויר בניחוח יסמ,סנו,,מטהר אויר בניחוח יסמ,מיליליטרים,300.00,"100 מ""ל",false,,8.50,0.0283,true,1,1579870
7290005425110,false,סנו מחטא ומשמיד חייד,,,סנו מחטא ומשמיד חייד,מיליליטרים,750.00,"100 מ""ל",false,,10.20,0.0136,true,1,4571256
7290005425127,false,סנו מחטא ומשמיד חייד,,,סנו מחטא ומשמיד חייד,מיליליטרים,750.00,"100 מ""ל",false,,10.20,0.0136,true,1,4579163
7290005425196,false,מקסימה אבקת כביסה סנ,סנו,,מקסימה אבקת כביסה סנ,קילוגרמים,2.50,"ק""ג",false,,19.60,7.8400,true,1,1579872
7290005425202,false,מקסימה אבקת כביסה בי,סנו,,מקסימה אבקת כביסה בי,קילוגרמים,2.50,"ק""ג",false,,19.60,7.8400,true,1,1579873
7290005425646,false,קליר נוזל לניקוי חלו,סנו,,קליר נוזל לניקוי חלו,ליטרים,1.00,ליטר,false,,8.50,8.5000,true,1,1579881
7290005426186,false,סקוטש כריות קרצוף ענ,סנו,,סקוטש כריות קרצוף ענ,יח',1.00,יח',false,,14.40,14.4000,true,1,1579894
7290005426193,false,ספוגית הפלא סנו סושי,סנו,,ספוגית הפלא סנו סושי,יח',1.00,יח',false,,8.50,8.5000,true,1,1579895
7290005426384,false,סנומוד מבשם אויר מיס,סנו,,סנומוד מבשם אויר מיס,מיליליטרים,150.00,"100 מ""ל",false,,8.50,0.0567,true,1,1579899
7290005426629,false,מבשר אויר בניחוח אור,סנו,,מבשר אויר בניחוח אור,מיליליטרים,300.00,"100 מ""ל",false,,8.50,0.0283,true,1,1579905
7290005426803,false,מקסימה מרכך כביסה פצ,סנו,,מקסימה מרכך כביסה פצ,ליטרים,4.00,ליטר,false,,18.40,4.6000,true,1,1579908
7290005426865,false,משחת שיניים לילדים ב,אורביטול,,משחת שיניים לילדים ב,גרמים,50.00,100 גרם,false,,6.80,0.1360,true,1,1579909
7290005426964,false,סנובון סבון לאסלה בנ,סנו,,סנובון סבון לאסלה בנ,גרמים,165.00,100 גרם,false,,12.70,0.0770,true,1,1579911
7290005426971,false,סנובון סבון לאסלה תפ,סנו,,סנובון סבון לאסלה תפ,גרמים,165.00,100 גרם,false,,12.70,0.0770,true,1,1579912
7290005427107,false,מגבות נייר סנו סושי,סנו,,מגבות נייר סנו סושי,גרמים,570.00,100 גרם,false,,9.30,0.0163,true,1,1579913
7290005427626,false,ג'ל לעיצוב השיער למר,כיף,,ג'ל לעיצוב השיער למר,100 לקג,1.00,100 לקג,false,,17.00,17.0000,true,1,1579931
7290005427725,false,מגבונים ליטופים מארז,ליטופים,,מגבונים ליטופים מארז,יח',5.00,יח',false,,15.30,3.0600,true,1,1579932
7290005427732,false,אל סבון נוזלי בניחוח,כיף,,אל סבון נוזלי בניחוח,ליטרים,2.00,ליטר,false,,16.20,8.1000,true,1,1579933
7290005427749,false,אל סבון נוזלי בניחוח,כיף,,אל סבון נוזלי בניחוח,ליטרים,2.00,ליטר,false,,16.20,8.1000,true,1,1579934
7290005427763,false,אל סבון נוזלי בניחוח,כיף,,אל סבון נוזלי בניחוח,ליטרים,2.00,ליטר,false,,16.20,8.1000,true,1,1579936
7290005427848,false,מטליות ניקוי רב שימו,סנו,,מטליות ניקוי רב שימו,100 יח',1.00,100 יח',false,,16.20,16.2000,true,1,1579939
7290005427978,false,תחליב רחצה לפנים קרמ,קרמה,,תחליב רחצה לפנים קרמ,מיליליטרים,180.00,"100 מ""ל",false,,11.00,0.0611,true,1,1579942
7290005428845,false,מפיות סנו סופט 33*33,סופט,,מפיות סנו סופט 33*33,100 יח',1.00,100 יח',false,,6.80,6.8000,true,1,1579945
7290005428852,false,סופט ממחטות אף צבעונ,סנו,,סופט ממחטות אף צבעונ,100 יח',650.00,100 יח',false,,11.00,0.0169,true,1,3429512
7290005429019,false,פיסגה נוזל לרצפות מב,סנו,,פיסגה נוזל לרצפות מב,ליטרים,4.00,ליטר,false,,17.00,4.2500,true,1,1579952
7290005430480,false,מטלית הפלא מיקרופייב,סנו,,מטלית הפלא מיקרופייב,יח',1.00,יח',false,,5.90,5.9000,true,1,1579953
7290005430602,false,סנו אוקסיג'ן ספריי ל,סנו,,סנו אוקסיג'ן ספריי ל,מיליליטרים,750.00,"100 מ""ל",false,,15.10,0.0201,true,1,1579956
7290005430961,false,מקסימה שמפו נוזל לכב,סנו,,מקסימה שמפו נוזל לכב,ליטרים,1.00,ליטר,false,,13.60,13.6000,true,1,1579962
7290005431159,false,מעדן תותים בקצפת ליי,עדן,,מעדן תותים בקצפת ליי,גרמים,80.00,100 גרם,false,,5.00,0.0625,true,1,5328213
7290005431883,false,מלבי חלבי,,,מלבי חלבי,יח',1.00,יח',false,,5.00,5.0000,true,1,5171480
7290005431906,false,קדאיף,,,קדאיף,יח',1.00,יח',false,,5.00,5.0000,true,1,5171482
7290005431913,false,עוגת גבינה פירורים,,,עוגת גבינה פירורים,יח',1.00,יח',false,,5.00,5.0000,true,1,5171483
7290005431920,false,עוגת גבינה פירורים ל,,,עוגת גבינה פירורים ל,יח',1.00,יח',false,,5.00,5.0000,true,1,5171484
7290005431937,false,טרמיסו,,,טרמיסו,יח',1.00,יח',false,,5.00,5.0000,true,1,5171485
7290005431968,false,מלבי שמנת 150 גר,,,מלבי שמנת 150 גר,גרמים,150.00,100 גרם,false,,5.90,0.0393,true,1,5253180
7290005437212,false,שמן זית כתית מעולה 7,טעמן,,שמן זית כתית מעולה 7,מיליליטרים,750.00,"100 מ""ל",false,,23.80,0.0317,true,1,1576129
7290005437502,false,פטריות חתוכות טעמן 2,טעמן,,פטריות חתוכות טעמן 2,גרמים,230.00,100 גרם,false,,4.20,0.0183,true,1,1594577
7290005437809,false,טעמן אננס חתוך במיץ,טעמן,,טעמן אננס חתוך במיץ,גרמים,490.00,100 גרם,false,,9.30,0.0190,true,1,1576140
7290005437861,false,טעמן קוקטייל פירות 8,טעמן,,טעמן קוקטייל פירות 8,גרמים,825.00,100 גרם,false,,10.00,0.0121,true,1,1576144
7290005477669,false,אל סבון נוזלי מועשר,דרמפון,,אל סבון נוזלי מועשר,ליטרים,1.00,ליטר,false,,15.20,15.2000,true,1,1579965
7290005500558,false,ג'ל חזק לעיצוב שיער,פנינה רוזנבלום,,ג'ל חזק לעיצוב שיער,ליטרים,1.00,ליטר,false,,13.60,13.6000,true,1,1587838
7290005500916,false,קרם ידיים מטפח 100 מ,פנינה רוזנבלום,,קרם ידיים מטפח 100 מ,מטרים,100.00,100 מ'ל,false,,8.50,0.0850,true,1,1587847
7290005500978,false,מסיר לק ריחני פנינה,פנינה רוזנבלום,,מסיר לק ריחני פנינה,מיליליטרים,220.00,"100 מ""ל",false,,8.50,0.0386,true,1,1587850
7290005505027,false,רביולי,,,רביולי,קילוגרמים,1.00,"ק""ג",true,,59.00,59.0000,true,1,3513059
7290005505133,false,חמניה מקולף,,,חמניה מקולף,קילוגרמים,1.00,"ק""ג",true,,42.70,42.7000,true,1,3513096
7290005505140,false,שזיף עם גלעין,,,שזיף עם גלעין,קילוגרמים,1.00,"ק""ג",true,,37.60,37.6000,true,1,3513097
7290005505263,false,תפוח עץ בקינמון מקור,,,תפוח עץ בקינמון מקור,קילוגרמים,1.00,"ק""ג",true,,68.40,68.4000,true,1,3513159
7290005505287,false,דובדבן שחור מגולען,,,דובדבן שחור מגולען,קילוגרמים,1.00,"ק""ג",true,,101.70,101.7000,true,1,3513207
7290005505355,false,אפונה קלוי,,,אפונה קלוי,קילוגרמים,1.00,"ק""ג",true,,42.60,42.6000,true,1,3513237
7290005505362,false,לימון פרסי,,,לימון פרסי,קילוגרמים,1.00,"ק""ג",true,,85.50,85.5000,true,1,3513238
7290005505393,false,דלעת מקולף,,,דלעת מקולף,קילוגרמים,1.00,"ק""ג",true,,46.20,46.2000,true,1,3517593
7290005505515,false,פיסטוק מקולף,,,פיסטוק מקולף,קילוגרמים,1.00,"ק""ג",true,,98.30,98.3000,true,1,3569021
7290005505546,false,אגוזי לוז קלוי,,,אגוזי לוז קלוי,קילוגרמים,1.00,"ק""ג",true,,74.40,74.4000,true,1,3517649
7290005505553,false,פריקי,,,פריקי,קילוגרמים,1.00,"ק""ג",true,,24.80,24.8000,true,1,3569022
7290005505577,false,ציה,,,ציה,קילוגרמים,1.00,"ק""ג",true,,29.90,29.9000,true,1,3569024
7290005505638,false,שומר שלם,,,שומר שלם,קילוגרמים,1.00,"ק""ג",true,,41.90,41.9000,true,1,3569030
7290005505645,false,אורגנו,,,אורגנו,קילוגרמים,1.00,"ק""ג",true,,85.50,85.5000,true,1,3569031
7290005505669,false,אוכמניות,,,אוכמניות,קילוגרמים,1.00,"ק""ג",true,,68.40,68.4000,true,1,3715492
7290005505706,false,תבלין לפרגיות,,,תבלין לפרגיות,קילוגרמים,1.00,"ק""ג",true,,63.20,63.2000,true,1,5341633
7290005505782,false,תבלין לפיצה,,,תבלין לפיצה,קילוגרמים,1.00,"ק""ג",true,,63.20,63.2000,true,1,5341635
7290005505997,false,צימוק בהיר קטן,,,צימוק בהיר קטן,קילוגרמים,1.00,"ק""ג",true,,30.80,30.8000,true,1,5288452
7290005509445,false,עוגיות מיני קוקיס בט,כרמית,,עוגיות מיני קוקיס בט,גרמים,600.00,100 גרם,false,,13.60,0.0227,true,1,1587087
7290005559709,false,בורקס פיצה מעדנות 70,מעדנות,IL,בורקס פיצה 700גר מעדנות,גרמים,700.00,100 גרם,false,,21.30,0.0304,true,1,1572569
7290005559907,false,פיצה משפחתית מעדנות,מעדנות,IL,פיצה משפחתית גבינה מעדנות,גרמים,500.00,100 גרם,false,,14.40,0.0288,true,1,1572572
7290005559914,false,פיצה משפחתית זיתים מ,מעדנות,IL,פיצה משפחתית זיתים מעדנות,גרמים,550.00,100 גרם,false,,14.40,0.0262,true,1,1572573
7290005559990,false,בצק פילאס תורכי מעדנ,מעדנות,IL,בצק פילאס תורכי 600גר מעד,גרמים,600.00,100 גרם,false,,17.00,0.0283,true,1,1572579
7290005587825,false,מסיר איפור עדין לורי,לוריאל,,מסיר איפור עדין לורי,מיליליטרים,150.00,"100 מ""ל",false,,21.30,0.1420,true,1,1569786
7290005591761,false,דבש טהור לחיץ 400 גר,יד מרדכי,,דבש טהור לחיץ 400 גר,גרמים,400.00,100 גרם,false,,17.00,0.0425,true,1,1575355
7290005651366,false,מזון לכלבים בונזו מז,"ביופט בע""מ",IL,בונזו כבד 3 קג' - אירוז ח,קילוגרמים,3.00,"ק""ג",false,,34.10,11.3667,true,1,1584274
7290005651427,false,בונזו מולטיפק 3*400,FIDELE SAS,FR,בונזו מולטי-פק 3 * 410 גר,קילוגרמים,1.23,"ק""ג",false,,15.30,12.4390,true,1,1584275
7290005678387,false,ענבים אוטום רויאל,,,ענבים אוטום רויאל,קילוגרמים,1.00,"ק""ג",true,,19.90,19.9000,true,1,5323419
7290005680052,false,טמפונים סופר פלוס או,או בה,,טמפונים סופר פלוס או,יח',32.00,יח',false,,17.00,0.5313,true,1,1574705
7290005684418,false,לחם כוסמין מלא 700 ג,מאפיה מרחבית קרית שמ,,לחם כוסמין מלא 700 ג,גרמים,700.00,100 גרם,false,,12.70,0.0181,true,1,1606494
7290005684487,false,לחמניות קמח כוסמין מ,,,לחמניות קמח כוסמין מ,יח',1.00,יח',false,,11.00,11.0000,true,1,4283323
7290005684579,false,לחם מחמצת כוסמין,,,לחם מחמצת כוסמין,גרמים,700.00,100 גרם,false,,12.70,0.0181,true,1,5250931
7290005684654,false,לחם מחמצת שיפון,,,לחם מחמצת שיפון,גרמים,700.00,100 גרם,false,,12.70,0.0181,true,1,5319319
7290005689024,false,כתף כבש עם עצם קפוא,,,כתף כבש עם עצם קפוא,קילוגרמים,1.00,"ק""ג",true,,96.50,96.5000,true,1,5234393
7290005692543,false,נקניקיות מרגז חריפות,,,נקניקיות מרגז חריפות,קילוגרמים,1.00,"ק""ג",false,,42.60,42.6000,true,1,5339142
7290005692550,false,נקניקיות צוריסוס חרי,,,נקניקיות צוריסוס חרי,קילוגרמים,1.00,"ק""ג",false,,42.60,42.6000,true,1,5339143
7290005719189,false,לחם מחמצת שיפון אגוז,,,לחם מחמצת שיפון אגוז,יח',1.00,יח',false,,14.40,14.4000,true,1,4768024
7290005838002,false,דניאלה בטעם וניל 150,שטראוס,,דניאלה בטעם וניל 150,מיליליטרים,150.00,"100 מ""ל",false,,3.30,0.0220,true,1,1589650
7290005838613,false,גבינת סקי בטעם וניל,שטראוס,,גבינת סקי בטעם וניל,גרמים,125.00,100 גרם,false,,3.20,0.0256,true,1,1589652
7290005839078,false,יוגורט דנונה ביו לבן,שטראוס,,יוגורט דנונה ביו לבן,ליטרים,1.20,ליטר,false,,13.50,11.2500,true,1,1589654
7290005839108,false,סימפוניה ג.שמנת זיתי,שטראוס,,סימפוניה ג.שמנת זיתי,גרמים,200.00,100 גרם,false,,8.90,0.0445,true,1,1589655
7290005839313,false,מילקי טופ מגולגלת שט,שטראוס,,מילקי טופ מגולגלת שט,מיליליטרים,170.00,"100 מ""ל",false,,3.80,0.0224,true,1,1589656
7290005896439,false,"בירה מכבי 500 מ""ל בק",טמפו,IL,"מכבי חוזר 500 מ""ל בקבוק 2",מיליליטרים,500.00,"100 מ""ל",false,,6.00,0.0120,true,1,1574172
7290005896453,false,מכבי 7.9% חוזר 500 מ,טמפו,IL,גולדסטאר חוזר 500 בקבוק 2,מיליליטרים,500.00,"100 מ""ל",false,,6.10,0.0122,true,1,1945265
7290005938030,false,פסטו זעתר 220 גרם,נטו מלינדה,,פסטו זעתר 220 גרם,גרמים,220.00,100 גרם,false,,17.10,0.0777,true,1,1581507
7290005938238,false,רוטב צ'ימיצ'ורי פרסק,פרסקו,,רוטב צ'ימיצ'ורי פרסק,גרמים,220.00,100 גרם,false,,15.30,0.0695,true,1,1581508
7290005938245,false,ממרח פסטו קלאסי פרסק,פרסקו,,ממרח פסטו קלאסי פרסק,גרמים,220.00,100 גרם,false,,15.30,0.0695,true,1,1581509
7290005938610,false,טפנד זיתים ירוקים 22,נטו מלינדה,,טפנד זיתים ירוקים 22,גרמים,220.00,100 גרם,false,,16.20,0.0736,true,1,1581512
7290005938627,false,ממרח עגבניות מיובשות,פרסקו,,ממרח עגבניות מיובשות,גרמים,220.00,100 גרם,false,,16.20,0.0736,true,1,1581513
7290005966033,false,"הר חרמון לבן 750 מ""ל",יקב רמת הגולן,,"הר חרמון לבן 750 מ""ל",מיליליטרים,750.00,"100 מ""ל",false,,25.60,0.0341,true,1,1608731
7290005966088,false,"הר חרמון אדום 750 מ""",יקב רמת הגולן,,"הר חרמון אדום 750 מ""",מיליליטרים,750.00,"100 מ""ל",false,,25.60,0.0341,true,1,1608732
7290005966170,false,"חרמון לבן 375 מ""ל",יקב רמת הגולן,,"חרמון לבן 375 מ""ל",מיליליטרים,375.00,"100 מ""ל",false,,15.30,0.0408,true,1,1608733
7290005981845,false,מיכל לחמוצים,ד.ג.ש,,מיכל לחמוצים,יח',1.00,יח',false,,11.10,11.1000,true,1,1595339
7290005992018,false,יוגורט עיזים לשתיה 3,מחלבות גד,,יוגורט עיזים לשתיה 3,מיליליטרים,500.00,"100 מ""ל",false,,10.40,0.0208,true,1,1578219
7290005992575,false,גבינה בולגרית למריחה,מחלבות גד,,גבינה בולגרית למריחה,גרמים,250.00,100 גרם,false,,13.60,0.0544,true,1,1578222
7290005992735,false,גבינת לאבנה 5% גד 25,מחלבות גד,,גבינת לאבנה 5% גד 25,גרמים,250.00,100 גרם,false,,10.20,0.0408,true,1,1578225
7290005996009,false,סלמי גלילי מעושן 400,,,סלמי גלילי מעושן 400,גרמים,400.00,100 גרם,false,,19.60,0.0490,true,1,4708023
7290005996078,false,סרוולט בסגנון הונגרי,,,סרוולט בסגנון הונגרי,גרמים,200.00,100 גרם,false,,22.10,0.1105,true,1,5238418
7290005996238,false,פסטרמה דבש דק דק 120,,,פסטרמה דבש דק דק 120,גרמים,120.00,100 גרם,false,,9.30,0.0775,true,1,5249245
7290005996276,false,פסטרמה בקביקיו דק דק,,,פסטרמה בקביקיו דק דק,גרמים,120.00,100 גרם,false,,9.30,0.0775,true,1,5249246
7290005996740,false,סלמי פפרוני 300 גר,,,סלמי פפרוני 300 גר,גרמים,300.00,100 גרם,false,,19.60,0.0653,true,1,5303585
7290005996825,false,נקניקיות 100% בקר בס,,,נקניקיות 100% בקר בס,יח',1.00,יח',false,,17.90,17.9000,true,1,5307823
7290006065018,false,אמנון 5-7 80% רובין,,,אמנון 5-7 80% רובין,קילוגרמים,1.00,"ק""ג",true,,19.90,19.9000,true,1,5357282
7290006065049,false,פילה באס יפני 5-7,,,פילה באס יפני 5-7,קילוגרמים,1.00,"ק""ג",true,,40.00,40.0000,true,1,4675339
7290006065063,false,פילה סלמון,,,פילה סלמון,קילוגרמים,1.00,"ק""ג",true,,59.70,59.7000,true,1,4675356
7290006065179,false,סטייק טונה,,,סטייק טונה,קילוגרמים,1.00,"ק""ג",true,,32.30,32.3000,true,1,4675359
7290006065391,false,פילה נסיכה 100%,,,פילה נסיכה 100%,קילוגרמים,1.00,"ק""ג",true,,51.20,51.2000,true,1,5153657
7290006065476,false,פילה שיבוט אטלנטי קפ,,,פילה שיבוט אטלנטי קפ,קילוגרמים,1.00,"ק""ג",true,,41.70,41.7000,true,1,5271000
7290006065599,false,פילה בקלה מרלוזה ארג,,,פילה בקלה מרלוזה ארג,קילוגרמים,1.00,"ק""ג",true,,28.10,28.1000,true,1,5306849
7290006129345,false,אנטריקוט דק דק,,,אנטריקוט דק דק,יח',1.00,יח',false,,29.00,29.0000,true,1,4661003
7290006133502,false,סינטה דק דק מוכשר 30,,,סינטה דק דק מוכשר 30,גרמים,300.00,100 גרם,false,,12.90,0.0430,true,1,4907879
7290006133519,false,סינטה דק דק חלק 300,,,סינטה דק דק חלק 300,גרמים,300.00,100 גרם,false,,29.00,0.0967,true,1,4907880
7290006161758,false,פילה מדומה קפוא,,,פילה מדומה קפוא,קילוגרמים,1.00,"ק""ג",true,,32.40,32.4000,true,1,5235593
7290006185501,false,אל סבון נוזלי ורוד 1,פנינה רוזנבלום,,אל סבון נוזלי ורוד 1,ליטרים,1.00,ליטר,false,,7.60,7.6000,true,1,1587854
7290006185518,false,אל סבון נוזלי כחול 1,פנינה רוזנבלום,,אל סבון נוזלי כחול 1,ליטרים,1.00,ליטר,false,,7.60,7.6000,true,1,1587855
7290006199027,false,"גלידל וניל פטל לל""ס",,,"גלידל וניל פטל לל""ס",גרמים,600.00,100 גרם,false,,24.70,0.0412,true,1,4283374
7290006199218,false,"גלידל קפוצינו לל""ס 8",,,"גלידל קפוצינו לל""ס 8",גרמים,400.00,100 גרם,false,,24.70,0.0617,true,1,4283375
7290006229427,false,"מים סן בנדטו 500 מ""ל",סאן בנדטו,IT,"סן בנדטו 500 מ""ל שישייה",ליטרים,3.00,ליטר,false,,10.40,3.4667,true,1,1574180
7290006241153,false,אגוזי פקאן סיניים קל,קליית גת,,אגוזי פקאן סיניים קל,גרמים,150.00,100 גרם,false,,15.00,0.1000,true,1,1584859
7290006241191,false,אגוזי מלך טבעיים קלי,קליית גת,,אגוזי מלך טבעיים קלי,גרמים,150.00,100 גרם,false,,14.40,0.0960,true,1,1584860
7290006241214,false,שקדים טבעיים קליית ג,קליית גת,,שקדים טבעיים קליית ג,גרמים,200.00,100 גרם,false,,13.60,0.0680,true,1,1584861
7290006241504,false,פריגת מיץ תפוזים קפו,פריגת,,פריגת מיץ תפוזים קפו,גרמים,340.00,100 גרם,false,,8.50,0.0250,true,1,1570325
7290006241511,false,משקה לימונענע מרוכז,פריגת,,משקה לימונענע מרוכז,מיליליטרים,280.00,"100 מ""ל",false,,8.50,0.0304,true,1,1570326
7290006241535,false,פריגת מיץ מנגו קפוא,פריגת,,פריגת מיץ מנגו קפוא,גרמים,340.00,100 גרם,false,,8.50,0.0250,true,1,1570327
7290006251268,false,תה ירוק בטעם תפוח וק,ויסוצקי,,תה ירוק בטעם תפוח וק,גרמים,37.50,100 גרם,false,,19.60,0.5227,true,1,1583854
7290006251275,false,תה ירוק סיני קלאסי ו,ויסוצקי,,תה ירוק סיני קלאסי ו,גרמים,37.50,100 גרם,false,,19.60,0.5227,true,1,1583855
7290006251282,false,הגן הקסום תה חמוציות,ויסוצקי,,הגן הקסום תה חמוציות,יח',25.00,יח',false,,14.40,0.5760,true,1,4378265
7290006251343,false,הגן הקסום תה פסיפלור,ויסוצקי,,הגן הקסום תה פסיפלור,יח',25.00,יח',false,,14.40,0.5760,true,1,4404565
7290006256089,false,יין אדום קברנה סובינ,יקבי הר מרון,,יין אדום קברנה סובינ,מטרים,750.00,100 מ'ל,false,,30.70,0.0409,true,1,1608739
7290006256102,false,יין אדום מרלו גאטו נ,יקבי הר מרון,,יין אדום מרלו גאטו נ,מטרים,750.00,100 מ'ל,false,,33.30,0.0444,true,1,1608740
7290006256775,false,גאטו נגרו מלבק 750 מ,,,גאטו נגרו מלבק 750 מ,מטרים,750.00,100 מ'ל,false,,33.30,0.0444,true,1,5316908
7290006265500,false,שמפניון ארוז מרינה,מרינה,,שמפניון ארוז מרינה,יח',1.00,יח',false,,8.90,8.9000,true,1,1593732
7290006271174,false,ג'חנון לאפיה בתנור מ,מעדנות,IL,גחנון בצק 700גר מעדנות,גרמים,700.00,100 גרם,false,,14.40,0.0206,true,1,1572580
7290006271181,false,ג'חנון אפוי מעדנות 7,מעדנות,IL,גחנון אפוי 750גר מעדנות,גרמים,750.00,100 גרם,false,,18.70,0.0249,true,1,1566421
7290006271648,false,מיני בורקס תפוחי אדמ,מעדנות,IL,"מיני בורקס תפו""א 800 גרם",גרמים,800.00,100 גרם,false,,17.00,0.0213,true,1,1572584
7290006271655,false,מיני בורקס גבינה מעד,מעדנות,IL,מיני בורקס גבינה 800 גרם,גרמים,800.00,100 גרם,false,,17.00,0.0213,true,1,1572585
7290006272072,false,חטיפי פיצה מעדנות 65,מעדנות,,חטיפי פיצה מעדנות 65,גרמים,650.00,100 גרם,false,,23.80,0.0366,true,1,1572589
7290006272430,false,בצק עלים חמאה מעדנות,מעדנות,IL,בצק עלים חמאה 600גר,גרמים,600.00,100 גרם,false,,23.80,0.0397,true,1,1572590
7290006342645,false,טורטיות 12 יח 840 גר,דין שיווק,,טורטיות 12 יח 840 גר,גרמים,840.00,100 גרם,false,,12.70,0.0151,true,1,1566409
7290006374738,false,קונפיטורת תות 340 גר,יד מרדכי,,קונפיטורת תות 340 גר,גרמים,340.00,100 גרם,false,,9.30,0.0274,true,1,1575362
7290006401366,false,סבון לשטיפה אינטימית,WHITEHALL ITALIA,IT,LIGINIA PROTECTIVE-SOAP,מיליליטרים,200.00,"100 מ""ל",false,,31.10,0.1555,true,1,1583396
7290006429506,false,טעמן חצאי אפרסק 470,טעמן,,טעמן חצאי אפרסק 470,גרמים,470.00,100 גרם,false,,8.30,0.0177,true,1,1576152
7290006448026,false,נפוליאון גבינת שמנת,,,נפוליאון גבינת שמנת,קילוגרמים,1.00,"ק""ג",true,,33.30,33.3000,true,1,5317898
7290006448033,false,נפוליאון גבינת שמנת,,,נפוליאון גבינת שמנת,קילוגרמים,1.00,"ק""ג",true,,33.30,33.3000,true,1,5317899
7290006448040,false,נפוליאון גבינת שמנת,,,נפוליאון גבינת שמנת,קילוגרמים,1.00,"ק""ג",true,,33.30,33.3000,true,1,5317900
7290006492432,false,גבינת מוצרלה בייבי 1,מחלבות גד,,גבינת מוצרלה בייבי 1,גרמים,150.00,100 גרם,false,,11.00,0.0733,true,1,1578226
7290006492616,false,גבינה בולגרית מעודנת,מחלבות גד,,גבינה בולגרית מעודנת,גרמים,250.00,100 גרם,false,,21.50,0.0860,true,1,1578228
7290006492630,false,גבינת פרומעז עיזים 2,מחלבות גד,,גבינת פרומעז עיזים 2,גרמים,180.00,100 גרם,false,,15.30,0.0850,true,1,1578229
7290006492647,false,גבינת עיזים מטבעות 2,מחלבות גד,,גבינת עיזים מטבעות 2,גרמים,150.00,100 גרם,false,,19.10,0.1273,true,1,1578230
7290006492685,false,גבינת לאבנה עיזים 5%,מחלבות גד,,גבינת לאבנה עיזים 5%,גרמים,250.00,100 גרם,false,,13.60,0.0544,true,1,1578231
7290006492852,false,גבינת עיזים 5% גד 25,מחלבות גד,,גבינת עיזים 5% גד 25,גרמים,250.00,100 גרם,false,,13.60,0.0544,true,1,1578233
7290006492913,false,גבינת לאבנה ציזיקי 5,מחלבות גד,,גבינת לאבנה ציזיקי 5,גרמים,250.00,100 גרם,false,,10.20,0.0408,true,1,1578234
7290006494597,false,מרמולייט סירופ בטעם,זנלכל,IL,מרמולייט סירופ בטעם תפוחי,ליטרים,1.00,100 ליטר,false,,15.30,15.3000,true,1,1600544
7290006494917,false,טוסו ופל קלאסי בטעם,מרמולייט,IL,טוסו ופל קלאסי בטעם שוקול,גרמים,180.00,100 גרם,false,,6.70,0.0372,true,1,1600552
7290006494924,false,טוסו ופל קלאסי בטעם,מרמולייט,,טוסו ופל קלאסי בטעם,גרמים,180.00,100 גרם,false,,6.70,0.0372,true,1,1600553
7290006496225,false,"מי ורדים 750 מ""ל משק",משקד,,"מי ורדים 750 מ""ל משק",מיליליטרים,750.00,"100 מ""ל",false,,10.10,0.0135,true,1,1582537
7290006511157,false,פטריות שמפיניון שלמו,וילי פוד,,פטריות שמפיניון שלמו,גרמים,230.00,100 גרם,false,,6.60,0.0287,true,1,1583576
7290006511904,false,גבינת אדם כדורים שקי,ויליפוד,,גבינת אדם כדורים שקי,קילוגרמים,1.00,"ק""ג",true,,50.40,50.4000,true,1,1599130
7290006582355,false,סילאן שקדיה 900 גרם,שקדיה,,סילאן שקדיה 900 גרם,גרמים,900.00,100 גרם,false,,8.50,0.0094,true,1,1572091
7290006618078,false,אסטוניש מרסס לניקוי,יעקבי,,אסטוניש מרסס לניקוי,מיליליטרים,750.00,"100 מ""ל",false,,10.20,0.0136,true,1,1582625
7290006618146,false,הפי מדליק פחמים נוזל,יעקבי,,הפי מדליק פחמים נוזל,מיליליטרים,500.00,"100 מ""ל",false,,11.90,0.0238,true,1,1582629
7290006618610,false,הפי ספוגיות לניקוי כ,יעקבי,,הפי ספוגיות לניקוי כ,יח',6.00,יח',false,,5.80,0.9667,true,1,1582632
7290006627629,false,בדי בדיקה,,,בדי בדיקה,5 יח',1.00,5 יח',false,,6.80,6.8000,true,1,4845644
7290006644480,false,תפוזינה תפוזים 0.5 ל,יפאורה,,תפוזינה תפוזים 0.5 ל,מיליליטרים,500.00,"100 מ""ל",false,,4.10,0.0082,true,1,1578335
7290006644510,false,תפוזינה ענבים 0.5 לי,,,תפוזינה ענבים 0.5 לי,מיליליטרים,500.00,"100 מ""ל",false,,4.10,0.0082,true,1,1578337
7290006644527,false,תפוזינה תות בננה 0.5,,,תפוזינה תות בננה 0.5,מיליליטרים,500.00,"100 מ""ל",false,,4.10,0.0082,true,1,3164352
7290006652027,false,במבה חטיף בוטנים אסם,אסם,,במבה חטיף בוטנים אסם,גרמים,300.00,100 גרם,false,,20.40,0.0680,true,1,1577242
7290006653819,false,קוסקוס דק אסם 350 גר,אסם,,קוסקוס דק אסם 350 גר,גרמים,350.00,100 גרם,false,,6.40,0.0183,true,1,1577247
7290006660596,false,קמח עדשים אדומות,,,קמח עדשים אדומות,גרמים,500.00,100 גרם,false,,15.20,0.0304,true,1,4302194
7290006660602,false,מי קוקוס אורגני 1 לי,,,מי קוקוס אורגני 1 לי,מטרים,1000.00,100 מ'ל,false,,15.80,0.0158,true,1,4914952
7290006660640,false,קמח טף 500 גר,,,קמח טף 500 גר,גרמים,500.00,100 גרם,false,,21.30,0.0426,true,1,4914953
7290006664051,false,יוגורט אקטימל 14*100,שטראוס,,יוגורט אקטימל 14*100,ליטרים,1.40,ליטר,false,,24.70,17.6429,true,1,1589668
7290006664402,false,גבינה לבנה סקי 5% שו,שטראוס,,גבינה לבנה סקי 5% שו,גרמים,750.00,100 גרם,false,,11.00,0.0147,true,1,1589673
7290006664532,false,יוגורט דנונה תות 3%,שטראוס,,יוגורט דנונה תות 3%,מיליליטרים,150.00,"100 מ""ל",false,,3.00,0.0200,true,1,1589675
7290006664655,false,יוגורט אקטימל 8*100,שטראוס,,יוגורט אקטימל 8*100,מיליליטרים,800.00,"100 מ""ל",false,,17.00,0.0213,true,1,1589678
7290006664693,false,יוגורט דנונה אפרסק 3,שטראוס,,יוגורט דנונה אפרסק 3,מיליליטרים,150.00,"100 מ""ל",false,,3.00,0.0200,true,1,1589679
7290006664990,false,יוגורט דנונה ביו לבן,שטראוס,,יוגורט דנונה ביו לבן,ליטרים,1.20,ליטר,false,,13.50,11.2500,true,1,1589683
7290006681003,false,קרמיסימו תות לימון ס,קרמיסימו,,קרמיסימו תות לימון ס,ליטרים,1.33,ליטר,false,,15.30,11.5038,true,1,1587722
7290006681553,false,קרמבו בטעם וניל שטרא,שטראוס,,קרמבו בטעם וניל שטרא,יח',1.00,יח',false,,11.00,11.0000,true,1,1587725
7290006681560,false,קרמבו בטעם מוקה שטרא,שטראוס,,קרמבו בטעם מוקה שטרא,יח',1.00,יח',false,,11.00,11.0000,true,1,1587726
7290006681577,false,אסקימו קרחונים בטעם,שטראוס,,אסקימו קרחונים בטעם,יח',1.00,יח',false,,12.60,12.6000,true,1,1566760
7290006696595,false,יין אדום מתוק מסורת,יקבי אפרת,,יין אדום מתוק מסורת,ליטרים,1.00,ליטר,false,,14.50,14.5000,true,1,1582797
7290006696717,false,מיץ ענבים לבן 1 לי,יקבי אפרת,,מיץ ענבים לבן 1 לי,ליטרים,1.00,ליטר,false,,11.00,11.0000,true,1,1566670
7290006703903,false,טחון בקר 1 קג חלק,,,טחון בקר 1 קג חלק,קילוגרמים,1.00,"ק""ג",false,,34.00,34.0000,true,1,2865298
7290006712981,false,משחת שיניים לילדים ב,קולגייט,,משחת שיניים לילדים ב,גרמים,50.00,100 גרם,false,,10.20,0.2040,true,1,1574708
7290006714381,false,טחון עוף 500גר,,,טחון עוף 500גר,גרמים,500.00,100 גרם,false,,11.00,0.0220,true,1,2865299
7290006714398,false,טחון הודו 500גר,,,טחון הודו 500גר,גרמים,500.00,100 גרם,false,,11.00,0.0220,true,1,2865391
7290006739124,false,בצק פילאס 500גר זוגל,זוגלובק,,בצק פילאס 500גר זוגל,גרמים,500.00,100 גרם,false,,10.20,0.0204,true,1,1607227
7290006739247,false,פסטרמה איטלקית,זוגלובק,,פסטרמה איטלקית,קילוגרמים,1.00,"ק""ג",true,,61.50,61.5000,true,1,1931895
7290006739346,false,נקניקיות פרגיות זוגל,זוגלובק,,נקניקיות פרגיות זוגל,גרמים,400.00,100 גרם,false,,11.90,0.0298,true,1,1607233
7290006739407,false,שניצל תירס לייט זוגל,זוגלובק טבע,,שניצל תירס לייט זוגל,גרמים,600.00,100 גרם,false,,18.70,0.0312,true,1,1607234
7290006739414,false,נקניק סלמי קוניאק זו,זוגלובק,,נקניק סלמי קוניאק זו,גרמים,300.00,100 גרם,false,,21.30,0.0710,true,1,1607235
7290006739421,false,נקניק סלמי מעושן איט,זוגלובק,,נקניק סלמי מעושן איט,גרמים,300.00,100 גרם,false,,21.30,0.0710,true,1,1607236
7290006739445,false,שניצל תירס קלאסי 750,זוגלובק טבע,,שניצל תירס קלאסי 750,גרמים,750.00,100 גרם,false,,18.70,0.0249,true,1,1607237
7290006739544,false,נקניק כתף בקר 3% 300,זוגלובק,,נקניק כתף בקר 3% 300,גרמים,300.00,100 גרם,false,,22.10,0.0737,true,1,1607238
7290006741363,false,בורקס תפוחי אדמה זוג,זוגלובק,,בורקס תפוחי אדמה זוג,גרמים,800.00,100 גרם,false,,11.90,0.0149,true,1,1607253
7290006742278,false,פסטרמה צלויה על לבני,זוגלובק,,פסטרמה צלויה על לבני,גרמים,330.00,100 גרם,false,,22.10,0.0670,true,1,1567001
7290006742292,false,פסטרמה בדבש 2% זוגלו,זוגלובק,,פסטרמה בדבש 2% זוגלו,גרמים,330.00,100 גרם,false,,22.10,0.0670,true,1,1567002
7290006742315,false,פסטרמה חזה הודו ברבי,זוגלובק,,פסטרמה חזה הודו ברבי,גרמים,330.00,100 גרם,false,,22.10,0.0670,true,1,1567004
7290006753922,false,מיני צוריסוס 500 גרם,,,מיני צוריסוס 500 גרם,גרמים,500.00,100 גרם,false,,24.70,0.0494,true,1,5346876
7290006753946,false,קבב גמבו רומני 600גר,,,קבב גמבו רומני 600גר,גרמים,600.00,100 גרם,false,,32.40,0.0540,true,1,5346878
7290006753953,false,המבורגר אנטריקוט 500,,,המבורגר אנטריקוט 500,גרמים,500.00,100 גרם,false,,32.40,0.0648,true,1,5346879
7290006753977,false,הקבב של עזרא 600 גרם,,,הקבב של עזרא 600 גרם,גרמים,600.00,100 גרם,false,,32.40,0.0540,true,1,5346880
7290006764058,false,נשר לבן חוזר 500 בקב,טמפו,IL,נשר לבן חוזר 500 בקבוק 20,מיליליטרים,500.00,"100 מ""ל",false,,4.40,0.0088,true,1,1574183
7290006764072,false,גולדסטאר חוזר 500 בק,טמפו,IL,גולדסטאר חוזר 500 בקבוק 2,מיליליטרים,500.00,"100 מ""ל",false,,6.10,0.0122,true,1,1574184
7290006764096,false,בירה איגל חוזר 500 מ,טמפו,IL,גולדסטאר חוזר 500 בקבוק 2,מיליליטרים,500.00,"100 מ""ל",false,,5.10,0.0102,true,1,2117078
7290006764157,false,בירה גולדסטאר לא מסו,,,בירה גולדסטאר לא מסו,מיליליטרים,500.00,"100 מ""ל",false,,7.70,0.0154,true,1,4483237
7290006764485,false,בירה שחורה נשר מאלט,נשר מאלט,IL,"נשר מאלט ח""פ 330 בקבוק מש",ליטרים,1.98,ליטר,false,,23.30,11.7677,true,1,1574186
7290006765000,false,טורטיה 12 יח קמח מלא,,,טורטיה 12 יח קמח מלא,גרמים,540.00,100 גרם,false,,8.50,0.0157,true,1,4005878
7290006770684,false,עוגת מוס גבינה פירור,,,עוגת מוס גבינה פירור,גרמים,850.00,100 גרם,false,,51.20,0.0602,true,1,1607998
7290006784018,false,מטהר אויר למכשיר אוט,,,מטהר אויר למכשיר אוט,מטרים,1.00,100 מ'ל,false,,8.50,8.5000,true,1,5384120
7290006784339,false,תרסיס לניקוי רהיט סנ,סנט מוריץ,,תרסיס לניקוי רהיט סנ,מיליליטרים,300.00,"100 מ""ל",false,,8.40,0.0280,true,1,1587664
7290006784346,false,תרסיס לניקוי שטיחים,,,תרסיס לניקוי שטיחים,מיליליטרים,630.00,"100 מ""ל",false,,13.60,0.0216,true,1,1587665
7290006784438,false,מרכך כביסה כחול 1לי,,,מרכך כביסה כחול 1לי,ליטרים,1.00,ליטר,false,,8.50,8.5000,true,1,5371142
7290006784469,false,מבשם אוויר בניחוח חו,,,מבשם אוויר בניחוח חו,מטרים,400.00,100 מ'ל,false,,6.80,0.0170,true,1,5332495
7290006784483,false,מבשם אוויר בניחוח חו,,,מבשם אוויר בניחוח חו,מטרים,400.00,100 מ'ל,false,,6.80,0.0170,true,1,5332496
7290006784711,false,נוזל כלים צהוב לימון,,,נוזל כלים צהוב לימון,מיליליטרים,750.00,"100 מ""ל",false,,5.00,0.0067,true,1,2318179
7290006784728,false,נוזל כלים ירוק למון,,,נוזל כלים ירוק למון,מיליליטרים,750.00,"100 מ""ל",false,,5.00,0.0067,true,1,2318180
7290006784766,false,נוזל חלונות 1ליטר רמ,,,נוזל חלונות 1ליטר רמ,ליטרים,1.00,ליטר,false,,4.20,4.2000,true,1,1891581
7290006784803,false,נוזל לניקוי אמבטיות,,,נוזל לניקוי אמבטיות,ליטרים,1.00,ליטר,false,,7.10,7.1000,true,1,1884705
7290006784865,false,סנט מוריץ מרסס מטבחי,,,סנט מוריץ מרסס מטבחי,100 מל,1000.00,100 מל,false,,8.50,0.0085,true,1,4436177
7290006788399,false,דאודורנט קרליין רול,קרליין,,דאודורנט קרליין רול,גרמים,75.00,100 גרם,false,,9.30,0.1240,true,1,1579990
7290006788405,false,דאודורנט קרליין רול,קרליין,,דאודורנט קרליין רול,גרמים,75.00,100 גרם,false,,9.30,0.1240,true,1,1579991
7290006788412,false,דאודורנט קרליין רול,קרליין,,דאודורנט קרליין רול,גרמים,50.00,100 גרם,false,,9.30,0.1860,true,1,1579992
7290006788429,false,דאודורנט קרליין רול,קרליין,,דאודורנט קרליין רול,גרמים,75.00,100 גרם,false,,9.30,0.1240,true,1,1579993
7290006788436,false,דאודורנט קרליין רול,קרליין,,דאודורנט קרליין רול,גרמים,75.00,100 גרם,false,,9.30,0.1240,true,1,1579994
7290006788474,false,דאודורנט קרליין ספרי,קרליין,,דאודורנט קרליין ספרי,גרמים,75.00,100 גרם,false,,9.30,0.1240,true,1,1579998
7290006788559,false,דאו ספריי טיטניום 18,קרליין,,דאו ספריי טיטניום 18,מיליליטרים,180.00,"100 מ""ל",false,,12.70,0.0706,true,1,1566612
7290006789631,false,קרם לחות 10 לשיער רג,קרליין,,קרם לחות 10 לשיער רג,מיליליטרים,400.00,"100 מ""ל",false,,14.40,0.0360,true,1,1580013
7290006789648,false,קרם לחות לשיער יבש 1,קרליין,,קרם לחות לשיער יבש 1,מיליליטרים,400.00,"100 מ""ל",false,,14.40,0.0360,true,1,1580014
7290006789655,false,קרם לחות לסירוק קל ל,קרליין,,קרם לחות לסירוק קל ל,מיליליטרים,400.00,"100 מ""ל",false,,14.40,0.0360,true,1,1580015
7290006804754,false,פרצל,,,פרצל,יח',1.00,יח',false,,2.40,2.4000,true,1,2335537
7290006804877,false,מארז 10 יחידות מיני,פילסברי,,מארז 10 יחידות מיני,יח',10.00,יח',false,,9.30,0.9300,true,1,1570659
7290006805355,false,תערובת להכנת כדורי ש,פילסברי,,תערובת להכנת כדורי ש,גרמים,500.00,100 גרם,false,,13.60,0.0272,true,1,1584862
7290006805362,false,חצי באגט מאפית,פילסברי,,חצי באגט מאפית,יח',1.00,יח',false,,2.70,2.7000,true,1,4314046
7290006805386,false,שליש כפרי,פילסברי,,שליש כפרי,יח',1.00,יח',false,,2.10,2.1000,true,1,1570670
7290006806963,false,חלה מתוקה קלועה אפוי,,,חלה מתוקה קלועה אפוי,יח',1.00,יח',false,,10.60,10.6000,true,1,2335569
7290006822192,false,נקטר דיאט חמוציות או,פריגת,,נקטר דיאט חמוציות או,ליטרים,1.00,ליטר,false,,9.40,9.4000,true,1,1570992
7290006855206,false,חטיף בר שזיפים קוקוס,אסם,,חטיף בר שזיפים קוקוס,גרמים,120.00,100 גרם,false,,12.70,0.1058,true,1,1577253
7290006855244,false,חטיף בר אגוזים שקדים,אסם,,חטיף בר אגוזים שקדים,גרמים,120.00,100 גרם,false,,12.70,0.1058,true,1,5322006
7290006855251,false,חטיף בר קשיו אגוזי מ,אסם,,חטיף בר קשיו אגוזי מ,גרמים,120.00,100 גרם,false,,12.70,0.1058,true,1,1577255
7290006866363,false,מיץ סחוט אשכולית אדו,פרימור,,מיץ סחוט אשכולית אדו,ליטרים,1.00,ליטר,false,,13.50,13.5000,true,1,1589684
7290006936059,false,משחת כלים ברבור 3.5,קליר כימיקלים,,משחת כלים ברבור 3.5,ליטרים,3.50,ליטר,false,,21.30,6.0857,true,1,1587458
7290006983176,false,לחמית שיפון אסם 250,אסם,,לחמית שיפון אסם 250,גרמים,250.00,100 גרם,false,,6.80,0.0272,true,1,1577260
7290006983206,false,תערובת להכנת פלאפל א,אסם,,תערובת להכנת פלאפל א,גרמים,180.00,100 גרם,false,,8.10,0.0450,true,1,1577261
7290006983527,false,עוגת הבית תפוחי עץ ו,אסם,,עוגת הבית תפוחי עץ ו,גרמים,400.00,100 גרם,false,,12.70,0.0317,true,1,1577264
7290006983763,false,עוגת הבית שוקולד אסם,אסם,,עוגת הבית שוקולד אסם,גרמים,400.00,100 גרם,false,,9.30,0.0233,true,1,1577265
7290006983770,false,עוגת הבית שיש אסם 40,אסם,,עוגת הבית שיש אסם 40,גרמים,400.00,100 גרם,false,,9.30,0.0233,true,1,1577266
7290006983787,false,עוגת הבית שוקולד צ'י,אסם,,עוגת הבית שוקולד צ'י,גרמים,400.00,100 גרם,false,,9.30,0.0233,true,1,1577267
7290006983794,false,עוגת הבית בטעם תפוז,אסם,,עוגת הבית בטעם תפוז,גרמים,400.00,100 גרם,false,,9.30,0.0233,true,1,1577268
7290006992185,false,מטרנה דייסת אורז 200,מטרנה,,מטרנה דייסת אורז 200,גרמים,200.00,100 גרם,false,,11.00,0.0550,true,1,1577272
7290006992192,false,מטרנה דייסת סולת 200,מטרנה,,מטרנה דייסת סולת 200,גרמים,200.00,100 גרם,false,,11.00,0.0550,true,1,1577273
7290006992208,false,מטרנה דייסת 8 דגנים,מטרנה,,מטרנה דייסת 8 דגנים,גרמים,200.00,100 גרם,false,,11.00,0.0550,true,1,1577274
7290008000239,false,שטיפה אינטימית מועשר,פמינה,,שטיפה אינטימית מועשר,מיליליטרים,220.00,"100 מ""ל",false,,20.40,0.0927,true,1,1592225
7290008000796,false,סופרמן משחת שיניים ל,כצט,IL,משחת שיניים סופרמן,מטרים,50.00,100 מ'ל,false,,9.30,0.1860,true,1,1592231
7290008000826,false,משחת שיניים לילדים ב,כצט,IL,"משחת שיניים ברבי 50 מ""ל",יח',1.00,יח',false,,9.30,9.3000,true,1,1592234
7290008023542,false,נוזל לניקוי רצפות בנ,סיף,,נוזל לניקוי רצפות בנ,ליטרים,4.00,ליטר,false,,14.40,3.6000,true,1,1579034
7290008101257,false,זרעי צ'יה 300 גר,,,זרעי צ'יה 300 גר,גרמים,300.00,100 גרם,false,,23.80,0.0793,true,1,3786139
7290008101264,false,תבלין מימון זרעי צ'י,,,תבלין מימון זרעי צ'י,גרמים,150.00,100 גרם,false,,12.40,0.0827,true,1,3786140
7290008101356,false,קריספ פירורי פנקו זה,,,קריספ פירורי פנקו זה,גרמים,300.00,100 גרם,false,,8.10,0.0270,true,1,5373839
7290008101776,false,קארי 100ג רמילוי,,,קארי 100ג רמילוי,גרמים,100.00,100 גרם,false,,7.40,0.0740,true,1,4433226
7290008101813,false,פפריקה חריפה שקית 80,,,פפריקה חריפה שקית 80,גרמים,80.00,100 גרם,false,,4.20,0.0525,true,1,4433157
7290008102087,false,סירופ מייפל 700מל רמ,,,סירופ מייפל 700מל רמ,מטרים,700.00,100 מ'ל,false,,8.50,0.0121,true,1,5294733
7290008102094,false,סירופ שוקולד 700מל ר,,,סירופ שוקולד 700מל ר,מטרים,700.00,100 מ'ל,false,,8.50,0.0121,true,1,5294734
7290008102896,false,אבקת אפייה עשירייה ר,,,אבקת אפייה עשירייה ר,יח',1.00,יח',false,,1.40,1.4000,true,1,5226640
7290008102902,false,סוכר וניל עשירייה רמ,,,סוכר וניל עשירייה רמ,יח',1.00,יח',false,,1.60,1.6000,true,1,5226641
7290008102919,false,אבקת סוכר 100 גר רמי,,,אבקת סוכר 100 גר רמי,יח',1.00,יח',false,,1.50,1.5000,true,1,5226642
7290008102933,false,שומשום 200גר רמילוי,,,שומשום 200גר רמילוי,גרמים,200.00,100 גרם,false,,4.70,0.0235,true,1,5226643
7290008102957,false,שומשום 500גר רמילוי,,,שומשום 500גר רמילוי,גרמים,500.00,100 גרם,false,,11.00,0.0220,true,1,5226645
7290008104050,false,שטיפת אינטימית לקטופ,פמינה,,שטיפת אינטימית לקטופ,מיליליטרים,220.00,"100 מ""ל",false,,18.70,0.0850,true,1,1592240
7290008154222,false,שניצלונים בציפוי מעו,עוף טוב,,שניצלונים בציפוי מעו,גרמים,700.00,100 גרם,false,,11.90,0.0170,true,1,1577280
7290008175173,false,חמאה מפינלנד 200 ג ל,לורפק,,חמאה מפינלנד 200 ג ל,יח',1.00,יח',false,,10.20,10.2000,true,1,1599159
7290008175210,false,פרמזנו מגורדת וילי פ,וילי פוד,,פרמזנו מגורדת וילי פ,גרמים,90.00,100 גרם,false,,12.70,0.1411,true,1,1599160
7290008175814,false,פטריות חתוכות וילי פ,וילי פוד,,פטריות חתוכות וילי פ,גרמים,230.00,100 גרם,false,,4.10,0.0178,true,1,1599163
7290008190633,false,לקקן תות 110 יחידות,,,לקקן תות 110 יחידות,גרמים,990.00,100 גרם,false,,23.00,0.0232,true,1,1587090
7290008190909,false,עוגיות מיני קוקיס שו,כרמית,,עוגיות מיני קוקיס שו,גרמים,600.00,100 גרם,false,,13.60,0.0227,true,1,1587096
7290008190985,false,לקקן גלידה פופ 50יח,כרמית,,לקקן גלידה פופ 50יח,גרמים,500.00,100 גרם,false,,11.00,0.0220,true,1,1587097
7290008202022,false,צלעות טרי,,,צלעות טרי,קילוגרמים,1.00,"ק""ג",true,,59.90,59.9000,true,1,5192844
7290008202039,false,חזה בקר טרי,,,חזה בקר טרי,קילוגרמים,1.00,"ק""ג",true,,46.90,46.9000,true,1,5192845
7290008202046,false,כתף טרי,,,כתף טרי,קילוגרמים,1.00,"ק""ג",true,,64.10,64.1000,true,1,5192846
7290008202053,false,צלי כתף טרי,,,צלי כתף טרי,קילוגרמים,1.00,"ק""ג",true,,85.40,85.4000,true,1,5192847
7290008202060,false,פילה מדומה טרי,,,פילה מדומה טרי,קילוגרמים,1.00,"ק""ג",true,,68.30,68.3000,true,1,5192848
7290008202077,false,שריר טרי,,,שריר טרי,קילוגרמים,1.00,"ק""ג",true,,55.40,55.4000,true,1,5192849
7290008202084,false,אסאדו ללא עצם טרי,,,אסאדו ללא עצם טרי,קילוגרמים,1.00,"ק""ג",true,,51.20,51.2000,true,1,5192850
7290008202121,false,סינטה טרי,,,סינטה טרי,קילוגרמים,1.00,"ק""ג",true,,109.90,109.9000,true,1,5192867
7290008202138,false,פילה עגל טרי,,,פילה עגל טרי,קילוגרמים,1.00,"ק""ג",true,,183.80,183.8000,true,1,5192868
7290008202695,false,עצמות בקר,,,עצמות בקר,קילוגרמים,1.00,"ק""ג",true,,17.00,17.0000,true,1,5228506
7290008202732,false,דנוור סטייק אנטריקוט,,,דנוור סטייק אנטריקוט,קילוגרמים,1.00,"ק""ג",true,,85.30,85.3000,true,1,5269481
7290008202848,false,גולש פרמיום,,,גולש פרמיום,קילוגרמים,1.00,"ק""ג",true,,76.00,76.0000,true,1,5247801
7290008202862,false,שניצל עגל פרמיום,,,שניצל עגל פרמיום,קילוגרמים,1.00,"ק""ג",true,,76.00,76.0000,true,1,5247803
7290008322317,false,אנטריקוט לתנור קפוא,,,אנטריקוט לתנור קפוא,קילוגרמים,1.00,"ק""ג",true,,68.30,68.3000,true,1,5334418
7290008322560,false,נתח סינטה מיוחד לתנו,,,נתח סינטה מיוחד לתנו,קילוגרמים,1.00,"ק""ג",false,,68.20,68.2000,true,1,5411466
7290008330107,false,בדין מרכך כביסה סגול,בדין,,בדין מרכך כביסה סגול,ליטרים,4.00,ליטר,false,,17.00,4.2500,true,1,1579035
7290008330381,false,בדין דפים למייבש כבי,בדין,,בדין דפים למייבש כבי,יח',40.00,יח',false,,12.70,0.3175,true,1,1579036
7290008330398,false,בדין דפים למייבש כבי,בדין,,בדין דפים למייבש כבי,יח',40.00,יח',false,,12.70,0.3175,true,1,1579037
7290008344258,false,המבורגר מזרחי טיבון,טיבון ויל,,המבורגר מזרחי טיבון,גרמים,400.00,100 גרם,false,,17.90,0.0447,true,1,1581544
7290008344272,false,המבורגר 100% טיבון ו,טיבון ויל,,המבורגר 100% טיבון ו,גרמים,400.00,100 גרם,false,,15.30,0.0383,true,1,1581545
7290008350150,false,בצק פילו מצונן מרודד,,,בצק פילו מצונן מרודד,יחידה,0.00,יחידה,false,,12.70,0.0000,true,1,5408191
7290008350273,false,פילה אמנון טרי ארוז,,,פילה אמנון טרי ארוז,קילוגרמים,1.00,"ק""ג",true,,68.30,68.3000,true,1,5367953
7290008350280,false,פילה ברמונדי טרי ארו,,,פילה ברמונדי טרי ארו,קילוגרמים,1.00,"ק""ג",true,,85.40,85.4000,true,1,5367954
7290008350297,false,פילה דניס טרי ארוז,,,פילה דניס טרי ארוז,קילוגרמים,1.00,"ק""ג",true,,85.50,85.5000,true,1,5367955
7290008350303,false,פילה לברק טרי ארוז,,,פילה לברק טרי ארוז,קילוגרמים,1.00,"ק""ג",true,,85.40,85.4000,true,1,5367956
7290008350327,false,פילה סלמון טרי פרוס,,,פילה סלמון טרי פרוס,קילוגרמים,1.00,"ק""ג",true,,94.00,94.0000,true,1,5367958
7290008350334,false,פילה באס טרי ארוז,,,פילה באס טרי ארוז,קילוגרמים,1.00,"ק""ג",true,,72.60,72.6000,true,1,5367959
7290008350358,false,דניס נקי טרי ארוז,,,דניס נקי טרי ארוז,קילוגרמים,1.00,"ק""ג",true,,51.20,51.2000,true,1,5367961
7290008350365,false,אמנון נקי טרי ארוז,,,אמנון נקי טרי ארוז,קילוגרמים,1.00,"ק""ג",true,,32.40,32.4000,true,1,5367962
7290008350372,false,קרפיון פרוס נקי טרי,,,קרפיון פרוס נקי טרי,קילוגרמים,1.00,"ק""ג",true,,32.40,32.4000,true,1,5367963
7290008350402,false,באס נקי טרי ארוז,,,באס נקי טרי ארוז,קילוגרמים,1.00,"ק""ג",true,,42.60,42.6000,true,1,5367966
7290008350419,false,לברק נקי טרי ארוז,,,לברק נקי טרי ארוז,קילוגרמים,1.00,"ק""ג",true,,59.70,59.7000,true,1,5367967
7290008409049,false,מיני שניצלונים בציפו,מאמא עוף,,מיני שניצלונים בציפו,גרמים,500.00,100 גרם,false,,21.30,0.0426,true,1,1572602
7290008409100,false,אצבעות שניצל בציפוי,מאמא עוף,,אצבעות שניצל בציפוי,גרמים,700.00,100 גרם,false,,25.60,0.0366,true,1,1572605
7290008409124,false,שניצל גונג'ל מאמא עו,מאמא עוף,,שניצל גונג'ל מאמא עו,גרמים,700.00,100 גרם,false,,25.60,0.0366,true,1,1566422
7290008409216,false,שניצל דק דק פריך מאמ,מאמא עוף,,שניצל דק דק פריך מאמ,גרמים,700.00,100 גרם,false,,34.10,0.0487,true,1,1572607
7290008409315,false,מיני שניצלונים בציפו,מאמא עוף,,מיני שניצלונים בציפו,גרמים,500.00,100 גרם,false,,21.30,0.0426,true,1,1572611
7290008409407,false,מאמא עוף שניצל דק צי,מאמא עוף,,מאמא עוף שניצל דק צי,גרמים,700.00,100 גרם,false,,34.10,0.0487,true,1,1572615
7290008409551,false,שניצל עוף בציפוי מעו,מאמא עוף,,שניצל עוף בציפוי מעו,גרמים,700.00,100 גרם,false,,25.60,0.0366,true,1,1572621
7290008409582,false,שניצל עוף אמיתי בציפ,מאמא עוף,,שניצל עוף אמיתי בציפ,גרמים,700.00,100 גרם,false,,25.60,0.0366,true,1,1572624
7290008415071,false,סלט חומוס עם טחינה צ,צבר,,סלט חומוס עם טחינה צ,גרמים,150.00,100 גרם,false,,4.20,0.0280,true,1,1577283
7290008415514,false,סלט חומוס חריף צבר 1,צבר,,סלט חומוס חריף צבר 1,גרמים,150.00,100 גרם,false,,4.20,0.0280,true,1,1577286
7290008443265,false,תחליב לחות לרחצה אל,נקה 7,,תחליב לחות לרחצה אל,ליטרים,2.00,ליטר,false,,21.30,10.6500,true,1,1580024
7290008443647,false,מרכך לשיער מתולתל נק,נקה 7,,מרכך לשיער מתולתל נק,מיליליטרים,750.00,"100 מ""ל",false,,8.50,0.0113,true,1,1580030
7290008461221,false,סרדינים בשמן חמניות,רוברט,,סרדינים בשמן חמניות,גרמים,84.00,100 גרם,false,,6.40,0.0762,true,1,1581559
7290008461238,false,סרדינים בשמן חמניות,רוברט,,סרדינים בשמן חמניות,גרמים,115.00,100 גרם,false,,6.40,0.0557,true,1,1581560
7290008461283,false,צ'דר טריפל 200 גר,,,צ'דר טריפל 200 גר,גרמים,200.00,100 גרם,false,,19.60,0.0980,true,1,3694303
7290008462204,false,חרדל דיז'ון מקורי נט,נטו,,חרדל דיז'ון מקורי נט,גרמים,380.00,100 גרם,false,,12.70,0.0334,true,1,1581562
7290008462259,false,דיז'ון גרגירים 380 ג,נטו,,דיז'ון גרגירים 380 ג,גרמים,380.00,100 גרם,false,,15.00,0.0395,true,1,1581563
7290008464024,false,גולדסטאר לא מסונן פח,טמפו,IL,גולדסטאר לא מסונן פחית 50,מיליליטרים,500.00,"100 מ""ל",false,,6.80,0.0136,true,1,1574191
7290008464130,false,"גולדסטאר לא מסונן ח""",טמפו,IL,"גולדסטאר לא מסונן ח""פ 330",ליטרים,1.98,ליטר,false,,27.50,13.8889,true,1,1574192
7290008464222,false,מכבי 7.9 פחית 500מל,מכבי,,מכבי 7.9 פחית 500מל,מיליליטרים,500.00,"100 מ""ל",false,,6.50,0.0130,true,1,1574193
7290008464468,false,גולדסטאר 500 פחית,טמפו,IL,גולדסטאר 500 פחית 24 יח',מיליליטרים,500.00,"100 מ""ל",false,,6.80,0.0136,true,1,1574195
7290008464475,false,מכבי 500 פחית,טמפו,IL,מכבי 500 פחית 24 יח',מיליליטרים,500.00,"100 מ""ל",false,,5.90,0.0118,true,1,1574196
7290008464505,false,"מים סאן בנדטו 500 מ""",טמפו,,"מים סאן בנדטו 500 מ""",מיליליטרים,500.00,"100 מ""ל",false,,2.80,0.0056,true,1,1574037
7290008464604,false,היינקן הולנד 500 פחי,טמפו,IL,היינקן הולנד 500 פחית 24,מיליליטרים,500.00,"100 מ""ל",false,,10.10,0.0202,true,1,1574200
7290008464673,false,בירה גולדסטאר פחית 5,,,בירה גולדסטאר פחית 5,מיליליטרים,500.00,"100 מ""ל",false,,6.80,0.0136,true,1,4508207
7290008464697,false,מכבי חזקה 7.9% שישיי,טמפו,IL,"מכבי חזקה 7.9% ח""פ 330 בק",ליטרים,1.98,ליטר,false,,25.80,13.0303,true,1,1574201
7290008464703,false,"מכבי ח""פ 330 בקבוק ש",טמפו,IL,"מכבי ח""פ 330 בקבוק שישייה",מיליליטרים,330.00,"100 מ""ל",false,,25.80,0.0782,true,1,1566472
7290008464734,false,גולדסטאר SLOWBREW שי,,,גולדסטאר SLOWBREW שי,מיליליטרים,330.00,"100 מ""ל",false,,30.10,0.0912,true,1,1925705
7290008464741,false,בירה גולדסטאר שישייה,טמפו,IL,"גולדסטאר ח""פ 330 בקבוק שי",מיליליטרים,330.00,"100 מ""ל",false,,25.90,0.0785,true,1,1574204
7290008464796,false,"היינקן שישייה 330 מ""",טמפו,IL,היינקן cities 330 בקבוק ח,ליטרים,1.98,ליטר,false,,25.80,13.0303,true,1,1574207
7290008470759,false,מסטיק סטיקס בטעם מנט,אורביט,,מסטיק סטיקס בטעם מנט,גרמים,40.00,100 גרם,false,,11.90,0.2975,true,1,1608527
7290008470766,false,מסטיק סטיקס בטעם מנט,אורביט,,מסטיק סטיקס בטעם מנט,גרמים,40.00,100 גרם,false,,11.90,0.2975,true,1,1608528
7290008472272,false,צלעות כבש עם עצם,,,צלעות כבש עם עצם,קילוגרמים,1.00,"ק""ג",true,,139.90,139.9000,true,1,5407859
7290008472357,false,רבע כבש עם עצם קפוא,,,רבע כבש עם עצם קפוא,קילוגרמים,1.00,"ק""ג",true,,76.80,76.8000,true,1,5316561
7290008472821,false,גבינה צהובה 28%.,,,גבינה צהובה 28%.,קילוגרמים,1.00,"ק""ג",true,,26.50,26.5000,true,1,5397261
7290008472968,false,זנב בקר קפוא,,,זנב בקר קפוא,קילוגרמים,1.00,"ק""ג",true,,59.70,59.7000,true,1,5411148
7290008493413,false,פירורי לחם מאיר בייג,מאיר בייגל,IL,פירורים גריסיני 200גרם,גרמים,200.00,100 גרם,false,,5.00,0.0250,true,1,1566706
7290008493703,false,שמיניות מלח מאיר ביי,מאיר בייגל,IL,שמיניות מלח באריזה שקופה,גרמים,300.00,100 גרם,false,,4.10,0.0137,true,1,1584295
7290008493710,false,פירורי לחם מאיר בייג,מאיר בייגל,IL,פרורי גריסני זהב 200 גרם,גרמים,200.00,100 גרם,false,,5.00,0.0250,true,1,1584296
7290008496360,false,פילה בקלה ללא עור קפ,,,פילה בקלה ללא עור קפ,קילוגרמים,1.00,"ק""ג",true,,34.10,34.1000,true,1,5324139
7290008496384,false,פילה אמנון 5-7 קפוא,,,פילה אמנון 5-7 קפוא,קילוגרמים,1.00,"ק""ג",true,,19.90,19.9000,true,1,5316940
7290008496421,false,פילה אמנון 5-7 קפוא,,,פילה אמנון 5-7 קפוא,קילוגרמים,1.00,"ק""ג",true,,19.90,19.9000,true,1,5316442
7290008496544,false,פילה דג מנוקד קפוא,,,פילה דג מנוקד קפוא,יח',1.00,יח',false,,18.70,18.7000,true,1,5364945
7290008500005,false,פילסברי בראוניז ללא,,,פילסברי בראוניז ללא,גרמים,415.00,100 גרם,false,,15.30,0.0369,true,1,5322243
7290008500135,false,עוגת שמרים קינמון 60,,,עוגת שמרים קינמון 60,גרמים,500.00,100 גרם,false,,18.70,0.0374,true,1,5293413
7290008500142,false,"עוגת שמרים תפו""ע 600",,,"עוגת שמרים תפו""ע 600",גרמים,500.00,100 גרם,false,,18.70,0.0374,true,1,5293414
7290008500159,false,עוגת שמרים גבינה 600,,,עוגת שמרים גבינה 600,גרמים,500.00,100 גרם,false,,18.70,0.0374,true,1,5293415
7290008500166,false,עוגת שמרים פרג 600ג,,,עוגת שמרים פרג 600ג,גרמים,500.00,100 גרם,false,,18.70,0.0374,true,1,5293416
7290008500685,false,מיניבאדי פיצה 350גר,,,מיניבאדי פיצה 350גר,גרמים,350.00,100 גרם,false,,12.70,0.0363,true,1,5398592
7290008504096,false,לחמניות שמינייה קמח,,,לחמניות שמינייה קמח,יח',1.00,יח',false,,8.50,8.5000,true,1,5271213
7290008504102,false,לחמניות ביס מיני פתי,,,לחמניות ביס מיני פתי,יח',1.00,יח',false,,8.50,8.5000,true,1,5271214
7290008504119,false,לחמניות קשר 5יח,,,לחמניות קשר 5יח,יח',1.00,יח',false,,8.50,8.5000,true,1,5271215
7290008507172,false,נקניקיות צוריסוס פרי,,,נקניקיות צוריסוס פרי,גרמים,700.00,100 גרם,false,,30.70,0.0439,true,1,5293144
7290008597906,false,אורז יסמין ששון הקול,ששון הקולה,,אורז יסמין ששון הקול,גרמים,5000.00,100 גרם,false,,34.70,0.0069,true,1,1572099
7290008639095,false,פחזניות וניל 280גרם,,,פחזניות וניל 280גרם,גרמים,280.00,100 גרם,false,,25.60,0.0914,true,1,1607999
7290008644112,false,סלט מטבוחה אחלה 125,אחלה,,סלט מטבוחה אחלה 125,גרמים,125.00,100 גרם,false,,4.00,0.0320,true,1,1589686
7290008644235,false,עלי בייבי שטראוס 120,שטראוס,,עלי בייבי שטראוס 120,גרמים,120.00,100 גרם,false,,9.90,0.0825,true,1,1589687
7290008644945,false,לקט לסלט המושבה שטרא,שטראוס,,לקט לסלט המושבה שטרא,גרמים,450.00,100 גרם,false,,9.30,0.0207,true,1,1589691
7290008645935,false,חומוס אחלה 750 גרם,אחלה,,חומוס אחלה 750 גרם,גרמים,750.00,100 גרם,false,,8.40,0.0112,true,1,1589695
7290008670012,false,יין אדום קברנה סובינ,אחים שקד,,יין אדום קברנה סובינ,מיליליטרים,750.00,"100 מ""ל",false,,42.70,0.0569,true,1,1608747
7290008670142,false,יין אדום יסמין רקנאט,אחים שקד,,יין אדום יסמין רקנאט,מיליליטרים,750.00,"100 מ""ל",false,,27.30,0.0364,true,1,1608749
7290008670159,false,יין לבן יסמין רקנאטי,אחים שקד,,יין לבן יסמין רקנאטי,מיליליטרים,750.00,"100 מ""ל",false,,27.30,0.0364,true,1,1608750
7290008670210,false,יין אדום שירז רקנאטי,אחים שקד,,יין אדום שירז רקנאטי,מיליליטרים,750.00,"100 מ""ל",false,,45.80,0.0611,true,1,1608751
7290008679442,false,כפפות לבית ולמטבח הנ,רנמרק,TH,כפפות רגישות במיוחד,יח',1.00,יח',false,,5.00,5.0000,true,1,1571400
7290008690713,false,נקטר חמוציות אושן ספ,פריגת,,נקטר חמוציות אושן ספ,ליטרים,1.00,ליטר,false,,9.90,9.9000,true,1,1571005
7290008693134,false,דניאלה בטעם תות 150,שטראוס,,דניאלה בטעם תות 150,מיליליטרים,150.00,"100 מ""ל",false,,3.30,0.0220,true,1,1589696
7290008713900,false,לחם שיפון עגול פרוס,אנג'ל,,לחם שיפון עגול פרוס,גרמים,750.00,100 גרם,false,,10.70,0.0143,true,1,1574422
7290008713917,false,לחם שיפון כהה פרוס מ,אנג'ל,,לחם שיפון כהה פרוס מ,גרמים,750.00,100 גרם,false,,10.70,0.0143,true,1,1574423
7290008719049,false,אוסובוקו עם עצם כשר,,,אוסובוקו עם עצם כשר,קילוגרמים,1.00,"ק""ג",true,,42.60,42.6000,true,1,5426727
7290008745239,false,תפוצ'יפס קראנצ' בטעם,עלית,,תפוצ'יפס קראנצ' בטעם,גרמים,50.00,100 גרם,false,,2.90,0.0580,true,1,1582879
7290008747547,false,תפוצ'יפס קראנץ' בטעם,עלית,,תפוצ'יפס קראנץ' בטעם,גרמים,200.00,100 גרם,false,,8.50,0.0425,true,1,1582881
7290008750264,false,מסטיק MUST בטעם דובד,עלית,,מסטיק MUST בטעם דובד,גרמים,28.00,100 גרם,false,,3.40,0.1214,true,1,1575374
7290008752244,false,תפוצ'יפס קראנץ' בטעם,עלית,,תפוצ'יפס קראנץ' בטעם,גרמים,50.00,100 גרם,false,,2.90,0.0580,true,1,1582883
7290008753111,false,תפוצ'יפס קראנץ' בטעם,עלית,,תפוצ'יפס קראנץ' בטעם,גרמים,50.00,100 גרם,false,,2.90,0.0580,true,1,1582885
7290008754415,false,מסטיק MUST ללא סוכר,עלית,,מסטיק MUST ללא סוכר,גרמים,28.00,100 גרם,false,,3.40,0.1214,true,1,1575383
7290008757980,false,נקטר רימונים ספרינג,ספרינג,,נקטר רימונים ספרינג,ליטרים,1.00,ליטר,false,,5.60,5.6000,true,1,1578350
7290008775816,false,ערגליות עוגיות במילו,אסם,,ערגליות עוגיות במילו,גרמים,300.00,100 גרם,false,,6.80,0.0227,true,1,1577290
7290008775823,false,ערגליות במילוי תות א,אסם,,ערגליות במילוי תות א,גרמים,300.00,100 גרם,false,,6.80,0.0227,true,1,1577291
7290008801089,false,קברנה סובניון P.C,,,קברנה סובניון P.C,גרמים,375.00,100 גרם,false,,14.50,0.0387,true,1,4536469
7290008801119,false,יין סוביניון בלאן סל,כרמל מזרחי,,יין סוביניון בלאן סל,מיליליטרים,750.00,"100 מ""ל",false,,24.70,0.0329,true,1,1587303
7290008801157,false,יין מרלו סלקטד יקבי,כרמל מזרחי,,יין מרלו סלקטד יקבי,מיליליטרים,750.00,"100 מ""ל",false,,24.70,0.0329,true,1,1587304
7290008801522,false,יין קונקורד קינג דיו,כרמל מזרחי,,יין קונקורד קינג דיו,מיליליטרים,750.00,"100 מ""ל",false,,16.10,0.0215,true,1,1587308
7290008801539,false,יין כרמל 120 קינג די,כרמל מזרחי,,יין כרמל 120 קינג די,מיליליטרים,750.00,"100 מ""ל",false,,16.10,0.0215,true,1,1587309
7290008801546,false,יין מוסקט מתוק קינג,כרמל מזרחי,,יין מוסקט מתוק קינג,מיליליטרים,750.00,"100 מ""ל",false,,16.10,0.0215,true,1,1587310
7290008801843,false,יין קברנה סוביניון ס,כרמל מזרחי,,יין קברנה סוביניון ס,מיליליטרים,750.00,"100 מ""ל",false,,24.70,0.0329,true,1,1587311
7290008801850,false,יין אמרלד ריזלינג סל,כרמל מזרחי,,יין אמרלד ריזלינג סל,מיליליטרים,750.00,"100 מ""ל",false,,24.70,0.0329,true,1,1587312
7290008802291,false,יין מרלו פרייבט קולק,כרמל מזרחי,,יין מרלו פרייבט קולק,מיליליטרים,750.00,"100 מ""ל",false,,34.10,0.0455,true,1,1587313
7290008802512,false,יין וינו אדום יקבי כ,כרמל מזרחי,,יין וינו אדום יקבי כ,מיליליטרים,750.00,"100 מ""ל",false,,15.30,0.0204,true,1,1587314
7290008802529,false,יין וינו לבן יקבי כר,כרמל מזרחי,,יין וינו לבן יקבי כר,מיליליטרים,750.00,"100 מ""ל",false,,15.30,0.0204,true,1,1587315
7290008802895,false,יין קברנה סוביניון פ,כרמל מזרחי,,יין קברנה סוביניון פ,מיליליטרים,750.00,"100 מ""ל",false,,34.10,0.0455,true,1,1587316
7290008803021,false,יין כרמל אדום עתיק,כרמל מזרחי,,יין כרמל אדום עתיק,מיליליטרים,750.00,"100 מ""ל",false,,17.10,0.0228,true,1,1587318
7290008803090,false,יין מרלו גליל עליון,כרמל מזרחי,,יין מרלו גליל עליון,מיליליטרים,750.00,"100 מ""ל",false,,46.90,0.0625,true,1,1566741
7290008804332,false,יין שיראז פרייבט קול,כרמל מזרחי,,יין שיראז פרייבט קול,מיליליטרים,750.00,"100 מ""ל",false,,34.10,0.0455,true,1,1587320
7290008804462,false,יין מוסקט קינוח פריי,כרמל מזרחי,,יין מוסקט קינוח פריי,מיליליטרים,500.00,"100 מ""ל",false,,34.10,0.0682,true,1,1587324
7290008804745,false,יין גוורצטרמינר סדרה,,,יין גוורצטרמינר סדרה,מיליליטרים,750.00,"100 מ""ל",false,,46.90,0.0625,true,1,2245204
7290008805384,false,יין מוסקטו סלקטד יקב,כרמל מזרחי,,יין מוסקטו סלקטד יקב,מיליליטרים,750.00,"100 מ""ל",false,,24.70,0.0329,true,1,1587330
7290008805520,false,יין קברנה /מרלו סלקט,כרמל מזרחי,,יין קברנה /מרלו סלקט,מיליליטרים,750.00,"100 מ""ל",false,,24.70,0.0329,true,1,1587331
7290008805964,false,יין קברנה שיראז גליל,כרמל מזרחי,,יין קברנה שיראז גליל,מיליליטרים,750.00,"100 מ""ל",false,,46.90,0.0625,true,1,1566743
7290008806961,false,קרמיסימו שוקולד שבבי,קרמיסימו,,קרמיסימו שוקולד שבבי,ליטרים,1.33,ליטר,false,,15.30,11.5038,true,1,1587735
7290008806985,false,נשנושים שטראוס קרמיס,קרמיסימו,,נשנושים שטראוס קרמיס,גרמים,630.00,100 גרם,false,,34.00,0.0540,true,1,1566762
7290008836425,false,יין קל אפרת 1 ליטר,יקבי אפרת,,יין קל אפרת 1 ליטר,ליטרים,1.00,ליטר,false,,14.50,14.5000,true,1,1582813
7290008836494,false,מיץ ענבים רכיבים טבע,יקבי אפרת,,מיץ ענבים רכיבים טבע,ליטרים,1.00,ליטר,false,,11.00,11.0000,true,1,1566671
7290008846219,false,שמן זית כתית מעולה ח,שמן חלוצה,,שמן זית כתית מעולה ח,מיליליטרים,750.00,"100 מ""ל",false,,34.10,0.0455,true,1,1581564
7290008849609,false,רוטב לעוף שום דבש או,אוליביה,IL,רוטב לעוף שום דבש,מיליליטרים,330.00,"100 מ""ל",false,,10.90,0.0330,true,1,1571410
7290008849739,false,רוטב סויה אמיתי אולי,אוליביה,IL,רוטב סויה אמיתי,מיליליטרים,290.00,"100 מ""ל",false,,13.60,0.0469,true,1,1571411
7290008849753,false,רוטב טריאקי אוליביה,אוליביה,IL,רוטב טריאקי,מיליליטרים,290.00,"100 מ""ל",false,,10.90,0.0376,true,1,1571413
7290008849777,false,רוטב צ'ילי מתוק אולי,אוליביה,IL,רוטב צ'ילי מתוק,גרמים,350.00,100 גרם,false,,10.90,0.0311,true,1,1571414
7290008866002,false,קממבר בייבי אגוזים,,,קממבר בייבי אגוזים,קילוגרמים,1.00,"ק""ג",true,,102.60,102.6000,true,1,5307761
7290008866019,false,ברי עיזים בייבי,,,ברי עיזים בייבי,קילוגרמים,1.00,"ק""ג",true,,118.80,118.8000,true,1,5332787
7290008899406,false,לחמניית המבורגר,,,לחמניית המבורגר,יח',1.00,יח',false,,2.10,2.1000,true,1,2335542
7290008899505,false,באגט,פילסברי,,באגט,גרמים,250.00,100 גרם,false,,4.10,0.0164,true,1,1570753
7290008899512,false,בגט פילסברי,פילסברי,,בגט פילסברי,יח',1.00,יח',false,,4.10,4.1000,true,1,1570712
7290008899727,false,עוגיות קוקיס חלבי,פילסברי,,עוגיות קוקיס חלבי,קילוגרמים,1.00,"ק""ג",true,,40.20,40.2000,true,1,1570723
7290008945172,false,גלילונית לפח מטבח 40,"אשפלסט תעשיות בע""מ",IL,גלילונית לפח מטבח 40יח',יח',40.00,יח',false,,11.00,0.2750,true,1,1600560
7290008945202,false,גלילונית לאשפה משרדי,קילט ניהול פרוייקטים,IL,גלילונית לאשפה משרדית 50י,יח',50.00,יח',false,,10.90,0.2180,true,1,1600561
7290008961110,false,תבשיל בשר בקר 400ג,,,תבשיל בשר בקר 400ג,גרמים,470.00,100 גרם,false,,18.70,0.0398,true,1,5245142
7290008961127,false,טושונקה תבשיל בשר בק,,,טושונקה תבשיל בשר בק,גרמים,470.00,100 גרם,false,,18.70,0.0398,true,1,5245143
7290008975551,false,תחליף חלב מהדרין שלב,מטרנה,,תחליף חלב מהדרין שלב,גרמים,700.00,100 גרם,false,,40.90,0.0584,true,1,1577300
7290008975780,false,מזון לכלבים בונזו מז,"ביופט בע""מ",IL,"בונזו גזע קטן 3+1 ק""ג",קילוגרמים,3.00,"ק""ג",false,,34.10,11.3667,true,1,1584299
7290010002009,false,זנגביל הודי תבליני מ,תבליני מימון,,זנגביל הודי תבליני מ,גרמים,130.00,100 גרם,false,,9.80,0.0754,true,1,5321634
7290010002016,false,תבלין כוסברה טחון 10,תבליני מימון,IL,כוסברה טחונה 100 גרם,גרמים,100.00,100 גרם,false,,8.10,0.0810,true,1,1569888
7290010002023,false,תבלין כורכום תבליני,תבליני מימון,IL,כורכום הודי טחון 100 גרם,גרמים,100.00,100 גרם,false,,9.80,0.0980,true,1,1569889
7290010002030,false,תבלין כמון טחון תבלי,תבליני מימון,IL,כמון 100 גרם,גרמים,100.00,100 גרם,false,,9.80,0.0980,true,1,1569890
7290010002047,false,תבלין מלח לימון תבלי,תבליני מימון,IL,מלח לימון 200 גרם,גרמים,200.00,100 גרם,false,,8.10,0.0405,true,1,1569891
7290010002061,false,תבלין פלפל לבן טחון,תבליני מימון,IL,פלפל לבן טחון 100 גרם,גרמים,100.00,100 גרם,false,,14.40,0.1440,true,1,1569893
7290010002078,false,תבלין פלפל שחור טחון,תבליני מימון,IL,פלפל שחור טחון 100 גרם,גרמים,100.00,100 גרם,false,,12.40,0.1240,true,1,1569894
7290010002092,false,תבלין פלפל שחור גרוס,תבליני מימון,IL,פלפל שחור גרוס דק 90 גרם,גרמים,90.00,100 גרם,false,,12.40,0.1378,true,1,1569896
7290010002108,false,תבלין פלפל שחור גרוס,תבליני מימון,IL,פלפל שחור גרוס גס 90 גרם,גרמים,90.00,100 גרם,false,,12.40,0.1378,true,1,1569897
7290010002122,false,תבלין פפריקה מתוקה ה,תבליני מימון,IL,פפריקה הונגרית מתוקה 100,גרמים,100.00,100 גרם,false,,9.80,0.0980,true,1,1569898
7290010002191,false,תבלין מקלות קינמון ת,תבליני מימון,IL,מקלות קינמון 50 גרם,גרמים,50.00,100 גרם,false,,9.80,0.1960,true,1,1569902
7290010002207,false,תבלין קינמון טחון תב,תבליני מימון,IL,קינמון טחון 100 גרם,גרמים,100.00,100 גרם,false,,8.10,0.0810,true,1,1569903
7290010002214,false,תבלין צ'ילי גרוס תבל,תבליני מימון,IL,צ'ילי גרוס 80 גרם,גרמים,80.00,100 גרם,false,,9.80,0.1225,true,1,1569904
7290010002283,false,תבלין על האש תבליני,תבליני מימון,IL,תיבול על האש 100 גרם,גרמים,100.00,100 גרם,false,,9.80,0.0980,true,1,1569905
7290010002290,false,תבלין לשווארמה טורקי,תבליני מימון,IL,תיבול לשווארמה 100 גרם,גרמים,100.00,100 גרם,false,,9.80,0.0980,true,1,1569906
7290010002306,false,תבלין תיבול לקציצות,תבליני מימון,IL,תיבול לקציצות 100 גרם,גרמים,100.00,100 גרם,false,,9.80,0.0980,true,1,1569907
7290010002313,false,תבלין ראס אל חנות תב,תבליני מימון,IL,ראס אל חנות 100 גרם,גרמים,100.00,100 גרם,false,,9.80,0.0980,true,1,1569908
7290010002320,false,תבלין לגריל עוף תבלי,תבליני מימון,IL,תיבול לגריל עוף 100 גרם,גרמים,100.00,100 גרם,false,,9.80,0.0980,true,1,1569909
7290010002337,false,תבלין לסטייק תבליני,תבליני מימון,IL,תיבול לסטייק 100 גרם,גרמים,110.00,100 גרם,false,,9.80,0.0891,true,1,1569910
7290010002344,false,תבלין לדג תבליני מימ,תבליני מימון,IL,תיבול לדג 100 גרם,גרמים,100.00,100 גרם,false,,9.80,0.0980,true,1,1569911
7290010002351,false,תבלין מימון זעתר ושו,תבליני מימון,IL,זעתר ושומשום 100 גרם,גרמים,100.00,100 גרם,false,,9.80,0.0980,true,1,1569912
7290010002368,false,תבלין חוויאג' למרק 1,תבליני מימון,IL,תערובת חוויג' למרק 100 גר,גרמים,100.00,100 גרם,false,,9.80,0.0980,true,1,1569913
7290010002382,false,תבלין אורגנו תבליני,תבליני מימון,IL,אורגנו 40 גרם,גרמים,40.00,100 גרם,false,,8.10,0.2025,true,1,1569915
7290010002399,false,תבלין בזיליקום תבלינ,תבליני מימון,IL,בזיליקום 40 גרם,גרמים,40.00,100 גרם,false,,8.10,0.2025,true,1,1569916
7290010002405,false,תבלין טימין הררי תבל,תבליני מימון,IL,טימין הררי 40 גרם,גרמים,40.00,100 גרם,false,,8.10,0.2025,true,1,1569917
7290010002412,false,פפריקה מרוקאית מתוקה,,,פפריקה מרוקאית מתוקה,גרמים,120.00,100 גרם,false,,6.80,0.0567,true,1,5236764
7290010002429,false,תבלין עלי דפנה צנצנת,תבליני מימון,IL,עלי דפנה 20 גרם צנצנת,גרמים,20.00,100 גרם,false,,8.10,0.4050,true,1,1569918
7290010002436,false,תבלין פטרוזיליה תבלי,תבליני מימון,IL,פטרוזיליה 25 גרם,גרמים,25.00,100 גרם,false,,8.10,0.3240,true,1,1569919
7290010002443,false,תבלין רוזמרין תבליני,תבליני מימון,IL,רוזמרין 40 גרם,גרמים,40.00,100 גרם,false,,8.10,0.2025,true,1,1569920
7290010002450,false,תבלין שמיר 30 גר',תבליני מימון,IL,שמיר 25 גרם,גרמים,30.00,100 גרם,false,,8.10,0.2700,true,1,1569921
7290010002467,false,פפריקה מתוקה 100גר ר,,,פפריקה מתוקה 100גר ר,גרמים,100.00,100 גרם,false,,6.80,0.0680,true,1,5236765
7290010002481,false,תבלין שום טחון תבלינ,תבליני מימון,IL,שום טחון 100 גרם,גרמים,100.00,100 גרם,false,,12.40,0.1240,true,1,1569922
7290010002535,false,פלפל שחור טחון 100גר,,,פלפל שחור טחון 100גר,100 יח',35.00,100 יח',false,,10.20,0.2914,true,1,5237279
7290010002566,false,קינמון טחון 100ג רמי,,,קינמון טחון 100ג רמי,גרמים,100.00,100 גרם,false,,6.80,0.0680,true,1,5236768
7290010002597,false,תבלין כוסברה ירוקה מ,תבליני מימון,IL,כוסברה ירוקה 30 גרם,גרמים,20.00,100 גרם,false,,8.10,0.4050,true,1,1569924
7290010002658,false,תבלין פלפל יבש מתוק,תבליני מימון,IL,פלפל יבש מתוק 150 גרם,גרמים,150.00,100 גרם,false,,11.00,0.0733,true,1,1569925
7290010002726,false,תבלין לפרגיות תבליני,תבליני מימון,IL,תיבול לפרגיות 100 גרם,גרמים,100.00,100 גרם,false,,9.80,0.0980,true,1,1569926
7290010002986,false,פרימיום חריפה אש 100,,,פרימיום חריפה אש 100,יח',1.00,יח',false,,14.40,14.4000,true,1,5300471
7290010003051,false,תבלין פפריקה מתוקה ה,תבליני מימון,IL,פפריקה הונגרית מתוקה 400,גרמים,400.00,100 גרם,false,,20.40,0.0510,true,1,1569927
7290010003075,false,תבלין פפריקה מרוקאית,תבליני מימון,IL,פפריקה מרוקאית מתוקה 400,גרמים,400.00,100 גרם,false,,20.40,0.0510,true,1,1569928
7290010003440,false,שבבי בצל מטוגן 200 ג,,,שבבי בצל מטוגן 200 ג,גרמים,200.00,100 גרם,false,,8.50,0.0425,true,1,3461903
7290010003686,false,תבלין בשקית עלי דפנה,תבליני מימון,IL,עלי דפנה שקית 20 גרם - חד,גרמים,20.00,100 גרם,false,,5.00,0.2500,true,1,1569932
7290010003693,false,תבלין בשקית פפריקה מ,תבליני מימון,IL,פריקה מתוקה שקית 80 גרם -,גרמים,80.00,100 גרם,false,,5.00,0.0625,true,1,1569933
7290010003709,false,תבלין בשקית פלפל שחו,תבליני מימון,IL,פלפל שחור טחון שקית 50 גר,גרמים,50.00,100 גרם,false,,6.50,0.1300,true,1,1569934
7290010003754,false,תבלין בשקית כמון טחו,תבליני מימון,IL,כמון טחון שקית 50 גרם - ח,גרמים,50.00,100 גרם,false,,5.00,0.1000,true,1,1569935
7290010003761,false,תבלין בשקית כורכום ט,תבליני מימון,IL,כורכום טחון שקית 80 גרם -,גרמים,80.00,100 גרם,false,,5.00,0.0625,true,1,1569936
7290010003778,false,תבלין בשקית גריל עוף,תבליני מימון,IL,תיבול לגריל עוף שקית 80 ג,גרמים,80.00,100 גרם,false,,5.00,0.0625,true,1,1569937
7290010003792,false,תבלין בשקית מלח לימו,תבליני מימון,IL,מלח לימון שקית 100 גרם -,גרמים,100.00,100 גרם,false,,5.00,0.0500,true,1,1569939
7290010003808,false,תבלין בשקית זעתר ושו,תבליני מימון,IL,זעתר ושומשום שקית 80גרם -,גרמים,80.00,100 גרם,false,,5.00,0.0625,true,1,1569940
7290010003815,false,תבלין פלפל שטה יבש מ,תבליני מימון,IL,פלפל שטה 150 גרם שקית,גרמים,150.00,100 גרם,false,,12.70,0.0847,true,1,1569941
7290010003822,false,תבלין בשקית פפריקה ח,תבליני מימון,IL,פפריקה חריפה שקית 80 גרם,גרמים,80.00,100 גרם,false,,5.00,0.0625,true,1,1569942
7290010003839,false,תבלין בשקית קינמון ט,תבליני מימון,IL,קינמון טחון שקית 80 גרם -,גרמים,80.00,100 גרם,false,,5.00,0.0625,true,1,1569943
7290010003846,false,תבלין בשקית אורגנו 2,תבליני מימון,IL,אורגנו שקית 20 גרם - חדש,גרמים,20.00,100 גרם,false,,5.00,0.2500,true,1,1569944
7290010003990,false,תבלין פטרוזיליה בשקי,תבליני מימון,IL,פטרוזיליה שקית 20 גרם - ח,גרמים,20.00,100 גרם,false,,5.00,0.2500,true,1,1569945
7290010004348,false,פפריקה מתוקה 250 גרם,שיוך למחסן 17,,פפריקה מתוקה 250 גרם,גרמים,250.00,100 גרם,false,,17.00,0.0680,true,1,3461904
7290010004737,false,עלים לקרמשניט 300גר,,,עלים לקרמשניט 300גר,גרמים,300.00,100 גרם,false,,11.90,0.0397,true,1,3680088
7290010023141,false,הגן הקסום לימונענע ו,ויסוצקי,,הגן הקסום לימונענע ו,יח',25.00,יח',false,,14.40,0.5760,true,1,1583868
7290010023943,false,תה אדום קינמון וניל,ויסוצקי,,תה אדום קינמון וניל,יח',50.00,יח',false,,20.90,0.4180,true,1,1583874
7290010049004,false,מרמולייט סירופ בטעם,מרמולייט,IL,מרמולייט סירופ בטעם ענבים,ליטרים,1.00,ליטר,false,,15.30,15.3000,true,1,1600562
7290010049028,false,מרמולייט סירופ בטעם,זנלכל,IL,מרמולייט סירופ בטעם פטל 1,ליטרים,1.00,ליטר,false,,15.30,15.3000,true,1,1600564
7290010051052,false,פטרוזיליה א.אדמה,אדמה,,פטרוזיליה א.אדמה,יח',1.00,יח',false,,3.90,3.9000,true,1,1591381
7290010051076,false,לבבות קיסר א.אדמה,אדמה,,לבבות קיסר א.אדמה,יח',1.00,יח',false,,7.90,7.9000,true,1,1591383
7290010051168,false,כוסברה א.אדמה,אדמה,,כוסברה א.אדמה,יח',1.00,יח',false,,3.90,3.9000,true,1,1591388
7290010051175,false,שמיר א.אדמה,אדמה,,שמיר א.אדמה,יח',1.00,יח',false,,3.90,3.9000,true,1,1591389
7290010051182,false,נענע א.אדמה,אדמה,,נענע א.אדמה,יח',1.00,יח',false,,3.90,3.9000,true,1,1591390
7290010051199,false,שורש פטרוזיליה א.אדמ,אדמה,,שורש פטרוזיליה א.אדמ,יח',1.00,יח',false,,4.90,4.9000,true,1,1591391
7290010051205,false,סלרי אמריקאי א.אדמה,אדמה,,סלרי אמריקאי א.אדמה,יח',1.00,יח',false,,4.90,4.9000,true,1,1591392
7290010051212,false,ראש סלרי א.אדמה,אדמה,,ראש סלרי א.אדמה,יח',1.00,יח',false,,4.90,4.9000,true,1,1591393
7290010051267,false,לוף בשקית א.אדמה,אדמה,,לוף בשקית א.אדמה,יח',1.00,יח',false,,7.90,7.9000,true,1,1591398
7290010051298,false,מנגולד עלי סלק א.אדמ,אדמה,,מנגולד עלי סלק א.אדמ,יח',1.00,יח',false,,4.90,4.9000,true,1,1591400
7290010051335,false,בצל ירוק א.אדמה,אדמה,,בצל ירוק א.אדמה,יח',1.00,יח',false,,4.90,4.9000,true,1,1591401
7290010051687,false,רוזמרין אדמה,אדמה,,רוזמרין אדמה,יח',1.00,יח',false,,4.00,4.0000,true,1,1591406
7290010060597,false,שמפו סרקל 1.25 ליטר,"ד""ר פישר",IL,סרקל שמפו 1250 גרם,יח',1.00,יח',false,,28.10,28.1000,true,1,5309652
7290010060603,false,סרקל מרכך 1.25 25% ח,"ד""ר פישר",IL,סרקל מעצב 1250 גרם,יחידה,1.25,יחידה,false,,28.10,22.4800,true,1,5425446
7290010065332,false,פרינוק מחית תפוח עץ,פרינוק,CZ,"מחית ג'וניור תפו""ע בננה 1",גרמים,190.00,100 גרם,false,,5.00,0.0263,true,1,1571433
7290010065349,false,פרינוק מחית סלט פירו,פרינוק,CZ,מחית ג'וניור סלט פירות 19,גרמים,190.00,100 גרם,false,,5.00,0.0263,true,1,1571434
7290010065745,false,פרינוק מחית לפתן פיר,פרינוק,CZ,מחית ג'וניור לפתן פירות 1,גרמים,190.00,100 גרם,false,,5.00,0.0263,true,1,1571444
7290010116980,false,שוקולית 850 גרם,עלית,,שוקולית 850 גרם,גרמים,850.00,100 גרם,false,,12.70,0.0149,true,1,1575394
7290010117864,false,דוריטוס חטיף תירס בט,עלית,,דוריטוס חטיף תירס בט,גרמים,70.00,100 גרם,false,,2.70,0.0386,true,1,1582892
7290010118328,false,תפוצ'יפס בטעם טבעי ע,עלית,,תפוצ'יפס בטעם טבעי ע,גרמים,240.00,100 גרם,false,,10.20,0.0425,true,1,1582896
7290010129713,false,עוגת דניש טעם שוקולד,,,עוגת דניש טעם שוקולד,גרמים,500.00,100 גרם,false,,8.50,0.0170,true,1,5193009
7290010129959,false,עוגיות רוגלך שוקולד,,,עוגיות רוגלך שוקולד,גרמים,400.00,100 גרם,false,,7.60,0.0190,true,1,1724690
7290010153541,false,קוואקר להכנה מהירה מ,מיה,,קוואקר להכנה מהירה מ,גרמים,500.00,100 גרם,false,,5.00,0.0100,true,1,1566642
7290010153770,false,ציפוי לשניצל פיקנטי,מיה,,ציפוי לשניצל פיקנטי,גרמים,500.00,100 גרם,false,,6.80,0.0136,true,1,1580945
7290010153787,false,ציפוי לשניצל עם שום,מיה,,ציפוי לשניצל עם שום,גרמים,500.00,100 גרם,false,,6.80,0.0136,true,1,1580946
7290010153794,false,ציפוי לשניצל עם עשבי,מיה,,ציפוי לשניצל עם עשבי,גרמים,500.00,100 גרם,false,,6.80,0.0136,true,1,1580947
7290010153817,false,ריבת חלב 400 גר,מיה,,ריבת חלב 400 גר,גרמים,400.00,100 גרם,false,,8.50,0.0213,true,1,1580949
7290010153879,false,ריבת חלב טעם שמנת 40,מיה,,ריבת חלב טעם שמנת 40,גרמים,400.00,100 גרם,false,,8.50,0.0213,true,1,1580954
7290010153916,false,אורז ריזוטו עגול מיה,מיה,,אורז ריזוטו עגול מיה,גרמים,1000.00,100 גרם,false,,6.40,0.0064,true,1,1580956
7290010154005,false,סחוג תימני 250 ביטון,תבליני ביטון יוחאי,,סחוג תימני 250 ביטון,גרמים,250.00,100 גרם,false,,11.00,0.0440,true,1,1581565
7290010154012,false,לימון בלאדי כבוש תבל,תבליני ביטון יוחאי,,לימון בלאדי כבוש תבל,גרמים,250.00,100 גרם,false,,11.00,0.0440,true,1,1581566
7290010154029,false,250 אריסה מתוקה ביטו,תבליני ביטון יוחאי,,250 אריסה מתוקה ביטו,גרמים,250.00,100 גרם,false,,11.00,0.0440,true,1,1581567
7290010154036,false,עמבה תבליני ביטון 25,תבליני ביטון יוחאי,,עמבה תבליני ביטון 25,גרמים,250.00,100 גרם,false,,11.00,0.0440,true,1,1581568
7290010154050,false,ממרח שיפקה כבוש ביטו,,,ממרח שיפקה כבוש ביטו,גרמים,250.00,100 גרם,false,,11.00,0.0440,true,1,5354660
7290010154241,false,סלט חזרת 250 ג,תבליני ביטון יוחאי,,סלט חזרת 250 ג,גרמים,250.00,100 גרם,false,,11.00,0.0440,true,1,1581569
7290010154265,false,פלפל צ'ומה תבליני בי,תבליני ביטון יוחאי,,פלפל צ'ומה תבליני בי,גרמים,250.00,100 גרם,false,,11.00,0.0440,true,1,1581570
7290010154418,false,סחוג אדום תבליני ביט,תבליני ביטון יוחאי,,סחוג אדום תבליני ביט,גרמים,130.00,100 גרם,false,,6.80,0.0523,true,1,1581571
7290010154425,false,סחוג ירוק תבליני ביט,תבליני ביטון יוחאי,,סחוג ירוק תבליני ביט,גרמים,130.00,100 גרם,false,,6.80,0.0523,true,1,1581572
7290010154548,false,ממרח שום 235 ג,תבליני ביטון יוחאי,,ממרח שום 235 ג,גרמים,235.00,100 גרם,false,,11.00,0.0468,true,1,1581573
7290010154555,false,ממרח לימון כבוש 235,תבליני ביטון יוחאי,,ממרח לימון כבוש 235,גרמים,235.00,100 גרם,false,,11.00,0.0468,true,1,1566655
7290010154678,false,אריסה מרוקאית תבליני,,,אריסה מרוקאית תבליני,גרמים,250.00,100 גרם,false,,11.00,0.0440,true,1,3734074
7290010154685,false,סלט שום כתוש 250 ג,,,סלט שום כתוש 250 ג,גרמים,250.00,100 גרם,false,,11.00,0.0440,true,1,3734075
7290010173037,false,"רוזה הרי גליל 750 מ""",יקב הרי גליל,,"רוזה הרי גליל 750 מ""",מיליליטרים,750.00,"100 מ""ל",false,,28.40,0.0379,true,1,1608752
7290010173044,false,"מרלו הרי גליל 750 מ""",יקב הרי גליל,,"מרלו הרי גליל 750 מ""",מיליליטרים,750.00,"100 מ""ל",false,,25.50,0.0340,true,1,1608753
7290010173068,false,קברנה סובניון הרי גל,יקב הרי גליל,,קברנה סובניון הרי גל,מיליליטרים,750.00,"100 מ""ל",false,,25.50,0.0340,true,1,1608754
7290010173334,false,"סירה גליל 750 מ""ל",יקב הרי גליל,,"סירה גליל 750 מ""ל",מיליליטרים,750.00,"100 מ""ל",false,,25.50,0.0340,true,1,1608755
7290010175048,false,מיץ לימון משומר טעמן,טעמן,,מיץ לימון משומר טעמן,מיליליטרים,1000.00,"100 מ""ל",false,,3.30,0.0033,true,1,1576156
7290010175857,false,פרוסות לבבות דקל,טעמן,,פרוסות לבבות דקל,גרמים,220.00,100 גרם,false,,9.00,0.0409,true,1,3386590
7290010195268,false,פופסטאר מופחת שומן ט,פופ סטאר,US,פופסטאר מופחת שומן טבעי 5,גרמים,425.00,100 גרם,false,,10.20,0.0240,true,1,1600579
7290010234769,false,דאודורנט איזבלה ורוד,פנינה רוזנבלום,,דאודורנט איזבלה ורוד,מיליליטרים,200.00,"100 מ""ל",false,,13.60,0.0680,true,1,1587860
7290010237548,false,פפסי מקס בקבוק 500 מ,טמפו,IL,פפסי מקס 500 בקבוק 24 יח',מיליליטרים,500.00,"100 מ""ל",false,,3.30,0.0066,true,1,1574211
7290010237562,false,"מירינדה בקבוק 500 מ""",טמפו,IL,מירינדה 500 בקבוק 24 יח',מיליליטרים,500.00,"100 מ""ל",false,,3.30,0.0066,true,1,1574212
7290010237784,false,שנדי לימון ליים 330,טמפו,IL,שנדי לימון ליים 330 בקבוק,ליטרים,1.98,ליטר,false,,24.10,12.1717,true,1,1574222
7290010237890,false,היינקן חוזר 500 בקבו,טמפו,IL,היינקן חוזר 500 בקבוק 20,מיליליטרים,500.00,"100 מ""ל",false,,7.70,0.0154,true,1,1574228
7290010259823,false,מנת השף נודלס בטעם ע,וילי פוד,,מנת השף נודלס בטעם ע,גרמים,70.00,100 גרם,false,,4.10,0.0586,true,1,1583588
7290010259830,false,מנת השף נודלס בסגנון,וילי פוד,,מנת השף נודלס בסגנון,גרמים,70.00,100 גרם,false,,4.10,0.0586,true,1,1583589
7290010259847,false,מנת השף נודלס בטעם ת,וילי פוד,,מנת השף נודלס בטעם ת,גרמים,70.00,100 גרם,false,,4.10,0.0586,true,1,1583590
7290010259854,false,מנת השף נודלס בטעם פ,וילי פוד,,מנת השף נודלס בטעם פ,גרמים,70.00,100 גרם,false,,4.10,0.0586,true,1,1583591
7290010259861,false,מנת השף נודלס בטעם י,וילי פוד,,מנת השף נודלס בטעם י,גרמים,70.00,100 גרם,false,,4.10,0.0586,true,1,1583592
7290010328253,false,אחוה טחינה גולמית 50,אחוה,,אחוה טחינה גולמית 50,גרמים,500.00,100 גרם,false,,7.60,0.0152,true,1,1585821
7290010329854,false,מיני קוקיס עוגיות בט,כרמית,,מיני קוקיס עוגיות בט,גרמים,600.00,100 גרם,false,,16.20,0.0270,true,1,1587100
7290010382811,false,נטורל פורמולה לחות ק,נטורל,,נטורל פורמולה לחות ק,מיליליטרים,300.00,"100 מ""ל",false,,17.00,0.0567,true,1,1580047
7290010382828,false,נטורל פורמולה לחות ק,נטורל,,נטורל פורמולה לחות ק,מיליליטרים,300.00,"100 מ""ל",false,,17.00,0.0567,true,1,1580048
7290010429554,false,שמן זית יד מרדכי מס,יד מרדכי,,שמן זית יד מרדכי מס,מיליליטרים,750.00,"100 מ""ל",false,,28.10,0.0375,true,1,1575399
7290010471669,false,יוגורט דנונה תות ביו,שטראוס,,יוגורט דנונה תות ביו,מיליליטרים,175.00,"100 מ""ל",false,,3.70,0.0211,true,1,1589698
7290010472307,false,משקה גמדים תות בננה,שטראוס,,משקה גמדים תות בננה,מיליליטרים,800.00,"100 מ""ל",false,,17.00,0.0213,true,1,1589702
7290010472390,false,דני בטעם שוקולד שמינ,שטראוס,,דני בטעם שוקולד שמינ,מיליליטרים,1000.00,"100 מ""ל",false,,12.70,0.0127,true,1,1589703
7290010513703,false,צ'ופסטיקס צפצפה - 20,מזרח ומערב,,צ'ופסטיקס צפצפה - 20,100 יח',20.00,100 יח',false,,5.50,0.2750,true,1,1589373
7290010513727,false,פנקו פרורי לחם 200 ג,מזרח ומערב,,פנקו פרורי לחם 200 ג,גרמים,200.00,100 גרם,false,,6.80,0.0340,true,1,1589374
7290010548514,false,קוביות עשבי תיבול לב,דורות,,קוביות עשבי תיבול לב,גרמים,70.00,100 גרם,false,,8.50,0.1214,true,1,1577303
7290010569052,false,גלידה 5 טעמים שטראוס,שטראוס,,גלידה 5 טעמים שטראוס,ליטרים,2.00,ליטר,false,,16.90,8.4500,true,1,1587737
7290010627004,false,טחינה ירושלים 500 גר,,,טחינה ירושלים 500 גר,גרמים,500.00,100 גרם,false,,12.70,0.0254,true,1,1583878
7290010627844,false,טחינה ירושלים מלא 50,,,טחינה ירושלים מלא 50,גרמים,500.00,100 גרם,false,,12.70,0.0254,true,1,1583879
7290010650088,false,פטריות שמפיניון מיוב,תקוע,,פטריות שמפיניון מיוב,גרמים,25.00,100 גרם,false,,6.70,0.2680,true,1,1601823
7290010650255,false,לקט פטריות למרק חוות,תקוע,,לקט פטריות למרק חוות,גרמים,25.00,100 גרם,false,,11.00,0.4400,true,1,1601831
7290010650279,false,לקט פטריות לפסטה 25,תקוע,,לקט פטריות לפסטה 25,גרמים,25.00,100 גרם,false,,11.00,0.4400,true,1,1601833
7290010650804,false,לקט פתיתים ופטריות,,,לקט פתיתים ופטריות,יח',1.00,יח',false,,11.00,11.0000,true,1,4338535
7290010655441,false,12 שקיות יום הולדת ג,שמחה זה אנחנו,,12 שקיות יום הולדת ג,יח',12.00,יח',false,,5.10,0.4250,true,1,1586373
7290010672868,false,מאפין חמישיות שוקו ו,פילסברי,,מאפין חמישיות שוקו ו,גרמים,80.00,5 גרם,false,,10.20,0.1275,true,1,1570755
7290010711543,false,כף אשפה עם גומי,ד.ג.ש,,כף אשפה עם גומי,יח',1.00,יח',false,,4.20,4.2000,true,1,1595378
7290010718023,false,קרם גוף איזבלה ורוד,פנינה רוזנבלום,,קרם גוף איזבלה ורוד,מיליליטרים,300.00,"100 מ""ל",false,,15.30,0.0510,true,1,1587865
7290010718627,false,אל סבון נוזלי ירוק 1,פנינה רוזנבלום,,אל סבון נוזלי ירוק 1,ליטרים,1.00,ליטר,false,,7.60,7.6000,true,1,1587868
7290010718634,false,סבון נוזלי לבן 1 ליט,פנינה רוזנבלום,,סבון נוזלי לבן 1 ליט,ליטרים,1.00,ליטר,false,,7.60,7.6000,true,1,1587869
7290010748853,false,קרם ידים אפקטיב קר ע,"ד""ר פישר",IL,אפקטיב קר קרם ידיים סנסיט,מיליליטרים,150.00,"100 מ""ל",false,,10.20,0.0680,true,1,1598914
7290010748860,false,קרם ידיים אפקטיב קר,"ד""ר פישר",IL,אפקטיב קר קרם ידיים אינטנ,מיליליטרים,150.00,"100 מ""ל",false,,10.20,0.0680,true,1,1598915
7290010748877,false,קרם גוף אפקטיב קר עד,"ד""ר פישר",IL,אפקטיב קר קרם גוף סנסיטיב,מיליליטרים,700.00,"100 מ""ל",false,,20.40,0.0291,true,1,1598916
7290010748884,false,קרם גוף אפקטיב קר יב,"ד""ר פישר",IL,אפקטיב קר קרם גוף אינטנסי,מיליליטרים,700.00,"100 מ""ל",false,,20.40,0.0291,true,1,1598917
7290010748891,false,קרם גוף אפקטיב קר רג,"ד""ר פישר",IL,אפקטיב קר קרם גוף מולטי ו,מיליליטרים,700.00,"100 מ""ל",false,,20.40,0.0291,true,1,1598918
7290010766185,false,רוטב לפסטה עגבניות ו,אוליביה,IL,רוטב לפסטה עג.בזיליקום,גרמים,420.00,100 גרם,false,,10.90,0.0260,true,1,1571487
7290010766697,false,רוטב שקשוקה אוליביה,אוליביה,IL,רוטב שקשוקה,גרמים,415.00,100 גרם,false,,10.90,0.0263,true,1,1571490
7290010766734,false,רוטב פיצה אוליביה 43,אוליביה,IL,רוטב פיצה 415 גר',מיליליטרים,430.00,"100 מ""ל",false,,10.90,0.0253,true,1,1571491
7290010770762,false,מברשת שיניים קלין אנ,גלקסוסמיתקליין,DE,אקוה פרש מברשת פלקס,יח',1.00,יח',false,,4.20,4.2000,true,1,1592249
7290010814244,false,שוקולד מריר שלשייה 2,כרמית,,שוקולד מריר שלשייה 2,גרמים,255.00,100 גרם,false,,8.40,0.0329,true,1,1587103
7290010814695,false,שוקולד מריר פרווה לל,כרמית,,שוקולד מריר פרווה לל,גרמים,85.00,100 גרם,false,,4.20,0.0494,true,1,1587108
7290010814701,false,"שוקולד חלב אגו ללת""ס",כרמית,,"שוקולד חלב אגו ללת""ס",גרמים,85.00,100 גרם,false,,4.20,0.0494,true,1,1587109
7290010838219,false,מר' סטיביה 100שקיות,מרמולייט,IL,מר' סטיביה 100שקיות,גרמים,100.00,100 גרם,false,,23.00,0.2300,true,1,1600584
7290010838424,false,דאק ג'ל נוזל * 750זו,SC Jonson,NL,טואלט דאק * 750זוג *ירוק,מיליליטרים,750.00,"100 מ""ל",false,,14.40,0.0192,true,1,1600585
7290010838431,false,דאק ג'ל נוזל * 750זו,SC Jonson,NL,טואלט דאק * 750זוג *כחול,מיליליטרים,750.00,"100 מ""ל",false,,14.40,0.0192,true,1,1600586
7290010839865,false,רוטב רימונים וילי פו,וילי פוד,,רוטב רימונים וילי פו,גרמים,320.00,100 גרם,false,,8.70,0.0272,true,1,1583599
7290010849529,false,למברוסקו די לואיג'י,קאויקיולי,IT,למברוסקו די לואיג'י ביאנק,מיליליטרים,750.00,"100 מ""ל",false,,21.30,0.0284,true,1,1585715
7290010883042,false,סנובון נוזלי ניחוח ר,סנו,,סנובון נוזלי ניחוח ר,מיליליטרים,750.00,"100 מ""ל",false,,7.60,0.0101,true,1,1580051
7290010883356,false,כפפות אלוורה רב שימו,סנו,,כפפות אלוורה רב שימו,יח',1.00,יח',false,,7.60,7.6000,true,1,1580053
7290010883363,false,כפפות אלוורה רב שימו,סנו,,כפפות אלוורה רב שימו,יח',1.00,יח',false,,7.60,7.6000,true,1,1580054
7290010886869,false,"שקית 5 לבבות גדול """"",שמחה זה אנחנו,,"שקית 5 לבבות גדול """"",יח',1.00,יח',false,,4.20,4.2000,true,1,1586377
7290010903344,false,אצבעות שניצל רמי לוי,,,אצבעות שניצל רמי לוי,יח',1.00,יח',false,,29.80,29.8000,true,1,5278222
7290010903498,false,לבבות תירס 600 גר רמ,,,לבבות תירס 600 גר רמ,גרמים,600.00,100 גרם,false,,9.30,0.0155,true,1,3549779
7290010931330,false,סלט מטבוחה אחלה 500,אחלה,,סלט מטבוחה אחלה 500,גרמים,500.00,100 גרם,false,,11.70,0.0234,true,1,1589707
7290010945146,false,גבינת קוטג' 3% טרה 2,טרה,,גבינת קוטג' 3% טרה 2,גרמים,250.00,100 גרם,false,,4.50,0.0180,true,1,1570336
7290010945450,false,גבינה לבנה 3% טרה 25,טרה,,גבינה לבנה 3% טרה 25,גרמים,250.00,100 גרם,false,,4.00,0.0160,true,1,1570340
7290010945481,false,גבינה לבנה 5% טרה 50,טרה,,גבינה לבנה 5% טרה 50,גרמים,500.00,100 גרם,false,,8.10,0.0162,true,1,1570341
7290010984879,false,שום כתוש בצנצנת 200ג,,,שום כתוש בצנצנת 200ג,גרמים,200.00,100 גרם,false,,10.20,0.0510,true,1,3549928
7290010984886,false,בזיליקום מגשית 70ג ר,,,בזיליקום מגשית 70ג ר,גרמים,70.00,100 גרם,false,,6.80,0.0971,true,1,3549929
7290010984893,false,פטרוזיליה מגשית 70ג,,,פטרוזיליה מגשית 70ג,גרמים,70.00,100 גרם,false,,6.80,0.0971,true,1,3549930
7290010984923,false,שום כתוש מגשית 80ג ר,,,שום כתוש מגשית 80ג ר,גרמים,80.00,100 גרם,false,,6.80,0.0850,true,1,3549933
7290011015862,false,סירופ דיאט לימונענע,פריגת,,סירופ דיאט לימונענע,מיליליטרים,750.00,"100 מ""ל",false,,17.00,0.0227,true,1,1571029
7290011015985,false,סירופ דיאט אננס פריג,פריגת,,סירופ דיאט אננס פריג,מיליליטרים,750.00,"100 מ""ל",false,,17.00,0.0227,true,1,1571031
7290011018832,false,מארז קוקה קולה 6 פחי,קוקה קולה,,מארז קוקה קולה 6 פחי,ליטרים,1.98,ליטר,false,,18.90,9.5455,true,1,1571074
7290011018849,false,בקבוק בירה חוזר ריק,,,בקבוק בירה חוזר ריק,יח',1.00,יח',false,,1.00,1.0000,true,1,1570912
7290011018917,false,מארז זירו קולה 6 330,קוקה קולה,,מארז זירו קולה 6 330,ליטרים,1.98,ליטר,false,,18.90,9.5455,true,1,1571076
7290011018924,false,מארז דיאט קולה 330 מ,קוקה קולה,,מארז דיאט קולה 330 מ,ליטרים,1.98,ליטר,false,,18.90,9.5455,true,1,1571077
7290011026066,false,סרקל שמפו ומרכך 1 לי,"ד""ר פישר",IL,סרקל שמפו + מעצב ליטר,ליטרים,1.00,ליטר,false,,24.70,24.7000,true,1,1598919
7290011026301,false,שמפו לשיער כסוף לגבר,,,שמפו לשיער כסוף לגבר,מיליליטרים,400.00,"100 מ""ל",false,,18.70,0.0467,true,1,1598920
7290011026523,false,אלדמע קמיל לפני השינ,"ד""ר פישר",IL,קמיל בלו סנסיטיב אל דמע ל,מיליליטרים,500.00,"100 מ""ל",false,,15.30,0.0306,true,1,1598922
7290011026530,false,קמיל בלו אל סבון לפנ,"ד""ר פישר",IL,קמיל בלו סנסיטיב אל סבון,מיליליטרים,500.00,"100 מ""ל",false,,15.30,0.0306,true,1,1598923
7290011065072,false,תמצית בטעם וניל 50 מ,,,תמצית בטעם וניל 50 מ,100 מל,50.00,100 מל,false,,3.20,0.0640,true,1,2409280
7290011065089,false,"תמצית בטעם רום 50 מ""",,,"תמצית בטעם רום 50 מ""",100 מל,50.00,100 מל,false,,3.20,0.0640,true,1,2409281
7290011065157,false,"צבע מאכל כחול 50 מ""ל",,,"צבע מאכל כחול 50 מ""ל",100 מל,50.00,100 מל,false,,2.90,0.0580,true,1,2409285
7290011065164,false,צבע מאכל צהוב 50 גר,,,צבע מאכל צהוב 50 גר,100 מל,50.00,100 מל,false,,2.90,0.0580,true,1,2409286
7290011065225,false,סוכריות צבעוניות לקי,,,סוכריות צבעוניות לקי,גרמים,200.00,100 גרם,false,,6.80,0.0340,true,1,2409266
7290011065256,false,קורנפלור 200 גרם רמי,,,קורנפלור 200 גרם רמי,גרמים,200.00,100 גרם,false,,2.70,0.0135,true,1,2349476
7290011065362,false,מלח לימון 100גר שקית,,,מלח לימון 100גר שקית,גרמים,100.00,100 גרם,false,,4.20,0.0420,true,1,3128485
7290011065416,false,תבלין פלפל שחור מטחנ,,,תבלין פלפל שחור מטחנ,גרמים,60.00,100 גרם,false,,14.40,0.2400,true,1,2405522
7290011065430,false,תבלין צ'ילי מטחנה 30,,,תבלין צ'ילי מטחנה 30,גרמים,30.00,100 גרם,false,,15.10,0.5033,true,1,2405524
7290011065539,false,שמרים יבשים בוואקום,,,שמרים יבשים בוואקום,גרמים,500.00,100 גרם,false,,10.20,0.0204,true,1,2685120
7290011065546,false,שמרים יבשים בוואקום,,,שמרים יבשים בוואקום,גרמים,125.00,100 גרם,false,,3.30,0.0264,true,1,2685121
7290011065799,false,סירופ מייפל אמיתי 23,,,סירופ מייפל אמיתי 23,מיליליטרים,236.00,"100 מ""ל",false,,23.80,0.1008,true,1,3027270
7290011081492,false,קרמיסימו שלושה שוקול,קרמיסימו,,קרמיסימו שלושה שוקול,ליטרים,1.33,ליטר,false,,15.30,11.5038,true,1,1587747
7290011081690,false,קרמיסימו פרווה שוקו,קרמיסימו,,קרמיסימו פרווה שוקו,ליטרים,1.33,ליטר,false,,15.30,11.5038,true,1,1566764
7290011097004,false,מרכך ומבשם כביסה כחו,קלין,,מרכך ומבשם כביסה כחו,ליטרים,4.00,ליטר,false,,14.40,3.6000,true,1,1587460
7290011097011,false,מרכך ומבשם כביסה ורו,קלין,,מרכך ומבשם כביסה ורו,ליטרים,4.00,ליטר,false,,14.40,3.6000,true,1,1587461
7290011097271,false,מסיר כל אבנית מקומקו,קלין,,מסיר כל אבנית מקומקו,מטרים,750.00,100 מ'ל,false,,8.50,0.0113,true,1,1587471
7290011097431,false,תרסיס לניקוי כללי קל,קלין,,תרסיס לניקוי כללי קל,מטרים,750.00,100 מ'ל,false,,10.20,0.0136,true,1,1587474
7290011097790,false,מרכך כביסה היפואלרגנ,קלין,,מרכך כביסה היפואלרגנ,ליטרים,4.00,ליטר,false,,14.40,3.6000,true,1,1587481
7290011113926,false,דאו ספריי טיטניום 18,קרליין,,דאו ספריי טיטניום 18,מיליליטרים,180.00,"100 מ""ל",false,,12.70,0.0706,true,1,1566613
7290011126209,false,הגן הקסום תה טעם תפו,ויסוצקי,,הגן הקסום תה טעם תפו,יח',25.00,יח',false,,14.40,0.5760,true,1,1583880
7290011126216,false,תה רויבוש קלאסי ויסו,ויסוצקי,,תה רויבוש קלאסי ויסו,יח',25.00,יח',false,,20.90,0.8360,true,1,1583881
7290011126452,false,הגן הקסום תה בטעם קמ,ויסוצקי,,הגן הקסום תה בטעם קמ,יח',25.00,יח',false,,14.40,0.5760,true,1,1583888
7290011126469,false,הגן הקסום תה בטעם קמ,ויסוצקי,,הגן הקסום תה בטעם קמ,יח',25.00,יח',false,,14.40,0.5760,true,1,1583889
7290011126940,false,תה ירוק מרווה ויסוצק,ויסוצקי,,תה ירוק מרווה ויסוצק,יח',25.00,יח',false,,19.60,0.7840,true,1,1583897
7290011126957,false,תה ירוק ארל גריי ויס,ויסוצקי,,תה ירוק ארל גריי ויס,יח',25.00,יח',false,,19.60,0.7840,true,1,1583898
7290011131654,false,"מוזלי ביג מיקס 1 ק""ג",גרין,,"מוזלי ביג מיקס 1 ק""ג",100 קג,1.00,100 קג,false,,21.20,21.2000,true,1,1580715
7290011131968,false,גרנולה בתוספת שקדים,גרין,,גרנולה בתוספת שקדים,גרמים,1000.00,100 גרם,false,,21.30,0.0213,true,1,1580718
7290011133368,false,שנדי תפוח 330 בקבוק,טמפו,IL,שנדי תפוח 330 בקבוק שישיי,ליטרים,1.98,ליטר,false,,24.10,12.1717,true,1,1574240
7290011133375,false,שנדי אפרסק 330 בקבוק,טמפו,IL,שנדי אפרסק 330 בקבוק שישי,ליטרים,1.98,ליטר,false,,24.10,12.1717,true,1,1574241
7290011133450,false,בקבוק חוזר 500מל פקד,,,בקבוק חוזר 500מל פקד,יח',1.00,יח',false,,1.20,1.2000,true,1,1574173
7290011133634,false,פפסי מקס פחית דל קלו,,,פפסי מקס פחית דל קלו,ליטרים,1.98,ליטר,false,,14.70,7.4242,true,1,4982164
7290011148621,false,דאבל ברוקולי,,,דאבל ברוקולי,יח',1.00,יח',false,,16.90,16.9000,true,1,3389604
7290011148805,false,שעועית טרייה ירקט,ביכורי השקמה,,שעועית טרייה ירקט,גרמים,635.00,100 גרם,false,,13.90,0.0219,true,1,2063237
7290011153885,false,נייר אכיל ממותג,שמחה זה אנחנו,,נייר אכיל ממותג,יח',1.00,יח',false,,12.70,12.7000,true,1,1586380
7290011154028,false,תרכיז סיידר תפוחים ט,טעמי הגליל,,תרכיז סיידר תפוחים ט,ליטרים,1.20,ליטר,false,,34.10,28.4167,true,1,1582273
7290011154035,false,רכז תפוחים סחוט 500,,,רכז תפוחים סחוט 500,מיליליטרים,500.00,"100 מ""ל",false,,17.00,0.0340,true,1,5237297
7290011164164,false,מארז לקקני סודה 40 י,טעמן,,מארז לקקני סודה 40 י,גרמים,360.00,100 גרם,false,,13.60,0.0378,true,1,1576181
7290011164539,false,סוכריות טופי ממולא ב,טעמן,,סוכריות טופי ממולא ב,גרמים,600.00,100 גרם,false,,12.70,0.0212,true,1,1576183
7290011194215,false,דניאלה בטעם בננה 150,שטראוס,,דניאלה בטעם בננה 150,מיליליטרים,150.00,"100 מ""ל",false,,3.30,0.0220,true,1,1589708
7290011194246,false,קוטג' 5% שומן 250 גר,שטראוס,,קוטג' 5% שומן 250 גר,גרמים,250.00,100 גרם,false,,4.90,0.0196,true,1,1589709
7290011223021,false,פ.ו רפידות הנקה 30יח,פרש וואנס,IL,פ.ו כריות הנקה אישיות - 3,יח',30.00,יח',false,,12.70,0.4233,true,1,1600593
7290011223038,false,עלים לקרמשניט - בונו,Bonomi,IT,עלים לקרמשניט - בונומי 30,גרמים,300.00,100 גרם,false,,12.60,0.0420,true,1,1600594
7290011223045,false,בישקוטים בונומי 200ג,Bonomi,IT,בישקוטים בונומי 200גרם,גרמים,200.00,100 גרם,false,,5.00,0.0250,true,1,1600595
7290011223229,false,ט.ד ג'ל אסלה טיפות ט,DEOFLOR,IT,ט.ד ג'ל אסלה טיפות טל רענ,מטרים,55.00,100 מ'ל,false,,8.50,0.1545,true,1,1600602
7290011223243,false,ט.ד ג'ל אסלה ניחוח ל,DEOFLOR,IT,ט.ד ג'ל אסלה ניחוח לבנדר,מטרים,55.00,100 מ'ל,false,,8.50,0.1545,true,1,1600603
7290011239237,false,חטיף אגוזים ישראלי 2,,,חטיף אגוזים ישראלי 2,גרמים,250.00,100 גרם,false,,16.20,0.0648,true,1,5312006
7290011239336,false,חלבה 400גר ללא סוכר,,,חלבה 400גר ללא סוכר,גרמים,400.00,100 גרם,false,,17.00,0.0425,true,1,5312007
7290011239404,false,חטיפים שונים ארוזים3,,,חטיפים שונים ארוזים3,גרמים,300.00,100 גרם,false,,12.70,0.0423,true,1,1604102
7290011240868,false,מוסקטו אדום מבעבע,יקבי ציון,IL,מוסקטו אדום מבעבע,מיליליטרים,750.00,"100 מ""ל",false,,21.30,0.0284,true,1,1607953
7290011240905,false,מוסקטו לבן מבעבע,יקבי ציון,IL,מוסקטו לבן מבעבע,מיליליטרים,750.00,"100 מ""ל",false,,21.30,0.0284,true,1,1607954
7290011254001,false,זרעי פשתן מיה 450 גר,מיה,,זרעי פשתן מיה 450 גר,גרמים,450.00,100 גרם,false,,5.90,0.0131,true,1,1580959
7290011254346,false,"מיה קינואה 1 ק""ג",מיה,,"מיה קינואה 1 ק""ג",גרמים,1000.00,100 גרם,false,,12.70,0.0127,true,1,1580983
7290011254452,false,סוכריות ללא תוספת סו,מיה,,סוכריות ללא תוספת סו,גרמים,80.00,100 גרם,false,,4.20,0.0525,true,1,1580985
7290011254469,false,סוכריות ללא תוספת סו,מיה,,סוכריות ללא תוספת סו,גרמים,80.00,100 גרם,false,,4.20,0.0525,true,1,1580986
7290011254476,false,סוכריות ללא תוספת סו,מיה,,סוכריות ללא תוספת סו,גרמים,80.00,100 גרם,false,,4.20,0.0525,true,1,1580987
7290011254483,false,סוכריות ללא תוספת סו,מיה,,סוכריות ללא תוספת סו,גרמים,80.00,100 גרם,false,,4.20,0.0525,true,1,1580988
7290011254490,false,סוכריות ללא תוספת סו,מיה,,סוכריות ללא תוספת סו,גרמים,80.00,100 גרם,false,,4.20,0.0525,true,1,1580989
7290011254698,false,שמן זית כתית מעולה 7,מיה,,שמן זית כתית מעולה 7,מיליליטרים,750.00,"100 מ""ל",false,,25.60,0.0341,true,1,1580995
7290011254780,false,שעועית ארגנטינאית מי,מיה,,שעועית ארגנטינאית מי,גרמים,1000.00,100 גרם,false,,12.70,0.0127,true,1,1581000
7290011276485,false,חסה עגולה רמי לוי,,,חסה עגולה רמי לוי,יח',1.00,יח',false,,5.90,5.9000,true,1,1965559
7290011312381,false,סטייק פורטובלה 300 ג,מרינה,,סטייק פורטובלה 300 ג,גרמים,300.00,100 גרם,false,,12.90,0.0430,true,1,1593764
7290011332983,false,קמיל בלו מגבונים לני,"ד""ר פישר",IL,קמיל בלו מגבונאף שלישייה,יח',30.00,יח',false,,21.30,0.7100,true,1,1598930
7290011378028,false,חלבה קלאסית וניל ללא,בארכה,,חלבה קלאסית וניל ללא,גרמים,350.00,100 גרם,false,,11.90,0.0340,true,1,1577316
7290011378233,false,מאגדת חטיפי חלבה באר,בארכה,,מאגדת חטיפי חלבה באר,גרמים,126.00,100 גרם,false,,9.30,0.0738,true,1,1577317
7290011378257,false,מאגדת חטיפי חלבה באר,בארכה,,מאגדת חטיפי חלבה באר,גרמים,126.00,100 גרם,false,,9.30,0.0738,true,1,1577318
7290011378769,false,מאגדת חטיפי חלבה באר,בארכה,,מאגדת חטיפי חלבה באר,גרמים,126.00,100 גרם,false,,9.30,0.0738,true,1,1577320
7290011378776,false,מאגדת חטיפי חלבה באר,בארכה,,מאגדת חטיפי חלבה באר,גרמים,126.00,100 גרם,false,,9.30,0.0738,true,1,1577321
7290011379018,false,צמד פטריות מרינה,מרינה,,צמד פטריות מרינה,יח',1.00,יח',false,,15.90,15.9000,true,1,1593765
7290011392055,false,אקווה פרש מב.פלקס של,גלקסוסמיתקליין,DE,אקוה פרש מברשת פלקס שלישי,יח',1.00,יח',false,,8.50,8.5000,true,1,1592254
7290011435226,false,דבש לחיץ 650 גרם,יד מרדכי,,דבש לחיץ 650 גרם,גרמים,650.00,100 גרם,false,,29.00,0.0446,true,1,1575403
7290011438142,false,אייס קפה יטבתה 350 מ,יטבתה,,אייס קפה יטבתה 350 מ,מיליליטרים,350.00,"100 מ""ל",false,,5.30,0.0151,true,1,1589717
7290011447014,false,מטרנה דייסת סלט פירו,מטרנה,,מטרנה דייסת סלט פירו,גרמים,200.00,100 גרם,false,,11.00,0.0550,true,1,1577324
7290011447304,false,תחליף חלב חלבי שלב 3,מטרנה,,תחליף חלב חלבי שלב 3,גרמים,700.00,100 גרם,false,,40.90,0.0584,true,1,1566530
7290011447359,false,תחליף חלב מהדרין שלב,מטרנה,,תחליף חלב מהדרין שלב,גרמים,700.00,100 גרם,false,,40.90,0.0584,true,1,1577333
7290011447373,false,תחליף חלב מהדרין שלב,מטרנה,,תחליף חלב מהדרין שלב,גרמים,700.00,100 גרם,false,,40.90,0.0584,true,1,1577335
7290011473495,false,שמרי בירה פתיתים 200,,,שמרי בירה פתיתים 200,גרמים,200.00,100 גרם,false,,20.90,0.1045,true,1,2215614
7290011473570,false,קמח חומוס טבעי 500 ג,,,קמח חומוס טבעי 500 ג,גרמים,500.00,100 גרם,false,,10.70,0.0214,true,1,5261792
7290011473600,false,מלח הימליה דק 500 גר,,,מלח הימליה דק 500 גר,גרמים,500.00,100 גרם,false,,12.70,0.0254,true,1,5261793
7290011474003,false,שמן קוקוס אורגני 300,,,שמן קוקוס אורגני 300,מיליליטרים,300.00,"100 מ""ל",false,,15.00,0.0500,true,1,1819849
7290011480516,false,שמיר מהדרין,TBD,,שמיר מהדרין,יח',1.00,יח',false,,4.90,4.9000,true,1,4912720
7290011480547,false,בצל ירוק מהדרין יבול,TBD,,בצל ירוק מהדרין יבול,יח',1.00,יח',false,,5.90,5.9000,true,1,4912722
7290011499051,false,גבינת פטה כבשים 20%,מחלבות גד,,גבינת פטה כבשים 20%,גרמים,250.00,100 גרם,false,,20.40,0.0816,true,1,1578235
7290011499105,false,גבינה בולגרית 5% גד,מחלבות גד,,גבינה בולגרית 5% גד,גרמים,250.00,100 גרם,false,,18.70,0.0748,true,1,1578236
7290011499112,false,גד בולגרית 16% 250 ג,מחלבות גד,,גד בולגרית 16% 250 ג,גרמים,250.00,100 גרם,false,,18.70,0.0748,true,1,1578237
7290011499129,false,גבינה בולגרית מעודנת,מחלבות גד,,גבינה בולגרית מעודנת,גרמים,200.00,100 גרם,false,,17.00,0.0850,true,1,1578238
7290011499303,false,פטה עיזים מעודנת 5%,מחלבות גד,,פטה עיזים מעודנת 5%,גרמים,250.00,100 גרם,false,,25.60,0.1024,true,1,1578243
7290011499327,false,גבינה בולגרית מעודנת,מחלבות גד,,גבינה בולגרית מעודנת,גרמים,250.00,100 גרם,false,,18.70,0.0748,true,1,1578245
7290011499341,false,גבינת קשקבל מחלבות ג,מחלבות גד,,גבינת קשקבל מחלבות ג,גרמים,200.00,100 גרם,false,,22.10,0.1105,true,1,1578247
7290011499358,false,גבינת פטה עיזים 20%,מחלבות גד,,גבינת פטה עיזים 20%,גרמים,200.00,100 גרם,false,,21.30,0.1065,true,1,1578248
7290011499365,false,גד חלומי 200 גר,מחלבות גד,,גד חלומי 200 גר,גרמים,200.00,100 גרם,false,,16.20,0.0810,true,1,1578249
7290011499419,false,גבינת שמנת ניו יורק,מחלבות גד,,גבינת שמנת ניו יורק,גרמים,200.00,100 גרם,false,,9.70,0.0485,true,1,3646643
7290011499525,false,גבינת לאבנה דרוזית 9,מחלבות גד,,גבינת לאבנה דרוזית 9,גרמים,500.00,100 גרם,false,,16.20,0.0324,true,1,1578257
7290011499624,false,גבינת שמנת בטעם טבעי,מחלבות גד,,גבינת שמנת בטעם טבעי,גרמים,200.00,100 גרם,false,,11.00,0.0550,true,1,1578259
7290011499846,false,גבינת ריקוטה פרסקה 9,מחלבות גד,,גבינת ריקוטה פרסקה 9,גרמים,300.00,100 גרם,false,,14.40,0.0480,true,1,1578272
7290011499853,false,גבינת שמנת עם זיתים,מחלבות גד,,גבינת שמנת עם זיתים,גרמים,200.00,100 גרם,false,,11.00,0.0550,true,1,1578273
7290011518561,false,יוגורט אקטימל תות 14,שטראוס,,יוגורט אקטימל תות 14,ליטרים,1.40,ליטר,false,,24.70,17.6429,true,1,1589725
7290011525316,false,קמיל בלו סנסיטיב תחל,"ד""ר פישר",IL,קמיל בלו סנסיטיב תחליב לת,מיליליטרים,500.00,"100 מ""ל",false,,25.60,0.0512,true,1,1598932
7290011525323,false,קמיל בלו אלסבון שיבו,"ד""ר פישר",IL,קמיל בלו סנסיטיב אל סבון,מיליליטרים,500.00,"100 מ""ל",false,,18.70,0.0374,true,1,1598933
7290011525729,false,שמפו קמיל בלו סנסיטי,"ד""ר פישר",IL,קמיל בלו סנסיטיב שמפו לפנ,ליטרים,1.00,ליטר,false,,28.00,28.0000,true,1,1598937
7290011570088,false,ריבת חלב לייט 400ג,תומר,,ריבת חלב לייט 400ג,גרמים,400.00,100 גרם,false,,16.10,0.0403,true,1,1573881
7290011570132,false,קמח ללא גלוטן גלעם 1,גלעם,,קמח ללא גלוטן גלעם 1,גרמים,1000.00,100 גרם,false,,13.60,0.0136,true,1,1573882
7290011570507,false,קמח נטול גלוטן רב תכ,תומר,,קמח נטול גלוטן רב תכ,גרמים,450.00,100 גרם,false,,13.40,0.0298,true,1,1566469
7290011570781,false,קמח כרגיל ללא גלוטן,,,קמח כרגיל ללא גלוטן,גרמים,450.00,100 גרם,false,,13.40,0.0298,true,1,1722418
7290011570798,false,קמח כרגיל ללא גלוטן,,,קמח כרגיל ללא גלוטן,גרמים,450.00,100 גרם,false,,13.40,0.0298,true,1,1722419
7290011575007,false,הפי-מרסס לאמבט 750 מ,יעקבי,,הפי-מרסס לאמבט 750 מ,מיליליטרים,750.00,"100 מ""ל",false,,15.30,0.0204,true,1,1582641
7290011575250,false,מבריק וצובע נעליים ה,יעקבי,,מבריק וצובע נעליים ה,יח',1.00,יח',false,,8.50,8.5000,true,1,1582646
7290011587307,false,ארטישוק תחתיות 400 ג,תומר,,ארטישוק תחתיות 400 ג,גרמים,400.00,100 גרם,false,,8.40,0.0210,true,1,1573891
7290011587857,false,עגב. מיובשות 250ג' מ,תומר,,עגב. מיובשות 250ג' מ,גרמים,250.00,100 גרם,false,,7.60,0.0304,true,1,1573908
7290011593087,false,סבא חביב שמן זית כתי,,,סבא חביב שמן זית כתי,מטרים,750.00,100 מ'ל,false,,25.40,0.0339,true,1,5355217
7290011598211,false,אנטי קאלק תרסיס לניק,סנו,,אנטי קאלק תרסיס לניק,מיליליטרים,700.00,"100 מ""ל",false,,15.10,0.0216,true,1,1580090
7290011598259,false,פרש מטהר אוויר אוטומ,סנו,,פרש מטהר אוויר אוטומ,מיליליטרים,250.00,"100 מ""ל",false,,11.00,0.0440,true,1,1580091
7290011598365,false,סנו סושי מטליות מקרו,סנו,,סנו סושי מטליות מקרו,יח',4.00,יח',false,,11.90,2.9750,true,1,1580092
7290011598372,false,מטלית מיקרופייבר לרצ,סנו,,מטלית מיקרופייבר לרצ,יח',1.00,יח',false,,9.30,9.3000,true,1,1580093
7290011598402,false,מקסימה מרכך כביסה אר,סנו,,מקסימה מרכך כביסה אר,ליטרים,4.00,ליטר,false,,18.40,4.6000,true,1,1580094
7290011598457,false,נייר טואלט סופט לבן,סנו,,נייר טואלט סופט לבן,יח',48.00,יח',false,,35.80,0.7458,true,1,1580096
7290011607197,false,קולון 101 אבקת כביסה,קולון,IL,COLON 101 3x5KG new promo,קילוגרמים,5.00,"ק""ג",false,,33.20,6.6400,true,1,1593119
7290011615260,false,טורטיות 540 גרם,וילי פוד,,טורטיות 540 גרם,גרמים,540.00,100 גרם,false,,7.40,0.0137,true,1,1583605
7290011615277,false,טורטיות וילי פוד 840,וילי פוד,,טורטיות וילי פוד 840,גרמים,840.00,100 גרם,false,,11.90,0.0142,true,1,1583606
7290011615406,false,וילי פוד בולגריה ק.ב,וילי פוד,,וילי פוד בולגריה ק.ב,גרמים,325.00,100 גרם,false,,11.00,0.0338,true,1,1599175
7290011618025,false,בייבי ביס חטיף אורז,בייבי ביס,CN,נגיסי אורז לתינוקות בטעם,גרמים,50.00,100 גרם,false,,11.50,0.2300,true,1,1600617
7290011618124,false,בייבי ביס חטיף אורז,בייבי ביס,CN,נגיסי אורז לתינוקות בטעם,גרמים,50.00,100 גרם,false,,11.50,0.2300,true,1,1600621
7290011668136,false,מסיכה לשיער מחליקה 1,פנינה רוזנבלום,,מסיכה לשיער מחליקה 1,100 מל,1000.00,100 מל,false,,22.90,0.0229,true,1,1587876
7290011668143,false,"מסיכה משקמת 1 ק""ג פנ",פנינה רוזנבלום,,"מסיכה משקמת 1 ק""ג פנ",100 מל,1000.00,100 מל,false,,22.90,0.0229,true,1,1587877
7290011668426,false,מרכך אובלפיחה לשיער,פנינה רוזנבלום,,מרכך אובלפיחה לשיער,מיליליטרים,750.00,"100 מ""ל",false,,7.60,0.0101,true,1,1587888
7290011668433,false,שמפו לשיער צבוע שיאה,פנינה רוזנבלום,,שמפו לשיער צבוע שיאה,מיליליטרים,750.00,"100 מ""ל",false,,7.60,0.0101,true,1,1587889
7290011668440,false,מרכך שיאה שיער צבוע,פנינה רוזנבלום,,מרכך שיאה שיער צבוע,מיליליטרים,750.00,"100 מ""ל",false,,7.60,0.0101,true,1,1587890
7290011668457,false,שמפו לשיער גלי שמן ז,פנינה רוזנבלום,,שמפו לשיער גלי שמן ז,מיליליטרים,750.00,"100 מ""ל",false,,7.60,0.0101,true,1,1587891
7290011668570,false,בריא מהטבע גרנולה פי,פנינה רוזנבלום,,בריא מהטבע גרנולה פי,גרמים,450.00,100 גרם,false,,21.30,0.0473,true,1,1587895
7290011668587,false,בריא מהטבע גרנולה בט,פנינה רוזנבלום,,בריא מהטבע גרנולה בט,גרמים,500.00,100 גרם,false,,21.30,0.0426,true,1,1587896
7290011732172,false,מארז סוכריות שרשרת 2,טעמן,,מארז סוכריות שרשרת 2,גרמים,422.00,100 גרם,false,,13.60,0.0322,true,1,1576218
7290011732189,false,מארז סוכריות צמיד 48,טעמן,,מארז סוכריות צמיד 48,יח',48.00,יח',false,,13.60,0.2833,true,1,1576219
7290011732264,false,פרמידה סוכריות בטעם,טעמן,,פרמידה סוכריות בטעם,יח',36.00,יח',false,,13.60,0.3778,true,1,1576222
7290011732271,false,מארז פירות פלסטיק עם,טעמן,,מארז פירות פלסטיק עם,יח',1.00,יח',false,,13.60,13.6000,true,1,1576223
7290011743833,false,משחת שיניים פרונאמל,סנסודיין,GB,"סנסודיין פרונמל 75 מ""ל",גרמים,75.00,100 גרם,false,,20.40,0.2720,true,1,1592269
7290011744885,false,משחת שיניים לילדים ל,גלקסוסמיתקליין,SK,א.פרש משחת ילדים לשיני חל,100 מל,50.00,100 מל,false,,11.60,0.2320,true,1,1592270
7290011744892,false,משחת שיניים לילדים ב,גלקסוסמיתקליין,SK,א.פרש משחת ילדים ג'וניור,100 מל,50.00,100 מל,false,,11.60,0.2320,true,1,1592271
7290011765316,false,מברשת שיניים לילדים,אורביטול,,מברשת שיניים לילדים,יח',1.00,יח',false,,6.80,6.8000,true,1,1580106
7290011765415,false,בוב ספוג מרכך לשיער,כיף,,בוב ספוג מרכך לשיער,מיליליטרים,750.00,"100 מ""ל",false,,9.30,0.0124,true,1,1580114
7290011765446,false,משחת שיניים לילדים ב,אורביטול,,משחת שיניים לילדים ב,גרמים,50.00,100 גרם,false,,6.40,0.1280,true,1,1580116
7290011765613,false,סנו מסיר עובש בניחוח,,,סנו מסיר עובש בניחוח,יח',1.00,יח',false,,12.70,12.7000,true,1,4571679
7290011800840,false,רפי כהן סלט טחינה בל,רפי כהן,,רפי כהן סלט טחינה בל,גרמים,400.00,100 גרם,false,,12.70,0.0317,true,1,1577340
7290011876388,false,קציצות עוף ובקר מאמא,מאמא עוף,,קציצות עוף ובקר מאמא,גרמים,600.00,100 גרם,false,,23.50,0.0392,true,1,1572638
7290011877088,false,רדיד אלומיניום קצר 3,סנו,,רדיד אלומיניום קצר 3,יח',1.00,יח',false,,12.70,12.7000,true,1,1580118
7290011877095,false,רדיד אלומיניום רוחב,סנו,,רדיד אלומיניום רוחב,אורך,7.50,אורך,false,,17.00,2.2667,true,1,1580119
7290011877156,false,סנופרש ענק מאסק,סנו,,סנופרש ענק מאסק,מיליליטרים,375.00,"100 מ""ל",false,,8.40,0.0224,true,1,1580121
7290011877835,false,שקיות ואקום לאחסון X,סנו,,שקיות ואקום לאחסון X,יח',1.00,יח',false,,20.40,20.4000,true,1,1580127
7290011877842,false,שקיות ואקום לאחסון X,סנו,,שקיות ואקום לאחסון X,יח',2.00,יח',false,,21.30,10.6500,true,1,1580128
7290011877866,false,מקסימה אבקת כביסה בנ,סנו,,מקסימה אבקת כביסה בנ,קילוגרמים,6.00,"ק""ג",false,,38.40,6.4000,true,1,1566617
7290011920210,false,תרסיס אקונומיקה קלין,קלין,,תרסיס אקונומיקה קלין,מטרים,750.00,100 מ'ל,false,,8.50,0.0113,true,1,1587493
7290011920777,false,תרסיס לבישום כביסה ק,קלין,,תרסיס לבישום כביסה ק,מטרים,750.00,100 מ'ל,false,,14.40,0.0192,true,1,1587500
7290011920920,false,קלין מנקה הכל מגבוני,קלין,,קלין מנקה הכל מגבוני,יחי,50.00,יחי,false,,4.20,0.0840,true,1,1587505
7290011923082,false,מוצרלה פרוסות תחליף,,,מוצרלה פרוסות תחליף,גרמים,200.00,100 גרם,false,,16.20,0.0810,true,1,5333770
7290011923105,false,צ'דר פרוסות תחליף שו,,,צ'דר פרוסות תחליף שו,גרמים,200.00,100 גרם,false,,16.20,0.0810,true,1,5333771
7290011931162,false,סוכרלייט ממתיק נוזלי,סוכרזית,,סוכרלייט ממתיק נוזלי,מיליליטרים,220.00,"100 מ""ל",false,,19.60,0.0891,true,1,1575412
7290011947309,false,זיתים סורים מבוקעים,זיתא,,זיתים סורים מבוקעים,גרמים,230.00,100 גרם,false,,11.50,0.0500,true,1,1583908
7290011947316,false,זיתים קלמטה 215 גר מ,זיתא,,זיתים קלמטה 215 גר מ,גרמים,215.00,100 גרם,false,,11.50,0.0535,true,1,1583909
7290011947521,false,שמן זית מודגש זיתא 7,זיתא,,שמן זית מודגש זיתא 7,מיליליטרים,750.00,"100 מ""ל",false,,28.10,0.0375,true,1,2135551
7290011947743,false,מיקס זיתים 215ג,,,מיקס זיתים 215ג,גרמים,215.00,100 גרם,false,,11.50,0.0535,true,1,5147735
7290011947781,false,מיקס זיתים ירוקים קל,,,מיקס זיתים ירוקים קל,גרמים,190.00,100 גרם,false,,11.90,0.0626,true,1,5282880
7290011947903,false,מיקס זיתים יווני 215,,,מיקס זיתים יווני 215,יח',1.00,יח',false,,11.50,11.5000,true,1,5299860
7290011977634,false,סרדינים בשמן צמחי עם,טעמן,,סרדינים בשמן צמחי עם,גרמים,125.00,100 גרם,false,,3.30,0.0264,true,1,1576258
7290011977665,false,סרדינים ברוטב עגבניו,טעמן,,סרדינים ברוטב עגבניו,גרמים,125.00,100 גרם,false,,3.30,0.0264,true,1,1576261
7290012019036,false,שום כבוש בחומ ץ330 ג,תומר,,שום כבוש בחומ ץ330 ג,גרמים,330.00,100 גרם,false,,8.50,0.0258,true,1,1573911
7290012019401,false,מיץ דובדבן 100% גרוז,,,מיץ דובדבן 100% גרוז,מטרים,1000.00,100 מ'ל,false,,14.80,0.0148,true,1,5318630
7290012022203,false,קליליות מרובה דגנים,,,קליליות מרובה דגנים,יח',1.00,יח',false,,11.50,11.5000,true,1,1599296
7290012022227,false,קליליות רגיל 60 ג,,,קליליות רגיל 60 ג,יח',1.00,יח',false,,9.80,9.8000,true,1,1599297
7290012022272,false,קליליות ילדים 30 ג,,,קליליות ילדים 30 ג,יח',1.00,יח',false,,8.40,8.4000,true,1,1599298
7290012025822,false,שמיר סלק אסלי 400 גר,,,שמיר סלק אסלי 400 גר,גרמים,400.00,100 גרם,false,,8.40,0.0210,true,1,5382148
7290012025839,false,שמיר מטבוחה אסלי 400,שמיר,,שמיר מטבוחה אסלי 400,יחידה,400.00,יחידה,false,,8.40,0.0210,true,1,5382149
7290012052163,false,גרנולה מרכיבים טבעיי,רפאלס,,גרנולה מרכיבים טבעיי,גרמים,350.00,100 גרם,false,,13.20,0.0377,true,1,1602545
7290012052187,false,גרנולה חלבה תמרים וש,,,גרנולה חלבה תמרים וש,גרמים,350.00,100 גרם,false,,13.20,0.0377,true,1,1602547
7290012052194,false,גרנולה פירות יער וקש,רפאלס,,גרנולה פירות יער וקש,גרמים,350.00,100 גרם,false,,13.20,0.0377,true,1,1602548
7290012052224,false,גרנולה חלבה תמרים וש,רפאלס,,גרנולה חלבה תמרים וש,גרמים,800.00,100 גרם,false,,23.80,0.0298,true,1,1602551
7290012052309,false,גרנולה בננה צימוקים,רפאלס,,גרנולה בננה צימוקים,גרמים,1000.00,100 גרם,false,,18.70,0.0187,true,1,1602553
7290012052316,false,"גרנולה תענוג 1 ק""ג פ",רפאלס,,"גרנולה תענוג 1 ק""ג פ",גרמים,1000.00,100 גרם,false,,18.70,0.0187,true,1,1602554
7290012052330,false,גרנולה תענוג חלבה ות,רפאלס,,גרנולה תענוג חלבה ות,יח',1.00,יח',false,,18.70,18.7000,true,1,1602556
7290012052361,false,גרנולה מוזלי בטעם מר,רפאלס,,גרנולה מוזלי בטעם מר,גרמים,350.00,100 גרם,false,,11.90,0.0340,true,1,1602559
7290012052385,false,גרנולה מוזלי שקדים ו,רפאלס,,גרנולה מוזלי שקדים ו,גרמים,800.00,100 גרם,false,,23.80,0.0298,true,1,1602561
7290012071003,false,קמיל בלו משחה לתינוק,"ד""ר פישר",IL,קמיל בלו משחה לתינוק 200,גרמים,200.00,100 גרם,false,,15.30,0.0765,true,1,1598944
7290012116032,false,מרכך לשיער פיות כיף,כיף,,מרכך לשיער פיות כיף,מיליליטרים,750.00,"100 מ""ל",false,,9.30,0.0124,true,1,1580141
7290012116063,false,אל סבון פיות בתמציות,כיף,,אל סבון פיות בתמציות,מיליליטרים,750.00,"100 מ""ל",false,,9.30,0.0124,true,1,1580142
7290012116070,false,אל סבון נוזלי פיות ב,כיף,,אל סבון נוזלי פיות ב,מיליליטרים,750.00,"100 מ""ל",false,,9.30,0.0124,true,1,1580143
7290012116537,false,מקסימה אבקת כביסה בנ,סנו,,מקסימה אבקת כביסה בנ,קילוגרמים,2.50,"ק""ג",false,,19.60,7.8400,true,1,1580150
7290012116612,false,מברשת שיניים אורביטו,אורביטול,,מברשת שיניים אורביטו,יח',4.00,יח',false,,8.50,2.1250,true,1,1580157
7290012116629,false,תחליב סנו די לתינוקו,סנו,,תחליב סנו די לתינוקו,מטרים,50.00,100 מ'ל,false,,17.00,0.3400,true,1,1580158
7290012116674,false,cool קרמה מן דאודורנ,קרמה,,cool קרמה מן דאודורנ,מטרים,75.00,100 מ'ל,false,,11.90,0.1587,true,1,1580159
7290012116681,false,calm קרמה מן דאודורנ,קרמה,,calm קרמה מן דאודורנ,מטרים,75.00,100 מ'ל,false,,11.90,0.1587,true,1,1580160
7290012117039,false,נוזל לניקוי אמבטיה 0,סנו,,נוזל לניקוי אמבטיה 0,ליטרים,1.00,ליטר,false,,6.40,6.4000,true,1,1580172
7290012117091,false,מקסימה אבקת כביסה סנ,סנו,,מקסימה אבקת כביסה סנ,קילוגרמים,6.00,"ק""ג",false,,38.40,6.4000,true,1,1566618
7290012117350,false,ריצפז פרש 2 לי,סנו,,ריצפז פרש 2 לי,ליטרים,2.00,ליטר,false,,14.40,7.2000,true,1,1580176
7290012117398,false,קרמה מן אפטר שייב ג',קרמה,,קרמה מן אפטר שייב ג',מיליליטרים,150.00,"100 מ""ל",false,,10.20,0.0680,true,1,1566619
7290012117411,false,ג'ל רחצה לגבר במבוק,קרמה,,ג'ל רחצה לגבר במבוק,מיליליטרים,700.00,"100 מ""ל",false,,12.70,0.0181,true,1,1580180
7290012117466,false,תחליב רחצה לפנים תה,קרמה,,תחליב רחצה לפנים תה,מיליליטרים,180.00,"100 מ""ל",false,,11.90,0.0661,true,1,1580183
7290012117541,false,מקסימה מרכך כביסה מר,סנו,,מקסימה מרכך כביסה מר,ליטרים,1.00,ליטר,false,,15.00,15.0000,true,1,1580189
7290012117558,false,מקסימה מרכך כביסה מר,סנו,,מקסימה מרכך כביסה מר,ליטרים,1.00,ליטר,false,,14.90,14.9000,true,1,1580190
7290012117916,false,אינסטלטור נוזל לפתיח,סנו,,אינסטלטור נוזל לפתיח,ליטרים,1.00,ליטר,false,,22.80,22.8000,true,1,1580206
7290012226021,false,נקניק סלמי מעושן פרא,זוגלובק,,נקניק סלמי מעושן פרא,גרמים,400.00,100 גרם,false,,12.70,0.0317,true,1,1567006
7290012226120,false,קבנוס זוגלובק 135 גר,זוגלובק,,קבנוס זוגלובק 135 גר,גרמים,135.00,100 גרם,false,,8.50,0.0630,true,1,1607267
7290012226342,false,נקניקיות מן הצומח עש,,,נקניקיות מן הצומח עש,גרמים,460.00,100 גרם,false,,21.30,0.0463,true,1,3483492
7290012226922,false,קבנוס בטעם שום זוגלו,זוגלובק,,קבנוס בטעם שום זוגלו,גרמים,135.00,100 גרם,false,,8.50,0.0630,true,1,1607271
7290012226939,false,קבנוס עם צ'ילי חריף,זוגלובק,,קבנוס עם צ'ילי חריף,גרמים,135.00,100 גרם,false,,8.50,0.0630,true,1,1607272
7290012226991,false,נקניקיות באריזה ג'מב,זוגלובק,,נקניקיות באריזה ג'מב,קילוגרמים,1.50,"ק""ג",false,,22.80,15.2000,true,1,1607278
7290012227172,false,מארז פסטרמה 600 ג,זוגלובק,,מארז פסטרמה 600 ג,גרמים,600.00,100 גרם,false,,22.10,0.0368,true,1,1607285
7290012227240,false,סלמי איטלקי מעושן רמ,,,סלמי איטלקי מעושן רמ,גרמים,300.00,100 גרם,false,,18.70,0.0623,true,1,1622470
7290012227615,false,נקניקיות עוף 800 גר,זוגלובק,,נקניקיות עוף 800 גר,גרמים,800.00,100 גרם,false,,20.40,0.0255,true,1,1567008
7290012227622,false,חרמון כפרית דבש 400ג,זוגלובק,,חרמון כפרית דבש 400ג,גרמים,400.00,100 גרם,false,,16.20,0.0405,true,1,1607300
7290012227769,false,פסטרמה ברביקיו 400ג,זוגלובק,,פסטרמה ברביקיו 400ג,גרמים,400.00,100 גרם,false,,16.20,0.0405,true,1,1607305
7290012227776,false,פסטרמה הודו 400ג מחפ,זוגלובק,,פסטרמה הודו 400ג מחפ,גרמים,400.00,100 גרם,false,,16.10,0.0403,true,1,1567011
7290012227783,false,תה מעושן 400ג מחפוד,זוגלובק,,תה מעושן 400ג מחפוד,גרמים,400.00,100 גרם,false,,15.20,0.0380,true,1,1607306
7290012227912,false,קבנוס מעודן 135 ג,,,קבנוס מעודן 135 ג,גרמים,135.00,100 גרם,false,,8.40,0.0622,true,1,1607316
7290012227974,false,פסטרמה בדבש 120 גר,,,פסטרמה בדבש 120 גר,גרמים,120.00,100 גרם,false,,11.00,0.0917,true,1,3408793
7290012227981,false,פסטרמה ברביקיו 120 ג,,,פסטרמה ברביקיו 120 ג,גרמים,120.00,100 גרם,false,,11.00,0.0917,true,1,3408794
7290012227998,false,חזה בקר 120 גר,,,חזה בקר 120 גר,גרמים,120.00,100 גרם,false,,11.00,0.0917,true,1,3408795
7290012228018,false,נקניקיות עוף 400רמי,,,נקניקיות עוף 400רמי,גרמים,400.00,100 גרם,false,,7.60,0.0190,true,1,1622472
7290012228025,false,מארז פסטרמה הודו +סל,,,מארז פסטרמה הודו +סל,גרמים,800.00,100 גרם,false,,17.00,0.0213,true,1,1622473
7290012228261,false,נקניקיות בוקוורסט הו,,,נקניקיות בוקוורסט הו,גרמים,310.00,100 גרם,false,,17.00,0.0548,true,1,2409287
7290012228278,false,נקניקיות בוקוורסט הו,,,נקניקיות בוקוורסט הו,גרמים,310.00,100 גרם,false,,17.00,0.0548,true,1,2409288
7290012228285,false,פסטרמה הודו ברביקיו,,,פסטרמה הודו ברביקיו,גרמים,300.00,100 גרם,false,,18.70,0.0623,true,1,2363107
7290012228315,false,פסטרמה הודו ודבש 300,,,פסטרמה הודו ודבש 300,גרמים,300.00,100 גרם,false,,18.70,0.0623,true,1,2363110
7290012228407,false,נקניקיות ג'מבו מחפוד,,,נקניקיות ג'מבו מחפוד,קילוגרמים,1.50,"ק""ג",false,,28.10,18.7333,true,1,5125614
7290012228421,false,פסטרמה בדבש 120ג דק,,,פסטרמה בדבש 120ג דק,גרמים,120.00,100 גרם,false,,8.50,0.0708,true,1,3157097
7290012228438,false,חזה בקר 120ג דק דק ר,,,חזה בקר 120ג דק דק ר,גרמים,120.00,100 גרם,false,,8.50,0.0708,true,1,3157098
7290012228445,false,קבנוס 135ג רמילוי,,,קבנוס 135ג רמילוי,גרמים,135.00,100 גרם,false,,6.80,0.0504,true,1,3313826
7290012228766,false,קבנוס מחפוד זוגלובק,,,קבנוס מחפוד זוגלובק,גרמים,120.00,100 גרם,false,,8.50,0.0708,true,1,5257686
7290012228780,false,נקנקיות גמבו 1.5 קג,,,נקנקיות גמבו 1.5 קג,יח',1.00,יח',false,,25.60,25.6000,true,1,5262141
7290012245190,false,ציפס זיג זג למיקרולג,,,ציפס זיג זג למיקרולג,גרמים,140.00,100 גרם,false,,3.80,0.0271,true,1,5356291
7290012245275,false,גולד ציפס בטטה קריספ,,,גולד ציפס בטטה קריספ,יח',1.00,יח',false,,21.30,21.3000,true,1,5282879
7290012260827,false,שערות קדאיף 475 גרם,פפה צ'יפ,IL,שערות קדאיף 475 גרם,גרמים,400.00,100 גרם,false,,11.90,0.0298,true,1,1941750
7290012295034,false,בזיליקום מהדרין,ביכורי השקמה,,בזיליקום מהדרין,יח',1.00,יח',false,,6.90,6.9000,true,1,5331709
7290012309366,false,אורז בסמטי שקדיה 5 ק,שקדיה,,אורז בסמטי שקדיה 5 ק,גרמים,5000.00,100 גרם,false,,42.70,0.0085,true,1,1566410
7290012309878,false,חלבה פיסטוק 500 גרם,ששון הקולה,,חלבה פיסטוק 500 גרם,גרמים,500.00,100 גרם,false,,11.00,0.0220,true,1,1572116
7290012309939,false,חלבה מסולסלת 500 ג,ששון הקולה,,חלבה מסולסלת 500 ג,גרמים,500.00,100 גרם,false,,11.90,0.0238,true,1,1572119
7290012313141,false,מלפפון פרוסות במלח 3,יבנה,,מלפפון פרוסות במלח 3,גרמים,320.00,100 גרם,false,,5.60,0.0175,true,1,1579567
7290012335006,false,סוכריות רול מיני משפ,טעמן,,סוכריות רול מיני משפ,גרמים,460.00,100 גרם,false,,13.60,0.0296,true,1,1576268
7290012335020,false,סוכריות סודה שעון מש,טעמן,,סוכריות סודה שעון מש,גרמים,490.00,100 גרם,false,,13.60,0.0278,true,1,1576269
7290012367700,false,קרם גוף אפקטיב קר יב,"ד""ר פישר",IL,אפקטיב קר קרם גוף שיבולת,מיליליטרים,700.00,"100 מ""ל",false,,20.40,0.0291,true,1,1598951
7290012367717,false,קרם ידיים מועשר בשיב,"ד""ר פישר",IL,אפקטיב קר קרם ידיים שיבול,מיליליטרים,150.00,"100 מ""ל",false,,10.20,0.0680,true,1,1598952
7290012367823,false,אמול שמן אמבט פורטה,,,אמול שמן אמבט פורטה,מיליליטרים,200.00,"100 מ""ל",false,,29.80,0.1490,true,1,3711595
7290012404955,false,נקטר חמוציות ספרינג,ספרינג,,נקטר חמוציות ספרינג,ליטרים,1.25,ליטר,false,,10.30,8.2400,true,1,1578367
7290012404993,false,נקטר דיאט חמוציות ספ,ספרינג,,נקטר דיאט חמוציות ספ,ליטרים,1.25,ליטר,false,,9.90,7.9200,true,1,1578369
7290012454196,false,סוכריות ללא תוספת סו,מיה,,סוכריות ללא תוספת סו,גרמים,80.00,100 גרם,false,,4.20,0.0525,true,1,1581019
7290012454202,false,סוכריות ללא תוספת סו,מיה,,סוכריות ללא תוספת סו,גרמים,80.00,100 גרם,false,,4.20,0.0525,true,1,1581020
7290012454608,false,תן צאפ גלגלים 50ג,מיה,,תן צאפ גלגלים 50ג,גרמים,50.00,100 גרם,false,,2.80,0.0560,true,1,1581029
7290012483608,false,וילי פוד אורז בסמטי,וילי פוד,,וילי פוד אורז בסמטי,קילוגרמים,5.00,"ק""ג",false,,42.60,8.5200,true,1,1583617
7290012522581,false,שניצל תירס ללא גלוטן,טבעול,,שניצל תירס ללא גלוטן,גרמים,664.00,100 גרם,false,,17.00,0.0256,true,1,1566532
7290012561313,false,דורות בצל מטוגן 400,,,דורות בצל מטוגן 400,גרמים,400.00,100 גרם,false,,14.40,0.0360,true,1,5185103
7290012576379,false,ספיישל רזרב מרלו 750,,,ספיישל רזרב מרלו 750,מיליליטרים,750.00,"100 מ""ל",false,,47.00,0.0627,true,1,5313381
7290012576591,false,גוורצטרמינר רזרב 750,טמפו,IL,"גוורצטרמינר רזרב 750 מ""ל",מיליליטרים,750.00,"100 מ""ל",false,,33.20,0.0443,true,1,1574257
7290012576607,false,פרמייר קברנה סוביניו,טמפו,IL,פרמייר קברנה סוביניון אדו,מיליליטרים,750.00,"100 מ""ל",false,,22.10,0.0295,true,1,1574258
7290012576614,false,פרמייר אמרלד ריזלינג,טמפו,IL,פרמייר אמרלד ריזלינג לבן,מיליליטרים,750.00,"100 מ""ל",false,,15.30,0.0204,true,1,1574259
7290012645020,false,יוגורט עיזים טבעי 50,,,יוגורט עיזים טבעי 50,מטרים,500.00,100 מ'ל,false,,9.80,0.0196,true,1,1954920
7290012645112,false,יוגורט עיזים 750ג דל,,,יוגורט עיזים 750ג דל,מיליליטרים,750.00,"100 מ""ל",false,,15.30,0.0204,true,1,2510598
7290012645129,false,יוגורט כבשים 750ג דל,,,יוגורט כבשים 750ג דל,גרמים,750.00,100 גרם,false,,15.30,0.0204,true,1,2510599
7290012645181,false,לאבנה עיזים 5% 200 ג,,,לאבנה עיזים 5% 200 ג,גרמים,200.00,100 גרם,false,,11.00,0.0550,true,1,5364425
7290012803055,false,מר' סוכרלוז 100שקיות,מרמולייט,IL,מר' סוכרלוז 100שקיות,גרמים,100.00,100 גרם,false,,16.90,0.1690,true,1,1600653
7290012803215,false,טוסו ופל בלגי בטעם ש,גילרו,IL,טוסו ופל בלגי בטעם שוקולד,גרמים,200.00,100 גרם,false,,7.90,0.0395,true,1,1600657
7290012803222,false,טוסו ופל בלגי בטעם ל,גילרו,IL,טוסו ופל בלגי בטעם לימון,גרמים,200.00,100 גרם,false,,7.90,0.0395,true,1,1600658
7290012803314,false,מר' סוכרלוז 300טבליו,מרמולייט,IL,מר' סוכרלוז 300טבליות,יח',1.00,יח',false,,33.20,33.2000,true,1,1600660
7290012803451,false,טוסו שוקולד מריר מעו,טוסו,TR,טוסו שוקולד מריר מעולה 10,גרמים,100.00,100 גרם,false,,7.60,0.0760,true,1,1600664
7290012803789,false,טוסו שוקולד מריר עם,טוסו,TR,טוסו שוקולד מריר עם אגוזי,גרמים,100.00,100 גרם,false,,7.60,0.0760,true,1,1600678
7290012803796,false,טוסו שוקולד חלב עם א,ALTINMARKA,TR,טוסו שוקולד חלב עם אגוזים,גרמים,100.00,100 גרם,false,,7.60,0.0760,true,1,1600679
7290012823381,false,מקסימה מרכך כביסה מר,סנו,,מקסימה מרכך כביסה מר,ליטרים,1.00,ליטר,false,,15.00,15.0000,true,1,1580231
7290012823398,false,ריצפז מטליות לחות לר,,,ריצפז מטליות לחות לר,יח',10.00,יח',false,,9.30,0.9300,true,1,2824251
7290012823404,false,סנו פרש אוטומטיק יסמ,סנו,,סנו פרש אוטומטיק יסמ,מיליליטרים,250.00,"100 מ""ל",false,,11.00,0.0440,true,1,1580232
7290012823541,false,ריצפז פרש מטליות לחו,סנו,,ריצפז פרש מטליות לחו,יח',10.00,יח',false,,9.30,0.9300,true,1,1580233
7290012823558,false,מטליות לחות לרצפה סנ,סנו,,מטליות לחות לרצפה סנ,יח',10.00,יח',false,,8.50,0.8500,true,1,1580234
7290012823589,false,ריצפז פרש 2 לי,סנו,,ריצפז פרש 2 לי,ליטרים,2.00,ליטר,false,,14.40,7.2000,true,1,1580237
7290012864001,false,נבטי חמניה,,,נבטי חמניה,יח',1.00,יח',false,,9.90,9.9000,true,1,1606127
7290012864025,false,אלפלפא,,,אלפלפא,יח',1.00,יח',false,,5.90,5.9000,true,1,1606128
7290012884986,false,תפוגן צ'יפס לתנור 1.,תפוגן,,תפוגן צ'יפס לתנור 1.,קילוגרמים,1.50,"ק""ג",false,,21.30,14.2000,true,1,1577371
7290012901355,false,מקרוני עם גבינה 206,דודל'ס,,מקרוני עם גבינה 206,גרמים,206.00,100 גרם,false,,9.30,0.0451,true,1,1582556
7290012901959,false,מקרוני אנד ג'ייזס מס,,,מקרוני אנד ג'ייזס מס,גרמים,156.00,100 גרם,false,,9.30,0.0596,true,1,5417875
7290012921025,false,בקבוק בירה מלכה בהיר,בירה מלכה,IL,בירה מלכה בהירה,מיליליטרים,330.00,"100 מ""ל",false,,11.10,0.0336,true,1,1585731
7290012921032,false,בקבוק בירה מלכה אדמו,בירה מלכה,IL,בירה מלכה אדמונית,מיליליטרים,330.00,"100 מ""ל",false,,11.10,0.0336,true,1,1585732
7290012921056,false,בקבוק בירה מלכה חיטה,בירה מלכה,IL,בירה מלכה חיטה,מיליליטרים,330.00,"100 מ""ל",false,,11.10,0.0336,true,1,1585733
7290012929380,false,תססן סודה+מקל סודה מ,,,תססן סודה+מקל סודה מ,יח',1.00,יח',false,,6.70,6.7000,true,1,1576294
7290012936838,false,תבלין הל טחון תבליני,תבליני מימון,IL,הל טחון35 גרם,גרמים,35.00,100 גרם,false,,12.70,0.3629,true,1,1569985
7290012936852,false,תבלין קימל טחון 40 ג,תבליני מימון,IL,קימל טחון 40 גרם,יח',40.00,יח',false,,8.10,0.2025,true,1,4805270
7290012936890,false,תבלין קצח 50 גרם,תבליני מימון,IL,קצח 50 גרם,גרמים,50.00,100 גרם,false,,9.80,0.1960,true,1,1569990
7290012936906,false,תבלין ציפורן שלם 25,תבליני מימון,IL,ציפורן שלם 25 גרם,גרמים,25.00,100 גרם,false,,12.70,0.5080,true,1,1569991
7290012936913,false,תבלין סומק תבליני מי,תבליני מימון,IL,סומק 40 גרם,גרמים,45.00,100 גרם,false,,9.80,0.2178,true,1,1569992
7290012936944,false,אגוז מוסקט טחון 40 ג,תבליני מימון,IL,אגוז מוסקט טחון 40 גרם -,גרמים,40.00,100 גרם,false,,12.40,0.3100,true,1,1569994
7290012938405,false,דיימונד רדיד אלומיני,ריינולדס,US,רדיד אלומיניום רחב רוחב 4,אורך,7.60,אורך,false,,14.40,1.8947,true,1,1592296
7290012938580,false,סנסודיין הלבנה עדינה,סנסודיין,GB,סנסודיין הלבנה עדינה 75 מ,מטרים,75.00,100 מ'ל,false,,18.70,0.2493,true,1,1592299
7290012938597,false,סנסודיין רפיד רליף 7,סנסודיין,SK,סנסודיין רפיד רליף 75 מ'',מטרים,75.00,100 מ'ל,false,,20.40,0.2720,true,1,1592300
7290012938740,false,משחת שיניים סנסודיין,סנסודיין,GB,"סנסודיין פרש מינט 75 מ""ל",מטרים,75.00,100 מ'ל,false,,18.70,0.2493,true,1,1592303
7290012938924,false,אקווה פרש מי פה 500,אקווה פרש,GB,"א.פרש מי פה 500 מ""ל",מיליליטרים,500.00,"100 מ""ל",false,,16.80,0.0336,true,1,1592305
7290012982262,false,בשר שריר חלק מס'8,,,בשר שריר חלק מס'8,קילוגרמים,1.00,"ק""ג",true,,31.50,31.5000,true,1,5362436
7290012983153,false,סילאן כנרת 400 גר לח,,,סילאן כנרת 400 גר לח,גרמים,400.00,100 גרם,false,,14.40,0.0360,true,1,1570834
7290012983160,false,סילאן לחיץ 400 ג כנר,,,סילאן לחיץ 400 ג כנר,גרמים,400.00,100 גרם,false,,9.30,0.0233,true,1,1570835
7290012983276,false,סילאן כנרת 900 גרם,תמר כנרת,,סילאן כנרת 900 גרם,גרמים,900.00,100 גרם,false,,10.90,0.0121,true,1,1588391
7290012996672,false,סבון אסלה מבושם יעקב,יעקבי,,סבון אסלה מבושם יעקב,יח',2.00,יח',false,,6.80,3.4000,true,1,1582665
7290013027399,false,לחם קל פרוס 100% קמח,אנג'ל,,לחם קל פרוס 100% קמח,גרמים,750.00,100 גרם,false,,11.00,0.0147,true,1,1574436
7290013038432,false,מים אקווה נובה 2 ליט,אקווה נובה,,מים אקווה נובה 2 ליט,ליטרים,2.00,ליטר,false,,2.80,1.4000,true,1,1574265
7290013083661,false,תחליף חלב אקסטרה קר,מטרנה,,תחליף חלב אקסטרה קר,גרמים,700.00,100 גרם,false,,50.30,0.0719,true,1,1577374
7290013083678,false,תחליף חלב אקסטרה קר,מטרנה,,תחליף חלב אקסטרה קר,גרמים,700.00,100 גרם,false,,50.30,0.0719,true,1,1577375
7290013083685,false,תחליף חלב אקסטרה קר,מטרנה,,תחליף חלב אקסטרה קר,גרמים,700.00,100 גרם,false,,50.30,0.0719,true,1,1577376
7290013117212,false,בורקס פילו גבינה מעד,מעדנות,IL,בורקס פילו במילוי גבינה מ,גרמים,600.00,100 גרם,false,,16.20,0.0270,true,1,1572651
7290013117229,false,בורקס פילו תפוחי אדמ,מעדנות,IL,"בורקס פילו במילוי תפו""א מ",גרמים,600.00,100 גרם,false,,16.20,0.0270,true,1,1572652
7290013117236,false,בורקס פילו פיצה מעדנ,מעדנות,IL,בורקס פילו פיצה 600 גר,גרמים,600.00,100 גרם,false,,16.20,0.0270,true,1,1572653
7290013117243,false,בורקס פילו בולגרית מ,מעדנות,IL,בורקס פילו בולגרית 600 גר,גרמים,600.00,100 גרם,false,,16.20,0.0270,true,1,1572654
7290013117526,false,בצק שמרים מרודד למאפ,מעדנות,IL,בצק שמרים למאפים מתוקים 9,גרמים,900.00,100 גרם,false,,17.00,0.0189,true,1,1572662
7290013121134,false,בייגל אמריקאי 430 גר,גרין לייט,IL,בייגל אמריקאי 430 גר,גרמים,430.00,100 גרם,false,,16.80,0.0391,true,1,1607007
7290013121158,false,רביעיית לחמניות סנדב,גרין לייט,IL,רביעיית לחמניות סנדב,גרמים,460.00,100 גרם,false,,15.10,0.0328,true,1,1607009
7290013121165,false,לחמניות נקניקיה 6 יח,גרין לייט,IL,לחמניות נקניקיה 6 יח,100 יח,460.00,100 יח,false,,15.10,0.0328,true,1,1607010
7290013121394,false,גרינלייט לחם צרפתי ג,,,גרינלייט לחם צרפתי ג,גרמים,500.00,100 גרם,false,,16.20,0.0324,true,1,5337972
7290013121592,false,זוג באגטים רוסטק סופ,,,זוג באגטים רוסטק סופ,גרמים,480.00,100 גרם,false,,17.90,0.0373,true,1,5337974
7290013121752,false,לחם לבן ביתי 700 גרם,גרין לייט,IL,לחם לבן ביתי 700 גרם,גרמים,700.00,100 גרם,false,,17.60,0.0251,true,1,1607031
7290013121851,false,גרינלייט זוג בגאטים,,,גרינלייט זוג בגאטים,גרמים,480.00,100 גרם,false,,17.00,0.0354,true,1,5337975
7290013144157,false,מיימונס סחלב 130 גרם,מימונס,IL,סחלב 130 גרם,גרמים,130.00,100 גרם,false,,8.50,0.0654,true,1,1594443
7290013144188,false,מימונס תערובת להכנת,מימונס,IL,תערובת בראוניס,גרמים,600.00,100 גרם,false,,14.40,0.0240,true,1,1594446
7290013144201,false,מיימונס תערובת פנקיי,מימונס,IL,תערובת פנקייק,גרמים,400.00,100 גרם,false,,13.60,0.0340,true,1,1594448
7290013144218,false,מיימונס תערובת עוגת,מימונס,IL,תערובת עוגת וניל,גרמים,560.00,100 גרם,false,,14.40,0.0257,true,1,1594449
7290013144232,false,מיימונס פודינג בטעם,מימונס,IL,פודינג וניל 85 גרם,גרמים,80.00,100 גרם,false,,4.20,0.0525,true,1,1594451
7290013144249,false,מיימונס פודינג שוקול,מימונס,IL,פודינג שוקולד 95 גרם,גרמים,95.00,100 גרם,false,,4.20,0.0442,true,1,1594452
7290013144270,false,תערובת להכנת קרם פטי,מימונס,IL,קרם פטיסייר 100 גרם,גרמים,100.00,100 גרם,false,,8.40,0.0840,true,1,1594455
7290013144317,false,מימונס ג'וני גלילית,הגביע,IL,ג'וני - גלילית וופל למילו,יח',18.00,יח',false,,18.70,1.0389,true,1,1594458
7290013144393,false,מימונס תמצית וניל 50,מימונס,IL,תמצית וניל 50 גרם,גרמים,50.00,100 גרם,false,,3.80,0.0760,true,1,1594465
7290013144409,false,מימונס תמצית רום 50,מימונס,IL,תמצית בטעם רום 50 גרם,גרמים,50.00,100 גרם,false,,3.80,0.0760,true,1,1594466
7290013144508,false,תמצית בטעם ורדים מיי,מימונס,IL,תמצית בטעם ורדים,מטרים,50.00,100 מ'ל,false,,7.60,0.1520,true,1,1594473
7290013144539,false,מימונס צבע מאכל אדום,מימונס,IL,צבע מאכל אדום 50 גרם,גרמים,50.00,100 גרם,false,,3.70,0.0740,true,1,1594476
7290013144560,false,מיימונס צבע מאכל כחו,מימונס,IL,צבע מאכל כחול 50 גרם,גרמים,50.00,100 גרם,false,,3.30,0.0660,true,1,1594479
7290013144614,false,מיימונס סירופ מייפל,LES INDUSRIES,CA,סירופ מייפל אמיתי 100% מק,מיליליטרים,236.00,"100 מ""ל",false,,25.60,0.1085,true,1,1594482
7290013144768,false,סירופ בטעם שוקולד 50,מימונס,IL,סירופ בטעם שוקולד 500 גרם,גרמים,500.00,100 גרם,false,,11.90,0.0238,true,1,1594488
7290013144805,false,אייס קפה לייט 300 ג,,,אייס קפה לייט 300 ג,גרמים,300.00,100 גרם,false,,17.00,0.0567,true,1,5386523
7290013144812,false,אייס בטעם וניל 300 ג,,,אייס בטעם וניל 300 ג,גרמים,300.00,100 גרם,false,,15.30,0.0510,true,1,5386524
7290013144911,false,מיקס שוקולד ציפס מרי,,,מיקס שוקולד ציפס מרי,יח',1.00,יח',false,,12.70,12.7000,true,1,5371166
7290013144980,false,מימונס תרסיס שמן קנו,,,מימונס תרסיס שמן קנו,גרמים,170.00,100 גרם,false,,13.60,0.0800,true,1,1594491
7290013145017,false,אגוז מלך קלוף מיימונ,מימונס,IL,אגוז מלך קלוף,גרמים,100.00,100 גרם,false,,10.30,0.1030,true,1,1594493
7290013145031,false,אגוזי לוז מסוכרים מי,מימונס,IL,ברס- אגוזי לוז מסוכרים 10,גרמים,100.00,100 גרם,false,,10.20,0.1020,true,1,1594495
7290013145055,false,פרג שלם מיימונס 100,מימונס,IL,פרג שלם,גרמים,100.00,100 גרם,false,,5.90,0.0590,true,1,1594497
7290013145062,false,סירופ מייפל אמיתי 10,,,סירופ מייפל אמיתי 10,מיליליטרים,187.00,"100 מ""ל",false,,17.00,0.0909,true,1,2349323
7290013145093,false,שקד מולבן גרוס מיימו,מימונס,IL,שקד מולבן גרוס,גרמים,100.00,100 גרם,false,,11.00,0.1100,true,1,1594500
7290013145109,false,מיימונס שקד מולבן טח,מימונס,IL,שקד מולבן טחון,גרמים,100.00,100 גרם,false,,11.00,0.1100,true,1,1594501
7290013145116,false,מיימונס שקד מולבן מק,מימונס,IL,שקד מולבן מקלות,גרמים,100.00,100 גרם,false,,11.00,0.1100,true,1,1594502
7290013145123,false,מיימונס שקד מולבן פר,מימונס,IL,שקד מולבן פרוס,גרמים,100.00,100 גרם,false,,11.00,0.1100,true,1,1594503
7290013145130,false,שקד מולבן חצוי מיימו,מימונס,IL,שקד מולבן חצוי,גרמים,100.00,100 גרם,false,,11.00,0.1100,true,1,1594504
7290013145178,false,קוקוס טחון לבן מיימו,מימונס,IL,קוקוס טחון לבן,גרמים,100.00,100 גרם,false,,3.80,0.0380,true,1,1594508
7290013145192,false,שומשום מיימונס 100 ג,מימונס,IL,שומשום,גרמים,100.00,100 גרם,false,,3.90,0.0390,true,1,1594509
7290013145215,false,שומשום 400 גר,מימונס,IL,שומשום 400 גרם,גרמים,400.00,100 גרם,false,,11.90,0.0298,true,1,1594510
7290013145390,false,שוקולד צ'יפס מיימונס,אינטרגטה,IL,שוקולד צ'יפס,גרמים,250.00,100 גרם,false,,7.60,0.0304,true,1,1594517
7290013145406,false,שוקולד צ'יפס לבן מיי,אינטרגטה,IL,שוקולד צ'יפס לבן,גרמים,250.00,100 גרם,false,,8.50,0.0340,true,1,1594518
7290013145437,false,שוקולד צ'יפס 48% מיי,אינטרגטה,IL,שוקולד צ'יפס 48%,גרמים,250.00,100 גרם,false,,11.00,0.0440,true,1,1594521
7290013145444,false,שוקולד ציפס 66%,אינטרגטה,IL,שוקולד צ'יפס 66%,גרמים,250.00,100 גרם,false,,12.70,0.0508,true,1,1594522
7290013145529,false,סוכריות צבעוניות לקי,מימונס,IL,סוכריות צבעוניות לקישוט 9,גרמים,90.00,100 גרם,false,,4.70,0.0522,true,1,1594526
7290013145536,false,סוכריות לקישוט בטעם,מימונס,IL,סוכריות בטעם שוקולד לקישו,גרמים,85.00,100 גרם,false,,4.70,0.0553,true,1,1594527
7290013145567,false,מיימונס מיני מיני עד,מימונס,IL,מיני מיני עדשים 90 גרם,גרמים,90.00,100 גרם,false,,9.00,0.1000,true,1,1594529
7290013145574,false,מיימונס ערכה לקישוט,מימונס,IL,ערכה לקישוט (מזרה עיגולים,גרמים,100.00,100 גרם,false,,9.20,0.0920,true,1,1594530
7290013145628,false,מימונס סוכריות צבעונ,מימונס,IL,סוכריות צבעוניות לקישוט 2,גרמים,200.00,100 גרם,false,,7.60,0.0380,true,1,1594533
7290013145710,false,מיימונס דובדבנים מסו,מימונס,IL,דובדבנים מסוכרים,גרמים,100.00,100 גרם,false,,8.20,0.0820,true,1,1594539
7290013145796,false,רביעיית צבעי מאכל ג',,,רביעיית צבעי מאכל ג',יח',1.00,יח',false,,42.60,42.6000,true,1,5371164
7290013145826,false,פודינג בטעם וניל לבן,מימונס,IL,פודינג בטעם וניל לבן במיו,גרמים,80.00,100 גרם,false,,4.20,0.0525,true,1,1594548
7290013145833,false,פודינג שוקלד,מימונס,IL,פודינג שוקולד בלגי 95 גרם,גרמים,95.00,100 גרם,false,,4.20,0.0442,true,1,1594549
7290013145840,false,סוכר וניל מיימונס 10,י. כהן,IL,סוכר וניל 10 יח' בצלופן,גרמים,116.00,100 גרם,false,,1.90,0.0164,true,1,1594550
7290013145857,false,אבקת אפיה מיימונס 10,י. כהן,IL,אבקת אפיה 10 יח' בצלופן,גרמים,10.00,100 גרם,false,,1.90,0.1900,true,1,1594551
7290013145864,false,אבקת ג'לטין טהור מיי,מימונס,IL,"ג'לטין טהור אבקה בד""צ",גרמים,28.00,100 גרם,false,,10.20,0.3643,true,1,1594552
7290013145871,false,שמרים יבשים מיימונס,מימונס,IL,שמרים יבשים סטיק 11 גרם 5,גרמים,55.00,100 גרם,false,,8.50,0.1545,true,1,1594553
7290013145918,false,אבקת סוכר מיימונס 10,מימונס,IL,אבקת סוכר,גרמים,100.00,100 גרם,false,,1.60,0.0160,true,1,1594555
7290013145949,false,מיימונס אבקת סוכר 25,מימונס,IL,אבקת סוכר פטנט 250גרם,גרמים,250.00,100 גרם,false,,13.60,0.0544,true,1,1594558
7290013145956,false,שמרים יבשים בוואקום,ANGEL YEAST,CN,שמרים יבשים בואקום 500 גר,גרמים,500.00,100 גרם,false,,11.00,0.0220,true,1,1594559
7290013145963,false,שמרים יבשים בוואקום,ANGEL YEAST,CN,שמרים יבשים בואקום 125 גר,גרמים,125.00,100 גרם,false,,4.70,0.0376,true,1,1594560
7290013145970,false,קורנפלור מיימונס 200,מימונס,IL,קורנפלור בשקית 200 גרם,גרמים,200.00,100 גרם,false,,3.30,0.0165,true,1,1594561
7290013146069,false,מלית שוקולד מיימונס,אינטרגטה,IL,מלית שוקולד 400גרם,גרמים,400.00,100 גרם,false,,11.00,0.0275,true,1,1594567
7290013146083,false,מיימונס מלית חלבה 40,אינטרגטה,IL,מלית חלבה,גרמים,400.00,100 גרם,false,,13.60,0.0340,true,1,1594568
7290013146199,false,קרם נוגט מיימונס 350,אינטרגטה,IL,קרם נוגט,גרמים,350.00,100 גרם,false,,11.00,0.0314,true,1,1594571
7290013146267,false,פודינג בטעם וניל שקי,,,פודינג בטעם וניל שקי,גרמים,1000.00,100 גרם,false,,17.90,0.0179,true,1,5300497
7290013146304,false,קורנפלור 500 גר.,,,קורנפלור 500 גר.,גרמים,500.00,100 גרם,false,,5.60,0.0112,true,1,2622425
7290013146427,false,מיני מרנג צבע לבן 60,,,מיני מרנג צבע לבן 60,יח',1.00,יח',false,,12.70,12.7000,true,1,5246847
7290013146489,false,קונוסים מבצק עלים 12,,,קונוסים מבצק עלים 12,יח',1.00,יח',false,,12.70,12.7000,true,1,5300472
7290013146656,false,כוכבים בצבעים לקישוט,,,כוכבים בצבעים לקישוט,יח',1.00,יח',false,,9.30,9.3000,true,1,5234357
7290013146670,false,סוכריות לב בצבעים לק,,,סוכריות לב בצבעים לק,יח',1.00,יח',false,,10.20,10.2000,true,1,5234359
7290013146724,false,אייס קפה להכנה ביתית,,,אייס קפה להכנה ביתית,גרמים,350.00,100 גרם,false,,15.30,0.0437,true,1,5319083
7290013146755,false,מימונס קצפת מעולה 24,,,מימונס קצפת מעולה 24,מיליליטרים,500.00,"100 מ""ל",false,,11.90,0.0238,true,1,5301434
7290013146762,false,מימונס קצפת מעולה 24,,,מימונס קצפת מעולה 24,מיליליטרים,200.00,"100 מ""ל",false,,5.90,0.0295,true,1,5301435
7290013146854,false,קוקוס לבן 400 גרם,מימונס,,קוקוס לבן 400 גרם,גרמים,400.00,100 גרם,false,,12.70,0.0317,true,1,1594574
7290013153418,false,סחוט לימונענע 1 ליטר,פריגת,IL,סחוט לימונענע 1 ליטר,ליטרים,1.00,ליטר,false,,13.60,13.6000,true,1,1570358
7290013153593,false,מיץ תפוזים 100% 1לי,,,מיץ תפוזים 100% 1לי,ליטרים,1.00,ליטר,false,,9.40,9.4000,true,1,2596276
7290013220042,false,מיקס טרופי 500 גרם,,,מיקס טרופי 500 גרם,גרמים,500.00,100 גרם,false,,14.40,0.0288,true,1,1604787
7290013220103,false,דובדבן קפוא,,,דובדבן קפוא,יח',1.00,יח',false,,14.40,14.4000,true,1,1604788
7290013220134,false,מיקס פירות שדה,,,מיקס פירות שדה,יח',1.00,יח',false,,14.40,14.4000,true,1,1604791
7290013220899,false,תות שדה 500 גרם,,,תות שדה 500 גרם,גרמים,500.00,100 גרם,false,,14.40,0.0288,true,1,1604797
7290013220929,false,אוכמניות קפוא,,,אוכמניות קפוא,יח',1.00,יח',false,,14.40,14.4000,true,1,1604800
7290013221001,false,אננס קפוא,,,אננס קפוא,גרמים,500.00,100 גרם,false,,14.40,0.0288,true,1,5229411
7290013221018,false,מנגו קפוא,,,מנגו קפוא,גרמים,500.00,100 גרם,false,,14.40,0.0288,true,1,5226439
7290013267665,false,מאגדת שלגוני מיני סו,,,מאגדת שלגוני מיני סו,גרמים,354.00,100 גרם,false,,16.70,0.0472,true,1,1587766
7290013268037,false,מקסימה מרכך כביסה מר,סנו,,מקסימה מרכך כביסה מר,ליטרים,1.00,ליטר,false,,15.00,15.0000,true,1,1580258
7290013268242,false,ריצפז פרש הום 2 לי,,,ריצפז פרש הום 2 לי,ליטרים,2.00,ליטר,false,,16.90,8.4500,true,1,5140183
7290013268372,false,פוליויקס נוזל לניקוי,,,פוליויקס נוזל לניקוי,ליטרים,2.00,ליטר,false,,17.00,8.5000,true,1,5248452
7290013268563,false,קרמה מן דאודורנט ספר,קרמה,,קרמה מן דאודורנט ספר,מיליליטרים,200.00,"100 מ""ל",false,,9.30,0.0465,true,1,1580276
7290013268884,false,ריצפז פרש 2 ליטר בני,סנו,,ריצפז פרש 2 ליטר בני,ליטרים,2.00,ליטר,false,,14.40,7.2000,true,1,1580294
7290013268907,false,מקסימה ג'ל כביסה ביו,סנו,,מקסימה ג'ל כביסה ביו,ליטרים,3.00,ליטר,false,,24.70,8.2333,true,1,1580296
7290013268914,false,סנו ג'ל מקסימה חכמה,,,סנו ג'ל מקסימה חכמה,ליטרים,3.00,ליטר,false,,25.60,8.5333,true,1,2964799
7290013268983,false,מקסימה מרכך כביסה מר,,,מקסימה מרכך כביסה מר,מטרים,1000.00,100 מ'ל,false,,15.00,0.0150,true,1,5312192
7290013268990,false,מרכך כביסה מרוכז לבן,סנו,,מרכך כביסה מרוכז לבן,ליטרים,1.00,ליטר,false,,15.00,15.0000,true,1,1580298
7290013269003,false,מקסימה מרכך כביסה מר,סנו,,מקסימה מרכך כביסה מר,ליטרים,1.00,ליטר,false,,15.00,15.0000,true,1,1580299
7290013269157,false,סנו מקסימה לבנדר מרכ,סנו,,סנו מקסימה לבנדר מרכ,מיליליטרים,750.00,"100 מ""ל",false,,13.90,0.0185,true,1,1580303
7290013269263,false,מקסימה ג'ל כביסה קרי,סנו,,מקסימה ג'ל כביסה קרי,ליטרים,3.00,ליטר,false,,24.70,8.2333,true,1,1580305
7290013269287,false,מקסימה ג'ל כביסה מאס,סנו,,מקסימה ג'ל כביסה מאס,ליטרים,3.00,ליטר,false,,24.70,8.2333,true,1,1580307
7290013269300,false,ניילון נצמד 150 מ סנ,סנו,,ניילון נצמד 150 מ סנ,יח',150.00,יח',false,,17.90,0.1193,true,1,1580309
7290013269348,false,סנו K3 תחנת פיתיון ל,,,סנו K3 תחנת פיתיון ל,יח',1.00,יח',false,,34.10,34.1000,true,1,4877006
7290013269621,false,ריצפז פרש הום 2 לי,,,ריצפז פרש הום 2 לי,ליטרים,2.00,ליטר,false,,16.90,8.4500,true,1,4301636
7290013269638,false,סנו סושי ספוג הפלא א,סנו,,סנו סושי ספוג הפלא א,יח',6.00,יח',false,,8.20,1.3667,true,1,1580311
7290013269645,false,ריצפז פרש מטליות לחו,סנו,,ריצפז פרש מטליות לחו,יח',10.00,יח',false,,9.30,0.9300,true,1,1580312
7290013269690,false,סנובון ג'ל לימון,סנו,,סנובון ג'ל לימון,מטרים,55.00,100 מ'ל,false,,5.00,0.0909,true,1,1580314
7290013269706,false,סנובון ג'ל אוקיינוס,סנו,,סנובון ג'ל אוקיינוס,מטרים,55.00,100 מ'ל,false,,5.00,0.0909,true,1,1580315
7290013269751,false,ריצפז פרש מטליות לחו,,,ריצפז פרש מטליות לחו,יח',10.00,יח',false,,9.30,0.9300,true,1,4301894
7290013269867,false,סנו סושי זוג מפות אי,סנו,,סנו סושי זוג מפות אי,יח',2.00,יח',false,,8.50,4.2500,true,1,1580321
7290013269911,false,סנו K333 נוזלי,סנו,,סנו K333 נוזלי,מיליליטרים,750.00,"100 מ""ל",false,,23.00,0.0307,true,1,1580324
7290013276124,false,בקבוק בירה נגב אמבר,,,בקבוק בירה נגב אמבר,מיליליטרים,330.00,"100 מ""ל",false,,11.10,0.0336,true,1,4564640
7290013276131,false,בקבוק בירה נגב פורטר,,,בקבוק בירה נגב פורטר,מיליליטרים,330.00,"100 מ""ל",false,,11.10,0.0336,true,1,4557874
7290013302014,false,טעמן שוקו מהדרין 1 ק,טעמן,,טעמן שוקו מהדרין 1 ק,קג,1.00,קג,false,,9.30,9.3000,true,1,1576315
7290013302656,false,פילה סרדין בשמן זית,,,פילה סרדין בשמן זית,גרמים,125.00,100 גרם,false,,6.60,0.0528,true,1,1576344
7290013302663,false,פילה סרדין בשמן זית,,,פילה סרדין בשמן זית,גרמים,125.00,100 גרם,false,,6.60,0.0528,true,1,1576345
7290013302748,false,סוכריות טופי ממולא ב,טעמן,,סוכריות טופי ממולא ב,גרמים,600.00,100 גרם,false,,15.20,0.0253,true,1,1576350
7290013358356,false,מאסטר שף פירורי לחם,מנה,,מאסטר שף פירורי לחם,גרמים,320.00,100 גרם,false,,5.90,0.0184,true,1,1574725
7290013358363,false,מאסטר שף פרורי לחם פ,מאסטר שף,,מאסטר שף פרורי לחם פ,גרמים,300.00,100 גרם,false,,8.40,0.0280,true,1,1574726
7290013358417,false,מאסטר שף רוטב טריאקי,מאסטר שף,,מאסטר שף רוטב טריאקי,מיליליטרים,300.00,"100 מ""ל",false,,6.80,0.0227,true,1,1574730
7290013358431,false,מאסטר שף קרוטונים לס,,,מאסטר שף קרוטונים לס,גרמים,200.00,100 גרם,false,,10.00,0.0500,true,1,1574732
7290013358448,false,מאסטר שף קרוטונים לס,,,מאסטר שף קרוטונים לס,גרמים,200.00,100 גרם,false,,10.10,0.0505,true,1,1574733
7290013358486,false,מאסטר שף פרורי לחם מ,מאסטר שף,,מאסטר שף פרורי לחם מ,גרמים,300.00,100 גרם,false,,4.10,0.0137,true,1,1574736
7290013358493,false,מאסטר שף קרם קוקוס ב,מאסטר שף,,מאסטר שף קרם קוקוס ב,מיליליטרים,400.00,"100 מ""ל",false,,7.60,0.0190,true,1,1574737
7290013358523,false,מאסטר שף שבבי בצל מט,מאסטר שף,,מאסטר שף שבבי בצל מט,גרמים,150.00,100 גרם,false,,11.80,0.0787,true,1,1574740
7290013358530,false,מאסטר שף רוטב צ'ילי,,,מאסטר שף רוטב צ'ילי,מיליליטרים,700.00,"100 מ""ל",false,,10.20,0.0146,true,1,1574741
7290013358547,false,מאסטר שף רוטב צ'ילי,,,מאסטר שף רוטב צ'ילי,מיליליטרים,700.00,"100 מ""ל",false,,10.10,0.0144,true,1,1574742
7290013358806,false,מנה מאגדת פריכיות עם,מנה,,מנה מאגדת פריכיות עם,גרמים,264.00,100 גרם,false,,9.30,0.0352,true,1,1574749
7290013389381,false,קמח תירס 1קג פולנטה,,,קמח תירס 1קג פולנטה,100 קילו,1.00,100 קילו,false,,8.40,8.4000,true,1,1573949
7290013397003,false,עלי חסה,,,עלי חסה,יחידה,0.00,יחידה,false,,11.50,0.0000,true,1,1588404
7290013397034,false,זוג ראשי חמאה בנספק,,,זוג ראשי חמאה בנספק,יחידה,0.00,יחידה,false,,11.50,0.0000,true,1,3101871
7290013397126,false,עליי מנגולד,,,עליי מנגולד,יח',1.00,יח',false,,12.50,12.5000,true,1,3101917
7290013397799,false,חסה לאליק,,,חסה לאליק,יח',1.00,יח',false,,12.50,12.5000,true,1,5430781
7290013430083,false,אלכסנדר בלונד בירה 3,,,אלכסנדר בלונד בירה 3,מיליליטרים,330.00,"100 מ""ל",false,,11.10,0.0336,true,1,5296255
7290013430250,false,אלכסנדר חיטה ישראלית,,,אלכסנדר חיטה ישראלית,מיליליטרים,330.00,"100 מ""ל",false,,11.10,0.0336,true,1,5296258
7290013472892,false,הבולגריה בולגרית 22%,וילי פוד,,הבולגריה בולגרית 22%,גרמים,200.00,100 גרם,false,,8.40,0.0420,true,1,1599181
7290013472908,false,בולגרית בקוביות 400,וילי פוד,,בולגרית בקוביות 400,גרמים,400.00,100 גרם,false,,17.00,0.0425,true,1,1599182
7290013492005,false,"תפו""א מזן מובחר ארוז",,,"תפו""א מזן מובחר ארוז",גרמים,700.00,100 גרם,false,,4.90,0.0070,true,1,1588405
7290013521194,false,טורטיליוני כוסמת אור,,,טורטיליוני כוסמת אור,גרמים,250.00,100 גרם,false,,11.70,0.0468,true,1,5253501
7290013531117,false,רוטב פסטה לילדים 240,יכין,,רוטב פסטה לילדים 240,גרמים,240.00,100 גרם,false,,4.70,0.0196,true,1,1585289
7290013531346,false,סירופ דיאט בטעם לימו,,,סירופ דיאט בטעם לימו,ליטרים,1.00,ליטר,false,,14.30,14.3000,true,1,1585293
7290013531582,false,זיתים ירוקים מגולעני,,,זיתים ירוקים מגולעני,גרמים,255.00,100 גרם,false,,10.20,0.0400,true,1,2207132
7290013531759,false,שעועית לבנה במים יכי,,,שעועית לבנה במים יכי,גרמים,330.00,100 גרם,false,,7.60,0.0230,true,1,1585311
7290013539519,false,סטיילמסכת שיער ארגן,,,סטיילמסכת שיער ארגן,מיליליטרים,500.00,"100 מ""ל",false,,23.80,0.0476,true,1,1592313
7290013584328,false,בקבוק בירה חוזר ריק,,,בקבוק בירה חוזר ריק,יח',1.00,יח',false,,1.20,1.2000,true,1,1566398
7290013585387,false,קולה זירו 1ליטר בודד,קוקה קולה,,קולה זירו 1ליטר בודד,ליטרים,1.00,ליטר,false,,5.60,5.6000,true,1,1571106
7290013585394,false,קוקה קולה 1ליטר בודד,קוקה קולה,,קוקה קולה 1ליטר בודד,ליטרים,1.00,ליטר,false,,5.90,5.9000,true,1,1571107
7290013585967,false,מארז ספרייט זירו 6 י,קוקה קולה,,מארז ספרייט זירו 6 י,ליטרים,1.98,ליטר,false,,18.90,9.5455,true,1,1571120
7290013608260,false,מיץ רימונים סחוט פרי,פרימור,,מיץ רימונים סחוט פרי,ליטרים,1.00,ליטר,false,,17.90,17.9000,true,1,1589741
7290013625212,false,פילה מקרל בשמן צמחי,,,פילה מקרל בשמן צמחי,גרמים,125.00,100 גרם,false,,5.90,0.0472,true,1,1576370
7290013625229,false,פילה מקרל ופלפל חריף,טעמן,,פילה מקרל ופלפל חריף,גרמים,125.00,100 גרם,false,,5.90,0.0472,true,1,1576371
7290013625403,false,חצאי אפרסק צ'ויס בסי,,,חצאי אפרסק צ'ויס בסי,גרמים,470.00,100 גרם,false,,11.00,0.0234,true,1,1576379
7290013625458,false,פטריות שלמות 400 גרם,,,פטריות שלמות 400 גרם,גרמים,400.00,100 גרם,false,,6.80,0.0170,true,1,5362119
7290013625700,false,טעמן חצאי משמש בסירו,,,טעמן חצאי משמש בסירו,גרמים,820.00,100 גרם,false,,10.00,0.0122,true,1,1576386
7290013652157,false,נטורל קר שלישיה מגבו,"ד""ר פישר",IL,נטורל קר שלישיית מגבונים,יח',90.00,יח',false,,17.00,0.1889,true,1,1599011
7290013652164,false,נטורל קר שלישיה מגבו,"ד""ר פישר",IL,נטורל קר שלישיית מגבונים,יח',90.00,יח',false,,17.00,0.1889,true,1,1599012
7290013652171,false,נטורל קר שלישיה מגבו,"ד""ר פישר",IL,נטורל קר שלישיית מגבונים,יח',90.00,יח',false,,17.00,0.1889,true,1,1599013
7290013652768,false,נטורל קר מסכה לשיער,"ד""ר פישר",IL,נטורל קר מסכה לשיער יבש/צ,גרמים,450.00,100 גרם,false,,29.90,0.0664,true,1,1599019
7290013652843,false,נטורל קר שמפו לשיער,"ד""ר פישר",IL,נטורל קר שמפו לשיער רגיל,מיליליטרים,700.00,"100 מ""ל",false,,16.10,0.0230,true,1,1599027
7290013652874,false,נטורל קר מרכך לשיער,"ד""ר פישר",IL,נטורל קר מרכך לשיער רגיל,מיליליטרים,700.00,"100 מ""ל",false,,16.10,0.0230,true,1,1599030
7290013652935,false,נטורל קר שמפו לשיער,"ד""ר פישר",IL,נטורל קר שמפו לשיער רגיל,מיליליטרים,700.00,"100 מ""ל",false,,16.10,0.0230,true,1,1599036
7290013668141,false,ג'ריקן מים 6 ליטרים,,,ג'ריקן מים 6 ליטרים,יח',1.00,יח',false,,42.60,42.6000,true,1,5236179
7290013675545,false,שניצל כלי תחבורה 700,,,שניצל כלי תחבורה 700,גרמים,700.00,100 גרם,false,,25.60,0.0366,true,1,3683831
7290013677419,false,תן צ'אפ טבעות בצל 50,,,תן צ'אפ טבעות בצל 50,יח',1.00,יח',false,,2.80,2.8000,true,1,1581077
7290013677839,false,"בורגול מיה 1 ק""ג",מיה,,"בורגול מיה 1 ק""ג",100 יח',1000.00,100 יח',false,,5.90,0.0059,true,1,1581097
7290013677846,false,"כוסמת מיה 1 ק""ג",מיה,,"כוסמת מיה 1 ק""ג",גרמים,1000.00,100 גרם,false,,11.00,0.0110,true,1,1581098
7290013702036,false,שוופס וואטר אפרסק 50,,,שוופס וואטר אפרסק 50,מיליליטרים,500.00,"100 מ""ל",false,,4.10,0.0082,true,1,3164354
7290013702050,false,שוופס וואטר ענבים 50,,,שוופס וואטר ענבים 50,מיליליטרים,500.00,"100 מ""ל",false,,4.10,0.0082,true,1,3164355
7290013702388,false,שוופס ווטר תפוח 500מ,,,שוופס ווטר תפוח 500מ,מיליליטרים,500.00,"100 מ""ל",false,,4.10,0.0082,true,1,3164356
7290013713049,false,בירה ג'מס בלגית 8.80,,,בירה ג'מס בלגית 8.80,מטרים,330.00,100 מ'ל,false,,11.10,0.0336,true,1,5362902
7290013713124,false,ג'ימס בירה מינדיאל 3,,,ג'ימס בירה מינדיאל 3,מטרים,330.00,100 מ'ל,false,,11.10,0.0336,true,1,5424554
7290013787378,false,רביולי ארטישוק ריקוט,,,רביולי ארטישוק ריקוט,גרמים,400.00,100 גרם,false,,18.70,0.0467,true,1,4738636
7290013787385,false,רביולי סלק ריקוטה 40,,,רביולי סלק ריקוטה 40,גרמים,400.00,100 גרם,false,,18.70,0.0467,true,1,4738637
7290013787392,false,רביולי גבינות קלאסי,,,רביולי גבינות קלאסי,גרמים,330.00,100 גרם,false,,18.60,0.0564,true,1,5282904
7290013787422,false,רביולי פטריות כמהין,,,רביולי פטריות כמהין,גרמים,330.00,100 גרם,false,,19.50,0.0591,true,1,5282905
7290013787743,false,רביולי במילוי בטטה 4,,,רביולי במילוי בטטה 4,גרמים,400.00,100 גרם,false,,18.70,0.0467,true,1,3757522
7290013787750,false,רביולי בטטה ומסקרפונ,,,רביולי בטטה ומסקרפונ,גרמים,400.00,100 גרם,false,,18.70,0.0467,true,1,3757523
7290013787767,false,רביולי ריקוטה ותרד 4,,,רביולי ריקוטה ותרד 4,גרמים,400.00,100 גרם,false,,18.70,0.0467,true,1,3757524
7290013809063,false,קלין שלישיית סבון אס,,,קלין שלישיית סבון אס,יחידה,0.00,יחידה,false,,6.80,0.0000,true,1,1587515
7290013809070,false,קלין שקיות אשפה ירוק,קלין,,קלין שקיות אשפה ירוק,יחידה,0.00,יחידה,false,,5.00,0.0000,true,1,1587516
7290013809087,false,קלין שקיות אשפה ירוק,קלין,,קלין שקיות אשפה ירוק,יחידה,0.00,יחידה,false,,6.80,0.0000,true,1,1587517
7290013809414,false,קרם לניקוי כללי קלין,קלין,,קרם לניקוי כללי קלין,גרמים,775.00,100 גרם,false,,4.20,0.0054,true,1,1587523
7290013847119,false,טונה סטארקיסט בשמן ק,סטארקיסט,IL,"טונה SK בשמן קנולה 160 ב""",גרמים,640.00,100 גרם,false,,21.30,0.0333,true,1,1584338
7290013847386,false,טונה סטרקיסט לייט 98,,,טונה סטרקיסט לייט 98,גרמים,98.00,100 גרם,false,,5.90,0.0602,true,1,3464947
7290013847393,false,טונה סטרקיסט לייט 4%,,,טונה סטרקיסט לייט 4%,גרמים,98.00,100 גרם,false,,5.90,0.0602,true,1,3464948
7290013847409,false,טונה סטרקיסט לייט 4%,,,טונה סטרקיסט לייט 4%,גרמים,98.00,100 גרם,false,,5.90,0.0602,true,1,3464949
7290013847645,false,טונה סטארקיסט שלישיי,,,טונה סטארקיסט שלישיי,גרמים,80.00,100 גרם,false,,14.40,0.1800,true,1,4068473
7290013847980,false,טונה סטארקיסט שפע 42,,,טונה סטארקיסט שפע 42,גרמים,425.00,100 גרם,false,,13.60,0.0320,true,1,4824294
7290013848017,false,סנו ניקוי והברקת ניר,,,סנו ניקוי והברקת ניר,מיליליטרים,500.00,"100 מ""ל",false,,17.00,0.0340,true,1,3982108
7290013848055,false,קרמה מן קרם גוף 400,קרמה,,קרמה מן קרם גוף 400,מיליליטרים,400.00,"100 מ""ל",false,,17.00,0.0425,true,1,1770601
7290013848345,false,סנו מטליות לחיטוי ול,,,סנו מטליות לחיטוי ול,יח',1.00,יח',false,,17.00,17.0000,true,1,4571257
7290013848383,false,ג'ל רחצה קרמה מן אקט,קרמה,,ג'ל רחצה קרמה מן אקט,מיליליטרים,700.00,"100 מ""ל",false,,12.70,0.0181,true,1,1580338
7290013848437,false,קרמה מן דאודורנט ספר,קרמה,,קרמה מן דאודורנט ספר,מטרים,70.00,100 מ'ל,false,,9.30,0.1329,true,1,1580340
7290013848611,false,רדידי אלומניום סנו ס,סנו,,רדידי אלומניום סנו ס,יח',1.00,יח',false,,34.10,34.1000,true,1,1566626
7290013848758,false,סנו מקסימה ג'ל מרוכז,סנו,,סנו מקסימה ג'ל מרוכז,ליטרים,3.00,ליטר,false,,28.00,9.3333,true,1,1580353
7290013883148,false,הפי ג'ל סופג ריחות ב,הפי,,הפי ג'ל סופג ריחות ב,יח',1.00,יח',false,,8.50,8.5000,true,1,1582673
7290013883407,false,דזיטול מחטא ומשמיד ח,,,דזיטול מחטא ומשמיד ח,מיליליטרים,750.00,"100 מ""ל",false,,10.20,0.0136,true,1,1582676
7290013903327,false,טופו 500גרם ליב טבעי,,,טופו 500גרם ליב טבעי,גרמים,500.00,100 גרם,false,,12.70,0.0254,true,1,5167778
7290013906052,false,נקניקיות פרגיות 300,טירת צבי,,נקניקיות פרגיות 300,גרמים,300.00,100 גרם,false,,9.30,0.0310,true,1,1566424
7290013906205,false,פסטרמה שום וצ'לי 400,,,פסטרמה שום וצ'לי 400,גרמים,400.00,100 גרם,false,,22.10,0.0553,true,1,1572694
7290013906212,false,נקניקיות וינר טירת צ,טירת צבי,,נקניקיות וינר טירת צ,גרמים,1000.00,100 גרם,false,,19.60,0.0196,true,1,1572695
7290013906236,false,סלמי גלבוע 400 גר,טירת צבי,,סלמי גלבוע 400 גר,גרמים,400.00,100 גרם,false,,17.00,0.0425,true,1,1572697
7290013906441,false,קבנוס 120 ג,,,קבנוס 120 ג,גרמים,120.00,100 גרם,false,,8.50,0.0708,true,1,1572704
7290013906458,false,קבנוס 120 ג,,,קבנוס 120 ג,גרמים,120.00,100 גרם,false,,8.50,0.0708,true,1,1572705
7290013906489,false,חטיפי קבנוס 120 ג,,,חטיפי קבנוס 120 ג,גרמים,120.00,100 גרם,false,,7.60,0.0633,true,1,1572707
7290013906519,false,פרושוטו בקר 100 ג,,,פרושוטו בקר 100 ג,גרמים,100.00,100 גרם,false,,20.40,0.2040,true,1,1572709
7290013906687,false,צמד כפרי ברביקיו ודב,טירת צבי,,צמד כפרי ברביקיו ודב,גרמים,600.00,100 גרם,false,,21.30,0.0355,true,1,1572710
7290013906694,false,"נקניקיות עוף 1.5 ק""ג",,,"נקניקיות עוף 1.5 ק""ג",גרמים,1500.00,100 גרם,false,,25.60,0.0171,true,1,5350687
7290013906700,false,נקניקיות הודו מחפוד,,,נקניקיות הודו מחפוד,גרמים,1500.00,100 גרם,false,,25.60,0.0171,true,1,5350688
7290013932174,false,ג'ל אקונומיקה בניחוח,קלין,,ג'ל אקונומיקה בניחוח,מטרים,4000.00,100 מ'ל,false,,11.00,0.0028,true,1,1587528
7290013961051,false,מארז 10 פיתות,,,מארז 10 פיתות,יח',1.00,יח',false,,15.40,15.4000,true,1,1612681
7290014002128,false,תה ירוק לימונית מנטה,ויסוצקי,,תה ירוק לימונית מנטה,25 יח',1.00,25 יח',false,,19.60,19.6000,true,1,1583932
7290014002135,false,תה ירוק מיקס,ויסוצקי,,תה ירוק מיקס,25 יח',1.00,25 יח',false,,19.60,19.6000,true,1,1583933
7290014002197,false,חליטת קמומיל ולימוני,ויסוצקי,,חליטת קמומיל ולימוני,יח',25.00,יח',false,,14.40,0.5760,true,1,1583935
7290014002203,false,חליטת לימונית ולואיז,ויסוצקי,,חליטת לימונית ולואיז,יח',25.00,יח',false,,14.40,0.5760,true,1,1583936
7290014002579,false,תה ירוק וניל 25 יחיד,ויסוצקי,,תה ירוק וניל 25 יחיד,יח',25.00,יח',false,,19.60,0.7840,true,1,1583939
7290014002944,false,הגן הקסום חמדת השקד,ויסוצקי,,הגן הקסום חמדת השקד,יח',25.00,יח',false,,14.40,0.5760,true,1,1583951
7290014046016,false,פסטרמה של פעם 100% ר,מעדני יחיעם,,פסטרמה של פעם 100% ר,גרמים,250.00,100 גרם,false,,20.90,0.0836,true,1,1586214
7290014046030,false,יחיעם מוס כבד עוף 14,מעדני יחיעם,,יחיעם מוס כבד עוף 14,גרמים,140.00,100 גרם,false,,12.70,0.0907,true,1,1586216
7290014046047,false,צמד פסטרמות 600 גרם,מעדני יחיעם,,צמד פסטרמות 600 גרם,גרמים,600.00,100 גרם,false,,22.10,0.0368,true,1,1566734
7290014046436,false,נשנושי קבנוס 125 ג,מעדני יחיעם,,נשנושי קבנוס 125 ג,גרמים,125.00,100 גרם,false,,11.00,0.0880,true,1,1586219
7290014046474,false,"נקניקיות עוף 1.5 ק""ג",,,"נקניקיות עוף 1.5 ק""ג",קילוגרמים,1.50,"ק""ג",false,,22.10,14.7333,true,1,1973575
7290014046580,false,פסטרמה מעודנת גחלים,מעדני יחיעם,,פסטרמה מעודנת גחלים,גרמים,300.00,100 גרם,false,,17.00,0.0567,true,1,1586227
7290014046757,false,סלמי תה 300 גר,,,סלמי תה 300 גר,גרמים,300.00,100 גרם,false,,17.00,0.0567,true,1,1586232
7290014046764,false,סלמי פפרוני 200 גרם,,,סלמי פפרוני 200 גרם,גרמים,200.00,100 גרם,false,,11.90,0.0595,true,1,2646844
7290014059085,false,סנסודיין משחה לשיקום,סנסודיין,GB,סנסודיין משחה לשיקום והגנ,100 מל,75.00,100 מל,false,,20.40,0.2720,true,1,1592336
7290014059436,false,סנסודיין מלבינה 75 מ,סנסודיין,GB,סנסודיין משחה לשיקום והגנ,100 מל,75.00,100 מל,false,,20.40,0.2720,true,1,1592342
7290014066113,false,לנדוור קפה המקורי מא,,,לנדוור קפה המקורי מא,יח',1.00,יח',false,,8.50,8.5000,true,1,5262604
7290014066366,false,לנדוור קפסולות אספרס,,,לנדוור קפסולות אספרס,יח',1.00,יח',false,,12.70,12.7000,true,1,5243869
7290014066373,false,לנדוור קפסולות אספרס,,,לנדוור קפסולות אספרס,יח',1.00,יח',false,,12.70,12.7000,true,1,5243870
7290014066526,false,לנדוור קפסולות אספרס,,,לנדוור קפסולות אספרס,יח',1.00,יח',false,,12.70,12.7000,true,1,5243873
7290014066533,false,לנדוור קפסולות אספרס,,,לנדוור קפסולות אספרס,יח',1.00,יח',false,,12.70,12.7000,true,1,5243874
7290014079540,false,"שום קלוף 1 ק""ג מרינ",,,"שום קלוף 1 ק""ג מרינ",גרמים,1000.00,100 גרם,false,,25.60,0.0256,true,1,5240368
7290014079847,false,פטריות בייבי בלה צמד,מרינה,,פטריות בייבי בלה צמד,יח',1.00,יח',false,,15.90,15.9000,true,1,1593787
7290014083479,false,גבינת גאודה פרוסה 29,וילי פוד,,גבינת גאודה פרוסה 29,גרמים,150.00,100 גרם,false,,7.60,0.0507,true,1,1599186
7290014083806,false,עוגיות בטעם חמאה 350,וילי פוד,,עוגיות בטעם חמאה 350,גרמים,350.00,100 גרם,false,,9.00,0.0257,true,1,1583643
7290014094260,false,שום קלוף מרינה,מרינה,,שום קלוף מרינה,גרמים,170.00,100 גרם,false,,8.50,0.0500,true,1,1593790
7290014094307,false,סילאן רכיבים טבעיים,,,סילאן רכיבים טבעיים,גרמים,380.00,100 גרם,false,,11.90,0.0313,true,1,1572137
7290014094895,false,אגוזים קלופים 150גר,,,אגוזים קלופים 150גר,גרמים,150.00,100 גרם,false,,7.60,0.0507,true,1,5418778
7290014126343,false,בונומי בישקוטים וניל,Bonomi,IT,בישקוטים בונומי וניל-קקאו,גרמים,200.00,100 גרם,false,,4.90,0.0245,true,1,1600706
7290014126428,false,מר' סטיביה 150טבליות,מרמולייט,CN,מר' סטיביה 150טבליות,יח',150.00,יח',false,,21.30,0.1420,true,1,1600707
7290014204003,false,שמפו לשיער צבוע 750,פנינה רוזנבלום,,שמפו לשיער צבוע 750,מיליליטרים,750.00,"100 מ""ל",false,,7.60,0.0101,true,1,1587908
7290014204010,false,מרכך לשיער צבוע 750,פנינה רוזנבלום,,מרכך לשיער צבוע 750,מיליליטרים,750.00,"100 מ""ל",false,,7.60,0.0101,true,1,1587909
7290014204645,false,שמפו קרטין לאחר החלק,פנינה רוזנבלום,,שמפו קרטין לאחר החלק,מיליליטרים,750.00,"100 מ""ל",false,,21.30,0.0284,true,1,1587958
7290014204676,false,מסכה לאחר החלקה קרטי,פנינה רוזנבלום,,מסכה לאחר החלקה קרטי,מיליליטרים,500.00,"100 מ""ל",false,,23.00,0.0460,true,1,1587961
7290014204683,false,סבון משאבה סגול 1 לי,פנינה רוזנבלום,,סבון משאבה סגול 1 לי,ליטרים,1.00,ליטר,false,,7.60,7.6000,true,1,1587962
7290014204690,false,סבון משאבה ורוד 1 לי,פנינה רוזנבלום,,סבון משאבה ורוד 1 לי,ליטרים,1.00,ליטר,false,,7.60,7.6000,true,1,1587963
7290014204706,false,סבון משאבה קורל 1 לי,פנינה רוזנבלום,,סבון משאבה קורל 1 לי,ליטרים,1.00,ליטר,false,,7.60,7.6000,true,1,1587964
7290014218321,false,בורקס יפו גבינה 4יח*,מעדנות,IL,בורקס יפו גבינה 4יח*,גרמים,600.00,100 גרם,false,,15.30,0.0255,true,1,1572725
7290014218338,false,"בורקס יפו תפו""א 4*15",מעדנות,IL,"בורקס יפו תפו""א 4*15",גרמים,600.00,100 גרם,false,,13.60,0.0227,true,1,1572726
7290014218482,false,חטיפי פיצה גבינה בדצ,מעדנות,IL,חטיפי פיצה גבינה בדצ,גרמים,650.00,100 גרם,false,,25.60,0.0394,true,1,1572733
7290014218505,false,שלישיית פיצות מעדנות,מעדנות,IL,שלישיית פיצות מעדנות,קילוגרמים,1.08,"ק""ג",false,,25.60,23.7037,true,1,1572735
7290014218932,false,חטיפי פיצה בתוספת זי,,,חטיפי פיצה בתוספת זי,גרמים,710.00,100 גרם,false,,23.80,0.0335,true,1,4670754
7290014256620,false,יין קריניאנו באזז יק,כרמל מזרחי,,יין קריניאנו באזז יק,מיליליטרים,750.00,"100 מ""ל",false,,23.00,0.0307,true,1,1587335
7290014258716,false,מטרנה צמחית מגיל ליד,מטרנה,,מטרנה צמחית מגיל ליד,גרמים,700.00,100 גרם,false,,40.90,0.0584,true,1,1577405
7290014258730,false,מטרנה צמחית מגיל שנה,מטרנה,,מטרנה צמחית מגיל שנה,גרמים,700.00,100 גרם,false,,51.20,0.0731,true,1,1577407
7290014258877,false,מטרנה מהדרין ספיישל,מטרנה,,מטרנה מהדרין ספיישל,גרמים,700.00,100 גרם,false,,58.80,0.0840,true,1,1566534
7290014325036,false,סוכריות ג'לי שמחות 6,,,סוכריות ג'לי שמחות 6,גרמים,600.00,100 גרם,false,,15.70,0.0262,true,1,1581103
7290014325531,false,חמאת בוטנים 510 גרם,מיה,,חמאת בוטנים 510 גרם,גרמים,510.00,100 גרם,false,,10.20,0.0200,true,1,1581119
7290014397163,false,סנו פרש מיכל מילוי,,,סנו פרש מיכל מילוי,גרמים,165.00,100 גרם,false,,11.00,0.0667,true,1,3212382
7290014397170,false,סנו פרש מיכל מילוי,,,סנו פרש מיכל מילוי,גרמים,165.00,100 גרם,false,,11.00,0.0667,true,1,3212383
7290014397200,false,שלשיית מברשות שיניים,אורביטול,,שלשיית מברשות שיניים,יח',3.00,יח',false,,8.50,2.8333,true,1,2034986
7290014397279,false,סושי שקיות אוכל 300X,סנו,,סושי שקיות אוכל 300X,יח',300.00,יח',false,,8.50,0.0283,true,1,1580377
7290014397286,false,מקסימה מרכך כביסה מר,סנו,,מקסימה מרכך כביסה מר,ליטרים,1.00,ליטר,false,,15.00,15.0000,true,1,1580378
7290014397491,false,מבשם אויר סנו פרש הו,סנו,,מבשם אויר סנו פרש הו,מיליליטרים,350.00,"100 מ""ל",false,,8.50,0.0243,true,1,1580383
7290014397507,false,מבשם אויר סנו פרש הו,סנו,,מבשם אויר סנו פרש הו,מיליליטרים,350.00,"100 מ""ל",false,,8.50,0.0243,true,1,1580384
7290014397514,false,מבשם אויר סנו פרש הו,סנו,,מבשם אויר סנו פרש הו,מיליליטרים,350.00,"100 מ""ל",false,,8.50,0.0243,true,1,1580385
7290014397521,false,מבשם אויר סנו פרש הו,סנו,,מבשם אויר סנו פרש הו,מיליליטרים,350.00,"100 מ""ל",false,,8.50,0.0243,true,1,1580386
7290014397538,false,מבשם אויר סנו פרש הו,סנו,,מבשם אויר סנו פרש הו,מיליליטרים,350.00,"100 מ""ל",false,,8.50,0.0243,true,1,1580387
7290014397675,false,מקסימה מרכך כביסה חל,סנו,,מקסימה מרכך כביסה חל,ליטרים,4.00,ליטר,false,,18.40,4.6000,true,1,1580394
7290014397705,false,פוליויקס נוזל לניקוי,סנו,,פוליויקס נוזל לניקוי,ליטרים,2.00,ליטר,false,,17.00,8.5000,true,1,1580397
7290014397767,false,ריצפז פרש הום 2לי,סנו,,ריצפז פרש הום 2לי,ליטרים,2.00,ליטר,false,,16.90,8.4500,true,1,1580402
7290014397774,false,רייצפז פרש הום 2 לי,סנו,,רייצפז פרש הום 2 לי,ליטרים,2.00,ליטר,false,,16.90,8.4500,true,1,1580403
7290014397781,false,ריצפז פרש הום 2לי,סנו,,ריצפז פרש הום 2לי,ליטרים,2.00,ליטר,false,,16.90,8.4500,true,1,1580404
7290014397873,false,מקסימה מרכך כביסה סנ,,,מקסימה מרכך כביסה סנ,ליטרים,4.00,ליטר,false,,18.40,4.6000,true,1,5064537
7290014397958,false,סנו די רולאון דוחה י,סנו,,סנו די רולאון דוחה י,מיליליטרים,50.00,"מ""ל",false,,17.00,0.3400,true,1,1580413
7290014426061,false,הלו קיטי משחת שיניים,כצט,IL,משחת שיניים הלו קיטי,מיליליטרים,50.00,"מ""ל",false,,9.30,0.1860,true,1,1592352
7290014426597,false,משחת שיניים הלו קיטי,כצט,IL,משחת שיניים הלו קיטי ג'ונ,מיליליטרים,750.00,"100 מ""ל",false,,9.30,0.0124,true,1,1592355
7290014455245,false,גרנה פדנו משולש 200,,,גרנה פדנו משולש 200,גרמים,200.00,100 גרם,false,,19.50,0.0975,true,1,1578278
7290014455252,false,גרנה פדנו מגורד 100,,,גרנה פדנו מגורד 100,גרמים,100.00,100 גרם,false,,9.30,0.0930,true,1,1578279
7290014455320,false,כדורי מוצרלה טרי בשק,,,כדורי מוצרלה טרי בשק,גרמים,100.00,100 גרם,false,,7.30,0.0730,true,1,1578286
7290014455467,false,מעדן שיבולת שועל 150,מחלבות גד,,מעדן שיבולת שועל 150,מיליליטרים,150.00,"100 מ""ל",false,,4.60,0.0307,true,1,1578291
7290014459137,false,תפוגן סטיק ציפס 8*1.,,,תפוגן סטיק ציפס 8*1.,קילוגרמים,1.50,"ק""ג",false,,20.40,13.6000,true,1,1577411
7290014459472,false,תפוגן ציפס קלאסי 2 ק,,,תפוגן ציפס קלאסי 2 ק,קילוגרמים,2.00,"ק""ג",false,,21.30,10.6500,true,1,1941805
7290014466128,false,הר חרמון אינדגו 750,יקב רמת הגולן,,הר חרמון אינדגו 750,מיליליטרים,750.00,"100 מ""ל",false,,25.60,0.0341,true,1,1608767
7290014466463,false,הר חרמון מוסקטו 750,יקב רמת הגולן,,הר חרמון מוסקטו 750,מיליליטרים,750.00,"100 מ""ל",false,,25.60,0.0341,true,1,1608773
7290014466609,false,"גמלא מרלו 750 מ""ל",יקב רמת הגולן,,"גמלא מרלו 750 מ""ל",מיליליטרים,750.00,"100 מ""ל",false,,42.70,0.0569,true,1,1608776
7290014471429,false,"מוזלי פירות 1 ק""ג שק",שקדיה,,"מוזלי פירות 1 ק""ג שק",קג,1.00,קג,false,,18.70,18.7000,true,1,1572167
7290014471436,false,מוזלי צימוקים תפוח ק,שקדיה,,מוזלי צימוקים תפוח ק,קג,1.00,קג,false,,18.70,18.7000,true,1,1572168
7290014471443,false,גרנולה עם צימוקים אג,שקדיה,,גרנולה עם צימוקים אג,קילו,1.00,קילו,false,,18.70,18.7000,true,1,1572169
7290014472426,false,קונפיטורה דובדבן חמו,,,קונפיטורה דובדבן חמו,גרמים,450.00,100 גרם,false,,9.30,0.0207,true,1,5406606
7290014472433,false,קונפיטורה תות שדה 70,,,קונפיטורה תות שדה 70,גרמים,450.00,100 גרם,false,,9.30,0.0207,true,1,5406607
7290014472440,false,קונפיטורה תפוז 70% פ,,,קונפיטורה תפוז 70% פ,גרמים,450.00,100 גרם,false,,9.30,0.0207,true,1,5406608
7290014472990,false,שקדיה ממרח שקדים 300,,,שקדיה ממרח שקדים 300,גרמים,300.00,100 גרם,false,,23.80,0.0793,true,1,3874029
7290014473584,false,"רסק תפו""ע ללא תוספת",,,"רסק תפו""ע ללא תוספת",גרמים,550.00,100 גרם,false,,7.60,0.0138,true,1,1576442
7290014503137,false,כנען אדום (דלתון),דלתון,IL,יובלים אדום (דלתון) - רשת,מיליליטרים,750.00,"100 מ""ל",false,,32.10,0.0428,true,1,1585734
7290014525177,false,מרבה סלים פרוט יוגור,,,מרבה סלים פרוט יוגור,גרמים,182.00,100 גרם,false,,9.20,0.0505,true,1,1574774
7290014525306,false,מרבה סלים דליס קריספ,מרבה,NL,מרבה סלים דליס קריספ,גרמים,125.00,100 גרם,false,,9.20,0.0736,true,1,1574783
7290014525665,false,עוגיות קקאו וסוכריות,,,עוגיות קקאו וסוכריות,גרמים,140.00,100 גרם,false,,8.40,0.0600,true,1,5310351
7290014525672,false,מרבה עוגיות עם סוכרי,,,מרבה עוגיות עם סוכרי,גרמים,140.00,100 גרם,false,,8.40,0.0600,true,1,5310352
7290014547322,false,זוג מברשת סנסודיין ש,,,זוג מברשת סנסודיין ש,יח',2.00,יח',false,,25.50,12.7500,true,1,2885555
7290014547353,false,זוג מברשת סנסודיין ד,,,זוג מברשת סנסודיין ד,יח',1.00,יח',false,,17.00,17.0000,true,1,2885557
7290014673014,false,תבלין פלפל אנגלי שלם,תבליני מימון,IL,פלפל אנגלי שלם 90 גרם,גרמים,90.00,100 גרם,false,,11.00,0.1222,true,1,1569995
7290014673021,false,תבלין פלפל שחור שלם,תבליני מימון,IL,פלפל שחור שלם 100 גרם,גרמים,100.00,100 גרם,false,,12.40,0.1240,true,1,1569996
7290014673038,false,תערובת תיבול טוסקנה,,,תערובת תיבול טוסקנה,גרמים,120.00,100 גרם,false,,9.80,0.0817,true,1,5319062
7290014673045,false,תערובת תיבול לצ'יפס,,,תערובת תיבול לצ'יפס,גרמים,100.00,100 גרם,false,,9.80,0.0980,true,1,5319063
7290014673106,false,פפריקה אדומה גרוסה ב,,,פפריקה אדומה גרוסה ב,גרמים,400.00,100 גרם,false,,19.40,0.0485,true,1,5319065
7290014673137,false,תערובת תיבול לפיצה 1,,,תערובת תיבול לפיצה 1,גרמים,100.00,100 גרם,false,,9.80,0.0980,true,1,5319066
7290014673359,false,תבלין מלח לימון 400,תבליני מימון,IL,מלח לימון 400 גרם,גרמים,400.00,100 גרם,false,,18.70,0.0467,true,1,1569998
7290014673366,false,תבלין כורכום טחון 25,תבליני מימון,IL,כורכום טחון 250 גרם,גרמים,250.00,100 גרם,false,,18.70,0.0748,true,1,1569999
7290014673373,false,תבלין פפריקה הונגרית,תבליני מימון,IL,פפריקה הונגרית חריפה 250,גרמים,250.00,100 גרם,false,,18.70,0.0748,true,1,1570000
7290014673380,false,תבלין כמון טחון 250,תבליני מימון,IL,כמון טחון 250 גרם,גרמים,250.00,100 גרם,false,,18.70,0.0748,true,1,1570001
7290014673397,false,תבלין לגריל עוף 250,תבליני מימון,IL,תיבול לגריל עוף 250 גרם,גרמים,250.00,100 גרם,false,,18.70,0.0748,true,1,1570002
7290014673403,false,תבלין פלפל שחור טחון,תבליני מימון,IL,פלפל שחור טחון 250 גרם,גרמים,250.00,100 גרם,false,,23.80,0.0952,true,1,1570003
7290014673410,false,תבלין פלפל שחור גרוס,תבליני מימון,IL,פלפל שחור גרוס דק 250 גרם,גרמים,250.00,100 גרם,false,,23.80,0.0952,true,1,1570004
7290014673434,false,תבלין בשקית פלפל שחו,,,תבלין בשקית פלפל שחו,גרמים,80.00,100 גרם,false,,7.60,0.0950,true,1,3727489
7290014673557,false,זעפרן 0.50 גרם,תבליני מימון,IL,זעפרן 0.5 גרם,יח',1.00,יח',false,,17.00,17.0000,true,1,1570006
7290014673618,false,תבלין זנגביל 30 גרם,תבליני מימון,IL,זנגביל 30 גרם חדש,יח',1.00,יח',false,,9.80,9.8000,true,1,1570007
7290014692299,false,גבינת ברי 125גר יורו,וילי פוד,,גבינת ברי 125גר יורו,גרמים,125.00,100 גרם,false,,12.70,0.1016,true,1,1599197
7290014692305,false,גבינת קממבר 125גר יו,וילי פוד,,גבינת קממבר 125גר יו,גרמים,125.00,100 גרם,false,,12.70,0.1016,true,1,1599198
7290014692541,false,צהובה מגורדת 500 גרם,וילי פוד,,צהובה מגורדת 500 גרם,גרמים,500.00,100 גרם,false,,12.70,0.0254,true,1,1599199
7290014692817,false,גבינת מוצרלה מגורדת,וילי פוד,,גבינת מוצרלה מגורדת,גרמים,200.00,100 גרם,false,,9.30,0.0465,true,1,1599205
7290014731264,false,כוסות 100 יחידות פלס,רם,,כוסות 100 יחידות פלס,יח',100.00,יח',false,,5.00,0.0500,true,1,1591783
7290014748651,false,דג טוב פילה אמנון מצ,,,דג טוב פילה אמנון מצ,גרמים,360.00,100 גרם,false,,27.30,0.0758,true,1,4159621
7290014749245,false,עוף טוב רצועות שניצל,,,עוף טוב רצועות שניצל,גרמים,600.00,100 גרם,false,,25.50,0.0425,true,1,5134263
7290014749764,false,שניצל עוףטוב ביתי עד,,,שניצל עוףטוב ביתי עד,גרמים,700.00,100 גרם,false,,25.60,0.0366,true,1,5245842
7290014749887,false,עוף טוב שניצל עוף דק,,,עוף טוב שניצל עוף דק,גרמים,720.00,100 גרם,false,,25.60,0.0356,true,1,5309420
7290014758100,false,מאגדת יוגורט ביו 3%,תנובה,,מאגדת יוגורט ביו 3%,קילוגרמים,1.20,"ק""ג",false,,13.60,11.3333,true,1,1573248
7290014758117,false,מאגדת יוגורט ביו 1.5,תנובה,,מאגדת יוגורט ביו 1.5,קילוגרמים,1.20,"ק""ג",false,,13.60,11.3333,true,1,1573249
7290014758162,false,חלב עיזים מלא 3.7% ת,תנובה,,חלב עיזים מלא 3.7% ת,ליטרים,1.00,ליטר,false,,11.90,11.9000,true,1,1573252
7290014758681,false,קוטג תנובה 1% גביע 2,תנובה,,קוטג תנובה 1% גביע 2,גרמים,250.00,100 גרם,false,,4.60,0.0184,true,1,1573271
7290014759084,false,נפוליאון 16% גביע 22,תנובה,,נפוליאון 16% גביע 22,גרמים,225.00,100 גרם,false,,11.00,0.0489,true,1,1573276
7290014759237,false,יוגורט תנובה 6.5% כד,,,יוגורט תנובה 6.5% כד,יח',1.00,יח',false,,23.00,23.0000,true,1,4500752
7290014759534,false,בולגרית למריחה תנובה,תנובה,,בולגרית למריחה תנובה,גרמים,200.00,100 גרם,false,,11.00,0.0550,true,1,1573282
7290014759909,false,פטה 5% 250גר,,,פטה 5% 250גר,גרמים,250.00,100 גרם,false,,23.00,0.0920,true,1,1573291
7290014759978,false,קצקבל גלעד 27% פלח 2,תנובה,,קצקבל גלעד 27% פלח 2,גרמים,200.00,100 גרם,false,,21.30,0.1065,true,1,1573293
7290014759985,false,פלח פרמזן גבע 23% 20,תנובה,,פלח פרמזן גבע 23% 20,גרמים,200.00,100 גרם,false,,20.40,0.1020,true,1,1573294
7290014759992,false,רוקפור 140 גרם תנובה,תנובה,,רוקפור 140 גרם תנובה,גרמים,140.00,100 גרם,false,,15.80,0.1129,true,1,1573295
7290014760134,false,מעדן סויה בטעם וניל,,,מעדן סויה בטעם וניל,גרמים,125.00,100 גרם,false,,3.30,0.0264,true,1,1573297
7290014760141,false,משקה שקדים טרי 1 ליט,תנובה,,משקה שקדים טרי 1 ליט,ליטרים,1.00,ליטר,false,,9.90,9.9000,true,1,1573298
7290014760448,false,גלבוע 22% 400 גרם,,,גלבוע 22% 400 גרם,גרמים,400.00,100 גרם,false,,19.60,0.0490,true,1,1573306
7290014760912,false,גוש חלב כשרות מהדרין,,,גוש חלב כשרות מהדרין,גרמים,400.00,100 גרם,false,,21.30,0.0533,true,1,1566454
7290014761018,false,גיל בטעם וניל,,,גיל בטעם וניל,גרמים,125.00,100 גרם,false,,1.10,0.0088,true,1,1573322
7290014761056,false,YOLO מעדן שוקולד חלב,תנובה,,YOLO מעדן שוקולד חלב,גרמים,122.00,100 גרם,false,,3.70,0.0303,true,1,1573323
7290014761063,false,YOLO מעדן שוקולד מרי,תנובה,,YOLO מעדן שוקולד מרי,גרמים,122.00,100 גרם,false,,3.70,0.0303,true,1,1573324
7290014761070,false,YOLO מעדן שוקולד לבן,תנובה,,YOLO מעדן שוקולד לבן,גרמים,122.00,100 גרם,false,,3.70,0.0303,true,1,1573325
7290014761193,false,פרילי פירות יער 125ג,,,פרילי פירות יער 125ג,גרמים,125.00,100 גרם,false,,2.80,0.0224,true,1,1573327
7290014761414,false,YOLO מעדן שכבות שוקו,תנובה,,YOLO מעדן שכבות שוקו,גרמים,122.00,100 גרם,false,,3.70,0.0303,true,1,1573339
7290014761438,false,סמי בולגרית 24% קלאס,פיראוס,,סמי בולגרית 24% קלאס,גרמים,400.00,100 גרם,false,,22.10,0.0553,true,1,1566456
7290014761612,false,YOLO מעדן שכבות שוקו,תנובה,,YOLO מעדן שכבות שוקו,גרמים,122.00,100 גרם,false,,3.70,0.0303,true,1,1573345
7290014762756,false,נפוליאון 16% בצל.,תנובה,IL,נפוליאון 16% בצל.,גרמים,225.00,100 גרם,false,,11.00,0.0489,true,1,1573389
7290014762800,false,מעדן סויה שוקולד גבי,,,מעדן סויה שוקולד גבי,גרמים,125.00,100 גרם,false,,3.20,0.0256,true,1,2824214
7290014762831,false,גבינת נפוליאון עם פל,תנובה,IL,גבינת נפוליאון עם פל,גרמים,225.00,100 גרם,false,,11.00,0.0489,true,1,1573391
7290014762909,false,פתיתי מוצרלה 200 גר,תנובה,IL,פתיתי מוצרלה 200 גר,גרמים,200.00,100 גרם,false,,13.50,0.0675,true,1,1573397
7290014762947,false,לאבנה גלילית פיראוס,,,לאבנה גלילית פיראוס,גרמים,750.00,100 גרם,false,,20.30,0.0271,true,1,1573399
7290014763098,false,קרם גבינת שמנת 5% טו,תנובה,IL,קרם גבינת שמנת 5% טו,גרמים,200.00,100 גרם,false,,9.30,0.0465,true,1,1573403
7290014763272,false,משקה סויה ביו עם תות,תנובה,IL,משקה סויה ביו עם תות,מיליליטרים,250.00,"100 מ""ל",false,,4.20,0.0168,true,1,1566457
7290014763395,false,עמק סמי מהדרין 600 ג,,,עמק סמי מהדרין 600 ג,גרמים,600.00,100 גרם,false,,25.60,0.0427,true,1,1945209
7290014763418,false,יוגורט כד תנובה 4% 1,,,יוגורט כד תנובה 4% 1,ליטרים,1.50,ליטר,false,,14.10,9.4000,true,1,1573414
7290014789913,false,עוגיות אוראו קרם בטע,מונדלייז,ES,שלישיית עוגיות אוראו קרם,גרמים,528.00,100 גרם,false,,18.70,0.0354,true,1,1584360
7290014821064,false,כבל סינכרון אלומיניו,ארטוס,,כבל סינכרון אלומיניו,יח',1.00,יח',false,,25.60,25.6000,true,1,5220178
7290014821347,false,אוזניות מיקרופות איכ,ארטוס,,אוזניות מיקרופות איכ,יח',1.00,יח',false,,38.30,38.3000,true,1,1601987
7290014821699,false,זרוע לרכב ONE TOUCH,ארטוס,,זרוע לרכב ONE TOUCH,יח',1.00,יח',false,,25.60,25.6000,true,1,1602001
7290014855854,false,מגבונים בייבי בייסיק,,,מגבונים בייבי בייסיק,יח',1.00,יח',false,,9.30,9.3000,true,1,2573380
7290014860155,false,מחצלת במבו שטוחה 24X,,,מחצלת במבו שטוחה 24X,יח',1.00,יח',false,,6.60,6.6000,true,1,1589378
7290014860988,false,שימורי קרם קוקוס 17%,מזרח ומערב,,שימורי קרם קוקוס 17%,מיליליטרים,400.00,"100 מ""ל",false,,8.50,0.0213,true,1,1589380
7290014890145,false,שמנת 225 גרם,,,שמנת 225 גרם,גרמים,225.00,100 גרם,false,,8.50,0.0378,true,1,2974399
7290014890152,false,שמנת זיתים 225 גרם,,,שמנת זיתים 225 גרם,גרמים,225.00,100 גרם,false,,8.50,0.0378,true,1,3105186
7290014890169,false,שמנת שום שמיר 225 גר,,,שמנת שום שמיר 225 גר,גרמים,225.00,100 גרם,false,,8.50,0.0378,true,1,3185413
7290014890176,false,ריקוטה 250 גר,,,ריקוטה 250 גר,יח',1.00,יח',false,,8.50,8.5000,true,1,4710143
7290014890190,false,מוצרלה כדור 100 גר,,,מוצרלה כדור 100 גר,יח',1.00,יח',false,,9.30,9.3000,true,1,4710144
7290014890206,false,קרם פרש 250 גר,,,קרם פרש 250 גר,יח',1.00,יח',false,,12.70,12.7000,true,1,4710145
7290014890589,false,יוגורט יוני 850 גר,,,יוגורט יוני 850 גר,גרמים,850.00,100 גרם,false,,16.70,0.0196,true,1,5355402
7290014901247,false,שמפו קרטין לאחר החלק,סטייל,IL,750 שמפו קרטין,מיליליטרים,750.00,"100 מ""ל",false,,21.30,0.0284,true,1,1592365
7290014901254,false,מרכך קרטין לאחר החלק,סטייל,IL,750 מרכך קרטין,מיליליטרים,750.00,"100 מ""ל",false,,21.30,0.0284,true,1,1592366
7290014901261,false,מסכה קרטין לאחר החלק,ארמן,IL,500 מסכה קרטין,מיליליטרים,500.00,"100 מ""ל",false,,23.80,0.0476,true,1,1592367
7290014901308,false,סנסודיין אקסטרא 75 מ,סנסודיין,GB,"סנסודיין הגנה מלאה 75 מ""ל",מטרים,75.00,100 מ'ל,false,,20.40,0.2720,true,1,1592368
7290014901315,false,סנסודיין אקסטרא פרש,סמית קליין ביצ'ם,GB,סנסודיין הגנה מלאה פרש 75,100 מל,75.00,100 מל,false,,20.40,0.2720,true,1,1592369
7290014901896,false,מי פה סנסודיין 500 מ,סנסודיין,GB,סנסודיין מי פה 300 מל',מיליליטרים,500.00,"100 מ""ל",false,,22.10,0.0442,true,1,1592386
7290014905160,false,מפיץ ריח פניני ריח י,,,מפיץ ריח פניני ריח י,גרמים,130.00,100 גרם,false,,9.30,0.0715,true,1,1582692
7290014905344,false,הפי תרסיס קצף לניקוי,יעקבי,,הפי תרסיס קצף לניקוי,מיליליטרים,623.00,"100 מ""ל",false,,17.00,0.0273,true,1,1582695
7290014905498,false,מטלית דו צדדית יעקבי,הפי,,מטלית דו צדדית יעקבי,20 יח',1.00,20 יח',false,,10.10,10.1000,true,1,1582699
7290014905689,false,"הפי לכלים 24% 750 מ""",הפי,,"הפי לכלים 24% 750 מ""",מיליליטרים,750.00,"100 מ""ל",false,,6.70,0.0089,true,1,1582700
7290014905696,false,"הפי לכלים 24% 750 מ""",,,"הפי לכלים 24% 750 מ""",מיליליטרים,750.00,"100 מ""ל",false,,6.70,0.0089,true,1,1582701
7290014905733,false,חלונות הפי יעקבי 750,,,חלונות הפי יעקבי 750,מיליליטרים,750.00,"100 מ""ל",false,,5.80,0.0077,true,1,1582703
7290014918009,false,דלי איכותי,,,דלי איכותי,יח',1.00,יח',false,,10.10,10.1000,true,1,1595489
7290014940901,false,לחם פשוט מלא 750 אנג,אנג'ל,,לחם פשוט מלא 750 אנג,גרמים,750.00,100 גרם,false,,11.90,0.0159,true,1,1566479
7290014947740,false,פריכיות כוסמת עם מלח,צ'ציק,,פריכיות כוסמת עם מלח,גרמים,160.00,100 גרם,false,,9.30,0.0581,true,1,1582567
7290014947757,false,"פריכיות כוסמת לל""ת מ",,,"פריכיות כוסמת לל""ת מ",גרמים,160.00,100 גרם,false,,9.30,0.0581,true,1,1582568
7290014962521,false,משחת שיניים טפטפים ב,כצט,IL,משחת שיניים טפטפים לגילאי,מטרים,50.00,100 מ'ל,false,,9.30,0.1860,true,1,1592392
7290014975262,false,בדיקת הריון 4 ימים ל,,,בדיקת הריון 4 ימים ל,יח',1.00,יח',false,,25.60,25.6000,true,1,2293942
7290015009003,false,מונטנייר חומץ יין לב,ר. צ'צ'יק,,מונטנייר חומץ יין לב,מיליליטרים,500.00,"100 מ""ל",false,,11.60,0.0232,true,1,1582569
7290015009010,false,מונטנייר חומץ יין אד,ר. צ'צ'יק,,מונטנייר חומץ יין אד,מיליליטרים,500.00,"100 מ""ל",false,,11.60,0.0232,true,1,1582570
7290015009027,false,חומץ בלסמי כשר,ר. צ'צ'יק,,חומץ בלסמי כשר,מיליליטרים,500.00,"100 מ""ל",false,,15.30,0.0306,true,1,1582571
7290015009041,false,חומץ תפוחים 500מל,,,חומץ תפוחים 500מל,מיליליטרים,500.00,"100 מ""ל",false,,11.60,0.0232,true,1,5185131
7290015009287,false,חומץ בלסמי לבן 500מל,,,חומץ בלסמי לבן 500מל,מיליליטרים,500.00,"100 מ""ל",false,,15.30,0.0306,true,1,5185132
7290015014274,false,צנוניות רמי לוי 500ג,,,צנוניות רמי לוי 500ג,גרמים,500.00,100 גרם,false,,5.90,0.0118,true,1,5233157
7290015014427,false,אורגנו רמי לוי,,,אורגנו רמי לוי,יח',1.00,יח',false,,3.90,3.9000,true,1,3174034
7290015014458,false,מרווה רמי לוי,,,מרווה רמי לוי,יח',1.00,יח',false,,3.90,3.9000,true,1,3174035
7290015014465,false,רוזמרין רמילוי,,,רוזמרין רמילוי,יח',1.00,יח',false,,3.90,3.9000,true,1,3174036
7290015014472,false,טימין רמי לוי,,,טימין רמי לוי,יח',1.00,יח',false,,3.90,3.9000,true,1,3938629
7290015014922,false,עגבניות שרי צהוב,,,עגבניות שרי צהוב,יח',1.00,יח',false,,9.90,9.9000,true,1,4440818
7290015037204,false,כרוב לבן 400 גרם חסל,,,כרוב לבן 400 גרם חסל,גרמים,400.00,100 גרם,false,,10.10,0.0252,true,1,1591477
7290015037211,false,כרוב אדום 400 גרם חס,חסלט,,כרוב אדום 400 גרם חס,גרמים,400.00,100 גרם,false,,10.10,0.0252,true,1,1591478
7290015037273,false,פטרוזיליה (שקית ) חס,חסלט,,פטרוזיליה (שקית ) חס,יח',1.00,יח',false,,6.30,6.3000,true,1,1591483
7290015037280,false,כוסברה (שקית) חסלט,חסלט,,כוסברה (שקית) חסלט,יח',1.00,יח',false,,6.30,6.3000,true,1,1591484
7290015037297,false,שמיר (שקית ) חסלט,חסלט,,שמיר (שקית ) חסלט,יח',1.00,יח',false,,6.30,6.3000,true,1,1591485
7290015037402,false,בצל ירוק (שקית ) חסל,חסלט,,בצל ירוק (שקית ) חסל,יח',1.00,יח',false,,7.30,7.3000,true,1,1591492
7290015037419,false,סלרי (שקית ) חסלט,חסלט,,סלרי (שקית ) חסלט,יח',1.00,יח',false,,7.30,7.3000,true,1,1591493
7290015037426,false,עלי סלק (שקית) חסלט,חסלט,,עלי סלק (שקית) חסלט,יח',1.00,יח',false,,7.30,7.3000,true,1,1591494
7290015037433,false,חסה ערבית (שקית ) חס,חסלט,,חסה ערבית (שקית ) חס,יח',1.00,יח',false,,7.30,7.3000,true,1,1591495
7290015037440,false,כרוב לבן שלם חסלט,,,כרוב לבן שלם חסלט,קילוגרמים,1.00,"ק""ג",true,,14.50,14.5000,true,1,1591496
7290015037457,false,כרוב אדום שלם חסלט,,,כרוב אדום שלם חסלט,קילוגרמים,1.00,"ק""ג",true,,15.50,15.5000,true,1,1591497
7290015037655,false,כרובית מהדרין חסלט 6,,,כרובית מהדרין חסלט 6,גרמים,600.00,100 גרם,false,,25.60,0.0427,true,1,5351457
7290015037662,false,ברוקולי מהדרין חסלט,,,ברוקולי מהדרין חסלט,גרמים,600.00,100 גרם,false,,25.60,0.0427,true,1,5353938
7290015037693,false,לבבות חסה במגשית חסל,,,לבבות חסה במגשית חסל,יח',1.00,יח',false,,12.90,12.9000,true,1,5328197
7290015039246,false,טונה בשמן רביעייה 16,וילי פוד,,טונה בשמן רביעייה 16,גרמים,640.00,100 גרם,false,,16.80,0.0263,true,1,1599214
7290015039338,false,טונה רביעייה במים 16,וילי פוד,,טונה רביעייה במים 16,גרמים,640.00,100 גרם,false,,16.80,0.0263,true,1,1599216
7290015039482,false,גבינת אדם 230 גר,וילי פוד,,גבינת אדם 230 גר,גרמים,230.00,100 גרם,false,,12.60,0.0548,true,1,1599227
7290015129121,false,סקיני פסטה נודלס 270,סקיני,FR,סקיני פסטה נודלס 270,גרמים,270.00,100 גרם,false,,8.50,0.0315,true,1,1607050
7290015129145,false,סקיני פסטה ספגטי 270,סקיני,FR,סקיני פסטה ספגטי 270,גרמים,270.00,100 גרם,false,,8.50,0.0315,true,1,1607052
7290015129220,false,סקיני פסטה קוסקוס 27,סקיני,FR,סקיני פסטה קוסקוס 27,גרמים,270.00,100 גרם,false,,8.50,0.0315,true,1,1607058
7290015129251,false,סקיני פסטה פטוצ'יני,סקיני,FR,סקיני פסטה פטוצ'יני,גרמים,270.00,100 גרם,false,,8.50,0.0315,true,1,1607060
7290015129749,false,סקיני פסטה שיבולת שו,,,סקיני פסטה שיבולת שו,גרמים,270.00,100 גרם,false,,8.50,0.0315,true,1,4914954
7290015129756,false,סקיני פסטה שיבולת שו,,,סקיני פסטה שיבולת שו,גרמים,270.00,100 גרם,false,,8.50,0.0315,true,1,4065123
7290015139250,false,כרמית אגו שוקולד ופי,,,כרמית אגו שוקולד ופי,גרמים,85.00,100 גרם,false,,4.20,0.0494,true,1,1587143
7290015139267,false,כרמית אגו שוקולד ושק,,,כרמית אגו שוקולד ושק,גרמים,85.00,100 גרם,false,,4.20,0.0494,true,1,1587144
7290015139519,false,כרמית מיקס קוביות וו,כרמית,,כרמית מיקס קוביות וו,גרמים,55.00,גרם,false,,3.30,0.0600,true,1,1587156
7290015139533,false,חופשי וופל לימון 200,כרמית,IL,חופשי וופל לימון 200,גרמים,200.00,100 גרם,false,,8.40,0.0420,true,1,1587158
7290015150088,false,מחית עגבניות 700גר,,,מחית עגבניות 700גר,גרמים,700.00,100 גרם,false,,10.50,0.0150,true,1,1583974
7290015150118,false,עגבניות חתוכות דק 21,,,עגבניות חתוכות דק 21,גרמים,648.00,100 גרם,false,,14.40,0.0222,true,1,1566691
7290015150361,false,תה ירוק נענע סטיביה,ויסוצקי,,תה ירוק נענע סטיביה,יח',1.00,יח',false,,19.60,19.6000,true,1,1583977
7290015150729,false,תה ירוק סקיני גריני,ויסוצקי,,תה ירוק סקיני גריני,יח',1.00,יח',false,,19.60,19.6000,true,1,1583987
7290015155823,false,פרינוק פאוץ' תפוח 12,,,פרינוק פאוץ' תפוח 12,גרמים,120.00,100 גרם,false,,5.00,0.0417,true,1,2691962
7290015155830,false,פרינוק פאוץ' תפוח בנ,,,פרינוק פאוץ' תפוח בנ,גרמים,120.00,100 גרם,false,,5.00,0.0417,true,1,2691963
7290015155847,false,פרינוק פאוץ' סלט פיר,,,פרינוק פאוץ' סלט פיר,גרמים,120.00,100 גרם,false,,5.00,0.0417,true,1,2691964
7290015156202,false,פרמיו דנטל קוקי 500,,,פרמיו דנטל קוקי 500,יח',1.00,יח',false,,12.70,12.7000,true,1,5040021
7290015156455,false,עוגיות פרמיו 500 גרם,,,עוגיות פרמיו 500 גרם,יח',1.00,יח',false,,12.70,12.7000,true,1,5040023
7290015156769,false,פרינוק פאוץ' תפוח וא,,,פרינוק פאוץ' תפוח וא,גרמים,120.00,100 גרם,false,,5.00,0.0417,true,1,4198106
7290015156776,false,פרינוק פאוץ' פירות ט,,,פרינוק פאוץ' פירות ט,גרמים,120.00,100 גרם,false,,5.00,0.0417,true,1,3927729
7290015156790,false,פרינוק פאוץ' לפתן פי,,,פרינוק פאוץ' לפתן פי,גרמים,120.00,100 גרם,false,,5.00,0.0417,true,1,3927730
7290015156813,false,פרינוק פאוץ' פירות מ,,,פרינוק פאוץ' פירות מ,גרמים,120.00,100 גרם,false,,5.00,0.0417,true,1,3927731
7290015164856,false,מחית קארי אדומה 400ג,,,מחית קארי אדומה 400ג,גרמים,400.00,100 גרם,false,,16.00,0.0400,true,1,1589383
7290015178235,false,זיתים בסלסלת עגבניות,,,זיתים בסלסלת עגבניות,גרמים,180.00,100 גרם,false,,10.20,0.0567,true,1,5311525
7290015178266,false,רוטב פלפלת שחורה 270,,,רוטב פלפלת שחורה 270,גרמים,270.00,100 גרם,false,,11.80,0.0437,true,1,5391352
7290015181211,false,פח ראטן מעוצב,,,פח ראטן מעוצב,יח',1.00,יח',false,,34.10,34.1000,true,1,5287742
7290015251464,false,נוזל לחיטוי פירות וי,,,נוזל לחיטוי פירות וי,100 מל,1.00,100 מל,false,,9.30,9.3000,true,1,3153319
7290015325769,false,ג'ל רחצה מועשר נקטר,,,ג'ל רחצה מועשר נקטר,מיליליטרים,750.00,"100 מ""ל",false,,6.80,0.0091,true,1,2417818
7290015325783,false,ג'ל רחצה מועשר לבנדר,,,ג'ל רחצה מועשר לבנדר,מיליליטרים,750.00,"100 מ""ל",false,,6.80,0.0091,true,1,2417834
7290015325790,false,ג'ל רחצה מועשר חוחוב,,,ג'ל רחצה מועשר חוחוב,מיליליטרים,750.00,"100 מ""ל",false,,6.80,0.0091,true,1,2417820
7290015325806,false,תחליב רחצה בניחוח קק,,,תחליב רחצה בניחוח קק,מיליליטרים,750.00,"100 מ""ל",false,,6.80,0.0091,true,1,2417835
7290015325813,false,תחליב רחצה 750מל רמי,,,תחליב רחצה 750מל רמי,מיליליטרים,750.00,"100 מ""ל",false,,6.80,0.0091,true,1,2417864
7290015325820,false,תחליב רחצה קוקוס 750,,,תחליב רחצה קוקוס 750,מיליליטרים,750.00,"100 מ""ל",false,,6.80,0.0091,true,1,2417836
7290015325837,false,תחליב רחצה פרש 750מל,,,תחליב רחצה פרש 750מל,מיליליטרים,750.00,"100 מ""ל",false,,6.80,0.0091,true,1,2417837
7290015328739,false,האשפתון 65*75,,,האשפתון 65*75,יח',1.00,יח',false,,9.30,9.3000,true,1,4008803
7290015328791,false,נרות חנוכה,,,נרות חנוכה,יח',1.00,יח',false,,2.50,2.5000,true,1,4358445
7290015328807,false,נרות חנוכה לוקס,,,נרות חנוכה לוקס,יח',1.00,יח',false,,5.00,5.0000,true,1,4358474
7290015335614,false,מעדן ביו עם תות,,,מעדן ביו עם תות,גרמים,150.00,100 גרם,false,,5.90,0.0393,true,1,5005709
7290015335621,false,מעדן ביו עם פירות,,,מעדן ביו עם פירות,גרמים,150.00,100 גרם,false,,5.90,0.0393,true,1,5005710
7290015339414,false,דבש 350גר טעמן,טעמן,,דבש 350גר טעמן,גרמים,350.00,100 גרם,false,,12.70,0.0363,true,1,1576563
7290015339421,false,דבש 500גר טעמן,,,דבש 500גר טעמן,גרמים,500.00,100 גרם,false,,16.90,0.0338,true,1,1576564
7290015339476,false,אורז 5קג פרסי קלאסי,טעמן,,אורז 5קג פרסי קלאסי,100 קילו,5.00,100 קילו,false,,25.50,5.1000,true,1,1576568
7290015339483,false,ערמונים 100גר,טעמן,,ערמונים 100גר,גרמים,100.00,100 גרם,false,,4.10,0.0410,true,1,1576569
7290015339704,false,אורז הודי בסמטי,טעמן,,אורז הודי בסמטי,קילו,1.00,קילו,false,,7.60,7.6000,true,1,1576588
7290015339933,false,ריבת חלב 340גר,טעמן,,ריבת חלב 340גר,גרמים,340.00,100 גרם,false,,10.80,0.0318,true,1,1576604
7290015347280,false,מעדן פרי תות 100% פר,,,מעדן פרי תות 100% פר,יח',1.00,יח',false,,12.70,12.7000,true,1,4635546
7290015347990,false,עדשי שוקולד שמינייה,,,עדשי שוקולד שמינייה,גרמים,160.00,100 גרם,false,,8.50,0.0531,true,1,3138581
7290015348096,false,למברוסקו אמיליאנו רו,טמפו,IL,למברוסקו אמיליאנו רוזה 75,מיליליטרים,750.00,"100 מ""ל",false,,21.30,0.0284,true,1,1574267
7290015350150,false,סגל אדום חצי יבש 750,,,סגל אדום חצי יבש 750,מיליליטרים,750.00,"100 מ""ל",false,,18.30,0.0244,true,1,5246814
7290015354899,false,חרדל דיז'ון מעודן 35,,,חרדל דיז'ון מעודן 35,גרמים,350.00,100 גרם,false,,10.20,0.0291,true,1,4025346
7290015366359,false,ספירה רפיל מכשיר 8 ש,זובלה,IT,מכשיר 8 שעות +רפיל נוזל,יח',1.00,יח',false,,23.00,23.0000,true,1,1592409
7290015366366,false,ספירה מכשיר 8 שעות +,זובלה,IT,מכשיר 8 שעות +רפיל נוזל,יח',1.00,יח',false,,32.40,32.4000,true,1,1592410
7290015366663,false,משחת שיניים מנטה עדי,גלקסוסמיתקליין,SK,"אקוה פרש מנטה 100 מ""ל",מיליליטרים,100.00,"100 מ""ל",false,,5.00,0.0500,true,1,1592430
7290015366670,false,משחת שיניים מנטה אקו,גלקסוסמיתקליין,SK,"אקוה פרש מנטה 100 מ""ל",מיליליטרים,100.00,"100 מ""ל",false,,5.00,0.0500,true,1,1592431
7290015366717,false,סטייל מסיכה ארגן 500,א.ל ארמן יצור תמרוקי,IL,סטייל מסיכה ארגן 500,מיליליטרים,500.00,"100 מ""ל",false,,23.80,0.0476,true,1,1592435
7290015437431,false,רכז רימונים 100% טבע,,,רכז רימונים 100% טבע,גרמים,420.00,100 גרם,false,,16.20,0.0386,true,1,5218027
7290015470094,false,טוסו שוקולד מריר תפו,,,טוסו שוקולד מריר תפו,גרמים,100.00,100 גרם,false,,7.60,0.0760,true,1,1600755
7290015519144,false,מטען קיר מיקרו פרימי,ארטוס,,מטען קיר מיקרו פרימי,יח',1.00,יח',false,,34.10,34.1000,true,1,5348508
7290015519434,false,מזרן קמפינג,,,מזרן קמפינג,יח',1.00,יח',false,,21.30,21.3000,true,1,3611003
7290015519816,false,מזרן שטח,,,מזרן שטח,יח',1.00,יח',false,,76.80,76.8000,true,1,3611464
7290015596817,false,קרם גוף אפקטיב קר קו,,,קרם גוף אפקטיב קר קו,מיליליטרים,450.00,"100 מ""ל",false,,21.30,0.0473,true,1,5252514
7290015597326,false,מאגדת אייס לייט,שטראוס גלידות,IL,מאגדת אייס לייט,גרמים,710.00,100 גרם,false,,16.90,0.0238,true,1,1566766
7290015603188,false,אטריות ביצים 454ג' (,מזרח ומערב,,אטריות ביצים 454ג' (,גרמים,454.00,100 גרם,false,,8.50,0.0187,true,1,1589387
7290015603195,false,אטריות עם תרד 454ג',מזרח ומערב,,אטריות עם תרד 454ג',גרמים,454.00,100 גרם,false,,8.50,0.0187,true,1,1589388
7290015603201,false,אטריות מחיטה מלאה 45,,,אטריות מחיטה מלאה 45,גרמים,454.00,100 גרם,false,,8.90,0.0196,true,1,1589389
7290015603218,false,אטריות עם עגבניה 454,מזרח ומערב,,אטריות עם עגבניה 454,גרמים,454.00,100 גרם,false,,8.50,0.0187,true,1,1656321
7290015603232,false,אטריות עם דלעת 454ג',מזרח ומערב,,אטריות עם דלעת 454ג',גרמים,454.00,100 גרם,false,,9.30,0.0205,true,1,1656323
7290015603522,false,נוזל אגוזי קוקוס 5-7,מזרח ומערב,,נוזל אגוזי קוקוס 5-7,מיליליטרים,400.00,"100 מ""ל",false,,5.00,0.0125,true,1,1589390
7290015603546,false,שימורי קרם קוקוס 400,,,שימורי קרם קוקוס 400,מיליליטרים,400.00,"100 מ""ל",false,,7.30,0.0182,true,1,4306512
7290015603560,false,שימורי קרם קוקוס 20-,מזרח ומערב,,שימורי קרם קוקוס 20-,מיליליטרים,400.00,"100 מ""ל",false,,8.20,0.0205,true,1,1589391
7290015603584,false,ג'ינגר לבן כבוש ללא,מזרח ומערב,,ג'ינגר לבן כבוש ללא,גרמים,160.00,100 גרם,false,,6.60,0.0412,true,1,1589392
7290015603591,false,גינגר ורוד 160 גרם,,,גינגר ורוד 160 גרם,גרמים,160.00,100 גרם,false,,6.50,0.0406,true,1,3024099
7290015603638,false,"אורז קלרוז 1 ק""ג (כ)",MINH PHONG GREEN,,"אורז קלרוז 1 ק""ג (כ)",גרמים,1000.00,100 גרם,false,,9.80,0.0098,true,1,1589396
7290015603898,false,חטיף אפונה בוואסבי,,,חטיף אפונה בוואסבי,גרמים,100.00,100 גרם,false,,7.60,0.0760,true,1,1589399
7290015644297,false,לחמניות פשוט מלא 6 י,,,לחמניות פשוט מלא 6 י,גרמים,75.00,100 גרם,false,,9.30,0.1240,true,1,2345713
7290015644426,false,לחם צרפתי חיטה מלאה,,,לחם צרפתי חיטה מלאה,גרמים,600.00,100 גרם,false,,14.40,0.0240,true,1,1566480
7290015644433,false,לחם צרפתי שיפון 100%,,,לחם צרפתי שיפון 100%,גרמים,650.00,100 גרם,false,,14.40,0.0222,true,1,1566481
7290015652254,false,גרעיני חמניה קלויים,,,גרעיני חמניה קלויים,גרמים,400.00,100 גרם,false,,8.50,0.0213,true,1,1572220
7290015652278,false,תערובת פיצוחים 250 ג,,,תערובת פיצוחים 250 ג,גרמים,250.00,100 גרם,false,,17.00,0.0680,true,1,1572222
7290015652292,false,קבוקים עם שומשום 400,,,קבוקים עם שומשום 400,גרמים,400.00,100 גרם,false,,8.50,0.0213,true,1,1572224
7290015652308,false,מנצס 300 גר,,,מנצס 300 גר,גרמים,300.00,100 גרם,false,,8.50,0.0283,true,1,1572225
7290015652322,false,בוטנים אמריקאים מצופ,,,בוטנים אמריקאים מצופ,גרמים,400.00,100 גרם,false,,8.50,0.0213,true,1,1572227
7290015652346,false,פלפל חריף מוחמץ 680,קרס סר קאן גידה לטד,TR,פלפל חריף מוחמץ 680,גרמים,680.00,100 גרם,false,,8.50,0.0125,true,1,1572229
7290015652384,false,קמח תירס ללא גלוטן 1,מולינו פילה,IT,קמח תירס ללא גלוטן 1,גרמים,1000.00,100 גרם,false,,8.50,0.0085,true,1,1572232
7290015652407,false,פיסטוק קלוי 250גרם,,,פיסטוק קלוי 250גרם,גרמים,250.00,100 גרם,false,,17.00,0.0680,true,1,1572234
7290015673181,false,המבורגר עם ברוקולי ט,,,המבורגר עם ברוקולי ט,גרמים,400.00,100 גרם,false,,21.30,0.0533,true,1,3189229
7290015673198,false,המבורגר טקסס עם פטרי,,,המבורגר טקסס עם פטרי,גרמים,400.00,100 גרם,false,,21.30,0.0533,true,1,3189230
7290015673570,false,קריספי טופו. נגיסי ט,,,קריספי טופו. נגיסי ט,יח',1.00,יח',false,,22.10,22.1000,true,1,4718305
7290015673587,false,קריספי טופו נגיסי טו,,,קריספי טופו נגיסי טו,יח',1.00,יח',false,,22.10,22.1000,true,1,4718306
7290015673594,false,קריספי טופו. נגיסי ט,,,קריספי טופו. נגיסי ט,יח',1.00,יח',false,,22.10,22.1000,true,1,4718307
7290015681100,false,שניצלונים בציפוי שומ,רמי לוי,IL,שניצלונים בציפוי שומ,גרמים,600.00,100 גרם,false,,20.40,0.0340,true,1,1606741
7290015681117,false,חטיפי עוף רמי לוי 60,רמי לוי,IL,חטיפי עוף רמי לוי 60,גרמים,600.00,100 גרם,false,,20.40,0.0340,true,1,1606742
7290015681131,false,שניצלוני גן חיות רמי,רמי לוי,IL,שניצלוני גן חיות רמי,גרמים,600.00,100 גרם,false,,20.40,0.0340,true,1,1606743
7290015681148,false,נגיסי תירס רמי לוי 7,רמי לוי,IL,נגיסי תירס רמי לוי 7,גרמים,750.00,100 גרם,false,,17.00,0.0227,true,1,1606744
7290015681155,false,כוכבי תירס רמי לוי 6,רמי לוי,IL,כוכבי תירס רמי לוי 6,גרמים,600.00,100 גרם,false,,14.40,0.0240,true,1,1606745
7290015681162,false,שניצל תירס רמי לוי 7,רמי לוי,IL,שניצל תירס רמי לוי 7,גרמים,750.00,100 גרם,false,,17.00,0.0227,true,1,1606746
7290015681179,false,שניצל צמחי רמי לוי 7,רמי לוי,IL,שניצל צמחי רמי לוי 7,גרמים,750.00,100 גרם,false,,17.00,0.0227,true,1,1606747
7290015681186,false,שניצל עוף אמיתי עם ש,רמי לוי,IL,שניצל עוף אמיתי עם ש,גרמים,700.00,100 גרם,false,,23.80,0.0340,true,1,1606748
7290015681209,false,רצועות הודו רמי לוי,רמי לוי,IL,רצועות הודו רמי לוי,גרמים,650.00,100 גרם,false,,25.60,0.0394,true,1,1606750
7290015681254,false,זיתים מרוקאי 600 ג ר,רמי לוי,IL,זיתים מרוקאי 600 ג ר,גרמים,600.00,100 גרם,false,,18.70,0.0312,true,1,1606599
7290015681285,false,זיתים קלמטה 600 ג רמ,משק משפחת ג'השאן,IL,זיתים קלמטה 600 ג רמ,גרמים,600.00,100 גרם,false,,17.00,0.0283,true,1,1606602
7290015681759,false,מיזלי פירות רמי לוי,רמי לוי,,מיזלי פירות רמי לוי,גרמים,400.00,100 גרם,false,,8.90,0.0223,true,1,1606533
7290015681773,false,קינואה רמי לוי 400 ג,דין שיווק,,קינואה רמי לוי 400 ג,גרמים,400.00,100 גרם,false,,8.40,0.0210,true,1,1606535
7290015681780,false,גרנולה פירות רמי לוי,רמי לוי,,גרנולה פירות רמי לוי,גרמים,400.00,100 גרם,false,,8.90,0.0223,true,1,1606536
7290015681810,false,גרנולה פירות רמי לוי,רמי לוי,,גרנולה פירות רמי לוי,גרמים,800.00,100 גרם,false,,15.30,0.0191,true,1,1606538
7290015681841,false,חטיפי גרנולה מייפל ר,ויטלה ניקולא דו,MK,חטיפי גרנולה מייפל ר,גרמים,175.00,100 גרם,false,,7.60,0.0434,true,1,1606541
7290015699730,false,נוזל רצפות מבושם ורו,וונדפוט,BE,נוזל רצפות מבושם ורו,ליטרים,1.50,ליטר,false,,10.20,6.8000,true,1,1582709
7290015733205,false,מטרנה אקסטרה קר מהדר,,,מטרנה אקסטרה קר מהדר,גרמים,700.00,100 גרם,false,,48.60,0.0694,true,1,3970566
7290015733229,false,מטרנה אקסטרה קר מהדר,,,מטרנה אקסטרה קר מהדר,גרמים,700.00,100 גרם,false,,48.60,0.0694,true,1,3970567
7290015733427,false,מטרנה דייסת גם וגם ו,,,מטרנה דייסת גם וגם ו,יח',1.00,יח',false,,15.30,15.3000,true,1,5238964
7290015733939,false,מטרנה אקסטרה קר 700,,,מטרנה אקסטרה קר 700,גרמים,700.00,100 גרם,false,,65.70,0.0939,true,1,5289938
7290015733977,false,מטרנה קומפורט 700 גר,,,מטרנה קומפורט 700 גר,גרמים,700.00,100 גרם,false,,51.20,0.0731,true,1,5300087
7290015781008,false,מרלו ויז'יון 750 מ'',טפרברג,,מרלו ויז'יון 750 מ'',מיליליטרים,750.00,"100 מ""ל",false,,33.30,0.0444,true,1,1582836
7290015781015,false,מלבק ויז'יון 750 מ'',טפרברג,,מלבק ויז'יון 750 מ'',מיליליטרים,750.00,"100 מ""ל",false,,33.30,0.0444,true,1,1582837
7290015781046,false,יין לבן חצי יבש ויזו,טפרברג,,יין לבן חצי יבש ויזו,מיליליטרים,750.00,"100 מ""ל",false,,33.30,0.0444,true,1,1582838
7290015781053,false,לבן יבש ויז'יון,,,לבן יבש ויז'יון,מיליליטרים,750.00,"100 מ""ל",false,,33.30,0.0444,true,1,1582839
7290015781091,false,קברנה סובניון ויז'יו,טפרברג,,קברנה סובניון ויז'יו,מיליליטרים,750.00,"100 מ""ל",false,,33.30,0.0444,true,1,1582840
7290015781107,false,סנגובזה אימפרשן 750,טפרברג,,סנגובזה אימפרשן 750,מיליליטרים,750.00,"100 מ""ל",false,,34.10,0.0455,true,1,1582841
7290015781114,false,מרלו אימפרשן 750 מ'',טפרברג,,מרלו אימפרשן 750 מ'',מיליליטרים,750.00,"100 מ""ל",false,,34.10,0.0455,true,1,1582842
7290015781121,false,קברנה סובניון אימפרש,טפרברג,,קברנה סובניון אימפרש,מיליליטרים,750.00,"100 מ""ל",false,,34.10,0.0455,true,1,1582843
7290015781138,false,שרדונה אימפרשן,טפרברג,,שרדונה אימפרשן,מיליליטרים,750.00,"100 מ""ל",false,,34.10,0.0455,true,1,1582844
7290015781152,false,רוזה אימפרשן 750 מ'',טפרברג,,רוזה אימפרשן 750 מ'',מיליליטרים,750.00,"100 מ""ל",false,,34.10,0.0455,true,1,1582846
7290015781169,false,אדום חצי יבש אימפרשן,טפרברג,,אדום חצי יבש אימפרשן,מיליליטרים,750.00,"100 מ""ל",false,,34.10,0.0455,true,1,1582847
7290015781282,false,גוורצטרמינר אימפרשן,טפרברג,,גוורצטרמינר אימפרשן,מיליליטרים,750.00,"100 מ""ל",false,,34.10,0.0455,true,1,1582850
7290015781299,false,שיראז ויז'יון 750 מ',טפרברג,,שיראז ויז'יון 750 מ',מיליליטרים,750.00,"100 מ""ל",false,,33.30,0.0444,true,1,1582851
7290015781305,false,סירה אימפרשן 750 מ'',טפרברג,,סירה אימפרשן 750 מ'',מיליליטרים,750.00,"100 מ""ל",false,,34.10,0.0455,true,1,1582852
7290015834100,false,ג'ין לוקסרדו דובדבני,רמי לוי,,ג'ין לוקסרדו דובדבני,גרמים,350.00,100 גרם,false,,7.90,0.0226,true,1,1606725
7290015834162,false,"קמח לבן רמי לוי 1 ק""",רמי לוי,IL,"קמח לבן רמי לוי 1 ק""",יח',1.00,יח',false,,3.30,3.3000,true,1,1604137
7290015834193,false,סולת חיטה רמי לוי 1,רמי לוי,IL,סולת חיטה רמי לוי 1,קילוגרמים,1.00,"ק""ג",false,,3.30,3.3000,true,1,1604139
7290015834209,false,ציפס קלאסי רמי לוי 2,קפוא-זן,BE,ציפס קלאסי רמי לוי 2,קילוגרמים,2.00,"ק""ג",false,,19.60,9.8000,true,1,1566988
7290015834223,false,פרורי לחם מוזהבים רמ,רמי לוי,ES,פרורי לחם מוזהבים רמ,גרמים,200.00,100 גרם,false,,3.00,0.0150,true,1,1606825
7290015834315,false,דבש טהור רמי לוי 1 ק,עמק חפר,RO,דבש טהור רמי לוי 1 ק,יח',1.00,יח',false,,29.80,29.8000,true,1,1606626
7290015834339,false,דבש בצנצנת רמי לוי 3,דבש עמק חפר,RO,דבש בצנצנת רמי לוי 3,גרמים,350.00,100 גרם,false,,13.60,0.0389,true,1,1606627
7290015834445,false,ציפס סטיק רמי לוי 2,קפוא-זן,BE,ציפס סטיק רמי לוי 2,קילוגרמים,2.00,"ק""ג",false,,19.60,9.8000,true,1,1566989
7290015834476,false,דבש טהור רמי לוי 1 ק,רמי לוי,RO,דבש טהור רמי לוי 1 ק,100 קג,1.00,100 קג,false,,29.80,29.8000,true,1,1606632
7290015834483,false,דבש לחיץ רמי לוי 250,רמי לוי,IL,דבש לחיץ רמי לוי 250,גרמים,250.00,100 גרם,false,,11.00,0.0440,true,1,1606633
7290015834988,false,פרורי לחם לבנים רמי,רמי לוי,ES,פרורי לחם לבנים רמי,גרמים,200.00,100 גרם,false,,3.00,0.0150,true,1,1606826
7290015835039,false,כריות יפניות עבות רמ,רמי לוי,,כריות יפניות עבות רמ,100 יח',6.00,100 יח',false,,6.40,1.0667,true,1,1606646
7290015835046,false,כריות יפניות רמי לוי,,,כריות יפניות רמי לוי,100 יח',9.00,100 יח',false,,7.40,0.8222,true,1,1606647
7290015835053,false,כריות קרצוף ארוכות ר,רמי לוי,,כריות קרצוף ארוכות ר,100 יח',1.00,100 יח',false,,6.40,6.4000,true,1,1606648
7290015835060,false,כריות קרצוף רמי לוי,רמי לוי,,כריות קרצוף רמי לוי,100 יח',10.00,100 יח',false,,4.40,0.4400,true,1,1606649
7290015835077,false,ברזלית צילינדר רמי ל,פלסטו פוליש,IL,ברזלית צילינדר רמי ל,100 יח',4.00,100 יח',false,,6.80,1.7000,true,1,1606650
7290015835084,false,ספוג פלא לניקוי רמי,רמי לוי,,ספוג פלא לניקוי רמי,100 יח',6.00,100 יח',false,,6.40,1.0667,true,1,1606651
7290015835091,false,כריות יפניות רמי לוי,רמי לוי,,כריות יפניות רמי לוי,100 יח',4.00,100 יח',false,,6.40,1.6000,true,1,1606652
7290015835107,false,צמר פלדה רמי לוי 350,רמי לוי,,צמר פלדה רמי לוי 350,גרמים,350.00,100 גרם,false,,7.60,0.0217,true,1,1606653
7290015835114,false,צמר פלדה רמי לוי 100,רמי לוי,,צמר פלדה רמי לוי 100,גרמים,100.00,100 גרם,false,,2.50,0.0250,true,1,1606654
7290015835121,false,מטליות רמי לוי 9 יח,רמי לוי,,מטליות רמי לוי 9 יח,יח',9.00,יח',false,,6.80,0.7556,true,1,1606655
7290015835183,false,מטליות מיקרופייבר רב,פלסטו פוליש,CN,מטליות מיקרופייבר רב,יח',4.00,יח',false,,6.40,1.6000,true,1,1606660
7290015835206,false,מטלית מיקרופייבר רמי,פלסטו פוליש,CN,מטלית מיקרופייבר רמי,יח',1.00,יח',false,,6.40,6.4000,true,1,1606662
7290015835275,false,מארז 9 יח אטבי כביסה,רמי לוי,,מארז 9 יח אטבי כביסה,100 יח',9.00,100 יח',false,,2.50,0.2778,true,1,1606813
7290015835411,false,גרנולה אגוזים רמי לו,רמי לוי,,גרנולה אגוזים רמי לו,גרמים,400.00,100 גרם,false,,8.90,0.0223,true,1,1606547
7290015835428,false,מוזלי פירות רמי לוי,דין שיווק,,מוזלי פירות רמי לוי,גרמים,800.00,100 גרם,false,,12.70,0.0159,true,1,1606548
7290015835435,false,מוזלי אגוזים רמי לוי,רמי לוי,,מוזלי אגוזים רמי לוי,גרמים,400.00,100 גרם,false,,8.90,0.0223,true,1,1606549
7290015835466,false,פרורי לחם גריל 200גר,רמי לוי,ES,פרורי לחם גריל 200גר,גרמים,200.00,100 גרם,false,,3.00,0.0150,true,1,1606829
7290015835572,false,פרורי לחם שומשום 200,רמי לוי,ES,פרורי לחם שומשום 200,גרמים,200.00,100 גרם,false,,3.00,0.0150,true,1,1606830
7290015835756,false,שיבולת שועל דק רמי ל,רמי לוי,,שיבולת שועל דק רמי ל,גרמים,500.00,100 גרם,false,,3.80,0.0076,true,1,1606552
7290015835763,false,שיבולת שועל עבה רמי,רמי לוי,,שיבולת שועל עבה רמי,גרמים,500.00,100 גרם,false,,3.80,0.0076,true,1,1606553
7290015835817,false,אטריות דקיקות 400 גר,רמי לוי,,אטריות דקיקות 400 גר,גרמים,400.00,100 גרם,false,,3.80,0.0095,true,1,1606730
7290015835824,false,אטריות דקות 400 גרם,רמי לוי,,אטריות דקות 400 גרם,גרמים,400.00,100 גרם,false,,3.80,0.0095,true,1,1606731
7290015835930,false,מגבות נייר רמי לוי 8,רמי לוי,,מגבות נייר רמי לוי 8,יח',1.00,יח',false,,11.50,11.5000,true,1,1587675
7290015835978,false,ממחטות מארז חמישייה,רמי לוי,,ממחטות מארז חמישייה,יח',1.00,יח',false,,10.10,10.1000,true,1,1587678
7290015848961,false,אולטרסול קרם פנים 50,"ד""ר פישר",IL,אולטרסול קרם פנים 50,מטרים,75.00,100 מ'ל,false,,42.60,0.5680,true,1,1599092
7290015855129,false,כרוב קייל רעננים,רעננים,,כרוב קייל רעננים,100 יח',1.00,100 יח',false,,12.90,12.9000,true,1,1591422
7290015858106,false,עללחם פסטו ביתי 180ג,,,עללחם פסטו ביתי 180ג,גרמים,180.00,100 גרם,false,,13.60,0.0756,true,1,4792956
7290015858113,false,עללחם ממרח עגבניות מ,,,עללחם ממרח עגבניות מ,גרמים,180.00,100 גרם,false,,13.60,0.0756,true,1,4792935
7290015858144,false,עללחם ממרח ארטישוק 1,,,עללחם ממרח ארטישוק 1,גרמים,180.00,100 גרם,false,,13.50,0.0750,true,1,4792936
7290015858175,false,עללחם ממרח פלפלים קל,,,עללחם ממרח פלפלים קל,גרמים,180.00,100 גרם,false,,13.50,0.0750,true,1,4792937
7290015858229,false,עללחם טפנד זיתי קלמט,,,עללחם טפנד זיתי קלמט,גרמים,180.00,100 גרם,false,,13.60,0.0756,true,1,4792939
7290015858328,false,איולי פסטו עללחם 295,,,איולי פסטו עללחם 295,גרמים,295.00,100 גרם,false,,11.00,0.0373,true,1,5424648
7290015858427,false,מארז עללחם,,,מארז עללחם,גרמים,240.00,100 גרם,false,,17.00,0.0708,true,1,5387804
7290015858441,false,איולי פלפלים עללחם 2,,,איולי פלפלים עללחם 2,גרמים,295.00,100 גרם,false,,11.00,0.0373,true,1,5424649
7290015858687,false,איולי שום עללחם 295,,,איולי שום עללחם 295,גרמים,295.00,100 גרם,false,,11.00,0.0373,true,1,5424650
7290015858694,false,איולי שום לימון עללח,,,איולי שום לימון עללח,גרמים,295.00,100 גרם,false,,11.00,0.0373,true,1,5424651
7290015865722,false,קונפיטורת תות שדה לי,,,קונפיטורת תות שדה לי,גרמים,400.00,100 גרם,false,,16.80,0.0420,true,1,5347241
7290015865739,false,קונפיטורת אוכמניות ל,,,קונפיטורת אוכמניות ל,גרמים,400.00,100 גרם,false,,16.80,0.0420,true,1,5347242
7290015865746,false,קונפיטורת פירות יער,,,קונפיטורת פירות יער,גרמים,400.00,100 גרם,false,,16.80,0.0420,true,1,5347243
7290015888196,false,שמן חמניות 1ליטר 15,,,שמן חמניות 1ליטר 15,ליטרים,1.00,ליטר,false,,10.90,10.9000,true,1,5290635
7290015888301,false,שמן חמניות 3 ליטר X,,,שמן חמניות 3 ליטר X,ליטרים,3.00,ליטר,false,,31.20,10.4000,true,1,5290636
7290015899215,false,אקונומיקה ללא בישום,רמי לוי,IL,אקונומיקה ללא בישום,ליטרים,4.00,ליטר,false,,7.60,1.9000,true,1,1606162
7290015899222,false,אקונומיקה מבושמת סמי,רמי לוי,IL,אקונומיקה מבושמת סמי,ליטרים,4.00,ליטר,false,,8.50,2.1250,true,1,1606163
7290015899239,false,אקונומיקה מבושמת רמי,רמי לוי,IL,אקונומיקה מבושמת רמי,ליטרים,4.00,ליטר,false,,8.50,2.1250,true,1,1606164
7290015899253,false,מרכך כביסה ורוד רמי,רמי לוי,IL,מרכך כביסה ורוד רמי,ליטרים,4.00,ליטר,false,,13.60,3.4000,true,1,1606166
7290015899260,false,מרכך כביסה לבן רמי ל,רמי לוי,IL,מרכך כביסה לבן רמי ל,ליטרים,4.00,ליטר,false,,13.60,3.4000,true,1,1606167
7290015899277,false,מרכך כביסה כחול רמי,רמי לוי,IL,מרכך כביסה כחול רמי,ליטרים,4.00,ליטר,false,,13.60,3.4000,true,1,1606168
7290015899291,false,מרכך מרוכז צהוב רמי,רמי לוי,IL,מרכך מרוכז צהוב רמי,ליטרים,1.00,ליטר,false,,8.10,8.1000,true,1,1606170
7290015899307,false,מרכך מרוכז ורוד רמי,רמי לוי,IL,מרכך מרוכז ורוד רמי,ליטרים,1.00,ליטר,false,,8.10,8.1000,true,1,1606171
7290015899314,false,מרכך מרוכז לבן רמי ל,רמי לוי,IL,מרכך מרוכז לבן רמי ל,ליטרים,1.00,ליטר,false,,8.10,8.1000,true,1,1606172
7290015899321,false,מרכך מרוכז כחול רמי,רמי לוי,IL,מרכך מרוכז כחול רמי,ליטרים,1.00,ליטר,false,,8.10,8.1000,true,1,1606173
7290015899338,false,מבשם כביסה לבן רמי ל,רמי לוי,IL,מבשם כביסה לבן רמי ל,מיליליטרים,500.00,"100 מ""ל",false,,9.30,0.0186,true,1,1606174
7290015899352,false,מבשם כביסה כחול רמי,רמי לוי,IL,מבשם כביסה כחול רמי,מיליליטרים,500.00,"100 מ""ל",false,,9.30,0.0186,true,1,1606176
7290015899413,false,נוזל רצפות ורוד רמי,רמי לוי,IL,נוזל רצפות ורוד רמי,ליטרים,4.00,ליטר,false,,10.20,2.5500,true,1,1606178
7290015899420,false,נוזל רצפות סגול רמי,רמי לוי,IL,נוזל רצפות סגול רמי,ליטרים,4.00,ליטר,false,,10.20,2.5500,true,1,1606179
7290015899437,false,נוזל רצפות ירוק רמי,רמי לוי,IL,נוזל רצפות ירוק רמי,ליטרים,4.00,ליטר,false,,10.20,2.5500,true,1,1606180
7290015899475,false,מילוי למטהר אויר אוט,,,מילוי למטהר אויר אוט,יח',1.00,יח',false,,7.60,7.6000,true,1,5264246
7290015899482,false,מילוי למטהר אויר אוט,,,מילוי למטהר אויר אוט,יח',1.00,יח',false,,7.60,7.6000,true,1,5264247
7290015899499,false,מילוי למטהר אויר אוט,,,מילוי למטהר אויר אוט,יח',1.00,יח',false,,7.60,7.6000,true,1,5264248
7290015951869,false,הר חרמון רוזה,,,הר חרמון רוזה,מיליליטרים,750.00,"100 מ""ל",false,,25.60,0.0341,true,1,3730719
7290015951890,false,הר חרמון קברנה סובני,,,הר חרמון קברנה סובני,מיליליטרים,750.00,"100 מ""ל",false,,25.60,0.0341,true,1,4009430
7290015994064,false,"בורגול רמי לוי 1 ק""ג",רמי לוי,IL,"בורגול רמי לוי 1 ק""ג",גרמים,1000.00,100 גרם,false,,5.40,0.0054,true,1,1606790
7290015994071,false,"גרישה רמי לוי 1 ק""ג",רמי לוי,IL,"גרישה רמי לוי 1 ק""ג",גרמים,1000.00,100 גרם,false,,5.90,0.0059,true,1,1606791
7290015994088,false,גריסי פנינה רמי לוי,רמי לוי,IL,גריסי פנינה רמי לוי,100 קג,1.00,100 קג,false,,5.40,5.4000,true,1,1606792
7290015994095,false,חומוס גדול רמי לוי 1,סוגת,IL,חומוס גדול רמי לוי 1,גרמים,1000.00,100 גרם,false,,11.00,0.0110,true,1,1606793
7290015994118,false,"חיטה רמי לוי 1 ק""ג",רמי לוי,IL,"חיטה רמי לוי 1 ק""ג",גרמים,1000.00,100 גרם,false,,5.00,0.0050,true,1,1606794
7290015994125,false,"כוסמת רמי לוי 1 ק""ג",רמי לוי,IL,"כוסמת רמי לוי 1 ק""ג",גרמים,1000.00,100 גרם,false,,8.50,0.0085,true,1,1606795
7290015994132,false,עדשים אדומות רמי לוי,רמי לוי,IL,עדשים אדומות רמי לוי,גרמים,1000.00,100 גרם,false,,10.20,0.0102,true,1,1606796
7290015994149,false,"פופקורן רמי לוי 1 ק""",רמי לוי,IL,"פופקורן רמי לוי 1 ק""",גרמים,1000.00,100 גרם,false,,7.90,0.0079,true,1,1606797
7290015994156,false,שעועית לבנה רמי לוי,רמי לוי,IL,שעועית לבנה רמי לוי,גרמים,1000.00,100 גרם,false,,11.00,0.0110,true,1,1606798
7290015994163,false,שעועית אדומה רמי לוי,רמי לוי,IL,שעועית אדומה רמי לוי,גרמים,1000.00,100 גרם,false,,11.90,0.0119,true,1,1606799
7290015994767,false,"אפונה רמי לוי 1 ק""ג",רמי לוי,IL,"אפונה רמי לוי 1 ק""ג",גרמים,1000.00,100 גרם,false,,5.90,0.0059,true,1,1606800
7290015994774,false,חומוס לבן ענק רמי לו,רמי לוי,IL,חומוס לבן ענק רמי לו,100 קילו,1.00,100 קילו,false,,15.30,15.3000,true,1,1606801
7290015994781,false,עדשים ירוקות רמי לוי,רמי לוי,IL,עדשים ירוקות רמי לוי,גרמים,1000.00,100 גרם,false,,10.20,0.0102,true,1,1606802
7290015994835,false,רהיט ספריי 750 רמי ל,קומפלקס,IL,רהיט ספריי 750 רמי ל,מיליליטרים,750.00,"100 מ""ל",false,,11.10,0.0148,true,1,1606867
7290016006292,false,נקטר ספרינג 1 ליטר מ,ספרינג,,נקטר ספרינג 1 ליטר מ,ליטרים,1.00,ליטר,false,,5.60,5.6000,true,1,1578407
7290016006339,false,מי עדן רביעייה 1 לי,מי עדן,,מי עדן רביעייה 1 לי,ליטרים,4.00,ליטר,false,,8.60,2.1500,true,1,1578408
7290016006346,false,שוופס סודה שישייה 50,יפאורה,,שוופס סודה שישייה 50,ליטרים,3.00,ליטר,false,,12.10,4.0333,true,1,1578409
7290016047127,false,צ'ורוס 250גר,,,צ'ורוס 250גר,גרמים,250.00,100 גרם,false,,17.90,0.0716,true,1,5354323
7290016047301,false,קמח תערובת רב תכליתי,,,קמח תערובת רב תכליתי,גרמים,500.00,100 גרם,false,,21.30,0.0426,true,1,5010953
7290016077759,false,רוטב בקביקיו קלאסי ה,,,רוטב בקביקיו קלאסי ה,גרמים,480.00,100 גרם,false,,14.40,0.0300,true,1,3138716
7290016077766,false,היינץ שעועית אפויה 4,,,היינץ שעועית אפויה 4,גרמים,453.00,100 גרם,false,,5.90,0.0130,true,1,3257979
7290016094091,false,אולטרסול ספריי שקוף,"ד""ר פישר",IL,אולטרסול ספריי שקוף,מיליליטרים,200.00,"100 מ""ל",false,,25.60,0.1280,true,1,1566924
7290016094695,false,אלכוג'ל 500 מל,,,אלכוג'ל 500 מל,מיליליטרים,500.00,"100 מ""ל",false,,17.00,0.0340,true,1,4937065
7290016104417,false,ריבת תות 850 גר,,,ריבת תות 850 גר,גרמים,850.00,100 גרם,false,,11.00,0.0129,true,1,1832242
7290016104813,false,סירופ מלבי 750 מל,,,סירופ מלבי 750 מל,מיליליטרים,750.00,"100 מ""ל",false,,12.70,0.0169,true,1,2331077
7290016106411,false,פרוסות מנגו בסירופ 4,,,פרוסות מנגו בסירופ 4,גרמים,425.00,100 גרם,false,,5.90,0.0139,true,1,2712294
7290016117370,false,נקי לשבת WOW רמילוי,,,נקי לשבת WOW רמילוי,יח',1.00,יח',false,,5.90,5.9000,true,1,5226648
7290016136227,false,סבון ידיים תה ירוק 2,,,סבון ידיים תה ירוק 2,יח',1.00,יח',false,,13.60,13.6000,true,1,1592455
7290016136234,false,סבון ידיים תה אדום 2,,,סבון ידיים תה אדום 2,יח',1.00,יח',false,,13.60,13.6000,true,1,1592456
7290016136692,false,אקווה פרש שלישיה מנט,גלקסוסמיתקליין,SK,אקווה פרש שלישיה מנט,מטרים,100.00,100 מ'ל,false,,14.40,0.1440,true,1,1592465
7290016136708,false,אקווה פרש שלישיה עדי,גלקסוסמיתקליין,SK,אקווה פרש שלישיה עדי,מיליליטרים,300.00,"100 מ""ל",false,,14.40,0.0480,true,1,1592466
7290016136722,false,פסטה פנה ללא גלוטן 3,אורגרן הלס אנד ניצר,AU,פסטה פנה ללא גלוטן 3,גרמים,340.00,100 גרם,false,,6.80,0.0200,true,1,1983316
7290016136739,false,פסטה פוזילי ללא גלוט,,,פסטה פוזילי ללא גלוט,גרמים,340.00,100 גרם,false,,6.80,0.0200,true,1,1983317
7290016144000,false,קמח חיטה מלאה 80% 1ק,,,קמח חיטה מלאה 80% 1ק,יח',1.00,יח',false,,8.30,8.3000,true,1,4807947
7290016144017,false,קמח חיטה מלאה 100%,,,קמח חיטה מלאה 100%,יח',1.00,יח',false,,8.30,8.3000,true,1,4807948
7290016144031,false,קמח חיטה לבן מנופה,,,קמח חיטה לבן מנופה,יח',1.00,יח',false,,5.90,5.9000,true,1,4807950
7290016144048,false,קמח כוסמין לבן,,,קמח כוסמין לבן,יח',1.00,יח',false,,14.40,14.4000,true,1,4807951
7290016144055,false,קמח כוסמין 80%,,,קמח כוסמין 80%,יח',1.00,יח',false,,12.70,12.7000,true,1,4807952
7290016144062,false,קמח שיפון מלא 1קג,,,קמח שיפון מלא 1קג,גרמים,1000.00,100 גרם,false,,7.60,0.0076,true,1,5392396
7290016144079,false,קמח חיטה כפרי 1קג,,,קמח חיטה כפרי 1קג,גרמים,1000.00,100 גרם,false,,7.60,0.0076,true,1,5392397
7290016144086,false,נפלאות קמח חלה מנופה,,,נפלאות קמח חלה מנופה,גרמים,1000.00,100 גרם,false,,5.90,0.0059,true,1,5392398
7290016144093,false,נפלאות קמח לחם לבן מ,,,נפלאות קמח לחם לבן מ,גרמים,1000.00,100 גרם,false,,5.90,0.0059,true,1,5392399
7290016144109,false,קמח פיצה מנופה נפלאו,,,קמח פיצה מנופה נפלאו,גרמים,1000.00,100 גרם,false,,12.70,0.0127,true,1,5392400
7290016144116,false,קמח תופח נפלאות 1קג,,,קמח תופח נפלאות 1קג,גרמים,1000.00,100 גרם,false,,7.60,0.0076,true,1,5392401
7290016150117,false,סלק וואקום,,,סלק וואקום,גרמים,500.00,100 גרם,false,,5.00,0.0100,true,1,1588477
7290016162264,false,עוגת גבינה רנסנס 450,,,עוגת גבינה רנסנס 450,גרמים,450.00,100 גרם,false,,30.70,0.0682,true,1,1608027
7290016188585,false,למברוסקו רוזה יקבי כ,ג'אגובאצי,IT,למברוסקו רוזה יקבי כ,מיליליטרים,750.00,"100 מ""ל",false,,20.40,0.0272,true,1,1587363
7290016188592,false,למברוסקו אדום יקבי כ,ג'אגובאצי,IT,למברוסקו אדום יקבי כ,מיליליטרים,750.00,"100 מ""ל",false,,20.40,0.0272,true,1,1587364
7290016188608,false,למברוסקו לבן יקבי כר,ג'אגובאצי,IT,למברוסקו לבן יקבי כר,מיליליטרים,750.00,"100 מ""ל",false,,20.40,0.0272,true,1,1587365
7290016197488,false,מטלית קסם לשיש שלישי,סטון טכנולגי,CN,מטלית קסם לשיש שלישי,יח',3.00,יח',false,,8.50,2.8333,true,1,1585656
7290016197495,false,מטלית קסם לרצפה זוג,סטון טכנולגי,CN,מטלית קסם לרצפה זוג,יח',2.00,יח',false,,13.30,6.6500,true,1,1585657
7290016197624,false,תחבושות דיפנד 8 יח,חוגלה,CN,תחבושות דיפנד 8 יח,יח',1.00,יח',false,,14.40,14.4000,true,1,1585662
7290016197839,false,השקית החזקה XL ניקול,"אשפלסט תעשיות בע""מ",IL,השקית החזקה XL ניקול,2 יח',10.00,2 יח',false,,17.00,1.7000,true,1,1566730
7290016197853,false,שקית אשפה פחים קטנים,,,שקית אשפה פחים קטנים,יח',50.00,יח',false,,12.70,0.2540,true,1,2183418
7290016246018,false,בארכה מיקס פינוקיות,רושדי תעשיות מזון,IL,בארכה מיקס פינוקיות,גרמים,200.00,100 גרם,false,,10.10,0.0505,true,1,1577461
7290016246025,false,בארכה מיקס פינוקיות,רושדי תעשיות מזון,IL,בארכה מיקס פינוקיות,גרמים,200.00,100 גרם,false,,10.10,0.0505,true,1,1577462
7290016246445,false,טחינה שומשום מלא באר,,,טחינה שומשום מלא באר,גרמים,310.00,100 גרם,false,,8.90,0.0287,true,1,4318821
7290016246490,false,חלבה קלאסית 400 גרם,,,חלבה קלאסית 400 גרם,יח',1.00,יח',false,,9.30,9.3000,true,1,5289552
7290016255324,false,פותח סתימות 1לי רמי,,,פותח סתימות 1לי רמי,100 קילו,100.00,100 קילו,false,,11.00,0.1100,true,1,3372981
7290016255737,false,מרכך כביסה סגול רמיל,,,מרכך כביסה סגול רמיל,ליטרים,4.00,ליטר,false,,13.60,3.4000,true,1,3074293
7290016255812,false,מסיר אבנית 1ליטר רמי,,,מסיר אבנית 1ליטר רמי,ליטרים,1.00,ליטר,false,,9.30,9.3000,true,1,3074095
7290016270273,false,כרובית ארוזה גן הירק,,,כרובית ארוזה גן הירק,יח',1.00,יח',false,,8.90,8.9000,true,1,5226306
7290016270709,false,עגבניות שרי 460 ג,ביכורי השקמה,,עגבניות שרי 460 ג,גרמים,460.00,100 גרם,false,,8.90,0.0193,true,1,1961555
7290016272178,false,עוגיות שוקוצ'יפס רמי,,,עוגיות שוקוצ'יפס רמי,גרמים,150.00,100 גרם,false,,4.70,0.0313,true,1,1606695
7290016272796,false,נייר טואלט רמי לוי 3,,,נייר טואלט רמי לוי 3,יח',30.00,יח',false,,23.00,0.7667,true,1,1587679
7290016272802,false,מגבות רמי לוי 6 יח,,,מגבות רמי לוי 6 יח,יח',6.00,יח',false,,8.50,1.4167,true,1,1587680
7290016272819,false,צמר גפן 100 גר,,,צמר גפן 100 גר,גרמים,100.00,100 גרם,false,,4.40,0.0440,true,1,1608808
7290016272826,false,צמר גפן כדורים צבעונ,,,צמר גפן כדורים צבעונ,יח',1.00,יח',false,,4.40,4.4000,true,1,1608809
7290016272833,false,פדים קוסמטיים 80 יח,,,פדים קוסמטיים 80 יח,יח',80.00,יח',false,,5.00,0.0625,true,1,1608810
7290016273182,false,ציפס אמריקאי רמי לוי,,,ציפס אמריקאי רמי לוי,קילוגרמים,1.50,"ק""ג",false,,16.20,10.8000,true,1,3101850
7290016273519,false,קרם גוף לתינוק 480 מ,,,קרם גוף לתינוק 480 מ,מיליליטרים,480.00,"100 מ""ל",false,,8.50,0.0177,true,1,4654349
7290016273601,false,דבש לחיץ 500 גר רמי,,,דבש לחיץ 500 גר רמי,גרמים,500.00,100 גרם,false,,20.40,0.0408,true,1,2774622
7290016273694,false,נר נשמה זכוכית 48 שע,,,נר נשמה זכוכית 48 שע,יח',1.00,יח',false,,3.30,3.3000,true,1,2902088
7290016273700,false,נר נשמה זכוכית 72 שע,,,נר נשמה זכוכית 72 שע,יח',1.00,יח',false,,4.00,4.0000,true,1,2902089
7290016276534,false,שמן קוקוס,,,שמן קוקוס,יחידה,0.00,יחידה,false,,25.60,0.0000,true,1,4642976
7290016277746,false,חטיפי דגנים 150 גרם,,,חטיפי דגנים 150 גרם,גרמים,150.00,100 גרם,false,,7.60,0.0507,true,1,2405632
7290016277760,false,חטיפי דגנים בציפוי ש,,,חטיפי דגנים בציפוי ש,גרמים,150.00,100 גרם,false,,7.60,0.0507,true,1,2405634
7290016277890,false,מעדן פרי תות רמי לוי,,,מעדן פרי תות רמי לוי,גרמים,284.00,100 גרם,false,,7.60,0.0268,true,1,1809315
7290016277937,false,מעדן פרי משמש רמי לו,,,מעדן פרי משמש רמי לו,גרמים,284.00,100 גרם,false,,7.60,0.0268,true,1,1809319
7290016277944,false,מעדן פרי שזיף רמי לו,,,מעדן פרי שזיף רמי לו,גרמים,284.00,100 גרם,false,,7.60,0.0268,true,1,1809320
7290016277951,false,מעדן פרי פירות רמי ל,,,מעדן פרי פירות רמי ל,גרמים,284.00,100 גרם,false,,7.60,0.0268,true,1,1809321
7290016319309,false,פמלי פרלי 1ליטר מאסק,,,פמלי פרלי 1ליטר מאסק,ליטרים,1.00,ליטר,false,,10.80,10.8000,true,1,1600763
7290016320343,false,דאק ג'ל נוזל * 750זו,,,דאק ג'ל נוזל * 750זו,מיליליטרים,750.00,"100 מ""ל",false,,14.40,0.0192,true,1,3138722
7290016321326,false,פמלי אל סבון מנדרין,,,פמלי אל סבון מנדרין,מטרים,1000.00,100 מ'ל,false,,8.50,0.0085,true,1,5338176
7290016321531,false,מגע המשי רצועות שעוו,,,מגע המשי רצועות שעוו,יח',16.00,יח',false,,17.00,1.0625,true,1,5250948
7290016321678,false,פרש וואנס רביעיה נטו,,,פרש וואנס רביעיה נטו,יח',4.00,יח',false,,13.50,3.3750,true,1,4809980
7290016321883,false,פרש וואנס נייר טואלט,,,פרש וואנס נייר טואלט,יח',1.00,יח',false,,11.00,11.0000,true,1,5007582
7290016321890,false,פרש וואנס מתכלת 1/3,,,פרש וואנס מתכלת 1/3,יח',1.00,יח',false,,11.00,11.0000,true,1,5007583
7290016329278,false,מגבוני קמיל בלו 64 י,"ד""ר פישר",IL,מגבוני קמיל בלו 75 יח' מי,יח',4.00,יח',false,,17.00,4.2500,true,1,1891660
7290016329308,false,סרקל קרם רוזמרין לשי,,,סרקל קרם רוזמרין לשי,מיליליטרים,325.00,"100 מ""ל",false,,21.30,0.0655,true,1,2090267
7290016329674,false,קרם פנים קמיל בלו 75,,,קרם פנים קמיל בלו 75,100 מל,75.00,100 מל,false,,21.30,0.2840,true,1,2405468
7290016334050,false,סלרי חתוך,,,סלרי חתוך,יח',1.00,יח',false,,5.90,5.9000,true,1,1606143
7290016334166,false,לוף רגיל ארוז,,,לוף רגיל ארוז,יח',1.00,יח',false,,6.90,6.9000,true,1,3174090
7290016334173,false,פלפלונים רמי לוי,,,פלפלונים רמי לוי,יח',1.00,יח',false,,8.90,8.9000,true,1,1929049
7290016334180,false,מלפפון בייבי רמי לוי,,,מלפפון בייבי רמי לוי,יח',1.00,יח',false,,8.90,8.9000,true,1,1929050
7290016334296,false,ברוקולי רמי לוי,,,ברוקולי רמי לוי,יח',1.00,יח',false,,9.90,9.9000,true,1,1929051
7290016334388,false,פלפל צ'ילי רמי לוי,,,פלפל צ'ילי רמי לוי,יח',1.00,יח',false,,5.90,5.9000,true,1,3360426
7290016334395,false,שיבה רמי לוי,,,שיבה רמי לוי,יח',1.00,יח',false,,4.90,4.9000,true,1,1777463
7290016334456,false,בזיליקום רמי לוי,,,בזיליקום רמי לוי,יח',1.00,יח',false,,3.30,3.3000,true,1,3174038
7290016334487,false,פלפל אדום יבש 200ג,ביכורי השקמה,,פלפל אדום יבש 200ג,יח',1.00,יח',false,,8.90,8.9000,true,1,2038511
7290016334500,false,זוג לבבות חסה,,,זוג לבבות חסה,יח',1.00,יח',false,,8.90,8.9000,true,1,2424296
7290016334562,false,פלפל יבש חריף,ביכורי השקמה,,פלפל יבש חריף,יח',1.00,יח',false,,12.90,12.9000,true,1,2073493
7290016334654,false,תרד ניו זילנדי רמי ל,,,תרד ניו זילנדי רמי ל,גרמים,200.00,100 גרם,false,,12.90,0.0645,true,1,4113171
7290016334883,false,עגבניות שרי תמר,,,עגבניות שרי תמר,יח',1.00,יח',false,,8.90,8.9000,true,1,4440819
7290016334890,false,עגבניות שרי ליקופן,,,עגבניות שרי ליקופן,יח',1.00,יח',false,,9.90,9.9000,true,1,4440820
7290016334906,false,עגבניות שרי מיקס,,,עגבניות שרי מיקס,יח',1.00,יח',false,,9.90,9.9000,true,1,4440821
7290016372342,false,עגבניות חתוכות לקובי,,,עגבניות חתוכות לקובי,גרמים,620.00,100 גרם,false,,14.40,0.0232,true,1,2901654
7290016372373,false,רוטב עגבניות 280 גר,,,רוטב עגבניות 280 גר,גרמים,280.00,100 גרם,false,,5.80,0.0207,true,1,2901634
7290016372397,false,תה ירוק תפוז גינג'ר,,,תה ירוק תפוז גינג'ר,יח',25.00,יח',false,,19.60,0.7840,true,1,2901572
7290016372458,false,הגן הקסום לימונית ול,,,הגן הקסום לימונית ול,יח',50.00,יח',false,,23.30,0.4660,true,1,2901574
7290016372489,false,חליטת ג'ינגר ולימון,,,חליטת ג'ינגר ולימון,יח',25.00,יח',false,,14.40,0.5760,true,1,2901637
7290016372496,false,חליטת ג'ינגר ודבש 2,,,חליטת ג'ינגר ודבש 2,יחידו,25.00,יחידו,false,,15.00,0.6000,true,1,2901589
7290016373790,false,טופי ממולא בטעם תות,,,טופי ממולא בטעם תות,גרמים,240.00,100 גרם,false,,13.60,0.0567,true,1,5228164
7290016408119,false,טרליני כעכים 225 גר,,,טרליני כעכים 225 גר,גרמים,225.00,100 גרם,false,,5.60,0.0249,true,1,1587191
7290016408133,false,טרליני כעכים 225 גר,,,טרליני כעכים 225 גר,גרמים,225.00,100 גרם,false,,5.60,0.0249,true,1,1587193
7290016408140,false,טרליני כעכים 225 גר,,,טרליני כעכים 225 גר,גרמים,225.00,100 גרם,false,,5.60,0.0249,true,1,1587194
7290016408294,false,מרשמלו ורוד לבן 150,,,מרשמלו ורוד לבן 150,גרמים,150.00,100 גרם,false,,3.80,0.0253,true,1,1958049
7290016408416,false,חטיף קרקר עם צ'ילי פ,,,חטיף קרקר עם צ'ילי פ,גרמים,130.00,100 גרם,false,,5.00,0.0385,true,1,1722428
7290016408423,false,חטיף קרקר עם זיתים ש,,,חטיף קרקר עם זיתים ש,גרמים,130.00,100 גרם,false,,5.00,0.0385,true,1,1722429
7290016408430,false,חטיף קרקר ותערובת תב,,,חטיף קרקר ותערובת תב,גרמים,130.00,100 גרם,false,,5.00,0.0385,true,1,1722430
7290016408447,false,חטיף קרקר עגבניות וב,,,חטיף קרקר עגבניות וב,גרמים,130.00,100 גרם,false,,5.00,0.0385,true,1,1722431
7290016408720,false,מיקסים בייגלה מצופה,,,מיקסים בייגלה מצופה,גרמים,55.00,100 גרם,false,,3.30,0.0600,true,1,2774724
7290016408980,false,מטבעות שוקולד חלב 36,,,מטבעות שוקולד חלב 36,יח',1.00,יח',false,,2.50,2.5000,true,1,4283365
7290016416961,false,עוגת מוס גבינה תות ש,,,עוגת מוס גבינה תות ש,גרמים,400.00,100 גרם,false,,30.70,0.0767,true,1,1834765
7290016416992,false,עוגת דובוש ביסקוויטי,,,עוגת דובוש ביסקוויטי,גרמים,400.00,100 גרם,false,,33.20,0.0830,true,1,1834768
7290016437591,false,תחתונים סופגים לנשים,,,תחתונים סופגים לנשים,יח',8.00,יח',false,,28.10,3.5125,true,1,3380079
7290016437607,false,תחתונים סופגים לנשים,,,תחתונים סופגים לנשים,יח',8.00,יח',false,,28.10,3.5125,true,1,3380080
7290016437614,false,האגיס פרידום דריי פנ,,,האגיס פרידום דריי פנ,יח',44.00,יח',false,,35.80,0.8136,true,1,2355660
7290016496154,false,חנוכיה לנרות,פתילית,,חנוכיה לנרות,יח',1.00,יח',false,,3.30,3.3000,true,1,1859838
7290016505030,false,פנדה אגוזי לוז 100 ג,,,פנדה אגוזי לוז 100 ג,גרמים,100.00,100 גרם,false,,15.30,0.1530,true,1,5417877
7290016505047,false,פנדה פנדה קרמלח 100ג,,,פנדה פנדה קרמלח 100ג,גרמים,100.00,100 גרם,false,,15.30,0.1530,true,1,5417903
7290016509304,false,סוד כדוריות סבון נתל,,,סוד כדוריות סבון נתל,יח',1.00,יח',false,,6.80,6.8000,true,1,2580278
7290016509342,false,סוד מארז טריו כדוריו,,,סוד מארז טריו כדוריו,3 יח',1.00,3 יח',false,,12.60,12.6000,true,1,2741654
7290016509786,false,פרסיל ג'ל 2.5 ליטר י,,,פרסיל ג'ל 2.5 ליטר י,ליטרים,2.50,ליטר,false,,29.50,11.8000,true,1,3924403
7290016509809,false,פרסיל ג'ל 2.5 ליטר ק,,,פרסיל ג'ל 2.5 ליטר ק,ליטרים,2.50,ליטר,false,,29.50,11.8000,true,1,3924405
7290016509823,false,פרסיל ג'ל 2.5 ליטר ב,,,פרסיל ג'ל 2.5 ליטר ב,ליטרים,2.50,ליטר,false,,29.50,11.8000,true,1,3924407
7290016509847,false,פרסיל ג'ל לכביסה כהה,,,פרסיל ג'ל לכביסה כהה,ליטרים,2.50,ליטר,false,,29.50,11.8000,true,1,4301876
7290016510102,false,הוואי מרכך רגיל 700,,,הוואי מרכך רגיל 700,מיליליטרים,700.00,"100 מ""ל",false,,7.60,0.0109,true,1,3354590
7290016510904,false,הוואי מרכך דובדבן 70,,,הוואי מרכך דובדבן 70,מיליליטרים,700.00,"100 מ""ל",false,,7.60,0.0109,true,1,4677788
7290016523447,false,אטריות ביצים 300 ג',,,אטריות ביצים 300 ג',גרמים,300.00,100 גרם,false,,6.60,0.0220,true,1,2800525
7290016523454,false,אטריות עם תרד 300 ג',,,אטריות עם תרד 300 ג',גרמים,300.00,100 גרם,false,,6.60,0.0220,true,1,2807262
7290016542509,false,טוסקנה מבעבעת יבש 10,,,טוסקנה מבעבעת יבש 10,מיליליטרים,750.00,"100 מ""ל",false,,10.20,0.0136,true,1,2372775
7290016542516,false,טוסקניה מבעבע חצי יב,,,טוסקניה מבעבע חצי יב,מיליליטרים,750.00,"100 מ""ל",false,,10.20,0.0136,true,1,2372776
7290016572261,false,ירקות מעורבים 1קג,,,ירקות מעורבים 1קג,קילוגרמים,1.00,"ק""ג",false,,9.30,9.3000,true,1,5383075
7290016572476,false,חומוס גרגירים 1קג,,,חומוס גרגירים 1קג,קילוגרמים,1.00,"ק""ג",false,,11.90,11.9000,true,1,5383078
7290016572490,false,פול ירוק 1קג,,,פול ירוק 1קג,קילוגרמים,1.00,"ק""ג",false,,9.30,9.3000,true,1,5383079
7290016584004,false,חטיפוני גזר 130 גרם,מרינה,,חטיפוני גזר 130 גרם,גרמים,130.00,100 גרם,false,,5.00,0.0385,true,1,1566902
7290016584011,false,חטיפוני גזר 350 גרם,מרינה,,חטיפוני גזר 350 גרם,גרמים,350.00,100 גרם,false,,10.20,0.0291,true,1,1566903
7290016584219,false,שעועית ירוקה שלמה טר,,,שעועית ירוקה שלמה טר,גרמים,600.00,100 גרם,false,,14.90,0.0248,true,1,5276168
7290016601015,false,מים מזוקקים 4 לי,סאסאטק,,מים מזוקקים 4 לי,ליטרים,4.00,ליטר,false,,8.50,2.1250,true,1,1606185
7290016601114,false,דאו ספריי בריז 150 מ,,,דאו ספריי בריז 150 מ,מיליליטרים,150.00,"100 מ""ל",false,,6.80,0.0453,true,1,3618872
7290016601121,false,דאו ספריי ויקטוריי 1,,,דאו ספריי ויקטוריי 1,מיליליטרים,150.00,"100 מ""ל",false,,6.80,0.0453,true,1,3618873
7290016601145,false,דאו ספריי ספורט 150,,,דאו ספריי ספורט 150,מיליליטרים,150.00,"100 מ""ל",false,,6.80,0.0453,true,1,3618875
7290016601466,false,נוזל רצפות רמי לוי 2,,,נוזל רצפות רמי לוי 2,ליטרים,2.00,ליטר,false,,6.80,3.4000,true,1,1774188
7290016601473,false,נוזל רצפות רמי לוי 2,,,נוזל רצפות רמי לוי 2,ליטרים,2.00,ליטר,false,,6.80,3.4000,true,1,1774189
7290016601480,false,נוזל רצפות רמי לוי 2,,,נוזל רצפות רמי לוי 2,ליטרים,2.00,ליטר,false,,6.80,3.4000,true,1,1774190
7290016601497,false,נוזל רצפות רמי לוי 2,,,נוזל רצפות רמי לוי 2,ליטרים,2.00,ליטר,false,,6.80,3.4000,true,1,1774191
7290016621341,false,קמיל אל סבון 1 ליטר,,,קמיל אל סבון 1 ליטר,100 מל,1000.00,100 מל,false,,13.50,0.0135,true,1,2405439
7290016621358,false,קמיל אל סבון 1 ליטר,,,קמיל אל סבון 1 ליטר,100 מל,1000.00,100 מל,false,,13.50,0.0135,true,1,2405440
7290016621952,false,קרם פנים קמיל בלו 75,,,קרם פנים קמיל בלו 75,100 מל,75.00,100 מל,false,,25.60,0.3413,true,1,2405469
7290016682182,false,שייק תמר בננה 1 ליטר,,,שייק תמר בננה 1 ליטר,ליטרים,1.00,ליטר,false,,12.40,12.4000,true,1,2253556
7290016682243,false,מיץ אשכולית אדומה 1ל,,,מיץ אשכולית אדומה 1ל,ליטרים,1.00,ליטר,false,,12.40,12.4000,true,1,4173778
7290016682328,false,מיץ תפוזים מרכז 2לי,,,מיץ תפוזים מרכז 2לי,ליטרים,2.00,ליטר,false,,15.30,7.6500,true,1,5333432
7290016682335,false,מיץ תפוזים סחוט 2לי,,,מיץ תפוזים סחוט 2לי,ליטרים,2.00,ליטר,false,,21.30,10.6500,true,1,5333433
7290016682342,false,מיץ תפוזים ולנסיה 2ל,,,מיץ תפוזים ולנסיה 2ל,ליטרים,2.00,ליטר,false,,22.80,11.4000,true,1,5333434
7290016682359,false,מיץ תפוזים שמוטי 2לי,,,מיץ תפוזים שמוטי 2לי,ליטרים,2.00,ליטר,false,,22.80,11.4000,true,1,5333435
7290016682366,false,מיץ תפוח צלול 2לי,,,מיץ תפוח צלול 2לי,ליטרים,2.00,ליטר,false,,15.90,7.9500,true,1,5333436
7290016682373,false,מיץ לימונדה בלדי 2 ל,,,מיץ לימונדה בלדי 2 ל,ליטרים,2.00,ליטר,false,,15.90,7.9500,true,1,5333437
7290016682380,false,מיץ לימונדה לואיזה 2,,,מיץ לימונדה לואיזה 2,ליטרים,2.00,ליטר,false,,15.90,7.9500,true,1,5333438
7290016682397,false,מיץ חמוציות 2לי,,,מיץ חמוציות 2לי,ליטרים,2.00,ליטר,false,,15.90,7.9500,true,1,5333439
7290016682441,false,מיץ תפוזים עשוי מרכז,,,מיץ תפוזים עשוי מרכז,מטרים,1000.00,100 מ'ל,false,,11.90,0.0119,true,1,5339948
7290016693041,false,אמירים רזרב קברנה 75,,,אמירים רזרב קברנה 75,מיליליטרים,750.00,"100 מ""ל",false,,15.30,0.0204,true,1,2443197
7290016693058,false,אמירים רזרב מרלו 750,,,אמירים רזרב מרלו 750,מיליליטרים,750.00,"100 מ""ל",false,,15.30,0.0204,true,1,2443198
7290016693065,false,אמירים רזרב רוזה 750,,,אמירים רזרב רוזה 750,מיליליטרים,750.00,"100 מ""ל",false,,15.30,0.0204,true,1,2443199
7290016693287,false,גוורצטרמינר היוצר,,,גוורצטרמינר היוצר,מיליליטרים,750.00,"100 מ""ל",false,,38.40,0.0512,true,1,3181902
7290016693546,false,יין עונות קברנה 750,,,יין עונות קברנה 750,מיליליטרים,750.00,"100 מ""ל",false,,24.70,0.0329,true,1,4562499
7290016693560,false,יין עונות קברנה מרלו,,,יין עונות קברנה מרלו,מיליליטרים,750.00,"100 מ""ל",false,,24.70,0.0329,true,1,4562501
7290016693577,false,יין עונותאמרלד ריזלי,,,יין עונותאמרלד ריזלי,מיליליטרים,750.00,"100 מ""ל",false,,24.70,0.0329,true,1,4562572
7290016693799,false,מוסקטו רוזה,,,מוסקטו רוזה,מיליליטרים,750.00,"100 מ""ל",false,,29.90,0.0399,true,1,5239976
7290016717051,false,יין רימון באזז יקבי,,,יין רימון באזז יקבי,מיליליטרים,750.00,"100 מ""ל",false,,23.00,0.0307,true,1,4914914
7290016717099,false,יין אדום חצי יבש סלק,כרמל מזרחי,,יין אדום חצי יבש סלק,מיליליטרים,750.00,"100 מ""ל",false,,24.70,0.0329,true,1,1969266
7290016717235,false,קונקורד קינג דויד 18,,,קונקורד קינג דויד 18,מיליליטרים,187.00,"100 מ""ל",false,,5.10,0.0273,true,1,4536470
7290016717631,false,יין מוסקטו פרייבט קו,,,יין מוסקטו פרייבט קו,מיליליטרים,750.00,"100 מ""ל",false,,34.10,0.0455,true,1,3342962
7290016717754,false,יין ישן נושן יקבי כר,,,יין ישן נושן יקבי כר,מיליליטרים,750.00,"100 מ""ל",false,,16.20,0.0216,true,1,3529847
7290016717976,false,ספארקלינג באזז אפרסק,,,ספארקלינג באזז אפרסק,מיליליטרים,750.00,"100 מ""ל",false,,23.00,0.0307,true,1,5245918
7290016732672,false,מברשת סנסודיין הגנה,,,מברשת סנסודיין הגנה,יח',1.00,יח',false,,21.30,21.3000,true,1,2885561
7290016733020,false,ממחטות כיס רמילוי,,,ממחטות כיס רמילוי,יח',1.00,יח',false,,5.00,5.0000,true,1,2138665
7290016733044,false,מטליות ריצפה מיקרופי,,,מטליות ריצפה מיקרופי,יח',3.00,יח',false,,13.60,4.5333,true,1,1606823
7290016733051,false,מטליות ניקוי כללי מי,,,מטליות ניקוי כללי מי,יח',10.00,יח',false,,12.70,1.2700,true,1,1606824
7290016733365,false,שמן זית איטלקי רמי ל,,,שמן זית איטלקי רמי ל,מיליליטרים,750.00,"100 מ""ל",false,,21.30,0.0284,true,1,1979585
7290016733709,false,שמן זית כתית מעולה ר,,,שמן זית כתית מעולה ר,מיליליטרים,750.00,"100 מ""ל",false,,25.60,0.0341,true,1,2066194
7290016733815,false,מטליות רב שימושיות ל,,,מטליות רב שימושיות ל,גרמים,700.00,100 גרם,false,,15.80,0.0226,true,1,1969777
7290016865080,false,שניצל דק בציפוי שומש,,,שניצל דק בציפוי שומש,גרמים,700.00,100 גרם,false,,23.80,0.0340,true,1,2412477
7290016865103,false,שניצל דק בציפוי ציפס,,,שניצל דק בציפוי ציפס,גרמים,700.00,100 גרם,false,,23.80,0.0340,true,1,2412479
7290016865608,false,כדוריות סבון אסלה -נ,,,כדוריות סבון אסלה -נ,יח',1.00,יח',false,,8.50,8.5000,true,1,2765680
7290016865615,false,כדוריות סבון אסלה -נ,,,כדוריות סבון אסלה -נ,יח',1.00,יח',false,,8.50,8.5000,true,1,2765681
7290016865622,false,כדוריות סבון אסלה -נ,,,כדוריות סבון אסלה -נ,יח',1.00,יח',false,,8.50,8.5000,true,1,2765696
7290016865639,false,כדוריות סבון אסלה של,,,כדוריות סבון אסלה של,יח',3.00,יח',false,,8.50,2.8333,true,1,2765697
7290016866643,false,פרודונטקס פרש 75 מל,,,פרודונטקס פרש 75 מל,100 מל,75.00,100 מל,false,,26.40,0.3520,true,1,3782834
7290016866650,false,פרודונטקס אורג'ינל 7,,,פרודונטקס אורג'ינל 7,100 מל,75.00,100 מל,false,,26.40,0.3520,true,1,3782835
7290016866667,false,פרודונטקס פלאוריד 75,,,פרודונטקס פלאוריד 75,100 מל,75.00,100 מל,false,,26.40,0.3520,true,1,3953501
7290016866674,false,פרודונטקס מלבינה 75,,,פרודונטקס מלבינה 75,100 מל,75.00,100 מל,false,,26.40,0.3520,true,1,3782836
7290016866704,false,סטייל שמפו קרטין 750,,,סטייל שמפו קרטין 750,מיליליטרים,750.00,"100 מ""ל",false,,21.30,0.0284,true,1,3160658
7290016866711,false,סטייל מרכך קרטין 750,,,סטייל מרכך קרטין 750,גרמים,750.00,100 גרם,false,,21.30,0.0284,true,1,3160659
7290016866728,false,סטייל מסכה קרטין 750,,,סטייל מסכה קרטין 750,מיליליטרים,750.00,"100 מ""ל",false,,23.80,0.0317,true,1,3160660
7290016866735,false,סטייל קרם לחות קרטין,,,סטייל קרם לחות קרטין,גרמים,750.00,100 גרם,false,,23.80,0.0317,true,1,3160661
7290016882421,false,קונפיטורה אפרסק 70%,,,קונפיטורה אפרסק 70%,100 יח,450.00,100 יח,false,,9.30,0.0207,true,1,5409292
7290016912494,false,אפקטיב קר תרחיץ פנים,,,אפקטיב קר תרחיץ פנים,מיליליטרים,180.00,"100 מ""ל",false,,15.30,0.0850,true,1,2948405
7290016912500,false,אפקטיב קר תרחיץ פנים,,,אפקטיב קר תרחיץ פנים,מיליליטרים,180.00,"100 מ""ל",false,,15.30,0.0850,true,1,2948406
7290016967074,false,לחם חיטה מלאה 750 ג,אנג'ל,,לחם חיטה מלאה 750 ג,גרמים,750.00,100 גרם,false,,13.60,0.0181,true,1,2135565
7290016967456,false,לחם צרפתי כוסמין 100,,,לחם צרפתי כוסמין 100,גרמים,600.00,100 גרם,false,,14.40,0.0240,true,1,2751491
7290017023212,false,שוופס רביעייה מוגז פ,,,שוופס רביעייה מוגז פ,ליטרים,1.32,ליטר,false,,10.30,7.8030,true,1,3471230
7290017023229,false,שוופס רביעייה מוגז פ,,,שוופס רביעייה מוגז פ,ליטרים,1.32,ליטר,false,,10.30,7.8030,true,1,3471231
7290017023236,false,שוופס רביעייה מוגז פ,,,שוופס רביעייה מוגז פ,ליטרים,1.32,ליטר,false,,10.30,7.8030,true,1,3471232
7290017023663,false,שוופס רביעייה מוגז פ,,,שוופס רביעייה מוגז פ,ליטרים,1.32,ליטר,false,,10.30,7.8030,true,1,4068503
7290017023809,false,ספרינג אגס סברס תפוח,,,ספרינג אגס סברס תפוח,מטרים,1000.00,100 מ'ל,false,,9.70,0.0097,true,1,5025749
7290017023816,false,ספרינג פירות טרופיים,,,ספרינג פירות טרופיים,מטרים,1000.00,100 מ'ל,false,,9.70,0.0097,true,1,5025750
7290017023823,false,ספרינג תות בננה 4*25,,,ספרינג תות בננה 4*25,מטרים,1000.00,100 מ'ל,false,,9.70,0.0097,true,1,5025751
7290017023854,false,שוופס סודה רביעייה 2,,,שוופס סודה רביעייה 2,ליטרים,1.00,ליטר,false,,8.60,8.6000,true,1,4508275
7290017023861,false,שוופס סודה רביעייה 2,,,שוופס סודה רביעייה 2,ליטרים,1.00,ליטר,false,,8.60,8.6000,true,1,4508276
7290017023878,false,שוופס סודה רביעייה 2,,,שוופס סודה רביעייה 2,ליטרים,1.00,ליטר,false,,8.60,8.6000,true,1,4508277
7290017031477,false,משחת סנסודיין רפיד ר,,,משחת סנסודיין רפיד ר,יח',1.00,יח',false,,20.40,20.4000,true,1,4675405
7290017031514,false,קרם לחות לשיער סטייל,,,קרם לחות לשיער סטייל,מיליליטרים,400.00,"100 מ""ל",false,,23.80,0.0595,true,1,3950425
7290017031705,false,סנסודיין קלין פרש 75,,,סנסודיין קלין פרש 75,מטרים,75.00,100 מ'ל,false,,18.70,0.2493,true,1,4345385
7290017031811,false,זוג מברשות שיניים פר,,,זוג מברשות שיניים פר,יח',1.00,יח',false,,17.00,17.0000,true,1,4740995
7290017031859,false,פרודונטקס אולטרא קלי,,,פרודונטקס אולטרא קלי,מטרים,75.00,100 מ'ל,false,,26.40,0.3520,true,1,4345386
7290017040288,false,קורנפלקס פתיתי תירס,,,קורנפלקס פתיתי תירס,גרמים,500.00,100 גרם,false,,9.30,0.0186,true,1,5367226
7290017040301,false,קורנפלקס טבעות דגנים,,,קורנפלקס טבעות דגנים,גרמים,375.00,100 גרם,false,,9.30,0.0248,true,1,5367207
7290017058689,false,זית שחור טבעי 400גר,,,זית שחור טבעי 400גר,גרמים,400.00,100 גרם,false,,11.00,0.0275,true,1,4904863
7290017062204,false,מרכך כביסה מרוכז 1לי,,,מרכך כביסה מרוכז 1לי,ליטרים,1.00,ליטר,false,,8.10,8.1000,true,1,4025379
7290017062211,false,מרכך כביסה מרוכז 1לי,,,מרכך כביסה מרוכז 1לי,ליטרים,1.00,ליטר,false,,8.10,8.1000,true,1,4025380
7290017065007,false,מוצרלה פרוסה גד 150,,,מוצרלה פרוסה גד 150,גרמים,150.00,100 גרם,false,,14.40,0.0960,true,1,2440057
7290017065137,false,ריקוטה למריחה 5% טבע,,,ריקוטה למריחה 5% טבע,יח',1.00,יח',false,,7.60,7.6000,true,1,3221824
7290017065144,false,ריקוטה למריחה 5% בזי,,,ריקוטה למריחה 5% בזי,יח',1.00,יח',false,,7.60,7.6000,true,1,3221825
7290017065175,false,גבינה חצי קשה במעטפת,,,גבינה חצי קשה במעטפת,גרמים,150.00,100 גרם,false,,17.00,0.1133,true,1,3646646
7290017065212,false,קרם מסקרפונה 38% שומ,,,קרם מסקרפונה 38% שומ,יח',1.00,יח',false,,13.60,13.6000,true,1,4767895
7290017065236,false,גבינה בולגרית מעודנת,,,גבינה בולגרית מעודנת,גרמים,250.00,100 גרם,false,,18.70,0.0748,true,1,3753084
7290017065380,false,גבינת גרנה פדנו שבבי,,,גבינת גרנה פדנו שבבי,גרמים,100.00,100 גרם,false,,11.90,0.1190,true,1,4722573
7290017065441,false,פרוסות גאודה עיזים.,,,פרוסות גאודה עיזים.,גרמים,200.00,100 גרם,false,,23.80,0.1190,true,1,4722577
7290017065526,false,קואטרו פורמאג'י,,,קואטרו פורמאג'י,גרמים,300.00,100 גרם,false,,22.10,0.0737,true,1,4722582
7290017065588,false,יוגורט יווני 10%,,,יוגורט יווני 10%,גרמים,600.00,100 גרם,false,,12.60,0.0210,true,1,5239123
7290017065618,false,פקורינו פרוס 150 גר,,,פקורינו פרוס 150 גר,גרמים,150.00,100 גרם,false,,16.20,0.1080,true,1,5239124
7290017065663,false,גבינת פטה עיזים מעוד,,,גבינת פטה עיזים מעוד,גרמים,200.00,100 גרם,false,,24.70,0.1235,true,1,5267083
7290017065731,false,גבינת שמנת עם כמהין,,,גבינת שמנת עם כמהין,גרמים,200.00,100 גרם,false,,11.00,0.0550,true,1,5298564
7290017065786,false,צ'דר 210 גר,,,צ'דר 210 גר,גרמים,210.00,100 גרם,false,,15.30,0.0729,true,1,5327062
7290017065861,false,קאצ'יו אה פפה 200 גר,,,קאצ'יו אה פפה 200 גר,גרמים,200.00,100 גרם,false,,11.60,0.0580,true,1,5370717
7290017065878,false,מק אנד צ'יז 200 גר,,,מק אנד צ'יז 200 גר,גרמים,200.00,100 גרם,false,,11.60,0.0580,true,1,5370718
7290017068404,false,ריבת מיקס פירות 370,,,ריבת מיקס פירות 370,גרמים,370.00,100 גרם,false,,7.60,0.0205,true,1,4635558
7290017068879,false,חמאת בוטנים 510 גר,,,חמאת בוטנים 510 גר,גרמים,510.00,100 גרם,false,,8.50,0.0167,true,1,5279421
7290017068985,false,שיבולת שועל מלאה עבה,,,שיבולת שועל מלאה עבה,גרמים,500.00,100 גרם,false,,8.50,0.0170,true,1,5281774
7290017068992,false,ערמונים קלופים וקלוי,,,ערמונים קלופים וקלוי,גרמים,100.00,100 גרם,false,,4.20,0.0420,true,1,5339910
7290017079356,false,קשיות 100 יח' משפחתי,,,קשיות 100 יח' משפחתי,יח',1.00,יח',false,,13.60,13.6000,true,1,5362394
7290017079769,false,מחית תפוע ובננה בפאו,,,מחית תפוע ובננה בפאו,יח',1.00,יח',false,,3.30,3.3000,true,1,5297796
7290017079783,false,מחית תפוע בפאוץ כשלפ,,,מחית תפוע בפאוץ כשלפ,יח',1.00,יח',false,,3.30,3.3000,true,1,5297798
7290017079790,false,מחית פירות מעורבים ב,,,מחית פירות מעורבים ב,יח',1.00,יח',false,,3.30,3.3000,true,1,5297799
7290017079950,false,סרדינים בדצ לימון טע,,,סרדינים בדצ לימון טע,יח',1.00,יח',false,,5.90,5.9000,true,1,5362330
7290017079967,false,סרדינים בדצ בשמן קנו,,,סרדינים בדצ בשמן קנו,יח',1.00,יח',false,,5.90,5.9000,true,1,5362331
7290017079974,false,סרדינים בדצ פלפל חרי,,,סרדינים בדצ פלפל חרי,יח',1.00,יח',false,,5.90,5.9000,true,1,5362332
7290017079998,false,פילה סרדין פלפל חריף,,,פילה סרדין פלפל חריף,יח',1.00,יח',false,,7.30,7.3000,true,1,5362307
7290017088082,false,בייביסיטר משופר מידה,,,בייביסיטר משופר מידה,יח',1.00,יח',false,,28.10,28.1000,true,1,3688326
7290017088099,false,בייביסיטר משופר מידה,,,בייביסיטר משופר מידה,יח',1.00,יח',false,,28.10,28.1000,true,1,3688327
7290017088495,false,טופ פד אקסטרה 20 יח,,,טופ פד אקסטרה 20 יח,יח',1.00,יח',false,,7.60,7.6000,true,1,5267906
7290017088501,false,טופ פד אקסטרה לונג 2,,,טופ פד אקסטרה לונג 2,יח',1.00,יח',false,,7.60,7.6000,true,1,5267907
7290017088679,false,מגבונים ביבי 7 יחידו,,,מגבונים ביבי 7 יחידו,יח',1.00,יח',false,,12.70,12.7000,true,1,5275194
7290017088815,false,תחבושות בריז נורמל 1,,,תחבושות בריז נורמל 1,יח',1.00,יח',false,,12.70,12.7000,true,1,5307787
7290017088822,false,תחבושות בריז אקסטרה,,,תחבושות בריז אקסטרה,יח',1.00,יח',false,,12.70,12.7000,true,1,5307788
7290017088839,false,תחבושות בריז אקסטרה,,,תחבושות בריז אקסטרה,יח',1.00,יח',false,,12.70,12.7000,true,1,5307789
7290017088846,false,תחבושות בריז מקסי 8,,,תחבושות בריז מקסי 8,יח',1.00,יח',false,,12.70,12.7000,true,1,5307790
7290017088969,false,חיתולי בייביסיטר ביי,,,חיתולי בייביסיטר ביי,יח',1.00,יח',false,,22.10,22.1000,true,1,5332778
7290017094861,false,שמיר אסלי סלט חומוס,,,שמיר אסלי סלט חומוס,גרמים,400.00,100 גרם,false,,8.40,0.0210,true,1,5382151
7290017105062,false,חומוס יכין הקטניה הט,,,חומוס יכין הקטניה הט,גרמים,105.00,100 גרם,false,,3.30,0.0314,true,1,3101951
7290017105079,false,שעועית לבנה ברוטב עג,,,שעועית לבנה ברוטב עג,גרמים,105.00,100 גרם,false,,3.30,0.0314,true,1,3102039
7290017105086,false,שעועית צ'ילי יכין הק,,,שעועית צ'ילי יכין הק,גרמים,105.00,100 גרם,false,,3.30,0.0314,true,1,3102040
7290017105116,false,תורמוס יכין הקטניה ה,,,תורמוס יכין הקטניה ה,גרמים,105.00,100 גרם,false,,3.30,0.0314,true,1,3102043
7290017105369,false,סירופ דיאט בטעם תה א,,,סירופ דיאט בטעם תה א,יח',1.00,יח',false,,14.30,14.3000,true,1,4805152
7290017105468,false,אפונה קטנה יכין 200,,,אפונה קטנה יכין 200,גרמים,360.00,100 גרם,false,,12.70,0.0353,true,1,5140060
7290017121048,false,עללחם פלפל צ'ומה 250,,,עללחם פלפל צ'ומה 250,גרמים,250.00,100 גרם,false,,11.00,0.0440,true,1,4792940
7290017121086,false,עללחם אריסה ביתית מת,,,עללחם אריסה ביתית מת,גרמים,250.00,100 גרם,false,,11.00,0.0440,true,1,5347191
7290017121093,false,עללחם אריסה חריפה 25,,,עללחם אריסה חריפה 25,גרמים,250.00,100 גרם,false,,11.00,0.0440,true,1,4792957
7290017129273,false,מטבעות שוקולד חלב גד,,,מטבעות שוקולד חלב גד,יח',1.00,יח',false,,25.60,25.6000,true,1,2955748
7290017129495,false,אגו מיקס כדורי תירס,,,אגו מיקס כדורי תירס,גרמים,55.00,100 גרם,false,,3.30,0.0600,true,1,3292840
7290017129501,false,אגו מיקס כדורי תירס,,,אגו מיקס כדורי תירס,גרמים,55.00,100 גרם,false,,3.30,0.0600,true,1,3292841
7290017129617,false,לקקן קולה לימונדה 45,,,לקקן קולה לימונדה 45,יח',1.00,יח',false,,11.00,11.0000,true,1,3931492
7290017129624,false,לקקן ענבים תפוח 450,,,לקקן ענבים תפוח 450,גרמים,450.00,100 גרם,false,,11.90,0.0264,true,1,3931493
7290017129754,false,שוקולד 70% קלאסי כשל,,,שוקולד 70% קלאסי כשל,גרמים,100.00,100 גרם,false,,6.80,0.0680,true,1,3931496
7290017129761,false,שוקולד פרימיום 70% ת,,,שוקולד פרימיום 70% ת,גרמים,100.00,גרם,false,,6.80,0.0680,true,1,3931497
7290017129778,false,שוקולד פרימיום 70% ק,,,שוקולד פרימיום 70% ק,גרמים,100.00,גרם,false,,6.80,0.0680,true,1,3931498
7290017129822,false,מטבעות שוקולד מריר 3,,,מטבעות שוקולד מריר 3,גרמים,36.00,גרם,false,,2.50,0.0694,true,1,4283367
7290017129839,false,שוקולד פרימיום 70% פ,,,שוקולד פרימיום 70% פ,גרמים,100.00,גרם,false,,6.80,0.0680,true,1,3931499
7290017129846,false,עוגיות מיני קוקיס בט,,,עוגיות מיני קוקיס בט,גרמים,600.00,100 גרם,false,,13.60,0.0227,true,1,4018590
7290017129884,false,חמישיית שוקלד מריר 6,,,חמישיית שוקלד מריר 6,גרמים,425.00,100 גרם,false,,12.70,0.0299,true,1,4037169
7290017129983,false,אגו שוקו צ'יפס לבן 2,,,אגו שוקו צ'יפס לבן 2,גרמים,250.00,100 גרם,false,,7.60,0.0304,true,1,4457651
7290017140056,false,קמח חומוס 500 גר,,,קמח חומוס 500 גר,גרמים,500.00,100 גרם,false,,13.60,0.0272,true,1,5010957
7290017140308,false,קמח שקדים 250 גר,,,קמח שקדים 250 גר,גרמים,250.00,100 גרם,false,,21.30,0.0852,true,1,5291825
7290017140650,false,תערובת לעוגת שוקולד,,,תערובת לעוגת שוקולד,גרמים,400.00,100 גרם,false,,17.00,0.0425,true,1,5351410
7290017142005,false,שמן קוקוס אורגני כתי,,,שמן קוקוס אורגני כתי,מיליליטרים,320.00,"100 מ""ל",false,,20.40,0.0637,true,1,2593013
7290017142128,false,שמן זית כתית מעולה ק,,,שמן זית כתית מעולה ק,מיליליטרים,750.00,"100 מ""ל",false,,28.00,0.0373,true,1,3345459
7290017142159,false,עץ הזית נתחי טונה בה,,,עץ הזית נתחי טונה בה,גרמים,168.00,100 גרם,false,,20.40,0.1214,true,1,3832227
7290017142166,false,עץ הזית פילה טונה פר,,,עץ הזית פילה טונה פר,יח',1.00,יח',false,,12.70,12.7000,true,1,4635799
7290017142180,false,עץ הזית פילה טונה פר,,,עץ הזית פילה טונה פר,יח',1.00,יח',false,,12.70,12.7000,true,1,4635800
7290017142203,false,עץ הזית פילה טונה פר,,,עץ הזית פילה טונה פר,יח',1.00,יח',false,,12.70,12.7000,true,1,4635801
7290017142289,false,תרסיס שמן חמניות עץ,,,תרסיס שמן חמניות עץ,מיליליטרים,200.00,"100 מ""ל",false,,13.40,0.0670,true,1,4460693
7290017142340,false,שמן זרעי ענבים מזוכך,,,שמן זרעי ענבים מזוכך,מטרים,1000.00,100 מ'ל,false,,21.30,0.0213,true,1,5151201
7290017142388,false,שמן חמניות פלוס 1 לי,,,שמן חמניות פלוס 1 לי,יח',1.00,יח',false,,12.70,12.7000,true,1,4858736
7290017142456,false,עץ הזית זוג נתחי טונ,,,עץ הזית זוג נתחי טונ,גרמים,320.00,100 גרם,false,,23.80,0.0744,true,1,5151207
7290017142500,false,תרסיס שמן זית כתית ב,,,תרסיס שמן זית כתית ב,מטרים,150.00,100 מ'ל,false,,14.40,0.0960,true,1,5396537
7290017153148,false,חלב מרוכז 300 גר,,,חלב מרוכז 300 גר,גרמים,300.00,100 גרם,false,,10.90,0.0363,true,1,2947934
7290017189123,false,צ'ורוס ספרדי 500גרם,,,צ'ורוס ספרדי 500גרם,גרמים,500.00,100 גרם,false,,12.70,0.0254,true,1,3549937
7290017189192,false,"פולי סויה 1 ק""ג",,,"פולי סויה 1 ק""ג",יח',1.00,יח',false,,12.70,12.7000,true,1,4227083
7290017189260,false,מיני פנקייק הולנדי 5,,,מיני פנקייק הולנדי 5,גרמים,500.00,100 גרם,false,,19.60,0.0392,true,1,4700341
7290017189413,false,טבעות בצל שלמות בציפ,,,טבעות בצל שלמות בציפ,גרמים,600.00,100 גרם,false,,11.50,0.0192,true,1,5234925
7290017197142,false,שמפו נועה נגד קשקשים,,,שמפו נועה נגד קשקשים,מיליליטרים,750.00,"100 מ""ל",false,,6.80,0.0091,true,1,3277678
7290017197159,false,שמפו ומרכך 2 ב1 נועה,,,שמפו ומרכך 2 ב1 נועה,מיליליטרים,750.00,"100 מ""ל",false,,6.80,0.0091,true,1,3277644
7290017197296,false,שמפו נועה לילדים 750,,,שמפו נועה לילדים 750,מיליליטרים,750.00,"100 מ""ל",false,,7.30,0.0097,true,1,3277645
7290017197319,false,מרכך לילדים נועה 750,,,מרכך לילדים נועה 750,מיליליטרים,750.00,"100 מ""ל",false,,7.30,0.0097,true,1,3277646
7290017197388,false,מגבונים הפי דייז מבו,,,מגבונים הפי דייז מבו,יח',72.00,יח',false,,17.00,0.2361,true,1,3157130
7290017197395,false,מגבונים הפי דייז ללא,,,מגבונים הפי דייז ללא,יח',72.00,יח',false,,17.00,0.2361,true,1,3157131
7290017197425,false,מגבונים בייבי מבושם,,,מגבונים בייבי מבושם,יח',4.00,יח',false,,12.70,3.1750,true,1,3157132
7290017197500,false,שמפו נועה לשיער יבש,,,שמפו נועה לשיער יבש,מיליליטרים,750.00,"100 מ""ל",false,,6.80,0.0091,true,1,3277679
7290017197517,false,שמפו נועה לשיער רגיל,,,שמפו נועה לשיער רגיל,מיליליטרים,750.00,"100 מ""ל",false,,6.80,0.0091,true,1,3277680
7290017197524,false,שמפו נועה לשיער רגיל,,,שמפו נועה לשיער רגיל,מיליליטרים,750.00,"100 מ""ל",false,,6.80,0.0091,true,1,3277681
7290017197531,false,מרכך נועה לשיער יבש,,,מרכך נועה לשיער יבש,מיליליטרים,750.00,"100 מ""ל",false,,6.80,0.0091,true,1,3277647
7290017197548,false,מרכך נועה מרוקאי לשי,,,מרכך נועה מרוקאי לשי,מיליליטרים,750.00,"100 מ""ל",false,,6.80,0.0091,true,1,3277648
7290017197555,false,מרכך נועה לשיער רגיל,,,מרכך נועה לשיער רגיל,מיליליטרים,750.00,"100 מ""ל",false,,6.80,0.0091,true,1,3277649
7290017197616,false,אל סבון בניחוח פירות,,,אל סבון בניחוח פירות,ליטרים,1.00,ליטר,false,,6.80,6.8000,true,1,3277682
7290017197623,false,אל סבון בניחוח לבנדר,,,אל סבון בניחוח לבנדר,100 ליטור,1.00,100 ליטור,false,,6.80,6.8000,true,1,3277683
7290017197630,false,אל סבון בניחוח ים 1,,,אל סבון בניחוח ים 1,ליטרים,1.00,ליטר,false,,6.80,6.8000,true,1,3277684
7290017197647,false,אל סבון בניחוח מאסק,,,אל סבון בניחוח מאסק,ליטרים,1.00,ליטר,false,,6.80,6.8000,true,1,3277685
7290017197654,false,מגבוני רצפה -רמי לוי,,,מגבוני רצפה -רמי לוי,יח',1.00,יח',false,,7.60,7.6000,true,1,3277701
7290017197678,false,מגבוני ניקיון שלישיי,,,מגבוני ניקיון שלישיי,יח',3.00,יח',false,,12.70,4.2333,true,1,3277702
7290017197838,false,שמפו וגל רחצה לגבר נ,,,שמפו וגל רחצה לגבר נ,מיליליטרים,750.00,"100 מ""ל",false,,7.30,0.0097,true,1,4345589
7290017197944,false,סבון קצף לידיים אלוו,,,סבון קצף לידיים אלוו,מיליליטרים,500.00,"100 מ""ל",false,,5.90,0.0118,true,1,5064541
7290017197951,false,סבון קצף לידיים 500מ,,,סבון קצף לידיים 500מ,מיליליטרים,500.00,"100 מ""ל",false,,5.90,0.0118,true,1,5064542
7290017197975,false,סבון קצף לילדים ענבי,,,סבון קצף לילדים ענבי,מיליליטרים,500.00,"100 מ""ל",false,,5.90,0.0118,true,1,5231649
7290017197982,false,סבון קצף לילדים מלון,,,סבון קצף לילדים מלון,מיליליטרים,500.00,"100 מ""ל",false,,5.90,0.0118,true,1,5231650
7290017239798,false,נתחי פילה דג בקלה של,,,נתחי פילה דג בקלה של,גרמים,250.00,100 גרם,false,,8.50,0.0340,true,1,5316239
7290017285887,false,אולטרסול ספורט קרם פ,,,אולטרסול ספורט קרם פ,מטרים,30.00,100 מ'ל,false,,21.20,0.7067,true,1,5232225
7290017289175,false,פטיט סירה סדרת ישראל,,,פטיט סירה סדרת ישראל,מיליליטרים,750.00,"100 מ""ל",false,,16.70,0.0223,true,1,4445711
7290017289205,false,קברנה סובניון סדרת י,,,קברנה סובניון סדרת י,מיליליטרים,750.00,"100 מ""ל",false,,16.70,0.0223,true,1,4445732
7290017289595,false,אינספייר בלנד אדום 7,,,אינספייר בלנד אדום 7,מיליליטרים,750.00,"100 מ""ל",false,,55.50,0.0740,true,1,5247482
7290017289601,false,בלנד לבן אימפרשן 750,,,בלנד לבן אימפרשן 750,מיליליטרים,750.00,"100 מ""ל",false,,34.10,0.0455,true,1,5244365
7290017297347,false,רוטב עגבניות מרוכז 2,,,רוטב עגבניות מרוכז 2,גרמים,580.00,100 גרם,false,,5.00,0.0086,true,1,5345586
7290017297354,false,רוטב עגבניות מרוכז 1,,,רוטב עגבניות מרוכז 1,גרמים,100.00,100 גרם,false,,1.20,0.0120,true,1,5320012
7290017297361,false,רוטב עגבניות 240 גר,,,רוטב עגבניות 240 גר,גרמים,240.00,100 גרם,false,,2.50,0.0104,true,1,5320300
7290017304885,false,לחם שיפון וחיטה מלאה,,,לחם שיפון וחיטה מלאה,גרמים,750.00,100 גרם,false,,14.40,0.0192,true,1,4899983
7290017374987,false,מטליות רב שימושיות צ,,,מטליות רב שימושיות צ,יח',1.00,יח',false,,16.70,16.7000,true,1,4176893
7290017389417,false,פיסטוק קלוף 150 גר,,,פיסטוק קלוף 150 גר,גרמים,150.00,100 גרם,false,,23.00,0.1533,true,1,3423412
7290017389424,false,שקד מולבן פרוס 200 ג,,,שקד מולבן פרוס 200 ג,גרמים,200.00,100 גרם,false,,14.40,0.0720,true,1,3423413
7290017389431,false,שקד מולבן שבבים 200,,,שקד מולבן שבבים 200,גרמים,200.00,100 גרם,false,,14.40,0.0720,true,1,3423414
7290017389455,false,שקדים טבעיים קלופים,,,שקדים טבעיים קלופים,גרמים,150.00,100 גרם,false,,13.60,0.0907,true,1,3426433
7290017389462,false,אגוזי מלך קלופים 150,,,אגוזי מלך קלופים 150,גרמים,150.00,100 גרם,false,,10.20,0.0680,true,1,3426434
7290017389479,false,אגוז פקאן קלופים 150,,,אגוז פקאן קלופים 150,גרמים,150.00,100 גרם,false,,16.20,0.1080,true,1,3426435
7290017389509,false,אגוזי קשיו קלויים 20,,,אגוזי קשיו קלויים 20,גרמים,200.00,100 גרם,false,,17.00,0.0850,true,1,3426438
7290017389523,false,גרעיני חמנייה קלויים,,,גרעיני חמנייה קלויים,גרמים,200.00,100 גרם,false,,3.70,0.0185,true,1,3426440
7290017389547,false,תערובת אגוזים קלויים,,,תערובת אגוזים קלויים,גרמים,200.00,100 גרם,false,,17.90,0.0895,true,1,3426441
7290017389554,false,גרעין אבטיח קלוי 200,,,גרעין אבטיח קלוי 200,גרמים,200.00,100 גרם,false,,11.90,0.0595,true,1,3426442
7290017389578,false,שקדים קלויים 200 גר,,,שקדים קלויים 200 גר,גרמים,200.00,100 גרם,false,,18.70,0.0935,true,1,3426444
7290017389615,false,פיסטוקים קלויים 200,,,פיסטוקים קלויים 200,גרמים,200.00,100 גרם,false,,15.30,0.0765,true,1,3426448
7290017389639,false,קבוקים 200 גר,,,קבוקים 200 גר,גרמים,200.00,100 גרם,false,,5.00,0.0250,true,1,3426450
7290017389646,false,חטיפי נשצ'אנס 150 גר,,,חטיפי נשצ'אנס 150 גר,גרמים,150.00,100 גרם,false,,6.40,0.0427,true,1,3426451
7290017389660,false,צימוק בהיר 400 גר,,,צימוק בהיר 400 גר,גרמים,400.00,100 גרם,false,,18.70,0.0467,true,1,3426453
7290017389684,false,שזיף מיובש ללא גלעין,,,שזיף מיובש ללא גלעין,גרמים,450.00,100 גרם,false,,18.70,0.0416,true,1,3426490
7290017389707,false,חמוציות ברכז פרי 330,,,חמוציות ברכז פרי 330,גרמים,330.00,100 גרם,false,,14.40,0.0436,true,1,3426470
7290017389721,false,פקאן סיני מסוכר 200,,,פקאן סיני מסוכר 200,גרמים,200.00,100 גרם,false,,21.30,0.1065,true,1,3426472
7290017389745,false,תפוח עץ מיובש 200 גר,,,תפוח עץ מיובש 200 גר,גרמים,200.00,100 גרם,false,,12.70,0.0635,true,1,3426474
7290017389769,false,בננה צ'יפס מסוכרת 25,,,בננה צ'יפס מסוכרת 25,גרמים,250.00,100 גרם,false,,8.50,0.0340,true,1,3426520
7290017389950,false,אגוז מלך גרוס 200 גר,,,אגוז מלך גרוס 200 גר,גרמים,200.00,100 גרם,false,,15.30,0.0765,true,1,3426179
7290017389967,false,ערמונים קלופים 100 ג,,,ערמונים קלופים 100 ג,גרמים,100.00,100 גרם,false,,4.20,0.0420,true,1,3429432
7290017390383,false,גרנולה צימוקים אגוזי,,,גרנולה צימוקים אגוזי,גרמים,1000.00,100 גרם,false,,17.00,0.0170,true,1,3429305
7290017390390,false,גרנולה פירות 1 קג,,,גרנולה פירות 1 קג,גרמים,1000.00,100 גרם,false,,17.00,0.0170,true,1,3429320
7290017390413,false,מיזלי פירות 1 קג,,,מיזלי פירות 1 קג,גרמים,1000.00,100 גרם,false,,17.00,0.0170,true,1,3429322
7290017390420,false,"מיזלי צימוקים ותפ""ע",,,"מיזלי צימוקים ותפ""ע",גרמים,1000.00,100 גרם,false,,17.00,0.0170,true,1,3429323
7290017390475,false,מטבעות שוקולד מריר ל,,,מטבעות שוקולד מריר ל,גרמים,300.00,100 גרם,false,,9.30,0.0310,true,1,3429356
7290017390482,false,מטבעות שוקולד חלב לא,,,מטבעות שוקולד חלב לא,גרמים,300.00,100 גרם,false,,9.30,0.0310,true,1,3429357
7290017390505,false,מטבעות שוקולד ציפס מ,,,מטבעות שוקולד ציפס מ,גרמים,300.00,100 גרם,false,,8.50,0.0283,true,1,3429359
7290017390536,false,סוכריות גומי תות שדה,,,סוכריות גומי תות שדה,גרמים,300.00,100 גרם,false,,8.50,0.0283,true,1,3429376
7290017390574,false,סוכריות גומי טעם אבט,,,סוכריות גומי טעם אבט,גרמים,300.00,100 גרם,false,,8.50,0.0283,true,1,3429394
7290017390598,false,סוכריות גומי צורת לב,,,סוכריות גומי צורת לב,גרמים,300.00,100 גרם,false,,8.50,0.0283,true,1,3429396
7290017390604,false,סוכריות גומי צורת בי,,,סוכריות גומי צורת בי,גרמים,300.00,100 גרם,false,,8.50,0.0283,true,1,3429397
7290017390611,false,שקד בציפוי שוקולד מר,,,שקד בציפוי שוקולד מר,גרמים,250.00,100 גרם,false,,13.60,0.0544,true,1,3429398
7290017390628,false,שקד בציפוי שוקולד חל,,,שקד בציפוי שוקולד חל,גרמים,250.00,100 גרם,false,,13.60,0.0544,true,1,3429399
7290017390635,false,שקד בציפוי שוקולד לב,,,שקד בציפוי שוקולד לב,גרמים,250.00,100 גרם,false,,13.60,0.0544,true,1,3429400
7290017390659,false,חמוציות בציפוי שוקול,,,חמוציות בציפוי שוקול,גרמים,250.00,100 גרם,false,,13.60,0.0544,true,1,3429402
7290017390673,false,צימוק בציפוי שוקולד,,,צימוק בציפוי שוקולד,גרמים,250.00,100 גרם,false,,13.60,0.0544,true,1,3429433
7290017390680,false,אגוז לוז בציפוי שוקו,,,אגוז לוז בציפוי שוקו,גרמים,250.00,100 גרם,false,,13.60,0.0544,true,1,3429434
7290017390697,false,אגוז לוז בציפוי שוקו,,,אגוז לוז בציפוי שוקו,גרמים,250.00,100 גרם,false,,13.60,0.0544,true,1,3429435
7290017390703,false,שומשום בציפוי שוקולד,,,שומשום בציפוי שוקולד,גרמים,250.00,100 גרם,false,,13.60,0.0544,true,1,3429436
7290017390710,false,שומשום בציפוי שוקולד,,,שומשום בציפוי שוקולד,גרמים,250.00,100 גרם,false,,13.60,0.0544,true,1,3429437
7290017390727,false,אגוז פקאן שוקולד מרי,,,אגוז פקאן שוקולד מרי,גרמים,250.00,100 גרם,false,,13.60,0.0544,true,1,3429438
7290017390734,false,פקאן בציפוי שוקולד ל,,,פקאן בציפוי שוקולד ל,גרמים,250.00,100 גרם,false,,13.60,0.0544,true,1,3429439
7290017390741,false,סוכריות מנטול ירוק 2,,,סוכריות מנטול ירוק 2,גרמים,220.00,100 גרם,false,,8.50,0.0386,true,1,3429440
7290017390758,false,סוכריות מנטול כחול 2,,,סוכריות מנטול כחול 2,גרמים,220.00,100 גרם,false,,8.50,0.0386,true,1,3429441
7290017390772,false,סוכריות מטלוס חמאה 2,,,סוכריות מטלוס חמאה 2,גרמים,220.00,100 גרם,false,,8.50,0.0386,true,1,3429443
7290017406435,false,אורז בסמטי חום טאג',,,אורז בסמטי חום טאג',יח',1.00,יח',false,,8.50,8.5000,true,1,5294551
7290017406596,false,שיבולת שועל להכנה מה,,,שיבולת שועל להכנה מה,גרמים,500.00,100 גרם,false,,8.50,0.0170,true,1,5274544
7290017440231,false,סרקל מתולתל שמפו 1 ל,,,סרקל מתולתל שמפו 1 ל,ליטרים,1.00,ליטר,false,,24.70,24.7000,true,1,4301738
7290017440248,false,סרקל מתולתל מרכך 1 ל,,,סרקל מתולתל מרכך 1 ל,ליטרים,5.00,ליטר,false,,24.70,4.9400,true,1,4301739
7290017440286,false,"מרכך קידס 750 מ""ל",,,"מרכך קידס 750 מ""ל",מיליליטרים,750.00,"100 מ""ל",false,,14.40,0.0192,true,1,4823694
7290017440309,false,שמפו קידס 750 מל,,,שמפו קידס 750 מל,מיליליטרים,750.00,"100 מ""ל",false,,14.40,0.0192,true,1,4823695
7290017440965,false,אל סבון קמיל בלו לבן,,,אל סבון קמיל בלו לבן,יח',1.00,יח',false,,13.50,13.5000,true,1,4684333
7290017457574,false,סוד כדוריות לאסלה פר,,,סוד כדוריות לאסלה פר,גרמים,204.00,100 גרם,false,,14.40,0.0706,true,1,4675384
7290017457581,false,סוד מרכך מרוכז קוקוס,,,סוד מרכך מרוכז קוקוס,מיליליטרים,900.00,"100 מ""ל",false,,10.20,0.0113,true,1,4675407
7290017457598,false,סוד מרכך מרוכז סמאר,,,סוד מרכך מרוכז סמאר,מיליליטרים,900.00,"100 מ""ל",false,,10.20,0.0113,true,1,4675408
7290017457611,false,סוד ג'ל כביסה טוטל ו,,,סוד ג'ל כביסה טוטל ו,ליטרים,2.50,ליטר,false,,21.20,8.4800,true,1,5245819
7290017457871,false,סוד ג'ל כביסה טוטל ו,,,סוד ג'ל כביסה טוטל ו,ליטרים,4.00,ליטר,false,,29.50,7.3750,true,1,5245821
7290017457888,false,סוד ג'ל כביסה טוטל כ,,,סוד ג'ל כביסה טוטל כ,ליטרים,4.00,ליטר,false,,29.50,7.3750,true,1,5245843
7290017477169,false,שקדיה קשיו קלוי 250ג,,,שקדיה קשיו קלוי 250ג,גרמים,250.00,100 גרם,false,,17.00,0.0680,true,1,5280587
7290017513393,false,תה ירוק סופר גרין 25,,,תה ירוק סופר גרין 25,גרמים,37.50,100 גרם,false,,19.60,0.5227,true,1,4919213
7290017513409,false,תה ירוק סופר פרפל 25,,,תה ירוק סופר פרפל 25,גרמים,37.50,100 גרם,false,,19.60,0.5227,true,1,4919214
7290017513485,false,מחית עגבניות 680 ג,,,מחית עגבניות 680 ג,גרמים,680.00,100 גרם,false,,10.50,0.0154,true,1,5074805
7290017513775,false,בייגלה מצופה בשוקולד,,,בייגלה מצופה בשוקולד,גרמים,140.00,100 גרם,false,,6.80,0.0486,true,1,5163656
7290017513782,false,בייגלה מצופה בשוקולד,,,בייגלה מצופה בשוקולד,גרמים,140.00,100 גרם,false,,6.80,0.0486,true,1,5163657
7290017513829,false,תה ירוק לימונית וגינ,,,תה ירוק לימונית וגינ,גרמים,37.50,100 גרם,false,,19.60,0.5227,true,1,5264652
7290017513867,false,תה ירוק לימונית ולוא,,,תה ירוק לימונית ולוא,גרמים,37.50,100 גרם,false,,19.60,0.5227,true,1,5264654
7290017559803,false,סט פיקניק 32 חלק,,,סט פיקניק 32 חלק,יח',1.00,יח',false,,51.20,51.2000,true,1,5396243
7290017589565,false,יין קלאסיק גוורץ 750,,,יין קלאסיק גוורץ 750,יח',1.00,יח',false,,27.20,27.2000,true,1,4571241
7290017589633,false,רזרב גולד קברנה סובי,,,רזרב גולד קברנה סובי,מיליליטרים,750.00,"100 מ""ל",false,,29.90,0.0399,true,1,4577286
7290017595023,false,כוסיות לנרונים,,,כוסיות לנרונים,יח',1.00,יח',false,,2.50,2.5000,true,1,4511000
7290017595078,false,כוסיות לנרונים,,,כוסיות לנרונים,קילו,1.00,קילו,false,,2.50,2.5000,true,1,4487447
7290017599250,false,סוכרזית קלאסי 120 שק,,,סוכרזית קלאסי 120 שק,גרמים,100.00,100 גרם,false,,13.60,0.1360,true,1,5390099
7290017599267,false,סוכרזית סוכרלוז 120,,,סוכרזית סוכרלוז 120,גרמים,120.00,100 גרם,false,,21.30,0.1775,true,1,5390100
7290017599274,false,סוכרזית סטיוויה 120,,,סוכרזית סטיוויה 120,יחידה,0.00,יחידה,false,,25.60,0.0000,true,1,5396517
7290017617138,false,טונה סטארקיסט בשמן ד,,,טונה סטארקיסט בשמן ד,גרמים,640.00,100 גרם,false,,21.30,0.0333,true,1,5275224
7290017637426,false,שמפו למניעת קשקשים מ,,,שמפו למניעת קשקשים מ,מטרים,500.00,100 מ'ל,false,,20.40,0.0408,true,1,5384926
7290017637532,false,שמפו לשיער בלונד בהי,,,שמפו לשיער בלונד בהי,מטרים,500.00,100 מ'ל,false,,29.80,0.0596,true,1,5384878
7290017637549,false,מרכך לשיער בלונד בהי,,,מרכך לשיער בלונד בהי,מטרים,500.00,100 מ'ל,false,,29.80,0.0596,true,1,5384905
7290017637563,false,שמפו לתלתלים מיקי בו,,,שמפו לתלתלים מיקי בו,מטרים,500.00,100 מ'ל,false,,20.40,0.0408,true,1,5384879
7290017637587,false,קרם לתלתלים מיקי בוג,,,קרם לתלתלים מיקי בוג,מטרים,200.00,100 מ'ל,false,,20.40,0.1020,true,1,5384881
7290017637594,false,שמפו לשיער מיקי בוגנ,,,שמפו לשיער מיקי בוגנ,מטרים,500.00,100 מ'ל,false,,20.40,0.0408,true,1,5384882
7290017637600,false,מרכך לשיער מיקי בוגנ,,,מרכך לשיער מיקי בוגנ,מטרים,500.00,100 מ'ל,false,,20.40,0.0408,true,1,5384883
7290017637617,false,מסיכת הזנה לשיער מיק,,,מסיכת הזנה לשיער מיק,מטרים,250.00,100 מ'ל,false,,23.00,0.0920,true,1,5384884
7290017637624,false,שמפו לשיער יסמין מיק,,,שמפו לשיער יסמין מיק,מטרים,500.00,100 מ'ל,false,,20.40,0.0408,true,1,5384857
7290017637631,false,מרכך לשיער יסמין מיק,,,מרכך לשיער יסמין מיק,מטרים,500.00,100 מ'ל,false,,20.40,0.0408,true,1,5384858
7290017637655,false,שמפו קרטין ללא מלח מ,,,שמפו קרטין ללא מלח מ,מטרים,500.00,100 מ'ל,false,,20.40,0.0408,true,1,5384928
7290017637761,false,מרכך לשיער ללא מלחים,,,מרכך לשיער ללא מלחים,מטרים,500.00,100 מ'ל,false,,21.30,0.0426,true,1,5401159
7290017641096,false,שוקולד פרימיום 70% ל,,,שוקולד פרימיום 70% ל,יח',1.00,יח',false,,6.40,6.4000,true,1,4520629
7290017641102,false,שוקולד פרימיום 70% ל,,,שוקולד פרימיום 70% ל,יח',1.00,יח',false,,6.40,6.4000,true,1,4520630
7290017641119,false,שוקולד פרימיום 85% כ,,,שוקולד פרימיום 85% כ,גרמים,100.00,100 גרם,false,,6.80,0.0680,true,1,5230897
7290017641201,false,קרקר עם שיפון מלא וק,,,קרקר עם שיפון מלא וק,גרמים,130.00,100 גרם,false,,4.90,0.0377,true,1,4597654
7290017641379,false,חמישיית שוקלד חלב,,,חמישיית שוקלד חלב,גרמים,425.00,100 גרם,false,,12.70,0.0299,true,1,4964346
7290017641676,false,שלושה שוקולד אגו מרי,,,שלושה שוקולד אגו מרי,גרמים,255.00,100 גרם,false,,9.20,0.0361,true,1,5230901
7290017641720,false,שוקולד מריר שברי אגו,,,שוקולד מריר שברי אגו,גרמים,100.00,100 גרם,false,,6.80,0.0680,true,1,5230905
7290017641744,false,איגלו סטיקס 800 מל,,,איגלו סטיקס 800 מל,מיליליטרים,800.00,"100 מ""ל",false,,4.10,0.0051,true,1,5226616
7290017641782,false,טופי אצבעות תות 804,,,טופי אצבעות תות 804,גרמים,804.00,100 גרם,false,,17.00,0.0211,true,1,5226594
7290017641799,false,טופי אצבעות תפוח 804,,,טופי אצבעות תפוח 804,גרמים,804.00,100 גרם,false,,17.00,0.0211,true,1,5226595
7290017641997,false,שוקולד מריר מעולה 70,,,שוקולד מריר מעולה 70,יח',1.00,יח',false,,6.40,6.4000,true,1,5261734
7290017647425,false,גמלא קברנה סובניון 7,,,גמלא קברנה סובניון 7,מיליליטרים,750.00,"100 מ""ל",false,,51.20,0.0683,true,1,5260998
7290017647722,false,גמלא בלאנקו לבן יבש,,,גמלא בלאנקו לבן יבש,מטרים,750.00,100 מ'ל,false,,55.50,0.0740,true,1,5337382
7290017688503,false,בורקס גבינה 400 גר ל,,,בורקס גבינה 400 גר ל,גרמים,400.00,100 גרם,false,,17.00,0.0425,true,1,5134054
7290017696393,false,בורגר פטריות מן הצומ,,,בורגר פטריות מן הצומ,גרמים,520.00,100 גרם,false,,29.80,0.0573,true,1,5271950
7290017712192,false,פרמיו נתחי פילה עוף,,,פרמיו נתחי פילה עוף,יח',1.00,יח',false,,4.20,4.2000,true,1,5140192
7290017712215,false,פרמיו עוף לחתול 100,,,פרמיו עוף לחתול 100,יח',1.00,יח',false,,4.20,4.2000,true,1,5140194
7290017712239,false,פרמיו עם עוף במרקם פ,,,פרמיו עם עוף במרקם פ,גרמים,150.00,100 גרם,false,,5.00,0.0333,true,1,5140217
7290017712260,false,פרמיו פטה סלמון 150,,,פרמיו פטה סלמון 150,גרמים,150.00,100 גרם,false,,5.00,0.0333,true,1,5140219
7290017712673,false,הוריזן בקר וכבד לכלב,,,הוריזן בקר וכבד לכלב,יח',1.00,יח',false,,4.20,4.2000,true,1,5293731
7290017712680,false,הוריזן עוף לכלב ננסי,,,הוריזן עוף לכלב ננסי,יח',1.00,יח',false,,4.20,4.2000,true,1,5293732
7290017712727,false,פרמיו גור בקר וכבד 1,,,פרמיו גור בקר וכבד 1,יח',1.00,יח',false,,4.20,4.2000,true,1,5288552
7290017712734,false,פרמיו גור עוף וכבד 1,,,פרמיו גור עוף וכבד 1,יח',1.00,יח',false,,4.20,4.2000,true,1,5288553
7290017712758,false,פרמיו סלמון 100 ג',,,פרמיו סלמון 100 ג',יח',1.00,יח',false,,4.20,4.2000,true,1,5288107
7290017712796,false,פרמיו סטריליז דג קוד,,,פרמיו סטריליז דג קוד,יח',1.00,יח',false,,4.20,4.2000,true,1,5288615
7290017715315,false,זית צלוי על הגריל 74,,,זית צלוי על הגריל 74,גרמים,740.00,100 גרם,false,,20.40,0.0276,true,1,4904864
7290017812069,false,יין ריזלינג-שרדונה א,,,יין ריזלינג-שרדונה א,מיליליטרים,750.00,"100 מ""ל",false,,18.70,0.0249,true,1,4358142
7290017812083,false,מיץ תירוש אדום רמי ל,,,מיץ תירוש אדום רמי ל,ליטרים,1.00,ליטר,false,,11.10,11.1000,true,1,4542897
7290017812373,false,שרדונה 375מל P.C,,,שרדונה 375מל P.C,מיליליטרים,375.00,"100 מ""ל",false,,17.10,0.0456,true,1,5230758
7290017812571,false,מיץ ענבים אדום 100%,,,מיץ ענבים אדום 100%,ליטרים,1.00,ליטר,false,,17.10,17.1000,true,1,5231861
7290017812588,false,מיץ ענבים לבן 100% ט,,,מיץ ענבים לבן 100% ט,ליטרים,1.00,ליטר,false,,17.10,17.1000,true,1,5228605
7290017812618,false,תירוש טבעי רוזה 100%,,,תירוש טבעי רוזה 100%,ליטרים,1.00,ליטר,false,,17.10,17.1000,true,1,5245091
7290017812656,false,תירוש מבעבע אדום 750,,,תירוש מבעבע אדום 750,מיליליטרים,750.00,"100 מ""ל",false,,17.10,0.0228,true,1,5292612
7290017812830,false,יין רוזה פרייבט קולק,,,יין רוזה פרייבט קולק,מיליליטרים,750.00,"100 מ""ל",false,,34.10,0.0455,true,1,5282883
7290017812847,false,סלקטד פרנץ גוורצטרמי,,,סלקטד פרנץ גוורצטרמי,מיליליטרים,750.00,"100 מ""ל",false,,24.70,0.0329,true,1,5282884
7290017812861,false,יין וינו לבן יקבי כר,,,יין וינו לבן יקבי כר,מיליליטרים,750.00,"100 מ""ל",false,,15.30,0.0204,true,1,5282885
7290017812885,false,P.C סוביניון גוורצטר,,,P.C סוביניון גוורצטר,מיליליטרים,750.00,"100 מ""ל",false,,33.30,0.0444,true,1,5308758
7290017812977,false,באזז אננס 750מל,,,באזז אננס 750מל,מיליליטרים,750.00,"100 מ""ל",false,,23.00,0.0307,true,1,5308759
7290017816005,false,בייגלה כוסמין שמיניו,,,בייגלה כוסמין שמיניו,יח',1.00,יח',false,,13.60,13.6000,true,1,4675400
7290017816012,false,קרם קרקר כוסמין,,,קרם קרקר כוסמין,יח',1.00,יח',false,,12.70,12.7000,true,1,4675401
7290017816111,false,פתי בר כוסמין 220 גר,,,פתי בר כוסמין 220 גר,גרמים,220.00,100 גרם,false,,10.20,0.0464,true,1,5249218
7290017816135,false,פריכיות כוסמין 90 גר,,,פריכיות כוסמין 90 גר,גרמים,90.00,100 גרם,false,,8.50,0.0944,true,1,5272699
7290017864259,false,בזיליקום 100ג רמי לו,,,בזיליקום 100ג רמי לו,גרמים,100.00,גרם,false,,8.90,0.0890,true,1,5247112
7290017864341,false,תפוא למיקרו רמי לוי,,,תפוא למיקרו רמי לוי,גרמים,700.00,100 גרם,false,,5.90,0.0084,true,1,5240910
7290017864419,false,שורש ארוז רמי לוי,,,שורש ארוז רמי לוי,יח',1.00,יח',false,,5.90,5.9000,true,1,5271782
7290017864457,false,סלרי ראש רמי לוי,,,סלרי ראש רמי לוי,יח',1.00,יח',false,,5.90,5.9000,true,1,5271784
7290017864464,false,לוף פרסה ארוז רמי לו,,,לוף פרסה ארוז רמי לו,יח',1.00,יח',false,,7.90,7.9000,true,1,5235415
7290017864471,false,עלי בייבי 250ג רמי ל,,,עלי בייבי 250ג רמי ל,גרמים,250.00,100 גרם,false,,13.90,0.0556,true,1,5224719
7290017864549,false,עלי רוקולה 250ג רמי,,,עלי רוקולה 250ג רמי,גרמים,250.00,100 גרם,false,,13.90,0.0556,true,1,5242300
7290017871363,false,סבון ידיים מועשר 500,,,סבון ידיים מועשר 500,מיליליטרים,500.00,"100 מ""ל",false,,8.10,0.0162,true,1,5238844
7290017871370,false,סבון ידיים מועשר 500,,,סבון ידיים מועשר 500,מיליליטרים,500.00,"100 מ""ל",false,,8.10,0.0162,true,1,5238845
7290017871936,false,טוסו גרנולה אגוזים ו,,,טוסו גרנולה אגוזים ו,גרמים,300.00,100 גרם,false,,17.00,0.0567,true,1,5232606
7290017871950,false,פרש וואנס נייר טואלט,,,פרש וואנס נייר טואלט,יח',1.00,יח',false,,11.00,11.0000,true,1,5286674
7290017872056,false,פמלי אל סבון סדרה לב,,,פמלי אל סבון סדרה לב,מיליליטרים,500.00,"100 מ""ל",false,,12.70,0.0254,true,1,5250952
7290017872179,false,טוסו עוגיות טחינה 20,,,טוסו עוגיות טחינה 20,גרמים,200.00,100 גרם,false,,12.70,0.0635,true,1,5244704
7290017872186,false,טוסו עוגיות פקאן 200,,,טוסו עוגיות פקאן 200,גרמים,200.00,100 גרם,false,,11.90,0.0595,true,1,5244705
7290017872193,false,טוסו עוגיות שקדים וק,,,טוסו עוגיות שקדים וק,גרמים,200.00,100 גרם,false,,12.70,0.0635,true,1,5244706
7290017872667,false,פמלי סבון ידיים יהלו,,,פמלי סבון ידיים יהלו,מיליליטרים,500.00,"100 מ""ל",false,,7.60,0.0152,true,1,5261064
7290017872889,false,גלילונית לאשפה לארג,,,גלילונית לאשפה לארג,יח',22.00,יח',false,,18.70,0.8500,true,1,5327073
7290017873008,false,גלילונית הקפאה זוג 2,,,גלילונית הקפאה זוג 2,יח',1.00,יח',false,,10.20,10.2000,true,1,5327074
7290017873039,false,גלילונית שקיות לסנדו,,,גלילונית שקיות לסנדו,יח',1.00,יח',false,,8.50,8.5000,true,1,5327075
7290017873367,false,קרם ידיים פנג'ל 100,,,קרם ידיים פנג'ל 100,מטרים,100.00,100 מ'ל,false,,10.20,0.1020,true,1,5417927
7290017873411,false,קרם גוף פנג'ל 300 מל,,,קרם גוף פנג'ל 300 מל,מטרים,300.00,100 מ'ל,false,,24.70,0.0823,true,1,5417929
7290017888019,false,פרוט אנד ג'י תפוח סל,,,פרוט אנד ג'י תפוח סל,מיליליטרים,350.00,"100 מ""ל",false,,5.90,0.0169,true,1,5025752
7290017888026,false,פרוט אנד ג'י אננס תפ,,,פרוט אנד ג'י אננס תפ,מיליליטרים,350.00,"100 מ""ל",false,,5.90,0.0169,true,1,5025753
7290017888033,false,פרוט אנד ג'י בננה מל,,,פרוט אנד ג'י בננה מל,מיליליטרים,350.00,"100 מ""ל",false,,5.90,0.0169,true,1,5025754
7290017888644,false,פרוט אנד ג'י אננס בנ,,,פרוט אנד ג'י אננס בנ,מיליליטרים,350.00,"100 מ""ל",false,,5.90,0.0169,true,1,5239834
7290017888729,false,סודה 1 לי,,,סודה 1 לי,יח',1.00,יח',false,,3.30,3.3000,true,1,5247396
7290017888972,false,מי עדן 1לי פקק ספורט,,,מי עדן 1לי פקק ספורט,יח',1.00,יח',false,,3.00,3.0000,true,1,5253439
7290017894058,false,תערובת רב תכליתית לל,,,תערובת רב תכליתית לל,גרמים,500.00,100 גרם,false,,13.60,0.0272,true,1,5076701
7290017894096,false,ממרח בטעם מיונז אורג,,,ממרח בטעם מיונז אורג,גרמים,350.00,100 גרם,false,,18.70,0.0534,true,1,5271996
7290017894102,false,פנה אורז תירס 400 גר,,,פנה אורז תירס 400 גר,גרמים,400.00,100 גרם,false,,8.50,0.0213,true,1,5271997
7290017894119,false,פוזילי אורז תירס 400,,,פוזילי אורז תירס 400,גרמים,400.00,100 גרם,false,,8.50,0.0213,true,1,5271998
7290017894126,false,פוזילי טריקולור 400,,,פוזילי טריקולור 400,גרמים,400.00,100 גרם,false,,8.50,0.0213,true,1,5271999
7290017917283,false,רביעיית מגבוני קמיל,,,רביעיית מגבוני קמיל,יח',1.00,יח',false,,17.00,17.0000,true,1,5123370
7290017917382,false,אל סבון קמיל בלו 1לי,,,אל סבון קמיל בלו 1לי,יח',1.00,יח',false,,13.50,13.5000,true,1,4858737
7290017917429,false,אלכו ג'ל בייבי 30 מל,,,אלכו ג'ל בייבי 30 מל,יח',1.00,יח',false,,25.60,25.6000,true,1,5161688
7290017917450,false,קמיל בלו אל סבון סנס,,,קמיל בלו אל סבון סנס,יח',1.00,יח',false,,28.00,28.0000,true,1,4823700
7290017917634,false,סנסיטיב זוג אל דמע 7,,,סנסיטיב זוג אל דמע 7,מיליליטרים,750.00,"100 מ""ל",false,,25.60,0.0341,true,1,5039430
7290017917665,false,סנסיטיב זוג אל סבון,,,סנסיטיב זוג אל סבון,מיליליטרים,750.00,"100 מ""ל",false,,25.60,0.0341,true,1,5039460
7290017928036,false,מאיר בייגל מקלות גרי,,,מאיר בייגל מקלות גרי,גרמים,175.00,100 גרם,false,,10.20,0.0583,true,1,5136157
7290017928043,false,מאיר בייגל גריסיני ק,,,מאיר בייגל גריסיני ק,גרמים,175.00,100 גרם,false,,10.20,0.0583,true,1,5136158
7290017928098,false,מאיר בייגל שטוח מלח,,,מאיר בייגל שטוח מלח,גרמים,330.00,100 גרם,false,,10.20,0.0309,true,1,5327076
7290017928210,false,מאיר בייגל בייגלה גד,,,מאיר בייגל בייגלה גד,גרמים,250.00,100 גרם,false,,10.20,0.0408,true,1,5136160
7290017928227,false,מאיר בייגל שטוחלה פי,,,מאיר בייגל שטוחלה פי,גרמים,300.00,100 גרם,false,,9.30,0.0310,true,1,5136161
7290017928432,false,מאיר בייגל גריסיני ק,,,מאיר בייגל גריסיני ק,גרמים,175.00,100 גרם,false,,10.20,0.0583,true,1,5136166
7290017928463,false,סמאש שברי בייגלה טעם,,,סמאש שברי בייגלה טעם,גרמים,300.00,100 גרם,false,,8.50,0.0283,true,1,5286676
7290017928524,false,מאיר בייגל שטוח ניגו,,,מאיר בייגל שטוח ניגו,גרמים,330.00,100 גרם,false,,10.20,0.0309,true,1,5327077
7290017928616,false,מאיר בייגל שטוחלה שו,,,מאיר בייגל שטוחלה שו,גרמים,330.00,100 גרם,false,,9.30,0.0282,true,1,5136169
7290017928630,false,מאיר בייגל גריסיני ק,,,מאיר בייגל גריסיני ק,גרמים,175.00,100 גרם,false,,10.20,0.0583,true,1,5136170
7290017928661,false,סמאש שברי בייגלה טעם,,,סמאש שברי בייגלה טעם,גרמים,300.00,100 גרם,false,,8.50,0.0283,true,1,5286677
7290017928722,false,מאיר בייגל שטוח ניגו,,,מאיר בייגל שטוח ניגו,גרמים,300.00,100 גרם,false,,10.20,0.0340,true,1,5327079
7290017928746,false,מאיר בייגל פירורי בי,,,מאיר בייגל פירורי בי,גרמים,200.00,100 גרם,false,,5.60,0.0280,true,1,5352652
7290017928807,false,מאיר בייגל אצבעות שו,,,מאיר בייגל אצבעות שו,גרמים,300.00,100 גרם,false,,9.30,0.0310,true,1,5136172
7290017928821,false,מאיר בייגל מקלות גרי,,,מאיר בייגל מקלות גרי,גרמים,200.00,100 גרם,false,,10.20,0.0510,true,1,5136174
7290017932316,false,רוטב עגבניות לפסטה ו,,,רוטב עגבניות לפסטה ו,גרמים,680.00,100 גרם,false,,14.20,0.0209,true,1,5363974
7290017946368,false,סוד כדוריות לאסלה או,,,סוד כדוריות לאסלה או,יח',1.00,יח',false,,14.40,14.4000,true,1,5266380
7290017946474,false,הוואי ג'ל רחצה אקזוט,,,הוואי ג'ל רחצה אקזוט,מיליליטרים,700.00,"100 מ""ל",false,,7.60,0.0109,true,1,5217925
7290017946764,false,מנקה מכונות כביסה 15,,,מנקה מכונות כביסה 15,יח',1.00,יח',false,,17.00,17.0000,true,1,5265052
7290017947105,false,לחם סגנון אמריקה,,,לחם סגנון אמריקה,גרמים,500.00,100 גרם,false,,12.70,0.0254,true,1,5231030
7290017947464,false,אנגל פיתות כוסמין 8י,,,אנגל פיתות כוסמין 8י,גרמים,400.00,100 גרם,false,,13.60,0.0340,true,1,5352579
7290017947495,false,לחמניות כוסמין 6 יח,,,לחמניות כוסמין 6 יח,גרמים,450.00,100 גרם,false,,12.70,0.0282,true,1,5273196
7290017947891,false,לחם כוסמין וחיטה מלא,,,לחם כוסמין וחיטה מלא,גרמים,750.00,100 גרם,false,,14.40,0.0192,true,1,5231031
7290017947921,false,שישיית לחמניות המבור,,,שישיית לחמניות המבור,גרמים,450.00,100 גרם,false,,12.70,0.0282,true,1,5240525
7290017947938,false,לחמניות המבורגר 8יח,,,לחמניות המבורגר 8יח,יח',1.00,יח',false,,12.70,12.7000,true,1,5279850
7290018023020,false,סבא חביב זית שחור מר,,,סבא חביב זית שחור מר,גרמים,215.00,100 גרם,false,,9.10,0.0423,true,1,5355238
7290018023037,false,סבא חביב זיתים צ'ימי,,,סבא חביב זיתים צ'ימי,גרמים,215.00,100 גרם,false,,8.30,0.0386,true,1,5355239
7290018023044,false,סבא חביב זיתים לימון,,,סבא חביב זיתים לימון,גרמים,215.00,100 גרם,false,,8.30,0.0386,true,1,5355240
7290018091029,false,"מקלות פילו תפו""א 450",,,"מקלות פילו תפו""א 450",גרמים,450.00,100 גרם,false,,12.70,0.0282,true,1,5260491
7290018091876,false,מעדנות מאפה פילו גבי,,,מעדנות מאפה פילו גבי,גרמים,320.00,100 גרם,false,,17.00,0.0531,true,1,5377048
7290018098332,false,תערובת פירות קפואים,,,תערובת פירות קפואים,גרמים,300.00,100 גרם,false,,12.70,0.0423,true,1,5404214
7290018098561,false,תערובת פירות קפואים,,,תערובת פירות קפואים,גרמים,300.00,100 גרם,false,,12.70,0.0423,true,1,5404217
7290018098592,false,שווארמה 300ג מן הטבע,,,שווארמה 300ג מן הטבע,גרמים,300.00,100 גרם,false,,18.70,0.0623,true,1,5366941
7290018132340,false,"מטרנה גולד בד""צ שלב",,,"מטרנה גולד בד""צ שלב",גרמים,700.00,100 גרם,false,,57.70,0.0824,true,1,5387621
7290018132388,false,"מטרנה גולד בד""צ שלב",,,"מטרנה גולד בד""צ שלב",גרמים,700.00,100 גרם,false,,57.70,0.0824,true,1,5387622
7290018132425,false,"מטרנה גולד בד""צ שלב",,,"מטרנה גולד בד""צ שלב",גרמים,700.00,100 גרם,false,,57.70,0.0824,true,1,5387623
7290018165010,false,רזרב גולד גוורצטרמינ,,,רזרב גולד גוורצטרמינ,מיליליטרים,750.00,"100 מ""ל",false,,29.90,0.0399,true,1,5228674
7290018165027,false,רזרב גולד רוזה 750 מ,,,רזרב גולד רוזה 750 מ,מיליליטרים,750.00,"100 מ""ל",false,,29.90,0.0399,true,1,5228675
7290018165447,false,רזרב גולד מרלו 750 מ,,,רזרב גולד מרלו 750 מ,מיליליטרים,750.00,"100 מ""ל",false,,29.90,0.0399,true,1,5283981
7290018165461,false,רזרב קברנה סוביניון,,,רזרב קברנה סוביניון,מיליליטרים,750.00,"100 מ""ל",false,,33.20,0.0443,true,1,5304650
7290018192658,false,צמד פטריות איטלקי מר,,,צמד פטריות איטלקי מר,יח',1.00,יח',false,,15.90,15.9000,true,1,5262338
7290018194256,false,עארק טעם לימון 700 מ,,,עארק טעם לימון 700 מ,מטרים,700.00,100 מ'ל,false,,34.10,0.0487,true,1,5322248
7290018195048,false,טעמן אננס חתוך בסירו,,,טעמן אננס חתוך בסירו,גרמים,850.00,100 גרם,false,,9.30,0.0109,true,1,5362120
7290018195802,false,פילה מקרל בשמן קנולה,,,פילה מקרל בשמן קנולה,יח',1.00,יח',false,,7.30,7.3000,true,1,5362308
7290018195819,false,פילה מקרל בשמן קנולה,,,פילה מקרל בשמן קנולה,יח',1.00,יח',false,,7.30,7.3000,true,1,5362309
7290018195826,false,פילה סרדין בשמן קנול,,,פילה סרדין בשמן קנול,יח',1.00,יח',false,,7.30,7.3000,true,1,5362310
7290018195970,false,קקאו 500גר רמילוי,,,קקאו 500גר רמילוי,גרמים,500.00,100 גרם,false,,11.00,0.0220,true,1,5300454
7290018198148,false,תפוגן קריספי ציפס קל,,,תפוגן קריספי ציפס קל,קילוגרמים,1.25,"ק""ג",false,,17.00,13.6000,true,1,5307661
7290018198209,false,תפוגן ציפס בטטה קראנ,,,תפוגן ציפס בטטה קראנ,גרמים,500.00,100 גרם,false,,13.60,0.0272,true,1,5283666
7290018198254,false,תפוגן קריספי ציפס פו,,,תפוגן קריספי ציפס פו,קילוגרמים,1.25,"ק""ג",false,,17.00,13.6000,true,1,5307662
7290018237281,false,עוף טוב נקניק סלמי י,,,עוף טוב נקניק סלמי י,גרמים,550.00,100 גרם,false,,18.70,0.0340,true,1,5305077
7290018237397,false,עוף טוב פסטרמה מקורמ,,,עוף טוב פסטרמה מקורמ,גרמים,300.00,100 גרם,false,,22.90,0.0763,true,1,5312886
7290018237410,false,עוף טוב פסטרמה במעשנ,,,עוף טוב פסטרמה במעשנ,גרמים,300.00,100 גרם,false,,22.90,0.0763,true,1,5312866
7290018237489,false,פסטרמה ברביקיו דק-דק,,,פסטרמה ברביקיו דק-דק,גרמים,220.00,100 גרם,false,,17.00,0.0773,true,1,5337701
7290018237496,false,פסטרמה בדבש דקדק 220,,,פסטרמה בדבש דקדק 220,גרמים,220.00,100 גרם,false,,17.00,0.0773,true,1,5337702
7290018237502,false,עוף טוב כתף בקר דק-ד,,,עוף טוב כתף בקר דק-ד,גרמים,200.00,100 גרם,false,,17.00,0.0850,true,1,5337703
7290018237731,false,עוף טוב זוג פסטרמה ב,,,עוף טוב זוג פסטרמה ב,גרמים,600.00,100 גרם,false,,21.30,0.0355,true,1,5340510
7290018237908,false,עוף טוב נקניקיות עסי,,,עוף טוב נקניקיות עסי,גרמים,400.00,100 גרם,false,,13.60,0.0340,true,1,5355805
7290018237922,false,שניצלונים בציפוי ציפ,,,שניצלונים בציפוי ציפ,גרמים,700.00,100 גרם,false,,11.90,0.0170,true,1,5371090
7290018249154,false,ממרח קקאו עם אגוזי ל,,,ממרח קקאו עם אגוזי ל,גרמים,400.00,100 גרם,false,,28.10,0.0703,true,1,5381648
7290018249727,false,תחליף אבקת סוכר 400,,,תחליף אבקת סוכר 400,גרמים,400.00,100 גרם,false,,33.20,0.0830,true,1,5381650
7290018249802,false,ממתיק סוויטנגו,,,ממתיק סוויטנגו,גרמים,280.00,100 גרם,false,,23.00,0.0821,true,1,5252852
7290018249994,false,ממתיק סוויטנגו 700 ג,,,ממתיק סוויטנגו 700 ג,גרמים,700.00,100 גרם,false,,48.50,0.0693,true,1,5237303
7290018282007,false,שמפו+ג'ל רחצה+סבון ל,,,שמפו+ג'ל רחצה+סבון ל,גרמים,750.00,100 גרם,false,,7.30,0.0097,true,1,5249179
7290018282021,false,נועה שמפו לסירוק קל,,,נועה שמפו לסירוק קל,מיליליטרים,750.00,"100 מ""ל",false,,7.60,0.0101,true,1,5344063
7290018282410,false,נועה מרכך לסירוק קל,,,נועה מרכך לסירוק קל,מיליליטרים,750.00,"100 מ""ל",false,,7.60,0.0101,true,1,5344064
7290018294192,false,פרייבט קולקשין בלנד,,,פרייבט קולקשין בלנד,מטרים,700.00,100 מ'ל,false,,34.10,0.0487,true,1,5335691
7290018294208,false,סלקטד אדום ישראלי 75,,,סלקטד אדום ישראלי 75,מיליליטרים,750.00,"100 מ""ל",false,,25.60,0.0341,true,1,5315081
7290018294352,false,ערק כרמל 37.5% 700 מ,,,ערק כרמל 37.5% 700 מ,מטרים,700.00,100 מ'ל,false,,42.70,0.0610,true,1,5338688
7290018294901,false,יין מונלייט אדום יבש,,,יין מונלייט אדום יבש,מטרים,750.00,100 מ'ל,false,,29.00,0.0387,true,1,5387045
7290018294918,false,יין מונלייט מוסקטו ו,,,יין מונלייט מוסקטו ו,מטרים,750.00,100 מ'ל,false,,29.00,0.0387,true,1,5387046
7290018333006,false,אגו שוקולד מריר מעול,,,אגו שוקולד מריר מעול,גרמים,100.00,100 גרם,false,,6.40,0.0640,true,1,5261735
7290018333020,false,שלוקים טעם ענבים +קש,,,שלוקים טעם ענבים +קש,יח',1.00,יח',false,,25.50,25.5000,true,1,5289865
7290018333082,false,אגו מיקס קורנפלקס שו,,,אגו מיקס קורנפלקס שו,גרמים,55.00,100 גרם,false,,3.30,0.0600,true,1,5411640
7290018333099,false,אגו מיקס קורנפלקס שו,,,אגו מיקס קורנפלקס שו,גרמים,55.00,100 גרם,false,,3.30,0.0600,true,1,5411641
7290018333242,false,טופי אצבעות מיקס פיר,,,טופי אצבעות מיקס פיר,יח',1.00,יח',false,,1.20,1.2000,true,1,5272739
7290018333259,false,טופי טעם תות 50גר,,,טופי טעם תות 50גר,יח',1.00,יח',false,,1.00,1.0000,true,1,5272740
7290018333624,false,גרנולפלקס קשיו פירות,,,גרנולפלקס קשיו פירות,גרמים,500.00,100 גרם,false,,17.00,0.0340,true,1,5296225
7290018333945,false,חטיף אגוזים רפאלס שק,,,חטיף אגוזים רפאלס שק,גרמים,150.00,100 גרם,false,,12.70,0.0847,true,1,5307755
7290018333952,false,חטיף אגוזים רפאלס וח,,,חטיף אגוזים רפאלס וח,גרמים,150.00,100 גרם,false,,12.70,0.0847,true,1,5307756
7290018333969,false,חטיף גרנולה רפאלס שק,,,חטיף גרנולה רפאלס שק,גרמים,150.00,100 גרם,false,,12.70,0.0847,true,1,5307757
7290018333976,false,חטיף גרנולה רפאלס קש,,,חטיף גרנולה רפאלס קש,גרמים,150.00,100 גרם,false,,12.70,0.0847,true,1,5307758
7290018338520,false,מיץ רימונים אורגני 1,,,מיץ רימונים אורגני 1,מטרים,1000.00,100 מ'ל,false,,15.10,0.0151,true,1,5340456
7290018343296,false,אלכוג'ל,,,אלכוג'ל,יח',1.00,יח',false,,8.50,8.5000,true,1,5236859
7290018343364,false,מסכת הזנה משקמת לאחר,,,מסכת הזנה משקמת לאחר,מיליליטרים,300.00,"100 מ""ל",false,,34.10,0.1137,true,1,5284537
7290018343630,false,אפקטיב קר קרם גוף חמ,,,אפקטיב קר קרם גוף חמ,מיליליטרים,450.00,"100 מ""ל",false,,21.30,0.0473,true,1,5282587
7290018359518,false,תירס מהשדה מארז 3יח,,,תירס מהשדה מארז 3יח,גרמים,600.00,100 גרם,false,,12.70,0.0212,true,1,5276043
7290018359938,false,רוטב עגבניות לשקשוקה,,,רוטב עגבניות לשקשוקה,מטרים,400.00,100 מ'ל,false,,9.80,0.0245,true,1,5382017
7290018359952,false,רוטב עגבניות לפסטה י,,,רוטב עגבניות לפסטה י,מטרים,400.00,100 מ'ל,false,,9.80,0.0245,true,1,5382019
7290018367346,false,שומשום טעם ווסאבי 10,,,שומשום טעם ווסאבי 10,יח',1.00,יח',false,,15.30,15.3000,true,1,5299759
7290018380802,false,תבשיל הודי חומוס 300,,,תבשיל הודי חומוס 300,גרמים,300.00,100 גרם,false,,8.50,0.0283,true,1,5401818
7290018380819,false,תבשיל הודי חצילים 30,,,תבשיל הודי חצילים 30,גרמים,300.00,100 גרם,false,,8.50,0.0283,true,1,5401819
7290018380826,false,תבשיל הודי שעועית אד,,,תבשיל הודי שעועית אד,גרמים,300.00,100 גרם,false,,8.50,0.0283,true,1,5401820
7290018380871,false,פטיסון כבוש שלם 670,,,פטיסון כבוש שלם 670,גרמים,670.00,100 גרם,false,,11.00,0.0164,true,1,5344401
7290018394038,false,פטריות שיטאקה מיובשו,,,פטריות שיטאקה מיובשו,גרמים,25.00,100 גרם,false,,8.50,0.3400,true,1,5280980
7290018440193,false,בייגלה בציפוי קרם חמ,,,בייגלה בציפוי קרם חמ,גרמים,140.00,100 גרם,false,,6.80,0.0486,true,1,5286961
7290018440209,false,בייגלה בציפוי פאדג',,,בייגלה בציפוי פאדג',גרמים,140.00,100 גרם,false,,6.80,0.0486,true,1,5286962
7290018440230,false,תה צ'אי ורדים ויסוצק,,,תה צ'אי ורדים ויסוצק,יח',1.00,יח',false,,16.20,16.2000,true,1,5328854
7290018440384,false,תה ירוק מאטה לימון נ,,,תה ירוק מאטה לימון נ,גרמים,37.50,100 גרם,false,,19.60,0.5227,true,1,5328857
7290018440391,false,תה ירוק מאטה נענע גו,,,תה ירוק מאטה נענע גו,גרמים,37.50,100 גרם,false,,19.60,0.5227,true,1,5328858
7290018440407,false,תה ירוק מאטה קקאו לו,,,תה ירוק מאטה קקאו לו,גרמים,37.50,100 גרם,false,,19.60,0.5227,true,1,5328859
7290018440438,false,טונה בשמן זית פתיחה,,,טונה בשמן זית פתיחה,גרמים,195.00,100 גרם,false,,22.10,0.1133,true,1,5393680
7290018440445,false,טונה בשמן זית 160 ג,,,טונה בשמן זית 160 ג,גרמים,160.00,100 גרם,false,,14.40,0.0900,true,1,5393708
7290018440490,false,סלט טונה עם קוסקוס 1,,,סלט טונה עם קוסקוס 1,גרמים,150.00,100 גרם,false,,12.60,0.0840,true,1,5393709
7290018440513,false,סלט טונה קליפורניה +,,,סלט טונה קליפורניה +,גרמים,150.00,100 גרם,false,,12.60,0.0840,true,1,5393683
7290018440520,false,סלט טונה מקסיקני 150,,,סלט טונה מקסיקני 150,גרמים,150.00,100 גרם,false,,12.60,0.0840,true,1,5393710
7290018440629,false,תה שחור קלאסי 120 שק,,,תה שחור קלאסי 120 שק,יח',1.00,יח',false,,17.00,17.0000,true,1,5317881
7290018440896,false,הגן הקסום חליטה ג'ינ,,,הגן הקסום חליטה ג'ינ,100 יח,25.00,100 יח,false,,14.40,0.5760,true,1,5337657
7290018441626,false,גלידה בן אנד ג'ריס מ,,,גלידה בן אנד ג'ריס מ,מיליליטרים,430.00,"100 מ""ל",false,,16.20,0.0377,true,1,5334986
7290018443040,false,נבטים סיניים,,,נבטים סיניים,יח',1.00,יח',false,,5.90,5.9000,true,1,5283287
7290018443057,false,נבטי חמניה,,,נבטי חמניה,יח',1.00,יח',false,,8.90,8.9000,true,1,5283288
7290018443064,false,נבטי אלפלפא,,,נבטי אלפלפא,יח',1.00,יח',false,,5.90,5.9000,true,1,5283289
7290018443347,false,שמיר ייבול נוכרי ברכ,,,שמיר ייבול נוכרי ברכ,יח',1.00,יח',false,,5.90,5.9000,true,1,5326269
7290018443354,false,נענע ייבול נוכרי ברכ,,,נענע ייבול נוכרי ברכ,יח',1.00,יח',false,,5.90,5.9000,true,1,5326270
7290018443385,false,חסה ייבול נוכרי ברכת,,,חסה ייבול נוכרי ברכת,יח',1.00,יח',false,,6.90,6.9000,true,1,5326273
7290018443545,false,פלפל צילי אדום 200 ג,,,פלפל צילי אדום 200 ג,גרמים,200.00,100 גרם,false,,9.90,0.0495,true,1,5404191
7290018443835,false,שרי סוכריות פרמיום ת,,,שרי סוכריות פרמיום ת,יחידה,0.00,יחידה,false,,11.90,0.0000,true,1,5382409
7290018468326,false,נקניקיה צמחית סגנון,,,נקניקיה צמחית סגנון,גרמים,400.00,100 גרם,false,,29.80,0.0745,true,1,5377051
7290018468401,false,פסטרמה צמחונית טעם ג,,,פסטרמה צמחונית טעם ג,גרמים,120.00,100 גרם,false,,12.70,0.1058,true,1,5413373
7290018468418,false,פסטה צמחונית טעם מפו,,,פסטה צמחונית טעם מפו,גרמים,120.00,100 גרם,false,,12.70,0.1058,true,1,5413374
7290018468425,false,נקניק טבעוני טעם פיק,,,נקניק טבעוני טעם פיק,גרמים,100.00,100 גרם,false,,12.70,0.1270,true,1,5413375
7290018471029,false,שוופס סודה שישייה 50,,,שוופס סודה שישייה 50,ליטרים,3.00,ליטר,false,,12.10,4.0333,true,1,5278450
7290018471036,false,שוופס סודה לימון 500,,,שוופס סודה לימון 500,מטרים,500.00,100 מ'ל,false,,1.80,0.0036,true,1,5427353
7290018471180,false,פרוט&ווג אננס תפוח ג,,,פרוט&ווג אננס תפוח ג,מטרים,1000.00,100 מ'ל,false,,10.20,0.0102,true,1,5300088
7290018471197,false,פרוט&ווג תפוח בננה מ,,,פרוט&ווג תפוח בננה מ,מטרים,1000.00,100 מ'ל,false,,10.20,0.0102,true,1,5300089
7290018471210,false,נקטר אגס סברס ספרינג,,,נקטר אגס סברס ספרינג,ליטרים,1.00,ליטר,false,,5.60,5.6000,true,1,5298957
7290018471302,false,שוופס טוניק 250מל,,,שוופס טוניק 250מל,יח',1.00,יח',false,,16.70,16.7000,true,1,5290287
7290018471319,false,שוופס ביטר למון 250מ,,,שוופס ביטר למון 250מ,יח',1.00,יח',false,,16.70,16.7000,true,1,5290288
7290018471395,false,פרוט&ווג תפוח סלק רי,,,פרוט&ווג תפוח סלק רי,מטרים,1000.00,100 מ'ל,false,,10.20,0.0102,true,1,5300090
7290018471401,false,פרוט&ווג אננס בננה כ,,,פרוט&ווג אננס בננה כ,מטרים,1000.00,100 מ'ל,false,,10.20,0.0102,true,1,5300091
7290018471449,false,שייק בננה תמר תפוז 1,,,שייק בננה תמר תפוז 1,ליטרים,1.00,ליטר,false,,9.90,9.9000,true,1,5313082
7290018471456,false,ספרינג שייק אננס מנג,,,ספרינג שייק אננס מנג,ליטרים,1.00,ליטר,false,,9.90,9.9000,true,1,5313083
7290018471463,false,תפוזינה נקטר תפוז מנ,,,תפוזינה נקטר תפוז מנ,ליטרים,1.00,ליטר,false,,5.60,5.6000,true,1,5304017
7290018471470,false,תפוזינה נקטר תפוז פס,,,תפוזינה נקטר תפוז פס,ליטרים,1.00,ליטר,false,,5.60,5.6000,true,1,5304018
7290018471487,false,תפוזינה נקטר תפוז אנ,,,תפוזינה נקטר תפוז אנ,ליטרים,1.00,ליטר,false,,5.60,5.6000,true,1,5304019
7290018471494,false,תפוזינה נקטר תפוז גז,,,תפוזינה נקטר תפוז גז,ליטרים,1.00,ליטר,false,,5.60,5.6000,true,1,5304020
7290018471548,false,ספרינג ענבים 4*250 מ,,,ספרינג ענבים 4*250 מ,מטרים,1000.00,100 מ'ל,false,,9.90,0.0099,true,1,5298896
7290018471616,false,שוופס אינדיאן טוניק,,,שוופס אינדיאן טוניק,מטרים,1000.00,100 מ'ל,false,,7.70,0.0077,true,1,5308683
7290018471623,false,שוופס טוניק אשכוליות,,,שוופס טוניק אשכוליות,מטרים,1000.00,100 מ'ל,false,,7.70,0.0077,true,1,5308684
7290018471630,false,שוופס טוניק מלפפון ל,,,שוופס טוניק מלפפון ל,מטרים,1000.00,100 מ'ל,false,,7.70,0.0077,true,1,5308685
7290018471692,false,ספרינג שייק בננה אננ,,,ספרינג שייק בננה אננ,ליטרים,1.00,ליטר,false,,9.90,9.9000,true,1,5313084
7290018471906,false,משקה מוגז לימונדה ור,,,משקה מוגז לימונדה ור,ליטרים,1.50,ליטר,false,,7.10,4.7333,true,1,5331861
7290018471913,false,משקה מוגז פירות תפוח,,,משקה מוגז פירות תפוח,ליטרים,1.50,ליטר,false,,7.10,4.7333,true,1,5331862
7290018471920,false,משקה מוגז פירות ענבי,,,משקה מוגז פירות ענבי,ליטרים,1.50,ליטר,false,,7.10,4.7333,true,1,5331863
7290018471937,false,משקה מוגז פירות תות,,,משקה מוגז פירות תות,ליטרים,1.50,ליטר,false,,7.10,4.7333,true,1,5331864
7290018471944,false,משקה מוגז פירות לימו,,,משקה מוגז פירות לימו,ליטרים,1.50,ליטר,false,,7.10,4.7333,true,1,5331865
7290018471951,false,משקה מוגז פירות אשכו,,,משקה מוגז פירות אשכו,ליטרים,1.50,ליטר,false,,7.10,4.7333,true,1,5331866
7290018493045,false,אפקטיב קר קרם ידיים,,,אפקטיב קר קרם ידיים,מטרים,100.00,100 מ'ל,false,,12.70,0.1270,true,1,5294677
7290018493052,false,אפקטיב קר קרם ידיים,,,אפקטיב קר קרם ידיים,מטרים,100.00,100 מ'ל,false,,12.70,0.1270,true,1,5294678
7290018493144,false,קמיל אל סבון 1 ליטר,,,קמיל אל סבון 1 ליטר,100 מל,1000.00,100 מל,false,,13.50,0.0135,true,1,5274095
7290018493748,false,אפקטיב קייר מגבונים,,,אפקטיב קייר מגבונים,יח',1.00,יח',false,,25.60,25.6000,true,1,5324936
7290018493977,false,קמיל אל סבון לניקוי,,,קמיל אל סבון לניקוי,100 מל,1000.00,100 מל,false,,13.50,0.0135,true,1,5305048
7290018500231,false,לחם וויקנט,,,לחם וויקנט,יח',1.00,יח',false,,13.50,13.5000,true,1,5367279
7290018500361,false,לחם אחיד פרוס אנג'ל,,,לחם אחיד פרוס אנג'ל,גרמים,900.00,100 גרם,false,,7.10,0.0079,true,1,5387374
7290018500385,false,חלה רגילה אנג'ל,,,חלה רגילה אנג'ל,גרמים,650.00,100 גרם,false,,4.40,0.0068,true,1,5387375
7290018500392,false,חלה קלועה אנג'ל,,,חלה קלועה אנג'ל,גרמים,650.00,100 גרם,false,,4.40,0.0068,true,1,5387376
7290018516065,false,פרמיו דליקט טונה וסל,,,פרמיו דליקט טונה וסל,יח',1.00,יח',false,,8.50,8.5000,true,1,5293760
7290018516089,false,פרמיו דליקט טונה דג,,,פרמיו דליקט טונה דג,יח',1.00,יח',false,,8.50,8.5000,true,1,5293762
7290018516324,false,פרינוק פאוץ' תפוח ש.,,,פרינוק פאוץ' תפוח ש.,גרמים,120.00,100 גרם,false,,5.00,0.0417,true,1,5307202
7290018516331,false,מחית פרינוק פאוצ תפו,,,מחית פרינוק פאוצ תפו,גרמים,120.00,100 גרם,false,,5.00,0.0417,true,1,5313397
7290018516348,false,מחית פרינוק פאוצ סלט,,,מחית פרינוק פאוצ סלט,גרמים,120.00,100 גרם,false,,5.00,0.0417,true,1,5313398
7290018516355,false,"גוניור תפו""ע שיבולת",,,"גוניור תפו""ע שיבולת",גרמים,190.00,100 גרם,false,,5.00,0.0263,true,1,5340459
7290018516362,false,"גוניור תפו""ע בננה שי",,,"גוניור תפו""ע בננה שי",גרמים,190.00,100 גרם,false,,5.00,0.0263,true,1,5340460
7290018516393,false,פרמיו מיקס 3קג,,,פרמיו מיקס 3קג,יח',1.00,יח',false,,51.20,51.2000,true,1,5333087
7290018516447,false,פסטה מקרוני עם גבינה,,,פסטה מקרוני עם גבינה,גרמים,262.00,100 גרם,false,,10.20,0.0389,true,1,5382152
7290018516942,false,פרמיו סופרים מועשר ב,,,פרמיו סופרים מועשר ב,יחידה,0.00,יחידה,false,,42.60,0.0000,true,1,5411948
7290018516959,false,פרמיו סופרים מועשר ב,,,פרמיו סופרים מועשר ב,יחידה,0.00,יחידה,false,,42.60,0.0000,true,1,5411949
7290018516966,false,פרמיו סופרים עם בקר,,,פרמיו סופרים עם בקר,יחידה,0.00,יחידה,false,,42.60,0.0000,true,1,5411950
7290018540329,false,פיתה אנגל 8 יח,,,פיתה אנגל 8 יח,גרמים,800.00,100 גרם,false,,9.30,0.0116,true,1,5304562
7290018540459,false,לחמניות המבורגר כוסמ,,,לחמניות המבורגר כוסמ,גרמים,300.00,100 גרם,false,,13.60,0.0453,true,1,5313081
7290018540817,false,לחם מחמצת ארטיזנל כו,,,לחם מחמצת ארטיזנל כו,גרמים,500.00,100 גרם,false,,16.20,0.0324,true,1,5333334
7290018540824,false,לחם מחמצת ארטיזנל כפ,,,לחם מחמצת ארטיזנל כפ,גרמים,500.00,100 גרם,false,,15.30,0.0306,true,1,5333335
7290018540831,false,לחם מחמצת ארטיזנל חי,,,לחם מחמצת ארטיזנל חי,גרמים,500.00,100 גרם,false,,15.30,0.0306,true,1,5333336
7290018564004,false,גזר גמדי רמילוי 800,,,גזר גמדי רמילוי 800,גרמים,800.00,100 גרם,false,,7.00,0.0088,true,1,5303466
7290018564011,false,אפונת גינה רמילוי 80,,,אפונת גינה רמילוי 80,גרמים,800.00,100 גרם,false,,7.40,0.0093,true,1,5304069
7290018564028,false,אפונה עדינה 600ג רמי,,,אפונה עדינה 600ג רמי,גרמים,600.00,100 גרם,false,,9.30,0.0155,true,1,5302649
7290018564042,false,שעועית צהובה חתוכה 8,,,שעועית צהובה חתוכה 8,גרמים,800.00,100 גרם,false,,7.40,0.0093,true,1,5302650
7290018564059,false,שעועית ירוקה שלמה עד,,,שעועית ירוקה שלמה עד,גרמים,600.00,100 גרם,false,,9.30,0.0155,true,1,5302651
7290018564066,false,אפונה וגזר רמילוי 80,,,אפונה וגזר רמילוי 80,גרמים,800.00,100 גרם,false,,7.40,0.0093,true,1,5303467
7290018564073,false,במיה קפוא 600ג רמילו,,,במיה קפוא 600ג רמילו,גרמים,600.00,100 גרם,false,,6.80,0.0113,true,1,5299967
7290018564080,false,לקט ירקות רמילוי 800,,,לקט ירקות רמילוי 800,גרמים,800.00,100 גרם,false,,8.50,0.0106,true,1,5303468
7290018564097,false,פול גינה ירוק 800גר,,,פול גינה ירוק 800גר,גרמים,800.00,100 גרם,false,,9.30,0.0116,true,1,5317456
7290018564103,false,פולי סויה 600גר,,,פולי סויה 600גר,גרמים,600.00,100 גרם,false,,10.20,0.0170,true,1,5317457
7290018564110,false,ארטישוק קפוא 400ג רמ,,,ארטישוק קפוא 400ג רמ,גרמים,400.00,100 גרם,false,,7.60,0.0190,true,1,5299968
7290018564127,false,לקט לקוסקוס רמילוי 8,,,לקט לקוסקוס רמילוי 8,גרמים,800.00,100 גרם,false,,8.50,0.0106,true,1,5303469
7290018564134,false,גרעיני תירס 800גר רמ,,,גרעיני תירס 800גר רמ,גרמים,800.00,100 גרם,false,,7.40,0.0093,true,1,5299156
7290018564141,false,גרגירי חומוס מבושלים,,,גרגירי חומוס מבושלים,גרמים,800.00,100 גרם,false,,8.50,0.0106,true,1,5299157
7290018564158,false,שעועית לבנה מבושלים,,,שעועית לבנה מבושלים,גרמים,800.00,100 גרם,false,,8.50,0.0106,true,1,5299158
7290018564165,false,כרובית 800גר רמי לוי,,,כרובית 800גר רמי לוי,גרמים,800.00,100 גרם,false,,8.50,0.0106,true,1,5299159
7290018564172,false,ברוקולי 800גר רמי לו,,,ברוקולי 800גר רמי לו,גרמים,800.00,100 גרם,false,,11.00,0.0138,true,1,5299160
7290018564189,false,פולי סויה קלופים 600,,,פולי סויה קלופים 600,גרמים,600.00,100 גרם,false,,11.00,0.0183,true,1,5317458
7290018564202,false,לקט ירקות למרק רמילו,,,לקט ירקות למרק רמילו,גרמים,800.00,100 גרם,false,,8.50,0.0106,true,1,5303470
7290018566008,false,אגוזי מלך קלופים 250,,,אגוזי מלך קלופים 250,גרמים,250.00,100 גרם,false,,16.20,0.0648,true,1,5366986
7290018566015,false,תאנה מיובשת 300 גר נ,,,תאנה מיובשת 300 גר נ,גרמים,300.00,100 גרם,false,,15.30,0.0510,true,1,5388047
7290018566039,false,פקאן טבעי 280 גר נספ,,,פקאן טבעי 280 גר נספ,גרמים,280.00,100 גרם,false,,28.10,0.1004,true,1,5373624
7290018566046,false,שקד מולבן אמריקאי של,,,שקד מולבן אמריקאי של,גרמים,200.00,100 גרם,false,,14.40,0.0720,true,1,5378571
7290018566053,false,שקד מולבן מקלות 200ג,,,שקד מולבן מקלות 200ג,גרמים,200.00,100 גרם,false,,14.40,0.0720,true,1,5380062
7290018566169,false,פקאן קלוי 150גר בשקי,,,פקאן קלוי 150גר בשקי,גרמים,150.00,100 גרם,false,,14.40,0.0960,true,1,5405240
7290018566183,false,שקד קלוי 200 גר בשק,,,שקד קלוי 200 גר בשק,גרמים,200.00,100 גרם,false,,12.70,0.0635,true,1,5406006
7290018566206,false,אגוז מלך קלופים 150,,,אגוז מלך קלופים 150,גרמים,150.00,100 גרם,false,,8.50,0.0567,true,1,5407245
7290018566220,false,אגוז ברזיל 200גר נספ,,,אגוז ברזיל 200גר נספ,גרמים,200.00,100 גרם,false,,25.60,0.1280,true,1,5391106
7290018566237,false,גרעיני חמנייה קלויים,,,גרעיני חמנייה קלויים,גרמים,130.00,100 גרם,false,,4.20,0.0323,true,1,5404547
7290018566244,false,גרעיני חמנייה מופחת,,,גרעיני חמנייה מופחת,גרמים,130.00,100 גרם,false,,4.20,0.0323,true,1,5406540
7290018566251,false,גרעיני דלעת קלוי 150,,,גרעיני דלעת קלוי 150,גרמים,150.00,100 גרם,false,,6.80,0.0453,true,1,5406007
7290018566275,false,פקאן טבעי 150גר בשקי,,,פקאן טבעי 150גר בשקי,גרמים,150.00,100 גרם,false,,17.00,0.1133,true,1,5393564
7290018566282,false,פיסטוק קלוי 150 גר ב,,,פיסטוק קלוי 150 גר ב,גרמים,150.00,100 גרם,false,,17.00,0.1133,true,1,5393660
7290018566299,false,פיצוחים מיקס קלוי 15,,,פיצוחים מיקס קלוי 15,גרמים,150.00,100 גרם,false,,15.30,0.1020,true,1,5408865
7290018566305,false,גרעיני דלעת קלוף 200,,,גרעיני דלעת קלוף 200,גרמים,200.00,100 גרם,false,,8.50,0.0425,true,1,5391528
7290018566312,false,שקד טבעי 200 גר בשקי,,,שקד טבעי 200 גר בשקי,גרמים,200.00,100 גרם,false,,12.70,0.0635,true,1,5417109
7290018566336,false,גרעיני חמניה קלוף 20,,,גרעיני חמניה קלוף 20,גרמים,200.00,100 גרם,false,,5.90,0.0295,true,1,5391529
7290018566343,false,גרעיני אבטיח קלויי ב,,,גרעיני אבטיח קלויי ב,יחידה,0.00,יחידה,false,,12.70,0.0000,true,1,5407044
7290018566350,false,גרעיני אבטיח קלויים,,,גרעיני אבטיח קלויים,יחידה,0.00,יחידה,false,,12.70,0.0000,true,1,5407045
7290018566381,false,מנגו מיובש 160 גר נס,,,מנגו מיובש 160 גר נס,גרמים,160.00,100 גרם,false,,17.00,0.1063,true,1,5386967
7290018566466,false,פריכיות אורז טעם ציל,,,פריכיות אורז טעם ציל,גרמים,100.00,100 גרם,false,,6.80,0.0680,true,1,5411584
7290018566473,false,אפונה קלויה 150 גר,,,אפונה קלויה 150 גר,גרמים,150.00,100 גרם,false,,6.80,0.0453,true,1,5411585
7290018566480,false,פקאן מסוכר 150 גר בש,,,פקאן מסוכר 150 גר בש,גרמים,150.00,100 גרם,false,,12.70,0.0847,true,1,5407246
7290018566503,false,אננס מיובש 160גר נספ,,,אננס מיובש 160גר נספ,גרמים,160.00,100 גרם,false,,14.40,0.0900,true,1,5390848
7290018566510,false,שקד מולבן גרוס 200 ג,,,שקד מולבן גרוס 200 ג,גרמים,200.00,100 גרם,false,,14.40,0.0720,true,1,5380064
7290018566527,false,תירס קלוי 150 גר בש,,,תירס קלוי 150 גר בש,גרמים,150.00,100 גרם,false,,6.80,0.0453,true,1,5411586
7290018566534,false,רביולי גריל 150 גר ב,,,רביולי גריל 150 גר ב,גרמים,150.00,100 גרם,false,,8.50,0.0567,true,1,5411587
7290018566558,false,מנצס 150 גר בשקית,,,מנצס 150 גר בשקית,גרמים,150.00,100 גרם,false,,6.80,0.0453,true,1,5412447
7290018566565,false,קבוקים 150 גר בשקית,,,קבוקים 150 גר בשקית,גרמים,150.00,100 גרם,false,,4.20,0.0280,true,1,5411588
7290018566572,false,בוטנים אמריקאיים מצו,,,בוטנים אמריקאיים מצו,גרמים,200.00,100 גרם,false,,5.90,0.0295,true,1,5412448
7290018566596,false,קוקוס מיובש 160גר נס,,,קוקוס מיובש 160גר נס,גרמים,160.00,100 גרם,false,,11.90,0.0744,true,1,5390849
7290018571064,false,מקלוני טופי 450גר כש,,,מקלוני טופי 450גר כש,יח',1.00,יח',false,,12.70,12.7000,true,1,5297802
7290018571088,false,טופי חמצמץ 600 גר כש,,,טופי חמצמץ 600 גר כש,יח',1.00,יח',false,,13.60,13.6000,true,1,5297804
7290018571095,false,טופי ממולא טעמי פירו,,,טופי ממולא טעמי פירו,יח',1.00,יח',false,,13.60,13.6000,true,1,5297805
7290018571118,false,שקדים טבעי 200 גרם ב,,,שקדים טבעי 200 גרם ב,גרמים,200.00,100 גרם,false,,17.00,0.0850,true,1,5292226
7290018571422,false,לקקנים מולטיקולור מי,,,לקקנים מולטיקולור מי,גרמים,780.00,100 גרם,false,,15.70,0.0201,true,1,5339913
7290018571491,false,ריבת חלב אמיתי זכוכי,,,ריבת חלב אמיתי זכוכי,גרמים,340.00,100 גרם,false,,11.00,0.0324,true,1,5359544
7290018571750,false,סילאן טבעי 900 גרם,,,סילאן טבעי 900 גרם,גרמים,900.00,100 גרם,false,,18.60,0.0207,true,1,5359548
7290018571798,false,ג'לי שמחות 2 צבעים 5,,,ג'לי שמחות 2 צבעים 5,גרמים,540.00,100 גרם,false,,15.70,0.0291,true,1,5398873
7290018626283,false,פיצה מרגריטה,,,פיצה מרגריטה,יח',1.00,יח',false,,9.30,9.3000,true,1,5318168
7290018626306,false,פיצה מרגריטה פטריות,,,פיצה מרגריטה פטריות,יח',1.00,יח',false,,10.20,10.2000,true,1,5318169
7290018708118,false,בארכה חלבה וניל פיסט,,,בארכה חלבה וניל פיסט,גרמים,350.00,100 גרם,false,,12.70,0.0363,true,1,5332027
7290018708125,false,בארכה חלבה מסולסלת ו,,,בארכה חלבה מסולסלת ו,גרמים,250.00,100 גרם,false,,11.90,0.0476,true,1,5340511
7290018708132,false,בארכה חלבה מסולסלת ש,,,בארכה חלבה מסולסלת ש,גרמים,250.00,100 גרם,false,,11.90,0.0476,true,1,5340512
7290018792841,false,קקאו טבעי 150גר,,,קקאו טבעי 150גר,גרמים,150.00,100 גרם,false,,8.50,0.0567,true,1,5375384
7290018792858,false,קקאו טבעי 500גרם,,,קקאו טבעי 500גרם,גרמים,500.00,100 גרם,false,,20.40,0.0408,true,1,5391332
7290018795842,false,שיני שום קלופות 500ג,,,שיני שום קלופות 500ג,גרמים,500.00,100 גרם,false,,14.40,0.0288,true,1,5397750
7290018835012,false,חטיף אורז אקסטרה בצי,,,חטיף אורז אקסטרה בצי,גרמים,90.00,100 גרם,false,,10.70,0.1189,true,1,5394753
7290018835029,false,מרק בטעם עוף 400 גרם,,,מרק בטעם עוף 400 גרם,גרמים,400.00,100 גרם,false,,11.00,0.0275,true,1,5412755
7290018860717,false,אטריות אורז 454גר לל,,,אטריות אורז 454גר לל,גרמים,454.00,100 גרם,false,,9.30,0.0205,true,1,5347263
7290018878002,false,אגו מיקס קרקר מצופה,,,אגו מיקס קרקר מצופה,גרמים,55.00,100 גרם,false,,3.30,0.0600,true,1,5351409
7290018878088,false,"שלשות שוקולד לל""תס ח",,,"שלשות שוקולד לל""תס ח",גרמים,255.00,100 גרם,false,,12.60,0.0494,true,1,5355268
7290018878095,false,"שלשות שוקולד לל""תס ח",,,"שלשות שוקולד לל""תס ח",גרמים,255.00,100 גרם,false,,12.60,0.0494,true,1,5355269
7290018878118,false,מרשמלו ללבות בטעם פט,,,מרשמלו ללבות בטעם פט,גרמים,150.00,100 גרם,false,,3.80,0.0253,true,1,5386494
7290018878125,false,שוקולד לבן ללא סוכר,,,שוקולד לבן ללא סוכר,גרמים,300.00,100 גרם,false,,12.60,0.0420,true,1,5385183
7290018878170,false,אגו זוג שוקולד מריר,,,אגו זוג שוקולד מריר,גרמים,200.00,100 גרם,false,,7.60,0.0380,true,1,5370740
7290018878224,false,מיני קוקיס טעם שוקול,,,מיני קוקיס טעם שוקול,גרמים,600.00,100 גרם,false,,13.60,0.0227,true,1,5370741
7290018878231,false,"מיני קוקיס לל""ס שוקו",,,"מיני קוקיס לל""ס שוקו",גרמים,600.00,100 גרם,false,,16.20,0.0270,true,1,5370742
7290018878460,false,טופי שטוח ענבים ופטל,,,טופי שטוח ענבים ופטל,גרמים,300.00,100 גרם,false,,8.50,0.0283,true,1,5421654
7290018878477,false,טופי שטוח טעם קולה 5,,,טופי שטוח טעם קולה 5,גרמים,300.00,100 גרם,false,,8.50,0.0283,true,1,5421655
7290018878491,false,טופי שטוח ענבים ופטל,,,טופי שטוח ענבים ופטל,יח',1.00,יח',false,,1.00,1.0000,true,1,5421657
7290018878583,false,טופי שטוח טעם קולה,,,טופי שטוח טעם קולה,יח',1.00,יח',false,,1.00,1.0000,true,1,5421659
7290018878798,false,מטבעות צבעוני שוקולד,,,מטבעות צבעוני שוקולד,גרמים,36.00,גרם,false,,2.50,0.0694,true,1,5421660
7290018879658,false,אגו  שוקולד צ'יפס מר,,,אגו  שוקולד צ'יפס מר,גרמים,250.00,100 גרם,false,,8.50,0.0340,true,1,5341359
7290018879825,false,מטבעות שוקולד לבן 36,,,מטבעות שוקולד לבן 36,גרמים,36.00,גרם,false,,2.50,0.0694,true,1,5421661
7290018879979,false,מרשמלו לבן 150גר כרמ,,,מרשמלו לבן 150גר כרמ,גרמים,150.00,100 גרם,false,,3.80,0.0253,true,1,5350067
7290018893074,false,צוקטה עוגת שכבות שוק,,,צוקטה עוגת שכבות שוק,גרמים,400.00,100 גרם,false,,10.20,0.0255,true,1,5325203
7290018893081,false,צוקטה עוגות מגולגלות,,,צוקטה עוגות מגולגלות,גרמים,222.00,100 גרם,false,,7.50,0.0338,true,1,5325204
7290018893098,false,צ'וקטה עוגיות מצופות,,,צ'וקטה עוגיות מצופות,גרמים,100.00,100 גרם,false,,5.90,0.0590,true,1,5350606
7290018893104,false,צ'וקטה עוגיות מצופות,,,צ'וקטה עוגיות מצופות,גרמים,100.00,100 גרם,false,,5.90,0.0590,true,1,5350607
7290018893135,false,צוקטה גריסיני מלח 12,,,צוקטה גריסיני מלח 12,גרמים,120.00,100 גרם,false,,6.80,0.0567,true,1,5388725
7290018893142,false,צוקטה גריסיני שמן זי,,,צוקטה גריסיני שמן זי,גרמים,120.00,100 גרם,false,,6.80,0.0567,true,1,5388726
7290018893258,false,צ'וקטה עוגות אישיות,,,צ'וקטה עוגות אישיות,גרמים,300.00,100 גרם,false,,10.20,0.0340,true,1,5320500
7290018893289,false,צוקטה עוגות מגולגלות,,,צוקטה עוגות מגולגלות,גרמים,222.00,100 גרם,false,,7.50,0.0338,true,1,5325205
7290018893296,false,צוקטה עוגיות מיני חמ,,,צוקטה עוגיות מיני חמ,גרמים,100.00,100 גרם,false,,8.50,0.0850,true,1,5382949
7290018893319,false,צוקטה שוקולד מריר בל,,,צוקטה שוקולד מריר בל,גרמים,100.00,100 גרם,false,,7.60,0.0760,true,1,5341262
7290018893340,false,צוקטה גריסיני שומשום,,,צוקטה גריסיני שומשום,גרמים,120.00,100 גרם,false,,6.80,0.0567,true,1,5388727
7290018893401,false,צ'וקטה שוקולד מריר 7,,,צ'וקטה שוקולד מריר 7,גרמים,100.00,100 גרם,false,,7.60,0.0760,true,1,5328291
7290018893418,false,צוקטה שוקולד מריר שי,,,צוקטה שוקולד מריר שי,גרמים,600.00,100 גרם,false,,18.60,0.0310,true,1,5325206
7290018893449,false,עלי וופל במילוי קרמל,,,עלי וופל במילוי קרמל,גרמים,175.00,100 גרם,false,,8.50,0.0486,true,1,5328314
7290018893456,false,צ'וקטה עוגות אישיות,,,צ'וקטה עוגות אישיות,גרמים,300.00,100 גרם,false,,10.20,0.0340,true,1,5320502
7290018893494,false,עלי וופל דקים בטעם ח,,,עלי וופל דקים בטעם ח,יח',1.00,יח',false,,8.50,8.5000,true,1,5328315
7290018893500,false,צ'וקטה עוגיות סנדביץ,,,צ'וקטה עוגיות סנדביץ,גרמים,180.00,100 גרם,false,,4.10,0.0228,true,1,5350625
7290018893517,false,צוקטה בייגלה שטוח מצ,,,צוקטה בייגלה שטוח מצ,יח',1.00,יח',false,,1.00,1.0000,true,1,5341263
7290018893616,false,שוקולד צוקטה מריר 48,,,שוקולד צוקטה מריר 48,גרמים,600.00,100 גרם,false,,17.00,0.0283,true,1,5328317
7290018893647,false,צ'וקטה עוגיות סנדביץ,,,צ'וקטה עוגיות סנדביץ,גרמים,150.00,100 גרם,false,,6.80,0.0453,true,1,5328318
7290018893661,false,צ'וקטה עוגות אישיות,,,צ'וקטה עוגות אישיות,גרמים,240.00,100 גרם,false,,6.80,0.0283,true,1,5320503
7290018893708,false,צ'וקטה עוגיות סנדביץ,,,צ'וקטה עוגיות סנדביץ,גרמים,250.00,100 גרם,false,,5.90,0.0236,true,1,5350626
7290018893722,false,צוקטה בישקוטים 200 ג,,,צוקטה בישקוטים 200 ג,גרמים,200.00,100 גרם,false,,5.90,0.0295,true,1,5366963
7290018893753,false,עלי וופל דקים בטעם ל,,,עלי וופל דקים בטעם ל,גרמים,100.00,גרם,false,,8.50,0.0850,true,1,5396916
7290018893807,false,צ'וקטה שוקולד מריר 6,,,צ'וקטה שוקולד מריר 6,גרמים,300.00,100 גרם,false,,9.30,0.0310,true,1,5328319
7290018893814,false,שוקולד מריר 48% חמיש,,,שוקולד מריר 48% חמיש,גרמים,500.00,100 גרם,false,,13.60,0.0272,true,1,5328320
7290018893845,false,צוקטה פתי בר טעם חמא,,,צוקטה פתי בר טעם חמא,גרמים,400.00,100 גרם,false,,5.90,0.0148,true,1,5325208
7290018893876,false,צוקטה עוגות אישיות ו,,,צוקטה עוגות אישיות ו,גרמים,200.00,100 גרם,false,,9.30,0.0465,true,1,5320504
7290018893920,false,לוקיטוס סוכריות ג'לי,,,לוקיטוס סוכריות ג'לי,גרמים,700.00,100 גרם,false,,15.30,0.0219,true,1,5416873
7290018893937,false,לוקיטוס סוכריות ג'לי,,,לוקיטוס סוכריות ג'לי,גרמים,300.00,100 גרם,false,,8.50,0.0283,true,1,5416874
7290018893951,false,עוגיות וופל חמאה קינ,,,עוגיות וופל חמאה קינ,יח',1.00,יח',false,,8.50,8.5000,true,1,5404376
7290018894002,false,בלקוני וופל קוביות ק,,,בלקוני וופל קוביות ק,גרמים,250.00,100 גרם,false,,8.50,0.0340,true,1,5350628
7290018894019,false,בלקוני עוגות מיקס מק,,,בלקוני עוגות מיקס מק,גרמים,350.00,100 גרם,false,,11.90,0.0340,true,1,5350629
7290018894040,false,צוקטה שוקולד חלב 5*1,,,צוקטה שוקולד חלב 5*1,גרמים,500.00,100 גרם,false,,17.00,0.0340,true,1,5417266
7290018894200,false,בלקוני וופל קוביות ו,,,בלקוני וופל קוביות ו,גרמים,250.00,100 גרם,false,,8.50,0.0340,true,1,5350630
7290018894217,false,בלקוני עוגות מיקס מק,,,בלקוני עוגות מיקס מק,גרמים,350.00,100 גרם,false,,12.70,0.0363,true,1,5350631
7290018894408,false,בלקוני וופל קוביות א,,,בלקוני וופל קוביות א,גרמים,250.00,100 גרם,false,,8.50,0.0340,true,1,5350632
7290018894606,false,בלקוני וופל קקאו 175,,,בלקוני וופל קקאו 175,גרמים,175.00,100 גרם,false,,6.80,0.0389,true,1,5350634
7290018894804,false,בלקוני וופל אגוזים 1,,,בלקוני וופל אגוזים 1,גרמים,175.00,100 גרם,false,,6.80,0.0389,true,1,5350635
7290018921029,false,רביעיית מגבוני קמיל,,,רביעיית מגבוני קמיל,יח',1.00,יח',false,,18.60,18.6000,true,1,5324956
7290018921067,false,אפקטיב קר תחליב רחצה,,,אפקטיב קר תחליב רחצה,מטרים,700.00,100 מ'ל,false,,14.40,0.0206,true,1,5331249
7290018921166,false,קמיל אל סבון היגייני,,,קמיל אל סבון היגייני,100 מל,1000.00,100 מל,false,,13.50,0.0135,true,1,5324957
7290018921203,false,קמיל בלו משחת החתלה,,,קמיל בלו משחת החתלה,גרמים,120.00,100 גרם,false,,16.20,0.1350,true,1,5381340
7290018921265,false,אפקטיב קר תחליב רחצה,,,אפקטיב קר תחליב רחצה,מטרים,700.00,100 מ'ל,false,,14.40,0.0206,true,1,5331250
7290018921449,false,רביעיית מגבוני תפרחת,,,רביעיית מגבוני תפרחת,יח',1.00,יח',false,,21.20,21.2000,true,1,5324958
7290018921456,false,אפקטיב קר תחליב רחצה,,,אפקטיב קר תחליב רחצה,מטרים,700.00,100 מ'ל,false,,14.40,0.0206,true,1,5331251
7290018921609,false,קמיל בלו משחת החתלה,,,קמיל בלו משחת החתלה,גרמים,120.00,100 גרם,false,,18.70,0.1558,true,1,5381341
7290018921616,false,רביעיית מגבוני שיבול,,,רביעיית מגבוני שיבול,יח',1.00,יח',false,,19.50,19.5000,true,1,5324959
7290018921654,false,אפקטיב קר תחליב רחצה,,,אפקטיב קר תחליב רחצה,מטרים,700.00,100 מ'ל,false,,14.40,0.0206,true,1,5331252
7290018921753,false,קמיל אל סבון היגייני,,,קמיל אל סבון היגייני,100 מל,1000.00,100 מל,false,,13.50,0.0135,true,1,5324960
7290018921807,false,קמיל בלו משחת החתלה,,,קמיל בלו משחת החתלה,גרמים,120.00,100 גרם,false,,18.70,0.1558,true,1,5381342
7290018921852,false,אפקטיב קר תחליב רחצה,,,אפקטיב קר תחליב רחצה,מטרים,700.00,100 מ'ל,false,,14.40,0.0206,true,1,5331253
7290018925065,false,מיץ תפוזים פרימור 2,,,מיץ תפוזים פרימור 2,ליטרים,2.00,ליטר,false,,20.70,10.3500,true,1,5333012
7290018925072,false,מיץ לימונענע פרימור,,,מיץ לימונענע פרימור,ליטרים,2.00,ליטר,false,,21.60,10.8000,true,1,5333013
7290018925089,false,"מיץ תפו""ע צלול פרימו",,,"מיץ תפו""ע צלול פרימו",ליטרים,2.00,ליטר,false,,20.70,10.3500,true,1,5333014
7290018940082,false,וירטואוזו רונדו חצי,,,וירטואוזו רונדו חצי,מיליליטרים,750.00,"100 מ""ל",false,,38.40,0.0512,true,1,5323563
7290018989005,false,יכין פולפה טבעית 400,,,יכין פולפה טבעית 400,גרמים,1200.00,100 גרם,false,,14.10,0.0117,true,1,5347236
7290018989128,false,יכין סירופ בטעם ענבי,,,יכין סירופ בטעם ענבי,מטרים,1000.00,100 מ'ל,false,,16.20,0.0162,true,1,5382022
7290018989135,false,יכין סירופ בטעם פטל,,,יכין סירופ בטעם פטל,מטרים,1000.00,100 מ'ל,false,,16.20,0.0162,true,1,5382023
7290019035220,false,מיקס פירות 600 גר,,,מיקס פירות 600 גר,גרמים,600.00,100 גרם,false,,25.60,0.0427,true,1,5366912
7290019035244,false,מיקס פירות 600 גר,,,מיקס פירות 600 גר,גרמים,600.00,100 גרם,false,,25.60,0.0427,true,1,5366913
7290019035251,false,מיקס פירות 600 גר,,,מיקס פירות 600 גר,גרמים,600.00,100 גרם,false,,25.60,0.0427,true,1,5366914
7290019035329,false,מיקס פירות 600 גר,,,מיקס פירות 600 גר,גרמים,600.00,100 גרם,false,,25.60,0.0427,true,1,5366915
7290019038719,false,שישיית מי סודה מוגז,,,שישיית מי סודה מוגז,מטרים,1500.00,100 מ'ל,false,,10.40,0.0069,true,1,5320016
7290019044000,false,"תפו""א לבן ארוז",,,"תפו""א לבן ארוז",קילוגרמים,1.00,"ק""ג",true,,5.90,5.9000,true,1,5322908
7290019056027,false,משקה מוגז פירות תפוח,,,משקה מוגז פירות תפוח,ליטרים,1.50,ליטר,false,,6.80,4.5333,true,1,5331869
7290019056034,false,משקה מוגז פירות אננס,,,משקה מוגז פירות אננס,ליטרים,1.50,ליטר,false,,6.80,4.5333,true,1,5331870
7290019056041,false,משקה מוגז פירות לימו,,,משקה מוגז פירות לימו,ליטרים,1.50,ליטר,false,,6.80,4.5333,true,1,5331871
7290019056058,false,שוופס מוגז עדין תפוח,,,שוופס מוגז עדין תפוח,ליטרים,1.50,ליטר,false,,7.10,4.7333,true,1,5331872
7290019056065,false,שוופס מוגז עדין פירו,,,שוופס מוגז עדין פירו,ליטרים,1.50,ליטר,false,,7.10,4.7333,true,1,5331873
7290019056072,false,שוופס מוגז עדין אננס,,,שוופס מוגז עדין אננס,ליטרים,1.50,ליטר,false,,7.10,4.7333,true,1,5331874
7290019056089,false,שוופס מוגז עדין ענבי,,,שוופס מוגז עדין ענבי,ליטרים,1.50,ליטר,false,,7.10,4.7333,true,1,5331875
7290019056096,false,שוופס מוגז עדין אפרס,,,שוופס מוגז עדין אפרס,ליטרים,1.50,ליטר,false,,7.10,4.7333,true,1,5331876
7290019056119,false,סודה שוופס 1.5 ליטר,,,סודה שוופס 1.5 ליטר,ליטרים,1.50,ליטר,false,,2.50,1.6667,true,1,5331877
7290019056133,false,סודה נענע ליים שוופס,,,סודה נענע ליים שוופס,ליטרים,1.50,ליטר,false,,2.80,1.8667,true,1,5331879
7290019056164,false,סודה שוופס 4*1.5 ליט,,,סודה שוופס 4*1.5 ליט,ליטרים,6.00,ליטר,false,,10.00,1.6667,true,1,5331882
7290019056171,false,סודה לימון שוופס 4*1,,,סודה לימון שוופס 4*1,ליטרים,6.00,ליטר,false,,10.00,1.6667,true,1,5331883
7290019056188,false,סודה נענע ליים שוופס,,,סודה נענע ליים שוופס,ליטרים,6.00,ליטר,false,,10.00,1.6667,true,1,5331884
7290019056201,false,סודה פירות יער שוופס,,,סודה פירות יער שוופס,ליטרים,6.00,ליטר,false,,10.00,1.6667,true,1,5331886
7290019056232,false,שוופס מוגז עדין מוחי,,,שוופס מוגז עדין מוחי,ליטרים,1.50,ליטר,false,,7.30,4.8667,true,1,5331887
7290019056249,false,מים בטעם ענבים שוופס,,,מים בטעם ענבים שוופס,ליטרים,1.50,ליטר,false,,6.70,4.4667,true,1,5331824
7290019056256,false,מים בטעם תפוחים שוופ,,,מים בטעם תפוחים שוופ,ליטרים,1.50,ליטר,false,,6.70,4.4667,true,1,5331825
7290019056263,false,מים בטעם אפרסק שוופס,,,מים בטעם אפרסק שוופס,ליטרים,1.50,ליטר,false,,6.70,4.4667,true,1,5331826
7290019056270,false,מים בטעם פירות יער ש,,,מים בטעם פירות יער ש,ליטרים,1.50,ליטר,false,,6.70,4.4667,true,1,5331827
7290019056287,false,מים בטעם אפרסק לייט,,,מים בטעם אפרסק לייט,ליטרים,1.50,ליטר,false,,6.80,4.5333,true,1,5331828
7290019056294,false,סודה ג'ינג'ר אייל שו,,,סודה ג'ינג'ר אייל שו,ליטרים,1.50,ליטר,false,,10.20,6.8000,true,1,5331906
7290019056300,false,ביטר למון שוופס 1.5,,,ביטר למון שוופס 1.5,ליטרים,1.50,ליטר,false,,10.20,6.8000,true,1,5331907
7290019056317,false,ראשן שוופס 1.5 ליטר,,,ראשן שוופס 1.5 ליטר,ליטרים,1.50,ליטר,false,,10.20,6.8000,true,1,5331908
7290019056324,false,טוניק שוופס 1.5 ליטר,,,טוניק שוופס 1.5 ליטר,ליטרים,1.50,ליטר,false,,10.20,6.8000,true,1,5331909
7290019056331,false,טוניק ללא סוכר שוופס,,,טוניק ללא סוכר שוופס,ליטרים,1.50,ליטר,false,,9.90,6.6000,true,1,5331910
7290019056355,false,תפוזינה לימונענע 1.5,,,תפוזינה לימונענע 1.5,ליטרים,1.50,ליטר,false,,6.80,4.5333,true,1,5331795
7290019056362,false,תפוזינה ענבים 1.5 לי,,,תפוזינה ענבים 1.5 לי,ליטרים,1.50,ליטר,false,,6.80,4.5333,true,1,5331829
7290019056379,false,תפוזינה תפוזים 1.5 ל,,,תפוזינה תפוזים 1.5 ל,ליטרים,1.50,ליטר,false,,6.80,4.5333,true,1,5331830
7290019056386,false,תפוזינה אשכוליות 1.5,,,תפוזינה אשכוליות 1.5,ליטרים,1.50,ליטר,false,,6.80,4.5333,true,1,5331831
7290019056393,false,תפוזינה תות בננה 1.5,,,תפוזינה תות בננה 1.5,ליטרים,1.50,ליטר,false,,6.80,4.5333,true,1,5331832
7290019056409,false,תפוזינה מנגו 1.5 לי,,,תפוזינה מנגו 1.5 לי,ליטרים,1.50,ליטר,false,,6.80,4.5333,true,1,5331833
7290019056416,false,תפוזינה לימונדה ורוד,,,תפוזינה לימונדה ורוד,ליטרים,1.50,ליטר,false,,6.80,4.5333,true,1,5331834
7290019056423,false,תפוזינה תפוחים 1.5 ל,,,תפוזינה תפוחים 1.5 ל,ליטרים,1.50,ליטר,false,,6.80,4.5333,true,1,5331835
7290019056430,false,תפוזינה תפוזים לייט,,,תפוזינה תפוזים לייט,ליטרים,1.50,ליטר,false,,6.70,4.4667,true,1,5331836
7290019056447,false,תפוזינה אשכוליות ליי,,,תפוזינה אשכוליות ליי,ליטרים,1.50,ליטר,false,,6.70,4.4667,true,1,5331837
7290019056454,false,קולה אר סי 1.5 ליטר,,,קולה אר סי 1.5 ליטר,ליטרים,1.50,ליטר,false,,5.60,3.7333,true,1,5331911
7290019056461,false,ארסי קולה שישייה 1.5,,,ארסי קולה שישייה 1.5,ליטרים,9.00,ליטר,false,,32.70,3.6333,true,1,5331912
7290019056478,false,תה קר בטעם אפרסק ספר,,,תה קר בטעם אפרסק ספר,ליטרים,1.50,ליטר,false,,6.20,4.1333,true,1,5331838
7290019056485,false,תה קר לימון לואיזה ס,,,תה קר לימון לואיזה ס,ליטרים,1.50,ליטר,false,,6.20,4.1333,true,1,5331839
7290019056492,false,תה קר מנגו אפרסק ספר,,,תה קר מנגו אפרסק ספר,ליטרים,1.50,ליטר,false,,6.20,4.1333,true,1,5331840
7290019056508,false,פרוט ווטר ענבים 1.5,,,פרוט ווטר ענבים 1.5,ליטרים,1.50,ליטר,false,,6.80,4.5333,true,1,5331841
7290019056515,false,פרוט ווטר אננס 1.5 ל,,,פרוט ווטר אננס 1.5 ל,ליטרים,1.50,ליטר,false,,6.80,4.5333,true,1,5331842
7290019056522,false,פרוט ווטר תות 1.5 לי,,,פרוט ווטר תות 1.5 לי,ליטרים,1.50,ליטר,false,,6.80,4.5333,true,1,5331843
7290019056539,false,פרוט ווטר אפרסק 1.5,,,פרוט ווטר אפרסק 1.5,ליטרים,1.50,ליטר,false,,6.80,4.5333,true,1,5331844
7290019056546,false,פרוט ווטר אבטיח 1.5,,,פרוט ווטר אבטיח 1.5,ליטרים,1.50,ליטר,false,,6.80,4.5333,true,1,5331845
7290019056553,false,מים עין גדי 2 ליטר ש,,,מים עין גדי 2 ליטר ש,ליטרים,12.00,ליטר,false,,11.10,0.9250,true,1,5331913
7290019056560,false,מים עין גדי 2 ליטר,,,מים עין גדי 2 ליטר,ליטרים,2.00,ליטר,false,,2.80,1.4000,true,1,5333832
7290019056577,false,משקה קל מנגו ספרינג,,,משקה קל מנגו ספרינג,ליטרים,1.50,ליטר,false,,6.80,4.5333,true,1,5331796
7290019056584,false,משקה קל תפוזים ספרינ,,,משקה קל תפוזים ספרינ,ליטרים,1.50,ליטר,false,,6.80,4.5333,true,1,5331797
7290019056591,false,משקה קל ענבים ספרינג,,,משקה קל ענבים ספרינג,ליטרים,1.50,ליטר,false,,6.80,4.5333,true,1,5331798
7290019056607,false,משקה קל תפוחים ספרינ,,,משקה קל תפוחים ספרינ,ליטרים,1.50,ליטר,false,,6.80,4.5333,true,1,5331799
7290019056614,false,משקה קל אפרסק ספרינג,,,משקה קל אפרסק ספרינג,ליטרים,1.50,ליטר,false,,6.80,4.5333,true,1,5331800
7290019056621,false,משקה קל פירות טרופיי,,,משקה קל פירות טרופיי,ליטרים,1.50,ליטר,false,,6.80,4.5333,true,1,5331801
7290019056638,false,משקה קל תות בננה ספר,,,משקה קל תות בננה ספר,ליטרים,1.50,ליטר,false,,6.80,4.5333,true,1,5331802
7290019056645,false,משקה קל אגס תפוח סבר,,,משקה קל אגס תפוח סבר,ליטרים,1.50,ליטר,false,,6.80,4.5333,true,1,5331803
7290019056652,false,משקה קל אננס בננה ספ,,,משקה קל אננס בננה ספ,ליטרים,1.50,ליטר,false,,6.80,4.5333,true,1,5331804
7290019056669,false,משקה קל תפוחים דיאט,,,משקה קל תפוחים דיאט,ליטרים,1.50,ליטר,false,,6.70,4.4667,true,1,5331805
7290019056676,false,משקה קל אשכולית אננס,,,משקה קל אשכולית אננס,ליטרים,1.50,ליטר,false,,6.70,4.4667,true,1,5331806
7290019056737,false,משקה אשכוליות קריסטל,,,משקה אשכוליות קריסטל,ליטרים,2.00,ליטר,false,,5.90,2.9500,true,1,5331914
7290019056744,false,משקה מיץ תפוזים קריס,,,משקה מיץ תפוזים קריס,ליטרים,2.00,ליטר,false,,5.90,2.9500,true,1,5331915
7290019056751,false,משקה מיץ אשכולית דיא,,,משקה מיץ אשכולית דיא,ליטרים,2.00,ליטר,false,,5.90,2.9500,true,1,5331916
7290019056768,false,משקה מיץ מנגו קריסטל,,,משקה מיץ מנגו קריסטל,ליטרים,2.00,ליטר,false,,5.90,2.9500,true,1,5331917
7290019056782,false,משקה קריסטל מוגז למו,,,משקה קריסטל מוגז למו,ליטרים,2.00,ליטר,false,,5.90,2.9500,true,1,5331919
7290019056799,false,משקה קריסטל מוגז אקז,,,משקה קריסטל מוגז אקז,ליטרים,2.00,ליטר,false,,5.90,2.9500,true,1,5331920
7290019056805,false,משקה קריסטל מוגז תפו,,,משקה קריסטל מוגז תפו,ליטרים,2.00,ליטר,false,,5.90,2.9500,true,1,5331921
7290019056812,false,משקה קריסטל מוגז מנט,,,משקה קריסטל מוגז מנט,ליטרים,2.00,ליטר,false,,5.90,2.9500,true,1,5331922
7290019056829,false,משקה קריסטל מוגז תפו,,,משקה קריסטל מוגז תפו,ליטרים,2.00,ליטר,false,,5.90,2.9500,true,1,5331923
7290019056836,false,משקה קריסטל מוגז תות,,,משקה קריסטל מוגז תות,ליטרים,2.00,ליטר,false,,5.90,2.9500,true,1,5331924
7290019056843,false,משקה קריסטל מוגז קול,,,משקה קריסטל מוגז קול,ליטרים,2.00,ליטר,false,,5.90,2.9500,true,1,5331925
7290019056850,false,תה קר אפרסק דיאט ספר,,,תה קר אפרסק דיאט ספר,ליטרים,1.50,ליטר,false,,6.20,4.1333,true,1,5331846
7290019056959,false,מי עדן 1.5ל,,,מי עדן 1.5ל,ליטרים,1.50,ליטר,false,,2.40,1.6000,true,1,5331926
7290019056973,false,מים מינרלים מי עדן 6,,,מים מינרלים מי עדן 6,ליטרים,9.00,ליטר,false,,11.10,1.2333,true,1,5331927
7290019074090,false,קמיל בלו אקסטרה סופט,,,קמיל בלו אקסטרה סופט,מטרים,500.00,100 מ'ל,false,,19.60,0.0392,true,1,5398184
7290019074366,false,אפקטיב קר תחליב רחצה,,,אפקטיב קר תחליב רחצה,מטרים,450.00,100 מ'ל,false,,8.50,0.0189,true,1,5381343
7290019075103,false,קמיל בלו אקסטרה סופט,,,קמיל בלו אקסטרה סופט,מטרים,1000.00,100 מ'ל,false,,28.10,0.0281,true,1,5398163
7290019075400,false,תחליב רחצה אפקטיב בש,,,תחליב רחצה אפקטיב בש,מטרים,700.00,100 מ'ל,false,,14.40,0.0206,true,1,5404373
7290019075479,false,קמיל בלו קלאסיק 1לי,,,קמיל בלו קלאסיק 1לי,ליטרים,1.00,ליטר,false,,25.60,25.6000,true,1,5404374
7290019075608,false,תחליב רחצה אפקטיב קר,,,תחליב רחצה אפקטיב קר,מטרים,700.00,100 מ'ל,false,,14.40,0.0206,true,1,5404375
7290019075899,false,קמיל בלו אקסטרה סופט,,,קמיל בלו אקסטרה סופט,ליטרים,1.00,ליטר,false,,28.10,28.1000,true,1,5398164
7290019108023,false,מעדן שקדים שוקולד וק,,,מעדן שקדים שוקולד וק,גרמים,120.00,100 גרם,false,,8.50,0.0708,true,1,5392966
7290019108207,false,מעדן טעם שוקולד לבן,,,מעדן טעם שוקולד לבן,גרמים,100.00,100 גרם,false,,8.50,0.0850,true,1,5417904
7290019108429,false,יוגורט שקדים 120 גר,,,יוגורט שקדים 120 גר,גרמים,120.00,100 גרם,false,,8.50,0.0708,true,1,5392968
7290019108610,false,מעדן שוקולד ודובדבני,,,מעדן שוקולד ודובדבני,גרמים,120.00,100 גרם,false,,8.50,0.0708,true,1,5392969
7290019153078,false,שוופס ביטר למון לייט,,,שוופס ביטר למון לייט,ליטרים,1.50,ליטר,false,,10.20,6.8000,true,1,5342306
7290019153085,false,שוופס מוחיטו ללא סוכ,,,שוופס מוחיטו ללא סוכ,ליטרים,1.50,ליטר,false,,6.80,4.5333,true,1,5342307
7290019153252,false,סודה תפוח שוופס 4*1.,,,סודה תפוח שוופס 4*1.,ליטרים,6.00,ליטר,false,,10.00,1.6667,true,1,5365364
7290019153269,false,סודה אננס שוופס 4*1.,,,סודה אננס שוופס 4*1.,ליטרים,6.00,ליטר,false,,10.00,1.6667,true,1,5365365
7290019153283,false,סודה אננס שוופס 1.5,,,סודה אננס שוופס 1.5,ליטרים,1.50,ליטר,false,,2.50,1.6667,true,1,5410149
7290019153306,false,סודה שוופס תפוח 1.5,,,סודה שוופס תפוח 1.5,ליטרים,1.50,ליטר,false,,2.50,1.6667,true,1,5427376
7290019153313,false,פרוט אנד ג'י תפוח 3,,,פרוט אנד ג'י תפוח 3,מיליליטרים,350.00,"100 מ""ל",false,,5.90,0.0169,true,1,5378956
7290019153344,false,תפוזינה סנגרייה 1.5ל,,,תפוזינה סנגרייה 1.5ל,ליטרים,1.50,ליטר,false,,6.80,4.5333,true,1,5375733
7290019153351,false,תפוזינה פינק אוזו 1.,,,תפוזינה פינק אוזו 1.,ליטרים,1.50,ליטר,false,,6.80,4.5333,true,1,5375734
7290019153375,false,תפוזינה מוחיטו 1.5לי,,,תפוזינה מוחיטו 1.5לי,ליטרים,1.50,ליטר,false,,6.80,4.5333,true,1,5375754
7290019153535,false,שוופס רביעייה מוגז ל,,,שוופס רביעייה מוגז ל,ליטרים,1.32,ליטר,false,,10.30,7.8030,true,1,5391252
7290019204008,false,פסטרמה ארבעה פלפלים,,,פסטרמה ארבעה פלפלים,גרמים,350.00,גרם,false,,21.30,0.0609,true,1,5383483
7290019204206,false,פסטרמה בסגנון רומני,,,פסטרמה בסגנון רומני,גרמים,320.00,גרם,false,,21.30,0.0666,true,1,5383485
7290019204305,false,פסטרמה בקביקיו 350 ג,,,פסטרמה בקביקיו 350 ג,גרמים,350.00,גרם,false,,21.30,0.0609,true,1,5383486
7290019232155,false,ויסוצקי פלוס לילה טו,,,ויסוצקי פלוס לילה טו,גרמים,37.50,100 גרם,false,,18.70,0.4987,true,1,5414048
7290019232162,false,ויסוצקי פלוס לילה טו,,,ויסוצקי פלוס לילה טו,גרמים,37.50,100 גרם,false,,18.70,0.4987,true,1,5414049
7290019232179,false,ויסוצקי פלוס תה ירוק,,,ויסוצקי פלוס תה ירוק,גרמים,37.50,100 גרם,false,,18.70,0.4987,true,1,5414050
7290019232353,false,תה ירוק סיני 50 יחיד,,,תה ירוק סיני 50 יחיד,גרמים,75.00,100 גרם,false,,34.10,0.4547,true,1,5394723
7290019232803,false,הולגריין ביסקוויט עם,,,הולגריין ביסקוויט עם,100 יח,300.00,100 יח,false,,9.30,0.0310,true,1,5367246
7290019232827,false,הולגריין ביסקוויט במ,,,הולגריין ביסקוויט במ,100 יח,300.00,100 יח,false,,9.30,0.0310,true,1,5367248
7290019232834,false,פליפז בייגלה מצופה ק,,,פליפז בייגלה מצופה ק,100 יח,140.00,100 יח,false,,6.80,0.0486,true,1,5367280
7290019233015,false,זיתא שקשוקה ירוקה 42,,,זיתא שקשוקה ירוקה 42,גרמים,420.00,100 גרם,false,,11.80,0.0281,true,1,5367250
7290019233022,false,זיתא רוטב שקשוקה חצי,,,זיתא רוטב שקשוקה חצי,יח',1.00,יח',false,,11.80,11.8000,true,1,5367251
7290019297161,false,טורטיה ראפ מקמח תירס,דין שיווק,,טורטיה ראפ מקמח תירס,גרמים,540.00,100 גרם,false,,8.50,0.0157,true,1,1572252
7290019297451,false,מי ורדים 500 מל,,,מי ורדים 500 מל,מיליליטרים,500.00,"100 מ""ל",false,,11.80,0.0236,true,1,1572259
7290019297505,false,שקדיה רוטב רימונים 7,,,שקדיה רוטב רימונים 7,מיליליטרים,700.00,"100 מ""ל",false,,17.00,0.0243,true,1,4199718
7290019302636,false,קרומבכר בירה רביעיי,,,קרומבכר בירה רביעיי,ליטרים,1.32,ליטר,false,,21.50,16.2879,true,1,5417763
7290019308041,false,שעועית ירוקה שלמה 80,,,שעועית ירוקה שלמה 80,גרמים,800.00,100 גרם,false,,5.90,0.0074,true,1,5394389
7290019308058,false,שעועית ירוקה חתוכה 8,,,שעועית ירוקה חתוכה 8,גרמים,800.00,100 גרם,false,,5.90,0.0074,true,1,5394409
7290019462125,false,תרד גוליבר מרינה,,,תרד גוליבר מרינה,גרמים,200.00,100 גרם,false,,11.90,0.0595,true,1,5429832
7290022005005,false,פפריקה מרוקאית מתוקה,תבליני מימון,IL,פפריקה מרוקאית מתוקה,גרמים,400.00,100 גרם,false,,17.00,0.0425,true,1,1606195
7290022005012,false,פפריקה הונגרית מתוקה,רמי לוי,IL,פפריקה הונגרית מתוקה,גרמים,400.00,100 גרם,false,,17.00,0.0425,true,1,1606196
7290022005029,false,כורכום טחון רמי לוי,רמי לוי,IL,כורכום טחון רמי לוי,גרמים,250.00,100 גרם,false,,13.50,0.0540,true,1,1606197
7290022005074,false,רוטב עגבניות שרי קלא,תבליני מימון,IL,פלפל שחור טחון 50ג' שקית-,גרמים,400.00,100 גרם,false,,11.70,0.0292,true,1,1570012
7290022005098,false,רוטב עגבניות לשקשוקה,תבליני מימון,IL,פלפל שחור טחון 50ג' שקית-,גרמים,400.00,100 גרם,false,,11.70,0.0292,true,1,5415983
7290022005111,false,רוטב עגבניות שרי לפי,תבליני מימון,IL,פלפל שחור טחון 50ג' שקית-,גרמים,400.00,100 גרם,false,,11.70,0.0292,true,1,1570016
7290022005203,false,כורכום הודי טחון רמי,רמי לוי,IL,כורכום הודי טחון רמי,גרמים,100.00,100 גרם,false,,7.40,0.0740,true,1,1606204
7290022005234,false,תיבול לגריל עוף רמי,רמי לוי,IL,תיבול לגריל עוף רמי,גרמים,100.00,100 גרם,false,,7.40,0.0740,true,1,1606207
7290022005272,false,פפריקה הונגרית מתוקה,רמי לוי,IL,פפריקה הונגרית מתוקה,גרמים,100.00,100 גרם,false,,7.40,0.0740,true,1,1606211
7290022005319,false,ג'לי תות רמי לוי 85,רמי לוי,IL,ג'לי תות רמי לוי 85,גרמים,85.00,100 גרם,false,,3.50,0.0412,true,1,1606215
7290022005326,false,ג'לי לימון רמי לוי 8,רמי לוי,IL,ג'לי לימון רמי לוי 8,גרמים,85.00,100 גרם,false,,3.50,0.0412,true,1,1606216
7290022005340,false,פודינג שוקולד רמי לו,רמי לוי,IL,פודינג שוקולד רמי לו,גרמים,90.00,100 גרם,false,,3.00,0.0333,true,1,1606218
7290022005357,false,תערובת בראוניס רמי ל,רמי לוי,IL,תערובת בראוניס רמי ל,גרמים,560.00,100 גרם,false,,11.90,0.0213,true,1,1606219
7290022005364,false,תערובת כדורי שוקולד,רמי לוי,IL,תערובת כדורי שוקולד,גרמים,560.00,100 גרם,false,,11.90,0.0213,true,1,1606220
7290022005371,false,תערובת עוגת וניל רמי,תבליני מימון,IL,תערובת עוגת וניל רמי,גרמים,560.00,100 גרם,false,,11.90,0.0213,true,1,1606221
7290022005555,false,פילדלפיה,,,פילדלפיה,גרמים,120.00,100 גרם,false,,9.80,0.0817,true,1,5129524
7290022005562,false,קריספ פירורי לחם עם,,,קריספ פירורי לחם עם,גרמים,300.00,100 גרם,false,,6.40,0.0213,true,1,5373841
7290055090702,false,כרמית איגלו שלוקים 6,כרמית,,כרמית איגלו שלוקים 6,יח',1.00,יח',false,,10.10,10.1000,true,1,1587219
7290055090801,false,כרמית שוקולד לבן ללא,כרמית,,כרמית שוקולד לבן ללא,גרמים,85.00,100 גרם,false,,4.20,0.0494,true,1,1587223
7290100240137,false,בדין תרסיס למייבש כב,בדין,,בדין תרסיס למייבש כב,מיליליטרים,500.00,"100 מ""ל",false,,12.70,0.0254,true,1,1579064
7290100240144,false,בדין תרסיס למייבש כב,בדין,,בדין תרסיס למייבש כב,מיליליטרים,500.00,"100 מ""ל",false,,12.70,0.0254,true,1,1579065
7290100243671,false,בדין אקסטרא מרוכז כח,בדין,,בדין אקסטרא מרוכז כח,מיליליטרים,960.00,"100 מ""ל",false,,13.60,0.0142,true,1,1579080
7290100245231,false,נמס בכוס טעם עוף ושק,קנור,,נמס בכוס טעם עוף ושק,גרמים,50.00,100 גרם,false,,5.50,0.1100,true,1,1579090
7290100249598,false,קנור רוטב שום ודבש ל,קנור,,קנור רוטב שום ודבש ל,גרמים,310.00,100 גרם,false,,8.50,0.0274,true,1,1579125
7290100249659,false,קנור רוטב לעוף צ'ילי,קנור,,קנור רוטב לעוף צ'ילי,גרמים,310.00,100 גרם,false,,8.50,0.0274,true,1,1579129
7290100412435,false,קוויק מגבונים לניקוי,די.פי.אל,IL,קוויק מגבונים לניקוי,יח',50.00,יח',false,,6.80,0.1360,true,1,1583483
7290100412442,false,קוויק מגבונים לניקוי,די.פי.אל,IL,קוויק מגבונים לניקוי,יח',50.00,יח',false,,6.80,0.1360,true,1,1583484
7290100412459,false,קוויק מגבונים לניקוי,די.פי.אל,IL,קוויק מגבונים לניקוי,יח',50.00,יח',false,,6.80,0.1360,true,1,1583485
7290100412763,false,"ד""ר עור תחליב רחצה ל",,,"ד""ר עור תחליב רחצה ל",מיליליטרים,700.00,"100 מ""ל",false,,12.70,0.0181,true,1,4064982
7290100412770,false,"ד""ר עור תחליב רחצה מ",,,"ד""ר עור תחליב רחצה מ",מיליליטרים,700.00,"100 מ""ל",false,,12.70,0.0181,true,1,4064983
7290100412787,false,"ד""ר עור תחליב רחצה כ",,,"ד""ר עור תחליב רחצה כ",מיליליטרים,700.00,"100 מ""ל",false,,12.70,0.0181,true,1,4064984
7290100412800,false,"ד""ר עור תחליב רחצה ל",,,"ד""ר עור תחליב רחצה ל",מיליליטרים,700.00,"100 מ""ל",false,,12.70,0.0181,true,1,4064985
7290100412831,false,"ד""ר עור תחליב רחצה א",,,"ד""ר עור תחליב רחצה א",יח',1.00,יח',false,,12.70,12.7000,true,1,4065002
7290100653463,false,פלמוליב סבון נוזלי ס,פלמוליב,,פלמוליב סבון נוזלי ס,מיליליטרים,500.00,"100 מ""ל",false,,13.60,0.0272,true,1,1574799
7290100653586,false,דאודורנט ג'ל פרש פיו,ספיד סטיק,,דאודורנט ג'ל פרש פיו,גרמים,65.00,100 גרם,false,,12.70,0.1954,true,1,1566488
7290100658338,false,נוזל לניקוי כלים אוק,פלמוליב,,נוזל לניקוי כלים אוק,מיליליטרים,750.00,"100 מ""ל",false,,10.20,0.0136,true,1,1574803
7290100659090,false,פרי חטיפים ללא גלוטן,פרי,,פרי חטיפים ללא גלוטן,גרמים,100.00,100 גרם,false,,13.60,0.1360,true,1,1574804
7290100680650,false,מנה חמה נודלס בסגנון,אסם,,מנה חמה נודלס בסגנון,גרמים,76.00,100 גרם,false,,4.20,0.0553,true,1,1577468
7290100680667,false,מנה חמה נודלס בסגנון,אסם,,מנה חמה נודלס בסגנון,גרמים,76.00,100 גרם,false,,4.20,0.0553,true,1,1577469
7290100680711,false,פירורית זהב אסם 350,אסם,,פירורית זהב אסם 350,גרמים,350.00,100 גרם,false,,6.70,0.0191,true,1,1577471
7290100680728,false,פירורית אסם 350 גרם,אסם,,פירורית אסם 350 גרם,גרמים,350.00,100 גרם,false,,5.80,0.0166,true,1,1577472
7290100681015,false,אינסטנט פודינג בטעם,אסם,,אינסטנט פודינג בטעם,גרמים,84.00,100 גרם,false,,4.20,0.0500,true,1,1577474
7290100681138,false,חטיף אפרופו תירס אסם,אסם,,חטיף אפרופו תירס אסם,גרמים,150.00,100 גרם,false,,11.00,0.0733,true,1,1577476
7290100681503,false,סירופ דיאט לימונענע,עסיס,,סירופ דיאט לימונענע,ליטרים,1.00,ליטר,false,,15.30,15.3000,true,1,1577478
7290100685136,false,אבקת מרק בטעם עוף אס,אסם,,אבקת מרק בטעם עוף אס,גרמים,1000.00,100 גרם,false,,11.00,0.0110,true,1,1566538
7290100685334,false,אבקת מרק עוף אמיתי ב,אסם,,אבקת מרק עוף אמיתי ב,גרמים,400.00,100 גרם,false,,17.00,0.0425,true,1,1577500
7290100685341,false,אבקת מרק טעם עוף זך,אסם,,אבקת מרק טעם עוף זך,גרמים,400.00,100 גרם,false,,11.90,0.0298,true,1,1577501
7290100686164,false,ביסלי חטיף בטעם ברבי,אסם,,ביסלי חטיף בטעם ברבי,גרמים,210.00,100 גרם,false,,11.00,0.0524,true,1,1577510
7290100686171,false,ביסלי חטיף בטעם גריל,אסם,,ביסלי חטיף בטעם גריל,גרמים,210.00,100 גרם,false,,11.00,0.0524,true,1,1577511
7290100688618,false,גביעי גלידה בטעם שוק,אסם,,גביעי גלידה בטעם שוק,יח',24.00,יח',false,,12.70,0.5292,true,1,1577521
7290100689301,false,אבקת מרק בטעם עוף זך,אסם,,אבקת מרק בטעם עוף זך,גרמים,400.00,100 גרם,false,,11.90,0.0298,true,1,1566539
7290100700020,false,סוגת גריסי פנינה 500,סוגת,IL,גריסי פנינה 500 גר,גרמים,500.00,100 גרם,false,,3.80,0.0076,true,1,1579378
7290100700075,false,סוגת פירורי לחם מוזה,סוגת,IL,פירורי מאפה מוזהבים 200 ג,גרמים,200.00,100 גרם,false,,3.30,0.0165,true,1,1579380
7290100700242,false,סוגת אורז מלא עגול 1,סוגת,IL,"אורז עגול מלא 1 ק""ג",גרמים,1000.00,100 גרם,false,,8.50,0.0085,true,1,1579381
7290100700273,false,סוגת קינואה 500 גרם,סוגת,IL,קינואה 500 גר,גרמים,500.00,100 גרם,false,,10.70,0.0214,true,1,1566593
7290100700372,false,סוגת אורז בסמטי מלא,סוגת,IL,"אורז בסמטי 1מלא ק""ג",גרמים,1000.00,100 גרם,false,,11.90,0.0119,true,1,1579388
7290100700396,false,סוגת אורז יסמין קלאס,סוגת,,סוגת אורז יסמין קלאס,גרמים,1000.00,100 גרם,false,,10.10,0.0101,true,1,1579390
7290100701126,false,סוגת שעועית מש סוגת,סוגת,IL,שעועית מאש 500 גרם,גרמים,500.00,100 גרם,false,,10.20,0.0204,true,1,1579403
7290100701140,false,אורז ריזוטו ארבוריו,סוגת,IL,אורז ארבוריו,גרמים,1000.00,100 גרם,false,,11.00,0.0110,true,1,1579404
7290100701157,false,"סוגת אורז סושי 1 ק""ג",סוגת,IL,אורז סושי,גרמים,1000.00,100 גרם,false,,10.20,0.0102,true,1,1579405
7290100701300,false,סוגת קינואה אדומה 50,סוגת,,סוגת קינואה אדומה 50,גרמים,500.00,100 גרם,false,,10.90,0.0218,true,1,1579408
7290100701331,false,קמח רב תכליתי סוגת +,שטיבל,IL,קמח רב תכליתי,לקג,1.00,לקג,false,,5.90,5.9000,true,1,1579410
7290100701348,false,קמח שיפון מלא 1קג סו,שטיבל,IL,קמח שיפון מלא,לקג,1.00,לקג,false,,5.90,5.9000,true,1,1579411
7290100701454,false,סוגת גרישה סוגת 500,סוגת,IL,גרישה 500 גרם,גרמים,500.00,100 גרם,false,,3.80,0.0076,true,1,1579419
7290100701577,false,"קמח לחם סוגת 1 ק""ג",שטיבל,IL,קמח לחם,לקג,1.00,לקג,false,,5.90,5.9000,true,1,1579420
7290100701874,false,"קמח כוסמין מלא 1ק""ג",שטיבל,IL,קמח כוסמין מלא + 12,לקג,1.00,לקג,false,,11.00,11.0000,true,1,1579425
7290100702260,false,סוגת קוסקוס דק 350 ג,אסיף,IL,קוסקוס דק 350 גרם,גרמים,350.00,100 גרם,false,,4.20,0.0120,true,1,1579430
7290100702277,false,סוגת קוסקוס עבה 350,אסיף,IL,קוסקוס עבה 350 גרם,גרמים,350.00,100 גרם,false,,4.20,0.0120,true,1,1579431
7290100702284,false,סוגת קוסקוס מלא 350,אסיף,IL,קוסקוס מלא 350 גרם,גרמים,350.00,100 גרם,false,,4.20,0.0120,true,1,1579432
7290100702383,false,"סוגת קמח תופח 1 ק""ג",שטיבל,IL,קמח תופח,קילו,1.00,קילו,false,,5.90,5.9000,true,1,1579435
7290100702604,false,סוגת פולנטה קמח תירס,מולינו פילה,IT,פולנטה 500 גרם,גרמים,500.00,100 גרם,false,,7.60,0.0152,true,1,1579438
7290100702611,false,פתיתים אפויים אורז ס,אסיף,IL,פתיתים אפויים אורז 500 גר,גרמים,500.00,100 גרם,false,,4.20,0.0084,true,1,1579439
7290100702628,false,פתיתים אפויים קוסקוס,אסיף,IL,פתיתים אפויים קוסקוס 500,גרמים,500.00,100 גרם,false,,4.20,0.0084,true,1,1579440
7290100702635,false,פתיתים אפויים כוכבים,אסיף,IL,פתיתים אפויים כוכבים 500,גרמים,500.00,100 גרם,false,,4.10,0.0082,true,1,1579441
7290100702659,false,פתיתים אפוים סוגת קמ,אסיף,IL,פתיתים אפויים Kids חיות 4,גרמים,400.00,100 גרם,false,,4.20,0.0105,true,1,1579443
7290100703007,false,סוגת עדשים שחורות בל,,,סוגת עדשים שחורות בל,גרמים,500.00,100 גרם,false,,6.70,0.0134,true,1,1579458
7290100703861,false,סוגת קמח קסם מנופה ל,,,סוגת קמח קסם מנופה ל,קילו,1.00,קילו,false,,6.80,6.8000,true,1,2902059
7290100703915,false,סוגת פופקורן למיקרוג,,,סוגת פופקורן למיקרוג,גרמים,540.00,100 גרם,false,,8.50,0.0157,true,1,4380256
7290100703922,false,סוגת פופקורן למיקרוג,,,סוגת פופקורן למיקרוג,גרמים,540.00,100 גרם,false,,8.50,0.0157,true,1,4380257
7290100704493,false,סוגת קמח שמרים לפיצה,,,סוגת קמח שמרים לפיצה,קילו,1.00,קילו,false,,6.80,6.8000,true,1,5273471
7290100704516,false,סוגת חומוס מיני 500,,,סוגת חומוס מיני 500,גרמים,500.00,100 גרם,false,,5.00,0.0100,true,1,5293595
7290100704578,false,קמח כוסמין לבן תופח,,,קמח כוסמין לבן תופח,יח',1.00,יח',false,,11.90,11.9000,true,1,5302439
7290100704608,false,שעועית לבנה עדינה 50,,,שעועית לבנה עדינה 50,גרמים,500.00,100 גרם,false,,5.90,0.0118,true,1,5293596
7290100704615,false,סוגת סוכר לבן דק דק,,,סוגת סוכר לבן דק דק,גרמים,500.00,100 גרם,false,,6.80,0.0136,true,1,5326292
7290100704622,false,סוגת סוכר דמררה דק ד,,,סוגת סוכר דמררה דק ד,גרמים,500.00,100 גרם,false,,6.80,0.0136,true,1,5326266
7290100704660,false,סוגת קינואה מיקס 500,,,סוגת קינואה מיקס 500,גרמים,500.00,100 גרם,false,,10.70,0.0214,true,1,5307505
7290100704684,false,קמח שמרים כוסמין רב,,,קמח שמרים כוסמין רב,גרמים,1000.00,100 גרם,false,,17.00,0.0170,true,1,5354316
7290100850909,false,דוריטוס נאצ'ו מקסיקנ,עלית,,דוריטוס נאצ'ו מקסיקנ,גרמים,70.00,100 גרם,false,,3.30,0.0471,true,1,1582901
7290100850916,false,דוריטוס בטעם חמוץ חר,עלית,,דוריטוס בטעם חמוץ חר,גרמים,70.00,100 גרם,false,,2.70,0.0386,true,1,1582902
7290100850923,false,דוריטוס בטעם גריל 70,עלית,,דוריטוס בטעם גריל 70,גרמים,70.00,100 גרם,false,,2.70,0.0386,true,1,1582903
7290100850930,false,דוריטוס בטעם טבעי 70,עלית,,דוריטוס בטעם טבעי 70,גרמים,70.00,100 גרם,false,,2.70,0.0386,true,1,1582904
7290100858592,false,קקאו 150 גרם,עלית,,קקאו 150 גרם,גרמים,150.00,100 גרם,false,,7.60,0.0507,true,1,1575458
7290100858608,false,קקאו 500 גרם,עלית,,קקאו 500 גרם,גרמים,500.00,100 גרם,false,,20.40,0.0408,true,1,1575459
7290100921418,false,הוואי מרכך 700 מל קר,,,הוואי מרכך 700 מל קר,מיליליטרים,700.00,"100 מ""ל",false,,7.60,0.0109,true,1,1573658
7290100921593,false,סוד כדוריות נתלה לאס,סוד,HU,סוד סבון אסלה בניחוח לימו,יח',1.00,יח',false,,6.80,6.8000,true,1,1603008
7290100921609,false,סוד כדוריות לאסלה אק,סוד,HU,סוד סבון אסלה בניחוח אוקי,יח',1.00,יח',false,,6.80,6.8000,true,1,1603009
7290100921616,false,סוד כדוריות לאסלה או,סוד,HU,סוד סבון אסלה בניחוח אורנ,יח',1.00,יח',false,,6.80,6.8000,true,1,1603010
7290100921623,false,סוד כדוריות לאסלה אק,סוד,HU,סוד סבון אסלה בניחוח אקונ,יח',1.00,יח',false,,6.80,6.8000,true,1,1603011
7290100922637,false,הוואי סבון נוזלי כחו,הוואי,,הוואי סבון נוזלי כחו,ליטרים,1.50,ליטר,false,,12.70,8.4667,true,1,1573691
7290100924457,false,סוד מארז טריו כדוריו,הנקל סוד,HU,סוד מארז כדוריות*3 לימון,3 יח',1.00,3 יח',false,,12.60,12.6000,true,1,1603031
7290100924464,false,סוד מארז טריו כדוריו,הנקל סוד,HU,סוד מארז כדוריות*3 אקונומ,3 יח',1.00,3 יח',false,,12.60,12.6000,true,1,1603032
7290100925676,false,קולור קאצ'ר 20 דפים,הנקל,IE,קולור קאצ'ר 20 דפים,20 יח',1.00,20 יח',false,,15.30,15.3000,true,1,1603083
7290100925751,false,סוד נוזל כלים תפוח 6,סוד,IL,סוד נוזל לכלים ליים 1.250,מיליליטרים,650.00,"100 מ""ל",false,,5.00,0.0077,true,1,1603086
7290100925768,false,סוד נוזל כלים פירות,סוד,IL,סוד נוזל לכלים ליים 1.250,מיליליטרים,650.00,"100 מ""ל",false,,5.00,0.0077,true,1,1603087
7290100925775,false,סוד נוזל כלים רימון,סוד,IL,סוד נוזל לכלים ליים 1.250,מיליליטרים,650.00,"100 מ""ל",false,,5.00,0.0077,true,1,1603088
7290100928516,false,סוד ג'ל לכביסה ביד 1,סוד,IL,סוד ג'ל לכביסה ביד 1 ליטר,ליטרים,1.00,ליטר,false,,11.80,11.8000,true,1,1603117
7290101031550,false,שקית רב פעמית ורודה,רמי לוי,,שקית רב פעמית ורודה,יח',1.00,יח',false,,2.50,2.5000,true,1,1591127
7290101110149,false,בליסימו פרורים 1.3לי,,,בליסימו פרורים 1.3לי,ליטרים,1.30,ליטר,false,,16.20,12.4615,true,1,4283272
7290101110262,false,חגיגה מלבי 1.8ל,,,חגיגה מלבי 1.8ל,ליטרים,1.80,ליטר,false,,19.60,10.8889,true,1,5262688
7290101110279,false,בליסימו שוקולד פקאן,,,בליסימו שוקולד פקאן,ליטרים,1.30,ליטר,false,,16.20,12.4615,true,1,4283274
7290101110477,false,חגיגה בקלאווה 1.8ל,,,חגיגה בקלאווה 1.8ל,ליטרים,1.80,ליטר,false,,19.60,10.8889,true,1,5262689
7290101110811,false,גלידל וניל בציפוי פס,,,גלידל וניל בציפוי פס,גרמים,640.00,100 גרם,false,,25.20,0.0394,true,1,4283376
7290101112112,false,גלידת דיזרט טירמיסו,,,גלידת דיזרט טירמיסו,ליטרים,1.80,ליטר,false,,19.60,10.8889,true,1,5262690
7290101112228,false,גלידל פרי שמיניה אננ,,,גלידל פרי שמיניה אננ,גרמים,800.00,100 גרם,false,,17.90,0.0224,true,1,4283412
7290101112600,false,בליסימו מילקשייק וני,,,בליסימו מילקשייק וני,ליטרים,1.30,ליטר,false,,16.20,12.4615,true,1,4283285
7290101112921,false,גלידל פרי פירות טרופ,,,גלידל פרי פירות טרופ,גרמים,640.00,100 גרם,false,,17.80,0.0278,true,1,4283414
7290101113157,false,מאגדת גלידל וניל עוג,,,מאגדת גלידל וניל עוג,יח',1.00,יח',false,,20.40,20.4000,true,1,4829395
7290101113447,false,גלידל מיני קסטה שוקו,,,גלידל מיני קסטה שוקו,יח',1.00,יח',false,,25.20,25.2000,true,1,5336100
7290101113584,false,מאגדת טילון יולו שוק,,,מאגדת טילון יולו שוק,יח',1.00,יח',false,,16.00,16.0000,true,1,5305055
7290101113638,false,מאגדת סנקור ארוך 8יח,,,מאגדת סנקור ארוך 8יח,יח',1.00,יח',false,,23.00,23.0000,true,1,5305059
7290101113676,false,שלגון קרח רמזור 6 יח,,,שלגון קרח רמזור 6 יח,גרמים,480.00,6 גרם,false,,9.30,0.0194,true,1,5322209
7290101113751,false,מאגדת שלגון יולו סיר,,,מאגדת שלגון יולו סיר,גרמים,200.00,100 גרם,false,,16.20,0.0810,true,1,5352671
7290101113768,false,מאגדת שלגון יולו עוג,,,מאגדת שלגון יולו עוג,גרמים,200.00,100 גרם,false,,16.20,0.0810,true,1,5352672
7290101113805,false,מאגדת שלגון יופלה שי,,,מאגדת שלגון יופלה שי,גרמים,350.00,100 גרם,false,,17.00,0.0486,true,1,5352673
7290101113812,false,יופלה שייק פרי  פריז,,,יופלה שייק פרי  פריז,מטרים,350.00,100 מ'ל,false,,17.00,0.0486,true,1,5378212
7290101113829,false,מאגדת שלגון יופלה שי,,,מאגדת שלגון יופלה שי,גרמים,350.00,100 גרם,false,,17.00,0.0486,true,1,5352674
7290101113836,false,חמישייה טילון גלידל,,,חמישייה טילון גלידל,מטרים,2000.00,100 מ'ל,false,,25.20,0.0126,true,1,5406782
7290101413660,false,"מזוודה מתקפלת ""19 שח",,,"מזוודה מתקפלת ""19 שח",יחידה,0.00,יחידה,false,,85.40,0.0000,true,1,5396619
7290101413677,false,"מזוודה מתקפלת ""19 אפ",,,"מזוודה מתקפלת ""19 אפ",יחידה,0.00,יחידה,false,,85.40,0.0000,true,1,5396620
7290101450559,false,בלונים 100יח,,,בלונים 100יח,יח',1.00,יח',false,,18.80,18.8000,true,1,4907299
7290101454151,false,נרות ג'מבו כוכבים סמ,,,נרות ג'מבו כוכבים סמ,יח',1.00,יח',false,,5.10,5.1000,true,1,1586414
7290101486688,false,חטיף דגנים עם שוקולד,פריי,,חטיף דגנים עם שוקולד,גרמים,100.00,100 גרם,false,,13.60,0.1360,true,1,1574806
7290101488286,false,ליידי ספיידסטיק ספרי,ספיד סטיק,,ליידי ספיידסטיק ספרי,מיליליטרים,150.00,"100 מ""ל",false,,11.90,0.0793,true,1,1574811
7290101488316,false,דאודורנט ללא סימן פר,ספיד סטיק,,דאודורנט ללא סימן פר,גרמים,50.00,100 גרם,false,,14.40,0.2880,true,1,1574814
7290101488323,false,דאודורנט ללא סימן פא,ספיד סטיק,,דאודורנט ללא סימן פא,גרמים,65.00,100 גרם,false,,14.40,0.2215,true,1,1574815
7290101551027,false,קפסולות 14 למכונת נס,,,קפסולות 14 למכונת נס,יח',1.00,יח',false,,13.60,13.6000,true,1,4531735
7290101551263,false,סילאן טבעי 700 גר,,,סילאן טבעי 700 גר,גרמים,700.00,100 גרם,false,,17.00,0.0243,true,1,4266321
7290101551300,false,סילאן טבעי לחיץ 380,,,סילאן טבעי לחיץ 380,גרמים,380.00,100 גרם,false,,11.90,0.0313,true,1,4266322
7290101551539,false,דנונה פרו 20ג אפרסק,,,דנונה פרו 20ג אפרסק,גרמים,200.00,100 גרם,false,,5.00,0.0250,true,1,4311730
7290101551577,false,זוג קוואקר פחית+מדבק,,,זוג קוואקר פחית+מדבק,גרמים,500.00,100 גרם,false,,20.20,0.0404,true,1,4223593
7290101551584,false,מארז תפוציפס קידס 20,,,מארז תפוציפס קידס 20,גרמים,200.00,100 גרם,false,,11.00,0.0550,true,1,4292282
7290101551638,false,מארז ציטוס 20*10 ג,,,מארז ציטוס 20*10 ג,יח',20.00,יח',false,,11.00,0.5500,true,1,4292286
7290101863410,false,סיליט באנג ספריי ניק,RB פולין,PL,"CILIT,IL,BANG 12X750ML VE",מיליליטרים,750.00,"100 מ""ל",false,,10.70,0.0143,true,1,1593137
7290101864127,false,וניש קליה ספריי להסר,קליה,PL,Vanish Spray SOLO 750ml 1,מיליליטרים,750.00,"100 מ""ל",false,,14.40,0.0192,true,1,1593142
7290101865261,false,פיניש נוזל הברקה למד,פיניש,PL,"FINSH,IL,RA S&D R 12X800M",מיליליטרים,800.00,"100 מ""ל",false,,17.00,0.0213,true,1,1593149
7290101866633,false,וניש קליה ג'ל מסיר כ,קליה,IL,Vanish 3L Pink (Titan)*6,ליטרים,3.00,ליטר,false,,24.70,8.2333,true,1,1593166
7290101866787,false,וניש קליה נוזל מסיר,קליה,IL,Vanish 3L White (Titan)*6,ליטרים,3.00,ליטר,false,,24.70,8.2333,true,1,1593171
7290101868460,false,קולון 101 אבקת כביסה,קולון,IL,Colon 101 8KG,קילוגרמים,8.00,"ק""ג",false,,46.90,5.8625,true,1,1593213
7290101868958,false,פיניש נוזל הברקה בני,פיניש,PL,"FINSH,IL,S&D L 12X800ML",מיליליטרים,800.00,"100 מ""ל",false,,17.00,0.0213,true,1,1593218
7290101869702,false,פיניש ג'ל למדיח 600,פיניש,PL,"FINSH,IL,600ml x 6Fresh",מיליליטרים,600.00,"100 מ""ל",false,,27.30,0.0455,true,1,1593229
7290101869726,false,פיניש ג'ל למדיח כלים,פיניש,PL,"FINSH,IL,1000ml x 5REG",ליטרים,1.00,ליטר,false,,36.30,36.3000,true,1,1593231
7290101869764,false,אירוויק מכשיר אוטומט,איירוויק,HU,"AWICK,IL,WT SUMDX4 W NCL",יח',1.00,יח',false,,34.10,34.1000,true,1,1593233
7290101869788,false,אירוויק ספריי אוטומט,איירוויק,GB,"AWICK,IL,TURQ OASIS,12X25",מיליליטרים,250.00,"100 מ""ל",false,,12.70,0.0508,true,1,1593234
7290101869795,false,אירוויק פרשמטיק מילו,איירוויק,GB,"AWICK,IL,SMER DLGHTS12X25",מיליליטרים,250.00,"100 מ""ל",false,,12.70,0.0508,true,1,1593235
7290101869825,false,אירוויק מילוי למכשיר,איירוויק,HU,"AWICK,IL,ELREF TURO19ml*6",מטרים,19.00,100 מ'ל,false,,13.60,0.7158,true,1,1593238
7290101869832,false,אירוויק מילוי למכשיר,איירוויק,HU,"AWICK,IL,ELREF SUM19ml*6",מטרים,19.00,100 מ'ל,false,,13.60,0.7158,true,1,1593239
7290101869917,false,אירוויק פרשמטיק מילו,איירוויק,GB,"AWICK,IL,MYSTI GARDEN 12X",מיליליטרים,250.00,"100 מ""ל",false,,12.70,0.0508,true,1,1593242
7290102003884,false,נרות מטה לבבות -מיקי,,,נרות מטה לבבות -מיקי,יח',1.00,יח',false,,4.20,4.2000,true,1,1586716
7290102003891,false,נרות מטה לבבות -ספיי,,,נרות מטה לבבות -ספיי,יח',1.00,יח',false,,4.20,4.2000,true,1,1586717
7290102006410,false,זר יום הולדת לראש עם,שמחה זה אנחנו,,זר יום הולדת לראש עם,יח',1.00,יח',false,,7.60,7.6000,true,1,1586735
7290102030330,false,תפוצ'יפס קראנצ' בטעם,עלית,,תפוצ'יפס קראנצ' בטעם,גרמים,200.00,100 גרם,false,,8.50,0.0425,true,1,1582908
7290102031276,false,יוגורט אקטימל תות בנ,שטראוס,,יוגורט אקטימל תות בנ,מיליליטרים,800.00,"100 מ""ל",false,,17.00,0.0213,true,1,1589752
7290102032334,false,קפה נמס וניל 200 גרם,עלית,,קפה נמס וניל 200 גרם,גרמים,200.00,100 גרם,false,,17.00,0.0850,true,1,1575471
7290102060764,false,מרידול זוג מברשות שי,מרידול,,מרידול זוג מברשות שי,יח',2.00,יח',false,,29.80,14.9000,true,1,1574817
7290102060979,false,משחת שיניים אלמקס 10,אלמקס,,משחת שיניים אלמקס 10,מיליליטרים,100.00,"100 מ""ל",false,,16.20,0.1620,true,1,1574819
7290102062195,false,משחת שיניים לילדים ל,אלמקס,,משחת שיניים לילדים ל,מטרים,75.00,100 מ'ל,false,,13.60,0.1813,true,1,1574822
7290102300815,false,גבינת צ'דר אנגלית כת,וואקפום,GB,גבינת צ'דר אנגלית כת,גרמים,200.00,100 גרם,false,,21.30,0.1065,true,1,1581591
7290102300822,false,גבינת צדר אנגלי כתומ,וואקפום,GB,גבינת צדר אנגלי כתומ,גרמים,200.00,100 גרם,false,,19.60,0.0980,true,1,1581592
7290102300860,false,גבינת צדר אנגלית 200,וואקפום,GB,גבינת צדר אנגלית 200,גרמים,200.00,100 גרם,false,,19.60,0.0980,true,1,1581593
7290102302246,false,גאודה פרה 200 גר,,,גאודה פרה 200 גר,גרמים,200.00,100 גרם,false,,18.70,0.0935,true,1,3694304
7290102302253,false,גאודה עיזים 200 גר,,,גאודה עיזים 200 גר,גרמים,200.00,100 גרם,false,,25.40,0.1270,true,1,3694305
7290102302833,false,גאודה הולנדית פרוסה,,,גאודה הולנדית פרוסה,גרמים,150.00,100 גרם,false,,17.90,0.1193,true,1,5307785
7290102302864,false,גאודה פסטו ירוק 200ג,,,גאודה פסטו ירוק 200ג,גרמים,200.00,100 גרם,false,,25.40,0.1270,true,1,5251743
7290102302987,false,טבעונית בסגנון צ'דר,,,טבעונית בסגנון צ'דר,גרמים,150.00,100 גרם,false,,19.20,0.1280,true,1,5271310
7290102303854,false,טבעונית בסגנון מוצרל,,,טבעונית בסגנון מוצרל,גרמים,620.00,100 גרם,false,,19.20,0.0310,true,1,5371211
7290102390427,false,יוגורט פרופ תות 3% מ,מולר,,יוגורט פרופ תות 3% מ,מיליליטרים,150.00,"100 מ""ל",false,,4.10,0.0273,true,1,1570360
7290102390465,false,יוגורט פרופ אפרסק פס,מולר,,יוגורט פרופ אפרסק פס,מיליליטרים,150.00,"100 מ""ל",false,,4.10,0.0273,true,1,1570362
7290102390489,false,יוגורט פרופ לימון 3%,מולר,,יוגורט פרופ לימון 3%,מיליליטרים,150.00,"100 מ""ל",false,,4.10,0.0273,true,1,1570363
7290102391844,false,יוגורט פרופ פירות יע,מולר,,יוגורט פרופ פירות יע,מיליליטרים,150.00,"100 מ""ל",false,,4.10,0.0273,true,1,1570371
7290102392049,false,גבינה לאפיה תבור ללא,משק צוריאל,,גבינה לאפיה תבור ללא,גרמים,500.00,100 גרם,false,,19.60,0.0392,true,1,1566391
7290102392094,false,חלב עיזים מלא 3.7% מ,משק צוריאל,,חלב עיזים מלא 3.7% מ,מיליליטרים,1000.00,"100 מ""ל",false,,12.70,0.0127,true,1,1570373
7290102392254,false,חלב 1% טרה 2 ליטר,טרה,,חלב 1% טרה 2 ליטר,ליטרים,2.00,ליטר,false,,9.90,4.9500,true,1,1570376
7290102393039,false,יוגורט ביו קרמי מיקס,מולר,,יוגורט ביו קרמי מיקס,מיליליטרים,170.00,"100 מ""ל",false,,4.70,0.0276,true,1,1570390
7290102393060,false,יוגורט ביו קרמי מיקס,מולר,,יוגורט ביו קרמי מיקס,מיליליטרים,170.00,"100 מ""ל",false,,4.70,0.0276,true,1,1570391
7290102393169,false,יוגורט סימפלי פרוט ב,מולר,,יוגורט סימפלי פרוט ב,מיליליטרים,150.00,"100 מ""ל",false,,4.10,0.0273,true,1,1570400
7290102393176,false,מולר סימפלי פרוט אפר,מולר,,מולר סימפלי פרוט אפר,מיליליטרים,150.00,"100 מ""ל",false,,4.10,0.0273,true,1,1570401
7290102393190,false,יוגורט סימפלי פרוט ב,מולר,,יוגורט סימפלי פרוט ב,מיליליטרים,150.00,"100 מ""ל",false,,4.10,0.0273,true,1,1570403
7290102393268,false,גבינה לבנה 5% טרה 75,טרה,,גבינה לבנה 5% טרה 75,גרמים,750.00,100 גרם,false,,12.40,0.0165,true,1,1570405
7290102393299,false,יוגורט עיזים 3% משק,משק צוריאל,,יוגורט עיזים 3% משק,מיליליטרים,500.00,"100 מ""ל",false,,10.00,0.0200,true,1,1570406
7290102393718,false,גבינת חלומי מחלב בקר,משק צוריאל,,גבינת חלומי מחלב בקר,גרמים,200.00,100 גרם,false,,17.00,0.0850,true,1,1570413
7290102393848,false,יוגורט עיזים בטעם תו,משק צוריאל,,יוגורט עיזים בטעם תו,מיליליטרים,150.00,"100 מ""ל",false,,5.00,0.0333,true,1,1570414
7290102393855,false,יוגורט עיזים בטעם אפ,משק צוריאל,,יוגורט עיזים בטעם אפ,מיליליטרים,150.00,"100 מ""ל",false,,5.00,0.0333,true,1,1570415
7290102393947,false,יוגורט ביו קיווי 3%,מולר,,יוגורט ביו קיווי 3%,מיליליטרים,150.00,"100 מ""ל",false,,4.10,0.0273,true,1,1570418
7290102394258,false,גליל גבינת עיזים מה,משק צוריאל,,גליל גבינת עיזים מה,גרמים,180.00,100 גרם,false,,17.90,0.0994,true,1,1570424
7290102394463,false,נעם גבינה צהובה פרוס,טרה,,נעם גבינה צהובה פרוס,גרמים,500.00,100 גרם,false,,20.40,0.0408,true,1,1570431
7290102394821,false,נעם גבינה צהובה פרוס,טרה,,נעם גבינה צהובה פרוס,גרמים,200.00,100 גרם,false,,13.00,0.0650,true,1,1570435
7290102394845,false,נעם גבינה צהובה לייט,טרה,,נעם גבינה צהובה לייט,גרמים,200.00,100 גרם,false,,13.90,0.0695,true,1,1570436
7290102395101,false,טרה גבינה ושוקולד 20,טרה,,טרה גבינה ושוקולד 20,מיליליטרים,200.00,"100 מ""ל",false,,9.30,0.0465,true,1,1570442
7290102395217,false,מאגדת שמיניית מולר מ,מולר,,מאגדת שמיניית מולר מ,קילוגרמים,1.20,"ק""ג",false,,15.30,12.7500,true,1,1570447
7290102395224,false,יוגורט 1.7% מולר 8*1,מולר,,יוגורט 1.7% מולר 8*1,ליטרים,1.20,ליטר,false,,13.60,11.3333,true,1,1570448
7290102395231,false,יוגורט 2.8% מולר 8*1,מולר,,יוגורט 2.8% מולר 8*1,ליטרים,1.20,ליטר,false,,13.60,11.3333,true,1,1570449
7290102395262,false,יוגורט בטעם תות ואפר,מולר,,יוגורט בטעם תות ואפר,ליטרים,1.20,ליטר,false,,24.70,20.5833,true,1,1570450
7290102395378,false,נעם גבינה צהובה פרוס,טרה,,נעם גבינה צהובה פרוס,גרמים,360.00,100 גרם,false,,17.00,0.0472,true,1,1570453
7290102395408,false,ג. צהובה 28% נעם,החברה המרכזית,,ג. צהובה 28% נעם,קילוגרמים,1.00,"ק""ג",true,,38.20,38.2000,true,1,1570455
7290102395422,false,ג.צהובה 22% נעם,החברה המרכזית,,ג.צהובה 22% נעם,קילוגרמים,1.00,"ק""ג",true,,36.30,36.3000,true,1,1570457
7290102395439,false,מולר שמינייה פירות י,מולר,,מולר שמינייה פירות י,קילוגרמים,1.20,"ק""ג",false,,24.70,20.5833,true,1,1570458
7290102395446,false,מעדן מוו וניל קצפת,טרה,,מעדן מוו וניל קצפת,גרמים,123.00,100 גרם,false,,2.40,0.0195,true,1,1570459
7290102395477,false,מעדן מוו שוקולד קצפת,טרה,,מעדן מוו שוקולד קצפת,גרמים,123.00,100 גרם,false,,2.40,0.0195,true,1,1570462
7290102395521,false,שמנת לבישול 15% 500,,,שמנת לבישול 15% 500,מיליליטרים,500.00,"100 מ""ל",false,,13.60,0.0272,true,1,1570463
7290102396399,false,מאגדת שמינייה מעדן ש,טרה,,מאגדת שמינייה מעדן ש,מיליליטרים,800.00,"100 מ""ל",false,,10.20,0.0127,true,1,1570489
7290102396405,false,מאגדת שמינייה מעדן ו,טרה,,מאגדת שמינייה מעדן ו,מיליליטרים,800.00,"100 מ""ל",false,,10.20,0.0127,true,1,1570490
7290102396436,false,מעדן מוו שוקולד 125,טרה,,מעדן מוו שוקולד 125,גרמים,125.00,100 גרם,false,,2.30,0.0184,true,1,1570491
7290102396443,false,מעדן מוו וניל 125 גר,טרה,,מעדן מוו וניל 125 גר,גרמים,125.00,100 גרם,false,,2.30,0.0184,true,1,1570492
7290102396580,false,מעדן מוו שוקלד ומוס,טרה,,מעדן מוו שוקלד ומוס,גרמים,118.00,100 גרם,false,,2.40,0.0203,true,1,1566393
7290102396597,false,מעדן מוו וניל ומוס 1,טרה,,מעדן מוו וניל ומוס 1,גרמים,118.00,100 גרם,false,,2.40,0.0203,true,1,1570497
7290102396665,false,נעם גבינה צהובה דק ד,טרה,IL,נעם גבינה צהובה דק ד,גרמים,200.00,100 גרם,false,,13.00,0.0650,true,1,1570499
7290102396672,false,נעם גבינה צהובה דק ד,טרה,IL,נעם גבינה צהובה דק ד,גרמים,360.00,100 גרם,false,,22.10,0.0614,true,1,1566394
7290102396719,false,מולר סימפלי פרוט תות,מולר,,מולר סימפלי פרוט תות,גרמים,170.00,100 גרם,false,,4.10,0.0241,true,1,1570502
7290102396726,false,מולר סימפלי פרוט אפר,מולר,,מולר סימפלי פרוט אפר,גרמים,150.00,100 גרם,false,,4.10,0.0273,true,1,1570503
7290102396740,false,מאגדת שמינייה מולר ס,,,מאגדת שמינייה מולר ס,קילוגרמים,1.20,"ק""ג",false,,24.70,20.5833,true,1,1570505
7290102397075,false,יוגורט 4% בקרטון 1.5,טרה,,יוגורט 4% בקרטון 1.5,ליטרים,1.50,ליטר,false,,11.00,7.3333,true,1,1570517
7290102397310,false,מאגדת שמינייה מיני מ,,IL,מאגדת שמינייה מיני מ,מיליליטרים,944.00,"100 מ""ל",false,,9.70,0.0103,true,1,1570526
7290102397334,false,בולגרית 5% 250 גר,,,בולגרית 5% 250 גר,גרמים,250.00,100 גרם,false,,16.80,0.0672,true,1,1570528
7290102397464,false,מולר נטורל 102 גר,,,מולר נטורל 102 גר,גרמים,102.00,100 גרם,false,,4.70,0.0461,true,1,2386942
7290102397600,false,מולר שקדים בוטנים בק,,,מולר שקדים בוטנים בק,מיליליטרים,170.00,"100 מ""ל",false,,4.70,0.0276,true,1,1570533
7290102397617,false,מולר מיקס קליק,,,מולר מיקס קליק,יח',1.00,יח',false,,4.70,4.7000,true,1,1570534
7290102397679,false,קוטג' 5% 375 גר,,,קוטג' 5% 375 גר,גרמים,375.00,100 גרם,false,,5.90,0.0157,true,1,2190313
7290102397730,false,אמנטל נעם פתיחה חוזר,,,אמנטל נעם פתיחה חוזר,גרמים,200.00,100 גרם,false,,14.40,0.0720,true,1,2596383
7290102397747,false,מוצרלה נעם 200 גר,,,מוצרלה נעם 200 גר,גרמים,200.00,100 גרם,false,,15.30,0.0765,true,1,3226800
7290102397891,false,גבינה מותכת 100 ג צו,,,גבינה מותכת 100 ג צו,גרמים,25.00,100 גרם,false,,5.90,0.2360,true,1,2386928
7290102398065,false,חלב 3% טרה 2 ליטר,,,חלב 3% טרה 2 ליטר,ליטרים,2.00,ליטר,false,,10.50,5.2500,true,1,2839830
7290102398331,false,חלב מועשר דל לקטוז 1,,,חלב מועשר דל לקטוז 1,ליטרים,1.00,ליטר,false,,5.90,5.9000,true,1,3380036
7290102398478,false,לאבנה 9% 500 גר,,,לאבנה 9% 500 גר,גרמים,500.00,100 גרם,false,,14.40,0.0288,true,1,3994963
7290102398553,false,שוקו טרה 1.5ליט,,,שוקו טרה 1.5ליט,יח',1.00,יח',false,,13.60,13.6000,true,1,5230863
7290102398560,false,שוקו מועשר בבקבוק 1,,,שוקו מועשר בבקבוק 1,ליטרים,1.00,ליטר,false,,9.30,9.3000,true,1,3994964
7290102398577,false,שוקו טרה מועשר בבקבו,,,שוקו טרה מועשר בבקבו,מיליליטרים,250.00,"100 מ""ל",false,,4.20,0.0168,true,1,3994965
7290102398614,false,משקה חלב בטעם בננה 1,,,משקה חלב בטעם בננה 1,ליטרים,1.00,ליטר,false,,9.30,9.3000,true,1,3994968
7290102398638,false,משקה חלב בטעם מוקה 1,,,משקה חלב בטעם מוקה 1,ליטרים,1.00,ליטר,false,,9.30,9.3000,true,1,3994969
7290102398669,false,אייס קפוצינו בבקבוק,,,אייס קפוצינו בבקבוק,ליטרים,1.00,ליטר,false,,9.30,9.3000,true,1,5252495
7290102398782,false,משקה סויה קלאסי 1 לי,,,משקה סויה קלאסי 1 לי,יח',1.00,יח',false,,8.50,8.5000,true,1,5151182
7290102398799,false,משקה סויה במתיקות מו,,,משקה סויה במתיקות מו,יח',1.00,יח',false,,8.50,8.5000,true,1,5087174
7290102398805,false,משקה סויה וניל 1 ליט,,,משקה סויה וניל 1 ליט,יח',1.00,יח',false,,8.50,8.5000,true,1,5087175
7290102398836,false,משקה שקדים קלאסי 1 ל,,,משקה שקדים קלאסי 1 ל,יח',1.00,יח',false,,10.20,10.2000,true,1,5087177
7290102399048,false,קשקבל נעם 200 גר,,,קשקבל נעם 200 גר,גרמים,200.00,100 גרם,false,,18.70,0.0935,true,1,4682049
7290102399635,false,מולר יוגורט טרופיקל,,,מולר יוגורט טרופיקל,גרמים,150.00,100 גרם,false,,4.10,0.0273,true,1,5259152
7290102399772,false,ממרח חמאה מולר במליח,,,ממרח חמאה מולר במליח,גרמים,250.00,100 גרם,false,,13.40,0.0536,true,1,5250946
7290102399789,false,ממרח חמאה מולר ללא ת,,,ממרח חמאה מולר ללא ת,גרמים,250.00,100 גרם,false,,13.40,0.0536,true,1,5256266
7290102399796,false,יוגורט מולר אקטיב 25,,,יוגורט מולר אקטיב 25,גרמים,200.00,100 גרם,false,,4.60,0.0230,true,1,5252496
7290102399802,false,יוגורט מולר אקטיב תו,,,יוגורט מולר אקטיב תו,גרמים,200.00,100 גרם,false,,4.70,0.0235,true,1,5252479
7290102399819,false,יוגורט מולר פירות יע,,,יוגורט מולר פירות יע,גרמים,200.00,100 גרם,false,,4.70,0.0235,true,1,5215346
7290102399857,false,מולר יוגורט מועשר חל,,,מולר יוגורט מועשר חל,גרמים,200.00,100 גרם,false,,4.70,0.0235,true,1,5259154
7290102456314,false,סט 3 מזוודות שחור,,,סט 3 מזוודות שחור,יחידה,0.00,יחידה,false,,341.80,0.0000,true,1,5410396
7290102456345,false,סט שלישיית מזוודות ק,,,סט שלישיית מזוודות ק,יחידה,0.00,יחידה,false,,341.80,0.0000,true,1,5416444
7290102456369,false,סט שלישיית מזוודות ק,,,סט שלישיית מזוודות ק,יחידה,0.00,יחידה,false,,341.80,0.0000,true,1,5416446
7290103120658,false,ספיד סטיק 24/7 גל שח,ספיד סטיק,,ספיד סטיק 24/7 גל שח,גרמים,85.00,100 גרם,false,,14.40,0.1694,true,1,1574830
7290103124588,false,סבון נוזלי ארומה בני,פלמוליב,,סבון נוזלי ארומה בני,מיליליטרים,750.00,"100 מ""ל",false,,17.00,0.0227,true,1,1574838
7290103124601,false,תחליב רחצה מזין חלב,פלמוליב,,תחליב רחצה מזין חלב,מיליליטרים,750.00,"100 מ""ל",false,,17.00,0.0227,true,1,1574840
7290103126797,false,משחת שיניים סנסטיב פ,קולגייט,,משחת שיניים סנסטיב פ,גרמים,110.00,100 גרם,false,,18.70,0.1700,true,1,1574847
7290103128739,false,מקלוני אוזנים בלונס,בלונס,,מקלוני אוזנים בלונס,יח',50.00,יח',false,,5.00,0.1000,true,1,1574855
7290103129378,false,ספיד סטיק גל 5X,ספיד סטיק,,ספיד סטיק גל 5X,גרמים,51.00,100 גרם,false,,13.60,0.2667,true,1,1574859
7290103129392,false,ליידי ספיד סטיק פרש,ספיד סטיק,,ליידי ספיד סטיק פרש,גרמים,65.00,100 גרם,false,,14.40,0.2215,true,1,1574860
7290103129408,false,ליידי ספיד סטיק פרש,ספיד סטיק,,ליידי ספיד סטיק פרש,גרמים,65.00,100 גרם,false,,14.40,0.2215,true,1,1574861
7290103129637,false,בלונס פדים אובליים ל,בלונס,,בלונס פדים אובליים ל,יח',40.00,יח',false,,5.90,0.1475,true,1,1574863
7290103243296,false,עוגה שוקו ציפס 450 ג,,,עוגה שוקו ציפס 450 ג,גרמים,450.00,100 גרם,false,,7.50,0.0167,true,1,1593395
7290103243302,false,עוגת שוקולד 450 גרם,,,עוגת שוקולד 450 גרם,גרמים,450.00,100 גרם,false,,7.50,0.0167,true,1,1593396
7290103243319,false,עוגה אנגלית 450 גרם,,,עוגה אנגלית 450 גרם,גרמים,450.00,100 גרם,false,,7.50,0.0167,true,1,1593397
7290103400194,false,כרוב לבן 400 ג בדצ י,שטראוס,,כרוב לבן 400 ג בדצ י,גרמים,400.00,100 גרם,false,,7.30,0.0182,true,1,1589758
7290103400231,false,גזר גוליאן בדצ 400גר,שטראוס,,גזר גוליאן בדצ 400גר,גרמים,400.00,100 גרם,false,,7.30,0.0182,true,1,1589759
7290103400255,false,סלט קולסלאו 400 גרם,שטראוס,,סלט קולסלאו 400 גרם,גרמים,400.00,100 גרם,false,,7.30,0.0182,true,1,1589760
7290103401429,false,קפה פליטנום ברזילאי,עלית,,קפה פליטנום ברזילאי,גרמים,200.00,100 גרם,false,,21.30,0.1065,true,1,1575487
7290103404758,false,סלט כרוב אדום אחלה 1,אחלה,,סלט כרוב אדום אחלה 1,גרמים,120.00,100 גרם,false,,4.00,0.0333,true,1,1589764
7290103408206,false,עלי חסה ערבית שטופים,שטראוס,,עלי חסה ערבית שטופים,גרמים,250.00,100 גרם,false,,9.90,0.0396,true,1,1589772
7290103702533,false,מגבות נייר כפול 6 יח,,,מגבות נייר כפול 6 יח,יח',1.00,יח',false,,16.20,16.2000,true,1,4914962
7290103702540,false,נייר טואלט 30 יח כדו,,,נייר טואלט 30 יח כדו,יחידה,0.00,יחידה,false,,19.60,0.0000,true,1,5425125
7290103702939,false,נייר טואלט גליל כפול,,,נייר טואלט גליל כפול,יח',16.00,יח',false,,24.70,1.5437,true,1,2331120
7290103702946,false,נייר טואלט רמי לוי כ,,,נייר טואלט רמי לוי כ,יח',24.00,יח',false,,36.70,1.5292,true,1,2110635
7290103703585,false,נ.טואלט תלת שכבתי 32,,,נ.טואלט תלת שכבתי 32,יח',32.00,יח',false,,34.10,1.0656,true,1,4345417
7290103703752,false,נייר טואלט פסטל 40 ר,,,נייר טואלט פסטל 40 ר,יח',40.00,יח',false,,30.70,0.7675,true,1,4605174
7290104005176,false,חגורות גברים,,,חגורות גברים,יח',1.00,יח',false,,16.10,16.1000,true,1,1599929
7290104061417,false,סלט חומוס עם טחינה א,אחלה,,סלט חומוס עם טחינה א,גרמים,400.00,100 גרם,false,,8.50,0.0213,true,1,1589780
7290104061424,false,סלט חומוס עם זעתר אח,אחלה,,סלט חומוס עם זעתר אח,גרמים,400.00,100 גרם,false,,8.50,0.0213,true,1,1589781
7290104061431,false,סלט חומוס עם צנובר א,אחלה,,סלט חומוס עם צנובר א,גרמים,400.00,100 גרם,false,,8.50,0.0213,true,1,1589782
7290104061448,false,סלט חומוס עם חריף אח,אחלה,,סלט חומוס עם חריף אח,גרמים,400.00,100 גרם,false,,8.50,0.0213,true,1,1589783
7290104062599,false,מעדן גמדים תות בננה,שטראוס,,מעדן גמדים תות בננה,מיליליטרים,800.00,"100 מ""ל",false,,15.20,0.0190,true,1,1589786
7290104065187,false,קפה נמס מוקה 200 גרם,עלית,,קפה נמס מוקה 200 גרם,גרמים,200.00,100 גרם,false,,17.00,0.0850,true,1,1575532
7290104065934,false,עלי רוקט שטראוס 150,שטראוס,,עלי רוקט שטראוס 150,גרמים,150.00,100 גרם,false,,9.90,0.0660,true,1,1589792
7290104066566,false,טחינה 500 גרם,אחלה,,טחינה 500 גרם,גרמים,500.00,100 גרם,false,,11.90,0.0238,true,1,1589796
7290104068539,false,מסטיק MUST בטעם אבטי,עלית,,מסטיק MUST בטעם אבטי,גרמים,28.00,100 גרם,false,,3.40,0.1214,true,1,1575539
7290104068546,false,מסטיק MUST בטעם קולה,עלית,,מסטיק MUST בטעם קולה,גרמים,28.00,100 גרם,false,,3.30,0.1179,true,1,1575540
7290104367632,false,אוליב קרם עיניים 50,,,אוליב קרם עיניים 50,מטרים,50.00,100 מ'ל,false,,17.00,0.3400,true,1,5287679
7290104367670,false,אוליב סרום ממצק לפני,,,אוליב סרום ממצק לפני,מטרים,30.00,100 מ'ל,false,,21.30,0.7100,true,1,5287683
7290104367687,false,אוליב קרם לילה 50 מל,,,אוליב קרם לילה 50 מל,מטרים,50.00,100 מ'ל,false,,17.00,0.3400,true,1,5287684
7290104501661,false,אינסטנט פודינג בטעם,אסם,,אינסטנט פודינג בטעם,גרמים,80.00,100 גרם,false,,4.10,0.0512,true,1,1577538
7290104508189,false,גביעי גלידה אסם 24 י,אסם,,גביעי גלידה אסם 24 י,יח',24.00,יח',false,,10.20,0.4250,true,1,1577558
7290104508202,false,גביעי גלידה אסם 24 י,אסם,,גביעי גלידה אסם 24 י,גרמים,120.00,100 גרם,false,,10.10,0.0842,true,1,1577559
7290104508943,false,במבה חטיף בוטנים אסם,אסם,,במבה חטיף בוטנים אסם,גרמים,200.00,100 גרם,false,,7.60,0.0380,true,1,1577567
7290104570162,false,תמרים כבושים 500גרם,תמר כנרת,,תמרים כבושים 500גרם,גרמים,500.00,100 גרם,false,,5.90,0.0118,true,1,1601641
7290104720499,false,דני בטעם וניל שמיניי,שטראוס,,דני בטעם וניל שמיניי,מיליליטרים,1000.00,"100 מ""ל",false,,12.70,0.0127,true,1,1589804
7290104721533,false,פלפלים קלויים 400 גר,אחלה,,פלפלים קלויים 400 גר,גרמים,400.00,100 גרם,false,,12.70,0.0317,true,1,1589810
7290104721953,false,לקט מסולסלים ירקות ש,שטראוס,,לקט מסולסלים ירקות ש,גרמים,350.00,100 גרם,false,,11.00,0.0314,true,1,1589812
7290104722530,false,תפוצ'יפס בטעם שמנת ב,עלית,,תפוצ'יפס בטעם שמנת ב,גרמים,200.00,100 גרם,false,,8.50,0.0425,true,1,1582927
7290104726262,false,דני בטעם שוקולד לשתי,שטראוס,,דני בטעם שוקולד לשתי,מיליליטרים,500.00,"100 מ""ל",false,,9.30,0.0186,true,1,1589826
7290104726712,false,מארז מילקי שוקולד שמ,שטראוס,,מארז מילקי שוקולד שמ,קילוגרמים,1.06,"ק""ג",false,,17.00,16.0377,true,1,1589830
7290104728310,false,שמנת להקצפה 38% 250,יטבתה,,שמנת להקצפה 38% 250,מיליליטרים,250.00,"100 מ""ל",false,,4.80,0.0192,true,1,1589838
7290104729010,false,"לבן בטעם תות 100 מ""ל",יטבתה,,"לבן בטעם תות 100 מ""ל",מטרים,100.00,100 מ'ל,false,,1.20,0.0120,true,1,1589843
7290104960239,false,נקה 7 תחליב רחצה קמו,נקה 7,,נקה 7 תחליב רחצה קמו,מיליליטרים,750.00,"100 מ""ל",false,,8.50,0.0113,true,1,1580417
7290104960246,false,נקה 7 תחליב רחצה ארו,נקה 7,,נקה 7 תחליב רחצה ארו,מיליליטרים,750.00,"100 מ""ל",false,,8.50,0.0113,true,1,1580418
7290104960338,false,נקה 7 תחליב רחצה אלו,נקה 7,,נקה 7 תחליב רחצה אלו,מיליליטרים,750.00,"100 מ""ל",false,,8.50,0.0113,true,1,1580420
7290104960970,false,דאו טיטניום ספריי 18,קרליין,,דאו טיטניום ספריי 18,מיליליטרים,180.00,"100 מ""ל",false,,12.70,0.0706,true,1,1566628
7290104961205,false,תחליב רחצה מלפפון ול,נקה 7,,תחליב רחצה מלפפון ול,מיליליטרים,750.00,"100 מ""ל",false,,8.50,0.0113,true,1,1580428
7290104961533,false,טיטניום ספריי גוף 15,קרליין,,טיטניום ספריי גוף 15,מיליליטרים,150.00,"100 מ""ל",false,,8.50,0.0567,true,1,1580438
7290104961540,false,טיטניום ספריי גוף 15,קרליין,,טיטניום ספריי גוף 15,מיליליטרים,150.00,"100 מ""ל",false,,8.50,0.0567,true,1,1580439
7290104961557,false,טיטניום ספריי גוף 15,קרליין,,טיטניום ספריי גוף 15,מיליליטרים,150.00,"100 מ""ל",false,,8.50,0.0567,true,1,1580440
7290104961885,false,מרכך קרטין לשיער שעב,נטורל,,מרכך קרטין לשיער שעב,מיליליטרים,400.00,"100 מ""ל",false,,25.60,0.0640,true,1,1580443
7290104961892,false,מסיכת קרטין לשיער שע,נטורל,,מסיכת קרטין לשיער שע,מיליליטרים,350.00,"100 מ""ל",false,,34.10,0.0974,true,1,1580444
7290104962073,false,דאו טיטניום גולד 180,קרליין,,דאו טיטניום גולד 180,מיליליטרים,180.00,"100 מ""ל",false,,12.70,0.0706,true,1,1580448
7290104962080,false,טיטניום ספריי גוף 15,קרליין,,טיטניום ספריי גוף 15,מיליליטרים,150.00,"100 מ""ל",false,,9.30,0.0620,true,1,1580449
7290104962134,false,דאודורנט קרליין רול,קרליין,,דאודורנט קרליין רול,מטרים,75.00,100 מ'ל,false,,9.30,0.1240,true,1,1580452
7290104962844,false,"שמפו אמפולה 400 מ""ל",נטורל,,"שמפו אמפולה 400 מ""ל",מיליליטרים,400.00,"100 מ""ל",false,,25.60,0.0640,true,1,1580464
7290104962851,false,"מרכך אמפולה 400 מ""ל",נטורל,,"מרכך אמפולה 400 מ""ל",מיליליטרים,400.00,"100 מ""ל",false,,25.60,0.0640,true,1,1580465
7290104963018,false,מגבונים סופטקר רביעי,,,מגבונים סופטקר רביעי,יח',4.00,יח',false,,14.40,3.6000,true,1,1580468
7290104963650,false,סופטקר שמפו אלדמע 1ל,סנו,IL,סופטקר שמפו אלדמע 1ל,ליטרים,1.00,ליטר,false,,12.70,12.7000,true,1,1580476
7290104963667,false,סופטקר 2ב1 אלסבון שמ,סנו,IL,סופטקר 2ב1 אלסבון שמ,ליטרים,1.00,ליטר,false,,12.70,12.7000,true,1,1580477
7290104964084,false,קרליין מולטי אפקט- ק,,,קרליין מולטי אפקט- ק,מטרים,50.00,100 מ'ל,false,,42.60,0.8520,true,1,3080735
7290104964091,false,קרליין מולטי אפקט- ק,,,קרליין מולטי אפקט- ק,גרמים,120.00,100 גרם,false,,42.60,0.3550,true,1,3080736
7290104964220,false,קרליין ג'ל מרענן לני,,,קרליין ג'ל מרענן לני,מיליליטרים,300.00,"100 מ""ל",false,,34.10,0.1137,true,1,3042992
7290104965647,false,קרליין דיאודורנט בנו,,,קרליין דיאודורנט בנו,מטרים,75.00,100 מ'ל,false,,9.30,0.1240,true,1,5304022
7290105360250,false,קפסולות קפה אספרסו 9,עלית,,קפסולות קפה אספרסו 9,יח',1.00,יח',false,,13.60,13.6000,true,1,1575593
7290105360328,false,קפסולות קפה אספרסו 1,עלית,,קפסולות קפה אספרסו 1,יח',1.00,יח',false,,13.60,13.6000,true,1,1575594
7290105360335,false,קפסולות קפה אספרסו 7,עלית,,קפסולות קפה אספרסו 7,יח',1.00,יח',false,,13.60,13.6000,true,1,1575595
7290105360755,false,"שמן זית 3 חזק 750 מ""",יד מרדכי,,"שמן זית 3 חזק 750 מ""",מיליליטרים,750.00,"100 מ""ל",false,,25.60,0.0341,true,1,1575603
7290105362339,false,שמנת לבישול 15% מהדר,יטבתה,,שמנת לבישול 15% מהדר,מיליליטרים,250.00,"100 מ""ל",false,,6.50,0.0260,true,1,1589856
7290105364289,false,מקלות כיף כף פצפוצים,עלית,,מקלות כיף כף פצפוצים,גרמים,40.00,100 גרם,false,,4.00,0.1000,true,1,1575616
7290105364302,false,מקלות כיף כף אגוזים,עלית,,מקלות כיף כף אגוזים,גרמים,42.00,100 גרם,false,,4.00,0.0952,true,1,1575617
7290105364678,false,אקטיביה משקה יוגורט,שטראוס,,אקטיביה משקה יוגורט,מיליליטרים,250.00,"100 מ""ל",false,,4.10,0.0164,true,1,1589860
7290105366023,false,סלט חצילים בטעם כבד,אחלה,,סלט חצילים בטעם כבד,גרמים,400.00,100 גרם,false,,12.70,0.0317,true,1,1589869
7290105366993,false,סימפוניה גבינת שמנת,שטראוס,,סימפוניה גבינת שמנת,גרמים,200.00,100 גרם,false,,8.90,0.0445,true,1,1589879
7290105368331,false,מילקי תות שטראוס 133,שטראוס,,מילקי תות שטראוס 133,מיליליטרים,133.00,"100 מ""ל",false,,2.30,0.0173,true,1,1589899
7290105368904,false,שמנת מתוקה להקצפה 32,יטבתה,,שמנת מתוקה להקצפה 32,מיליליטרים,250.00,"100 מ""ל",false,,5.90,0.0236,true,1,1589913
7290105368928,false,"שמנת חמוצה 9% 200 מ""",יטבתה,,"שמנת חמוצה 9% 200 מ""",מיליליטרים,200.00,"100 מ""ל",false,,2.40,0.0120,true,1,1589915
7290105369130,false,סימפוניה גבינת שמנת,שטראוס,,סימפוניה גבינת שמנת,גרמים,200.00,100 גרם,false,,8.90,0.0445,true,1,1589920
7290105430441,false,פלמוליב סבון נוזלי ס,פלמוליב,,פלמוליב סבון נוזלי ס,מיליליטרים,750.00,"100 מ""ל",false,,17.00,0.0227,true,1,1574865
7290105430458,false,פלמוליב סבון נוזלי ש,פלמוליב,,פלמוליב סבון נוזלי ש,מיליליטרים,750.00,"100 מ""ל",false,,17.00,0.0227,true,1,1574866
7290105430496,false,ספיד סטיק סטיינגארד,ספיד סטיק,,ספיד סטיק סטיינגארד,יח',1.00,יח',false,,11.90,11.9000,true,1,1574870
7290105433961,false,ליידי ספיד סטיק פרש,ספיד סטיק,,ליידי ספיד סטיק פרש,מיליליטרים,150.00,"100 מ""ל",false,,11.90,0.0793,true,1,1574894
7290105433985,false,ליידי ספיד סטיק פרש,ספיד סטיק,,ליידי ספיד סטיק פרש,גרמים,65.00,100 גרם,false,,14.40,0.2215,true,1,1574896
7290105434050,false,ספיד סטיק ירוק רגיל,ספיד סטיק,,ספיד סטיק ירוק רגיל,גרמים,85.00,100 גרם,false,,14.40,0.1694,true,1,1574900
7290105434067,false,ספיד סטיק כחול אושיי,ספיד סטיק,,ספיד סטיק כחול אושיי,גרמים,85.00,100 גרם,false,,14.40,0.1694,true,1,1574901
7290105436382,false,חטיף פרי תמרים קשיו,פריי,,חטיף פרי תמרים קשיו,גרמים,100.00,100 גרם,false,,13.60,0.1360,true,1,1574912
7290105438539,false,קוקי נייר אפייה,,,קוקי נייר אפייה,יח',40.00,יח',false,,8.50,0.2125,true,1,1574915
7290105438546,false,קוקי נייר אפייה פרימ,,,קוקי נייר אפייה פרימ,יח',40.00,יח',false,,7.60,0.1900,true,1,1574916
7290105439499,false,מאסטר שף מיונז 483 ג,Remia,NL,מאסטר שף מיונז 483 ג,גרמים,483.00,100 גרם,false,,10.20,0.0211,true,1,1574917
7290105439505,false,מאסטר שף מיונז לייט,,,מאסטר שף מיונז לייט,גרמים,479.00,100 גרם,false,,10.20,0.0213,true,1,1941982
7290105439581,false,מנה מאסטר שף חרדל די,Covinor,FR,מנה מאסטר שף חרדל די,גרמים,370.00,100 גרם,false,,8.50,0.0230,true,1,1574918
7290105473950,false,"יורוקיטי קופסה 5 ק""ג",BENTAS BENTONIT,TR,"יורוקיטי מתגבש 5 ק""ג בקרט",קילוגרמים,5.00,"ק""ג",false,,29.80,5.9600,true,1,1584391
7290105474018,false,לה קט פטה עוף 100 גר,,,לה קט פטה עוף 100 גר,יחידה,0.00,יחידה,false,,4.20,0.0000,true,1,5378512
7290105474025,false,לה קט פטה סלמון 100,,,לה קט פטה סלמון 100,יחידה,0.00,יחידה,false,,4.20,0.0000,true,1,5411951
7290105474124,false,מזון לכלבים בונזו מז,"ביופט בע""מ",IL,"בונזו בשר 12 ק""ג מחולק",קילוגרמים,12.00,"ק""ג",false,,100.90,8.4083,true,1,1584396
7290105500151,false,וודקה פינלנדיה 700 מ,פינלדיה,,וודקה פינלנדיה 700 מ,מיליליטרים,700.00,"100 מ""ל",false,,50.40,0.0720,true,1,1587007
7290105500236,false,וויסקי גק דניאלס 700,,,וויסקי גק דניאלס 700,מיליליטרים,700.00,"100 מ""ל",false,,85.40,0.1220,true,1,1587008
7290105500953,false,ג'ק דניאלס דבש 700 מ,,,ג'ק דניאלס דבש 700 מ,מיליליטרים,700.00,"100 מ""ל",false,,85.40,0.1220,true,1,3445357
7290105691224,false,חטיפי טורטיה שום בצל,אסם,,חטיפי טורטיה שום בצל,גרמים,60.00,100 גרם,false,,5.90,0.0983,true,1,1577594
7290105691934,false,"קמח שמרים אסם 1 ק""ג",אסם,,"קמח שמרים אסם 1 ק""ג",גרמים,1000.00,100 גרם,false,,6.80,0.0068,true,1,1577607
7290105693341,false,במבה חטיף בוטנים אסם,אסם,,במבה חטיף בוטנים אסם,גרמים,250.00,100 גרם,false,,11.90,0.0476,true,1,1577623
7290105693457,false,עוגת הבית דמקה שוקו,אסם,,עוגת הבית דמקה שוקו,גרמים,320.00,100 גרם,false,,9.30,0.0291,true,1,1577624
7290105693952,false,פירורית זהב שומשום א,אסם,,פירורית זהב שומשום א,גרמים,200.00,100 גרם,false,,5.00,0.0250,true,1,1577630
7290105694928,false,אבקת מרק בצל רכיבים,אסם,,אבקת מרק בצל רכיבים,גרמים,220.00,100 גרם,false,,13.60,0.0618,true,1,1577646
7290105695321,false,עוגת הבית בראוניס פא,אסם,,עוגת הבית בראוניס פא,גרמים,380.00,100 גרם,false,,12.70,0.0334,true,1,1577656
7290105695536,false,אבקת מרק ירקות שורש,אסם,,אבקת מרק ירקות שורש,גרמים,220.00,100 גרם,false,,13.60,0.0618,true,1,1577661
7290105962331,false,סחוג אדום תימני חריף,זהבי,,סחוג אדום תימני חריף,גרמים,220.00,100 גרם,false,,8.50,0.0386,true,1,1589923
7290105965738,false,משקה יוגורט דנונה תו,שטראוס,,משקה יוגורט דנונה תו,גרמים,267.00,100 גרם,false,,3.80,0.0142,true,1,1589938
7290105966469,false,חומץ בלסמי יד מרדכי,יד מרדכי,,חומץ בלסמי יד מרדכי,מיליליטרים,250.00,"100 מ""ל",false,,11.90,0.0476,true,1,1575683
7290105968098,false,קולסלאו אחלה 500 גרם,אחלה,,קולסלאו אחלה 500 גרם,גרמים,500.00,100 גרם,false,,12.70,0.0254,true,1,1589956
7290105968654,false,פסטה רביולי בטטה פרו,שטראוס,,פסטה רביולי בטטה פרו,גרמים,400.00,100 גרם,false,,16.90,0.0422,true,1,1589957
7290105968777,false,פריכיות 5 דגנים עם ת,אנרג'י,,פריכיות 5 דגנים עם ת,גרמים,70.00,100 גרם,false,,6.40,0.0914,true,1,1575693
7290106509825,false,אולוויז קואטרו פלטינ,,,אולוויז קואטרו פלטינ,יח',1.00,יח',false,,28.10,28.1000,true,1,5090506
7290106520066,false,רבע לשבע במילוי קרם,עלית,,רבע לשבע במילוי קרם,גרמים,160.00,100 גרם,false,,8.50,0.0531,true,1,1575696
7290106520288,false,דנונה WOW תות 2.4%,שטראוס,IL,דנונה WOW תות 2.4%,גרמים,150.00,100 גרם,false,,3.80,0.0253,true,1,1589959
7290106520905,false,סלט טורקי 400 גרם,אחלה,,סלט טורקי 400 גרם,גרמים,400.00,100 גרם,false,,12.70,0.0317,true,1,1589971
7290106520912,false,שמנת לבישול 9% 250 מ,יטבתה,,שמנת לבישול 9% 250 מ,מיליליטרים,250.00,"100 מ""ל",false,,6.50,0.0260,true,1,1589972
7290106525320,false,שוקולית לאפייה 500 ג,עלית,,שוקולית לאפייה 500 ג,גרמים,500.00,100 גרם,false,,12.70,0.0254,true,1,1575728
7290106525375,false,קפה מארז טורקי שלישי,עלית,,קפה מארז טורקי שלישי,גרמים,375.00,100 גרם,false,,22.10,0.0589,true,1,1575730
7290106525399,false,קפסולות ברזיל למכונת,עלית,,קפסולות ברזיל למכונת,יח',1.00,יח',false,,13.60,13.6000,true,1,1575731
7290106525405,false,קפסולות קפה אספרסו נ,,,קפסולות קפה אספרסו נ,100 יח',1.00,100 יח',false,,13.60,13.6000,true,1,1575732
7290106526822,false,פריכיות אורז חום מלא,אנרג'י,,פריכיות אורז חום מלא,גרמים,80.00,100 גרם,false,,6.40,0.0800,true,1,1575747
7290106528567,false,דוריטוס בטעם גריל 18,פריטו ליי,IL,דוריטוס בטעם גריל 18,גרמים,185.00,100 גרם,false,,5.80,0.0314,true,1,1582978
7290106528628,false,דוריטוס בטעם טבעי 18,פריטו ליי,IL,דוריטוס בטעם טבעי 18,גרמים,185.00,100 גרם,false,,5.80,0.0314,true,1,1582979
7290106528949,false,לקט ערוגות 450 גרם ש,שטראוס,,לקט ערוגות 450 גרם ש,גרמים,450.00,100 גרם,false,,9.20,0.0204,true,1,1590012
7290106571921,false,פיטנס עוגיות חמוציות,אסם,,פיטנס עוגיות חמוציות,גרמים,180.00,100 גרם,false,,9.30,0.0517,true,1,1577680
7290106572027,false,לחמית חמישה דגנים אס,אסם,,לחמית חמישה דגנים אס,גרמים,190.00,100 גרם,false,,6.80,0.0358,true,1,1577682
7290106572959,false,מארז אפרופו 5*25 גרם,אסם,,מארז אפרופו 5*25 גרם,גרמים,75.00,100 גרם,false,,10.70,0.1427,true,1,1566543
7290106573598,false,חומוס לבנוני צבר 400,צבר,,חומוס לבנוני צבר 400,גרמים,400.00,100 גרם,false,,10.20,0.0255,true,1,1577706
7290106573628,false,חומוס עם טחינה צבר 4,צבר,,חומוס עם טחינה צבר 4,גרמים,400.00,100 גרם,false,,10.20,0.0255,true,1,1577707
7290106574793,false,עוגת שוקו שוקוציפס,,,עוגת שוקו שוקוציפס,גרמים,330.00,100 גרם,false,,9.30,0.0282,true,1,1577727
7290106574953,false,בייגלה שטוחים שומשום,אסם,,בייגלה שטוחים שומשום,גרמים,300.00,100 גרם,false,,8.50,0.0283,true,1,1577728
7290106575011,false,פתיתים אפויים קוסקוס,אסם,,פתיתים אפויים קוסקוס,גרמים,400.00,100 גרם,false,,4.20,0.0105,true,1,1577730
7290106575257,false,עוגת סופלה בטעם שוקו,אסם,,עוגת סופלה בטעם שוקו,גרמים,340.00,100 גרם,false,,9.30,0.0274,true,1,1577734
7290106575431,false,עוגת סופלה בטעם שוקו,אסם,,עוגת סופלה בטעם שוקו,גרמים,340.00,100 גרם,false,,9.30,0.0274,true,1,1577740
7290106576513,false,חומוס חלק 400 ג,צבר,,חומוס חלק 400 ג,גרמים,400.00,100 גרם,false,,7.60,0.0190,true,1,1577758
7290106576537,false,חומוס מסעדות צבר 700,צבר,,חומוס מסעדות צבר 700,גרמים,700.00,100 גרם,false,,9.20,0.0131,true,1,1577759
7290106577282,false,סלט טחינה צבר 400 ג,צבר,,סלט טחינה צבר 400 ג,גרמים,400.00,100 גרם,false,,10.20,0.0255,true,1,1577764
7290106577527,false,סלט קולסלאו צבר 400,צבר,,סלט קולסלאו צבר 400,גרמים,400.00,100 גרם,false,,10.20,0.0255,true,1,1577771
7290106577541,false,כרוב אדום מרובע 400,צבר,,כרוב אדום מרובע 400,גרמים,400.00,100 גרם,false,,9.30,0.0233,true,1,1577772
7290106578692,false,ביסלי במבה מיקס 80 ג,אסם,,ביסלי במבה מיקס 80 ג,גרמים,80.00,100 גרם,false,,3.30,0.0412,true,1,1577784
7290106578821,false,עוגת שמרים שוקולד קל,אסם,,עוגת שמרים שוקולד קל,גרמים,350.00,100 גרם,false,,12.70,0.0363,true,1,1577785
7290106652996,false,מקלות כיף כף קוקוס ע,עלית,,מקלות כיף כף קוקוס ע,יחידה,0.00,יחידה,false,,4.20,0.0000,true,1,5418447
7290106653689,false,לקט לסלט אסיאתי 350,,,לקט לסלט אסיאתי 350,גרמים,350.00,100 גרם,false,,9.30,0.0266,true,1,2335437
7290106654099,false,מארז מילקי קייק שמינ,אירו קייקס אס פי איי,IT,מארז מילקי קייק שמינ,גרמים,272.00,100 גרם,false,,17.00,0.0625,true,1,1590023
7290106656734,false,עוגיות חיוכים וניל ו,עלית,,עוגיות חיוכים וניל ו,גרמים,600.00,100 גרם,false,,14.40,0.0240,true,1,1575812
7290106660410,false,פסטה רביולי תרד וגבי,שטראוס,,פסטה רביולי תרד וגבי,גרמים,400.00,100 גרם,false,,16.90,0.0422,true,1,1590046
7290106663091,false,גבינת לאבנה 9% שומן,שטראוס,IL,גבינת לאבנה 9% שומן,גרמים,500.00,100 גרם,false,,14.40,0.0288,true,1,1590066
7290106663558,false,רוטב טריאקי 320 גרם,יד מרדכי,,רוטב טריאקי 320 גרם,גרמים,320.00,100 גרם,false,,10.20,0.0319,true,1,1575870
7290106664067,false,לאבנה שמן זית וזעתר,בר תבור,IL,לאבנה שמן זית וזעתר,גרמים,400.00,100 גרם,false,,11.90,0.0298,true,1,1590075
7290106664555,false,רוטב שמנת עם עגבניות,יטבתה,IL,רוטב שמנת עם עגבניות,מיליליטרים,250.00,"100 מ""ל",false,,8.40,0.0336,true,1,1590078
7290106664562,false,רוטב שמנת עם פטריות,,,רוטב שמנת עם פטריות,מיליליטרים,250.00,"100 מ""ל",false,,8.40,0.0336,true,1,1590079
7290106666788,false,סוכריות דבש ממולאות,,,סוכריות דבש ממולאות,גרמים,80.00,100 גרם,false,,4.10,0.0512,true,1,1575885
7290106667266,false,דוריטוס חמוץ חריף 18,פריטו ליי,IL,דוריטוס חמוץ חריף 18,גרמים,185.00,100 גרם,false,,5.80,0.0314,true,1,1583038
7290106668577,false,"מיץ לימון 250 מ""ל",יורופוד,,"מיץ לימון 250 מ""ל",מיליליטרים,250.00,"100 מ""ל",false,,6.70,0.0268,true,1,1575891
7290106668713,false,יוגורט דנונה פירות י,שטראוס,IL,יוגורט דנונה פירות י,מיליליטרים,150.00,"100 מ""ל",false,,3.00,0.0200,true,1,1590090
7290106669857,false,קפסולות אספרסו בטעם,,,קפסולות אספרסו בטעם,100 יח',1.00,100 יח',false,,13.60,13.6000,true,1,2345673
7290106720626,false,ציטוס גבינה 80 גר,,,ציטוס גבינה 80 גר,גרמים,80.00,גרם,false,,3.60,0.0450,true,1,2431612
7290106721913,false,מסטיק MUST בטעם מנטה,עלית,,מסטיק MUST בטעם מנטה,גרמים,66.00,100 גרם,false,,7.60,0.1152,true,1,1575927
7290106721920,false,מאסט בוקס,עלית,,מאסט בוקס,גרמים,66.00,100 גרם,false,,7.60,0.1152,true,1,1575928
7290106723689,false,עלי תרד בייבי 200 גר,שטראוס,,עלי תרד בייבי 200 גר,גרמים,200.00,100 גרם,false,,9.30,0.0465,true,1,1590100
7290106725867,false,"סירופ מייפל 189 מ""ל",יד מרדכי,CA,"סירופ מייפל 189 מ""ל",מיליליטרים,189.00,"100 מ""ל",false,,25.50,0.1349,true,1,1575976
7290106726178,false,דנונה WOW פירות יער,שטראוס,IL,דנונה WOW פירות יער,גרמים,150.00,100 גרם,false,,3.80,0.0253,true,1,1590108
7290106727984,false,גביע כיף כף פצפצים 1,עלית,,גביע כיף כף פצפצים 1,גרמים,135.00,100 גרם,false,,8.50,0.0630,true,1,1655996
7290106729650,false,מארז דנונה 8 יח 1.2,שטראוס,,מארז דנונה 8 יח 1.2,ליטרים,1.20,ליטר,false,,20.40,17.0000,true,1,1590127
7290107280013,false,מגבונים ליטופים מארז,ליטופים,,מגבונים ליטופים מארז,יח',72.00,יח',false,,15.30,0.2125,true,1,1580482
7290107280037,false,סנו מטליות עבות גדול,סנו,,סנו מטליות עבות גדול,יח',1.00,יח',false,,7.60,7.6000,true,1,1580483
7290107280068,false,סנו סושי תבנית אלומי,,,סנו סושי תבנית אלומי,יח',1.00,יח',false,,6.40,6.4000,true,1,3369926
7290107280075,false,סנו סושי תבנית אלומי,,,סנו סושי תבנית אלומי,יח',1.00,יח',false,,6.40,6.4000,true,1,3369927
7290107280082,false,סנו סושי תבנית אלומי,,,סנו סושי תבנית אלומי,יח',1.00,יח',false,,6.40,6.4000,true,1,3369928
7290107280112,false,סנו סופט נייר טואלט,,,סנו סופט נייר טואלט,גרמים,1450.00,100 גרם,false,,21.30,0.0147,true,1,5430877
7290107280129,false,סנו סושי 20 שקיות אש,,,סנו סושי 20 שקיות אש,יח',1.00,יח',false,,19.60,19.6000,true,1,1580487
7290107280341,false,מטליות ריצפז הום פרש,,,מטליות ריצפז הום פרש,יח',1.00,יח',false,,9.30,9.3000,true,1,5140184
7290107280549,false,"K-400 קוטל ז300 מ""ל",,,"K-400 קוטל ז300 מ""ל",מיליליטרים,300.00,"100 מ""ל",false,,9.30,0.0310,true,1,4747545
7290107280563,false,סנו אוקסיג'ן בייבי 3,סנו,,סנו אוקסיג'ן בייבי 3,ליטרים,3.00,ליטר,false,,24.70,8.2333,true,1,1580499
7290107280570,false,סנו מקסימה ג'ל לכביס,סנו,,סנו מקסימה ג'ל לכביס,ליטרים,3.00,ליטר,false,,24.70,8.2333,true,1,1580500
7290107280600,false,סנו ספארק טבל 100 יח,,,סנו ספארק טבל 100 יח,קילוגרמים,2.00,"ק""ג",false,,40.90,20.4500,true,1,3337904
7290107280655,false,סנו מקסימה בייבי 3.2,מקסימה,,סנו מקסימה בייבי 3.2,קילוגרמים,3.25,"ק""ג",false,,25.60,7.8769,true,1,1580505
7290107280709,false,סנו ספארק נוזל הברקה,סנו ספארק,,סנו ספארק נוזל הברקה,מיליליטרים,700.00,"100 מ""ל",false,,9.30,0.0133,true,1,1580507
7290107280716,false,סנו ספארק מלח למדיח,סנו ספארק,,סנו ספארק מלח למדיח,קילוגרמים,2.00,"ק""ג",false,,8.50,4.2500,true,1,1580508
7290107280723,false,סנו ספארק נוזל לכלים,סנו ספארק,,סנו ספארק נוזל לכלים,מיליליטרים,700.00,"100 מ""ל",false,,6.80,0.0097,true,1,1580509
7290107280730,false,סנו ספארק נוזל לכלים,סנו ספארק,,סנו ספארק נוזל לכלים,מיליליטרים,700.00,"100 מ""ל",false,,6.80,0.0097,true,1,1580510
7290107280747,false,סנו ספארק נוזל לכלים,סנו ספארק,,סנו ספארק נוזל לכלים,מיליליטרים,700.00,"100 מ""ל",false,,6.80,0.0097,true,1,1580511
7290107280754,false,סנו ספארק נוזל לכלים,סנו ספארק,,סנו ספארק נוזל לכלים,מיליליטרים,700.00,"100 מ""ל",false,,6.80,0.0097,true,1,1580512
7290107280761,false,סנו ספארק נוזל לכלים,סנו ספארק,,סנו ספארק נוזל לכלים,ליטרים,1.00,ליטר,false,,9.10,9.1000,true,1,1566632
7290107645584,false,מרק 400 עוף אמיתי 10,,,מרק 400 עוף אמיתי 10,גרמים,400.00,100 גרם,false,,17.00,0.0425,true,1,3562034
7290107645591,false,מרק 400 טעם עוף 100%,,,מרק 400 טעם עוף 100%,גרמים,400.00,100 גרם,false,,12.70,0.0317,true,1,3562035
7290107646062,false,מרק 400 בצל 100% רכב,,,מרק 400 בצל 100% רכב,גרמים,400.00,100 גרם,false,,16.20,0.0405,true,1,3562037
7290107646147,false,מאגדת חטיפי שוגי שיש,,,מאגדת חטיפי שוגי שיש,יח',1.00,יח',false,,10.90,10.9000,true,1,3569205
7290107646154,false,מאגדת חטיפי קוקומן פ,,,מאגדת חטיפי קוקומן פ,יח',1.00,יח',false,,10.90,10.9000,true,1,3569206
7290107646826,false,מאגדת חטיפי שוגי שוק,,,מאגדת חטיפי שוגי שוק,יח',1.00,יח',false,,10.90,10.9000,true,1,3569207
7290107646833,false,מאגדת חטיפי שוגי פצפ,,,מאגדת חטיפי שוגי פצפ,יח',1.00,יח',false,,10.90,10.9000,true,1,3569208
7290107646895,false,קנור רוטב עגבניות לפ,,,קנור רוטב עגבניות לפ,גרמים,415.00,100 גרם,false,,8.50,0.0205,true,1,3023884
7290107646918,false,קנור רוטב עגבניות לש,,,קנור רוטב עגבניות לש,מיליליטרים,415.00,"100 מ""ל",false,,8.50,0.0205,true,1,3023886
7290107646970,false,מיונז תלמה איולי שו,,,מיונז תלמה איולי שו,גרמים,273.00,100 גרם,false,,6.80,0.0249,true,1,5371418
7290107647625,false,מאגדת טילון קורנטו מ,,,מאגדת טילון קורנטו מ,גרמים,315.00,100 גרם,false,,22.10,0.0702,true,1,4581237
7290107647731,false,קוקומן חום לבן 20%פח,,,קוקומן חום לבן 20%פח,גרמים,375.00,100 גרם,false,,17.00,0.0453,true,1,3027493
7290107647816,false,ברנפלקס ללא תוספת סו,,,ברנפלקס ללא תוספת סו,גרמים,500.00,100 גרם,false,,17.00,0.0340,true,1,3300854
7290107647823,false,"ברנפלקס תלמה בד""ץ 50",,,"ברנפלקס תלמה בד""ץ 50",גרמים,500.00,100 גרם,false,,17.00,0.0340,true,1,3300855
7290107647854,false,שוגי 500 גרם מופחת ס,,,שוגי 500 גרם מופחת ס,גרמים,500.00,100 גרם,false,,16.20,0.0324,true,1,3027496
7290107648943,false,ברנפלקס קרנצ'ים מייפ,,,ברנפלקס קרנצ'ים מייפ,גרמים,375.00,100 גרם,false,,17.00,0.0453,true,1,3855335
7290107649100,false,בייגלה טבעות שומשום,,,בייגלה טבעות שומשום,גרמים,300.00,100 גרם,false,,7.60,0.0253,true,1,4390188
7290107649605,false,קליק טבלת שוקולד קור,,,קליק טבלת שוקולד קור,יח',1.00,יח',false,,4.20,4.2000,true,1,3939056
7290107649728,false,גלידה פרווה שוקולד ו,,,גלידה פרווה שוקולד ו,ליטרים,2.00,ליטר,false,,16.90,8.4500,true,1,4614185
7290107649735,false,גלידה 5 טעמים שטראוס,,,גלידה 5 טעמים שטראוס,ליטרים,2.00,ליטר,false,,16.90,8.4500,true,1,4614186
7290107874502,false,ביסלי גריל 4*55גרם,אסם,GB,ביסלי גריל 4*55גרם,גרמים,220.00,100 גרם,false,,10.70,0.0486,true,1,1577860
7290107875004,false,פופקו חמאה ודבש מארז,,,פופקו חמאה ודבש מארז,יח',1.00,יח',false,,14.40,14.4000,true,1,4362684
7290107875271,false,ביסלי ברביקיו 4*55גר,אסם,GB,ביסלי ברביקיו 4*55גר,גרמים,220.00,100 גרם,false,,10.70,0.0486,true,1,1577872
7290107875820,false,קרוטונים אפויים בתיב,אסם,,קרוטונים אפויים בתיב,גרמים,180.00,100 גרם,false,,9.30,0.0517,true,1,1577879
7290107909013,false,סיר מקושט 3ל אותנטי,,,סיר מקושט 3ל אותנטי,יח',1.00,יח',false,,11.00,11.0000,true,1,5301354
7290107930321,false,קונפיטורה דובדבן 340,יד מרדכי,IL,קונפיטורה דובדבן 340,גרמים,340.00,100 גרם,false,,9.30,0.0274,true,1,1575992
7290107931397,false,כיף כף פצפצים,עלית,TR,כיף כף פצפצים,גרמים,40.00,100 גרם,false,,4.00,0.1000,true,1,1576001
7290107932080,false,חלב בבקבוק 3% מועשר,יטבתה,,חלב בבקבוק 3% מועשר,ליטרים,1.00,ליטר,false,,6.20,6.2000,true,1,1590138
7290107932134,false,חלב בבקבוק 1% מועשר,יטבתה,,חלב בבקבוק 1% מועשר,ליטרים,1.00,ליטר,false,,6.20,6.2000,true,1,1590140
7290107933155,false,לקט סלנובה 200 ג,,,לקט סלנובה 200 ג,גרמים,200.00,100 גרם,false,,12.30,0.0615,true,1,1590142
7290107934473,false,יוגורט אקטיביה לבן 1,שטראוס,IL,יוגורט אקטיביה לבן 1,ליטרים,1.20,ליטר,false,,17.00,14.1667,true,1,1590155
7290107936309,false,דנונה יווני לבן 130,,,דנונה יווני לבן 130,גרמים,130.00,100 גרם,false,,2.70,0.0208,true,1,1979741
7290107936460,false,דנכול בטעם מעודן שמי,שטראוס,IL,דנכול בטעם מעודן שמי,גרמים,800.00,100 גרם,false,,24.70,0.0309,true,1,1590164
7290107936958,false,עד חצות אצבעות 125 ג,,,עד חצות אצבעות 125 ג,גרמים,125.00,100 גרם,false,,8.50,0.0680,true,1,3101772
7290107936965,false,עד חצות עיגולים 225,,,עד חצות עיגולים 225,גרמים,225.00,100 גרם,false,,10.20,0.0453,true,1,3101773
7290107937542,false,משקה אקטיביה תות 1.2,שטראוס,IL,משקה אקטיביה תות 1.2,מיליליטרים,265.00,"100 מ""ל",false,,4.10,0.0155,true,1,1590169
7290107937627,false,מאסט קוביות מסטיק ספ,עלית,,מאסט קוביות מסטיק ספ,גרמים,58.00,100 גרם,false,,8.50,0.1466,true,1,1941907
7290107937634,false,מאסט קוביות מסטיק פפ,עלית,,מאסט קוביות מסטיק פפ,גרמים,58.00,100 גרם,false,,8.50,0.1466,true,1,1941908
7290107937856,false,קפסולות למכונה עלית,,,קפסולות למכונה עלית,יח',1.00,יח',false,,13.60,13.6000,true,1,1819749
7290107938396,false,אקטימל שמינייה תות,שטראוס,IL,אקטימל שמינייה תות,גרמים,864.00,100 גרם,false,,17.00,0.0197,true,1,1590175
7290107939027,false,גזר דק דק 250 גרם שט,,,גזר דק דק 250 גרם שט,גרמים,250.00,100 גרם,false,,5.90,0.0236,true,1,1979764
7290107940467,false,אקטיביה 200גר 1.5%,שטראוס,IL,אקטיביה 200גר 1.5%,גרמים,200.00,100 גרם,false,,3.20,0.0160,true,1,1590181
7290107941259,false,עדשים ירוקים מבושלים,,,עדשים ירוקים מבושלים,גרמים,475.00,100 גרם,false,,9.30,0.0196,true,1,2034544
7290107941266,false,שעועית אדומה מבושלת,,,שעועית אדומה מבושלת,גרמים,475.00,100 גרם,false,,11.00,0.0232,true,1,2034527
7290107941273,false,חומוס מבושל 475 גר ש,,,חומוס מבושל 475 גר ש,גרמים,475.00,100 גרם,false,,9.30,0.0196,true,1,2034545
7290107943192,false,שמנת חמוצה מהערבה 27,,,שמנת חמוצה מהערבה 27,מיליליטרים,200.00,"100 מ""ל",false,,3.30,0.0165,true,1,3074311
7290107944243,false,וופל אפיפית 200ג ללא,,,וופל אפיפית 200ג ללא,גרמים,200.00,100 גרם,false,,6.80,0.0340,true,1,2964892
7290107944472,false,סימפוניה שום שמיר 5%,,,סימפוניה שום שמיר 5%,גרמים,200.00,100 גרם,false,,8.90,0.0445,true,1,2034573
7290107945165,false,קונפיטורת משמש 340 ג,,,קונפיטורת משמש 340 ג,גרמים,340.00,100 גרם,false,,9.30,0.0274,true,1,2345623
7290107950190,false,מעדן שטראוס דיאט שוק,שטראוס,,מעדן שטראוס דיאט שוק,גרמים,130.00,100 גרם,false,,2.70,0.0208,true,1,1979696
7290107950206,false,מעדן שטראוס דיאט שוק,שטראוס,,מעדן שטראוס דיאט שוק,גרמים,130.00,100 גרם,false,,2.70,0.0208,true,1,1979697
7290107951104,false,בפלות שוקולד 200 גר,,,בפלות שוקולד 200 גר,גרמים,200.00,100 גרם,false,,3.30,0.0165,true,1,2034649
7290107951715,false,מאסט צנצנת קוביות ענ,,,מאסט צנצנת קוביות ענ,גרמים,58.00,100 גרם,false,,8.50,0.1466,true,1,2345628
7290107953559,false,מארז קפה טורקי לדרך,שטראוס,IL,מארז קפה טורקי לדרך,גרמים,168.00,100 גרם,false,,14.40,0.0857,true,1,2138782
7290107954709,false,קונפיטורת פירות יער,,,קונפיטורת פירות יער,גרמים,340.00,100 גרם,false,,10.20,0.0300,true,1,2704869
7290107954976,false,משקה יטבתה פרו קפה 3,,,משקה יטבתה פרו קפה 3,מיליליטרים,350.00,"100 מ""ל",false,,5.60,0.0160,true,1,2758619
7290107956642,false,תרסיס שמן זית 150 מל,,,תרסיס שמן זית 150 מל,מיליליטרים,150.00,"100 מ""ל",false,,15.30,0.1020,true,1,3380039
7290107956895,false,קפסולות אספרסו טעם ק,,,קפסולות אספרסו טעם ק,100 יח',1.00,100 יח',false,,13.60,13.6000,true,1,3734136
7290107956901,false,קפסולות אספרסו בטעם,,,קפסולות אספרסו בטעם,יח',1.00,יח',false,,13.60,13.6000,true,1,3342890
7290107956925,false,קפסולות אוגנדה 13 50,,,קפסולות אוגנדה 13 50,יח',1.00,יח',false,,13.60,13.6000,true,1,4316610
7290107956932,false,קפסולות קפה אינדונזי,,,קפסולות קפה אינדונזי,יח',1.00,יח',false,,13.60,13.6000,true,1,3101778
7290107957069,false,צנצנת עלמה אוכמניות,,,צנצנת עלמה אוכמניות,גרמים,66.00,100 גרם,false,,8.50,0.1288,true,1,3101779
7290107957076,false,צנצנת עלמה ספירמינט,,,צנצנת עלמה ספירמינט,גרמים,66.00,100 גרם,false,,8.50,0.1288,true,1,3101780
7290107958035,false,מארז 8 דנונה מעודנת,,,מארז 8 דנונה מעודנת,קילוגרמים,1.20,"ק""ג",false,,15.30,12.7500,true,1,3226998
7290107971539,false,פרי חטיף בוטנים וקשי,אמקו סאם מילס ספול,CZ,פרי חטיף בוטנים וקשי,גרמים,140.00,100 גרם,false,,13.60,0.0971,true,1,1574940
7290107971744,false,קולגייט מי פה טוטל י,קולגייט,PL,קולגייט מי פה טוטל י,מיליליטרים,500.00,"100 מ""ל",false,,17.00,0.0340,true,1,1574950
7290107971751,false,קולגייט מי פה טוטל כ,קולגייט,PL,קולגייט מי פה טוטל כ,מיליליטרים,500.00,"100 מ""ל",false,,17.00,0.0340,true,1,1574951
7290107973014,false,פלמוליב סבון ידיים 3,,IT,פלמוליב סבון ידיים 3,מיליליטרים,300.00,"100 מ""ל",false,,9.30,0.0310,true,1,1574957
7290107973038,false,פלמוליב סבון ידיים 3,קולגייט,IT,פלמוליב סבון ידיים 3,מיליליטרים,300.00,"100 מ""ל",false,,9.30,0.0310,true,1,1574959
7290107973311,false,קולגייט מברשת 360 פח,קולגייט,CN,קולגייט מברשת 360 פח,יח',1.00,יח',false,,21.30,21.3000,true,1,1574961
7290107973861,false,מנה עגבניות קצוצות ד,,,מנה עגבניות קצוצות ד,קילוגרמים,1.20,"ק""ג",false,,13.60,11.3333,true,1,1659839
7290107974073,false,מאסטר שף עלי טורטיה,,TR,מאסטר שף עלי טורטיה,מיליליטרים,320.00,"100 מ""ל",false,,6.80,0.0212,true,1,1574965
7290107974080,false,מאסטר שף עלי טורטיה,,TR,מאסטר שף עלי טורטיה,גרמים,744.00,100 גרם,false,,13.60,0.0183,true,1,1574966
7290107974301,false,ליידי ספיד סטיק אלוו,,,ליידי ספיד סטיק אלוו,גרמים,65.00,100 גרם,false,,12.70,0.1954,true,1,2596145
7290107974646,false,מרידול מי פה נשימה ר,,,מרידול מי פה נשימה ר,מיליליטרים,400.00,"100 מ""ל",false,,28.10,0.0703,true,1,1819739
7290107974806,false,מאסטר שף אורז בסמטי,,,מאסטר שף אורז בסמטי,גרמים,1000.00,100 גרם,false,,8.50,0.0085,true,1,2183438
7290107974820,false,מאסטר שף מיונז מתובל,,,מאסטר שף מיונז מתובל,גרמים,252.00,100 גרם,false,,6.80,0.0270,true,1,1941983
7290107974837,false,מאסטר שף מיונז מתובל,,,מאסטר שף מיונז מתובל,גרמים,253.00,100 גרם,false,,6.80,0.0269,true,1,1941984
7290107975292,false,ליידי ספיד סטיק נערו,,,ליידי ספיד סטיק נערו,גרמים,65.00,100 גרם,false,,14.40,0.2215,true,1,2973668
7290107975346,false,ספיד סטיק כוח הטבע א,,,ספיד סטיק כוח הטבע א,גרמים,85.00,100 גרם,false,,13.60,0.1600,true,1,2692457
7290107975360,false,ליידי ספיד סטיק פיור,,,ליידי ספיד סטיק פיור,גרמים,65.00,100 גרם,false,,12.70,0.1954,true,1,2692439
7290107975544,false,קולגייט סמיילס ברבי,,,קולגייט סמיילס ברבי,מיליליטרים,50.00,"100 מ""ל",false,,10.20,0.2040,true,1,2669192
7290107976848,false,פלמוליב סבון מוצק קמ,,,פלמוליב סבון מוצק קמ,יח',1.00,יח',false,,14.40,14.4000,true,1,3138707
7290107976916,false,פלמוליב סבון ידיים 3,,,פלמוליב סבון ידיים 3,מיליליטרים,300.00,"100 מ""ל",false,,9.30,0.0310,true,1,2850270
7290107977456,false,פלמוליב לגבר ג'ל רחצ,,,פלמוליב לגבר ג'ל רחצ,מיליליטרים,750.00,"100 מ""ל",false,,17.00,0.0227,true,1,5040409
7290107977753,false,מרידול שיניים פרודונ,,,מרידול שיניים פרודונ,גרמים,75.00,100 גרם,false,,21.20,0.2827,true,1,3138708
7290107978132,false,קולגייט מברשת זיגזג,,,קולגייט מברשת זיגזג,יח',1.00,יח',false,,15.30,15.3000,true,1,4445553
7290107978637,false,מרידול משחת שיניים 7,,,מרידול משחת שיניים 7,מטרים,75.00,100 מ'ל,false,,15.30,0.2040,true,1,2468417
7290108078015,false,פלייסמט מיקי,,,פלייסמט מיקי,יח',1.00,יח',false,,6.80,6.8000,true,1,4914737
7290108200188,false,"וניש גולד ג'ל 940 מ""",,,"וניש גולד ג'ל 940 מ""",מיליליטרים,940.00,"100 מ""ל",false,,17.00,0.0181,true,1,1593249
7290108201284,false,אירוויק מקלות לבנדר,,,אירוויק מקלות לבנדר,יח',1.00,יח',false,,12.60,12.6000,true,1,2183558
7290108201437,false,אבקת קולון 101 2.5 ק,,,אבקת קולון 101 2.5 ק,קילוגרמים,2.50,"ק""ג",false,,21.30,8.5200,true,1,2372984
7290108201864,false,קולון קפסולות לכביסה,,,קולון קפסולות לכביסה,יח',1.00,יח',false,,21.30,21.3000,true,1,3164362
7290108225549,false,קסרול זהב 25 יחידות,,,קסרול זהב 25 יחידות,יח',1.00,יח',false,,4.70,4.7000,true,1,5248716
7290108270013,false,לפתניה זהב 25 יחידות,חגיגית,,לפתניה זהב 25 יחידות,יח',25.00,יח',false,,4.20,0.1680,true,1,1604370
7290108270143,false,קערית אובלי קטן כסף,חגיגית,,קערית אובלי קטן כסף,יח',1.00,יח',false,,4.70,4.7000,true,1,1604383
7290108270433,false,כוסות שתיה קרה רמי ל,חגיגית,,כוסות שתיה קרה רמי ל,יח',1.00,יח',false,,16.10,16.1000,true,1,1604412
7290108270686,false,קערה מרובעת בינונית,חגיגית,,קערה מרובעת בינונית,יח',1.00,יח',false,,5.90,5.9000,true,1,1604437
7290108270693,false,קערה מרובעת גדולה,חגיגית,,קערה מרובעת גדולה,יח',1.00,יח',false,,8.50,8.5000,true,1,1604438
7290108270723,false,קערה אובלית,חגיגית,,קערה אובלית,יח',1.00,יח',false,,6.80,6.8000,true,1,1604441
7290108270730,false,מגש מרובע,חגיגית,,מגש מרובע,יח',1.00,יח',false,,3.30,3.3000,true,1,1604442
7290108271171,false,מגשיות אלומיניום קטנ,חגיגית,,מגשיות אלומיניום קטנ,3 יח',1.00,3 יח',false,,5.90,5.9000,true,1,1604486
7290108271409,false,נייר סנדוויץ 100 יחי,חגיגית,,נייר סנדוויץ 100 יחי,יח',100.00,יח',false,,7.60,0.0760,true,1,1604507
7290108271416,false,שקיות אשפה 52/65 עם,רמי לוי,,שקיות אשפה 52/65 עם,יח',60.00,יח',false,,14.40,0.2400,true,1,1604508
7290108271423,false,שקיות אשפה 52/65 עם,רמי לוי,,שקיות אשפה 52/65 עם,יח',100.00,יח',false,,22.10,0.2210,true,1,1604509
7290108271447,false,שקית אשפה 90*75 גליל,רמי לוי,,שקית אשפה 90*75 גליל,יח',50.00,יח',false,,8.40,0.1680,true,1,1604511
7290108271454,false,שקיות מזון בקופסא רמ,רמי לוי,,שקיות מזון בקופסא רמ,יח',300.00,יח',false,,8.10,0.0270,true,1,1604512
7290108271461,false,שקיות רב שימושיות (ה,רמי לוי,,שקיות רב שימושיות (ה,יח',200.00,יח',false,,6.80,0.0340,true,1,1604513
7290108271478,false,שקיות גופייה 50/70 ר,איכותית,IL,שקיות גופייה 50/70 ר,יח',40.00,יח',false,,11.80,0.2950,true,1,1604514
7290108271577,false,כוסות עם מכסה רמי לו,רמי לוי,,כוסות עם מכסה רמי לו,יח',30.00,יח',false,,13.60,0.4533,true,1,1604519
7290108271607,false,רדיד אלומיניום זוגות,רמי לוי,,רדיד אלומיניום זוגות,אורך,7.50,אורך,false,,9.30,1.2400,true,1,1604520
7290108271669,false,צמרוני עץ רמי לוי 30,רמי לוי,,צמרוני עץ רמי לוי 30,יח',300.00,יח',false,,3.00,0.0100,true,1,1604524
7290108271676,false,צמרוני עץ רמי לוי 40,רמי לוי,,צמרוני עץ רמי לוי 40,יח',400.00,יח',false,,3.80,0.0095,true,1,1604525
7290108271812,false,קופסאת אחסון 2 ליטר,חגיגית,,קופסאת אחסון 2 ליטר,ליטרים,2.00,ליטר,false,,7.60,3.8000,true,1,1604535
7290108271829,false,קופסאות אחסון 1 ליטר,חגיגית,,קופסאות אחסון 1 ליטר,5 יח',1.00,5 יח',false,,7.60,7.6000,true,1,1604536
7290108271928,false,מפות 1/8 עבה במיוחד,חגיגית,,מפות 1/8 עבה במיוחד,8 יח',1.00,8 יח',false,,8.40,8.4000,true,1,1604546
7290108271942,false,גליל ניילון עבה וחזק,רמי לוי,,גליל ניילון עבה וחזק,אורך,45.00,אורך,false,,25.50,0.5667,true,1,1604548
7290108271959,false,גליל ניילון שולחן עב,חגיגית,,גליל ניילון שולחן עב,אורך,45.00,אורך,false,,17.00,0.3778,true,1,1604549
7290108271966,false,גליל ניילון רמי לוי,רמי לוי,,גליל ניילון רמי לוי,אורך,100.00,אורך,false,,29.80,0.2980,true,1,1604550
7290108271980,false,כוסיות חד פעמי קטנים,חגיגית,,כוסיות חד פעמי קטנים,יח',50.00,יח',false,,4.20,0.0840,true,1,1604552
7290108272000,false,כוסות שתיה קרה 100 י,חגיגית,,כוסות שתיה קרה 100 י,יח',100.00,יח',false,,5.00,0.0500,true,1,1604554
7290108272130,false,נייר סנדויץ 25*35 רמ,רמי לוי,,נייר סנדויץ 25*35 רמ,יח',100.00,יח',false,,6.80,0.0680,true,1,1604564
7290108272147,false,לפתניה לבן 25 יחידות,חגיגית,,לפתניה לבן 25 יחידות,יח',25.00,יח',false,,3.30,0.1320,true,1,1604565
7290108272161,false,קערית אובלית קטן רמי,רמי לוי,,קערית אובלית קטן רמי,יח',25.00,יח',false,,4.20,0.1680,true,1,1604567
7290108272185,false,צלחת בינוני רמי לוי,רמי לוי,,צלחת בינוני רמי לוי,יח',50.00,יח',false,,10.20,0.2040,true,1,1604569
7290108272321,false,מפות איכותיות,ב.ה. דבליו,,מפות איכותיות,8 יח',1.00,8 יח',false,,5.80,5.8000,true,1,1604583
7290108272338,false,מפות עבות ואיכותיות,ב.ה. דבליו,,מפות עבות ואיכותיות,יח',10.00,יח',false,,9.30,0.9300,true,1,1604584
7290108272376,false,צלחות אובליות קרם רמ,חגיגית,,צלחות אובליות קרם רמ,יח',1.00,יח',false,,4.70,4.7000,true,1,1604588
7290108272482,false,מנגטים צבעונים מס 3,,,מנגטים צבעונים מס 3,יח',1.00,יח',false,,3.80,3.8000,true,1,1604598
7290108272499,false,מנגטים צבעונים 4,,,מנגטים צבעונים 4,יח',4.00,יח',false,,3.80,0.9500,true,1,1604599
7290108272659,false,שקיות מזון רמי לוי 2,,,שקיות מזון רמי לוי 2,200 יח',1.00,200 יח',false,,3.00,3.0000,true,1,1648782
7290108272673,false,שקיות קרח,,,שקיות קרח,יח',1.00,יח',false,,2.50,2.5000,true,1,1795711
7290108272802,false,מיכל 4.5 ליטר,רמי לוי,,מיכל 4.5 ליטר,יח',1.00,יח',false,,7.60,7.6000,true,1,2024638
7290108272819,false,מגשיות אלומניום קטנו,,,מגשיות אלומניום קטנו,יח',1.00,יח',false,,8.50,8.5000,true,1,2166040
7290108272918,false,"סבון ידיים 3*500 מ""ל",,,"סבון ידיים 3*500 מ""ל",ליטרים,1.50,ליטר,false,,9.80,6.5333,true,1,3038952
7290108272925,false,"סבון ידיים 3*500 מ""ל",,,"סבון ידיים 3*500 מ""ל",ליטרים,1.50,ליטר,false,,9.80,6.5333,true,1,3038953
7290108272956,false,מגש עגול מעוטר,,,מגש עגול מעוטר,יח',1.00,יח',false,,4.20,4.2000,true,1,3051190
7290108273106,false,צלחת קטנה איכותית כס,רמי לוי,,צלחת קטנה איכותית כס,יח',25.00,יח',false,,5.00,0.2000,true,1,1604613
7290108273175,false,צלחת בינונית איכותית,רמי לוי,,צלחת בינונית איכותית,יח',25.00,יח',false,,10.20,0.4080,true,1,1604616
7290108273410,false,ניילון נצמד זוגות 2*,רמי לוי,,ניילון נצמד זוגות 2*,אורך,30.00,אורך,false,,6.40,0.2133,true,1,1604632
7290108273427,false,ניילון נצמד 150 מטר,רמי לוי,,ניילון נצמד 150 מטר,יח',1.00,יח',false,,13.60,13.6000,true,1,1604633
7290108273434,false,שקיות צלייה 28/35 רמ,רמי לוי,,שקיות צלייה 28/35 רמ,יח',10.00,יח',false,,2.40,0.2400,true,1,1604634
7290108273441,false,שקיות צליה 35/50 רמי,רמי לוי,,שקיות צליה 35/50 רמי,יח',5.00,יח',false,,2.40,0.4800,true,1,1604635
7290108273595,false,קשים רמי לוי 40 יח,רמי לוי,,קשים רמי לוי 40 יח,יח',40.00,יח',false,,1.60,0.0400,true,1,1604644
7290108273601,false,קשים צבעוניים רמי לו,רמי לוי,,קשים צבעוניים רמי לו,יח',225.00,יח',false,,8.50,0.0378,true,1,1604645
7290108273618,false,קיסמי שניים מארז מלח,רמי לוי,,קיסמי שניים מארז מלח,יח',1.00,יח',false,,2.10,2.1000,true,1,1604646
7290108273625,false,קיסמי שיניים מרובע ר,רמי לוי,,קיסמי שיניים מרובע ר,יח',500.00,יח',false,,2.50,0.0050,true,1,1604647
7290108273632,false,שיפודי עץ רמי לוי 10,רמי לוי,,שיפודי עץ רמי לוי 10,יח',100.00,יח',false,,2.50,0.0250,true,1,1604648
7290108273649,false,שיפודי עץ עבים רמי ל,רמי לוי,,שיפודי עץ עבים רמי ל,יח',75.00,יח',false,,2.40,0.0320,true,1,1604649
7290108273656,false,תבניות אלומניום צרות,רמי לוי,,תבניות אלומניום צרות,יח',5.00,יח',false,,5.90,1.1800,true,1,1604650
7290108273663,false,תבניות אלומניום גדול,רמי לוי,,תבניות אלומניום גדול,יח',5.00,יח',false,,5.80,1.1600,true,1,1604651
7290108273670,false,תבניות אלומניום ענקי,רמי לוי,,תבניות אלומניום ענקי,יח',3.00,יח',false,,6.80,2.2667,true,1,1604653
7290108273687,false,תבנית אלומניום עגולה,רמי לוי,,תבנית אלומניום עגולה,יח',5.00,יח',false,,5.00,1.0000,true,1,1604654
7290108273694,false,תבנית אינגליש קייק ר,רמי לוי,,תבנית אינגליש קייק ר,יח',10.00,יח',false,,5.90,0.5900,true,1,1604655
7290108273717,false,תבניות אלמיניום עמוק,חגיגית,,תבניות אלמיניום עמוק,יח',1.00,יח',false,,11.00,11.0000,true,1,1604657
7290108273748,false,תבנית חלה גדולה 4 יח,חגיגית,,תבנית חלה גדולה 4 יח,יח',1.00,יח',false,,8.50,8.5000,true,1,1604660
7290108273755,false,כפפות לטקס S רמי לוי,רמי לוי,,כפפות לטקס S רמי לוי,100 יח',1.00,100 יח',false,,17.00,17.0000,true,1,1604661
7290108273762,false,כפפות לטקס M רמי לוי,רמי לוי,,כפפות לטקס M רמי לוי,100 יח',1.00,100 יח',false,,17.00,17.0000,true,1,1604662
7290108273779,false,כפפות לטקס L רמי לוי,רמי לוי,,כפפות לטקס L רמי לוי,100 יח',1.00,100 יח',false,,17.00,17.0000,true,1,1604663
7290108273786,false,כפפות לטקס XL רמי לו,רמי לוי,,כפפות לטקס XL רמי לו,100 יח',1.00,100 יח',false,,17.00,17.0000,true,1,1604664
7290108273809,false,כפפות ניטריל כחולות,רמי לוי,,כפפות ניטריל כחולות,יח',1.00,יח',false,,18.70,18.7000,true,1,1604666
7290108273816,false,כפפות ניטריל כחולות,רמי לוי,,כפפות ניטריל כחולות,יח',1.00,יח',false,,18.70,18.7000,true,1,1604667
7290108273823,false,כפפות ניטריל כחולות,רמי לוי,,כפפות ניטריל כחולות,יח',1.00,יח',false,,18.70,18.7000,true,1,1604668
7290108273915,false,פלסטר ילדים 50 יח רמ,רמי לוי,,פלסטר ילדים 50 יח רמ,יח',50.00,יח',false,,5.00,0.1000,true,1,1604674
7290108274042,false,מגש 4 תאים,,,מגש 4 תאים,יח',1.00,יח',false,,5.90,5.9000,true,1,1604686
7290108274059,false,מגשיות אלומניום קטנו,,,מגשיות אלומניום קטנו,יח',1.00,יח',false,,5.90,5.9000,true,1,1604687
7290108274127,false,שקיות גדולות 100 יח,,,שקיות גדולות 100 יח,יח',1.00,יח',false,,14.40,14.4000,true,1,1604690
7290108274370,false,רדיד אלומניום,,,רדיד אלומניום,יח',1.00,יח',false,,19.50,19.5000,true,1,4483208
7290108274608,false,לפתניה 25 יח לבן,,,לפתניה 25 יח לבן,יח',1.00,יח',false,,3.80,3.8000,true,1,4380100
7290108274776,false,צלחת 10' צבעוני זהב,,,צלחת 10' צבעוני זהב,יח',1.00,יח',false,,13.60,13.6000,true,1,4380102
7290108275087,false,כפפות משק מידה 8,,,כפפות משק מידה 8,יח',1.00,יח',false,,6.80,6.8000,true,1,1895321
7290108275100,false,כפפות משק מידה S,,,כפפות משק מידה S,יח',1.00,יח',false,,4.20,4.2000,true,1,1895323
7290108275117,false,כפפות משק מידה M,,,כפפות משק מידה M,יח',1.00,יח',false,,4.20,4.2000,true,1,1895324
7290108275254,false,קינוחיות 24 גביעי קר,חגיגית,,קינוחיות 24 גביעי קר,יח',1.00,יח',false,,12.70,12.7000,true,1,1990183
7290108275261,false,קינוחיות 24 גביעי מל,חגיגית,,קינוחיות 24 גביעי מל,יח',1.00,יח',false,,13.60,13.6000,true,1,1990184
7290108275308,false,נישנושים 6 מגשיות מח,חגיגית,,נישנושים 6 מגשיות מח,יח',1.00,יח',false,,12.70,12.7000,true,1,1990188
7290108275315,false,נשנושים 6 מגשיות מחו,חגיגית,,נשנושים 6 מגשיות מחו,יח',6.00,יח',false,,11.00,1.8333,true,1,1990189
7290108275407,false,כוס שתייה קרה 100 יח,,,כוס שתייה קרה 100 יח,יח',100.00,יח',false,,5.00,0.0500,true,1,2431780
7290108275537,false,סכין לבן 100 יח,,,סכין לבן 100 יח,יח',100.00,יח',false,,5.90,0.0590,true,1,2930000
7290108275544,false,מזלג 100 יח לבן,,,מזלג 100 יח לבן,יח',1.00,יח',false,,6.80,6.8000,true,1,2930001
7290108275551,false,כף לבנה 100 יחידות,,,כף לבנה 100 יחידות,יח',100.00,יח',false,,6.80,0.0680,true,1,2891503
7290108275568,false,כפית לבן 100 יחידות,,,כפית לבן 100 יחידות,יח',100.00,יח',false,,5.90,0.0590,true,1,2929985
7290108275704,false,ניילון נצמד 45/150,,,ניילון נצמד 45/150,אורך,150.00,אורך,false,,21.30,0.1420,true,1,2719272
7290108275759,false,צלחת טוסקנה שקוף 7',,,צלחת טוסקנה שקוף 7',יח',1.00,יח',false,,9.30,9.3000,true,1,3417026
7290108276343,false,מטליות רצפה זיגזג רמ,,,מטליות רצפה זיגזג רמ,יח',1.00,יח',false,,5.90,5.9000,true,1,3279882
7290108276602,false,שלישיית שקיות אוכל*1,,,שלישיית שקיות אוכל*1,יח',1.00,יח',false,,7.60,7.6000,true,1,3409321
7290108277135,false,אובלי קטן 10 יח,,,אובלי קטן 10 יח,יח',1.00,יח',false,,7.60,7.6000,true,1,3790237
7290108277173,false,קעריות גדולות 3 יחיד,,,קעריות גדולות 3 יחיד,יח',3.00,יח',false,,7.60,2.5333,true,1,3790241
7290108277234,false,100יח קשים לשתיה רמי,,,100יח קשים לשתיה רמי,יח',100.00,יח',false,,6.80,0.0680,true,1,4143516
7290108277258,false,אקולוגית צלחת 7' (25,,,אקולוגית צלחת 7' (25,יח',1.00,יח',false,,7.60,7.6000,true,1,4727963
7290108277555,false,שקיות אשפה 90*75 רמי,,,שקיות אשפה 90*75 רמי,קילו,100.00,קילו,false,,16.20,0.1620,true,1,3977814
7290108277579,false,שקיות אשפה 50*50 רמי,,,שקיות אשפה 50*50 רמי,קילו,100.00,קילו,false,,8.50,0.0850,true,1,3982179
7290108277746,false,שקיות זיפר 28*26,,,שקיות זיפר 28*26,יח',1.00,יח',false,,7.60,7.6000,true,1,4379988
7290108277975,false,מפות גליל לבן 16 מטר,,,מפות גליל לבן 16 מטר,יח',1.00,יח',false,,28.10,28.1000,true,1,4325024
7290108277982,false,מפות גליל קרם 16 מטר,,,מפות גליל קרם 16 מטר,קילו,100.00,קילו,false,,28.10,0.2810,true,1,4325025
7290108278095,false,כסף אובלי,,,כסף אובלי,יח',1.00,יח',false,,11.00,11.0000,true,1,4794906
7290108278156,false,צלחת 25 יחידות,,,צלחת 25 יחידות,יח',1.00,יח',false,,13.60,13.6000,true,1,4794932
7290108278194,false,קערת סלט 10 יחידות,,,קערת סלט 10 יחידות,יח',1.00,יח',false,,6.80,6.8000,true,1,4794935
7290108278262,false,קערת קרם אובלי,,,קערת קרם אובלי,יח',1.00,יח',false,,17.00,17.0000,true,1,4568943
7290108278286,false,צלחות 7 25 יחידות,,,צלחות 7 25 יחידות,יח',1.00,יח',false,,5.00,5.0000,true,1,5318166
7290108278323,false,צלחת לבן אובלי אובלי,,,צלחת לבן אובלי אובלי,יח',100.00,יח',false,,17.00,0.1700,true,1,4450181
7290108278378,false,צלחת קרם 50 יחידות,,,צלחת קרם 50 יחידות,יח',1.00,יח',false,,11.00,11.0000,true,1,5272926
7290108278583,false,קערה עמוקה,,,קערה עמוקה,יח',1.00,יח',false,,5.90,5.9000,true,1,4330128
7290108278590,false,קערה עמוקה,,,קערה עמוקה,קילו,100.00,קילו,false,,7.60,0.0760,true,1,4330129
7290108278606,false,זוגרדיד אלומניום רמי,,,זוגרדיד אלומניום רמי,קילו,100.00,קילו,false,,10.10,0.1010,true,1,4550801
7290108278637,false,כוסות בירה 330 מל,,,כוסות בירה 330 מל,יח',1.00,יח',false,,8.50,8.5000,true,1,4668120
7290108350128,false,סנו סושי 40 שקיות אש,,,סנו סושי 40 שקיות אש,יח',40.00,יח',false,,19.60,0.4900,true,1,1580520
7290108350142,false,סנו סושי שקיות רב שי,סנו סושי,,סנו סושי שקיות רב שי,יח',270.00,יח',false,,10.20,0.0378,true,1,1580522
7290108350203,false,סושי כריות קרצוף עם,,IT,סושי כריות קרצוף עם,יח',6.00,יח',false,,8.10,1.3500,true,1,1580527
7290108350210,false,סושי שקיות חזקות 65*,,,סושי שקיות חזקות 65*,יח',30.00,יח',false,,19.60,0.6533,true,1,1580528
7290108350531,false,נוזל כלים סנו ספארק,סנו ספארק,,נוזל כלים סנו ספארק,יח',1.00,יח',false,,8.50,8.5000,true,1,1566633
7290108350548,false,נוזל כלים סנו ספארק,סנו ספארק,,נוזל כלים סנו ספארק,יח',1.00,יח',false,,8.50,8.5000,true,1,1566634
7290108350555,false,נוזל כלים סנו ספארק,סנו ספארק,,נוזל כלים סנו ספארק,ליטרים,1.00,ליטר,false,,8.50,8.5000,true,1,1580531
7290108350586,false,ספארק נוזל לכלים בני,סנו ספארק,,ספארק נוזל לכלים בני,ליטרים,1.50,ליטר,false,,11.90,7.9333,true,1,1580532
7290108350616,false,מקסימה מרכך כביסה מר,סנו,,מקסימה מרכך כביסה מר,ליטרים,1.00,ליטר,false,,14.90,14.9000,true,1,1580533
7290108350623,false,מקסימה מרכך כביסה מר,סנו,,מקסימה מרכך כביסה מר,ליטרים,1.00,ליטר,false,,15.00,15.0000,true,1,1580534
7290108350647,false,כיף פיות קרם להתרת ק,סנו,IL,כיף פיות קרם להתרת ק,מיליליטרים,350.00,"100 מ""ל",false,,14.40,0.0411,true,1,1580536
7290108350685,false,סנו ספארק מנקה למדיח,,,סנו ספארק מנקה למדיח,מיליליטרים,250.00,"100 מ""ל",false,,11.00,0.0440,true,1,3480069
7290108350722,false,משחת שיניים ילדים בו,,,משחת שיניים ילדים בו,יח',1.00,יח',false,,6.80,6.8000,true,1,5289856
7290108350739,false,אורביטול קידס 70 גר,,,אורביטול קידס 70 גר,גרמים,70.00,גרם,false,,6.80,0.0971,true,1,4431180
7290108351118,false,"קוטל מעופפים 750 מ""ל",סנו,,"קוטל מעופפים 750 מ""ל",מיליליטרים,750.00,"100 מ""ל",false,,25.60,0.0341,true,1,2173448
7290108351149,false,סנו ג'ט פלוס לניקוי,,,סנו ג'ט פלוס לניקוי,ליטרים,1.50,ליטר,false,,10.20,6.8000,true,1,2215464
7290108351156,false,סנו ג'ט פלוס לניקוי,,,סנו ג'ט פלוס לניקוי,מיליליטרים,750.00,"100 מ""ל",false,,10.20,0.0136,true,1,2215465
7290108351507,false,מרכך מקסימה 4 לי,סנו,,מרכך מקסימה 4 לי,ליטרים,4.00,ליטר,false,,18.40,4.6000,true,1,2101228
7290108351538,false,מבשם לבית - בריח מרכ,,,מבשם לבית - בריח מרכ,מיליליטרים,200.00,"100 מ""ל",false,,9.30,0.0465,true,1,3934788
7290108351545,false,מבשם לבית - בניחוח מ,,,מבשם לבית - בניחוח מ,מיליליטרים,200.00,"100 מ""ל",false,,9.30,0.0465,true,1,4022217
7290108351552,false,מתז לניקוי כללי ג'ט+,,,מתז לניקוי כללי ג'ט+,מיליליטרים,750.00,"100 מ""ל",false,,10.20,0.0136,true,1,3279781
7290108351590,false,מבשם אויר סנו פרש הו,,,מבשם אויר סנו פרש הו,מיליליטרים,350.00,"100 מ""ל",false,,8.50,0.0243,true,1,2727923
7290108351606,false,מבשם אויר סנו פרש הו,,,מבשם אויר סנו פרש הו,מיליליטרים,350.00,"100 מ""ל",false,,8.50,0.0243,true,1,2727924
7290108351637,false,סנו מקסימה חכמה 5קג,,,סנו מקסימה חכמה 5קג,קילוגרמים,5.00,"ק""ג",false,,42.60,8.5200,true,1,2964801
7290108351699,false,מארז שלישייה מגבונים,,,מארז שלישייה מגבונים,יח',50.00,יח',false,,17.00,0.3400,true,1,4173666
7290108351712,false,סנו פניני בישום לכבי,,,סנו פניני בישום לכבי,יח',1.00,יח',false,,17.00,17.0000,true,1,4970316
7290108351767,false,מכשיר אוטומטי לבישום,,,מכשיר אוטומטי לבישום,יח',1.00,יח',false,,38.40,38.4000,true,1,4301934
7290108351781,false,סנו ג'ט+ניקוי אסלות,,,סנו ג'ט+ניקוי אסלות,מיליליטרים,750.00,"100 מ""ל",false,,7.60,0.0101,true,1,4394888
7290108351804,false,מקסימה מרכך סופר מרו,,,מקסימה מרכך סופר מרו,מטרים,1000.00,100 מ'ל,false,,14.90,0.0149,true,1,4914825
7290108351811,false,מקסימה מרכךסופר מרוכ,,,מקסימה מרכךסופר מרוכ,מטרים,1000.00,100 מ'ל,false,,14.90,0.0149,true,1,4914826
7290108351835,false,מקסימה מרכך כביסה סנ,,,מקסימה מרכך כביסה סנ,ליטרים,4.00,ליטר,false,,18.40,4.6000,true,1,5064538
7290108351842,false,מקסימה בושם מרוכז מר,,,מקסימה בושם מרוכז מר,מיליליטרים,600.00,"100 מ""ל",false,,17.00,0.0283,true,1,4478555
7290108351866,false,מקסימה בושם מרוכז לכ,,,מקסימה בושם מרוכז לכ,מיליליטרים,600.00,"100 מ""ל",false,,17.00,0.0283,true,1,4478557
7290108351927,false,סנו ספארק 70 טבליות,,,סנו ספארק 70 טבליות,קילוגרמים,1.40,"ק""ג",false,,34.10,24.3571,true,1,4508209
7290108351989,false,מבשם אויר הום יבש בו,,,מבשם אויר הום יבש בו,יח',1.00,יח',false,,10.20,10.2000,true,1,5064493
7290108351996,false,מתז בייבי לחיטי וניק,,,מתז בייבי לחיטי וניק,מיליליטרים,750.00,"100 מ""ל",false,,10.20,0.0136,true,1,4747800
7290108352009,false,טבליות גל סנו ספארק,,,טבליות גל סנו ספארק,יח',1.00,יח',false,,34.10,34.1000,true,1,5242105
7290108352047,false,מברשת שיניים לחניכיי,,,מברשת שיניים לחניכיי,יח',1.00,יח',false,,16.20,16.2000,true,1,5357573
7290108352054,false,מברשת שיניים סיבים ד,,,מברשת שיניים סיבים ד,יח',1.00,יח',false,,16.20,16.2000,true,1,5357574
7290108352061,false,אורביטול משחת שיניים,,,אורביטול משחת שיניים,מטרים,145.00,100 מ'ל,false,,12.70,0.0876,true,1,5399621
7290108352078,false,אורביטול מי פה מלח 5,,,אורביטול מי פה מלח 5,מיליליטרים,500.00,"100 מ""ל",false,,17.00,0.0340,true,1,5260187
7290108352092,false,אורביטול מ. שיניים ר,,,אורביטול מ. שיניים ר,גרמים,145.00,100 גרם,false,,11.90,0.0821,true,1,5260190
7290108352146,false,סנובון נוזלי סנסוריי,,,סנובון נוזלי סנסוריי,יח',1.00,יח',false,,7.60,7.6000,true,1,5244670
7290108352252,false,סנו ספארק נוזל לכלים,,,סנו ספארק נוזל לכלים,ליטרים,1.00,ליטר,false,,8.50,8.5000,true,1,5260166
7290108352290,false,סנו שלישיית מטליות ל,,,סנו שלישיית מטליות ל,יח',1.00,יח',false,,17.00,17.0000,true,1,5238522
7290108352320,false,מבשם אויר סנו פרש הו,,,מבשם אויר סנו פרש הו,מיליליטרים,350.00,"100 מ""ל",false,,8.50,0.0243,true,1,5248453
7290108352337,false,סנו פרש אוטומטיק,,,סנו פרש אוטומטיק,יח',1.00,יח',false,,11.00,11.0000,true,1,5247604
7290108352368,false,תוסף לחיטוי כביסה 3ל,,,תוסף לחיטוי כביסה 3ל,יח',1.00,יח',false,,25.60,25.6000,true,1,5313172
7290108352399,false,ריצפז פרש הום בניחוח,,,ריצפז פרש הום בניחוח,מטרים,2000.00,100 מ'ל,false,,16.90,0.0084,true,1,5337211
7290108352412,false,מטהר אוויר ארומטי,,,מטהר אוויר ארומטי,יח',1.00,יח',false,,10.20,10.2000,true,1,5265248
7290108352429,false,מטהר אוויר ארומטי,,,מטהר אוויר ארומטי,יח',1.00,יח',false,,10.20,10.2000,true,1,5265249
7290108352436,false,סנובון מוצק לניקוי א,,,סנובון מוצק לניקוי א,יח',3.00,יח',false,,12.70,4.2333,true,1,5271564
7290108352443,false,סנובון מוצק לניקוי א,,,סנובון מוצק לניקוי א,יח',3.00,יח',false,,12.70,4.2333,true,1,5271565
7290108352450,false,ריצפז פרש הום 2 לי,,,ריצפז פרש הום 2 לי,ליטרים,2.00,ליטר,false,,16.90,8.4500,true,1,5281805
7290108352474,false,סנומוד מטהר אוויר לי,,,סנומוד מטהר אוויר לי,מיליליטרים,150.00,"100 מ""ל",false,,8.50,0.0567,true,1,5291401
7290108352498,false,סנו פרש מכשיר אוטומט,,,סנו פרש מכשיר אוטומט,יח',1.00,יח',false,,34.10,34.1000,true,1,5316886
7290108352528,false,99.9 מתז לניקוי וחיט,,,99.9 מתז לניקוי וחיט,מיליליטרים,750.00,"100 מ""ל",false,,10.20,0.0136,true,1,5304843
7290108352535,false,מקסימה דפי בישום לחי,,,מקסימה דפי בישום לחי,יח',1.00,יח',false,,11.00,11.0000,true,1,5326941
7290108352566,false,מקסימה מרכך כביסה 4,,,מקסימה מרכך כביסה 4,מטרים,4000.00,100 מ'ל,false,,18.70,0.0047,true,1,5330248
7290108352573,false,מקסימה מרכך כביסה 4,,,מקסימה מרכך כביסה 4,מטרים,4000.00,100 מ'ל,false,,18.40,0.0046,true,1,5375131
7290108352634,false,נייר טואלט חתוך עשיר,,,נייר טואלט חתוך עשיר,10 יח',100.00,10 יח',false,,12.70,0.1270,true,1,2640446
7290108352641,false,מטלית הפלא סנו סושי,,,מטלית הפלא סנו סושי,יח',3.00,יח',false,,12.70,4.2333,true,1,2824231
7290108352689,false,סושי כריות קרצוף ללכ,,IT,סושי כריות קרצוף ללכ,יח',9.00,יח',false,,8.10,0.9000,true,1,1580549
7290108352696,false,סנו סושי- ניילון נצמ,,,סנו סושי- ניילון נצמ,אורך,100.00,אורך,false,,25.60,0.2560,true,1,4301895
7290108352788,false,סנו סושי שקיות זיפר,,,סנו סושי שקיות זיפר,יח',20.00,יח',false,,8.50,0.4250,true,1,4581518
7290108352801,false,סנו שקיות אשפה לפח ק,,,סנו שקיות אשפה לפח ק,יח',100.00,יח',false,,16.20,0.1620,true,1,3855314
7290108352818,false,סנו סושי מטלית במבוק,,,סנו סושי מטלית במבוק,יח',1.00,יח',false,,6.80,6.8000,true,1,4520572
7290108352825,false,סנו סושי - ספוג הפלא,,,סנו סושי - ספוג הפלא,יח',1.00,יח',false,,8.50,8.5000,true,1,4005992
7290108352849,false,מטלית הפלא סנו סושי,,,מטלית הפלא סנו סושי,יח',3.00,יח',false,,12.70,4.2333,true,1,5277773
7290108352863,false,סנו סושי שקיות צלייה,,,סנו סושי שקיות צלייה,יח',20.00,יח',false,,6.80,0.3400,true,1,4301897
7290108352870,false,סנו סושי שקיות צלייה,,,סנו סושי שקיות צלייה,יח',10.00,יח',false,,6.80,0.6800,true,1,4301898
7290108352955,false,סנו סושי 4 תבניות אי,,,סנו סושי 4 תבניות אי,יח',4.00,יח',false,,8.50,2.1250,true,1,4534245
7290108353006,false,סנו סושי - שקיות אוכ,,,סנו סושי - שקיות אוכ,יח',1.00,יח',false,,10.20,10.2000,true,1,4747801
7290108353013,false,סנו סושי 5 תבניות אפ,,,סנו סושי 5 תבניות אפ,יח',1.00,יח',false,,10.20,10.2000,true,1,4932737
7290108353020,false,סנו סושי 4 תבניות אפ,,,סנו סושי 4 תבניות אפ,יח',1.00,יח',false,,10.20,10.2000,true,1,4939096
7290108353037,false,סנו סושי 4 תבניות אפ,,,סנו סושי 4 תבניות אפ,יח',1.00,יח',false,,10.20,10.2000,true,1,4939097
7290108353068,false,כרית קרצוף עם סיבי נ,,,כרית קרצוף עם סיבי נ,יח',1.00,יח',false,,7.60,7.6000,true,1,4914827
7290108353075,false,סנו סושי- מפיות אירו,,,סנו סושי- מפיות אירו,יח',1.00,יח',false,,8.50,8.5000,true,1,4738704
7290108353334,false,כיף שמפו לשיער רגיל,,,כיף שמפו לשיער רגיל,מיליליטרים,700.00,"100 מ""ל",false,,8.50,0.0121,true,1,5064539
7290108353389,false,אורביטול מי פה ג'וני,,,אורביטול מי פה ג'וני,מטרים,250.00,100 מ'ל,false,,9.30,0.0372,true,1,5375132
7290108353426,false,צמד מברשות שיניים או,,,צמד מברשות שיניים או,יח',1.00,יח',false,,16.20,16.2000,true,1,5205070
7290108353440,false,אורביטול מברשות שיני,,,אורביטול מברשות שיני,יח',1.00,יח',false,,25.60,25.6000,true,1,5318591
7290108353471,false,סנובון מוצק דיזיין ב,,,סנובון מוצק דיזיין ב,יח',1.00,יח',false,,5.00,5.0000,true,1,4932739
7290108353488,false,סנובון מוצק דיזיין ב,,,סנובון מוצק דיזיין ב,יח',1.00,יח',false,,5.00,5.0000,true,1,4932740
7290108353501,false,סנו סושי 25שקיות אטו,,,סנו סושי 25שקיות אטו,יח',1.00,יח',false,,17.00,17.0000,true,1,5134273
7290108353518,false,סנו סושי - תבניות אל,,,סנו סושי - תבניות אל,יח',1.00,יח',false,,8.50,8.5000,true,1,5227861
7290108353525,false,סנו סושי - תבניות אל,,,סנו סושי - תבניות אל,יח',1.00,יח',false,,8.50,8.5000,true,1,5227862
7290108353532,false,סנו סושי שקיות 100 י,,,סנו סושי שקיות 100 י,יח',1.00,יח',false,,25.60,25.6000,true,1,5134304
7290108353549,false,סנו סושי נייר אפייה,,,סנו סושי נייר אפייה,יח',1.00,יח',false,,17.00,17.0000,true,1,5134274
7290108353648,false,סנו סושי שקיות אוכל,,,סנו סושי שקיות אוכל,יח',1.00,יח',false,,9.30,9.3000,true,1,5260192
7290108353655,false,סנו סופט מפיות צבעונ,,,סנו סופט מפיות צבעונ,יח',50.00,יח',false,,7.60,0.1520,true,1,5205071
7290108353716,false,קרמה תחליב חימר 500מ,,,קרמה תחליב חימר 500מ,מטרים,500.00,100 מ'ל,false,,11.00,0.0220,true,1,5359143
7290108353730,false,קרמה תחליב חימר 500מ,,,קרמה תחליב חימר 500מ,מטרים,500.00,100 מ'ל,false,,11.00,0.0220,true,1,5359145
7290108353761,false,קרמה תחליב ספא זן 60,,,קרמה תחליב ספא זן 60,מטרים,600.00,100 מ'ל,false,,15.30,0.0255,true,1,5392593
7290108353785,false,נקה 7 תחליב רחצה ניח,,,נקה 7 תחליב רחצה ניח,מיליליטרים,750.00,"100 מ""ל",false,,8.50,0.0113,true,1,5275891
7290108353792,false,נקה 7 תחליב רחצה פרי,,,נקה 7 תחליב רחצה פרי,מיליליטרים,750.00,"100 מ""ל",false,,8.50,0.0113,true,1,5269244
7290108353808,false,נקה 7 תחליב רחצה ניח,,,נקה 7 תחליב רחצה ניח,מיליליטרים,750.00,"100 מ""ל",false,,8.50,0.0113,true,1,5269245
7290108353815,false,קרמה תחליב ספא מדיטצ,,,קרמה תחליב ספא מדיטצ,מטרים,600.00,100 מ'ל,false,,15.30,0.0255,true,1,5392594
7290108353891,false,דאו רול און 75 מל,,,דאו רול און 75 מל,יח',1.00,יח',false,,10.20,10.2000,true,1,5265397
7290108353907,false,דאו רול און 75 מל,,,דאו רול און 75 מל,יח',1.00,יח',false,,10.20,10.2000,true,1,5265418
7290108354263,false,משחת שיניים ילדים חד,,,משחת שיניים ילדים חד,יח',1.00,יח',false,,6.80,6.8000,true,1,5289857
7290108354270,false,מקסימה מרכך כביסה מר,,,מקסימה מרכך כביסה מר,מטרים,1000.00,100 מ'ל,false,,15.00,0.0150,true,1,5330233
7290108354416,false,קרמה תחליב ספא יוגה,,,קרמה תחליב ספא יוגה,מטרים,600.00,100 מ'ל,false,,15.30,0.0255,true,1,5392595
7290108354591,false,נקה 7 תחליב רחצה 750,,,נקה 7 תחליב רחצה 750,מטרים,750.00,100 מ'ל,false,,8.50,0.0113,true,1,5385589
7290108354614,false,נקה 7 מרכך 750מל ביו,,,נקה 7 מרכך 750מל ביו,מטרים,750.00,100 מ'ל,false,,8.50,0.0113,true,1,5385591
7290108354713,false,קרמה תחליב רחצה קלאס,,,קרמה תחליב רחצה קלאס,מטרים,500.00,100 מ'ל,false,,11.00,0.0220,true,1,5332542
7290108354751,false,מתז לניקוי כללי ג'ט+,,,מתז לניקוי כללי ג'ט+,מיליליטרים,750.00,"100 מ""ל",false,,10.20,0.0136,true,1,4394890
7290108354829,false,קרם ידיים קרמה 100 מ,,,קרם ידיים קרמה 100 מ,מיליליטרים,100.00,"100 מ""ל",false,,8.50,0.0850,true,1,5282261
7290108354911,false,"קרמה מן 3ב1 500 מ""ל",,,"קרמה מן 3ב1 500 מ""ל",מיליליטרים,500.00,"100 מ""ל",false,,12.70,0.0254,true,1,5239806
7290108355000,false,שמפו מיניונים נקה 7,,IL,שמפו מיניונים נקה 7,מיליליטרים,750.00,"100 מ""ל",false,,8.50,0.0113,true,1,1580551
7290108355017,false,מרכך מיניונים נקה 7,,IL,מרכך מיניונים נקה 7,מיליליטרים,750.00,"100 מ""ל",false,,8.50,0.0113,true,1,1580552
7290108355024,false,מרכך+שמפו מיניונים נ,,IL,מרכך+שמפו מיניונים נ,מיליליטרים,750.00,"100 מ""ל",false,,8.50,0.0113,true,1,1580553
7290108355055,false,לחות לשיער מקצועית ע,,,לחות לשיער מקצועית ע,מיליליטרים,400.00,"100 מ""ל",false,,25.60,0.0640,true,1,2712235
7290108355079,false,לחות לשיער עם קוקוס,,,לחות לשיער עם קוקוס,מיליליטרים,400.00,"100 מ""ל",false,,25.60,0.0640,true,1,2712236
7290108355123,false,בייבי כיף קרם גוף לפ,,,בייבי כיף קרם גוף לפ,יח',1.00,יח',false,,17.00,17.0000,true,1,4534249
7290108355147,false,תחליב רחצה שמני הזנה,,,תחליב רחצה שמני הזנה,מיליליטרים,750.00,"100 מ""ל",false,,8.50,0.0113,true,1,3874133
7290108355161,false,מרכך שמני הזנה נקה 7,,,מרכך שמני הזנה נקה 7,מיליליטרים,750.00,"100 מ""ל",false,,8.50,0.0113,true,1,3874135
7290108355185,false,מסכה קרטין 350 מל,,,מסכה קרטין 350 מל,מיליליטרים,350.00,"100 מ""ל",false,,34.10,0.0974,true,1,3370181
7290108355208,false,שמפו קרטין 400 מל,,,שמפו קרטין 400 מל,מיליליטרים,400.00,"100 מ""ל",false,,25.60,0.0640,true,1,3370183
7290108355307,false,שמפו נקה 7 סירוק קל,,,שמפו נקה 7 סירוק קל,מיליליטרים,750.00,"100 מ""ל",false,,9.30,0.0124,true,1,4783838
7290108355314,false,מרכך נקה 7 סירוק קל,,,מרכך נקה 7 סירוק קל,מיליליטרים,750.00,"100 מ""ל",false,,9.30,0.0124,true,1,4783839
7290108355499,false,קרמה דיאודורנט סטיק,,,קרמה דיאודורנט סטיק,מטרים,70.00,100 מ'ל,false,,13.60,0.1943,true,1,5324555
7290108355765,false,קרמה דיאודורנט ספריי,,,קרמה דיאודורנט ספריי,מטרים,150.00,100 מ'ל,false,,10.20,0.0680,true,1,5323389
7290108355949,false,תחליב רחצה קרמה 700,,,תחליב רחצה קרמה 700,מיליליטרים,700.00,"100 מ""ל",false,,14.40,0.0206,true,1,5265401
7290108356014,false,כיף תחליב רחצה 700 מ,,,כיף תחליב רחצה 700 מ,מיליליטרים,700.00,"100 מ""ל",false,,8.50,0.0121,true,1,4805289
7290108356021,false,כיף תחליב רחצה 700 מ,,,כיף תחליב רחצה 700 מ,מיליליטרים,700.00,"100 מ""ל",false,,8.50,0.0121,true,1,4520500
7290108356045,false,כיף תחליב רחצה 700 מ,,,כיף תחליב רחצה 700 מ,מיליליטרים,700.00,"100 מ""ל",false,,8.50,0.0121,true,1,4520502
7290108356052,false,כיף תחליב רחצה 700 מ,,,כיף תחליב רחצה 700 מ,מיליליטרים,700.00,"100 מ""ל",false,,8.50,0.0121,true,1,4747576
7290108356083,false,כיף תחליב רחצה 700 מ,,,כיף תחליב רחצה 700 מ,מיליליטרים,700.00,"100 מ""ל",false,,8.50,0.0121,true,1,4747577
7290108356106,false,כייף תחליב רחצה שקד,,,כייף תחליב רחצה שקד,מיליליטרים,700.00,"100 מ""ל",false,,8.50,0.0121,true,1,4377614
7290108356113,false,כייף תחליב רחצה 700,,,כייף תחליב רחצה 700,מיליליטרים,700.00,"100 מ""ל",false,,8.50,0.0121,true,1,4377615
7290108356120,false,כייף תחליב רחצה קוקו,,,כייף תחליב רחצה קוקו,מיליליטרים,700.00,"100 מ""ל",false,,8.50,0.0121,true,1,4377616
7290108356137,false,כייף תחליב רחצה לבנד,,,כייף תחליב רחצה לבנד,מיליליטרים,700.00,"100 מ""ל",false,,8.50,0.0121,true,1,4377617
7290108356168,false,כייף תחליב רחצה אוקי,,,כייף תחליב רחצה אוקי,מיליליטרים,700.00,"100 מ""ל",false,,8.50,0.0121,true,1,4377619
7290108356229,false,ג'ל גילוח לעור עדין,,,ג'ל גילוח לעור עדין,מיליליטרים,200.00,"100 מ""ל",false,,9.30,0.0465,true,1,5271816
7290108356298,false,מוס רחצה בניחוח קרם,,,מוס רחצה בניחוח קרם,מטרים,150.00,100 מ'ל,false,,11.00,0.0733,true,1,5326943
7290108356526,false,קרליין שמפו 10לשיער,,,קרליין שמפו 10לשיער,מטרים,700.00,100 מ'ל,false,,9.30,0.0133,true,1,5346831
7290108356533,false,קרליין שמפו 10לשיער,,,קרליין שמפו 10לשיער,מטרים,700.00,100 מ'ל,false,,9.30,0.0133,true,1,5346832
7290108356564,false,קרליין מרכך 10לשיער,,,קרליין מרכך 10לשיער,מטרים,700.00,100 מ'ל,false,,9.30,0.0133,true,1,5346835
7290108356571,false,קרליין מרכך 10לשיער,,,קרליין מרכך 10לשיער,מטרים,700.00,100 מ'ל,false,,9.30,0.0133,true,1,5346836
7290108356588,false,קרליין מרכך 10לשיער,,,קרליין מרכך 10לשיער,מטרים,700.00,100 מ'ל,false,,9.30,0.0133,true,1,5346837
7290108356595,false,קרליין מרכך 10לשיער,,,קרליין מרכך 10לשיער,מטרים,700.00,100 מ'ל,false,,9.30,0.0133,true,1,5346838
7290108356809,false,כיף אל סבון בוטני 1ל,,,כיף אל סבון בוטני 1ל,מטרים,1000.00,100 מ'ל,false,,12.70,0.0127,true,1,5357580
7290108356816,false,כיף אל סבון בוטני 1ל,,,כיף אל סבון בוטני 1ל,מטרים,1000.00,100 מ'ל,false,,12.70,0.0127,true,1,5357581
7290108357004,false,כיף שמפו לשיער שמן ק,,,כיף שמפו לשיער שמן ק,מיליליטרים,700.00,"100 מ""ל",false,,8.50,0.0121,true,1,5167797
7290108357028,false,כייף תחליב רחצה שמן,,,כייף תחליב רחצה שמן,מיליליטרים,700.00,"100 מ""ל",false,,8.50,0.0121,true,1,5167799
7290108357042,false,קרליין דיאודורנט נוש,,,קרליין דיאודורנט נוש,מטרים,75.00,100 מ'ל,false,,10.20,0.1360,true,1,5357582
7290108357059,false,קרליין ביו רולאון נו,,,קרליין ביו רולאון נו,מטרים,75.00,100 מ'ל,false,,10.20,0.1360,true,1,5357583
7290108357073,false,קרליין ביו נושם ספרי,,,קרליין ביו נושם ספרי,מטרים,150.00,100 מ'ל,false,,10.20,0.0680,true,1,5357584
7290108357080,false,קרליין ביו נושם ספרי,,,קרליין ביו נושם ספרי,מטרים,150.00,100 מ'ל,false,,10.20,0.0680,true,1,5357585
7290108357097,false,קרליין ביו נושם ספרי,,,קרליין ביו נושם ספרי,מטרים,150.00,100 מ'ל,false,,10.20,0.0680,true,1,5357586
7290108357110,false,קרליין דיאודורנט ביו,,,קרליין דיאודורנט ביו,מטרים,75.00,100 מ'ל,false,,10.20,0.1360,true,1,5357587
7290108357189,false,מקסימה למייבש בניחוח,,,מקסימה למייבש בניחוח,מיליליטרים,750.00,"100 מ""ל",false,,13.90,0.0185,true,1,5185130
7290108357196,false,מתז לניקוי כללי ג'ט+,,,מתז לניקוי כללי ג'ט+,מיליליטרים,750.00,"100 מ""ל",false,,10.20,0.0136,true,1,5312291
7290108357202,false,סנוקליר בניחוח בלו ב,,,סנוקליר בניחוח בלו ב,ליטרים,1.00,ליטר,false,,8.50,8.5000,true,1,5292452
7290108357233,false,סנוקליר מטליות לחות,,,סנוקליר מטליות לחות,יח',1.00,יח',false,,10.20,10.2000,true,1,5357588
7290108357240,false,אוקסיג'ן אבקה להסרת,,,אוקסיג'ן אבקה להסרת,גרמים,1400.00,100 גרם,false,,24.70,0.0176,true,1,5347963
7290108357257,false,סנו פרש מכשיר+מילוי,,,סנו פרש מכשיר+מילוי,יח',1.00,יח',false,,38.40,38.4000,true,1,5385567
7290108357264,false,פרש אוטומטי מילוי או,,,פרש אוטומטי מילוי או,מטרים,375.00,100 מ'ל,false,,11.00,0.0293,true,1,5385568
7290108357288,false,אקונומיקה בריח פריחה,,,אקונומיקה בריח פריחה,ליטרים,4.00,10 ליטר,false,,14.40,3.6000,true,1,5355690
7290108357295,false,סנו אוקסיג'ן ספריי פ,,,סנו אוקסיג'ן ספריי פ,מיליליטרים,750.00,"100 מ""ל",false,,15.10,0.0201,true,1,5385592
7290108357301,false,קיי 300 קטן 300מל,,,קיי 300 קטן 300מל,מטרים,300.00,100 מ'ל,false,,8.50,0.0283,true,1,5371371
7290108357400,false,תחליב רחצה קרמה 700,,,תחליב רחצה קרמה 700,מיליליטרים,700.00,"100 מ""ל",false,,14.40,0.0206,true,1,5265402
7290108357509,false,קרם גוף קרמה וניל פל,,,קרם גוף קרמה וניל פל,מיליליטרים,500.00,"100 מ""ל",false,,18.70,0.0374,true,1,5292455
7290108357653,false,סנובון באבלס סנו 3 י,,,סנובון באבלס סנו 3 י,יח',3.00,יח',false,,12.70,4.2333,true,1,5417061
7290108357660,false,סנובון באבלס סנו 3 י,,,סנובון באבלס סנו 3 י,יח',3.00,יח',false,,12.70,4.2333,true,1,5417062
7290108357714,false,כיף שמפו לשיער יבש 7,,,כיף שמפו לשיער יבש 7,מיליליטרים,700.00,"100 מ""ל",false,,8.50,0.0121,true,1,4520506
7290108357745,false,כיף שמפו ומרכך 2+1 7,,,כיף שמפו ומרכך 2+1 7,מיליליטרים,700.00,"100 מ""ל",false,,8.50,0.0121,true,1,4520508
7290108357769,false,כיף מרכך לשיער רגיל,,,כיף מרכך לשיער רגיל,מיליליטרים,700.00,"100 מ""ל",false,,8.50,0.0121,true,1,4520510
7290108357837,false,כיף אל סבון שקית מיל,,,כיף אל סבון שקית מיל,מטרים,1000.00,100 מ'ל,false,,7.60,0.0076,true,1,5357589
7290108357844,false,כיף אל סבון שקית מיל,,,כיף אל סבון שקית מיל,מטרים,1000.00,100 מ'ל,false,,7.60,0.0076,true,1,5357590
7290108357851,false,כיף ג'ל רחצה מועשר ב,,,כיף ג'ל רחצה מועשר ב,מטרים,700.00,100 מ'ל,false,,8.50,0.0121,true,1,5337212
7290108357868,false,כיף ג'ל רחצה מועשר ב,,,כיף ג'ל רחצה מועשר ב,מטרים,700.00,100 מ'ל,false,,8.50,0.0121,true,1,5337213
7290108357875,false,כיף שמפו אפרסק וחמאת,,,כיף שמפו אפרסק וחמאת,מטרים,700.00,100 מ'ל,false,,8.50,0.0121,true,1,5357591
7290108358070,false,תחליב רחצה קרמה קלאס,,,תחליב רחצה קרמה קלאס,מיליליטרים,700.00,"100 מ""ל",false,,14.40,0.0206,true,1,5269251
7290108358094,false,קרמה תחליב רחצה שיאה,,,קרמה תחליב רחצה שיאה,מטרים,500.00,100 מ'ל,false,,11.00,0.0220,true,1,5332543
7290108358100,false,סנו פרש הום מקלות רי,,,סנו פרש הום מקלות רי,מטרים,100.00,100 מ'ל,false,,17.00,0.1700,true,1,5347964
7290108358117,false,סנו פרש הום מקלות רי,,,סנו פרש הום מקלות רי,מטרים,100.00,100 מ'ל,false,,17.00,0.1700,true,1,5347965
7290108358124,false,מקסימה דפי בישום לחי,,,מקסימה דפי בישום לחי,יח',1.00,יח',false,,11.00,11.0000,true,1,5413125
7290108359015,false,סושי שקיות זיפר עם ס,,,סושי שקיות זיפר עם ס,יח',1.00,יח',false,,12.70,12.7000,true,1,5337215
7290108359039,false,שקיות אשפה עם ידית 9,,,שקיות אשפה עם ידית 9,יח',30.00,יח',false,,17.00,0.5667,true,1,5304027
7290108359060,false,סנו כריות ניקוי לשבת,,,סנו כריות ניקוי לשבת,יח',1.00,יח',false,,8.50,8.5000,true,1,5324952
7290108359077,false,סופט ממחטות אף 3 שכב,,,סופט ממחטות אף 3 שכב,יח',1.00,יח',false,,11.00,11.0000,true,1,5344060
7290108359084,false,סושי כיסוי ניילון עם,,,סושי כיסוי ניילון עם,יחידה,0.00,יחידה,false,,7.60,0.0000,true,1,5418891
7290108359091,false,סושי כיסוי ניילון עם,,,סושי כיסוי ניילון עם,יחידה,0.00,יחידה,false,,7.60,0.0000,true,1,5418892
7290108359114,false,סושי חמגשית אלומיניו,,,סושי חמגשית אלומיניו,יח',10.00,יח',false,,8.50,0.8500,true,1,5359146
7290108359145,false,סושי דפי ספוג הפלא,,,סושי דפי ספוג הפלא,יחידה,0.00,יחידה,false,,8.50,0.0000,true,1,5418612
7290108359152,false,סושי תבניות עגולות ק,,,סושי תבניות עגולות ק,יח',6.00,יח',false,,8.50,1.4167,true,1,5401645
7290108359169,false,סושי תבניות עגולות ק,,,סושי תבניות עגולות ק,יח',6.00,יח',false,,8.50,1.4167,true,1,5401646
7290108359824,false,קרם גוף בייבי כיף 50,,,קרם גוף בייבי כיף 50,מיליליטרים,750.00,"100 מ""ל",false,,17.00,0.0227,true,1,4336412
7290108359831,false,שמן גוף בייבי כיף 50,,,שמן גוף בייבי כיף 50,מיליליטרים,500.00,"100 מ""ל",false,,17.00,0.0340,true,1,4336413
7290108359855,false,שמפו אלדמע בייבי כיף,,,שמפו אלדמע בייבי כיף,מיליליטרים,750.00,"100 מ""ל",false,,11.90,0.0159,true,1,4336415
7290108359862,false,אלסבון בייבי כיף 1 ל,,,אלסבון בייבי כיף 1 ל,ליטרים,1.00,ליטר,false,,15.30,15.3000,true,1,4336416
7290108359886,false,תחליב רחצה בייבי כיף,,,תחליב רחצה בייבי כיף,ליטרים,1.00,ליטר,false,,15.30,15.3000,true,1,4336418
7290108359893,false,תחליב רחצה בייבי כיף,,,תחליב רחצה בייבי כיף,מיליליטרים,750.00,"100 מ""ל",false,,11.90,0.0159,true,1,4336419
7290108359985,false,קצף לניקוי כללי פריח,,,קצף לניקוי כללי פריח,100 מל,750.00,100 מל,false,,14.40,0.0192,true,1,5356685
7290108501391,false,גבינה חצי קשה חלב עי,,,גבינה חצי קשה חלב עי,גרמים,150.00,100 גרם,false,,12.70,0.0847,true,1,3370162
7290108501490,false,גבינת מוצרלה פרוסות,,,גבינת מוצרלה פרוסות,גרמים,150.00,100 גרם,false,,11.00,0.0733,true,1,3370196
7290108501827,false,קדאיף שערות בצק 450,,,קדאיף שערות בצק 450,גרמים,450.00,100 גרם,false,,17.00,0.0378,true,1,3688414
7290108502305,false,גבינת גרנה פדנו משול,,,גבינת גרנה פדנו משול,גרמים,150.00,100 גרם,false,,14.40,0.0960,true,1,4431371
7290108502329,false,רביעיית נתחי טונה בש,,,רביעיית נתחי טונה בש,גרמים,160.00,100 גרם,false,,23.00,0.1438,true,1,4213700
7290108502381,false,תחתיות לפיצה 480 גר,,,תחתיות לפיצה 480 גר,גרמים,480.00,100 גרם,false,,11.00,0.0229,true,1,4358140
7290108502541,false,גבינת שמנת 200 גר,,,גבינת שמנת 200 גר,גרמים,200.00,100 גרם,false,,9.30,0.0465,true,1,4173595
7290108502589,false,גבינת שמנת עם שום 20,,,גבינת שמנת עם שום 20,גרמים,200.00,100 גרם,false,,9.30,0.0465,true,1,4173599
7290108502725,false,גבינת גאודה 400 גר,,,גבינת גאודה 400 גר,גרמים,400.00,100 גרם,false,,17.00,0.0425,true,1,4191490
7290108502763,false,גבינת קממבר 200 גר,,,גבינת קממבר 200 גר,גרמים,200.00,100 גרם,false,,17.00,0.0850,true,1,4496436
7290108502862,false,מלפפונים קטנים 18-25,,,מלפפונים קטנים 18-25,גרמים,600.00,100 גרם,false,,7.60,0.0127,true,1,5307791
7290108503043,false,מארז תפוחונים מיובשי,,,מארז תפוחונים מיובשי,יח',1.00,יח',false,,12.10,12.1000,true,1,4358158
7290108503067,false,פרמז'נו משולש 150 גר,,,פרמז'נו משולש 150 גר,גרמים,150.00,100 גרם,false,,11.90,0.0793,true,1,4431377
7290108503159,false,גבינה כחולה עם עובש,,,גבינה כחולה עם עובש,גרמים,100.00,100 גרם,false,,8.50,0.0850,true,1,4358173
7290108503654,false,אורז בסמטי 5קג מהדרי,,,אורז בסמטי 5קג מהדרי,קילוגרמים,5.00,"ק""ג",false,,42.60,8.5200,true,1,4571386
7290108503982,false,פרוסות גבינת צ'דר 15,,,פרוסות גבינת צ'דר 15,גרמים,150.00,100 גרם,false,,8.50,0.0567,true,1,4818608
7290108503999,false,פרוסות גבינת גאודה 1,,,פרוסות גבינת גאודה 1,גרמים,150.00,100 גרם,false,,8.50,0.0567,true,1,4818609
7290108504279,false,קשקבל צ'אנק 150 גר,,,קשקבל צ'אנק 150 גר,יח',1.00,יח',false,,14.40,14.4000,true,1,4794993
7290108504286,false,איבריקו צ'אנק 150 גר,,,איבריקו צ'אנק 150 גר,יח',1.00,יח',false,,14.40,14.4000,true,1,4794994
7290108504293,false,מנצ'גו צ'אנק 150 גר,,,מנצ'גו צ'אנק 150 גר,יח',1.00,יח',false,,14.40,14.4000,true,1,4794995
7290108504378,false,גבינת שמנת עם זיתים,,,גבינת שמנת עם זיתים,גרמים,200.00,100 גרם,false,,9.30,0.0465,true,1,5217991
7290108504392,false,גבינת שמנת לייט עם ז,,,גבינת שמנת לייט עם ז,גרמים,200.00,100 גרם,false,,9.30,0.0465,true,1,5217993
7290108504408,false,גבינת שמנת לייט עם ח,,,גבינת שמנת לייט עם ח,גרמים,200.00,100 גרם,false,,9.30,0.0465,true,1,5217994
7290108505719,false,גבינת מוצרלה מגורדת,,,גבינת מוצרלה מגורדת,גרמים,200.00,100 גרם,false,,11.00,0.0550,true,1,5248455
7290108505726,false,אצבעות גבינה חצי קשה,,,אצבעות גבינה חצי קשה,גרמים,200.00,100 גרם,false,,11.00,0.0550,true,1,5244730
7290108505733,false,צמות גבינה חצי קשה 2,,,צמות גבינה חצי קשה 2,גרמים,200.00,100 גרם,false,,11.00,0.0550,true,1,5244731
7290108505740,false,גבינת קשקבל חצי קשה,,,גבינת קשקבל חצי קשה,גרמים,200.00,100 גרם,false,,11.00,0.0550,true,1,5244732
7290108506488,false,סופלה שוקולד קפוא,,,סופלה שוקולד קפוא,גרמים,200.00,100 גרם,false,,12.70,0.0635,true,1,5240509
7290108506495,false,כנאפה קפוא,,,כנאפה קפוא,גרמים,192.00,100 גרם,false,,11.00,0.0573,true,1,5240510
7290108506501,false,אצבעות בצק פילו ממול,,,אצבעות בצק פילו ממול,גרמים,500.00,100 גרם,false,,13.20,0.0264,true,1,5336075
7290108506518,false,אצבעות בצק פילו ממול,,,אצבעות בצק פילו ממול,גרמים,500.00,100 גרם,false,,13.20,0.0264,true,1,5336076
7290108506532,false,גליליות וופל במילוי,,,גליליות וופל במילוי,גרמים,400.00,100 גרם,false,,11.00,0.0275,true,1,5244680
7290108506549,false,גליליות וופל במילוי,,,גליליות וופל במילוי,גרמים,400.00,100 גרם,false,,11.00,0.0275,true,1,5244699
7290108506624,false,עיזים צ'אנק 150 גר,,,עיזים צ'אנק 150 גר,יח',1.00,יח',false,,14.40,14.4000,true,1,5247483
7290108506709,false,גבינת פרמג'נו רג'יאנ,,,גבינת פרמג'נו רג'יאנ,גרמים,150.00,100 גרם,false,,15.30,0.1020,true,1,5242598
7290108506815,false,גליליות וופל במילוי,,,גליליות וופל במילוי,גרמים,400.00,100 גרם,false,,11.00,0.0275,true,1,5244700
7290108506969,false,מאפה בורקס תורכי גבי,,,מאפה בורקס תורכי גבי,גרמים,300.00,100 גרם,false,,11.00,0.0367,true,1,5247451
7290108507010,false,מאפה בורקס תורכי תרד,,,מאפה בורקס תורכי תרד,גרמים,300.00,100 גרם,false,,11.00,0.0367,true,1,5247452
7290108507065,false,גבינת פרמג'אנו מגורד,,,גבינת פרמג'אנו מגורד,גרמים,100.00,100 גרם,false,,11.90,0.1190,true,1,5293633
7290108507072,false,שבבי גבינת גרנה פדנו,,,שבבי גבינת גרנה פדנו,גרמים,100.00,100 גרם,false,,8.50,0.0850,true,1,5293634
7290108507188,false,כנאפה אריזה משפחתית,,,כנאפה אריזה משפחתית,גרמים,657.00,100 גרם,false,,23.70,0.0361,true,1,5267144
7290108507492,false,קרקרים עם שומשום 105,,,קרקרים עם שומשום 105,גרמים,105.00,100 גרם,false,,4.20,0.0400,true,1,5287676
7290108507508,false,קרקרים עם תרד ושמיר,,,קרקרים עם תרד ושמיר,גרמים,105.00,100 גרם,false,,4.20,0.0400,true,1,5287677
7290108507614,false,גבינת פרמז'ן קשה 27%,,,גבינת פרמז'ן קשה 27%,יח',1.00,יח',false,,16.20,16.2000,true,1,5269960
7290108507911,false,קינואה עם טונה וירקו,,,קינואה עם טונה וירקו,גרמים,160.00,100 גרם,false,,10.20,0.0637,true,1,5307792
7290108507942,false,ירקות גינה עם טונה 1,,,ירקות גינה עם טונה 1,גרמים,160.00,100 גרם,false,,10.20,0.0637,true,1,5307793
7290108508031,false,אננס שלם 830 גר וילי,,,אננס שלם 830 גר וילי,גרמים,830.00,100 גרם,false,,9.30,0.0112,true,1,5354857
7290108508468,false,משקה יוגורט אננס 200,,,משקה יוגורט אננס 200,מיליליטרים,200.00,"100 מ""ל",false,,4.20,0.0210,true,1,5300499
7290108508482,false,משקה יוגורט אפרסק ומ,,,משקה יוגורט אפרסק ומ,מיליליטרים,200.00,"100 מ""ל",false,,4.20,0.0210,true,1,5300501
7290108508499,false,איירן משקה יוגורט סג,,,איירן משקה יוגורט סג,מיליליטרים,293.00,"100 מ""ל",false,,4.20,0.0143,true,1,5300502
7290108508543,false,אפונה מבושלת במי מלח,,,אפונה מבושלת במי מלח,גרמים,700.00,100 גרם,false,,7.60,0.0109,true,1,5311960
7290108508703,false,טורטיה ללא גלוטן 270,,,טורטיה ללא גלוטן 270,גרמים,270.00,100 גרם,false,,6.80,0.0252,true,1,5301094
7290108508765,false,קונכיות פתיתים 400 ג,,,קונכיות פתיתים 400 ג,גרמים,400.00,100 גרם,false,,4.20,0.0105,true,1,5308824
7290108508772,false,קונכיות פתיתים עם תר,,,קונכיות פתיתים עם תר,גרמים,400.00,100 גרם,false,,4.20,0.0105,true,1,5308825
7290108508864,false,בישקוטים 200ג רמילוי,,,בישקוטים 200ג רמילוי,גרמים,200.00,100 גרם,false,,5.90,0.0295,true,1,5367342
7290108508888,false,ביסקוויט פתי בר 500,,,ביסקוויט פתי בר 500,גרמים,500.00,100 גרם,false,,5.00,0.0100,true,1,5315566
7290108508970,false,תה ג'רבה 500 גר',,,תה ג'רבה 500 גר',גרמים,500.00,100 גרם,false,,16.80,0.0336,true,1,5301664
7290108509052,false,מאפה פילו ממולא גבינ,,,מאפה פילו ממולא גבינ,יח',1.00,יח',false,,17.00,17.0000,true,1,5307805
7290108509069,false,מאפה פילו ממולא ירקו,,,מאפה פילו ממולא ירקו,יח',1.00,יח',false,,17.00,17.0000,true,1,5307806
7290108509090,false,גבינה מותכת משולשים,,,גבינה מותכת משולשים,גרמים,200.00,100 גרם,false,,12.40,0.0620,true,1,5311964
7290108509106,false,גבינה בולגרית קוביות,,,גבינה בולגרית קוביות,גרמים,200.00,100 גרם,false,,10.20,0.0510,true,1,5312002
7290108509113,false,גבינה בולגרית 18% מע,,,גבינה בולגרית 18% מע,גרמים,250.00,100 גרם,false,,10.20,0.0408,true,1,5311965
7290108509144,false,שלישיית עגבניות מרוס,,,שלישיית עגבניות מרוס,גרמים,400.00,100 גרם,false,,11.00,0.0275,true,1,5318659
7290108509151,false,שלישיית עגבניות שלמו,,,שלישיית עגבניות שלמו,גרמים,400.00,100 גרם,false,,11.00,0.0275,true,1,5318660
7290108509182,false,גבינה פטה 17% 250 גר,,,גבינה פטה 17% 250 גר,גרמים,250.00,100 גרם,false,,11.00,0.0440,true,1,5311968
7290108509199,false,גבינה פטה 17% 500 גר,,,גבינה פטה 17% 500 גר,גרמים,250.00,100 גרם,false,,19.60,0.0784,true,1,5311969
7290108509250,false,אנטיפסטי ארטישוק,,,אנטיפסטי ארטישוק,גרמים,380.00,100 גרם,false,,19.60,0.0516,true,1,5307751
7290108509267,false,ארוחת פסטה רוטב גבינ,,,ארוחת פסטה רוטב גבינ,גרמים,206.00,100 גרם,false,,6.80,0.0330,true,1,5311962
7290108509403,false,חלבה טורקית קלאסית 3,,,חלבה טורקית קלאסית 3,גרמים,350.00,100 גרם,false,,9.30,0.0266,true,1,5307796
7290108509595,false,גבינה מלוחה עם עגבני,,,גבינה מלוחה עם עגבני,גרמים,153.00,100 גרם,false,,13.60,0.0889,true,1,5425423
7290108509618,false,זיתים ירוקים על הגרי,,,זיתים ירוקים על הגרי,גרמים,730.00,100 גרם,false,,20.40,0.0279,true,1,5315567
7290108509625,false,זיתים ירוקים ופלפל ע,,,זיתים ירוקים ופלפל ע,גרמים,730.00,100 גרם,false,,20.40,0.0279,true,1,5315568
7290108509649,false,זיתי קלמטה מגולענים,,,זיתי קלמטה מגולענים,גרמים,780.00,100 גרם,false,,15.30,0.0196,true,1,5315570
7290108509656,false,מיקס זיתים פרוסות 80,,,מיקס זיתים פרוסות 80,גרמים,800.00,100 גרם,false,,11.90,0.0149,true,1,5315571
7290108509731,false,איירן 1לי משקה יוגור,,,איירן 1לי משקה יוגור,ליטרים,1.00,ליטר,false,,11.90,11.9000,true,1,5342250
7290108509816,false,גבינה בייבי מוצרלה 2,,,גבינה בייבי מוצרלה 2,גרמים,200.00,100 גרם,false,,11.90,0.0595,true,1,5318666
7290108509939,false,פרוסות פילה טונה 120,,,פרוסות פילה טונה 120,גרמים,120.00,100 גרם,false,,11.00,0.0917,true,1,5318667
7290108509946,false,טורטיה 250 גר,,,טורטיה 250 גר,גרמים,250.00,100 גרם,false,,4.20,0.0168,true,1,5332784
7290108509960,false,שלישיית נתחי טונה בה,,,שלישיית נתחי טונה בה,גרמים,240.00,100 גרם,false,,12.70,0.0529,true,1,5318668
7290108620061,false,יין אסטייט שיראז יבש,,,יין אסטייט שיראז יבש,מיליליטרים,750.00,"100 מ""ל",false,,34.10,0.0455,true,1,5262658
7290108620078,false,יין אסטייט מרלו יבש,,,יין אסטייט מרלו יבש,מיליליטרים,750.00,"100 מ""ל",false,,34.10,0.0455,true,1,5262659
7290108620108,false,יין אימפריאל קברנה ס,,,יין אימפריאל קברנה ס,מיליליטרים,750.00,"100 מ""ל",false,,25.60,0.0341,true,1,5262661
7290108620115,false,יין אימפריאל מרלו אד,,,יין אימפריאל מרלו אד,מיליליטרים,750.00,"100 מ""ל",false,,25.60,0.0341,true,1,5262662
7290108620177,false,יין פאלאס בלנד אדום,,,יין פאלאס בלנד אדום,מיליליטרים,750.00,"100 מ""ל",false,,21.30,0.0284,true,1,5262640
7290108620191,false,יין אסטייט מוסקט מתו,,,יין אסטייט מוסקט מתו,מיליליטרים,750.00,"100 מ""ל",false,,34.10,0.0455,true,1,5262666
7290108620214,false,יין פאלאס בלנד לבן 7,,,יין פאלאס בלנד לבן 7,מיליליטרים,750.00,"100 מ""ל",false,,21.30,0.0284,true,1,5262641
7290108620368,false,גן עדן יין מתוק לבן,,,גן עדן יין מתוק לבן,מטרים,750.00,100 מ'ל,false,,17.10,0.0228,true,1,5351437
7290109351025,false,צבר חומוס טחינה 400,צבר,IL,צבר חומוס טחינה 400,גרמים,400.00,100 גרם,false,,11.90,0.0298,true,1,1577947
7290109354101,false,לחמית ללא גלוטן 200,,,לחמית ללא גלוטן 200,גרמים,200.00,100 גרם,false,,5.90,0.0295,true,1,2622362
7290109354972,false,"אסם פתי בר לל""ג קלאס",אסם,IL,"אסם פתי בר לל""ג קלאס",גרמים,200.00,100 גרם,false,,7.60,0.0380,true,1,1577978
7290109354996,false,"אסם פתי בר לל""ג שוקו",אסם,IL,"אסם פתי בר לל""ג שוקו",גרמים,200.00,100 גרם,false,,7.60,0.0380,true,1,1577979
7290109358260,false,טבעול נקניקיות עם חל,,,טבעול נקניקיות עם חל,גרמים,600.00,100 גרם,false,,21.30,0.0355,true,1,2715804
7290109358284,false,טבעול שניצל תירס עם,,,טבעול שניצל תירס עם,גרמים,664.00,100 גרם,false,,21.30,0.0321,true,1,2715805
7290109358482,false,אסם קרמוגית במילוי ק,,,אסם קרמוגית במילוי ק,גרמים,200.00,100 גרם,false,,8.50,0.0425,true,1,4520609
7290109358765,false,קראנץ' רולס 450 גר,,,קראנץ' רולס 450 גר,גרמים,450.00,100 גרם,false,,17.00,0.0378,true,1,2424183
7290109580043,false,שניצל תירס 1.75קג בד,,,שניצל תירס 1.75קג בד,קילוגרמים,1.75,"ק""ג",false,,42.60,24.3429,true,1,5264637
7290109580050,false,נקניקיות צ'וריסוס 22,,,נקניקיות צ'וריסוס 22,גרמים,226.00,100 גרם,false,,23.00,0.1018,true,1,5296457
7290109580067,false,טחון 340גר וונדרס,,,טחון 340גר וונדרס,גרמים,340.00,100 גרם,false,,23.00,0.0676,true,1,5296458
7290109580098,false,קבנוס טעם סרירצ'ה 13,,,קבנוס טעם סרירצ'ה 13,גרמים,135.00,100 גרם,false,,8.50,0.0630,true,1,5355369
7290109580104,false,רוסטביף,,,רוסטביף,יח',1.00,יח',false,,19.50,19.5000,true,1,5293637
7290109580111,false,צלעות אסאדו מעושנות,,,צלעות אסאדו מעושנות,גרמים,120.00,100 גרם,false,,19.50,0.1625,true,1,5347240
7290109580159,false,פסטרמה נוסח טוסקנה,,,פסטרמה נוסח טוסקנה,יח',1.00,יח',false,,19.50,19.5000,true,1,5293639
7290109580166,false,סרוולד קלאסי,,,סרוולד קלאסי,יח',1.00,יח',false,,19.50,19.5000,true,1,5293640
7290109580210,false,נקניקיות ריינהולד'ס,,,נקניקיות ריינהולד'ס,גרמים,300.00,100 גרם,false,,17.00,0.0567,true,1,5326875
7290109580227,false,נקניקיות ריינהולד'ס,,,נקניקיות ריינהולד'ס,גרמים,300.00,100 גרם,false,,17.00,0.0567,true,1,5326876
7290109580265,false,זוג חזה הודו בדבש+בק,,,זוג חזה הודו בדבש+בק,גרמים,600.00,100 גרם,false,,18.70,0.0312,true,1,5384491
7290109580302,false,זוג תה מעושן 350גר+ע,,,זוג תה מעושן 350גר+ע,גרמים,700.00,100 גרם,false,,25.60,0.0366,true,1,5398902
7290109580319,false,בורגר 280גר וונדרס,,,בורגר 280גר וונדרס,גרמים,280.00,100 גרם,false,,23.00,0.0821,true,1,5336749
7290109580333,false,סלמי קוניאק רמילוי,,,סלמי קוניאק רמילוי,יחידה,0.00,יחידה,false,,18.70,0.0000,true,1,5384492
7290109580357,false,זוג חרמון 300גר+ברבי,,,זוג חרמון 300גר+ברבי,גרמים,600.00,100 גרם,false,,25.60,0.0427,true,1,5398903
7290109580432,false,פסטרמה מעושנת דק דק,,,פסטרמה מעושנת דק דק,גרמים,120.00,100 גרם,false,,11.00,0.0917,true,1,5378211
7290109640020,false,משומשו טבעוני בטעם מ,,,משומשו טבעוני בטעם מ,גרמים,300.00,100 גרם,false,,16.20,0.0540,true,1,1607071
7290109640198,false,משומשו מגורדת לפיצה,,,משומשו מגורדת לפיצה,גרמים,200.00,100 גרם,false,,16.20,0.0810,true,1,2468317
7290109640396,false,משומשו ממרח שום שמיר,,,משומשו ממרח שום שמיר,גרמים,200.00,100 גרם,false,,12.70,0.0635,true,1,5298226
7290109640631,false,לאבנה טבעונית 200 גר,,,לאבנה טבעונית 200 גר,גרמים,200.00,100 גרם,false,,12.70,0.0635,true,1,5298228
7290109640778,false,משומשו מאפה בצק פילא,,,משומשו מאפה בצק פילא,גרמים,600.00,100 גרם,false,,20.40,0.0340,true,1,5300492
7290109920146,false,דורגול מסיר אבנית 75,,,דורגול מסיר אבנית 75,מיליליטרים,750.00,"100 מ""ל",false,,15.30,0.0204,true,1,1815719
7290109920313,false,אסטוניש מרסס שמשות 7,,,אסטוניש מרסס שמשות 7,מיליליטרים,750.00,"100 מ""ל",false,,10.20,0.0136,true,1,3277379
7290109920597,false,אסטוניש מרסס למקלחון,,,אסטוניש מרסס למקלחון,מיליליטרים,750.00,"100 מ""ל",false,,10.20,0.0136,true,1,3277382
7290109920627,false,אסטוניש קרם אמבט,,,אסטוניש קרם אמבט,מיליליטרים,500.00,"100 מ""ל",false,,9.30,0.0186,true,1,3530306
7290109920665,false,אסטוניש מרסס למטבח 7,,,אסטוניש מרסס למטבח 7,מיליליטרים,750.00,"100 מ""ל",false,,10.20,0.0136,true,1,3277398
7290109920825,false,דורגול אספרסו 500 מל,,,דורגול אספרסו 500 מל,מיליליטרים,500.00,"100 מ""ל",false,,24.70,0.0494,true,1,4362666
7290109921303,false,טורבולן סופג לחות,,,טורבולן סופג לחות,יח',1.00,יח',false,,25.60,25.6000,true,1,4431317
7290109921334,false,דפי כביסה 15 יח,,,דפי כביסה 15 יח,קילו,1.00,קילו,false,,12.70,12.7000,true,1,4584129
7290109921372,false,אסטוניש לתנורים+פרש,,,אסטוניש לתנורים+פרש,יח',1.00,יח',false,,13.60,13.6000,true,1,4708038
7290109921853,false,אסטוניש משחה לניקוי,,,אסטוניש משחה לניקוי,גרמים,150.00,100 גרם,false,,13.60,0.0907,true,1,5276010
7290109923024,false,אסטוניש מרסס ארומטיק,,,אסטוניש מרסס ארומטיק,מטרים,750.00,100 מ'ל,false,,12.70,0.0169,true,1,5352614
7290109923031,false,אסטוניש מרסס ארומטיק,,,אסטוניש מרסס ארומטיק,מטרים,750.00,100 מ'ל,false,,12.70,0.0169,true,1,5352615
7290109923048,false,אסטוניש מרסס ארומטיק,,,אסטוניש מרסס ארומטיק,מטרים,750.00,100 מ'ל,false,,12.70,0.0169,true,1,5352616
7290109923079,false,דזיטול נוזל מרוכז לר,,,דזיטול נוזל מרוכז לר,ליטרים,2.00,100 ליטר,false,,20.40,10.2000,true,1,5381397
7290109923093,false,אסטוניש קרם כיריים ה,,,אסטוניש קרם כיריים ה,גרמים,500.00,100 גרם,false,,12.70,0.0254,true,1,5381615
7290109923109,false,סבון אסלה 5 צדפות+אק,,,סבון אסלה 5 צדפות+אק,מטרים,160.00,100 מ'ל,false,,11.00,0.0688,true,1,5381616
7290109923130,false,הפי מדליק פחמים קובי,,,הפי מדליק פחמים קובי,גרמים,250.00,100 גרם,false,,8.40,0.0336,true,1,5381940
7290109923147,false,אסטוניש מרסס פלא ואק,,,אסטוניש מרסס פלא ואק,מטרים,750.00,100 מ'ל,false,,12.70,0.0169,true,1,5381617
7290110052164,false,זיקוק מס 3,,,זיקוק מס 3,יח',1.00,יח',false,,3.40,3.4000,true,1,4912570
7290110052171,false,זיקוק מס 4,,,זיקוק מס 4,יח',1.00,יח',false,,3.40,3.4000,true,1,4912571
7290110052188,false,זיקוק מס 5,,,זיקוק מס 5,יח',1.00,יח',false,,3.40,3.4000,true,1,4912572
7290110052225,false,זיקוק מס 9,,,זיקוק מס 9,יח',1.00,יח',false,,3.40,3.4000,true,1,4912576
7290110110277,false,סומרסבי סיידר 4 בק 3,,,סומרסבי סיידר 4 בק 3,מיליליטרים,330.00,"100 מ""ל",false,,26.60,0.0806,true,1,3863788
7290110110369,false,קרלסברג לומה שישייה,,,קרלסברג לומה שישייה,יח',1.00,יח',false,,34.40,34.4000,true,1,5252053
7290110110703,false,מארז ספרייט 6 פחיות,,,מארז ספרייט 6 פחיות,ליטרים,1.98,ליטר,false,,18.90,9.5455,true,1,3610887
7290110111809,false,פאנטה אורנג' מארז פח,,,פאנטה אורנג' מארז פח,יח',1.00,יח',false,,18.90,18.9000,true,1,4738702
7290110113261,false,נקטר חמוציות אושן ספ,,,נקטר חמוציות אושן ספ,ליטרים,1.00,ליטר,false,,9.40,9.4000,true,1,5332062
7290110113377,false,קולה רביעייה 1 ליטר,,,קולה רביעייה 1 ליטר,ליטרים,4.00,ליטר,false,,21.40,5.3500,true,1,5300355
7290110113384,false,קולה זירו רביעייה 1,,,קולה זירו רביעייה 1,ליטרים,4.00,ליטר,false,,20.50,5.1250,true,1,5300356
7290110113476,false,"קרלסברג 0.0 330 מ""ל",,,"קרלסברג 0.0 330 מ""ל",ליטרים,1.98,ליטר,false,,23.30,11.7677,true,1,5232754
7290110114787,false,נביעות+ מים מינרליים,,,נביעות+ מים מינרליים,ליטרים,1.50,ליטר,false,,6.90,4.6000,true,1,5331359
7290110114794,false,נביעות+ מים מינרליים,,,נביעות+ מים מינרליים,ליטרים,1.50,ליטר,false,,6.90,4.6000,true,1,5331360
7290110114800,false,נביעות+ מים מינרליים,,,נביעות+ מים מינרליים,ליטרים,1.50,ליטר,false,,6.90,4.6000,true,1,5331361
7290110114855,false,מים מינרליים נביעות,,,מים מינרליים נביעות,ליטרים,1.50,ליטר,false,,11.10,7.4000,true,1,5331422
7290110114893,false,סחוט תפוז 2לי,,,סחוט תפוז 2לי,ליטרים,2.00,ליטר,false,,23.90,11.9500,true,1,5333426
7290110114954,false,תפוזים מתקתק 100% 2ל,,,תפוזים מתקתק 100% 2ל,ליטרים,2.00,ליטר,false,,18.70,9.3500,true,1,5333430
7290110114961,false,משקה קל תפוזים פריגת,,,משקה קל תפוזים פריגת,ליטרים,1.50,ליטר,false,,7.30,4.8667,true,1,5331424
7290110114985,false,משקה קל אשכולית פריג,,,משקה קל אשכולית פריג,ליטרים,1.50,ליטר,false,,7.60,5.0667,true,1,5331441
7290110114992,false,משקה קל לייט אשכולית,,,משקה קל לייט אשכולית,ליטרים,1.50,ליטר,false,,7.10,4.7333,true,1,5331442
7290110115005,false,משקה קל ענבים פריגת,,,משקה קל ענבים פריגת,ליטרים,1.50,ליטר,false,,7.60,5.0667,true,1,5331443
7290110115029,false,"משקה משק""ל תפוח פריג",,,"משקה משק""ל תפוח פריג",ליטרים,1.50,ליטר,false,,7.60,5.0667,true,1,5331445
7290110115036,false,משקה פריגת מנגו 1.5,,,משקה פריגת מנגו 1.5,ליטרים,1.50,ליטר,false,,7.60,5.0667,true,1,5331446
7290110115043,false,משקה לימונענע פריגת,,,משקה לימונענע פריגת,ליטרים,1.50,ליטר,false,,7.60,5.0667,true,1,5336308
7290110115050,false,משקה פריגת מיקס תות,,,משקה פריגת מיקס תות,ליטרים,1.50,ליטר,false,,7.60,5.0667,true,1,5331447
7290110115081,false,פריגת צלול ענבים 1.5,,,פריגת צלול ענבים 1.5,ליטרים,1.50,ליטר,false,,7.10,4.7333,true,1,5331450
7290110115104,false,פריגת צלול אפרסק 1.5,,,פריגת צלול אפרסק 1.5,ליטרים,1.50,ליטר,false,,7.10,4.7333,true,1,5331452
7290110115111,false,פריגת צלול אננס 1.5,,,פריגת צלול אננס 1.5,ליטרים,1.50,ליטר,false,,7.10,4.7333,true,1,5331453
7290110115128,false,פריגת צלול לימונענע,,,פריגת צלול לימונענע,ליטרים,1.50,ליטר,false,,7.30,4.8667,true,1,5331454
7290110115180,false,מים מינרליים נביעות,,,מים מינרליים נביעות,ליטרים,1.50,ליטר,false,,2.70,1.8000,true,1,5330311
7290110115203,false,קוקה-קולה בקבוק 1.5,,,קוקה-קולה בקבוק 1.5,ליטרים,1.50,ליטר,false,,7.40,4.9333,true,1,5331477
7290110115210,false,קוקה-קולה דיאט בקבוק,,,קוקה-קולה דיאט בקבוק,ליטרים,1.50,ליטר,false,,7.10,4.7333,true,1,5331478
7290110115227,false,קוקה-קולה זירו בקבוק,,,קוקה-קולה זירו בקבוק,ליטרים,1.50,ליטר,false,,7.10,4.7333,true,1,5331479
7290110115234,false,קוקה-קולה זירו נטול,,,קוקה-קולה זירו נטול,ליטרים,1.50,ליטר,false,,7.10,4.7333,true,1,5331480
7290110115241,false,קוקה-קולה זירו לימון,,,קוקה-קולה זירו לימון,ליטרים,1.50,ליטר,false,,7.10,4.7333,true,1,5331481
7290110115265,false,ספרייט ליים 1.5 ליטר,,,ספרייט ליים 1.5 ליטר,ליטרים,1.50,ליטר,false,,7.70,5.1333,true,1,5331500
7290110115272,false,ספרייט זירו 1.5ליטר,,,ספרייט זירו 1.5ליטר,ליטרים,1.50,ליטר,false,,7.10,4.7333,true,1,5331501
7290110115289,false,ספרייט לימון נענע 1.,,,ספרייט לימון נענע 1.,ליטרים,1.50,ליטר,false,,7.10,4.7333,true,1,5331519
7290110115296,false,משקה מוגז אורנג' פאנ,,,משקה מוגז אורנג' פאנ,ליטרים,1.50,ליטר,false,,7.10,4.7333,true,1,5331520
7290110115302,false,משקה מוגז אורנג' זיר,,,משקה מוגז אורנג' זיר,ליטרים,1.50,ליטר,false,,7.00,4.6667,true,1,5331521
7290110115319,false,פאנטה אקזוטיק 1.5 לי,,,פאנטה אקזוטיק 1.5 לי,ליטרים,1.50,ליטר,false,,7.10,4.7333,true,1,5331522
7290110115333,false,פאנטה תות 1.5 ליטר,,,פאנטה תות 1.5 ליטר,ליטרים,1.50,ליטר,false,,7.00,4.6667,true,1,5331524
7290110115340,false,פאנטה ענבים 1.5 ליטר,,,פאנטה ענבים 1.5 ליטר,ליטרים,1.50,ליטר,false,,7.10,4.7333,true,1,5331525
7290110115357,false,סודה קינלי 1.5 ליטר,,,סודה קינלי 1.5 ליטר,ליטרים,1.50,ליטר,false,,2.90,1.9333,true,1,5331526
7290110115364,false,קוקה קולה 6*1.5 ליטר,,,קוקה קולה 6*1.5 ליטר,ליטרים,9.00,ליטר,false,,42.40,4.7111,true,1,5331483
7290110115388,false,ספרייט ליים שישייה 1,,,ספרייט ליים שישייה 1,ליטרים,9.00,ליטר,false,,38.60,4.2889,true,1,5331502
7290110115395,false,ספרייט זירו שישייה 1,,,ספרייט זירו שישייה 1,ליטרים,9.00,ליטר,false,,36.90,4.1000,true,1,5331503
7290110115401,false,קינלי סודה שישייה 1.,,,קינלי סודה שישייה 1.,ליטרים,9.00,ליטר,false,,12.80,1.4222,true,1,5331527
7290110115418,false,קוקה קולה זירו 6*1.5,,,קוקה קולה זירו 6*1.5,ליטרים,9.00,ליטר,false,,39.70,4.4111,true,1,5331484
7290110115425,false,פיוז-טי בטעם לימון נ,,,פיוז-טי בטעם לימון נ,ליטרים,1.50,ליטר,false,,7.70,5.1333,true,1,5331528
7290110115449,false,פיוז-טי בטעם מנגו אנ,,,פיוז-טי בטעם מנגו אנ,ליטרים,1.50,ליטר,false,,7.70,5.1333,true,1,5331530
7290110115456,false,פיוז-טי בטעם אפרסק 1,,,פיוז-טי בטעם אפרסק 1,ליטרים,1.50,ליטר,false,,7.70,5.1333,true,1,5331531
7290110115463,false,פיוז-טי בטעם אפרסק 1,,,פיוז-טי בטעם אפרסק 1,ליטרים,1.50,ליטר,false,,7.40,4.9333,true,1,5331532
7290110115494,false,תה קר בטעם ענבים פיו,,,תה קר בטעם ענבים פיו,ליטרים,1.50,ליטר,false,,7.70,5.1333,true,1,5331550
7290110115531,false,משקה מוגז תפוח זירו,,,משקה מוגז תפוח זירו,ליטרים,1.50,ליטר,false,,7.00,4.6667,true,1,5331534
7290110115586,false,פריגת תפוזים 40% פחו,,,פריגת תפוזים 40% פחו,ליטרים,1.50,ליטר,false,,7.10,4.7333,true,1,5331459
7290110115593,false,פריגת אשכוליות 40% פ,,,פריגת אשכוליות 40% פ,ליטרים,1.50,ליטר,false,,7.10,4.7333,true,1,5331460
7290110115616,false,פיוז-טי זירו גרין אנ,,,פיוז-טי זירו גרין אנ,ליטרים,1.50,ליטר,false,,7.30,4.8667,true,1,5337618
7290110115623,false,פיוז-טי זירו אפרסק 1,,,פיוז-טי זירו אפרסק 1,ליטרים,1.50,ליטר,false,,7.70,5.1333,true,1,5337619
7290110115838,false,ספרייט זירו 1.5ליטר,,,ספרייט זירו 1.5ליטר,ליטרים,1.50,ליטר,false,,7.10,4.7333,true,1,5399939
7290110115845,false,קוקה-קולה בקבוק 1.5,,,קוקה-קולה בקבוק 1.5,ליטרים,1.50,ליטר,false,,7.30,4.8667,true,1,5370578
7290110115869,false,קוקה קולה זירו 1.5 ל,,,קוקה קולה זירו 1.5 ל,מטרים,1500.00,100 מ'ל,false,,7.00,0.0047,true,1,5340179
7290110116064,false,זירו פאנטה 1.5 ליטר,,,זירו פאנטה 1.5 ליטר,ליטרים,1.50,ליטר,false,,7.00,4.6667,true,1,5383431
7290110116125,false,סירופ פטל 750 מל,,,סירופ פטל 750 מל,מטרים,750.00,100 מ'ל,false,,19.60,0.0261,true,1,5400332
7290110116132,false,סירופ לימון 750 מל,,,סירופ לימון 750 מל,מטרים,750.00,100 מ'ל,false,,19.60,0.0261,true,1,5400333
7290110116149,false,סירופ ענבים 750 מל,,,סירופ ענבים 750 מל,מטרים,750.00,100 מ'ל,false,,19.60,0.0261,true,1,5400334
7290110116194,false,נביעות+ סדרת 0 קלורי,,,נביעות+ סדרת 0 קלורי,ליטרים,1.50,ליטר,false,,7.40,4.9333,true,1,5400953
7290110116217,false,נביעות+ סדרת 0 קלורי,,,נביעות+ סדרת 0 קלורי,ליטרים,1.50,ליטר,false,,7.40,4.9333,true,1,5400954
7290110116392,false,סירופ תפוזים 750 מל,,,סירופ תפוזים 750 מל,מטרים,750.00,100 מ'ל,false,,19.60,0.0261,true,1,5400335
7290110116484,false,פריגת מיקס תות בננה,,,פריגת מיקס תות בננה,ליטרים,1.00,ליטר,false,,12.90,12.9000,true,1,5393732
7290110116491,false,פריגת מיקס אפרסק משמ,,,פריגת מיקס אפרסק משמ,ליטרים,1.00,ליטר,false,,13.20,13.2000,true,1,5393733
7290110116507,false,פריגת מיקס אננס בננה,,,פריגת מיקס אננס בננה,ליטרים,1.00,ליטר,false,,13.20,13.2000,true,1,5393734
7290110116552,false,ספרייט למון היט 1.5,,,ספרייט למון היט 1.5,ליטרים,1.50,ליטר,false,,7.70,5.1333,true,1,5420580
7290110116569,false,זירו ספרייט למון היט,,,זירו ספרייט למון היט,ליטרים,1.50,ליטר,false,,7.10,4.7333,true,1,5420581
7290110320591,false,בולגרית מעודנת 16% 2,,,בולגרית מעודנת 16% 2,גרמים,250.00,100 גרם,false,,17.00,0.0680,true,1,2475146
7290110320683,false,משקה יופלה שמינייה,,,משקה יופלה שמינייה,מיליליטרים,856.00,"100 מ""ל",false,,13.60,0.0159,true,1,3101757
7290110320867,false,פתיתי עמק 28% שומן,,,פתיתי עמק 28% שומן,גרמים,500.00,100 גרם,false,,24.70,0.0494,true,1,2688525
7290110320935,false,פרוסות מוצרלה 150 גר,,,פרוסות מוצרלה 150 גר,גרמים,150.00,100 גרם,false,,13.60,0.0907,true,1,2980891
7290110321277,false,קוטג' בקטנה 100 גרם,,,קוטג' בקטנה 100 גרם,גרמים,100.00,100 גרם,false,,2.00,0.0200,true,1,3284343
7290110321284,false,קוטג' בקטנה 100 גרם,,,קוטג' בקטנה 100 גרם,גרמים,100.00,100 גרם,false,,2.00,0.0200,true,1,3284344
7290110321604,false,קוביות בולגרית מעודנ,,,קוביות בולגרית מעודנ,גרמים,230.00,100 גרם,false,,17.00,0.0739,true,1,3898936
7290110321680,false,יופלה GO יוגורט מועש,,,יופלה GO יוגורט מועש,מיליליטרים,200.00,"100 מ""ל",false,,4.70,0.0235,true,1,3386476
7290110321697,false,יופלה GO יוגורט מועש,,,יופלה GO יוגורט מועש,מיליליטרים,200.00,"100 מ""ל",false,,4.70,0.0235,true,1,3386477
7290110321703,false,יופלה גו פירות יער,,,יופלה גו פירות יער,מיליליטרים,200.00,"100 מ""ל",false,,4.70,0.0235,true,1,3874239
7290110321789,false,גבינת מסקרפונה 38% 2,,,גבינת מסקרפונה 38% 2,גרמים,250.00,100 גרם,false,,17.00,0.0680,true,1,3683812
7290110322014,false,טופו טבעי,,,טופו טבעי,גרמים,300.00,100 גרם,false,,10.10,0.0337,true,1,3874240
7290110322021,false,טופו בזיליקום,,,טופו בזיליקום,גרמים,300.00,100 גרם,false,,10.10,0.0337,true,1,3874241
7290110322038,false,טופו פיקנטי,,,טופו פיקנטי,גרמים,300.00,100 גרם,false,,10.10,0.0337,true,1,3874242
7290110322946,false,יופלה טיוב יוגורט במ,,,יופלה טיוב יוגורט במ,גרמים,348.00,100 גרם,false,,8.50,0.0244,true,1,4316506
7290110323073,false,משקה יוגורט GO מועשר,,,משקה יוגורט GO מועשר,מיליליטרים,250.00,"100 מ""ל",false,,5.00,0.0200,true,1,4213628
7290110323097,false,תאומים גביע - 80 גר',,,תאומים גביע - 80 גר',יח',1.00,יח',false,,1.50,1.5000,true,1,4436302
7290110323301,false,גבינת טל העמק 32% 20,,,גבינת טל העמק 32% 20,גרמים,200.00,100 גרם,false,,15.30,0.0765,true,1,4494224
7290110323585,false,יוגורט גו דובדבן 200,,,יוגורט גו דובדבן 200,מיליליטרים,200.00,"100 מ""ל",false,,4.70,0.0235,true,1,4429257
7290110323592,false,יוגורט גו 200 מל,,,יוגורט גו 200 מל,מיליליטרים,200.00,"100 מ""ל",false,,4.70,0.0235,true,1,4429258
7290110323714,false,משקה קוקוס שקדים,,,משקה קוקוס שקדים,יח',1.00,יח',false,,9.90,9.9000,true,1,4494227
7290110323998,false,מאגדת שמינייה מיני ק,,,מאגדת שמינייה מיני ק,מיליליטרים,800.00,"100 מ""ל",false,,11.90,0.0149,true,1,5311488
7290110324070,false,גבינת חלומי מחלב בקר,,,גבינת חלומי מחלב בקר,גרמים,200.00,100 גרם,false,,14.40,0.0720,true,1,4590939
7290110324353,false,יופלה גו לייט אננס,,,יופלה גו לייט אננס,יח',1.00,יח',false,,4.70,4.7000,true,1,4751718
7290110324551,false,יופלה טיוב יוגורט תו,,,יופלה טיוב יוגורט תו,גרמים,348.00,100 גרם,false,,8.50,0.0244,true,1,4670894
7290110324711,false,ממרח סויה 9% טבעי,,,ממרח סויה 9% טבעי,גרמים,250.00,100 גרם,false,,6.80,0.0272,true,1,4805224
7290110324728,false,ממרח סויה 9% שום שמי,,,ממרח סויה 9% שום שמי,גרמים,250.00,100 גרם,false,,6.80,0.0272,true,1,4805225
7290110324841,false,מעדן שקדים ושוקולדמר,,,מעדן שקדים ושוקולדמר,גרמים,125.00,100 גרם,false,,3.30,0.0264,true,1,5171488
7290110324858,false,מעדן שקדים ואגוזי לו,,,מעדן שקדים ואגוזי לו,גרמים,125.00,100 גרם,false,,3.30,0.0264,true,1,5171489
7290110324872,false,גלבוע 5% 200 גרם.,,,גלבוע 5% 200 גרם.,גרמים,200.00,100 גרם,false,,15.30,0.0765,true,1,5193042
7290110324926,false,"משקה סויה לל""ס",,,"משקה סויה לל""ס",ליטרים,1.00,ליטר,false,,8.50,8.5000,true,1,5074803
7290110325084,false,מאגדת שמינייה מיני ק,,,מאגדת שמינייה מיני ק,מיליליטרים,800.00,"100 מ""ל",false,,11.90,0.0149,true,1,4964314
7290110325114,false,משקה יוגורט גו לייט,,,משקה יוגורט גו לייט,מיליליטרים,250.00,"100 מ""ל",false,,5.00,0.0200,true,1,4964315
7290110325169,false,פרוסות גאודה 170 גר,,,פרוסות גאודה 170 גר,גרמים,170.00,100 גרם,false,,14.40,0.0847,true,1,5240448
7290110325305,false,מעדן סויה גו 20% חלב,,,מעדן סויה גו 20% חלב,מיליליטרים,200.00,"100 מ""ל",false,,4.70,0.0235,true,1,5129449
7290110325510,false,יופלה יוגורט טעם וני,,,יופלה יוגורט טעם וני,גרמים,348.00,100 גרם,false,,8.50,0.0244,true,1,5171491
7290110325619,false,משקה שיבולת שועל 1 ל,,,משקה שיבולת שועל 1 ל,מטרים,1000.00,100 מ'ל,false,,9.90,0.0099,true,1,5227529
7290110325701,false,פיראוס צזיקי יווני 9,,,פיראוס צזיקי יווני 9,גרמים,250.00,100 גרם,false,,10.20,0.0408,true,1,5232201
7290110325893,false,תנובה GO אייס קפה 34,,,תנובה GO אייס קפה 34,מיליליטרים,340.00,"100 מ""ל",false,,5.90,0.0174,true,1,5232203
7290110326210,false,יופלה און טופ פצפוצי,,,יופלה און טופ פצפוצי,גרמים,157.00,100 גרם,false,,4.00,0.0255,true,1,5240450
7290110326227,false,יופלה און טופ קורנפל,,,יופלה און טופ קורנפל,גרמים,157.00,100 גרם,false,,4.00,0.0255,true,1,5240451
7290110326234,false,יופלה און טופ כוכבים,,,יופלה און טופ כוכבים,גרמים,157.00,100 גרם,false,,4.00,0.0255,true,1,5240452
7290110326333,false,פרוסות גבינה סקנדינב,,,פרוסות גבינה סקנדינב,גרמים,200.00,100 גרם,false,,15.00,0.0750,true,1,5270440
7290110326982,false,משקה חלב יולו שוקולד,,,משקה חלב יולו שוקולד,מטרים,1000.00,100 מ'ל,false,,10.10,0.0101,true,1,5258600
7290110326999,false,משקה חלב יולו שוקולד,,,משקה חלב יולו שוקולד,מיליליטרים,340.00,"100 מ""ל",false,,5.60,0.0165,true,1,5258601
7290110327033,false,משקה סויה גו מועשר ח,,,משקה סויה גו מועשר ח,יח',1.00,יח',false,,9.90,9.9000,true,1,5266354
7290110327064,false,משקה קפה שיבולת שועל,,,משקה קפה שיבולת שועל,ליטרים,1.00,ליטר,false,,9.90,9.9000,true,1,5258640
7290110327545,false,יופלה און טופ תות ופ,,,יופלה און טופ תות ופ,גרמים,157.00,100 גרם,false,,4.00,0.0255,true,1,5281360
7290110328016,false,משקה סויה מועשר חלבו,,,משקה סויה מועשר חלבו,מיליליטרים,250.00,"100 מ""ל",false,,5.00,0.0200,true,1,5294070
7290110328092,false,פיראוס פטה יוונית קו,,,פיראוס פטה יוונית קו,יח',1.00,יח',false,,14.40,14.4000,true,1,5311542
7290110328481,false,פתיתי פרמג'נו רג'יאנ,,,פתיתי פרמג'נו רג'יאנ,גרמים,100.00,100 גרם,false,,11.80,0.1180,true,1,5301347
7290110328504,false,מיקס מוצרלה סדנדינבי,,,מיקס מוצרלה סדנדינבי,גרמים,300.00,100 גרם,false,,22.10,0.0737,true,1,5301348
7290110328610,false,משקה אורז ושקדים ברי,,,משקה אורז ושקדים ברי,מטרים,1000.00,100 מ'ל,false,,9.90,0.0099,true,1,5385025
7290110328627,false,יופלה GO יוגורט סמיך,,,יופלה GO יוגורט סמיך,מיליליטרים,200.00,"100 מ""ל",false,,4.70,0.0235,true,1,5311490
7290110328641,false,טופו טבעי 2* 500גר,,,טופו טבעי 2* 500גר,גרמים,500.00,100 גרם,false,,14.40,0.0288,true,1,5314519
7290110328764,false,יופלה יוגורט גו קרמי,,,יופלה יוגורט גו קרמי,מיליליטרים,200.00,"100 מ""ל",false,,4.70,0.0235,true,1,5311491
7290110328771,false,יופלה יוגורט גו קרמי,,,יופלה יוגורט גו קרמי,מיליליטרים,200.00,"100 מ""ל",false,,4.70,0.0235,true,1,5311492
7290110328788,false,יופלה יוגורט גו קרמי,,,יופלה יוגורט גו קרמי,מיליליטרים,200.00,"100 מ""ל",false,,4.70,0.0235,true,1,5311493
7290110328955,false,קוביות גבינת עיזים ב,,,קוביות גבינת עיזים ב,גרמים,350.00,100 גרם,false,,20.40,0.0583,true,1,5371414
7290110329136,false,מעדן גו טעם שוקולד 1,,,מעדן גו טעם שוקולד 1,גרמים,120.00,100 גרם,false,,3.80,0.0317,true,1,5331079
7290110329143,false,מעדן גו טעם וניל 12ג,,,מעדן גו טעם וניל 12ג,גרמים,120.00,100 גרם,false,,3.80,0.0317,true,1,5331080
7290110329266,false,יוגורט מחלב עיזים מל,,,יוגורט מחלב עיזים מל,גרמים,140.00,100 גרם,false,,4.20,0.0300,true,1,5317903
7290110329303,false,פרוסות טעם צהובה 200,,,פרוסות טעם צהובה 200,גרמים,200.00,100 גרם,false,,19.60,0.0980,true,1,5317905
7290110329433,false,טופו טבעי 250 גר +רו,,,טופו טבעי 250 גר +רו,גרמים,310.00,100 גרם,false,,10.90,0.0352,true,1,5385026
7290110329686,false,תנובה GO טעם עוגיות,,,תנובה GO טעם עוגיות,מיליליטרים,340.00,"100 מ""ל",false,,5.90,0.0174,true,1,5331051
7290110329716,false,משקה קפה קר בטעם קפו,,,משקה קפה קר בטעם קפו,מטרים,230.00,100 מ'ל,false,,5.90,0.0257,true,1,5377023
7290110329723,false,משקה קפה קר בטעם לאט,,,משקה קפה קר בטעם לאט,מטרים,230.00,100 מ'ל,false,,5.90,0.0257,true,1,5377024
7290110329730,false,משקה קפה קר שוקולד ו,,,משקה קפה קר שוקולד ו,מטרים,230.00,100 מ'ל,false,,5.90,0.0257,true,1,5377025
7290110329792,false,סויה ביו אפרסק גביע,,,סויה ביו אפרסק גביע,גרמים,150.00,100 גרם,false,,3.60,0.0240,true,1,5341558
7290110329808,false,סויה ביו תות גביע 15,,,סויה ביו תות גביע 15,גרמים,150.00,100 גרם,false,,3.60,0.0240,true,1,5341559
7290110329815,false,סויה ביו מתיקות מעוד,,,סויה ביו מתיקות מעוד,גרמים,150.00,100 גרם,false,,3.60,0.0240,true,1,5341560
7290110329822,false,סויה ביו פירות יער ג,,,סויה ביו פירות יער ג,גרמים,150.00,100 גרם,false,,3.60,0.0240,true,1,5341541
7290110329839,false,פרוסות צהובה טעם זית,,,פרוסות צהובה טעם זית,גרמים,200.00,100 גרם,false,,19.60,0.0980,true,1,5331082
7290110329846,false,סויה ביו טבעי גביע 1,,,סויה ביו טבעי גביע 1,גרמים,150.00,100 גרם,false,,3.60,0.0240,true,1,5341561
7290110329914,false,מאגדת משקה שיבולת שו,,,מאגדת משקה שיבולת שו,גרמים,618.00,100 גרם,false,,16.20,0.0262,true,1,5385027
7290110468927,false,מלחיה סיליקון פטנט,,,מלחיה סיליקון פטנט,יח',1.00,יח',false,,8.50,8.5000,true,1,5309972
7290110472467,false,מתאם למצת TYPE C + כ,,,מתאם למצת TYPE C + כ,יח',1.00,יח',false,,25.60,25.6000,true,1,2758792
7290110474256,false,כבל aux iron man,,,כבל aux iron man,יח',1.00,יח',false,,34.10,34.1000,true,1,5298703
7290110475420,false,אוזניות מיקרופון,,,אוזניות מיקרופון,יח',1.00,יח',false,,38.40,38.4000,true,1,5298705
7290110476632,false,כבל IN CHARGE מיקרו,,,כבל IN CHARGE מיקרו,יח',1.00,יח',false,,25.60,25.6000,true,1,5298713
7290110476656,false,כבל טעינה טייפ סי לט,,,כבל טעינה טייפ סי לט,יח',1.00,יח',false,,25.60,25.6000,true,1,5325108
7290110550370,false,משולשות קינואה ופלפל,,,משולשות קינואה ופלפל,גרמים,65.00,100 גרם,false,,7.60,0.1169,true,1,5411693
7290110551261,false,טעם הטבע נשנושי תירס,,,טעם הטבע נשנושי תירס,גרמים,500.00,100 גרם,false,,10.20,0.0204,true,1,5422801
7290110552121,false,דנונה היוגורט הראשון,,,דנונה היוגורט הראשון,מיליליטרים,100.00,"100 מ""ל",false,,1.90,0.0190,true,1,5364393
7290110552220,false,דנונה פרו 20 גרם ללא,,,דנונה פרו 20 גרם ללא,מטרים,200.00,100 מ'ל,false,,5.00,0.0250,true,1,5341218
7290110552237,false,"דנונה פרו 20 גרם לל""",,,"דנונה פרו 20 גרם לל""",מטרים,200.00,100 מ'ל,false,,5.00,0.0250,true,1,5341193
7290110553029,false,פריכיות חלבון קייל ח,,,פריכיות חלבון קייל ח,גרמים,60.00,100 גרם,false,,7.60,0.1267,true,1,5350153
7290110553036,false,פריכיות חלבון בטטה ס,,,פריכיות חלבון בטטה ס,גרמים,60.00,100 גרם,false,,7.60,0.1267,true,1,5350154
7290110553098,false,אנרג'י מאגדת צימוקים,,,אנרג'י מאגדת צימוקים,גרמים,100.00,100 גרם,false,,11.00,0.1100,true,1,5400419
7290110553104,false,קפוצ'ינו סטיק קלאסי,,,קפוצ'ינו סטיק קלאסי,גרמים,130.00,100 גרם,false,,13.60,0.1046,true,1,5422846
7290110553135,false,קפוצ'ינו סטיק וניל 1,,,קפוצ'ינו סטיק וניל 1,גרמים,130.00,100 גרם,false,,13.60,0.1046,true,1,5422847
7290110553173,false,אנרגי פריכיות בטעם ק,,,אנרגי פריכיות בטעם ק,גרמים,40.00,100 גרם,false,,5.00,0.1250,true,1,5411694
7290110553180,false,אנרגי פריכיות בטעם ת,,,אנרגי פריכיות בטעם ת,גרמים,40.00,100 גרם,false,,5.00,0.1250,true,1,5411695
7290110553340,false,אייס נמס מילקשייק מל,,,אייס נמס מילקשייק מל,יחידה,0.00,יחידה,false,,14.40,0.0000,true,1,5388432
7290110553623,false,ציטוס קראנצ צ'דר חלפ,,,ציטוס קראנצ צ'דר חלפ,גרמים,80.00,גרם,false,,3.60,0.0450,true,1,5380524
7290110554101,false,מייפל בפאוץ 125 מל,,,מייפל בפאוץ 125 מל,מטרים,125.00,100 מ'ל,false,,15.30,0.1224,true,1,5390101
7290110554262,false,חלבית חדש 350 גר,,,חלבית חדש 350 גר,גרמים,350.00,100 גרם,false,,17.00,0.0486,true,1,5357245
7290110554422,false,רוטב עגבניות ופלפלים,,,רוטב עגבניות ופלפלים,מטרים,350.00,100 מ'ל,false,,9.30,0.0266,true,1,5350156
7290110554514,false,קפה טורקי אתיופי 100,,,קפה טורקי אתיופי 100,גרמים,100.00,100 גרם,false,,6.50,0.0650,true,1,5385082
7290110554583,false,מארז ציטוס טעם גבינה,,,מארז ציטוס טעם גבינה,גרמים,236.00,100 גרם,false,,11.00,0.0466,true,1,5342695
7290110554699,false,קפה עלית קפסולות קפה,,,קפה עלית קפסולות קפה,גרמים,50.00,100 גרם,false,,14.40,0.2880,true,1,5418329
7290110554705,false,קפה עלית קפסולות קפה,,,קפה עלית קפסולות קפה,גרמים,50.00,100 גרם,false,,14.40,0.2880,true,1,5418330
7290110554712,false,קפה עלית קפסולות קפה,,,קפה עלית קפסולות קפה,גרמים,50.00,100 גרם,false,,14.40,0.2880,true,1,5418331
7290110554729,false,עלית קפסולות אספרסו,,,עלית קפסולות אספרסו,גרמים,50.00,100 גרם,false,,13.60,0.2720,true,1,5361688
7290110555009,false,יד מרדכי פסאטה 2*350,,,יד מרדכי פסאטה 2*350,גרמים,700.00,100 גרם,false,,10.20,0.0146,true,1,5390102
7290110555078,false,לאבנה שמן זית ועשבי,,,לאבנה שמן זית ועשבי,גרמים,250.00,100 גרם,false,,8.50,0.0340,true,1,5364395
7290110555603,false,שוקולטה ספנדיד 360 ג,,,שוקולטה ספנדיד 360 ג,גרמים,360.00,100 גרם,false,,17.00,0.0472,true,1,5422848
7290110555788,false,קפוצ'ינו פחית וניל 2,,,קפוצ'ינו פחית וניל 2,גרמים,200.00,100 גרם,false,,16.20,0.0810,true,1,5422850
7290110556242,false,שוקולד מריר פרווה בד,,,שוקולד מריר פרווה בד,גרמים,100.00,100 גרם,false,,5.00,0.0500,true,1,5418399
7290110557027,false,חומוס 50% טחינה 400,,,חומוס 50% טחינה 400,גרמים,400.00,100 גרם,false,,11.00,0.0275,true,1,5333339
7290110557102,false,מעדן חלב עם שוקולד מ,,,מעדן חלב עם שוקולד מ,גרמים,150.00,100 גרם,false,,4.00,0.0267,true,1,5321070
7290110557133,false,מעדן הגולן וניל 125,,,מעדן הגולן וניל 125,גרמים,125.00,100 גרם,false,,2.40,0.0192,true,1,5332876
7290110557317,false,היוגורט הראשון שלי ש,,,היוגורט הראשון שלי ש,מיליליטרים,100.00,"100 מ""ל",false,,1.90,0.0190,true,1,5364397
7290110557416,false,מילקי טופ לבבות 144,,,מילקי טופ לבבות 144,גרמים,144.00,גרם,false,,3.80,0.0264,true,1,5347214
7290110557478,false,חומוס גלילי אחלה 600,,,חומוס גלילי אחלה 600,גרמים,600.00,100 גרם,false,,10.20,0.0170,true,1,5355443
7290110557645,false,אנרג'י צימוקים חמוצי,,,אנרג'י צימוקים חמוצי,גרמים,100.00,100 גרם,false,,11.00,0.1100,true,1,5400420
7290110558130,false,אקטיביה עם שיבולת שו,,,אקטיביה עם שיבולת שו,גרמים,150.00,100 גרם,false,,3.70,0.0247,true,1,5377074
7290110558154,false,דנונה לייט אנד פרי,,,דנונה לייט אנד פרי,מטרים,150.00,100 מ'ל,false,,3.70,0.0247,true,1,5397457
7290110558222,false,דנונה וואו בנופי 150,,,דנונה וואו בנופי 150,מטרים,150.00,100 מ'ל,false,,3.80,0.0253,true,1,5397459
7290110558239,false,דנונה וואו קראק פאי,,,דנונה וואו קראק פאי,מטרים,150.00,100 מ'ל,false,,3.80,0.0253,true,1,5397460
7290110558253,false,דנונה ריפרש בננה אננ,,,דנונה ריפרש בננה אננ,גרמים,250.00,100 גרם,false,,4.20,0.0168,true,1,5377094
7290110558284,false,דנונה ביו מולטי 200,,,דנונה ביו מולטי 200,גרמים,200.00,100 גרם,false,,3.30,0.0165,true,1,5387778
7290110558307,false,דנונה פרו 20גר ושיבו,,,דנונה פרו 20גר ושיבו,גרמים,200.00,100 גרם,false,,5.30,0.0265,true,1,5364398
7290110558314,false,דנונה פרו 20 גרם פי,,,דנונה פרו 20 גרם פי,מטרים,200.00,100 מ'ל,false,,5.00,0.0250,true,1,5399329
7290110558338,false,דנונה פרו 25גר חלבון,,,דנונה פרו 25גר חלבון,גרמים,200.00,100 גרם,false,,5.00,0.0250,true,1,5364399
7290110558666,false,דניאלה בטעם תפוח 88,,,דניאלה בטעם תפוח 88,מיליליטרים,88.00,"100 מ""ל",false,,3.30,0.0375,true,1,5416469
7290110558918,false,עלי חסה קראנץ 150,,,עלי חסה קראנץ 150,גרמים,220.00,100 גרם,false,,9.30,0.0423,true,1,5397322
7290110559007,false,שעועית חומה 380גר טע,,,שעועית חומה 380גר טע,גרמים,380.00,100 גרם,false,,5.90,0.0155,true,1,5400421
7290110559014,false,שעועית שחורה 380גר,,,שעועית שחורה 380גר,גרמים,380.00,100 גרם,false,,5.90,0.0155,true,1,5400422
7290110559748,false,ריל שקדים קוקוס ושוק,,,ריל שקדים קוקוס ושוק,גרמים,105.00,100 גרם,false,,11.00,0.1048,true,1,5385057
7290110559755,false,ריל בוטנים פיסטוק וח,,,ריל בוטנים פיסטוק וח,גרמים,105.00,100 גרם,false,,11.00,0.1048,true,1,5385058
7290110559762,false,ריל מאגדת תמרים וקוק,,,ריל מאגדת תמרים וקוק,גרמים,105.00,100 גרם,false,,11.00,0.1048,true,1,5385059
7290110560300,false,פריכיות משולשות פלפל,,,פריכיות משולשות פלפל,גרמים,30.00,100 גרם,false,,4.20,0.1400,true,1,4436174
7290110560317,false,פריכיות משולשות מלח,,,פריכיות משולשות מלח,גרמים,30.00,100 גרם,false,,4.20,0.1400,true,1,4436175
7290110560324,false,פריכיות משולשות אפונ,,,פריכיות משולשות אפונ,גרמים,30.00,100 גרם,false,,4.20,0.1400,true,1,4436176
7290110561352,false,דנונה ביו דל לקטוז 2,,,דנונה ביו דל לקטוז 2,מיליליטרים,200.00,"100 מ""ל",false,,2.90,0.0145,true,1,3786535
7290110561604,false,מעדן גמדים תות בננה,,,מעדן גמדים תות בננה,מיליליטרים,800.00,"100 מ""ל",false,,15.30,0.0191,true,1,3465080
7290110563431,false,משקה קפה קר קלאסי 1.,,,משקה קפה קר קלאסי 1.,גרמים,230.00,100 גרם,false,,6.40,0.0278,true,1,4568493
7290110563448,false,משקה קפה קר מעודן 1.,,,משקה קפה קר מעודן 1.,גרמים,230.00,100 גרם,false,,6.40,0.0278,true,1,4568494
7290110563462,false,חלב בק' נטול לקטוז 2,,,חלב בק' נטול לקטוז 2,ליטרים,1.00,ליטר,false,,6.70,6.7000,true,1,4635694
7290110564339,false,החומוס של אבי עם תטב,,,החומוס של אבי עם תטב,גרמים,400.00,100 גרם,false,,11.00,0.0275,true,1,3465082
7290110564360,false,החומוס סדרה מובחרת 4,,,החומוס סדרה מובחרת 4,גרמים,400.00,100 גרם,false,,11.00,0.0275,true,1,3465083
7290110564414,false,החומוס סדרה מבוחרת 6,,,החומוס סדרה מבוחרת 6,גרמים,600.00,100 גרם,false,,12.70,0.0212,true,1,3465106
7290110564919,false,דנונה מעודנת ללא סוכ,,,דנונה מעודנת ללא סוכ,גרמים,150.00,100 גרם,false,,3.00,0.0200,true,1,3683854
7290110565435,false,"לימבו פטל 125 מ""ל",,,"לימבו פטל 125 מ""ל",מיליליטרים,125.00,"100 מ""ל",false,,1.70,0.0136,true,1,3377831
7290110565527,false,דנונה פרו 20ג חלבון,,,דנונה פרו 20ג חלבון,גרמים,200.00,100 גרם,false,,5.00,0.0250,true,1,3226898
7290110565572,false,מארז טורקי לדרך עם ה,,,מארז טורקי לדרך עם ה,גרמים,168.00,100 גרם,false,,14.40,0.0857,true,1,4912553
7290110566623,false,קפסולות למכונה עלית,,,קפסולות למכונה עלית,יח',1.00,יח',false,,13.60,13.6000,true,1,4082702
7290110566975,false,דנונה פרו 20ג תות,,,דנונה פרו 20ג תות,גרמים,200.00,100 גרם,false,,5.00,0.0250,true,1,3786559
7290110567057,false,מאסט מסטיק בוקסי מנט,,,מאסט מסטיק בוקסי מנט,גרמים,64.00,100 גרם,false,,8.50,0.1328,true,1,4388253
7290110568238,false,קצפת צמחית 21% שומן,,,קצפת צמחית 21% שומן,מיליליטרים,250.00,"100 מ""ל",false,,6.40,0.0256,true,1,4058023
7290110568276,false,משקה יטבתה פרו וניל,,,משקה יטבתה פרו וניל,מיליליטרים,350.00,"100 מ""ל",false,,5.60,0.0160,true,1,3906108
7290110570224,false,משקה קפה קר טעם עוגי,,,משקה קפה קר טעם עוגי,גרמים,230.00,100 גרם,false,,6.40,0.0278,true,1,5397488
7290110570880,false,פולי אספרסו 250גר עו,,,פולי אספרסו 250גר עו,גרמים,250.00,100 גרם,false,,17.00,0.0680,true,1,5371264
7290110571184,false,עדשים חומות 380גר טע,,,עדשים חומות 380גר טע,גרמים,380.00,100 גרם,false,,5.90,0.0155,true,1,5400423
7290110571382,false,מעדן חלב טעם וניל מו,,,מעדן חלב טעם וניל מו,גרמים,150.00,100 גרם,false,,4.00,0.0267,true,1,5355447
7290110571405,false,מיני פינוקיות בגביע,,,מיני פינוקיות בגביע,גרמים,400.00,100 גרם,false,,8.50,0.0213,true,1,5418448
7290110571412,false,מיני פינוקיות בגביע,,,מיני פינוקיות בגביע,גרמים,400.00,100 גרם,false,,8.50,0.0213,true,1,5418449
7290110571535,false,מארז טורקי הל,,,מארז טורקי הל,גרמים,300.00,100 גרם,false,,21.20,0.0707,true,1,5371265
7290110572129,false,כיף כף מקלות שוקולד,,,כיף כף מקלות שוקולד,יחידה,0.00,יחידה,false,,4.20,0.0000,true,1,5418472
7290110572884,false,קפסולות 20 למכונת נס,,,קפסולות 20 למכונת נס,יח',1.00,יח',false,,14.40,14.4000,true,1,5424625
7290110572969,false,כיף כף פצפצים קרם לב,,,כיף כף פצפצים קרם לב,גרמים,40.00,100 גרם,false,,4.20,0.1050,true,1,5400396
7290110572976,false,כיף כף פצפצים קרם לב,,,כיף כף פצפצים קרם לב,גרמים,135.00,100 גרם,false,,8.50,0.0630,true,1,5400397
7290110576318,false,עלית שוקולד אגוז לבן,,,עלית שוקולד אגוז לבן,גרמים,300.00,100 גרם,false,,18.70,0.0623,true,1,5418400
7290110576356,false,ספלנדיד שוקולד מריר,,,ספלנדיד שוקולד מריר,גרמים,100.00,100 גרם,false,,6.80,0.0680,true,1,5390104
7290110576370,false,עלית שוקולד אגוז מרי,,,עלית שוקולד אגוז מרי,גרמים,300.00,100 גרם,false,,18.70,0.0623,true,1,5418401
7290110576752,false,ספלנדיד מריר 70% 22,,,ספלנדיד מריר 70% 22,גרמים,100.00,100 גרם,false,,8.50,0.0850,true,1,5418475
7290110576776,false,ספלנדיד מריר 85% 22,,,ספלנדיד מריר 85% 22,גרמים,100.00,100 גרם,false,,8.50,0.0850,true,1,5418476
7290110576790,false,סקי טעם מוקה 3% 125,,,סקי טעם מוקה 3% 125,גרמים,125.00,100 גרם,false,,3.20,0.0256,true,1,5416471
7290110576868,false,גמדים מעדן סלט פירות,,,גמדים מעדן סלט פירות,מטרים,400.00,100 מ'ל,false,,9.30,0.0233,true,1,5416473
7290110577230,false,משקה חלב טעם פיסטוק,,,משקה חלב טעם פיסטוק,ליטרים,1.00,ליטר,false,,9.80,9.8000,true,1,5416474
7290110730109,false,נוטרילון קומפורט 900,,,נוטרילון קומפורט 900,גרמים,900.00,100 גרם,false,,76.80,0.0853,true,1,2902297
7290110804602,false,אוליב מסכה לשיער פגו,,,אוליב מסכה לשיער פגו,מיליליטרים,500.00,"100 מ""ל",false,,20.40,0.0408,true,1,5287685
7290111091520,false,"ד""ר עור תחליב רחצה א",,,"ד""ר עור תחליב רחצה א",מיליליטרים,700.00,"100 מ""ל",false,,12.70,0.0181,true,1,4332219
7290111091995,false,מגבוני בייביסיטר 9 י,,,מגבוני בייביסיטר 9 י,יחידה,0.00,יחידה,false,,21.30,0.0000,true,1,5386529
7290111094248,false,קוויק שקיות אשפה XL,,,קוויק שקיות אשפה XL,יח',1.00,יח',false,,16.20,16.2000,true,1,5281906
7290111094392,false,טרופיקל תחליב רחצה ד,,,טרופיקל תחליב רחצה ד,מטרים,700.00,100 מ'ל,false,,12.70,0.0181,true,1,5406806
7290111095818,false,קוויק שקיות אשפה L ע,,,קוויק שקיות אשפה L ע,יח',1.00,יח',false,,16.20,16.2000,true,1,5281907
7290111097546,false,מגבוני קוויק לניקוי,,,מגבוני קוויק לניקוי,יח',1.00,יח',false,,6.80,6.8000,true,1,5357615
7290111285325,false,צלחת במבוק 23 מיני מ,,,צלחת במבוק 23 מיני מ,יח',1.00,יח',false,,8.50,8.5000,true,1,4362836
7290111285349,false,צלחת במבוק 9 מפרץ,,,צלחת במבוק 9 מפרץ,יח',1.00,יח',false,,8.50,8.5000,true,1,4362837
7290111285356,false,צלחת במבוק 23 סמי הכ,,,צלחת במבוק 23 סמי הכ,יח',1.00,יח',false,,8.50,8.5000,true,1,4362929
7290111285363,false,צלחת במבוק 23 מיניונ,,,צלחת במבוק 23 מיניונ,יח',1.00,יח',false,,8.50,8.5000,true,1,4362930
7290111285431,false,קערה במבוק מפרץ ההרפ,,,קערה במבוק מפרץ ההרפ,יח',1.00,יח',false,,8.50,8.5000,true,1,4362935
7290111285448,false,קערה במבוק סמי הכבאי,,,קערה במבוק סמי הכבאי,יח',1.00,יח',false,,8.50,8.5000,true,1,4362936
7290111285509,false,כוס במבוק מיני מאוס,,,כוס במבוק מיני מאוס,יח',1.00,יח',false,,6.80,6.8000,true,1,4362941
7290111285523,false,כוס במבוק מפרץ ההרפת,,,כוס במבוק מפרץ ההרפת,יח',1.00,יח',false,,6.80,6.8000,true,1,4362942
7290111285530,false,כוס במבוק סמי הכבאי,,,כוס במבוק סמי הכבאי,יח',1.00,יח',false,,6.80,6.8000,true,1,4362943
7290111340178,false,מטליות לחות לניקוי 5,,,מטליות לחות לניקוי 5,יח',50.00,יח',false,,8.50,0.1700,true,1,2774722
7290111340185,false,מטליות לחות לרצפה 10,,,מטליות לחות לרצפה 10,יח',10.00,יח',false,,8.50,0.8500,true,1,2774723
7290111340925,false,מטליות לחות XL למשטח,,,מטליות לחות XL למשטח,40 יח',1.00,40 יח',false,,8.50,8.5000,true,1,3445157
7290111341434,false,דיפנד תחבושות נורמל,,,דיפנד תחבושות נורמל,100 יח',1.00,100 יח',false,,14.40,14.4000,true,1,4464886
7290111341540,false,טמפונים קוטקס אקטיב,,,טמפונים קוטקס אקטיב,יח',32.00,יח',false,,19.60,0.6125,true,1,4783701
7290111342004,false,לילי לח קידס 56 דפים,,,לילי לח קידס 56 דפים,יח',1.00,יח',false,,6.80,6.8000,true,1,4783703
7290111342042,false,כריות יפניות אנטיבקט,,,כריות יפניות אנטיבקט,יח',1.00,יח',false,,8.50,8.5000,true,1,5226613
7290111342059,false,מטליות לחות אנטיבקטר,,,מטליות לחות אנטיבקטר,יח',1.00,יח',false,,8.50,8.5000,true,1,5226614
7290111342073,false,מטליות מיקרופייבר אנ,,,מטליות מיקרופייבר אנ,יח',1.00,יח',false,,12.70,12.7000,true,1,5226615
7290111343117,false,קלינקס לושן סופט זוג,,,קלינקס לושן סופט זוג,יח',1.00,יח',false,,11.90,11.9000,true,1,5275136
7290111343797,false,ניקול מטליות לניקוי,,,ניקול מטליות לניקוי,יח',1.00,יח',false,,8.50,8.5000,true,1,5261368
7290111343858,false,מטליות לחות לניקוי ו,,,מטליות לחות לניקוי ו,יח',1.00,יח',false,,8.50,8.5000,true,1,5245723
7290111344145,false,ניקול זוג מטליות מיק,,,ניקול זוג מטליות מיק,יח',1.00,יח',false,,21.30,21.3000,true,1,5261372
7290111344565,false,שקיות זיפר במארז משו,,,שקיות זיפר במארז משו,יחידה,0.00,יחידה,false,,11.00,0.0000,true,1,5390076
7290111344855,false,קוטקס מגיני יום אקסט,,,קוטקס מגיני יום אקסט,יח',52.00,יח',false,,13.60,0.2615,true,1,5339349
7290111344879,false,קוטקס מגן תחתון 2 ב-,,,קוטקס מגן תחתון 2 ב-,יח',44.00,יח',false,,13.60,0.3091,true,1,5339350
7290111344916,false,ניקול כריות יפניות א,,,ניקול כריות יפניות א,יח',1.00,יח',false,,11.90,11.9000,true,1,5305021
7290111344930,false,מטליות לחות לרצפה בנ,,,מטליות לחות לרצפה בנ,יח',1.00,יח',false,,8.50,8.5000,true,1,5339367
7290111344978,false,ניקול רדיד אלומניום,,,ניקול רדיד אלומניום,יח',1.00,יח',false,,31.50,31.5000,true,1,5305022
7290111345722,false,שקיות לשמירת הטריות,,,שקיות לשמירת הטריות,יחידה,0.00,יחידה,false,,12.70,0.0000,true,1,5390078
7290111345999,false,זוג מטליות לחות לרצפ,,,זוג מטליות לחות לרצפ,יח',1.00,יח',false,,17.00,17.0000,true,1,5359390
7290111350092,false,המיטב במארז של לואקר,,,המיטב במארז של לואקר,גרמים,200.00,100 גרם,false,,17.00,0.0850,true,1,2762106
7290111350665,false,דבש לחיץ 350 גרם,,,דבש לחיץ 350 גרם,גרמים,350.00,100 גרם,false,,17.00,0.0486,true,1,4030956
7290111350672,false,דבש צנצנת 700 גר,,,דבש צנצנת 700 גר,גרמים,700.00,100 גרם,false,,25.60,0.0366,true,1,4030957
7290111350726,false,נאצוס מקסיקני 322 גר,,,נאצוס מקסיקני 322 גר,גרמים,322.00,100 גרם,false,,13.40,0.0416,true,1,4675561
7290111351280,false,קליית גת תערובת אגוז,,,קליית גת תערובת אגוז,גרמים,150.00,100 גרם,false,,13.60,0.0907,true,1,4529348
7290111351747,false,צ'וקטה טורטיה מקמח ח,,,צ'וקטה טורטיה מקמח ח,גרמים,320.00,100 גרם,false,,5.00,0.0156,true,1,5151256
7290111352508,false,סילאן טבעי לחיץ 840,,,סילאן טבעי לחיץ 840,מיליליטרים,840.00,"100 מ""ל",false,,17.00,0.0202,true,1,5233359
7290111352966,false,סוכריות גומי ממולאות,,,סוכריות גומי ממולאות,גרמים,250.00,100 גרם,false,,5.00,0.0200,true,1,5261103
7290111352973,false,יוגטה קוביות חמוצות,,,יוגטה קוביות חמוצות,גרמים,220.00,100 גרם,false,,5.00,0.0227,true,1,5261104
7290111353055,false,יוגטה סוכריות גומי ד,,,יוגטה סוכריות גומי ד,גרמים,200.00,100 גרם,false,,6.80,0.0340,true,1,5274612
7290111353109,false,יוגטה סוכריות גומי נ,,,יוגטה סוכריות גומי נ,גרמים,200.00,100 גרם,false,,6.80,0.0340,true,1,5274614
7290111353123,false,יוגטה סוכריות גומי נ,,,יוגטה סוכריות גומי נ,גרמים,200.00,100 גרם,false,,6.80,0.0340,true,1,5274616
7290111353239,false,יוגטה סוכריות גומי י,,,יוגטה סוכריות גומי י,גרמים,200.00,100 גרם,false,,6.80,0.0340,true,1,5274618
7290111353383,false,סוכריות מנטוס שמחות,,,סוכריות מנטוס שמחות,גרמים,250.00,100 גרם,false,,11.80,0.0472,true,1,5281938
7290111353482,false,מקלות חמוצים טעמי פי,,,מקלות חמוצים טעמי פי,גרמים,200.00,100 גרם,false,,5.00,0.0250,true,1,5292687
7290111353680,false,גרעיני חמנייה קלויים,,,גרעיני חמנייה קלויים,גרמים,350.00,100 גרם,false,,8.50,0.0243,true,1,5300525
7290111354038,false,עגבניות תמר איטלקיות,,,עגבניות תמר איטלקיות,גרמים,1200.00,100 גרם,false,,12.70,0.0106,true,1,5358775
7290111354045,false,עגבניות תמר איטלקיות,,,עגבניות תמר איטלקיות,גרמים,1200.00,100 גרם,false,,12.70,0.0106,true,1,5358776
7290111354335,false,מיני מרשמלו וניל 31,,,מיני מרשמלו וניל 31,יח',1.00,יח',false,,2.10,2.1000,true,1,5352617
7290111354687,false,יוגטה מיני מרשמלו 50,,,יוגטה מיני מרשמלו 50,גרמים,500.00,100 גרם,false,,21.10,0.0422,true,1,5411612
7290111531323,false,עוגיות רוגלך וניל 40,,,עוגיות רוגלך וניל 40,גרמים,400.00,100 גרם,false,,7.60,0.0190,true,1,5192993
7290111531392,false,עוגיות סגנון מרוקאי,,,עוגיות סגנון מרוקאי,גרמים,350.00,100 גרם,false,,12.70,0.0363,true,1,4964318
7290111531415,false,עוגיות ריפאת 350 גר,,,עוגיות ריפאת 350 גר,גרמים,350.00,100 גרם,false,,12.70,0.0363,true,1,4964319
7290111531439,false,עוגיות לקפה 350 גר ר,,,עוגיות לקפה 350 גר ר,גרמים,350.00,100 גרם,false,,12.70,0.0363,true,1,4964321
7290111564277,false,פיטנס פריכיות דקות 3,,,פיטנס פריכיות דקות 3,גרמים,120.00,100 גרם,false,,8.50,0.0708,true,1,2715808
7290111564956,false,ביסלי במבה מיקס 200,,,ביסלי במבה מיקס 200,גרמים,200.00,100 גרם,false,,7.60,0.0380,true,1,3703511
7290111566240,false,טבעול שניצל דק צ'לי,,,טבעול שניצל דק צ'לי,גרמים,564.00,100 גרם,false,,25.60,0.0454,true,1,3370016
7290111566271,false,טבעול חטיפי תירס 657,,,טבעול חטיפי תירס 657,גרמים,657.00,100 גרם,false,,25.60,0.0390,true,1,3370017
7290111566318,false,טבעול שניצל דק מהצומ,,,טבעול שניצל דק מהצומ,גרמים,564.00,100 גרם,false,,25.60,0.0454,true,1,3370018
7290111566332,false,טבעול נקניקיות וינר,,,טבעול נקניקיות וינר,גרמים,680.00,100 גרם,false,,25.60,0.0376,true,1,3370019
7290111566417,false,טבעול טחון צמחוני 50,,,טבעול טחון צמחוני 50,גרמים,500.00,100 גרם,false,,25.60,0.0512,true,1,3370104
7290111566547,false,טבעול חזה בגריל צמחו,,,טבעול חזה בגריל צמחו,גרמים,560.00,100 גרם,false,,25.60,0.0457,true,1,3370106
7290111566561,false,טבעול שניצל ברוקולי,,,טבעול שניצל ברוקולי,גרמים,560.00,100 גרם,false,,25.60,0.0457,true,1,3370066
7290111566585,false,טבעול שניצל צמחוני 9,,,טבעול שניצל צמחוני 9,גרמים,650.00,100 גרם,false,,25.60,0.0394,true,1,3370067
7290111566691,false,טבעול שניצל תרד 99 ק,,,טבעול שניצל תרד 99 ק,גרמים,560.00,100 גרם,false,,25.60,0.0457,true,1,3370068
7290111566714,false,טבעול המבורגר צמחוני,,,טבעול המבורגר צמחוני,גרמים,600.00,100 גרם,false,,25.60,0.0427,true,1,3370069
7290111566752,false,טבעול שניצל תירס 99,,,טבעול שניצל תירס 99,גרמים,693.00,100 גרם,false,,25.60,0.0369,true,1,3370070
7290111568206,false,ביסלי פארטי מיקס 150,,,ביסלי פארטי מיקס 150,גרמים,150.00,100 גרם,false,,5.90,0.0393,true,1,3703551
7290111568275,false,נודלס אטריות אורז רח,,,נודלס אטריות אורז רח,גרמים,300.00,100 גרם,false,,7.60,0.0253,true,1,3828605
7290111568961,false,בייגלה טבעות מלח 400,,,בייגלה טבעות מלח 400,גרמים,400.00,100 גרם,false,,8.50,0.0213,true,1,3970550
7290111873607,false,כוס במבוק כח פי ג'יי,,,כוס במבוק כח פי ג'יי,יח',1.00,יח',false,,6.80,6.8000,true,1,4362947
7290111873614,false,קערה במבוק כח פי ג'י,,,קערה במבוק כח פי ג'י,יח',1.00,יח',false,,8.50,8.5000,true,1,4362948
7290111874130,false,שקית 10 מודפס,,,שקית 10 מודפס,יח',1.00,יח',false,,6.80,6.8000,true,1,4914739
7290111874154,false,שקית 10 מודפס לבבות,,,שקית 10 מודפס לבבות,יח',1.00,יח',false,,6.80,6.8000,true,1,4914740
7290111878992,false,בקבוק טריטן פיה מפלס,,,בקבוק טריטן פיה מפלס,יח',1.00,יח',false,,17.00,17.0000,true,1,4598027
7290111930898,false,פוף כוכבים גריל אמרי,,,פוף כוכבים גריל אמרי,גרמים,40.00,100 גרם,false,,2.50,0.0625,true,1,3138709
7290111930904,false,פוף כוכבים בצל 40 גר,,,פוף כוכבים בצל 40 גר,גרמים,40.00,100 גרם,false,,2.50,0.0625,true,1,3138710
7290111930911,false,פוף לבבות קלאסי 40 ג,,,פוף לבבות קלאסי 40 ג,גרמים,40.00,100 גרם,false,,2.50,0.0625,true,1,3138711
7290111930928,false,פוף לבבות גריל 40 גר,,,פוף לבבות גריל 40 גר,גרמים,40.00,100 גרם,false,,2.50,0.0625,true,1,3138712
7290111930935,false,פוף טבעות קלאסי 40 ג,,,פוף טבעות קלאסי 40 ג,גרמים,40.00,100 גרם,false,,2.50,0.0625,true,1,3138713
7290111931321,false,קולגייט ילדים מיניונ,,,קולגייט ילדים מיניונ,מטרים,50.00,100 מ'ל,false,,10.20,0.2040,true,1,3934785
7290111931338,false,פלמוליב סבון לומינוס,,,פלמוליב סבון לומינוס,מיליליטרים,500.00,"100 מ""ל",false,,13.60,0.0272,true,1,3802795
7290111932380,false,זוג משחת שיניים מריד,,,זוג משחת שיניים מריד,מטרים,75.00,100 מ'ל,false,,27.30,0.3640,true,1,3480135
7290111932502,false,קולגייט אופטיק וויט,,,קולגייט אופטיק וויט,מטרים,75.00,100 מ'ל,false,,25.50,0.3400,true,1,4236393
7290111932700,false,בלונס מסכת רימונים,,,בלונס מסכת רימונים,מטרים,28.00,100 מ'ל,false,,8.50,0.3036,true,1,5314853
7290111932717,false,בלונס מסכת אשכוליות,,,בלונס מסכת אשכוליות,מטרים,28.00,100 מ'ל,false,,8.50,0.3036,true,1,5314854
7290111932724,false,בלונס מסכת פטל שחור,,,בלונס מסכת פטל שחור,מטרים,28.00,100 מ'ל,false,,8.50,0.3036,true,1,5314855
7290111933462,false,מאסטר שף רוטב צ'ילי,,,מאסטר שף רוטב צ'ילי,מיליליטרים,300.00,"100 מ""ל",false,,6.80,0.0227,true,1,3711638
7290111933554,false,מאסטר שף עגבניות קוב,,,מאסטר שף עגבניות קוב,קילוגרמים,1.20,"ק""ג",false,,13.60,11.3333,true,1,4301854
7290111933998,false,קוקי תבנית אינגליקיי,,,קוקי תבנית אינגליקיי,יח',1.00,יח',false,,8.50,8.5000,true,1,4675473
7290111935961,false,מאסטר שף מחית עגבניו,,,מאסטר שף מחית עגבניו,גרמים,690.00,100 גרם,false,,8.50,0.0123,true,1,4751840
7290111936203,false,ליידי ספיד סטיק דרמה,,,ליידי ספיד סטיק דרמה,מיליליטרים,150.00,"100 מ""ל",false,,11.90,0.0793,true,1,4814615
7290111936296,false,פלמוליב ארומה סנסייש,,,פלמוליב ארומה סנסייש,מיליליטרים,750.00,"100 מ""ל",false,,17.00,0.0227,true,1,4781648
7290111936784,false,פרי מארז 5 חטיפים תמ,,,פרי מארז 5 חטיפים תמ,גרמים,125.00,100 גרם,false,,12.70,0.1016,true,1,4571670
7290111937231,false,פרי מארז 5 חטיפים תמ,,,פרי מארז 5 חטיפים תמ,גרמים,125.00,100 גרם,false,,12.70,0.1016,true,1,4571672
7290111937248,false,פרי מארז 5 חטיפים תמ,,,פרי מארז 5 חטיפים תמ,גרמים,125.00,100 גרם,false,,12.70,0.1016,true,1,4571673
7290111937255,false,פרי מארז 5 חטיפים תמ,,,פרי מארז 5 חטיפים תמ,גרמים,125.00,100 גרם,false,,12.70,0.1016,true,1,4571674
7290111937262,false,פרי מארז 5 חטיפים תמ,,,פרי מארז 5 חטיפים תמ,גרמים,125.00,100 גרם,false,,12.70,0.1016,true,1,4571675
7290111937644,false,בלונס פצצת אמבט קוקו,,,בלונס פצצת אמבט קוקו,מטרים,100.00,100 מ'ל,false,,8.50,0.0850,true,1,5314860
7290111937651,false,בלונס פצצת אמבט מנגו,,,בלונס פצצת אמבט מנגו,מטרים,100.00,100 מ'ל,false,,8.50,0.0850,true,1,5314861
7290111937668,false,בלונס פצצת אמבט תפוח,,,בלונס פצצת אמבט תפוח,מטרים,100.00,100 מ'ל,false,,8.50,0.0850,true,1,5314862
7290111938481,false,מאסטר שף רוטב סויה ב,,,מאסטר שף רוטב סויה ב,מיליליטרים,300.00,"100 מ""ל",false,,7.60,0.0253,true,1,5235691
7290111938498,false,מאסטר שף רוטב סויה ב,,,מאסטר שף רוטב סויה ב,מיליליטרים,700.00,"100 מ""ל",false,,8.50,0.0121,true,1,5186888
7290111939174,false,קוקי ניילון נצמד עם,,,קוקי ניילון נצמד עם,יח',1.00,יח',false,,7.60,7.6000,true,1,5226611
7290111939181,false,קוקי ניילון נצמד עם,,,קוקי ניילון נצמד עם,יח',1.00,יח',false,,7.60,7.6000,true,1,5226612
7290111990106,false,שטיח שאגי 220*160,,,שטיח שאגי 220*160,יח',1.00,יח',false,,256.30,256.3000,true,1,2741620
7290111990205,false,שטיח סלון 230*160,,,שטיח סלון 230*160,יח',1.00,יח',false,,170.90,170.9000,true,1,2741625
7290111990274,false,שטיח חלק 120x160,,,שטיח חלק 120x160,יח',1.00,יח',false,,85.40,85.4000,true,1,5020749
7290112000156,false,מילוי מפיץ אדים לבנד,,,מילוי מפיץ אדים לבנד,מטרים,20.00,100 מ'ל,false,,14.40,0.7200,true,1,3786160
7290112000163,false,מילוי מפיץ אדים יסמי,,,מילוי מפיץ אדים יסמי,מטרים,20.00,100 מ'ל,false,,14.40,0.7200,true,1,3786145
7290112000286,false,סיליט ג'ל אסלות לימו,,,סיליט ג'ל אסלות לימו,מיליליטרים,750.00,"100 מ""ל",false,,8.50,0.0113,true,1,3380082
7290112000293,false,סיליט באנג ג'ל לניקו,,,סיליט באנג ג'ל לניקו,מיליליטרים,750.00,"100 מ""ל",false,,8.50,0.0113,true,1,3380083
7290112000385,false,דטול תרסיס למטבח 750,,,דטול תרסיס למטבח 750,מיליליטרים,750.00,"100 מ""ל",false,,8.50,0.0113,true,1,4266419
7290112000392,false,דטול תרסיס לאמבטיה 7,,,דטול תרסיס לאמבטיה 7,מיליליטרים,750.00,"100 מ""ל",false,,8.50,0.0113,true,1,4266420
7290112000408,false,דטול תרסיס לניקוי כל,,,דטול תרסיס לניקוי כל,מיליליטרים,750.00,"100 מ""ל",false,,8.50,0.0113,true,1,4266421
7290112000736,false,פיניש טבליות 80יח 1,,,פיניש טבליות 80יח 1,קילוגרמים,1.28,"ק""ג",false,,46.90,36.6406,true,1,3915453
7290112000798,false,דטול תרסיס חיטוי אנט,,,דטול תרסיס חיטוי אנט,מיליליטרים,750.00,"100 מ""ל",false,,8.50,0.0113,true,1,4266422
7290112000828,false,דטול מגבונים חיטוי א,,,דטול מגבונים חיטוי א,יח',60.00,יח',false,,6.80,0.1133,true,1,4266423
7290112001016,false,אירוויק מכשיר אוטומט,,,אירוויק מכשיר אוטומט,יח',1.00,יח',false,,34.10,34.1000,true,1,4266427
7290112001023,false,אירוויק מילוי מכשיר,,,אירוויק מילוי מכשיר,מיליליטרים,250.00,"100 מ""ל",false,,12.70,0.0508,true,1,4266428
7290112001030,false,אירוויק מילוי מכשיר,,,אירוויק מילוי מכשיר,מיליליטרים,250.00,"100 מ""ל",false,,12.70,0.0508,true,1,4266429
7290112001436,false,פיניש מנקה מדיח כלים,,,פיניש מנקה מדיח כלים,מיליליטרים,250.00,"100 מ""ל",false,,12.70,0.0508,true,1,5134062
7290112001870,false,סיליט באנג אמבטיות 7,,,סיליט באנג אמבטיות 7,מיליליטרים,750.00,"100 מ""ל",false,,10.70,0.0143,true,1,4930769
7290112002099,false,קולון ג'ל 2.5 לי רגי,,,קולון ג'ל 2.5 לי רגי,יח',1.00,יח',false,,21.30,21.3000,true,1,5052701
7290112002105,false,קולון ג'ל 2.5 לי ניח,,,קולון ג'ל 2.5 לי ניח,יח',1.00,יח',false,,21.30,21.3000,true,1,5052702
7290112002112,false,קולון ג'ל 2.5 לי ניח,,,קולון ג'ל 2.5 לי ניח,יח',1.00,יח',false,,21.30,21.3000,true,1,5052703
7290112002129,false,קולון ג'ל 2.5 לי ניח,,,קולון ג'ל 2.5 לי ניח,יח',1.00,יח',false,,21.30,21.3000,true,1,5052704
7290112002136,false,קולון ג'ל 4לי,,,קולון ג'ל 4לי,יח',1.00,יח',false,,29.70,29.7000,true,1,5052705
7290112002143,false,קולון ג'ל 4לי ניחוח,,,קולון ג'ל 4לי ניחוח,יח',1.00,יח',false,,29.70,29.7000,true,1,5052706
7290112002150,false,קולון ג'ל 4לי ורדים,,,קולון ג'ל 4לי ורדים,יח',1.00,יח',false,,29.70,29.7000,true,1,5052707
7290112002167,false,קולון ג'ל 4 לי,,,קולון ג'ל 4 לי,יח',1.00,יח',false,,29.70,29.7000,true,1,5052708
7290112002457,false,דטול מגבונים לניקוי,,,דטול מגבונים לניקוי,יח',1.00,יח',false,,17.00,17.0000,true,1,5052727
7290112002983,false,סיליט ספריי חומצת לי,,,סיליט ספריי חומצת לי,מיליליטרים,750.00,"100 מ""ל",false,,11.90,0.0159,true,1,5254719
7290112002990,false,סיליט ספריי אבקת סוד,,,סיליט ספריי אבקת סוד,מיליליטרים,750.00,"100 מ""ל",false,,11.90,0.0159,true,1,5254720
7290112003140,false,אירוויק פרשמטיק מילו,,,אירוויק פרשמטיק מילו,יח',1.00,יח',false,,12.70,12.7000,true,1,5248527
7290112003232,false,אבקת כביסה קולון לבנ,,,אבקת כביסה קולון לבנ,יח',1.00,יח',false,,33.20,33.2000,true,1,5259868
7290112003249,false,אבקת כביסה קולון מאס,,,אבקת כביסה קולון מאס,יח',1.00,יח',false,,33.20,33.2000,true,1,5259869
7290112003478,false,איירוויק בוטניקה ספר,,,איירוויק בוטניקה ספר,מיליליטרים,250.00,"100 מ""ל",false,,12.70,0.0508,true,1,5286288
7290112003508,false,איירוויק בוטניקה ספר,,,איירוויק בוטניקה ספר,מיליליטרים,250.00,"100 מ""ל",false,,12.70,0.0508,true,1,5286289
7290112003843,false,קלגון ג'ל אנטיבקטריא,,,קלגון ג'ל אנטיבקטריא,יח',1.00,יח',false,,25.60,25.6000,true,1,5307866
7290112003959,false,וניש מסיר כתמים לכבי,,,וניש מסיר כתמים לכבי,גרמים,470.00,100 גרם,false,,14.30,0.0304,true,1,5313105
7290112004024,false,"וניש גולד ג'ל 940 מ""",,,"וניש גולד ג'ל 940 מ""",מיליליטרים,940.00,"100 מ""ל",false,,17.00,0.0181,true,1,5335323
7290112004031,false,"וניש גולד ג'ל 940 מ""",,,"וניש גולד ג'ל 940 מ""",מיליליטרים,940.00,"100 מ""ל",false,,17.00,0.0181,true,1,5335324
7290112004109,false,דטול מארז מגבונים לח,,,דטול מארז מגבונים לח,יח',1.00,יח',false,,17.00,17.0000,true,1,5288419
7290112004161,false,איירוויק פרשמטיק מיל,,,איירוויק פרשמטיק מיל,מיליליטרים,250.00,"100 מ""ל",false,,12.70,0.0508,true,1,5286291
7290112004185,false,נוזל הברקה אקולוגי פ,,,נוזל הברקה אקולוגי פ,מיליליטרים,400.00,"100 מ""ל",false,,12.70,0.0317,true,1,5313109
7290112004208,false,פיניש טבליות 50יח לי,,,פיניש טבליות 50יח לי,יח',1.00,יח',false,,29.80,29.8000,true,1,5313111
7290112004314,false,דטול תרסיס מנקה ומחט,,,דטול תרסיס מנקה ומחט,מיליליטרים,750.00,"100 מ""ל",false,,8.50,0.0113,true,1,5313112
7290112004321,false,דטול מגבונים לניקוי,,,דטול מגבונים לניקוי,יח',60.00,יח',false,,6.80,0.1133,true,1,5313113
7290112004413,false,וניש קליה ספריי להסר,,,וניש קליה ספריי להסר,מיליליטרים,750.00,"100 מ""ל",false,,14.40,0.0192,true,1,5361129
7290112004604,false,דטו מגבונים שלישייה,,,דטו מגבונים שלישייה,יח',1.00,יח',false,,17.00,17.0000,true,1,5321635
7290112004611,false,וניש גולד ג'ל עוצמתי,,,וניש גולד ג'ל עוצמתי,מטרים,200.00,100 מ'ל,false,,14.10,0.0705,true,1,5351620
7290112004703,false,וניש ג'ליסימו ורוד 7,,,וניש ג'ליסימו ורוד 7,מטרים,750.00,100 מ'ל,false,,17.00,0.0227,true,1,5416175
7290112004710,false,וניש ג'ליסימו לבן 75,,,וניש ג'ליסימו לבן 75,מטרים,750.00,100 מ'ל,false,,17.00,0.0227,true,1,5416176
7290112004772,false,אלקטריק רפיל כביסה ב,,,אלקטריק רפיל כביסה ב,מטרים,19.00,100 מ'ל,false,,11.80,0.6211,true,1,5388661
7290112004963,false,פיניש אולטימייט 25,,,פיניש אולטימייט 25,יח',1.00,יח',false,,34.10,34.1000,true,1,5393035
7290112004970,false,פיניש אולטימייט 50,,,פיניש אולטימייט 50,יח',60.00,יח',false,,51.20,0.8533,true,1,5393036
7290112004987,false,אירוויק ספריי אוטומט,,,אירוויק ספריי אוטומט,מיליליטרים,250.00,"100 מ""ל",false,,12.70,0.0508,true,1,5373663
7290112005076,false,וניש אבקה לכביסה צבע,,,וניש אבקה לכביסה צבע,גרמים,480.00,100 גרם,false,,14.40,0.0300,true,1,5389898
7290112005083,false,וניש אבקה לכביסה צבע,,,וניש אבקה לכביסה צבע,קילוגרמים,1.50,"ק""ג",false,,34.10,22.7333,true,1,5389577
7290112005144,false,מכשיר פרשמטיק אוטומט,,,מכשיר פרשמטיק אוטומט,יחידה,0.00,יחידה,false,,34.10,0.0000,true,1,5377136
7290112005168,false,פיניש קוואנטום 60 טב,,,פיניש קוואנטום 60 טב,יח',60.00,יח',false,,51.20,0.8533,true,1,5393037
7290112011930,false,רוטב סויה 550 גרם רמ,,,רוטב סויה 550 גרם רמ,גרמים,550.00,100 גרם,false,,8.50,0.0155,true,1,4635784
7290112011985,false,רוטב טריאקי 560 גרם,,,רוטב טריאקי 560 גרם,גרמים,560.00,100 גרם,false,,8.50,0.0152,true,1,4858964
7290112012869,false,רוטב טריאקי גינגר וש,,,רוטב טריאקי גינגר וש,גרמים,590.00,100 גרם,false,,8.50,0.0144,true,1,5320340
7290112013767,false,רמי לוי רוטב אלף האי,,,רמי לוי רוטב אלף האי,גרמים,500.00,100 גרם,false,,8.50,0.0170,true,1,3128297
7290112013774,false,רוטב אלף האיים לייט,,,רוטב אלף האיים לייט,גרמים,500.00,100 גרם,false,,8.50,0.0170,true,1,3128298
7290112013798,false,רמי לוי רוטב וינגרט,,,רמי לוי רוטב וינגרט,גרמים,500.00,100 גרם,false,,8.50,0.0170,true,1,3128300
7290112190468,false,שמן זית 750 מל,,,שמן זית 750 מל,מיליליטרים,750.00,"100 מ""ל",false,,21.30,0.0284,true,1,4992220
7290112191069,false,טורטיה 8יח 20סמ,,,טורטיה 8יח 20סמ,יח',1.00,יח',false,,6.80,6.8000,true,1,4301775
7290112191090,false,טורטיה קמח כוסמת מלא,,,טורטיה קמח כוסמת מלא,גרמים,320.00,100 גרם,false,,7.60,0.0237,true,1,4643022
7290112191113,false,טורטיה וזרעי צ'יה 32,,,טורטיה וזרעי צ'יה 32,גרמים,320.00,100 גרם,false,,6.80,0.0212,true,1,4643023
7290112192561,false,פרודונטקס הלבנה 75 מ,,,פרודונטקס הלבנה 75 מ,מטרים,75.00,100 מ'ל,false,,29.80,0.3973,true,1,5017194
7290112192578,false,פרודונטקס הגנה מלאה,,,פרודונטקס הגנה מלאה,מטרים,75.00,100 מ'ל,false,,29.80,0.3973,true,1,5017195
7290112192585,false,מברשת שיניים פרודונט,,,מברשת שיניים פרודונט,יח',1.00,יח',false,,21.30,21.3000,true,1,5017196
7290112192875,false,סנסודיין חניכיים רגי,,,סנסודיין חניכיים רגי,יח',1.00,יח',false,,29.00,29.0000,true,1,5151346
7290112192882,false,סנסודיין מלבינה 75 מ,,,סנסודיין מלבינה 75 מ,יח',1.00,יח',false,,29.00,29.0000,true,1,5151347
7290112193278,false,שמפו מתולתלות 600 מל,,,שמפו מתולתלות 600 מל,מיליליטרים,600.00,"100 מ""ל",false,,17.90,0.0298,true,1,5249220
7290112193285,false,מרכך מתולתלות 600 מל,,,מרכך מתולתלות 600 מל,מיליליטרים,600.00,"100 מ""ל",false,,17.90,0.0298,true,1,5249221
7290112195777,false,פול 1 קג,,,פול 1 קג,גרמים,1000.00,100 גרם,false,,11.90,0.0119,true,1,5356495
7290112195975,false,שווארמה צמחונית 500,,,שווארמה צמחונית 500,גרמים,500.00,100 גרם,false,,17.00,0.0340,true,1,5415446
7290112196385,false,אטריות מקמח כוסמין מ,,,אטריות מקמח כוסמין מ,גרמים,400.00,100 גרם,false,,12.70,0.0317,true,1,5291826
7290112196514,false,חטיפי קרקר כוסמין 18,,,חטיפי קרקר כוסמין 18,גרמים,180.00,100 גרם,false,,8.50,0.0472,true,1,5313203
7290112196774,false,ביסקוויט חצי מצופה כ,,,ביסקוויט חצי מצופה כ,גרמים,175.00,100 גרם,false,,10.20,0.0583,true,1,5313188
7290112197061,false,תחליב רחצה 25% לחות,,,תחליב רחצה 25% לחות,מטרים,500.00,100 מ'ל,false,,8.50,0.0170,true,1,5355273
7290112197092,false,סבון מעוצב ניו יורק,,,סבון מעוצב ניו יורק,מטרים,500.00,100 מ'ל,false,,8.50,0.0170,true,1,5387400
7290112197184,false,דגני בוקר במילוי קרם,,,דגני בוקר במילוי קרם,גרמים,395.00,100 גרם,false,,18.70,0.0473,true,1,5356628
7290112330352,false,דנונה פרו 20ג וניל 0,,,דנונה פרו 20ג וניל 0,גרמים,200.00,100 גרם,false,,5.00,0.0250,true,1,4738737
7290112330390,false,דנונה פרו 20ג פירות,,,דנונה פרו 20ג פירות,גרמים,200.00,100 גרם,false,,5.00,0.0250,true,1,4738738
7290112330420,false,דנונה פרו לבן 2.9%,,,דנונה פרו לבן 2.9%,גרמים,150.00,100 גרם,false,,3.80,0.0253,true,1,4566555
7290112332585,false,פריכיות תפוא אורז בת,,,פריכיות תפוא אורז בת,גרמים,30.00,גרם,false,,4.20,0.1400,true,1,4834184
7290112332691,false,עוגיית קרם פסק אגוזי,,,עוגיית קרם פסק אגוזי,גרמים,200.00,100 גרם,false,,8.50,0.0425,true,1,4912536
7290112332875,false,מאסט קוביות מנטה עדי,,,מאסט קוביות מנטה עדי,גרמים,86.00,100 גרם,false,,11.00,0.1279,true,1,4767893
7290112334596,false,שוקולית 850+10% גרם,,,שוקולית 850+10% גרם,גרמים,935.00,100 גרם,false,,12.70,0.0136,true,1,5271831
7290112334749,false,קפה טורקי 200 גרם,,,קפה טורקי 200 גרם,גרמים,200.00,100 גרם,false,,12.70,0.0635,true,1,4893746
7290112335111,false,מאסט קוביות בזוקה 86,,,מאסט קוביות בזוקה 86,גרמים,86.00,100 גרם,false,,11.00,0.1279,true,1,4767894
7290112335487,false,פריכיות הטעימות קצח,,,פריכיות הטעימות קצח,גרמים,135.00,100 גרם,false,,8.50,0.0630,true,1,4877002
7290112335494,false,פריכיות הטעימות פוטט,,,פריכיות הטעימות פוטט,גרמים,135.00,100 גרם,false,,8.50,0.0630,true,1,4877003
7290112335500,false,פריכיות הטעימות חלבו,,,פריכיות הטעימות חלבו,גרמים,135.00,100 גרם,false,,8.50,0.0630,true,1,4877004
7290112336637,false,"סוכריות לל""ס יוגורט",,,"סוכריות לל""ס יוגורט",גרמים,80.00,100 גרם,false,,5.90,0.0738,true,1,5046916
7290112336644,false,"סוכריות לל""ס לימון 8",,,"סוכריות לל""ס לימון 8",גרמים,80.00,100 גרם,false,,5.90,0.0738,true,1,5046917
7290112336651,false,"סוכריות לל""ס ריבת חל",,,"סוכריות לל""ס ריבת חל",גרמים,80.00,100 גרם,false,,5.90,0.0738,true,1,5046918
7290112336712,false,דנונה פרו 21 0%,,,דנונה פרו 21 0%,גרמים,200.00,100 גרם,false,,5.00,0.0250,true,1,4635695
7290112337474,false,"סוכריות לל""ס פטל לימ",,,"סוכריות לל""ס פטל לימ",גרמים,80.00,100 גרם,false,,5.90,0.0738,true,1,5046919
7290112337481,false,"סוכריות לל""ס קפוצינו",,,"סוכריות לל""ס קפוצינו",גרמים,80.00,100 גרם,false,,5.90,0.0738,true,1,5046920
7290112338877,false,סקי תות 3% 125 גר,,,סקי תות 3% 125 גר,גרמים,125.00,100 גרם,false,,3.20,0.0256,true,1,4531717
7290112339171,false,מילקי מוס 81 גר,,,מילקי מוס 81 גר,גרמים,81.00,גרם,false,,2.80,0.0346,true,1,4531719
7290112339362,false,דנונה דיאט קפוצינו,,,דנונה דיאט קפוצינו,גרמים,150.00,100 גרם,false,,3.70,0.0247,true,1,5147742
7290112339867,false,גמדים סקוויז לדרך תו,,,גמדים סקוויז לדרך תו,גרמים,100.00,100 גרם,false,,4.60,0.0460,true,1,4566557
7290112339874,false,גמדים סקוויז לדרך תו,,,גמדים סקוויז לדרך תו,גרמים,100.00,100 גרם,false,,4.60,0.0460,true,1,4566558
7290112340122,false,פריכיות הטעימות 3 דג,,,פריכיות הטעימות 3 דג,גרמים,135.00,100 גרם,false,,8.50,0.0630,true,1,4877005
7290112340245,false,מאסט דובדבן צנצנת 66,,,מאסט דובדבן צנצנת 66,יח',1.00,יח',false,,7.60,7.6000,true,1,4710169
7290112340276,false,עוגיית קרם קפה נמס 2,,,עוגיית קרם קפה נמס 2,גרמים,200.00,100 גרם,false,,8.50,0.0425,true,1,4912538
7290112340900,false,האג קפה טורקי 200 גר,,,האג קפה טורקי 200 גר,גרמים,200.00,100 גרם,false,,21.30,0.1065,true,1,5267192
7290112341556,false,אקטיביה צ'יה ותות,,,אקטיביה צ'יה ותות,גרמים,150.00,100 גרם,false,,3.80,0.0253,true,1,5005732
7290112341679,false,אקטיביה 3% 200 גרם,,,אקטיביה 3% 200 גרם,גרמים,200.00,100 גרם,false,,3.20,0.0160,true,1,5005733
7290112341686,false,יוגורט אקטיביה 3% 15,,,יוגורט אקטיביה 3% 15,ליטרים,1.20,ליטר,false,,17.00,14.1667,true,1,5005734
7290112342102,false,סימפוניה בצל מקורמל,,,סימפוניה בצל מקורמל,גרמים,200.00,100 גרם,false,,8.90,0.0445,true,1,5215309
7290112342270,false,קפה פלטינום אינטנס 1,,,קפה פלטינום אינטנס 1,גרמים,125.00,100 גרם,false,,13.60,0.1088,true,1,4964369
7290112343260,false,רוטב שמנת קלאסי 9%,,,רוטב שמנת קלאסי 9%,מיליליטרים,260.00,"100 מ""ל",false,,8.40,0.0323,true,1,5155754
7290112343420,false,יטבתה פרו ארוחת בוקר,,,יטבתה פרו ארוחת בוקר,מיליליטרים,350.00,"100 מ""ל",false,,5.90,0.0169,true,1,5225429
7290112343499,false,ציטוס פופס 55 גר,,,ציטוס פופס 55 גר,יח',1.00,יח',false,,2.60,2.6000,true,1,5324442
7290112343512,false,ציטוס פופס 160 גר,,,ציטוס פופס 160 גר,100 יח,160.00,100 יח,false,,5.90,0.0369,true,1,5324443
7290112344564,false,רביולי גבינה,,,רביולי גבינה,גרמים,300.00,100 גרם,false,,16.90,0.0563,true,1,5005757
7290112344724,false,מילקי טעם שוקולד בלנ,,,מילקי טעם שוקולד בלנ,גרמים,133.00,100 גרם,false,,2.80,0.0211,true,1,5155757
7290112344755,false,מילקי 26% פחות סוכר,,,מילקי 26% פחות סוכר,מיליליטרים,135.00,"100 מ""ל",false,,2.30,0.0170,true,1,5284499
7290112344786,false,פלטינום קלאסיק 200 ג,,,פלטינום קלאסיק 200 ג,גרמים,200.00,100 גרם,false,,21.30,0.1065,true,1,5242214
7290112344953,false,סימפוניה חציל קלוי 5,,,סימפוניה חציל קלוי 5,גרמים,200.00,100 גרם,false,,8.90,0.0445,true,1,5290615
7290112346360,false,בפלות אחת אחת בציפוי,,,בפלות אחת אחת בציפוי,גרמים,180.00,100 גרם,false,,10.20,0.0567,true,1,5226915
7290112346629,false,יוגורט דנונה קורנפלק,,,יוגורט דנונה קורנפלק,מיליליטרים,172.00,"100 מ""ל",false,,3.70,0.0215,true,1,5252392
7290112346773,false,דנונה לייט אנד פריי,,,דנונה לייט אנד פריי,גרמים,150.00,100 גרם,false,,3.70,0.0247,true,1,5290616
7290112346797,false,אקטיביה שיבולת שועל,,,אקטיביה שיבולת שועל,גרמים,150.00,100 גרם,false,,3.80,0.0253,true,1,5242084
7290112346827,false,אקטימל ויטמין סי פטל,,,אקטימל ויטמין סי פטל,מיליליטרים,864.00,"100 מ""ל",false,,17.00,0.0197,true,1,5282887
7290112347008,false,גמדים ארוחת בוקר עם,,,גמדים ארוחת בוקר עם,יח',1.00,יח',false,,4.60,4.6000,true,1,5155763
7290112347473,false,מארז דנונה דיאט תות,,,מארז דנונה דיאט תות,קילוגרמים,1.20,"ק""ג",false,,23.00,19.1667,true,1,5147751
7290112348142,false,שעועית לבנה 380גר קו,,,שעועית לבנה 380גר קו,גרמים,380.00,100 גרם,false,,5.90,0.0155,true,1,5252446
7290112348616,false,קפה נמס אגוזי לוז 10,,,קפה נמס אגוזי לוז 10,גרמים,100.00,100 גרם,false,,12.60,0.1260,true,1,5275310
7290112348999,false,פריכיות הטעימות תירס,,,פריכיות הטעימות תירס,גרמים,135.00,100 גרם,false,,8.50,0.0630,true,1,5287649
7290112349606,false,דניאלה תות בננה 88 ג,,,דניאלה תות בננה 88 ג,מיליליטרים,88.00,"100 מ""ל",false,,3.30,0.0375,true,1,5341219
7290112349705,false,פומודורו רוטב עגבניו,,,פומודורו רוטב עגבניו,גרמים,350.00,100 גרם,false,,9.30,0.0266,true,1,5227494
7290112349736,false,בזיליקום רוטב עגבניו,,,בזיליקום רוטב עגבניו,גרמים,350.00,100 גרם,false,,9.30,0.0266,true,1,5227495
7290112349750,false,רוטב עגבניות לפיצה 3,,,רוטב עגבניות לפיצה 3,גרמים,350.00,100 גרם,false,,9.30,0.0266,true,1,5227497
7290112350275,false,קפסולות לונגו למכונת,,,קפסולות לונגו למכונת,יח',1.00,יח',false,,13.60,13.6000,true,1,5232637
7290112350312,false,קפסולות 15 למכונת נס,,,קפסולות 15 למכונת נס,יח',1.00,יח',false,,13.60,13.6000,true,1,5271832
7290112350589,false,קפה צ'יקו 65 גר,,,קפה צ'יקו 65 גר,גרמים,65.00,100 גרם,false,,8.40,0.1292,true,1,5260603
7290112351067,false,סילאן טבעי לחיץ 630,,,סילאן טבעי לחיץ 630,מיליליטרים,630.00,"100 מ""ל",false,,20.40,0.0324,true,1,5242674
7290112351258,false,פינוקיות שחור לבן 2,,,פינוקיות שחור לבן 2,גרמים,200.00,100 גרם,false,,8.50,0.0425,true,1,5267193
7290112351463,false,שלישיית סוכריות רפרש,,,שלישיית סוכריות רפרש,יח',1.00,יח',false,,6.80,6.8000,true,1,5252410
7290112351470,false,שלישיית סוכריות רפרש,,,שלישיית סוכריות רפרש,יח',1.00,יח',false,,6.80,6.8000,true,1,5252411
7290112351524,false,עלי סלנובה 200 גר' ש,,,עלי סלנובה 200 גר' ש,גרמים,200.00,100 גרם,false,,11.90,0.0595,true,1,5261488
7290112353887,false,משקה קפה קר טעם אגוז,,,משקה קפה קר טעם אגוז,גרמים,230.00,100 גרם,false,,6.40,0.0278,true,1,5258678
7290112354211,false,פיצה מרגריטה 400גרם,,,פיצה מרגריטה 400גרם,גרמים,400.00,100 גרם,false,,12.70,0.0317,true,1,5328073
7290112354945,false,תפוצ'יפס בטעם טבעי 5,,,תפוצ'יפס בטעם טבעי 5,גרמים,50.00,100 גרם,false,,3.00,0.0600,true,1,5421366
7290112355027,false,דנונה פרו 20ג קרמל מ,,,דנונה פרו 20ג קרמל מ,גרמים,200.00,100 גרם,false,,5.00,0.0250,true,1,5284481
7290112355102,false,גמדים פאוץ סלט פירות,,,גמדים פאוץ סלט פירות,גרמים,100.00,100 גרם,false,,4.60,0.0460,true,1,5290618
7290112355263,false,רוטב שמנתעם שוקולד 9,,,רוטב שמנתעם שוקולד 9,מיליליטרים,250.00,"100 מ""ל",false,,8.40,0.0336,true,1,5364404
7290112355386,false,רוטב שמנת טעם קרמל מ,,,רוטב שמנת טעם קרמל מ,מיליליטרים,250.00,"100 מ""ל",false,,8.40,0.0336,true,1,5364405
7290112355393,false,רוטב שמנת עם בטטה 9%,,,רוטב שמנת עם בטטה 9%,מיליליטרים,257.00,"100 מ""ל",false,,8.40,0.0327,true,1,5416476
7290112355775,false,סימפוניה עירית 200 ג,,,סימפוניה עירית 200 ג,גרמים,200.00,100 גרם,false,,8.90,0.0445,true,1,5397491
7290112355812,false,מילקי טופ קורנפלקס 1,,,מילקי טופ קורנפלקס 1,גרמים,141.00,100 גרם,false,,3.80,0.0270,true,1,5377116
7290112357045,false,מחית עגבניות מרוסקות,,,מחית עגבניות מרוסקות,גרמים,390.00,100 גרם,false,,5.30,0.0136,true,1,5252447
7290112357069,false,מחית עגבניות איטלקיו,,,מחית עגבניות איטלקיו,גרמים,500.00,100 גרם,false,,5.50,0.0110,true,1,5252448
7290112357076,false,קוביות עגבניות איטלק,,,קוביות עגבניות איטלק,גרמים,390.00,100 גרם,false,,5.30,0.0136,true,1,5271833
7290112357083,false,אפונת גינה 380 גר,,,אפונת גינה 380 גר,גרמים,380.00,100 גרם,false,,5.90,0.0155,true,1,5252394
7290112357106,false,שעועית אדומה 380גר ק,,,שעועית אדומה 380גר ק,גרמים,380.00,100 גרם,false,,5.90,0.0155,true,1,5252449
7290112357175,false,קפסולות בוסט למכונת,,,קפסולות בוסט למכונת,יח',1.00,יח',false,,13.60,13.6000,true,1,5232638
7290112357892,false,שלישיית סוכריות רפרש,,,שלישיית סוכריות רפרש,יח',1.00,יח',false,,6.80,6.8000,true,1,5252415
7290112358004,false,פסק זמן קראנצ' עלית,,,פסק זמן קראנצ' עלית,גרמים,32.00,100 גרם,false,,4.20,0.1313,true,1,5282155
7290112358127,false,דנונה פרו 20ג מגנזיו,,,דנונה פרו 20ג מגנזיו,גרמים,200.00,100 גרם,false,,5.30,0.0265,true,1,5282889
7290112358257,false,רוטב לעוף עם שזיפים,,,רוטב לעוף עם שזיפים,גרמים,300.00,100 גרם,false,,10.20,0.0340,true,1,5246290
7290112358554,false,מארז נמס לדרך,,,מארז נמס לדרך,יח',1.00,יח',false,,8.50,8.5000,true,1,5271834
7290112358561,false,פלטינום קלאסיק 47 גר,,,פלטינום קלאסיק 47 גר,יח',1.00,יח',false,,5.00,5.0000,true,1,5291509
7290112359384,false,קפה נמס אלפחורס ריבת,,,קפה נמס אלפחורס ריבת,גרמים,100.00,100 גרם,false,,12.70,0.1270,true,1,5275315
7290112490032,false,"נמס בכוס תירס בד""ץ",,,"נמס בכוס תירס בד""ץ",גרמים,22.50,100 גרם,false,,5.60,0.2489,true,1,4301699
7290112490117,false,קליק טבלת אגוז וופל*,,,קליק טבלת אגוז וופל*,יח',1.00,יח',false,,4.20,4.2000,true,1,3947277
7290112490209,false,נמס בכוס 100% רכיבים,,,נמס בכוס 100% רכיבים,יח',1.00,יח',false,,5.00,5.0000,true,1,4163223
7290112490216,false,נמס בכוס טעם עוף וקר,,,נמס בכוס טעם עוף וקר,גרמים,29.00,100 גרם,false,,5.00,0.1724,true,1,4163224
7290112490230,false,נמס בכוס 100% אפונה,,,נמס בכוס 100% אפונה,גרמים,25.00,100 גרם,false,,5.00,0.2000,true,1,4163225
7290112490582,false,חרדל צרפתי דיז'ון 35,,,חרדל צרפתי דיז'ון 35,גרמים,350.00,100 גרם,false,,10.20,0.0291,true,1,4163226
7290112490650,false,קונפיטורה תות 778 50,,,קונפיטורה תות 778 50,גרמים,340.00,100 גרם,false,,10.20,0.0300,true,1,4163228
7290112490667,false,קונפיטורה משמש778 50,,,קונפיטורה משמש778 50,גרמים,340.00,100 גרם,false,,10.20,0.0300,true,1,4163229
7290112490674,false,קונפיטורה דובדבנים 7,,,קונפיטורה דובדבנים 7,גרמים,340.00,100 גרם,false,,10.20,0.0300,true,1,4163230
7290112490698,false,קונפיטורה תות לייט 5,,,קונפיטורה תות לייט 5,גרמים,260.00,100 גרם,false,,11.00,0.0423,true,1,4163232
7290112490728,false,מרק עשיר ירקות בורגו,,,מרק עשיר ירקות בורגו,גרמים,95.00,100 גרם,false,,10.20,0.1074,true,1,4301700
7290112490742,false,קנור מרק עשיר פטריות,,,קנור מרק עשיר פטריות,גרמים,104.00,100 גרם,false,,10.20,0.0981,true,1,4301702
7290112490759,false,קנור מרק עשיר עוף אט,,,קנור מרק עשיר עוף אט,יח',1.00,יח',false,,10.20,10.2000,true,1,4301703
7290112490827,false,בדין תרסיס למייבש בי,,,בדין תרסיס למייבש בי,מיליליטרים,500.00,"100 מ""ל",false,,12.70,0.0254,true,1,4301723
7290112491770,false,בייגלה דקים עם מלח 3,,,בייגלה דקים עם מלח 3,גרמים,300.00,100 גרם,false,,8.50,0.0283,true,1,4390189
7290112491787,false,בייגלה דקים ושומשום,,,בייגלה דקים ושומשום,גרמים,300.00,100 גרם,false,,8.50,0.0283,true,1,4390190
7290112491794,false,בייגלה דקים שמנת בצל,,,בייגלה דקים שמנת בצל,גרמים,300.00,100 גרם,false,,8.50,0.0283,true,1,4519846
7290112492449,false,פינוק שמפו שיער רגיל,,,פינוק שמפו שיער רגיל,מיליליטרים,700.00,"100 מ""ל",false,,10.20,0.0146,true,1,5244697
7290112492456,false,פינוק שמפו שיער יבש,,,פינוק שמפו שיער יבש,מיליליטרים,700.00,"100 מ""ל",false,,10.20,0.0146,true,1,5243658
7290112492463,false,פינוק 1-2 רגיל 700 מ,,,פינוק 1-2 רגיל 700 מ,יח',1.00,יח',false,,10.20,10.2000,true,1,5247026
7290112492470,false,"פינוק 2-1 יבש 700 מ""",,,"פינוק 2-1 יבש 700 מ""",יח',1.00,יח',false,,10.20,10.2000,true,1,5289841
7290112492500,false,פינוק שמפו שמן קוקוס,,,פינוק שמפו שמן קוקוס,מיליליטרים,750.00,"100 מ""ל",false,,10.20,0.0136,true,1,5244698
7290112492531,false,פינוק מרכך שיער רגיל,,,פינוק מרכך שיער רגיל,מיליליטרים,700.00,"100 מ""ל",false,,10.20,0.0146,true,1,5129393
7290112492548,false,פינוק מרכך לשיעריבש,,,פינוק מרכך לשיעריבש,מיליליטרים,700.00,"100 מ""ל",false,,10.20,0.0146,true,1,5134303
7290112492579,false,פינוק מרכך בתוספת שמ,,,פינוק מרכך בתוספת שמ,מיליליטרים,700.00,"100 מ""ל",false,,10.20,0.0146,true,1,5129396
7290112492609,false,פינוק תחליב רחצה לבנ,,,פינוק תחליב רחצה לבנ,מיליליטרים,700.00,"100 מ""ל",false,,8.50,0.0121,true,1,5129398
7290112492630,false,פינוק שמפו 3ב1 לגבר,,,פינוק שמפו 3ב1 לגבר,מיליליטרים,700.00,"100 מ""ל",false,,10.20,0.0146,true,1,5129401
7290112492685,false,פינוק שפורפרת מרכך ק,,,פינוק שפורפרת מרכך ק,מטרים,100.00,100 מ'ל,false,,4.20,0.0420,true,1,5244349
7290112492692,false,פינוק שפורפרת תחליב,,,פינוק שפורפרת תחליב,מטרים,100.00,100 מ'ל,false,,4.20,0.0420,true,1,5244350
7290112492715,false,פינוק שמפו אל דמע יל,,,פינוק שמפו אל דמע יל,מיליליטרים,750.00,"100 מ""ל",false,,10.20,0.0136,true,1,5255160
7290112492722,false,פינוק ילדים 2-1שמפו+,,,פינוק ילדים 2-1שמפו+,גרמים,750.00,100 גרם,false,,10.20,0.0136,true,1,5255161
7290112492746,false,פינוק מרכך לסירוק קל,,,פינוק מרכך לסירוק קל,מיליליטרים,750.00,"100 מ""ל",false,,10.20,0.0136,true,1,5255162
7290112492753,false,פינוק אל סבון לילדים,,,פינוק אל סבון לילדים,מיליליטרים,750.00,"100 מ""ל",false,,10.20,0.0136,true,1,5255163
7290112492821,false,סיף מטליות לחות לניק,,,סיף מטליות לחות לניק,יח',1.00,יח',false,,6.80,6.8000,true,1,4643333
7290112492838,false,סיף מטליות לחות לניק,,,סיף מטליות לחות לניק,יח',1.00,יח',false,,8.50,8.5000,true,1,4643334
7290112492975,false,קנור מרק טעם עוף כשל,,,קנור מרק טעם עוף כשל,גרמים,400.00,100 גרם,false,,10.20,0.0255,true,1,5230998
7290112492982,false,קנור מרק פטריות רכיב,,,קנור מרק פטריות רכיב,גרמים,400.00,100 גרם,false,,16.20,0.0405,true,1,5163588
7290112492999,false,קנור מרק טעם עוף 400,,,קנור מרק טעם עוף 400,גרמים,400.00,100 גרם,false,,10.20,0.0255,true,1,5193043
7290112493088,false,נמס בכוס עדשים חריף,,,נמס בכוס עדשים חריף,גרמים,24.00,2 גרם,false,,5.60,0.2333,true,1,4858677
7290112493095,false,נמס בכוס עגבניות חרי,,,נמס בכוס עגבניות חרי,גרמים,56.00,2 גרם,false,,5.60,0.1000,true,1,4858678
7290112493927,false,קרמיסימו ריבת חלב 1.,,,קרמיסימו ריבת חלב 1.,קילוגרמים,1.33,"ק""ג",false,,15.30,11.5038,true,1,5163658
7290112493934,false,קרמיסימו וניל צרפתי,,,קרמיסימו וניל צרפתי,קילוגרמים,1.33,"ק""ג",false,,15.30,11.5038,true,1,5163659
7290112493965,false,קרמיסימו מסטיגם 1.33,,,קרמיסימו מסטיגם 1.33,קילוגרמים,1.33,"ק""ג",false,,15.30,11.5038,true,1,5163660
7290112494153,false,תיבולית ניחוח צלי 72,,,תיבולית ניחוח צלי 72,גרמים,200.00,100 גרם,false,,6.30,0.0315,true,1,5227712
7290112494221,false,קליק שקית ביסקוויט 6,,,קליק שקית ביסקוויט 6,יח',1.00,יח',false,,4.20,4.2000,true,1,5096493
7290112494238,false,קליק שקית כדורים 65,,,קליק שקית כדורים 65,יח',1.00,יח',false,,4.20,4.2000,true,1,5096494
7290112494276,false,קליק שקית כריות 65 ג,,,קליק שקית כריות 65 ג,יח',1.00,יח',false,,4.20,4.2000,true,1,5096496
7290112494283,false,קליק שקית חום לבן 65,,,קליק שקית חום לבן 65,יח',1.00,יח',false,,4.20,4.2000,true,1,5096497
7290112494313,false,קליק שקית קורנפלקס 6,,,קליק שקית קורנפלקס 6,יח',1.00,יח',false,,4.20,4.2000,true,1,5096499
7290112494344,false,קורנפלקס 850גר,,,קורנפלקס 850גר,גרמים,850.00,100 גרם,false,,14.20,0.0167,true,1,5235902
7290112494351,false,קורנפלקס אלופים תלמה,,,קורנפלקס אלופים תלמה,גרמים,850.00,100 גרם,false,,14.20,0.0167,true,1,5236227
7290112494610,false,קנור רוטב עגבניות פי,,,קנור רוטב עגבניות פי,גרמים,415.00,100 גרם,false,,8.50,0.0205,true,1,5193045
7290112494795,false,בדין ג'ל לכביסה כחול,,,בדין ג'ל לכביסה כחול,יח',1.00,יח',false,,23.80,23.8000,true,1,5129403
7290112494801,false,בדין ג'ל כביסה ורוד,,,בדין ג'ל כביסה ורוד,יח',1.00,יח',false,,23.80,23.8000,true,1,5129404
7290112494818,false,בדין ג'ל לכביסה בייב,,,בדין ג'ל לכביסה בייב,יח',1.00,יח',false,,23.80,23.8000,true,1,5129405
7290112494832,false,תרחיץ פנים לעור רגיל,,,תרחיץ פנים לעור רגיל,מיליליטרים,180.00,"100 מ""ל",false,,10.20,0.0567,true,1,5270182
7290112494993,false,כריות וניל 686 גרם ב,,,כריות וניל 686 גרם ב,גרמים,686.00,100 גרם,false,,20.40,0.0297,true,1,5096418
7290112495006,false,כריות נוגט תלמה 686,,,כריות נוגט תלמה 686,גרמים,686.00,100 גרם,false,,20.30,0.0296,true,1,5096500
7290112495020,false,כריות צ'וקולדה 686 ג,,,כריות צ'וקולדה 686 ג,גרמים,686.00,100 גרם,false,,20.40,0.0297,true,1,5096501
7290112495037,false,קוקומן כדורים בדצ 37,,,קוקומן כדורים בדצ 37,גרמים,375.00,100 גרם,false,,16.20,0.0432,true,1,5096502
7290112495044,false,"קוקומן פיצפוצים בד""ץ",,,"קוקומן פיצפוצים בד""ץ",גרמים,375.00,100 גרם,false,,16.20,0.0432,true,1,5096503
7290112495105,false,נשנושים שמנת בצל 260,,,נשנושים שמנת בצל 260,גרמים,260.00,100 גרם,false,,10.20,0.0392,true,1,5096504
7290112495112,false,נשנושים זעתר 260 גרם,,,נשנושים זעתר 260 גרם,גרמים,260.00,100 גרם,false,,10.20,0.0392,true,1,5096505
7290112495150,false,נשנושים קרקר עגול מל,,,נשנושים קרקר עגול מל,גרמים,300.00,100 גרם,false,,10.20,0.0340,true,1,5096508
7290112495167,false,נשנושים קרקר משולש ש,,,נשנושים קרקר משולש ש,גרמים,300.00,100 גרם,false,,10.20,0.0340,true,1,5096509
7290112495174,false,נשנושים קרקר קוקטייל,,,נשנושים קרקר קוקטייל,גרמים,300.00,100 גרם,false,,10.20,0.0340,true,1,5096510
7290112495228,false,קורנפלקס נגיעות דבש,,,קורנפלקס נגיעות דבש,גרמים,448.00,100 גרם,false,,14.40,0.0321,true,1,5096511
7290112495280,false,ריבועי ברנפלקס קינמו,,,ריבועי ברנפלקס קינמו,גרמים,400.00,100 גרם,false,,17.00,0.0425,true,1,5230822
7290112495433,false,קורנפלקס דליפקאן 400,,,קורנפלקס דליפקאן 400,גרמים,400.00,100 גרם,false,,16.80,0.0420,true,1,4972185
7290112495488,false,קורנפלקס ללא גלוטן ת,,,קורנפלקס ללא גלוטן ת,גרמים,500.00,100 גרם,false,,11.90,0.0238,true,1,5230781
7290112495556,false,קליק חטיף OK נוגט של,,,קליק חטיף OK נוגט של,יח',1.00,יח',false,,8.50,8.5000,true,1,5246482
7290112495662,false,קרקר חיטה מלאה ופשתן,,,קרקר חיטה מלאה ופשתן,גרמים,300.00,100 גרם,false,,7.60,0.0253,true,1,5230783
7290112495747,false,רוטב צ'ילי מתוק מופח,,,רוטב צ'ילי מתוק מופח,מיליליטרים,340.00,"100 מ""ל",false,,8.50,0.0250,true,1,5230823
7290112495754,false,הלמנס רוטב אלף האיים,,,הלמנס רוטב אלף האיים,מיליליטרים,305.00,"100 מ""ל",false,,8.50,0.0279,true,1,5231001
7290112495761,false,הלמנס רוטב לחיץ אלף,,,הלמנס רוטב לחיץ אלף,מיליליטרים,290.00,"100 מ""ל",false,,8.50,0.0293,true,1,5228899
7290112495785,false,הלמנס רוטב שום 300מל,,,הלמנס רוטב שום 300מל,מיליליטרים,300.00,"100 מ""ל",false,,8.50,0.0283,true,1,5227963
7290112495792,false,הלמנס רוטב שום לייט,,,הלמנס רוטב שום לייט,מיליליטרים,300.00,"100 מ""ל",false,,8.50,0.0283,true,1,5227964
7290112495815,false,הלמנס רוטב חרדל ודבש,,,הלמנס רוטב חרדל ודבש,גרמים,305.00,100 גרם,false,,8.50,0.0279,true,1,5234962
7290112495822,false,כריות בלאק 686 גרם,,,כריות בלאק 686 גרם,גרמים,686.00,100 גרם,false,,20.40,0.0297,true,1,5163598
7290112496027,false,אפיכל סירופ שוקולד 5,,,אפיכל סירופ שוקולד 5,מיליליטרים,580.00,"100 מ""ל",false,,10.20,0.0176,true,1,5230826
7290112496034,false,אפיכל סירופ מייפל 58,,,אפיכל סירופ מייפל 58,מיליליטרים,580.00,"100 מ""ל",false,,10.20,0.0176,true,1,5230827
7290112496270,false,"פתית ציפס תפו""א עגבנ",,,"פתית ציפס תפו""א עגבנ",יח',1.00,יח',false,,4.20,4.2000,true,1,5250452
7290112496287,false,פתית ציפס בטטה טעם ט,,,פתית ציפס בטטה טעם ט,יח',1.00,יח',false,,4.20,4.2000,true,1,5250453
7290112496294,false,פתית ציפס אפונה ותוס,,,פתית ציפס אפונה ותוס,יח',1.00,יח',false,,4.20,4.2000,true,1,5250454
7290112496331,false,קורנפלקס בננה תלמה 4,,,קורנפלקס בננה תלמה 4,גרמים,448.00,100 גרם,false,,14.40,0.0321,true,1,5307886
7290112496430,false,נמס בכוס אקסטרה עגבנ,,,נמס בכוס אקסטרה עגבנ,יח',1.00,יח',false,,3.30,3.3000,true,1,5292935
7290112496447,false,נמס בכוס אקסטרה מרק,,,נמס בכוס אקסטרה מרק,יח',1.00,יח',false,,3.30,3.3000,true,1,5292936
7290112496461,false,קנור נמס בכוס אקסטרה,,,קנור נמס בכוס אקסטרה,יח',1.00,יח',false,,3.30,3.3000,true,1,5311215
7290112497000,false,פנטסטיק סיף 1 ליטר-ח,,,פנטסטיק סיף 1 ליטר-ח,יח',1.00,יח',false,,8.50,8.5000,true,1,5249384
7290112497031,false,רוטב עגבניות לקציצות,,,רוטב עגבניות לקציצות,מיליליטרים,415.00,"100 מ""ל",false,,8.50,0.0205,true,1,5307887
7290112497123,false,אבקת להכנת סחלב תלמה,,,אבקת להכנת סחלב תלמה,גרמים,112.00,100 גרם,false,,8.50,0.0759,true,1,5281470
7290112497505,false,וזלין תחליב גוף בתוס,,,וזלין תחליב גוף בתוס,מיליליטרים,618.00,"100 מ""ל",false,,17.00,0.0275,true,1,5256239
7290112497710,false,פינוק בייבי שמפו אל,,,פינוק בייבי שמפו אל,מטרים,970.00,100 מ'ל,false,,12.70,0.0131,true,1,5394529
7290112497727,false,פינוק בייבי אל סבון,,,פינוק בייבי אל סבון,מטרים,750.00,100 מ'ל,false,,12.70,0.0169,true,1,5394530
7290112497864,false,מרק טעם עוף 33% פחות,,,מרק טעם עוף 33% פחות,גרמים,400.00,100 גרם,false,,17.00,0.0425,true,1,5288090
7290112497994,false,גרנולה בתוספת חלבון,,,גרנולה בתוספת חלבון,גרמים,300.00,100 גרם,false,,12.70,0.0423,true,1,5301078
7290112498007,false,גרנולה בתוספת חלבון,,,גרנולה בתוספת חלבון,גרמים,300.00,100 גרם,false,,12.70,0.0423,true,1,5301079
7290112498090,false,פינוק מרכך שמן חוחוב,,,פינוק מרכך שמן חוחוב,יח',1.00,יח',false,,10.20,10.2000,true,1,5276708
7290112498267,false,פינוק אלסבון לידיים,,,פינוק אלסבון לידיים,מיליליטרים,950.00,"100 מ""ל",false,,10.10,0.0106,true,1,5311189
7290112498274,false,פינוק אלסבון לידיים,,,פינוק אלסבון לידיים,מטרים,1000.00,100 מ'ל,false,,10.10,0.0101,true,1,5311190
7290112498281,false,פינוק אלסבון לידיים,,,פינוק אלסבון לידיים,מטרים,1000.00,100 מ'ל,false,,10.10,0.0101,true,1,5311191
7290112498298,false,פינוק אלסבון לידיים,,,פינוק אלסבון לידיים,מטרים,1000.00,100 מ'ל,false,,10.10,0.0101,true,1,5311192
7290112498441,false,קנור רוטב אסיאתי למו,,,קנור רוטב אסיאתי למו,מיליליטרים,300.00,"100 מ""ל",false,,8.50,0.0283,true,1,5300574
7290112498526,false,פתית ציפס בטטה סגולה,,,פתית ציפס בטטה סגולה,יח',1.00,יח',false,,4.20,4.2000,true,1,5315525
7290112498748,false,שטראוס מאגדת מיני סו,,,שטראוס מאגדת מיני סו,יח',1.00,יח',false,,16.70,16.7000,true,1,5292942
7290112498885,false,מאגדת גודיז תותים וש,,,מאגדת גודיז תותים וש,גרמים,240.00,100 גרם,false,,16.70,0.0696,true,1,5300577
7290112498915,false,מאגדת מיני מגנום שקד,,,מאגדת מיני מגנום שקד,יח',1.00,יח',false,,21.30,21.3000,true,1,5311199
7290112498922,false,מאגדת מיני מגנום לבן,,,מאגדת מיני מגנום לבן,יח',1.00,יח',false,,21.30,21.3000,true,1,5311200
7290112499097,false,מגנום מיני שוקולד מר,,,מגנום מיני שוקולד מר,יח',1.00,יח',false,,21.30,21.3000,true,1,5348474
7290112499189,false,קרמיסימו חד קרן,,,קרמיסימו חד קרן,ליטרים,1.33,ליטר,false,,15.30,11.5038,true,1,5383255
7290112499196,false,קרמיסימו חלב קורנפלק,,,קרמיסימו חלב קורנפלק,ליטרים,1.33,ליטר,false,,15.30,11.5038,true,1,5383256
7290112499219,false,מאגדת גודיז פיסטוק ש,,,מאגדת גודיז פיסטוק ש,גרמים,240.00,100 גרם,false,,17.00,0.0708,true,1,5363908
7290112499226,false,גלידונית קרמיסימו פי,,,גלידונית קרמיסימו פי,גרמים,630.00,100 גרם,false,,34.00,0.0540,true,1,5414233
7290112499448,false,פינוק מרכך שמן מרוקא,,,פינוק מרכך שמן מרוקא,מיליליטרים,700.00,"100 מ""ל",false,,10.20,0.0146,true,1,5307849
7290112499455,false,פינוק תחליב רחצה שמן,,,פינוק תחליב רחצה שמן,מיליליטרים,700.00,"100 מ""ל",false,,8.50,0.0121,true,1,5307850
7290112499462,false,פינוק תחליב רחצה שמן,,,פינוק תחליב רחצה שמן,מיליליטרים,700.00,"100 מ""ל",false,,8.50,0.0121,true,1,5307851
7290112499479,false,פינוק שמפו קרטין 700,,,פינוק שמפו קרטין 700,מיליליטרים,700.00,"100 מ""ל",false,,10.20,0.0146,true,1,5292963
7290112499493,false,רקסונה ספריי נשים במ,,,רקסונה ספריי נשים במ,מיליליטרים,150.00,"100 מ""ל",false,,8.40,0.0560,true,1,5348469
7290112499509,false,רקסונה דאו אפרסק 150,,,רקסונה דאו אפרסק 150,מטרים,150.00,100 מ'ל,false,,8.50,0.0567,true,1,5394576
7290112499844,false,מגנום מיני דואט שוקו,,,מגנום מיני דואט שוקו,יח',1.00,יח',false,,21.30,21.3000,true,1,5207100
7290112499943,false,מגנום מיני חוף השנהב,,,מגנום מיני חוף השנהב,יח',1.00,יח',false,,21.30,21.3000,true,1,5207101
7290112703187,false,נר אותיות,,,נר אותיות,יח',1.00,יח',false,,7.70,7.7000,true,1,4914648
7290112703194,false,נר אותיות,,,נר אותיות,יח',1.00,יח',false,,7.70,7.7000,true,1,4914649
7290112705426,false,צלחת במבוק 23 חד קרן,,,צלחת במבוק 23 חד קרן,יח',1.00,יח',false,,8.50,8.5000,true,1,4362802
7290112706362,false,שלישיית ביצי שוקולד,,,שלישיית ביצי שוקולד,יח',1.00,יח',false,,11.00,11.0000,true,1,4914742
7290112707277,false,בקבוק נירוסטה מעוצב,,,בקבוק נירוסטה מעוצב,יח',1.00,יח',false,,17.00,17.0000,true,1,4912579
7290112707482,false,זיקוק 15 סמ,,,זיקוק 15 סמ,יח',1.00,יח',false,,12.00,12.0000,true,1,4912580
7290112961266,false,בייגלה כפיות איטלקי,,,בייגלה כפיות איטלקי,יח',1.00,יח',false,,8.50,8.5000,true,1,4810088
7290112961372,false,פיטנס חטיפי פריכיות,,,פיטנס חטיפי פריכיות,גרמים,60.00,100 גרם,false,,6.70,0.1117,true,1,4520614
7290112961464,false,פיטנס חטיפי פריכיות,,,פיטנס חטיפי פריכיות,גרמים,60.00,100 גרם,false,,6.80,0.1133,true,1,4520615
7290112962287,false,טבעול שווארמה טבעוני,,,טבעול שווארמה טבעוני,גרמים,450.00,100 גרם,false,,25.60,0.0569,true,1,5245088
7290112963321,false,בייגלה שטוח ללא גלוט,,,בייגלה שטוח ללא גלוט,גרמים,300.00,100 גרם,false,,10.20,0.0340,true,1,5239826
7290112963918,false,פיטנס קרקר דק רוזמרי,,,פיטנס קרקר דק רוזמרי,גרמים,140.00,100 גרם,false,,9.30,0.0664,true,1,4810052
7290112964410,false,רוטב אלף האיים לסלט,,,רוטב אלף האיים לסלט,מיליליטרים,290.00,"100 מ""ל",false,,7.60,0.0262,true,1,4970312
7290112964434,false,רוטב קיסר לסלט 290 מ,,,רוטב קיסר לסלט 290 מ,מיליליטרים,290.00,"100 מ""ל",false,,7.60,0.0262,true,1,4810067
7290112964458,false,רוטב ויניגרט לסלט 29,,,רוטב ויניגרט לסלט 29,מיליליטרים,295.00,"100 מ""ל",false,,7.60,0.0258,true,1,4810068
7290112964472,false,"רוטב שום לסלט 290 מ""",,,"רוטב שום לסלט 290 מ""",מיליליטרים,290.00,"100 מ""ל",false,,7.60,0.0262,true,1,4810069
7290112964564,false,רוטב אלף האיים לייט,,,רוטב אלף האיים לייט,מיליליטרים,295.00,"100 מ""ל",false,,7.60,0.0258,true,1,4810091
7290112964601,false,רוטב בנוסח סצואן אסם,,,רוטב בנוסח סצואן אסם,מיליליטרים,290.00,"100 מ""ל",false,,9.30,0.0321,true,1,4747747
7290112964625,false,רוטב שום לייט לסלט 3,,,רוטב שום לייט לסלט 3,מיליליטרים,310.00,"100 מ""ל",false,,7.60,0.0245,true,1,4810092
7290112965264,false,אסם זוג מרק נמס אפונ,,,אסם זוג מרק נמס אפונ,יח',1.00,יח',false,,4.70,4.7000,true,1,5267137
7290112965288,false,אסם זוג מרק נמס ירקו,,,אסם זוג מרק נמס ירקו,יח',1.00,יח',false,,4.70,4.7000,true,1,5267138
7290112965325,false,אורז ספרדי 140 גר,,,אורז ספרדי 140 גר,גרמים,140.00,100 גרם,false,,9.80,0.0700,true,1,5134270
7290112965660,false,פיטנס חטיף מולטיגריי,,,פיטנס חטיף מולטיגריי,יח',1.00,יח',false,,4.20,4.2000,true,1,5267166
7290112965684,false,פיטנס חטיף מולטיגריי,,,פיטנס חטיף מולטיגריי,יח',1.00,יח',false,,4.20,4.2000,true,1,5267167
7290112965707,false,פיטנס חטיף מולטיגריי,,,פיטנס חטיף מולטיגריי,יח',1.00,יח',false,,4.20,4.2000,true,1,5267168
7290112965905,false,בייגלה שמיניות מלח ב,,,בייגלה שמיניות מלח ב,גרמים,300.00,100 גרם,false,,8.50,0.0283,true,1,5171502
7290112965967,false,טבעול נאגטס ירקות כת,,,טבעול נאגטס ירקות כת,גרמים,500.00,100 גרם,false,,23.50,0.0470,true,1,5239210
7290112966001,false,טבעול גורמה ארוחת יר,,,טבעול גורמה ארוחת יר,גרמים,450.00,100 גרם,false,,25.60,0.0569,true,1,5350197
7290112966094,false,עוגת תפוז פחות סוכר,,,עוגת תפוז פחות סוכר,גרמים,400.00,100 גרם,false,,9.30,0.0233,true,1,5224675
7290112966247,false,לחמית כוסמין 200 גרם,,,לחמית כוסמין 200 גרם,גרמים,200.00,100 גרם,false,,7.60,0.0380,true,1,5239829
7290112966445,false,במבה מתוקה 100 גרם,,,במבה מתוקה 100 גרם,גרמים,100.00,100 גרם,false,,7.60,0.0760,true,1,4952485
7290112966766,false,טחינה באלדי חציל 350,,,טחינה באלדי חציל 350,גרמים,350.00,100 גרם,false,,12.70,0.0363,true,1,5083322
7290112966803,false,פודינג אינסטנט שוקול,,,פודינג אינסטנט שוקול,יח',1.00,יח',false,,4.20,4.2000,true,1,5134197
7290112966841,false,אינסטנט פודינג בטעם,,,אינסטנט פודינג בטעם,גרמים,95.00,100 גרם,false,,4.20,0.0442,true,1,5205122
7290112967114,false,פיטנס חטיפי פריכיות,,,פיטנס חטיפי פריכיות,יח',1.00,יח',false,,6.80,6.8000,true,1,5232663
7290112967220,false,ביסלי ברבקיו מארז 10,,,ביסלי ברבקיו מארז 10,גרמים,200.00,100 גרם,false,,11.90,0.0595,true,1,5239805
7290112967244,false,ביסלי גריל מארז אחיד,,,ביסלי גריל מארז אחיד,גרמים,200.00,100 גרם,false,,11.90,0.0595,true,1,5259553
7290112967381,false,פיטנס חטיפי פריכיות,,,פיטנס חטיפי פריכיות,יח',1.00,יח',false,,6.80,6.8000,true,1,5233063
7290112967572,false,רוטב ברביקיו 290 מל,,,רוטב ברביקיו 290 מל,מיליליטרים,290.00,"100 מ""ל",false,,7.60,0.0262,true,1,5249520
7290112967824,false,אסם בישולים מיקס קלא,,,אסם בישולים מיקס קלא,גרמים,200.00,100 גרם,false,,15.30,0.0765,true,1,5226687
7290112967848,false,ג'לי בטעם תות שדה מו,,,ג'לי בטעם תות שדה מו,גרמים,85.00,100 גרם,false,,4.20,0.0494,true,1,5226688
7290112968203,false,צבר סלט טחינה בלאדי,,,צבר סלט טחינה בלאדי,גרמים,250.00,100 גרם,false,,8.50,0.0340,true,1,5226840
7290112968449,false,צבר סלט כרוב אדום 25,,,צבר סלט כרוב אדום 25,גרמים,250.00,100 גרם,false,,8.50,0.0340,true,1,5226824
7290112968708,false,טבעול שניצל תירס 1.3,,,טבעול שניצל תירס 1.3,קילוגרמים,1.30,"ק""ג",false,,34.10,26.2308,true,1,5239247
7290112968807,false,פיטנס קרקר דק סלק 14,,,פיטנס קרקר דק סלק 14,גרמים,140.00,100 גרם,false,,9.30,0.0664,true,1,5267170
7290112968821,false,פיטנס קרקר דק בטטה 1,,,פיטנס קרקר דק בטטה 1,גרמים,140.00,100 גרם,false,,9.30,0.0664,true,1,5267171
7290112969903,false,טבעול נאגטס ירקות לב,,,טבעול נאגטס ירקות לב,גרמים,500.00,100 גרם,false,,23.50,0.0470,true,1,5239212
7290113190375,false,סילאן טבעי שקדיה 900,,,סילאן טבעי שקדיה 900,גרמים,900.00,100 גרם,false,,17.00,0.0189,true,1,5262684
7290113190450,false,ממרח תמרים 450 גר,,,ממרח תמרים 450 גר,גרמים,450.00,100 גרם,false,,4.20,0.0093,true,1,4649849
7290113190467,false,אפונה שקית זיפר 1קג,,,אפונה שקית זיפר 1קג,יח',1.00,יח',false,,6.40,6.4000,true,1,4762884
7290113190474,false,בורגול שקית זיפר 1קג,,,בורגול שקית זיפר 1קג,קילוגרמים,1.00,"ק""ג",false,,5.60,5.6000,true,1,4762885
7290113190504,false,חומוס גדול שקית זיפר,,,חומוס גדול שקית זיפר,יח',1.00,יח',false,,9.30,9.3000,true,1,4762887
7290113190511,false,חומוס ענק שקית זיפר,,,חומוס ענק שקית זיפר,קילוגרמים,1.00,"ק""ג",false,,11.90,11.9000,true,1,4762888
7290113190528,false,חיטה שקית זיפר 1קג ר,,,חיטה שקית זיפר 1קג ר,יח',1.00,יח',false,,6.80,6.8000,true,1,4845588
7290113190542,false,לוביה קלויה שקית זיפ,,,לוביה קלויה שקית זיפ,גרמים,900.00,100 גרם,false,,14.40,0.0160,true,1,4762891
7290113190580,false,עדשים אדומות שקית זי,,,עדשים אדומות שקית זי,יח',1.00,יח',false,,10.20,10.2000,true,1,4762893
7290113190597,false,עדשים ירוקות שקית זי,,,עדשים ירוקות שקית זי,יח',1.00,יח',false,,10.20,10.2000,true,1,4762894
7290113190603,false,פופקורן שקית זיפר 1ק,,,פופקורן שקית זיפר 1ק,קילוגרמים,1.00,"ק""ג",false,,9.30,9.3000,true,1,4762895
7290113190641,false,שעועית לבנה שקית זיפ,,,שעועית לבנה שקית זיפ,יח',1.00,יח',false,,9.30,9.3000,true,1,4762897
7290113190757,false,חלבה מסולסלת וניל שק,,,חלבה מסולסלת וניל שק,גרמים,300.00,100 גרם,false,,11.80,0.0393,true,1,4670604
7290113190771,false,חלבה מסולסלת שוקו ונ,,,חלבה מסולסלת שוקו ונ,גרמים,300.00,100 גרם,false,,11.90,0.0397,true,1,4670606
7290113191099,false,סירופ מייפל טהור 250,,,סירופ מייפל טהור 250,מיליליטרים,250.00,"100 מ""ל",false,,17.00,0.0680,true,1,5301462
7290113191921,false,"סירופ מלבי 750מ""ל",,,"סירופ מלבי 750מ""ל",מטרים,750.00,100 מ'ל,false,,14.10,0.0188,true,1,5411669
7290113191938,false,סירופ רוזטה בטעם שקד,,,סירופ רוזטה בטעם שקד,מטרים,750.00,100 מ'ל,false,,14.10,0.0188,true,1,5411670
7290113192201,false,תערובת להכנת סחלב,,,תערובת להכנת סחלב,גרמים,500.00,100 גרם,false,,11.90,0.0238,true,1,5236727
7290113192218,false,תערובת להכנת מלבי 50,,,תערובת להכנת מלבי 50,גרמים,500.00,100 גרם,false,,11.90,0.0238,true,1,5245122
7290113192300,false,בית השיטה חרוזית מוש,,,בית השיטה חרוזית מוש,גרמים,275.00,100 גרם,false,,7.60,0.0276,true,1,5171608
7290113192317,false,טבעות זיתים שחורים ב,,,טבעות זיתים שחורים ב,גרמים,280.00,100 גרם,false,,9.10,0.0325,true,1,5171609
7290113192324,false,זיתים ירוקים 340 ג,,,זיתים ירוקים 340 ג,גרמים,340.00,100 גרם,false,,7.60,0.0224,true,1,5171610
7290113192331,false,בית השיטה זיתים ירוק,,,בית השיטה זיתים ירוק,גרמים,340.00,100 גרם,false,,8.10,0.0238,true,1,5171611
7290113192348,false,בית השיטה זיתים ירוק,,,בית השיטה זיתים ירוק,גרמים,340.00,100 גרם,false,,8.10,0.0238,true,1,5171612
7290113192355,false,בית השיטה חרוזית זית,,,בית השיטה חרוזית זית,גרמים,275.00,100 גרם,false,,8.10,0.0295,true,1,5171613
7290113192362,false,בית השיטה טבעות זיתי,,,בית השיטה טבעות זיתי,גרמים,280.00,100 גרם,false,,8.50,0.0304,true,1,5171614
7290113192379,false,בית השיטה זיתים ירוק,,,בית השיטה זיתים ירוק,גרמים,340.00,100 גרם,false,,7.60,0.0224,true,1,5171615
7290113192386,false,בית השיטה זיתים ירוק,,,בית השיטה זיתים ירוק,גרמים,340.00,100 גרם,false,,8.40,0.0247,true,1,5171616
7290113192393,false,בית השיטה קוקטייל זי,,,בית השיטה קוקטייל זי,גרמים,340.00,100 גרם,false,,9.30,0.0274,true,1,5171617
7290113192478,false,בית השיטה מלפפון מלח,,,בית השיטה מלפפון מלח,גרמים,320.00,100 גרם,false,,6.40,0.0200,true,1,5171625
7290113192485,false,בית השיטה מלפפון בחו,,,בית השיטה מלפפון בחו,גרמים,290.00,100 גרם,false,,6.40,0.0221,true,1,5171626
7290113192492,false,בית השיטה מלפפון בחו,,,בית השיטה מלפפון בחו,גרמים,290.00,100 גרם,false,,9.00,0.0310,true,1,5171627
7290113192508,false,בית השיטה מלפפון במל,,,בית השיטה מלפפון במל,גרמים,320.00,100 גרם,false,,8.90,0.0278,true,1,5171628
7290113192515,false,בית השיטה מלפפון במל,,,בית השיטה מלפפון במל,גרמים,320.00,100 גרם,false,,9.80,0.0306,true,1,5171629
7290113192522,false,בית השיטה מלפפון בחו,,,בית השיטה מלפפון בחו,גרמים,290.00,100 גרם,false,,9.80,0.0338,true,1,5171630
7290113192539,false,בית השיטה מלפפון במל,,,בית השיטה מלפפון במל,גרמים,320.00,100 גרם,false,,5.30,0.0166,true,1,5171631
7290113192546,false,בית השיטה מלפפון בחו,,,בית השיטה מלפפון בחו,גרמים,290.00,100 גרם,false,,5.40,0.0186,true,1,5171632
7290113192553,false,בית השיטה מלפפון במל,,,בית השיטה מלפפון במל,גרמים,320.00,100 גרם,false,,9.10,0.0284,true,1,5171633
7290113192560,false,בית השיטה שיפקה 230,,,בית השיטה שיפקה 230,גרמים,230.00,100 גרם,false,,5.50,0.0239,true,1,5171634
7290113192577,false,בית השיטה כרוב כבוש,,,בית השיטה כרוב כבוש,גרמים,430.00,100 גרם,false,,5.90,0.0137,true,1,5171635
7290113192881,false,טורטיה חיטה מופחתת ק,,,טורטיה חיטה מופחתת ק,גרמים,270.00,100 גרם,false,,8.50,0.0315,true,1,5236728
7290113192997,false,בית השיטה זית מרוקאי,,,בית השיטה זית מרוקאי,גרמים,340.00,100 גרם,false,,10.20,0.0300,true,1,5228651
7290113193000,false,בית השיטה פלפל שיפקו,,,בית השיטה פלפל שיפקו,גרמים,230.00,100 גרם,false,,8.40,0.0365,true,1,5228652
7290113193017,false,בית השיטה חרוזית קוק,,,בית השיטה חרוזית קוק,גרמים,275.00,100 גרם,false,,9.80,0.0356,true,1,5228653
7290113193031,false,בית השיטה חרוזית קלמ,,,בית השיטה חרוזית קלמ,גרמים,275.00,100 גרם,false,,9.80,0.0356,true,1,5228654
7290113193369,false,בית השיטה תרסיס שמן,,,בית השיטה תרסיס שמן,מטרים,150.00,100 מ'ל,false,,10.20,0.0680,true,1,5363245
7290113193406,false,בית השיטה זיתים טבעו,,,בית השיטה זיתים טבעו,גרמים,280.00,100 גרם,false,,9.10,0.0325,true,1,5239833
7290113193888,false,חצילים מוחמצים 320 ג,,,חצילים מוחמצים 320 ג,גרמים,320.00,100 גרם,false,,7.60,0.0237,true,1,5286308
7290113194373,false,בית השיטה עגבניות שר,,,בית השיטה עגבניות שר,גרמים,215.00,100 גרם,false,,2.50,0.0116,true,1,5352713
7290113194632,false,ממרח שקדים 500גר,,,ממרח שקדים 500גר,גרמים,500.00,100 גרם,false,,38.40,0.0768,true,1,5278935
7290113194649,false,בית השיטה מלפפון במל,,,בית השיטה מלפפון במל,גרמים,320.00,100 גרם,false,,5.90,0.0184,true,1,5277742
7290113194663,false,אגוזי מלך חצאים 250ג,,,אגוזי מלך חצאים 250ג,גרמים,250.00,100 גרם,false,,18.70,0.0748,true,1,5260639
7290113195066,false,חלבה טורקית טעם וניל,,,חלבה טורקית טעם וניל,גרמים,400.00,100 גרם,false,,11.00,0.0275,true,1,5283419
7290113195080,false,חלבה טורקית שוקו וני,,,חלבה טורקית שוקו וני,גרמים,400.00,100 גרם,false,,11.00,0.0275,true,1,5283421
7290113196001,false,פסטה ספגטי שקדיה 500,,,פסטה ספגטי שקדיה 500,גרמים,500.00,100 גרם,false,,3.20,0.0064,true,1,5382887
7290113196018,false,פסטה ביסלי שקדיה 500,,,פסטה ביסלי שקדיה 500,גרמים,500.00,100 גרם,false,,3.20,0.0064,true,1,5382888
7290113196025,false,פסטה צינורות שקדיה 5,,,פסטה צינורות שקדיה 5,גרמים,500.00,100 גרם,false,,3.20,0.0064,true,1,5382889
7290113196032,false,פסטה צדפים שקדיה 500,,,פסטה צדפים שקדיה 500,גרמים,500.00,100 גרם,false,,3.20,0.0064,true,1,5382890
7290113196414,false,אורז בסמטי 1'ד שקדיה,,,אורז בסמטי 1'ד שקדיה,קילוגרמים,1.00,"ק""ג",false,,8.30,8.3000,true,1,5325697
7290113196513,false,פריכיות כוסמת שקדים,,,פריכיות כוסמת שקדים,גרמים,150.00,100 גרם,false,,9.30,0.0620,true,1,5322300
7290113196520,false,"פריכיות כוסמין לל""מ",,,"פריכיות כוסמין לל""מ",גרמים,150.00,100 גרם,false,,9.30,0.0620,true,1,5322301
7290113196957,false,חטיפי תירס טורטיה בר,,,חטיפי תירס טורטיה בר,גרמים,300.00,100 גרם,false,,11.00,0.0367,true,1,5392521
7290113197152,false,לבבות דקל 410ג במי מ,,,לבבות דקל 410ג במי מ,גרמים,410.00,100 גרם,false,,11.90,0.0290,true,1,5322322
7290113197169,false,חמאת בוטנים טבעית 51,,,חמאת בוטנים טבעית 51,גרמים,510.00,100 גרם,false,,13.60,0.0267,true,1,5392522
7290113197176,false,חמאת בוטנים עם שבבים,,,חמאת בוטנים עם שבבים,גרמים,510.00,100 גרם,false,,13.60,0.0267,true,1,5392523
7290113197800,false,בית השיטה פלפל קלוי,,,בית השיטה פלפל קלוי,גרמים,400.00,100 גרם,false,,10.20,0.0255,true,1,5363246
7290113197817,false,קציל קלוי 670 גר בית,,,קציל קלוי 670 גר בית,גרמים,670.00,100 גרם,false,,10.20,0.0152,true,1,5363247
7290113199781,false,ממרח אגוזים ובוטנים,,,ממרח אגוזים ובוטנים,גרמים,200.00,100 גרם,false,,12.50,0.0625,true,1,5381622
7290113199798,false,ממרח אגוזי קשיו 200,,,ממרח אגוזי קשיו 200,גרמים,200.00,100 גרם,false,,22.10,0.1105,true,1,5381623
7290113300217,false,פאוצ' נתחוני לה קט ב,,,פאוצ' נתחוני לה קט ב,יח',1.00,יח',false,,3.30,3.3000,true,1,5140223
7290113300248,false,פאוצ' נתחוני לה קט ע,,,פאוצ' נתחוני לה קט ע,יח',1.00,יח',false,,4.20,4.2000,true,1,5140226
7290113300255,false,פאוצ' נתחוני לה קט ד,,,פאוצ' נתחוני לה קט ד,יח',1.00,יח',false,,4.20,4.2000,true,1,5140227
7290113300262,false,פאוצ' נתחוני לה קט ט,,,פאוצ' נתחוני לה קט ט,יח',1.00,יח',false,,3.30,3.3000,true,1,5140228
7290113302259,false,חטיף בונזו נאגטס בקר,,,חטיף בונזו נאגטס בקר,יח',1.00,יח',false,,8.50,8.5000,true,1,5265509
7290113302266,false,חטיף בונזו סטריפים ב,,,חטיף בונזו סטריפים ב,יח',1.00,יח',false,,8.50,8.5000,true,1,5265510
7290113302273,false,חטיף בונזו עצם קלציו,,,חטיף בונזו עצם קלציו,יח',1.00,יח',false,,8.50,8.5000,true,1,5265511
7290113302280,false,חטיף בונזו צורת נקני,,,חטיף בונזו צורת נקני,יח',1.00,יח',false,,8.50,8.5000,true,1,5265512
7290113302297,false,חטיף אנרגיה בונזו עו,,,חטיף אנרגיה בונזו עו,יח',1.00,יח',false,,8.50,8.5000,true,1,5265513
7290113302310,false,בונזו בטטה רול 80 גר,,,בונזו בטטה רול 80 גר,יח',1.00,יח',false,,8.50,8.5000,true,1,5309786
7290113302389,false,שיפוד סלמון ודג בקלה,,,שיפוד סלמון ודג בקלה,יח',1.00,יח',false,,8.50,8.5000,true,1,5259941
7290113302396,false,שיפוד כבש ודג בקלה 8,,,שיפוד כבש ודג בקלה 8,יח',1.00,יח',false,,8.50,8.5000,true,1,5259942
7290113303591,false,חטיף בונזו סוויצוני,,,חטיף בונזו סוויצוני,יח',1.00,יח',false,,11.00,11.0000,true,1,5335642
7290113303607,false,חטיף בונזו חטיפי עוף,,,חטיף בונזו חטיפי עוף,יח',1.00,יח',false,,11.00,11.0000,true,1,5335643
7290113303614,false,חטיף בונזו ברווז 80,,,חטיף בונזו ברווז 80,יח',1.00,יח',false,,11.00,11.0000,true,1,5335644
7290113305809,false,סופרים עוף לכלב 400,,,סופרים עוף לכלב 400,יח',1.00,יח',false,,3.40,3.4000,true,1,5427421
7290113305816,false,סופרים סלמון לכלב 4,,,סופרים סלמון לכלב 4,יח',1.00,יח',false,,3.40,3.4000,true,1,5427422
7290113305823,false,סופרים כבש לכלב 400,,,סופרים כבש לכלב 400,יח',1.00,יח',false,,3.40,3.4000,true,1,5427423
7290113310155,false,טופר אקרילי לעוגה,,,טופר אקרילי לעוגה,יח',1.00,יח',false,,8.50,8.5000,true,1,4912584
7290113310636,false,טופר קטן עם גליטר 3,,,טופר קטן עם גליטר 3,יח',1.00,יח',false,,4.30,4.3000,true,1,4912585
7290113317109,false,שלישית ביצי שוקולד כ,,,שלישית ביצי שוקולד כ,גרמים,20.00,100 גרם,false,,11.00,0.5500,true,1,5237620
7290113317567,false,שקית 10 מטאלי,,,שקית 10 מטאלי,יח',1.00,יח',false,,6.80,6.8000,true,1,4914743
7290113317833,false,בקבוק נירוסטה 500 -,,,בקבוק נירוסטה 500 -,יח',1.00,יח',false,,19.60,19.6000,true,1,4912590
7290113317864,false,בקבוק נירוסטה 500 -,,,בקבוק נירוסטה 500 -,יח',1.00,יח',false,,19.60,19.6000,true,1,4912592
7290113460607,false,סוכר לבן 1קג רמילוי,,,סוכר לבן 1קג רמילוי,קילוגרמים,1.00,"ק""ג",false,,3.30,3.3000,true,1,4450007
7290113463547,false,"גבנ""צ פרוסה 28% 150ג",,,"גבנ""צ פרוסה 28% 150ג",גרמים,150.00,100 גרם,false,,4.40,0.0293,true,1,5375869
7290113463561,false,"גבנ""צ פרוסה 28% 400ג",,,"גבנ""צ פרוסה 28% 400ג",גרמים,400.00,100 גרם,false,,11.60,0.0290,true,1,5375889
7290113463646,false,"גבנ""צ פרוסה 28% 400ג",,,"גבנ""צ פרוסה 28% 400ג",גרמים,400.00,100 גרם,false,,11.60,0.0290,true,1,5424189
7290113469969,false,גבינה מגורדת 300ג רמ,,,גבינה מגורדת 300ג רמ,גרמים,300.00,100 גרם,false,,11.00,0.0367,true,1,5380536
7290113470026,false,גפרורים XL,,,גפרורים XL,יח',1.00,יח',false,,5.00,5.0000,true,1,4697946
7290113470422,false,מפות גליל כסף 16 מטר,,,מפות גליל כסף 16 מטר,יח',1.00,יח',false,,28.10,28.1000,true,1,4847395
7290113470941,false,כפפות ניטרל S שחור(1,,,כפפות ניטרל S שחור(1,יח',1.00,יח',false,,21.30,21.3000,true,1,5072754
7290113470958,false,כפפות ניטרל M שחור(1,,,כפפות ניטרל M שחור(1,יח',1.00,יח',false,,21.30,21.3000,true,1,5072755
7290113470965,false,כפפות ניטרל L שחור(1,,,כפפות ניטרל L שחור(1,יח',1.00,יח',false,,21.30,21.3000,true,1,5072756
7290113470989,false,קערה עגולה קטנה,,,קערה עגולה קטנה,יח',1.00,יח',false,,3.30,3.3000,true,1,4968442
7290113471580,false,סבון אסלה לימון רמיל,,,סבון אסלה לימון רמיל,יח',1.00,יח',false,,8.50,8.5000,true,1,5140106
7290113472631,false,9' לוקסור לבן (10 יח,,,9' לוקסור לבן (10 יח,יח',1.00,יח',false,,17.00,17.0000,true,1,5230636
7290113472655,false,מרקיה לוקסור לבן (10,,,מרקיה לוקסור לבן (10,יח',1.00,יח',false,,16.20,16.2000,true,1,5230638
7290113472730,false,מרקיה לוקסור מנטה (1,,,מרקיה לוקסור מנטה (1,יח',1.00,יח',false,,16.20,16.2000,true,1,5230646
7290113472846,false,10' לוקסור נצנץ כסף,,,10' לוקסור נצנץ כסף,יח',1.00,יח',false,,23.00,23.0000,true,1,5230657
7290113473577,false,כוסות פרימיום 250 מל,,,כוסות פרימיום 250 מל,יח',1.00,יח',false,,12.70,12.7000,true,1,5232455
7290113473911,false,בקבוק 650 מל,,,בקבוק 650 מל,יח',1.00,יח',false,,25.50,25.5000,true,1,5250579
7290113474024,false,צלחת עגולה קטנה (10,,,צלחת עגולה קטנה (10,יח',1.00,יח',false,,9.30,9.3000,true,1,5257880
7290113474031,false,צלחת עגולה בינונית (,,,צלחת עגולה בינונית (,יח',1.00,יח',false,,13.60,13.6000,true,1,5257881
7290113474048,false,צלחת ריבועית גדולה (,,,צלחת ריבועית גדולה (,יח',1.00,יח',false,,15.30,15.3000,true,1,5257882
7290113474055,false,צלחת ריבועית בינונית,,,צלחת ריבועית בינונית,יח',1.00,יח',false,,12.70,12.7000,true,1,5257883
7290113474079,false,צלחות מלבניות גדולות,,,צלחות מלבניות גדולות,יח',1.00,יח',false,,12.70,12.7000,true,1,5257912
7290113474376,false,זוג כפות הגשה ניו יו,,,זוג כפות הגשה ניו יו,יח',1.00,יח',false,,2.50,2.5000,true,1,5249689
7290113474437,false,זוג כפות הגשה ניו יו,,,זוג כפות הגשה ניו יו,יח',1.00,יח',false,,2.50,2.5000,true,1,5249695
7290113476219,false,תבניות אלומניום עם מ,,,תבניות אלומניום עם מ,יח',1.00,יח',false,,8.50,8.5000,true,1,5260293
7290113476257,false,תבניות אלומניום,,,תבניות אלומניום,יח',1.00,יח',false,,10.20,10.2000,true,1,5260314
7290113476264,false,תבניות אלומניום,,,תבניות אלומניום,יח',1.00,יח',false,,8.50,8.5000,true,1,5260315
7290113476271,false,תבניות אלומניום,,,תבניות אלומניום,יח',1.00,יח',false,,10.20,10.2000,true,1,5260316
7290113476875,false,מגש אינגליש 17.5*6.5,,,מגש אינגליש 17.5*6.5,יח',1.00,יח',false,,7.60,7.6000,true,1,5285910
7290113476974,false,מרקייה אבן (10יח') ל,,,מרקייה אבן (10יח') ל,יח',1.00,יח',false,,13.60,13.6000,true,1,5285935
7290113476981,false,מגש אינגליש 17.5*6.5,,,מגש אינגליש 17.5*6.5,יח',1.00,יח',false,,7.60,7.6000,true,1,5285936
7290113478190,false,גביעים אמריקאים 240מ,,,גביעים אמריקאים 240מ,יח',1.00,יח',false,,17.00,17.0000,true,1,5290813
7290113560055,false,פרודונטקס מי פה טיפו,,,פרודונטקס מי פה טיפו,מיליליטרים,500.00,"100 מ""ל",false,,25.60,0.0512,true,1,5260462
7290113560062,false,סנסודיין משאבה הלבנה,,,סנסודיין משאבה הלבנה,יח',1.00,יח',false,,21.30,21.3000,true,1,5250432
7290113560109,false,פרודונטקס טעם צמחי 7,,,פרודונטקס טעם צמחי 7,יח',1.00,יח',false,,26.40,26.4000,true,1,5281223
7290113592001,false,נר גדול ספרה 2 עם מע,,,נר גדול ספרה 2 עם מע,יח',1.00,יח',false,,5.90,5.9000,true,1,4914650
7290113592650,false,נר גדול ספרה 0 עם מע,,,נר גדול ספרה 0 עם מע,יח',1.00,יח',false,,5.90,5.9000,true,1,4914651
7290113592667,false,נר גדול ספרה 1 עם מע,,,נר גדול ספרה 1 עם מע,יח',1.00,יח',false,,5.90,5.9000,true,1,4914652
7290113592674,false,נר גדול ספרה 3 עם מע,,,נר גדול ספרה 3 עם מע,יח',1.00,יח',false,,5.90,5.9000,true,1,4914653
7290113592681,false,נר גדול ספרה 4 עם מע,,,נר גדול ספרה 4 עם מע,יח',1.00,יח',false,,5.90,5.9000,true,1,4914654
7290113592698,false,נר גדול ספרה 5 עם מע,,,נר גדול ספרה 5 עם מע,יח',1.00,יח',false,,5.90,5.9000,true,1,4914683
7290113592704,false,נר גדול ספרה 6 עם מע,,,נר גדול ספרה 6 עם מע,יח',1.00,יח',false,,5.90,5.9000,true,1,4914684
7290113592728,false,נר גדול ספרה 8 עם מע,,,נר גדול ספרה 8 עם מע,יח',1.00,יח',false,,5.90,5.9000,true,1,4914686
7290113592735,false,נר גדול ספרה 9 עם מע,,,נר גדול ספרה 9 עם מע,יח',1.00,יח',false,,5.90,5.9000,true,1,4914687
7290113594142,false,בקבוק טריטן עם צמידי,,,בקבוק טריטן עם צמידי,יח',1.00,יח',false,,17.00,17.0000,true,1,4912621
7290113594197,false,בקבוק טריטן 700 מל ע,,,בקבוק טריטן 700 מל ע,יח',1.00,יח',false,,25.60,25.6000,true,1,4912626
7290113594500,false,קערה במבוק,,,קערה במבוק,יח',1.00,יח',false,,8.50,8.5000,true,1,4914746
7290113594517,false,כוס במבוק,,,כוס במבוק,יח',1.00,יח',false,,6.80,6.8000,true,1,4912594
7290113594524,false,צלחת במבוק,,,צלחת במבוק,יח',1.00,יח',false,,8.50,8.5000,true,1,4914747
7290113597112,false,כוס במבוק,,,כוס במבוק,יח',1.00,יח',false,,6.80,6.8000,true,1,4912627
7290113660311,false,"פחמים גריל גריל 2ק""ג",,,"פחמים גריל גריל 2ק""ג",קילוגרמים,2.00,"ק""ג",false,,18.70,9.3500,true,1,4635052
7290113763784,false,מכשיר סודהסטרים טרה,,,מכשיר סודהסטרים טרה,יחידה,0.00,יחידה,false,,255.60,0.0000,true,1,5401883
7290114146289,false,אוליב תחליב רחצה שמן,,,אוליב תחליב רחצה שמן,מיליליטרים,800.00,"100 מ""ל",false,,14.40,0.0180,true,1,5287688
7290114147569,false,אוליב קרם גוף שמן זי,,,אוליב קרם גוף שמן זי,מיליליטרים,500.00,"100 מ""ל",false,,14.40,0.0288,true,1,5287689
7290114310215,false,שמנת מתוקה 38% 250מל,,,שמנת מתוקה 38% 250מל,מיליליטרים,250.00,"100 מ""ל",false,,5.50,0.0220,true,1,5249145
7290114310222,false,חלב מועשר בסידן 1.5ל,,,חלב מועשר בסידן 1.5ל,יח',1.00,יח',false,,9.30,9.3000,true,1,5252497
7290114310239,false,חלב נטול לקטוז מועשר,,,חלב נטול לקטוז מועשר,יח',1.00,יח',false,,9.10,9.1000,true,1,5252498
7290114310246,false,גרנה פדנו 29%,,,גרנה פדנו 29%,גרמים,125.00,100 גרם,false,,15.20,0.1216,true,1,5287302
7290114310253,false,גרנה פדנו מגורדת 29%,,,גרנה פדנו מגורדת 29%,גרמים,100.00,100 גרם,false,,10.20,0.1020,true,1,5287303
7290114310338,false,צפתית מעודנת 5% 225ג,,,צפתית מעודנת 5% 225ג,גרמים,225.00,100 גרם,false,,13.90,0.0618,true,1,5287286
7290114310345,false,מעדן יוגורט תות 1.5%,,,מעדן יוגורט תות 1.5%,גרמים,125.00,100 גרם,false,,2.20,0.0176,true,1,5275243
7290114310536,false,מולר אקטיב לייט טעם,,,מולר אקטיב לייט טעם,יח',1.00,יח',false,,5.00,5.0000,true,1,5293587
7290114310550,false,פטה עיזים מעודנת 5%,,,פטה עיזים מעודנת 5%,גרמים,200.00,100 גרם,false,,19.50,0.0975,true,1,5296494
7290114310567,false,לאבנה עיזים 200 גר,,,לאבנה עיזים 200 גר,גרמים,200.00,100 גרם,false,,11.90,0.0595,true,1,5296495
7290114310574,false,קרם שמנת עיזים מעודנ,,,קרם שמנת עיזים מעודנ,גרמים,200.00,100 גרם,false,,11.50,0.0575,true,1,5296496
7290114310611,false,משקה חלב בננה 250 מל,,,משקה חלב בננה 250 מל,מיליליטרים,250.00,"100 מ""ל",false,,4.20,0.0168,true,1,5296744
7290114310628,false,משקה חלב וניל ועוגיו,,,משקה חלב וניל ועוגיו,ליטרים,1.00,ליטר,false,,8.50,8.5000,true,1,5305038
7290114310895,false,מאגדת סימפלי מנגו תו,,,מאגדת סימפלי מנגו תו,גרמים,1200.00,100 גרם,false,,24.70,0.0206,true,1,5320445
7290114310901,false,גבינה לבנה 5% 250 גר,,,גבינה לבנה 5% 250 גר,גרמים,250.00,100 גרם,false,,4.20,0.0168,true,1,5318623
7290114310963,false,יוגורט מחלב עיזים מל,,,יוגורט מחלב עיזים מל,גרמים,500.00,100 גרם,false,,11.70,0.0234,true,1,5332777
7290114311014,false,משקה חלב אייס קפוצ'י,,,משקה חלב אייס קפוצ'י,מטרים,250.00,100 מ'ל,false,,4.20,0.0168,true,1,5365103
7290114311021,false,משקה חלב וניל עוגיות,,,משקה חלב וניל עוגיות,מטרים,250.00,100 מ'ל,false,,4.20,0.0168,true,1,5365104
7290114311038,false,שמנת מתוקה 32% בקבוק,,,שמנת מתוקה 32% בקבוק,מטרים,250.00,100 מ'ל,false,,5.60,0.0224,true,1,5365105
7290114311069,false,מולר אקטיב טעם טבעי,,,מולר אקטיב טעם טבעי,מיליליטרים,200.00,"100 מ""ל",false,,4.60,0.0230,true,1,5354486
7290114311076,false,מולר חמאת צהובה עם ש,,,מולר חמאת צהובה עם ש,גרמים,200.00,100 גרם,false,,9.20,0.0460,true,1,5381708
7290114311298,false,מולר קציפת תות בננה,,,מולר קציפת תות בננה,גרמים,150.00,100 גרם,false,,4.10,0.0273,true,1,5392589
7290114311304,false,מולר קציפת מנגו פסיפ,,,מולר קציפת מנגו פסיפ,גרמים,150.00,100 גרם,false,,4.10,0.0273,true,1,5392590
7290114311328,false,חלב נטול לקטוז וויטמ,,,חלב נטול לקטוז וויטמ,ליטרים,1.00,100 ליטר,false,,6.40,6.4000,true,1,5393731
7290114311359,false,מולר קציפת מנגו 3%,,,מולר קציפת מנגו 3%,גרמים,150.00,100 גרם,false,,4.10,0.0273,true,1,5392591
7290114311458,false,קרטון חלב 3% מועשר ו,,,קרטון חלב 3% מועשר ו,ליטרים,1.00,ליטר,false,,6.20,6.2000,true,1,5401851
7290114600941,false,מאסטר שף מיונז לחיץ,,,מאסטר שף מיונז לחיץ,גרמים,435.00,100 גרם,false,,10.90,0.0251,true,1,5274113
7290114600989,false,מאסטר שף רוטב אלף הא,,,מאסטר שף רוטב אלף הא,מיליליטרים,250.00,"100 מ""ל",false,,7.60,0.0304,true,1,5261591
7290114602952,false,מיני קרקר פריך מאפונ,,,מיני קרקר פריך מאפונ,גרמים,270.00,100 גרם,false,,8.50,0.0315,true,1,5286750
7290114603041,false,פרי גרנולה בוטנים קו,,,פרי גרנולה בוטנים קו,גרמים,300.00,100 גרם,false,,11.90,0.0397,true,1,5286753
7290114603508,false,רוטב להקפצה מאסטר שף,,,רוטב להקפצה מאסטר שף,מיליליטרים,300.00,"100 מ""ל",false,,6.80,0.0227,true,1,5289058
7290114603584,false,פוף פליי טעם גריל 40,,,פוף פליי טעם גריל 40,יח',1.00,יח',false,,2.50,2.5000,true,1,5261593
7290114603591,false,פוף פליי טעם קטשופ 4,,,פוף פליי טעם קטשופ 4,יח',1.00,יח',false,,2.50,2.5000,true,1,5261594
7290114603607,false,פוף פליי טעם חמוץ חר,,,פוף פליי טעם חמוץ חר,יח',1.00,יח',false,,2.50,2.5000,true,1,5261595
7290114604840,false,דפי אורז 16 קוטר 400,,,דפי אורז 16 קוטר 400,גרמים,400.00,100 גרם,false,,10.20,0.0255,true,1,5300182
7290114604857,false,דפי אורז 22 קוטר 400,,,דפי אורז 22 קוטר 400,גרמים,400.00,100 גרם,false,,10.20,0.0255,true,1,5300183
7290114604895,false,מאסטר שף ממרח ספייסי,,,מאסטר שף ממרח ספייסי,גרמים,446.00,100 גרם,false,,11.00,0.0247,true,1,5305986
7290114604901,false,מאסטר שף ממרח שום לח,,,מאסטר שף ממרח שום לח,גרמים,446.00,100 גרם,false,,11.00,0.0247,true,1,5305987
7290114604925,false,מאסטר שף קרם קוקוס ל,,,מאסטר שף קרם קוקוס ל,מטרים,400.00,100 מ'ל,false,,7.60,0.0190,true,1,5324619
7290114604932,false,מאסטר שף רוטב ברביקי,,,מאסטר שף רוטב ברביקי,גרמים,524.00,100 גרם,false,,11.00,0.0210,true,1,5308082
7290114604949,false,מאסטר שף רוטב ברביקי,,,מאסטר שף רוטב ברביקי,גרמים,524.00,100 גרם,false,,11.00,0.0210,true,1,5305988
7290114604963,false,מאסטר שף פירורים מתו,,,מאסטר שף פירורים מתו,גרמים,230.00,100 גרם,false,,5.90,0.0257,true,1,5310355
7290114605342,false,רפידות הנקה מדיום 11,,,רפידות הנקה מדיום 11,יח',1.00,יח',false,,21.30,21.3000,true,1,5314867
7290114605359,false,רפידות הנקה לארג 130,,,רפידות הנקה לארג 130,יח',1.00,יח',false,,21.30,21.3000,true,1,5314868
7290114605533,false,קוקי משטח חיתוך חד פ,,,קוקי משטח חיתוך חד פ,יח',1.00,יח',false,,15.30,15.3000,true,1,5364987
7290114605557,false,קוקי נייר עטיפה לסנד,,,קוקי נייר עטיפה לסנד,גרמים,1.00,100 גרם,false,,10.20,10.2000,true,1,5310356
7290114606530,false,מאסטר שף רוטב טעם מי,,,מאסטר שף רוטב טעם מי,גרמים,515.00,100 גרם,false,,11.00,0.0214,true,1,5306008
7290114606547,false,מיונז עם פטריות כמהי,,,מיונז עם פטריות כמהי,גרמים,242.00,100 גרם,false,,11.00,0.0455,true,1,5305989
7290114606554,false,מאסטר שף מיונז לייט,,,מאסטר שף מיונז לייט,גרמים,470.00,100 גרם,false,,11.00,0.0234,true,1,5305990
7290114606578,false,מאסטר שף שקדי מרק 40,,,מאסטר שף שקדי מרק 40,גרמים,400.00,100 גרם,false,,8.40,0.0210,true,1,5324854
7290114608633,false,דפי אצה מאסטר שף 25,,,דפי אצה מאסטר שף 25,יח',1.00,יח',false,,10.20,10.2000,true,1,5346213
7290114608657,false,מאסטר שף סילאן 700 מ,,,מאסטר שף סילאן 700 מ,מטרים,700.00,100 מ'ל,false,,16.90,0.0241,true,1,5324855
7290114608671,false,מאסטר שף סילאן לחיץ,,,מאסטר שף סילאן לחיץ,גרמים,470.00,100 גרם,false,,12.70,0.0270,true,1,5324856
7290114608695,false,מאסטר שף מיונז עם וו,,,מאסטר שף מיונז עם וו,גרמים,241.00,100 גרם,false,,11.00,0.0456,true,1,5324621
7290114653398,false,שלישית ביצי שוקולד כ,,,שלישית ביצי שוקולד כ,גרמים,20.00,100 גרם,false,,11.00,0.5500,true,1,5237602
7290114655927,false,בקבוק טריטן עם צמידי,,,בקבוק טריטן עם צמידי,יחידה,0.00,יחידה,false,,19.60,0.0000,true,1,5395344
7290114751902,false,אולוויז קוואטרו לילה,,,אולוויז קוואטרו לילה,יח',32.00,יח',false,,25.60,0.8000,true,1,5343881
7290115073232,false,קופסת אוכל קליפסים -,,,קופסת אוכל קליפסים -,יחידה,0.00,יחידה,false,,14.40,0.0000,true,1,5395352
7290115073287,false,קופסת אוכל קליפסים -,,,קופסת אוכל קליפסים -,יחידה,0.00,יחידה,false,,14.40,0.0000,true,1,5395354
7290115073676,false,מארז 50 מסכות שמחה ש,,,מארז 50 מסכות שמחה ש,יח',1.00,יח',false,,5.00,5.0000,true,1,5316398
7290115075748,false,קופסת אוכל שני תאים,,,קופסת אוכל שני תאים,יחידה,0.00,יחידה,false,,15.30,0.0000,true,1,5395398
7290115075755,false,קופסת אוכל שני תאים,,,קופסת אוכל שני תאים,יחידה,0.00,יחידה,false,,15.30,0.0000,true,1,5395399
7290115077292,false,בקבוק טריטן עם צמידי,,,בקבוק טריטן עם צמידי,יחידה,0.00,יחידה,false,,19.60,0.0000,true,1,5395407
7290115077643,false,צלחת במבוק 7- 12 יח,,,צלחת במבוק 7- 12 יח,יח',1.00,יח',false,,8.50,8.5000,true,1,5345320
7290115077698,false,קערת במבוק 6 - 12 יח,,,קערת במבוק 6 - 12 יח,יח',1.00,יח',false,,9.30,9.3000,true,1,5345324
7290115077704,false,קערת במבוק 6 - 12 יח,,,קערת במבוק 6 - 12 יח,יח',1.00,יח',false,,9.30,9.3000,true,1,5345325
7290115077728,false,קערת במבוק 6 - 12 יח,,,קערת במבוק 6 - 12 יח,יח',1.00,יח',false,,9.30,9.3000,true,1,5345326
7290115077735,false,קערת במבוק 6 - 12 יח,,,קערת במבוק 6 - 12 יח,יח',1.00,יח',false,,9.30,9.3000,true,1,5345327
7290115077841,false,מיכל אחסון במבוק בינ,,,מיכל אחסון במבוק בינ,יח',1.00,יח',false,,21.30,21.3000,true,1,5345332
7290115079371,false,בקבוק נירוסטה דופן כ,,,בקבוק נירוסטה דופן כ,יח',1.00,יח',false,,34.10,34.1000,true,1,5345342
7290115079401,false,בקבוק נירוסטה דופן כ,,,בקבוק נירוסטה דופן כ,יח',1.00,יח',false,,34.10,34.1000,true,1,5345345
7290115079654,false,בקבוק פלסטיק 370 מל,,,בקבוק פלסטיק 370 מל,יח',1.00,יח',false,,34.10,34.1000,true,1,5345355
7290115079890,false,בקבוק נירוסטה 500 -,,,בקבוק נירוסטה 500 -,יחידה,0.00,יחידה,false,,19.60,0.0000,true,1,5395409
7290115200003,false,פתי בר פינוקי וניל 2,,,פתי בר פינוקי וניל 2,גרמים,220.00,100 גרם,false,,8.50,0.0386,true,1,5257666
7290115200027,false,פתי בר פינוקי שוקולד,,,פתי בר פינוקי שוקולד,גרמים,220.00,100 גרם,false,,8.50,0.0386,true,1,5257667
7290115200676,false,אסם קרמוגית קרמל 200,,,אסם קרמוגית קרמל 200,גרמים,200.00,100 גרם,false,,6.80,0.0340,true,1,5265213
7290115200713,false,במבה קלאסי מארז 5*50,,,במבה קלאסי מארז 5*50,יח',1.00,יח',false,,10.20,10.2000,true,1,5257668
7290115200881,false,בייגלה שטוחים שומשום,,,בייגלה שטוחים שומשום,גרמים,300.00,100 גרם,false,,8.50,0.0283,true,1,5286309
7290115201031,false,פתי בר פינוקי שוקולד,,,פתי בר פינוקי שוקולד,גרמים,175.00,100 גרם,false,,8.50,0.0486,true,1,5298999
7290115201475,false,לביבות כרישה 434 גר,,,לביבות כרישה 434 גר,גרמים,434.00,100 גרם,false,,25.60,0.0590,true,1,5371137
7290115201536,false,"לביבות כרובית ותפו""א",,,"לביבות כרובית ותפו""א",גרמים,442.00,100 גרם,false,,25.60,0.0579,true,1,5371138
7290115201680,false,ביסלי בטעם ברביקיו א,,,ביסלי בטעם ברביקיו א,גרמים,70.00,100 גרם,false,,3.30,0.0471,true,1,5279619
7290115201703,false,ביסלי ברביקיו 200גר,,,ביסלי ברביקיו 200גר,גרמים,200.00,100 גרם,false,,5.60,0.0280,true,1,5296570
7290115202212,false,לביבות סלק 434 גר,,,לביבות סלק 434 גר,גרמים,434.00,100 גרם,false,,25.60,0.0590,true,1,5371139
7290115202236,false,טבעול טופו קראנצ'ים,,,טבעול טופו קראנצ'ים,גרמים,470.00,100 גרם,false,,25.60,0.0545,true,1,5312867
7290115202434,false,צבר חומוס עם זעתר 37,,,צבר חומוס עם זעתר 37,גרמים,375.00,100 גרם,false,,7.60,0.0203,true,1,5298015
7290115202816,false,מנה חמה פאוצ' אסם 70,,,מנה חמה פאוצ' אסם 70,גרמים,70.00,100 גרם,false,,3.30,0.0471,true,1,5303983
7290115203134,false,פופקו פופקורן במבה א,,,פופקו פופקורן במבה א,גרמים,80.00,100 גרם,false,,3.80,0.0475,true,1,5310716
7290115203172,false,במבה פרו אסם 80 גרם,,,במבה פרו אסם 80 גרם,גרמים,80.00,100 גרם,false,,3.30,0.0412,true,1,5399349
7290115203486,false,פירורית טעם ביסלי גר,,,פירורית טעם ביסלי גר,גרמים,200.00,100 גרם,false,,5.00,0.0250,true,1,5305041
7290115203806,false,אסם רוטב בסיס 290 מל,,,אסם רוטב בסיס 290 מל,מיליליטרים,290.00,"100 מ""ל",false,,9.30,0.0321,true,1,5320331
7290115204056,false,קטשופ אסם 56% פחות ס,,,קטשופ אסם 56% פחות ס,גרמים,690.00,100 גרם,false,,8.50,0.0123,true,1,5294585
7290115204131,false,צבר סחוג ירוק 190גר,,,צבר סחוג ירוק 190גר,גרמים,190.00,100 גרם,false,,9.30,0.0489,true,1,5342341
7290115204155,false,צבר סחוג אדום 190גר,,,צבר סחוג אדום 190גר,גרמים,190.00,100 גרם,false,,9.30,0.0489,true,1,5342342
7290115204186,false,צבר פסטו 190גר,,,צבר פסטו 190גר,גרמים,190.00,100 גרם,false,,12.70,0.0668,true,1,5342343
7290115204247,false,צבר עגבניות מיובשות,,,צבר עגבניות מיובשות,גרמים,190.00,100 גרם,false,,12.70,0.0668,true,1,5342344
7290115204261,false,צבר אריסה 190גר,,,צבר אריסה 190גר,גרמים,190.00,100 גרם,false,,9.30,0.0489,true,1,5342345
7290115205176,false,קרקר דק כפרי פיטנס 1,,,קרקר דק כפרי פיטנס 1,גרמים,140.00,100 גרם,false,,8.50,0.0607,true,1,5342581
7290115205312,false,פיטנס קרקר 140 גר,,,פיטנס קרקר 140 גר,גרמים,140.00,100 גרם,false,,8.50,0.0607,true,1,5363250
7290115205527,false,פיטנס חטיף מולטיגריי,,,פיטנס חטיף מולטיגריי,יח',1.00,יח',false,,4.20,4.2000,true,1,5383451
7290115205541,false,פיטנס חטיף מולטיגריי,,,פיטנס חטיף מולטיגריי,יח',1.00,יח',false,,4.20,4.2000,true,1,5383452
7290115205695,false,בונז'ור בצק מצונן לפ,,,בונז'ור בצק מצונן לפ,גרמים,460.00,100 גרם,false,,12.70,0.0276,true,1,5337678
7290115205718,false,בונז'ור בצק מצונן על,,,בונז'ור בצק מצונן על,גרמים,230.00,100 גרם,false,,10.20,0.0443,true,1,5337679
7290115205978,false,פתי בר אצבעות 180גר,,,פתי בר אצבעות 180גר,גרמים,180.00,100 גרם,false,,8.50,0.0472,true,1,5350225
7290115207163,false,פרפקטו ניוקי בזיליקו,,,פרפקטו ניוקי בזיליקו,גרמים,500.00,100 גרם,false,,11.90,0.0238,true,1,5337681
7290115207361,false,פתי בר פיסטוק 500 גר,,,פתי בר פיסטוק 500 גר,גרמים,500.00,100 גרם,false,,7.60,0.0152,true,1,5363253
7290115207484,false,צבר חציל על האש היתר,,,צבר חציל על האש היתר,גרמים,400.00,100 גרם,false,,12.70,0.0317,true,1,5337683
7290115207620,false,רוטב סויה קלאסי אסם,,,רוטב סויה קלאסי אסם,מיליליטרים,290.00,"100 מ""ל",false,,9.30,0.0321,true,1,5371092
7290115207682,false,רוטב סגנון סויה סיני,,,רוטב סגנון סויה סיני,מיליליטרים,290.00,"100 מ""ל",false,,7.60,0.0262,true,1,5371093
7290115207798,false,המבורגר חריף טבעוני,,,המבורגר חריף טבעוני,גרמים,420.00,100 גרם,false,,25.60,0.0610,true,1,5355808
7290115207880,false,ויטמנצ'יק פטל 2 ליטר,,,ויטמנצ'יק פטל 2 ליטר,מטרים,2000.00,100 מ'ל,false,,34.10,0.0171,true,1,5347371
7290115207903,false,ויטמנצ'יק תפוח 2 ליט,,,ויטמנצ'יק תפוח 2 ליט,מטרים,2000.00,100 מ'ל,false,,34.10,0.0171,true,1,5347372
7290115208023,false,ויטמנצ'יק ענבים 2 לי,,,ויטמנצ'יק ענבים 2 לי,מטרים,2000.00,100 מ'ל,false,,34.10,0.0171,true,1,5347374
7290115208320,false,אפרופו טעם ביסלי בצל,,,אפרופו טעם ביסלי בצל,גרמים,50.00,100 גרם,false,,3.30,0.0660,true,1,5425358
7290115208344,false,אסם בייגלה כפיות שמנ,,,אסם בייגלה כפיות שמנ,גרמים,300.00,100 גרם,false,,8.50,0.0283,true,1,5399352
7290115208597,false,אסם קרמוגית מיניס קר,,,אסם קרמוגית מיניס קר,גרמים,200.00,100 גרם,false,,6.80,0.0340,true,1,5387599
7290115208801,false,לחמית דבש ואגוזים אס,,,לחמית דבש ואגוזים אס,גרמים,190.00,100 גרם,false,,7.60,0.0400,true,1,5399353
7290115209136,false,חטיפי עוף צמחי 1.2 ק,,,חטיפי עוף צמחי 1.2 ק,קילוגרמים,1.20,"ק""ג",false,,34.10,28.4167,true,1,5383488
7290115209198,false,במבה אוורירית אסם 80,,,במבה אוורירית אסם 80,גרמים,80.00,100 גרם,false,,3.30,0.0412,true,1,5383516
7290115209235,false,ביסקוויט פתי בר קפה,,,ביסקוויט פתי בר קפה,גרמים,500.00,100 גרם,false,,7.60,0.0152,true,1,5430408
7290115209358,false,במבה במילוי בראוניז,,,במבה במילוי בראוניז,גרמים,60.00,100 גרם,false,,3.70,0.0617,true,1,5425387
7290115400243,false,מיני דובשניות רמי לו,,,מיני דובשניות רמי לו,גרמים,400.00,100 גרם,false,,8.40,0.0210,true,1,5261900
7290115400816,false,עוגיות פיצפוצים לבן,,,עוגיות פיצפוצים לבן,גרמים,500.00,100 גרם,false,,12.70,0.0254,true,1,5361131
7290115400847,false,עוגיות פרפריות רמי ל,,,עוגיות פרפריות רמי ל,גרמים,500.00,100 גרם,false,,12.70,0.0254,true,1,5361153
7290115400861,false,עוגיות מעמול רמי לוי,,,עוגיות מעמול רמי לוי,גרמים,500.00,100 גרם,false,,12.70,0.0254,true,1,5361155
7290115400878,false,עוגיות ממולאות טעם ש,,,עוגיות ממולאות טעם ש,גרמים,500.00,100 גרם,false,,12.70,0.0254,true,1,5361156
7290115400885,false,עוגיות עינוגי שוקולד,,,עוגיות עינוגי שוקולד,גרמים,500.00,100 גרם,false,,12.70,0.0254,true,1,5361157
7290115400892,false,עוגיות פרסה תמרים רמ,,,עוגיות פרסה תמרים רמ,גרמים,500.00,100 גרם,false,,12.70,0.0254,true,1,5361158
7290115400908,false,עוגיות מגולגלות תמרי,,,עוגיות מגולגלות תמרי,גרמים,500.00,100 גרם,false,,12.70,0.0254,true,1,5361159
7290115400939,false,עוגיות גרייבה רמי לו,,,עוגיות גרייבה רמי לו,גרמים,500.00,100 גרם,false,,12.70,0.0254,true,1,5361162
7290115401073,false,עוגיות קיפל וניל רמי,,,עוגיות קיפל וניל רמי,גרמים,500.00,100 גרם,false,,12.70,0.0254,true,1,5361163
7290115401097,false,עוגיות נסיכה טעם תות,,,עוגיות נסיכה טעם תות,גרמים,500.00,100 גרם,false,,12.70,0.0254,true,1,5361165
7290115401103,false,עוגיות נסיכה מיקס רמ,,,עוגיות נסיכה מיקס רמ,גרמים,500.00,100 גרם,false,,12.70,0.0254,true,1,5361166
7290115401110,false,עוגיות מיני מרוקאי ר,,,עוגיות מיני מרוקאי ר,גרמים,500.00,100 גרם,false,,12.70,0.0254,true,1,5361167
7290115401141,false,עוגיות פצפוצי שוקו ר,,,עוגיות פצפוצי שוקו ר,גרמים,500.00,100 גרם,false,,12.70,0.0254,true,1,5361170
7290115401158,false,עוגיות מלוחות קריספי,,,עוגיות מלוחות קריספי,גרמים,500.00,100 גרם,false,,12.70,0.0254,true,1,5361171
7290115401165,false,עוגיות רשת קינמון מס,,,עוגיות רשת קינמון מס,גרמים,500.00,100 גרם,false,,12.70,0.0254,true,1,5361172
7290115405774,false,פחזניות ממולאות וניל,,,פחזניות ממולאות וניל,גרמים,180.00,100 גרם,false,,11.00,0.0611,true,1,5374702
7290115405781,false,פחזניות ממולאות טעם,,,פחזניות ממולאות טעם,גרמים,180.00,100 גרם,false,,11.00,0.0611,true,1,5374703
7290115405798,false,פחזניות ממולאות טעם,,,פחזניות ממולאות טעם,גרמים,180.00,100 גרם,false,,11.90,0.0661,true,1,5374704
7290115405804,false,פחזניות ממולאות טעם,,,פחזניות ממולאות טעם,גרמים,180.00,100 גרם,false,,11.90,0.0661,true,1,5374705
7290115410877,false,כרוב אדום 400ג רמילו,,,כרוב אדום 400ג רמילו,גרמים,400.00,100 גרם,false,,7.60,0.0190,true,1,5270681
7290115410884,false,חציל על האש 400ג רמי,,,חציל על האש 400ג רמי,גרמים,400.00,100 גרם,false,,7.60,0.0190,true,1,5270682
7290115410891,false,חומוס מסבחה 400ג רמי,,,חומוס מסבחה 400ג רמי,גרמים,400.00,100 גרם,false,,7.60,0.0190,true,1,5270683
7290115410907,false,מטבוחה 400ג רמילוי,,,מטבוחה 400ג רמילוי,גרמים,400.00,100 גרם,false,,7.60,0.0190,true,1,5270684
7290115410914,false,חציל רומני 400ג רמיל,,,חציל רומני 400ג רמיל,גרמים,400.00,100 גרם,false,,7.60,0.0190,true,1,5270685
7290115410921,false,חומוס ירושלמי 400ג ר,,,חומוס ירושלמי 400ג ר,גרמים,400.00,100 גרם,false,,7.60,0.0190,true,1,5270686
7290115410938,false,טחינה 400ג רמילוי,,,טחינה 400ג רמילוי,גרמים,400.00,100 גרם,false,,7.60,0.0190,true,1,5270687
7290115410952,false,חציל במיונז 400ג רמי,,,חציל במיונז 400ג רמי,גרמים,400.00,100 גרם,false,,7.60,0.0190,true,1,5270689
7290115410969,false,חומוס לפיתה 700ג רמי,,,חומוס לפיתה 700ג רמי,גרמים,700.00,100 גרם,false,,7.60,0.0109,true,1,5270690
7290115411157,false,חומוס עם חריף 400ג ר,,,חומוס עם חריף 400ג ר,גרמים,400.00,100 גרם,false,,7.60,0.0190,true,1,5270691
7290115411454,false,חומוס ירושלמי 250גר,,,חומוס ירושלמי 250גר,גרמים,250.00,100 גרם,false,,6.80,0.0272,true,1,5276641
7290115411461,false,חומוס מסבחה ירוק 250,,,חומוס מסבחה ירוק 250,גרמים,250.00,100 גרם,false,,6.80,0.0272,true,1,5276611
7290115411478,false,חומוס מסבחה חריף 250,,,חומוס מסבחה חריף 250,גרמים,250.00,100 גרם,false,,6.80,0.0272,true,1,5276612
7290115411492,false,טחינה לבנה 250גר רמי,,,טחינה לבנה 250גר רמי,גרמים,250.00,100 גרם,false,,6.80,0.0272,true,1,5276614
7290115411560,false,חציל תאילנדי 250גר ר,,,חציל תאילנדי 250גר ר,גרמים,250.00,100 גרם,false,,6.80,0.0272,true,1,5276615
7290115411577,false,חציל במיונז 250גר רמ,,,חציל במיונז 250גר רמ,גרמים,250.00,100 גרם,false,,6.80,0.0272,true,1,5276616
7290115411607,false,חציל בטעם כבד 250גר,,,חציל בטעם כבד 250גר,גרמים,250.00,100 גרם,false,,13.60,0.0544,true,1,5276643
7290115411638,false,קוביות חציל בטחינה 2,,,קוביות חציל בטחינה 2,גרמים,250.00,100 גרם,false,,6.80,0.0272,true,1,5279737
7290115413069,false,סלט גזר מרוקאי 250גר,,,סלט גזר מרוקאי 250גר,גרמים,250.00,100 גרם,false,,6.80,0.0272,true,1,5348011
7290115413076,false,סלט סלק 250גרם רמי ל,,,סלט סלק 250גרם רמי ל,גרמים,250.00,100 גרם,false,,6.80,0.0272,true,1,5348012
7290115413083,false,חומוס אבו גוש עם גרג,,,חומוס אבו גוש עם גרג,גרמים,250.00,100 גרם,false,,6.80,0.0272,true,1,5344384
7290115480016,false,סוד פאוור קאפס לכביס,,,סוד פאוור קאפס לכביס,יח',1.00,יח',false,,25.60,25.6000,true,1,5363362
7290115480023,false,סוד פאוור קאפס לכביס,,,סוד פאוור קאפס לכביס,יח',1.00,יח',false,,35.80,35.8000,true,1,5363363
7290115640182,false,ערכת מהדרינר שמן ראו,,,ערכת מהדרינר שמן ראו,יח',1.00,יח',false,,59.70,59.7000,true,1,5277285
7290115640199,false,פתיל צף עגול קטן מוכ,,,פתיל צף עגול קטן מוכ,יח',1.00,יח',false,,3.30,3.3000,true,1,5254011
7290115671155,false,שלישיית סוכריות פרש,,,שלישיית סוכריות פרש,יח',1.00,יח',false,,6.80,6.8000,true,1,5344100
7290115671339,false,עלית מיני פנוקיות בי,,,עלית מיני פנוקיות בי,גרמים,180.00,100 גרם,false,,8.50,0.0472,true,1,5320057
7290115671346,false,עלית מיני פינוקיות ק,,,עלית מיני פינוקיות ק,גרמים,180.00,100 גרם,false,,8.50,0.0472,true,1,5320058
7290115671353,false,מיני פינוקיות שחור ל,,,מיני פינוקיות שחור ל,גרמים,180.00,100 גרם,false,,8.50,0.0472,true,1,5344103
7290115675559,false,מארז טורקי לדרך 70 ג,,,מארז טורקי לדרך 70 ג,גרמים,70.00,100 גרם,false,,6.80,0.0971,true,1,5291473
7290115675702,false,קוואקר קרוזלי פירות,,,קוואקר קרוזלי פירות,גרמים,375.00,100 גרם,false,,16.90,0.0451,true,1,5317721
7290115675986,false,דנונה בר עם אגוזים מ,,,דנונה בר עם אגוזים מ,מיליליטרים,180.00,"100 מ""ל",false,,3.70,0.0206,true,1,5290622
7290115676037,false,דנונה ריפרש תות דומד,,,דנונה ריפרש תות דומד,גרמים,250.00,100 גרם,false,,4.20,0.0168,true,1,5308535
7290115676051,false,אקטיביה משקה במתיקות,,,אקטיביה משקה במתיקות,מטרים,265.00,100 מ'ל,false,,4.10,0.0155,true,1,5334417
7290115676082,false,משקה דנונה פרו 20 תו,,,משקה דנונה פרו 20 תו,יח',1.00,יח',false,,5.90,5.9000,true,1,5313606
7290115676099,false,דנונה פרו משקה וניל,,,דנונה פרו משקה וניל,גרמים,265.00,100 גרם,false,,5.90,0.0223,true,1,5313607
7290115676273,false,קקאו 550 גרם,,,קקאו 550 גרם,גרמים,550.00,100 גרם,false,,20.40,0.0371,true,1,5307623
7290115677089,false,קונפיטורת תפוח וקינמ,,,קונפיטורת תפוח וקינמ,גרמים,340.00,100 גרם,false,,9.30,0.0274,true,1,5320037
7290115677362,false,דלישס נודלס טריאקי 3,,,דלישס נודלס טריאקי 3,גרמים,350.00,100 גרם,false,,19.60,0.0560,true,1,5327947
7290115677966,false,ממרח אבוקדו שטראוס,,,ממרח אבוקדו שטראוס,גרמים,200.00,100 גרם,false,,12.70,0.0635,true,1,5328165
7290115678222,false,מארז שמינייה יווני,,,מארז שמינייה יווני,יח',1.00,יח',false,,20.40,20.4000,true,1,5308538
7290115678376,false,מעדן הגולן שוקולד 12,,,מעדן הגולן שוקולד 12,גרמים,125.00,100 גרם,false,,2.40,0.0192,true,1,5317930
7290115678383,false,מעדן הגולן שוקולד מר,,,מעדן הגולן שוקולד מר,גרמים,125.00,100 גרם,false,,2.40,0.0192,true,1,5317931
7290115678598,false,חסה אייסברג שטראוס ט,,,חסה אייסברג שטראוס ט,גרמים,300.00,100 גרם,false,,8.50,0.0283,true,1,5333263
7290115678635,false,נשנושי גבינה 16% עם,,,נשנושי גבינה 16% עם,גרמים,67.00,100 גרם,false,,8.50,0.1269,true,1,5387783
7290115678642,false,נשנושי גבינה 16% עם,,,נשנושי גבינה 16% עם,גרמים,67.00,100 גרם,false,,8.50,0.1269,true,1,5387784
7290115678888,false,שוקולית טופי קרמל 50,,,שוקולית טופי קרמל 50,גרמים,500.00,100 גרם,false,,12.70,0.0254,true,1,5389622
7290115678970,false,מאסט פרש סוכריות בטע,,,מאסט פרש סוכריות בטע,גרמים,45.00,100 גרם,false,,7.60,0.1689,true,1,5320038
7290115679779,false,שייק פירות אדום,,,שייק פירות אדום,גרמים,300.00,100 גרם,false,,18.70,0.0623,true,1,5367278
7290116050027,false,כוסיות מוס 12,,,כוסיות מוס 12,יח',1.00,יח',false,,14.40,14.4000,true,1,5340550
7290116051093,false,מגש פרח מחולק לבן,,,מגש פרח מחולק לבן,יח',1.00,יח',false,,5.00,5.0000,true,1,5355277
7290116051109,false,מגש פרח מחולק שקוף,,,מגש פרח מחולק שקוף,יח',1.00,יח',false,,5.00,5.0000,true,1,5355278
7290116051208,false,רומא סכין נצנץ זהב (,,,רומא סכין נצנץ זהב (,יח',1.00,יח',false,,3.30,3.3000,true,1,5356374
7290116051239,false,רומא מזלג נצנץ כסף (,,,רומא מזלג נצנץ כסף (,יח',1.00,יח',false,,3.30,3.3000,true,1,5356377
7290116051277,false,רומא מזלג מנטה (10יח,,,רומא מזלג מנטה (10יח,יח',1.00,יח',false,,3.30,3.3000,true,1,5356381
7290116051284,false,רומא סכין מנטה (10יח,,,רומא סכין מנטה (10יח,יח',1.00,יח',false,,3.30,3.3000,true,1,5356382
7290116052700,false,סכין שקוף 40 יח,,,סכין שקוף 40 יח,יחידה,0.00,יחידה,false,,6.80,0.0000,true,1,5386234
7290116052724,false,מזלג שקוף 40 יח,,,מזלג שקוף 40 יח,יחידה,0.00,יחידה,false,,6.80,0.0000,true,1,5386236
7290116052748,false,סכין קרם 40 יחידות,,,סכין קרם 40 יחידות,יחידה,0.00,יחידה,false,,6.80,0.0000,true,1,5386238
7290116052779,false,כף קרם 40 יחידות,,,כף קרם 40 יחידות,יחידה,0.00,יחידה,false,,6.80,0.0000,true,1,5386241
7290116052830,false,מזלג קרם 40 יחידות,,,מזלג קרם 40 יחידות,יח',1.00,יח',false,,6.80,6.8000,true,1,5422972
7290116052854,false,כפית קרם 40 יחידות,,,כפית קרם 40 יחידות,יח',1.00,יח',false,,5.90,5.9000,true,1,5422974
7290116053080,false,צלחת עמוקה זכוכית,,,צלחת עמוקה זכוכית,יחידה,0.00,יחידה,false,,3.30,0.0000,true,1,5396263
7290116053103,false,צלחת רטרו זכוכית 15,,,צלחת רטרו זכוכית 15,יחידה,0.00,יחידה,false,,3.30,0.0000,true,1,5396284
7290116053110,false,"צלחת זכוכית 20 ס""מ",,,"צלחת זכוכית 20 ס""מ",יחידה,0.00,יחידה,false,,5.00,0.0000,true,1,5396285
7290116053127,false,צלחת רטרו זכוכית 25ס,,,צלחת רטרו זכוכית 25ס,יחידה,0.00,יחידה,false,,6.80,0.0000,true,1,5396286
7290116053158,false,כוס זכוכית צרה 6 יח',,,כוס זכוכית צרה 6 יח',יחידה,0.00,יחידה,false,,9.30,0.0000,true,1,5400668
7290116053165,false,אטבי כביסה סופר מילנ,,,אטבי כביסה סופר מילנ,יח',1.00,יח',false,,17.00,17.0000,true,1,5399017
7290116053172,false,אטבי כביסה צבעוניים,,,אטבי כביסה צבעוניים,יח',1.00,יח',false,,8.50,8.5000,true,1,5398852
7290116053189,false,אטבי כביסה עץ 24 יח',,,אטבי כביסה עץ 24 יח',יח',1.00,יח',false,,5.90,5.9000,true,1,5398853
7290116053455,false,מטרפת סיליקון איכותי,,,מטרפת סיליקון איכותי,יח',1.00,יח',false,,8.50,8.5000,true,1,5404970
7290116053462,false,ידית סיליקון לסירים,,,ידית סיליקון לסירים,יח',1.00,יח',false,,8.50,8.5000,true,1,5404971
7290116053493,false,מסננת רב שימושית איכ,,,מסננת רב שימושית איכ,יח',1.00,יח',false,,11.00,11.0000,true,1,5404995
7290116053516,false,קליפסים מעוצבים לסגי,,,קליפסים מעוצבים לסגי,יח',1.00,יח',false,,10.20,10.2000,true,1,5404996
7290116053547,false,קולפן קישואון מעוצב,,,קולפן קישואון מעוצב,יח',1.00,יח',false,,8.50,8.5000,true,1,5404999
7290116053561,false,מספריים רב שימושיות,,,מספריים רב שימושיות,יח',1.00,יח',false,,12.70,12.7000,true,1,5405001
7290116053820,false,מצע לפירות וירקות 30,,,מצע לפירות וירקות 30,יחידה,0.00,יחידה,false,,7.60,0.0000,true,1,5404081
7290116053837,false,מגב חלון איכותי מחלי,,,מגב חלון איכותי מחלי,יח',1.00,יח',false,,6.80,6.8000,true,1,5399037
7290116053844,false,מברשת מעוצבת לניקוי,,,מברשת מעוצבת לניקוי,יח',1.00,יח',false,,5.00,5.0000,true,1,5399038
7290116053851,false,אלמוגית בינונית,,,אלמוגית בינונית,יחידה,0.00,יחידה,false,,8.50,0.0000,true,1,5404082
7290116053868,false,רשת לצליה XL,,,רשת לצליה XL,יח',1.00,יח',false,,17.00,17.0000,true,1,5399039
7290116053875,false,מלקחיים נירסוטה,,,מלקחיים נירסוטה,יחידה,0.00,יחידה,false,,5.00,0.0000,true,1,5405939
7290116053882,false,מלקחיים נירוסטה,,,מלקחיים נירוסטה,יחידה,0.00,יחידה,false,,6.80,0.0000,true,1,5405940
7290116053929,false,מצע למקרר וארונות מח,,,מצע למקרר וארונות מח,יח',1.00,יח',false,,8.50,8.5000,true,1,5399042
7290116054919,false,"מגש מלבני 35*25 ס""מ",,,"מגש מלבני 35*25 ס""מ",יח',1.00,יח',false,,8.40,8.4000,true,1,5356517
7290116055657,false,כוסות חד פעמי לשתייה,,,כוסות חד פעמי לשתייה,יח',1.00,יח',false,,5.90,5.9000,true,1,5371167
7290116055664,false,כוסות שתיה חמה 40 יח,,,כוסות שתיה חמה 40 יח,יח',1.00,יח',false,,10.20,10.2000,true,1,5364430
7290116055688,false,כוסות אספרסו 40 יח',,,כוסות אספרסו 40 יח',יח',1.00,יח',false,,4.20,4.2000,true,1,5396242
7290116055718,false,כוס חם 12 אוז 40 יח',,,כוס חם 12 אוז 40 יח',יח',1.00,יח',false,,11.90,11.9000,true,1,5380531
7290116056296,false,צלחת 9 קרם 50יח בסט,,,צלחת 9 קרם 50יח בסט,יח',1.00,יח',false,,17.00,17.0000,true,1,5353217
7290116056302,false,צלחת 9 לבן 50יח בסט,,,צלחת 9 לבן 50יח בסט,יח',1.00,יח',false,,17.00,17.0000,true,1,5353218
7290116056968,false,מטליות 50יח לניקוי ו,,,מטליות 50יח לניקוי ו,יח',1.00,יח',false,,5.90,5.9000,true,1,5328335
7290116057354,false,מגש בלה מנטה זהב 1יח,,,מגש בלה מנטה זהב 1יח,יח',1.00,יח',false,,7.60,7.6000,true,1,5333778
7290116057538,false,מגש בלה לבן כסף 1יח,,,מגש בלה לבן כסף 1יח,יח',1.00,יח',false,,7.60,7.6000,true,1,5333784
7290116058146,false,טוסקנה צלחת 10' 10יח,,,טוסקנה צלחת 10' 10יח,יח',1.00,יח',false,,19.60,19.6000,true,1,5321105
7290116058177,false,טוסקנה צלחת 9' קרם 1,,,טוסקנה צלחת 9' קרם 1,יח',1.00,יח',false,,13.60,13.6000,true,1,5321136
7290116058191,false,טוסקנה מרקיה קרם 10י,,,טוסקנה מרקיה קרם 10י,יח',1.00,יח',false,,11.90,11.9000,true,1,5321165
7290116058245,false,טוסקנה אובלי קרם קטן,,,טוסקנה אובלי קרם קטן,יח',1.00,יח',false,,7.60,7.6000,true,1,5321113
7290116058580,false,מפות גליל ורוד 16מ 1,,,מפות גליל ורוד 16מ 1,יח',1.00,יח',false,,28.10,28.1000,true,1,5333401
7290116058979,false,תבניות אלומניום,,,תבניות אלומניום,יח',1.00,יח',false,,29.80,29.8000,true,1,5322519
7290116059648,false,כפפות ויטריל כחול (1,,,כפפות ויטריל כחול (1,יח',1.00,יח',false,,16.20,16.2000,true,1,5356408
7290116073057,false,מטען קיר VIMAX,,,מטען קיר VIMAX,יח',1.00,יח',false,,46.90,46.9000,true,1,5311777
7290116244020,false,אצבעות שוקולד חלב 84,,,אצבעות שוקולד חלב 84,יח',1.00,יח',false,,5.90,5.9000,true,1,5345356
7290116248776,false,כדור משחק 23 סמ Mini,,,כדור משחק 23 סמ Mini,יח',1.00,יח',false,,11.00,11.0000,true,1,5345389
7290116249780,false,כוס קפה לנסיעה נירוס,,,כוס קפה לנסיעה נירוס,יח',1.00,יח',false,,34.10,34.1000,true,1,5345392
7290116530000,false,דאב תרחיץ פנים מלפפו,,,דאב תרחיץ פנים מלפפו,מטרים,180.00,100 מ'ל,false,,10.20,0.0567,true,1,5394577
7290116530109,false,חטיף קליק אוקיי לבן,,,חטיף קליק אוקיי לבן,גרמים,38.00,100 גרם,false,,3.30,0.0868,true,1,5311195
7290116530116,false,קליק חטיף OK נוגט בצ,,,קליק חטיף OK נוגט בצ,יח',1.00,יח',false,,8.50,8.5000,true,1,5311196
7290116530185,false,קורנפלקס דלישקד קרמל,,,קורנפלקס דלישקד קרמל,גרמים,400.00,100 גרם,false,,16.80,0.0420,true,1,5322723
7290116530215,false,דאו אקס סטיק לגבר דר,,,דאו אקס סטיק לגבר דר,גרמים,76.00,100 גרם,false,,17.00,0.2237,true,1,5307856
7290116530222,false,דאו אקס סטיק לגבר אנ,,,דאו אקס סטיק לגבר אנ,גרמים,76.00,100 גרם,false,,17.00,0.2237,true,1,5307857
7290116530482,false,קורנפלקס אלופים 5*30,,,קורנפלקס אלופים 5*30,גרמים,150.00,100 גרם,false,,8.50,0.0567,true,1,5322739
7290116530871,false,נשנושים מיקס 260 גר-,,,נשנושים מיקס 260 גר-,גרמים,260.00,100 גרם,false,,10.20,0.0392,true,1,5307859
7290116530888,false,בדין ג'ל לכביסה ברי,,,בדין ג'ל לכביסה ברי,ליטרים,2.50,ליטר,false,,23.80,9.5200,true,1,5315532
7290116530895,false,בדין תרסיס למייבש בנ,,,בדין תרסיס למייבש בנ,מטרים,500.00,100 מ'ל,false,,12.70,0.0254,true,1,5315533
7290116531045,false,קורנפלקס דליפקאן 350,,,קורנפלקס דליפקאן 350,גרמים,350.00,100 גרם,false,,17.00,0.0486,true,1,5354312
7290116531069,false,קנור מרק בצל רכיבים,,,קנור מרק בצל רכיבים,גרמים,225.00,100 גרם,false,,11.90,0.0529,true,1,5344058
7290116531076,false,קנור מרק פטריות רכיב,,,קנור מרק פטריות רכיב,גרמים,225.00,100 גרם,false,,11.90,0.0529,true,1,5344059
7290116531090,false,בייגלה דג דג 250 גרם,,,בייגלה דג דג 250 גרם,גרמים,250.00,100 גרם,false,,8.50,0.0340,true,1,5341652
7290116531311,false,קליק חטיף אוקיי שחור,,,קליק חטיף אוקיי שחור,גרמים,38.00,100 גרם,false,,3.30,0.0868,true,1,5371419
7290116531328,false,חטיף קליק אוקיי שחור,,,חטיף קליק אוקיי שחור,גרמים,38.00,100 גרם,false,,3.30,0.0868,true,1,5371393
7290116531496,false,קורנפלקס קינמונים 37,,,קורנפלקס קינמונים 37,גרמים,375.00,100 גרם,false,,16.20,0.0432,true,1,5371420
7290116531557,false,פתית פריכיות תירס דק,,,פתית פריכיות תירס דק,גרמים,150.00,100 גרם,false,,8.50,0.0567,true,1,5351931
7290116531564,false,פתית פריכיות תירס דק,,,פתית פריכיות תירס דק,גרמים,150.00,100 גרם,false,,8.50,0.0567,true,1,5351950
7290116531571,false,סיף מטליות ניקוי ניח,,,סיף מטליות ניקוי ניח,יחידה,0.00,יחידה,false,,6.80,0.0000,true,1,5394505
7290116531588,false,מטליות ניקוי מרכך כב,,,מטליות ניקוי מרכך כב,יחידה,0.00,יחידה,false,,6.80,0.0000,true,1,5394506
7290116531595,false,מטליות ניקוי ניחוח מ,,,מטליות ניקוי ניחוח מ,יחידה,0.00,יחידה,false,,6.80,0.0000,true,1,5394507
7290116531762,false,בדין דפים למייבש כבי,,,בדין דפים למייבש כבי,יח',40.00,יח',false,,12.70,0.3175,true,1,5348472
7290116531779,false,בדין דפים למייבש כבי,,,בדין דפים למייבש כבי,יח',40.00,יח',false,,12.70,0.3175,true,1,5348473
7290116531793,false,הלמנס רוטב לסלט קיסר,,,הלמנס רוטב לסלט קיסר,מיליליטרים,295.00,"100 מ""ל",false,,8.50,0.0288,true,1,5333211
7290116531885,false,מיונז הלמנס טיבעוני,,,מיונז הלמנס טיבעוני,יחידה,0.00,יחידה,false,,11.00,0.0000,true,1,5394598
7290116531939,false,גלידונית קרמיסימו תו,,,גלידונית קרמיסימו תו,גרמים,630.00,100 גרם,false,,34.00,0.0540,true,1,5363909
7290116532011,false,קליק חטיף OK נוגט 35,,,קליק חטיף OK נוגט 35,גרמים,35.00,גרם,false,,3.30,0.0943,true,1,5354214
7290116532219,false,קורנפלקס תות תלמה -ב,,,קורנפלקס תות תלמה -ב,גרמים,686.00,100 גרם,false,,16.20,0.0236,true,1,5371421
7290116532240,false,קליק טבלת עוגיות 85,,,קליק טבלת עוגיות 85,גרמים,85.00,100 גרם,false,,4.20,0.0494,true,1,5371394
7290116532264,false,גודיז פרי אפרסק 8יח,,,גודיז פרי אפרסק 8יח,מטרים,420.00,100 מ'ל,false,,17.00,0.0405,true,1,5363910
7290116532387,false,פינוק סבון לידיים חמ,,,פינוק סבון לידיים חמ,מיליליטרים,950.00,"100 מ""ל",false,,10.10,0.0106,true,1,5363906
7290116532394,false,פינוק סבון לידיים חמ,,,פינוק סבון לידיים חמ,מיליליטרים,950.00,"100 מ""ל",false,,10.10,0.0106,true,1,5363907
7290116532400,false,בייגלה מקלות 235 גר-,,,בייגלה מקלות 235 גר-,יחידה,0.00,יחידה,false,,4.20,0.0000,true,1,5394599
7290116532462,false,"פיינטים קליק 520 מ""",,,"פיינטים קליק 520 מ""",מיליליטרים,520.00,"100 מ""ל",false,,16.90,0.0325,true,1,5385086
7290116532486,false,"פיינטים קליק 520 מ""",,,"פיינטים קליק 520 מ""",מיליליטרים,520.00,"100 מ""ל",false,,16.90,0.0325,true,1,5385087
7290116532585,false,ברנפלקס קרנצ'ים דבש,,,ברנפלקס קרנצ'ים דבש,גרמים,375.00,100 גרם,false,,17.00,0.0453,true,1,5383245
7290116532615,false,פינוק שמפו עם תמצית,,,פינוק שמפו עם תמצית,מיליליטרים,700.00,"100 מ""ל",false,,10.20,0.0146,true,1,5383246
7290116532622,false,פינוק מרכך עם תמצית,,,פינוק מרכך עם תמצית,מיליליטרים,700.00,"100 מ""ל",false,,10.20,0.0146,true,1,5383247
7290116532721,false,הלמנס רוטב לסלט לימו,,,הלמנס רוטב לסלט לימו,מיליליטרים,300.00,"100 מ""ל",false,,8.50,0.0283,true,1,5414256
7290116532738,false,הלמנס רוטב לסלט בזיל,,,הלמנס רוטב לסלט בזיל,מיליליטרים,300.00,"100 מ""ל",false,,8.50,0.0283,true,1,5414257
7290116532769,false,גרנולה חלבון תפוח קי,,,גרנולה חלבון תפוח קי,גרמים,300.00,100 גרם,false,,12.70,0.0423,true,1,5383248
7290116532868,false,פינוק שמפו אל דמע בי,,,פינוק שמפו אל דמע בי,מיליליטרים,900.00,"100 מ""ל",false,,17.00,0.0189,true,1,5398265
7290116532875,false,פינוק בייבי אל סבון,,,פינוק בייבי אל סבון,מטרים,970.00,100 מ'ל,false,,17.00,0.0175,true,1,5394531
7290116532899,false,נשנושים איירביס פלאפ,,,נשנושים איירביס פלאפ,גרמים,155.00,100 גרם,false,,10.20,0.0658,true,1,5418659
7290116532905,false,נשנושים איירביס ברבי,,,נשנושים איירביס ברבי,גרמים,155.00,100 גרם,false,,10.20,0.0658,true,1,5418660
7290116533063,false,שוגי קרטיב ענבים 40,,,שוגי קרטיב ענבים 40,גרמים,400.00,100 גרם,false,,13.60,0.0340,true,1,5383251
7290116533094,false,פינוק שמפו ורדים לבנ,,,פינוק שמפו ורדים לבנ,מיליליטרים,700.00,"100 מ""ל",false,,10.20,0.0146,true,1,5394532
7290116533216,false,קנור מרק ירקות 267 ג,,,קנור מרק ירקות 267 ג,גרמים,267.00,100 גרם,false,,11.90,0.0446,true,1,5414232
7290116911366,false,כוס קפה לחיצה לנסיעה,,,כוס קפה לחיצה לנסיעה,יח',1.00,יח',false,,38.40,38.4000,true,1,5345394
7290116915180,false,בקבוק 500 מל טריטן ע,,,בקבוק 500 מל טריטן ע,יחידה,0.00,יחידה,false,,17.00,0.0000,true,1,5395424
7290116916347,false,בקבוק עם פקק הברגה 1,,,בקבוק עם פקק הברגה 1,יחידה,0.00,יחידה,false,,17.00,0.0000,true,1,5395429
7290116930282,false,ארוחת בוקר לאבנה עם,,,ארוחת בוקר לאבנה עם,גרמים,150.00,100 גרם,false,,6.40,0.0427,true,1,5402657
7290116930435,false,יופלה גו במרקם סמיך,,,יופלה גו במרקם סמיך,מטרים,200.00,100 מ'ל,false,,4.70,0.0235,true,1,5377027
7290116930459,false,יופלה שייק 230 מל,,,יופלה שייק 230 מל,מטרים,230.00,100 מ'ל,false,,6.60,0.0287,true,1,5385029
7290116930466,false,יופלה שייק 230 מל,,,יופלה שייק 230 מל,מטרים,230.00,100 מ'ל,false,,6.60,0.0287,true,1,5385030
7290116930480,false,יופלה שייק 230 מל,,,יופלה שייק 230 מל,מטרים,230.00,100 מ'ל,false,,6.60,0.0287,true,1,5385031
7290116930626,false,ארוחת בוקר ציז'קי עם,,,ארוחת בוקר ציז'קי עם,גרמים,150.00,100 גרם,false,,6.40,0.0427,true,1,5402658
7290116930701,false,מעדן חלב גו בטעם קרמ,,,מעדן חלב גו בטעם קרמ,מטרים,120.00,100 מ'ל,false,,3.90,0.0325,true,1,5385033
7290116930718,false,מעדן חלב דל קלוריות,,,מעדן חלב דל קלוריות,מיליליטרים,150.00,"100 מ""ל",false,,3.20,0.0213,true,1,5394105
7290116930725,false,סויה ביו קוקוס גביע,,,סויה ביו קוקוס גביע,גרמים,150.00,100 גרם,false,,3.60,0.0240,true,1,5402660
7290116931081,false,מעדן סויה טעם טופי ק,,,מעדן סויה טעם טופי ק,גרמים,125.00,100 גרם,false,,3.20,0.0256,true,1,5402661
7290116931104,false,יופלה גו במרקם סמיך,,,יופלה גו במרקם סמיך,מטרים,200.00,100 מ'ל,false,,4.70,0.0235,true,1,5402662
7290117260098,false,חטיף גבינה בציפוי ש,,,חטיף גבינה בציפוי ש,גרמים,120.00,100 גרם,false,,11.00,0.0917,true,1,5398929
7290117260104,false,חטיף גבינה ט.תות שדה,,,חטיף גבינה ט.תות שדה,גרמים,120.00,100 גרם,false,,11.00,0.0917,true,1,5398930
7290117260111,false,חטיף גבינה ט.קרם ברו,,,חטיף גבינה ט.קרם ברו,גרמים,120.00,100 גרם,false,,11.00,0.0917,true,1,5398931
7290117260333,false,גבינת שמנת עם חלפיני,,,גבינת שמנת עם חלפיני,גרמים,200.00,100 גרם,false,,8.50,0.0425,true,1,5369979
7290117260449,false,גבינה בולגרית למריחה,,,גבינה בולגרית למריחה,גרמים,200.00,100 גרם,false,,8.50,0.0425,true,1,5371233
7290117260456,false,גבינה בולגרית למריחה,,,גבינה בולגרית למריחה,גרמים,200.00,100 גרם,false,,8.50,0.0425,true,1,5371234
7290117260463,false,גבינה בולגרית למריחה,,,גבינה בולגרית למריחה,גרמים,200.00,100 גרם,false,,8.50,0.0425,true,1,5371235
7290117260470,false,גבינה בולגרית למריחה,,,גבינה בולגרית למריחה,גרמים,200.00,100 גרם,false,,8.50,0.0425,true,1,5371236
7290117260685,false,תן בו וניל בציפויים,,,תן בו וניל בציפויים,יח',1.00,יח',false,,15.30,15.3000,true,1,5339882
7290117261088,false,בוראטה גבינת מוצרלה,,,בוראטה גבינת מוצרלה,גרמים,125.00,100 גרם,false,,16.80,0.1344,true,1,5398932
7290117261354,false,גבינת ריקוטה 200גרם,,,גבינת ריקוטה 200גרם,גרמים,200.00,100 גרם,false,,8.30,0.0415,true,1,5392545
7290117261415,false,יוגורט פרוביוטי 2.7%,,,יוגורט פרוביוטי 2.7%,מטרים,125.00,100 מ'ל,false,,2.40,0.0192,true,1,5421875
7290117261422,false,יוגורט פרוביוטי עם ת,,,יוגורט פרוביוטי עם ת,מטרים,125.00,100 מ'ל,false,,2.40,0.0192,true,1,5421876
7290117261439,false,יוגורט פרוביוטי עם פ,,,יוגורט פרוביוטי עם פ,מטרים,125.00,100 מ'ל,false,,2.40,0.0192,true,1,5421877
7290117261446,false,יוגורט פרוביוטי עם א,,,יוגורט פרוביוטי עם א,מטרים,125.00,100 מ'ל,false,,2.40,0.0192,true,1,5421878
7290117261484,false,מאפה בצק עלים ממולא,,,מאפה בצק עלים ממולא,גרמים,450.00,100 גרם,false,,20.40,0.0453,true,1,5392597
7290117261514,false,סלמון אטלנטי בשמן קנ,,,סלמון אטלנטי בשמן קנ,גרמים,120.00,100 גרם,false,,8.50,0.0708,true,1,5398925
7290117261521,false,סלמון אטלנטי בשמן קנ,,,סלמון אטלנטי בשמן קנ,גרמים,120.00,100 גרם,false,,8.50,0.0708,true,1,5398926
7290117261538,false,סלמון אטלנטי בשמן קנ,,,סלמון אטלנטי בשמן קנ,גרמים,120.00,100 גרם,false,,8.50,0.0708,true,1,5398927
7290117261552,false,סלמון אטלנטי ברוטב ע,,,סלמון אטלנטי ברוטב ע,גרמים,120.00,100 גרם,false,,8.50,0.0708,true,1,5398897
7290117261569,false,סלמון אטלנטי מעושן ב,,,סלמון אטלנטי מעושן ב,גרמים,120.00,100 גרם,false,,8.50,0.0708,true,1,5398928
7290117261927,false,גבינת פקורינו כבשים,,,גבינת פקורינו כבשים,גרמים,150.00,100 גרם,false,,16.20,0.1080,true,1,5398934
7290117261989,false,גבינת מנורי רכה 43%,,,גבינת מנורי רכה 43%,גרמים,170.00,100 גרם,false,,14.40,0.0847,true,1,5381375
7290117262221,false,משקה יוגורט פרוביוטי,,,משקה יוגורט פרוביוטי,מטרים,200.00,100 מ'ל,false,,4.20,0.0210,true,1,5398937
7290117262245,false,משקה יוגורט פרוביוטי,,,משקה יוגורט פרוביוטי,מטרים,200.00,100 מ'ל,false,,4.20,0.0210,true,1,5398939
7290117380154,false,מאסטר שף רוטב סויה 2,,,מאסטר שף רוטב סויה 2,מטרים,264.00,100 מ'ל,false,,7.60,0.0288,true,1,5366985
7290117380178,false,חטיף סוויט פוף שוקול,,,חטיף סוויט פוף שוקול,גרמים,55.00,100 גרם,false,,4.20,0.0764,true,1,5377631
7290117380185,false,חטיף סוויט פוף שוקול,,,חטיף סוויט פוף שוקול,גרמים,55.00,100 גרם,false,,4.20,0.0764,true,1,5377632
7290117380864,false,סלים דליס פייבר עוגו,,,סלים דליס פייבר עוגו,גרמים,150.00,100 גרם,false,,9.20,0.0613,true,1,5381582
7290117380871,false,סלים דליס פייבר עוגו,,,סלים דליס פייבר עוגו,גרמים,150.00,100 גרם,false,,9.20,0.0613,true,1,5377634
7290117380888,false,עוגיות סנדוויץ' עם 4,,,עוגיות סנדוויץ' עם 4,גרמים,140.00,100 גרם,false,,7.60,0.0543,true,1,5424308
7290117381182,false,מאסטר שף רוטב סרירצ',,,מאסטר שף רוטב סרירצ',מטרים,360.00,100 מ'ל,false,,12.70,0.0353,true,1,5424257
7290117381205,false,מאסטר שף שמן שומשום,,,מאסטר שף שמן שומשום,מטרים,370.00,100 מ'ל,false,,19.60,0.0530,true,1,5416875
7290117381229,false,פוף פריכיות מצופות ש,,,פוף פריכיות מצופות ש,גרמים,70.00,100 גרם,false,,6.80,0.0971,true,1,5403022
7290117381236,false,פוף פריכיות מצופות ש,,,פוף פריכיות מצופות ש,גרמים,70.00,100 גרם,false,,6.80,0.0971,true,1,5397480
7290117381250,false,פוף פריכיות מצופות ש,,,פוף פריכיות מצופות ש,גרמים,70.00,100 גרם,false,,6.80,0.0971,true,1,5397482
7290117381656,false,מרידול מארז משחה 75מ,,,מרידול מארז משחה 75מ,יח',1.00,יח',false,,21.30,21.3000,true,1,5366942
7290117382318,false,סלים דליס חטיף חלבון,,,סלים דליס חטיף חלבון,יחידה,0.00,יחידה,false,,10.10,0.0000,true,1,5410538
7290117382325,false,סלים דליס פרו 33 חטי,,,סלים דליס פרו 33 חטי,יחידה,0.00,יחידה,false,,10.20,0.0000,true,1,5410539
7290117382332,false,סלים דליס חטיף חלבון,,,סלים דליס חטיף חלבון,יחידה,0.00,יחידה,false,,10.10,0.0000,true,1,5410540
7290117382578,false,קולגייט מארז 75מל+מב,,,קולגייט מארז 75מל+מב,יחידה,0.00,יחידה,false,,34.10,0.0000,true,1,5404369
7290117860045,false,הוואי שמפו לשיער רגי,,,הוואי שמפו לשיער רגי,יחידה,0.00,יחידה,false,,11.90,0.0000,true,1,5431516
7290117860090,false,הוואי מרכך מטפח לשיע,,,הוואי מרכך מטפח לשיע,יחידה,0.00,יחידה,false,,11.90,0.0000,true,1,5431518
7290117860144,false,הוואי שמפו למניעת קש,,,הוואי שמפו למניעת קש,יחידה,0.00,יחידה,false,,11.90,0.0000,true,1,5431520
7290117860182,false,הוואי תחליב רחצה מגנ,,,הוואי תחליב רחצה מגנ,יחידה,0.00,יחידה,false,,11.90,0.0000,true,1,5431521
7290117860199,false,הוואי שמפו לשיער יבש,,,הוואי שמפו לשיער יבש,יחידה,0.00,יחידה,false,,11.90,0.0000,true,1,5431522
7290117860243,false,הוואי מרכך מעניק לחו,,,הוואי מרכך מעניק לחו,יחידה,0.00,יחידה,false,,11.90,0.0000,true,1,5431524
7290117860298,false,הוואי שמפו קרטין מחז,,,הוואי שמפו קרטין מחז,יחידה,0.00,יחידה,false,,11.90,0.0000,true,1,5431526
7290117860342,false,הוואי מרכך קרטין מחז,,,הוואי מרכך קרטין מחז,יחידה,0.00,יחידה,false,,11.90,0.0000,true,1,5431528
7290117860380,false,הוואי תחליב רחצה יוג,,,הוואי תחליב רחצה יוג,יחידה,0.00,יחידה,false,,11.90,0.0000,true,1,5431529
7290117860397,false,הוואי שמפו פריחת הדו,,,הוואי שמפו פריחת הדו,יחידה,0.00,יחידה,false,,11.90,0.0000,true,1,5431530
7290117860496,false,הוואי שמפו + מרכך 2,,,הוואי שמפו + מרכך 2,יחידה,0.00,יחידה,false,,11.90,0.0000,true,1,5431532
7290117860892,false,הוואי תחליב רחצה יוג,,,הוואי תחליב רחצה יוג,יחידה,0.00,יחידה,false,,11.90,0.0000,true,1,5431540
7290117860946,false,הוואי תחליב רחצה יוג,,,הוואי תחליב רחצה יוג,יחידה,0.00,יחידה,false,,11.90,0.0000,true,1,5431541
7290117900826,false,חמצוצים בטעם קולה 18,,,חמצוצים בטעם קולה 18,גרמים,180.00,100 גרם,false,,7.60,0.0422,true,1,5357825
7290117900857,false,חמצוצים בטעם אוכמניו,,,חמצוצים בטעם אוכמניו,גרמים,180.00,100 גרם,false,,7.60,0.0422,true,1,5357847
7290117900864,false,חמצוצים בטעם פירות,,,חמצוצים בטעם פירות,גרמים,180.00,100 גרם,false,,7.60,0.0422,true,1,5357848
7290117901168,false,השקדיה מיקס אגוזים ו,,,השקדיה מיקס אגוזים ו,גרמים,250.00,100 גרם,false,,17.10,0.0684,true,1,5390340
7290117901175,false,שקדים קלופים 250 גר,,,שקדים קלופים 250 גר,גרמים,250.00,100 גרם,false,,17.10,0.0684,true,1,5390341
7290117901182,false,בוטן קליפה קלוי 350,,,בוטן קליפה קלוי 350,גרמים,350.00,100 גרם,false,,8.50,0.0243,true,1,5373623
7290118070061,false,מסננת רשת מתכת XL קו,,,מסננת רשת מתכת XL קו,יח,1.00,יח,false,,21.30,21.3000,true,1,5399049
7290118070078,false,שטיח אמבט פרחוני MOC,,,שטיח אמבט פרחוני MOC,יחידה,0.00,יחידה,false,,17.00,0.0000,true,1,5422333
7290118070207,false,שלישיית ווים נדבקים,,,שלישיית ווים נדבקים,יחידה,0.00,יחידה,false,,5.00,0.0000,true,1,5405942
7290118070221,false,אטבי כביסה בשקית,,,אטבי כביסה בשקית,יחידה,0.00,יחידה,false,,7.60,0.0000,true,1,5412493
7290118070238,false,אטים פלסטיק ענקיים,,,אטים פלסטיק ענקיים,יחידה,0.00,יחידה,false,,5.00,0.0000,true,1,5404240
7290118070269,false,שיפודי ברזל,,,שיפודי ברזל,יחידה,0.00,יחידה,false,,10.20,0.0000,true,1,5404241
7290118070313,false,מנגל נירוסטה גדול מת,,,מנגל נירוסטה גדול מת,יחידה,0.00,יחידה,false,,76.80,0.0000,true,1,5408285
7290118071662,false,זוג עטי נוזל מחיקה -,,,זוג עטי נוזל מחיקה -,יח',1.00,יח',false,,5.90,5.9000,true,1,5400841
7290118071792,false,מארז 4 כוסות מאג זכו,,,מארז 4 כוסות מאג זכו,יח',1.00,יח',false,,25.60,25.6000,true,1,5406856
7290118071884,false,חנוכיה מעוצבת מעוטרת,,,חנוכיה מעוצבת מעוטרת,יחידה,0.00,יחידה,false,,34.10,0.0000,true,1,5424063
7290118071945,false,כוס לקידוש זהב,,,כוס לקידוש זהב,יחידה,0.00,יחידה,false,,42.60,0.0000,true,1,5424069
7290118071969,false,חנוכייה מעוצבת בינונ,,,חנוכייה מעוצבת בינונ,יחידה,0.00,יחידה,false,,68.30,0.0000,true,1,5424071
7290118071976,false,חנוכייה מעוצבת קטנה,,,חנוכייה מעוצבת קטנה,יחידה,0.00,יחידה,false,,34.10,0.0000,true,1,5424072
7290118072416,false,מחבת יציקה איכותית 2,,,מחבת יציקה איכותית 2,יח',1.00,יח',false,,42.60,42.6000,true,1,5418095
7290118072430,false,מחבת יציקה איכותית 2,,,מחבת יציקה איכותית 2,יח',1.00,יח',false,,51.20,51.2000,true,1,5418097
7290118072461,false,מחבת יציקה פאייה 36,,,מחבת יציקה פאייה 36,יחידה,0.00,יחידה,false,,102.50,0.0000,true,1,5422334
7290118072492,false,מנגל קטן,,,מנגל קטן,יח',1.00,יח',false,,25.60,25.6000,true,1,5404864
7290118072553,false,מחבת פנקייק סמיילי,,,מחבת פנקייק סמיילי,יח',1.00,יח',false,,76.80,76.8000,true,1,5418101
7290118072591,false,מאג רוזה,,,מאג רוזה,יח',1.00,יח',false,,4.20,4.2000,true,1,5406887
7290118072607,false,מאג יהלום,,,מאג יהלום,יח',1.00,יח',false,,4.20,4.2000,true,1,5406888
7290118072645,false,כוס יין איכותית,,,כוס יין איכותית,יחידה,0.00,יחידה,false,,4.20,0.0000,true,1,5406913
7290118072669,false,מפה עם גומי לשולחן מ,,,מפה עם גומי לשולחן מ,יחידה,0.00,יחידה,false,,17.00,0.0000,true,1,5420557
7290118072683,false,לפתניה לבן 20יח,,,לפתניה לבן 20יח,יח',20.00,יח',false,,2.50,0.1250,true,1,5424454
7290118072751,false,צלחת קרם מספר 9 20יח,,,צלחת קרם מספר 9 20יח,יח',20.00,יח',false,,6.80,0.3400,true,1,5424457
7290118072843,false,צלחת זהב מספר 9 20יח,,,צלחת זהב מספר 9 20יח,יח',20.00,יח',false,,6.80,0.3400,true,1,5424482
7290118072898,false,צנצנת מכסה זכוכית,,,צנצנת מכסה זכוכית,יחידה,0.00,יחידה,false,,21.30,0.0000,true,1,5406917
7290118072928,false,חנוכיה משואה,,,חנוכיה משואה,יחידה,0.00,יחידה,false,,76.80,0.0000,true,1,5412501
7290118072959,false,חנוכיה ציון,,,חנוכיה ציון,יחידה,0.00,יחידה,false,,42.60,0.0000,true,1,5424077
7290118072966,false,חנוכיה אורות,,,חנוכיה אורות,יחידה,0.00,יחידה,false,,51.20,0.0000,true,1,5424078
7290118072980,false,סביבון חללית,,,סביבון חללית,יחידה,0.00,יחידה,false,,11.90,0.0000,true,1,5412502
7290118073017,false,סביבון חד קרן,,,סביבון חד קרן,יחידה,0.00,יחידה,false,,11.90,0.0000,true,1,5422339
7290118073161,false,סט 3 תחתיות שעם לסיר,,,סט 3 תחתיות שעם לסיר,יחידה,0.00,יחידה,false,,21.30,0.0000,true,1,5412503
7290118073215,false,צלחת כסף מספר 9 20יח,,,צלחת כסף מספר 9 20יח,יח',20.00,יח',false,,6.80,0.3400,true,1,5424483
7290118073291,false,לפתניה שקוף 20יח,,,לפתניה שקוף 20יח,יח',20.00,יח',false,,3.30,0.1650,true,1,5424485
7290118073307,false,קרסול שקוף 20יח,,,קרסול שקוף 20יח,יח',20.00,יח',false,,3.80,0.1900,true,1,5424486
7290118073338,false,צלחת שקוף מספר 9 20י,,,צלחת שקוף מספר 9 20י,יח',20.00,יח',false,,7.60,0.3800,true,1,5424487
7290118073352,false,שעון שבת / טיימר,,,שעון שבת / טיימר,יחידה,0.00,יחידה,false,,17.00,0.0000,true,1,5419514
7290118073529,false,קופסת אחסון HAPPI LO,,,קופסת אחסון HAPPI LO,יחידה,0.00,יחידה,false,,21.30,0.0000,true,1,5415544
7290118073659,false,סט סכום יוקרתי 24 חל,,,סט סכום יוקרתי 24 חל,יח',1.00,יח',false,,42.60,42.6000,true,1,5417650
7290118073666,false,משקפי ראיה מעוצבות,,,משקפי ראיה מעוצבות,יחידה,0.00,יחידה,false,,9.30,0.0000,true,1,5412505
7290118073697,false,חנוכייה מתכת צבעונית,,,חנוכייה מתכת צבעונית,יחידה,0.00,יחידה,false,,8.50,0.0000,true,1,5433027
7290118073703,false,כרית ויסקו איכותית,,,כרית ויסקו איכותית,יחידה,0.00,יחידה,false,,59.70,0.0000,true,1,5413781
7290118073710,false,מקל מטאטא מחוזק 130ס,,,מקל מטאטא מחוזק 130ס,יחידה,0.00,יחידה,false,,5.90,0.0000,true,1,5422734
7290118073734,false,"מגב איכותי 43 ס""מ",,,"מגב איכותי 43 ס""מ",יח',1.00,יח',false,,8.50,8.5000,true,1,5424556
7290118073895,false,קרש חיתוך תמונה שיש,,,קרש חיתוך תמונה שיש,יחידה,0.00,יחידה,false,,17.00,0.0000,true,1,5424087
7290118073970,false,קערת פסים צבעונית ענ,,,קערת פסים צבעונית ענ,יחידה,0.00,יחידה,false,,12.70,0.0000,true,1,5424088
7290118073987,false,"קערת סלט עגולה 27 ס""",,,"קערת סלט עגולה 27 ס""",יחידה,0.00,יחידה,false,,10.20,0.0000,true,1,5424089
7290118074328,false,כף טיגון נירוסטה איכ,,,כף טיגון נירוסטה איכ,יחידה,0.00,יחידה,false,,12.70,0.0000,true,1,5424096
7290118074342,false,כף הגשה נירוסטה איכו,,,כף הגשה נירוסטה איכו,יחידה,0.00,יחידה,false,,12.70,0.0000,true,1,5424098
7290118074427,false,מסננת ידית ברזל 20 ס,,,מסננת ידית ברזל 20 ס,יחידה,0.00,יחידה,false,,13.60,0.0000,true,1,5412509
7290118074441,false,מסננת רשת M,,,מסננת רשת M,יחידה,0.00,יחידה,false,,12.70,0.0000,true,1,5424100
7290118074458,false,מסננת רשת L,,,מסננת רשת L,יחידה,0.00,יחידה,false,,17.00,0.0000,true,1,5424101
7290118074502,false,פומפייה 4 כיוונים,,,פומפייה 4 כיוונים,יחידה,0.00,יחידה,false,,21.30,0.0000,true,1,5424103
7290118074526,false,פותחן מאסטרו מקצועי,,,פותחן מאסטרו מקצועי,יחידה,0.00,יחידה,false,,25.60,0.0000,true,1,5424104
7290118074649,false,ראש דוש מונקו MOCONA,,,ראש דוש מונקו MOCONA,יחידה,0.00,יחידה,false,,42.60,0.0000,true,1,5424108
7290118074656,false,פקק חכם MOCONA,,,פקק חכם MOCONA,יחידה,0.00,יחידה,false,,6.80,0.0000,true,1,5424109
7290118074700,false,סט כפות מדידה,,,סט כפות מדידה,יחידה,0.00,יחידה,false,,8.50,0.0000,true,1,5424112
7290118077992,false,חנוכייה מעוצבת רגל מ,,,חנוכייה מעוצבת רגל מ,יחידה,0.00,יחידה,false,,68.30,0.0000,true,1,5424114
7290118078067,false,כוס לקידוש עם צלחת מ,,,כוס לקידוש עם צלחת מ,יחידה,0.00,יחידה,false,,42.60,0.0000,true,1,5424121
7290118078661,false,חנוכיה מעוצבת עלים י,,,חנוכיה מעוצבת עלים י,יח',1.00,יח',false,,59.70,59.7000,true,1,5418071
7290118078678,false,חנוכיה מעוצבת קלאסית,,,חנוכיה מעוצבת קלאסית,יח',1.00,יח',false,,21.30,21.3000,true,1,5418102
7290118078722,false,נטלה מעוצבת - שחור,,,נטלה מעוצבת - שחור,יחידה,0.00,יחידה,false,,17.00,0.0000,true,1,5412525
7290118420378,false,פתי בר פינוקים 220גר,,,פתי בר פינוקים 220גר,גרמים,220.00,100 גרם,false,,8.50,0.0386,true,1,5425361
7290118420514,false,אינסטנט פודינג בטעם,,,אינסטנט פודינג בטעם,גרמים,75.00,100 גרם,false,,4.20,0.0560,true,1,5425362
7291044048841,false,כבל מאריך 4 3X1.5 מט,,,כבל מאריך 4 3X1.5 מט,יחידה,0.00,יחידה,false,,25.60,0.0000,true,1,1568940
7291044066319,false,רב שקע 4 + מפסק + עד,,,רב שקע 4 + מפסק + עד,יחידה,0.00,יחידה,false,,25.60,0.0000,true,1,1569050
7291044066326,false,רב שקע 5+מפסק+כבל עד,,,רב שקע 5+מפסק+כבל עד,יח',1.00,יח',false,,29.80,29.8000,true,1,1569051
7291044066333,false,רב שקע 6+מפסק+כבל עד,,,רב שקע 6+מפסק+כבל עד,יחידה,0.00,יחידה,false,,34.10,0.0000,true,1,1569052
7291044069754,false,מפצל חשמל 1 ל SEMICO,,,מפצל חשמל 1 ל SEMICO,יחידה,0.00,יחידה,false,,12.70,0.0000,true,1,1569087
7291044069761,false,מפצל חשמל 1 ל SEMICO,,,מפצל חשמל 1 ל SEMICO,יחידה,0.00,יחידה,false,,8.50,0.0000,true,1,1569088
7291044070989,false,רבעיית סוללות אלקליי,,,רבעיית סוללות אלקליי,יח',4.00,יח',false,,4.10,1.0250,true,1,1595850
7291044070996,false,רבעיית סוללות אלקליי,,,רבעיית סוללות אלקליי,יח',4.00,יח',false,,4.10,1.0250,true,1,1595851
7291044077209,false,מארז סוללות 12 יח,,,מארז סוללות 12 יח,יח',12.00,יח',false,,12.70,1.0583,true,1,1815840
7296049015775,false,תאורת חירום נטענת 44,,,תאורת חירום נטענת 44,יחידה,0.00,יחידה,false,,34.10,0.0000,true,1,5425013
7296058000519,false,פרכיות פרח כוסמת דל,,,פרכיות פרח כוסמת דל,גרמים,130.00,100 גרם,false,,6.70,0.0515,true,1,3924374
7296155152739,false,נטלה שיש סטאר,,,נטלה שיש סטאר,יח',1.00,יח',false,,7.60,7.6000,true,1,5385869
7296155152814,false,תפסן למקלות על דלת,,,תפסן למקלות על דלת,יחידה,0.00,יחידה,false,,21.30,0.0000,true,1,5418024
7296155152845,false,מתקן כוסות משולב,,,מתקן כוסות משולב,יחידה,0.00,יחידה,false,,8.50,0.0000,true,1,5418025
7297028107948,false,גרבי ספורט פולו לבן,,,גרבי ספורט פולו לבן,יח',1.00,יח',false,,21.30,21.3000,true,1,5329242
7297028161582,false,עשיריית גברי נשים,,,עשיריית גברי נשים,יח',1.00,יח',false,,25.60,25.6000,true,1,5329245
7297028188817,false,גרבי ספורט פולו שחור,,,גרבי ספורט פולו שחור,יחידה,0.00,יחידה,false,,21.30,0.0000,true,1,5426058
7297488098152,false,קמח חומוס 500 גרם דג,דגש,,קמח חומוס 500 גרם דג,גרמים,500.00,100 גרם,false,,12.60,0.0252,true,1,1607083
7297488098169,false,קמח תירס 500 גרם דגש,דגש,FR,קמח תירס 500 גרם דגש,גרמים,500.00,100 גרם,false,,8.00,0.0160,true,1,1607084
7297488098183,false,קמח אורז 500 גרם דגש,דגש,,קמח אורז 500 גרם דגש,גרמים,500.00,100 גרם,false,,8.40,0.0168,true,1,1607086
7297488098190,false,קמח אורז מלא 500 גרם,דגש,FR,קמח אורז מלא 500 גרם,גרמים,500.00,100 גרם,false,,11.00,0.0220,true,1,1607087
7297488098213,false,קמח קינואה 500 גרם ד,דגש,,קמח קינואה 500 גרם ד,גרמים,500.00,100 גרם,false,,20.40,0.0408,true,1,1607088
7297488098305,false,קמח שקדים 250 גרם דג,דגש,FR,קמח שקדים 250 גרם דג,גרמים,250.00,100 גרם,false,,21.20,0.0848,true,1,1607097
7297488099777,false,עוגיות בטעם קשיו 250,,,עוגיות בטעם קשיו 250,גרמים,250.00,100 גרם,false,,20.90,0.0836,true,1,1979797
7297488099784,false,עוגיות בטעם קינמון 2,,,עוגיות בטעם קינמון 2,גרמים,250.00,100 גרם,false,,20.90,0.0836,true,1,1979798
7297488099906,false,משומשו פרוסות סג.קלא,,,משומשו פרוסות סג.קלא,גרמים,200.00,100 גרם,false,,16.20,0.0810,true,1,1607103
7297488199590,false,דגש פצפוצי אורז,חיים טובים בעמ,FR,דגש פצפוצי אורז,גרמים,450.00,100 גרם,false,,16.90,0.0376,true,1,1607110
7298171174962,false,תיק קיץ מותגים,,,תיק קיץ מותגים,יחידה,0.00,יחידה,false,,17.00,0.0000,true,1,5383198
7298171177079,false,תיק קיץ מותגים,,,תיק קיץ מותגים,יחידה,0.00,יחידה,false,,17.00,0.0000,true,1,5383203
7312040017683,false,"אבסולוט וודקה 700 מ""",אבסולוט,,"אבסולוט וודקה 700 מ""ל",מיליליטרים,700.00,"100 מ""ל",false,,51.20,0.0731,true,1,1566920
7332531063135,false,סאיוס ספריי מקס הולד,,,סאיוס ספריי מקס הולד,מיליליטרים,400.00,"100 מ""ל",false,,23.80,0.0595,true,1,2685137
7394376123337,false,משקה אוטלי שיבולת שו,,,משקה אוטלי שיבולת שו,ליטרים,1.00,ליטר,false,,13.90,13.9000,true,1,5250918
7394376615832,false,משקה אוטלי שיבולת שו,,,משקה אוטלי שיבולת שו,ליטרים,1.00,ליטר,false,,13.60,13.6000,true,1,5250920
7394376616778,false,משקה אוטלי שיבולת שו,,,משקה אוטלי שיבולת שו,ליטרים,1.00,ליטר,false,,13.60,13.6000,true,1,5259519
7394376620294,false,משקה אוטלי שיבולת שו,,,משקה אוטלי שיבולת שו,ליטרים,1.00,ליטר,false,,13.60,13.6000,true,1,5417085
7450026805432,false,נעלי בית חורף נשים 0,,,נעלי בית חורף נשים 0,יחידה,0.00,יחידה,false,,34.10,0.0000,true,1,5426083
7450026805449,false,נעלי בית חורף נשים 0,,,נעלי בית חורף נשים 0,יחידה,0.00,יחידה,false,,34.10,0.0000,true,1,5426084
7450026806392,false,נעלי בית חורף נשים 0,,,נעלי בית חורף נשים 0,יחידה,0.00,יחידה,false,,34.10,0.0000,true,1,5426086
7450026815578,false,נעלי בית נשים שחור S,,,נעלי בית נשים שחור S,יחידה,0.00,יחידה,false,,34.10,0.0000,true,1,5426093
7501013122039,false,גומקס נקטר מנגו 1 לי,,,גומקס נקטר מנגו 1 לי,מטרים,1000.00,100 מ'ל,false,,8.10,0.0081,true,1,4976276
7501013122053,false,גומקס נקטר אפרסק 1 ל,,,גומקס נקטר אפרסק 1 ל,מטרים,1000.00,100 מ'ל,false,,8.10,0.0081,true,1,4976277
7501013122114,false,גומקס נקטר אננס קרטו,,,גומקס נקטר אננס קרטו,מטרים,1000.00,100 מ'ל,false,,8.10,0.0081,true,1,4976278
7501013122190,false,גומקס נקטר תפוחים קר,,,גומקס נקטר תפוחים קר,מטרים,1000.00,100 מ'ל,false,,8.10,0.0081,true,1,4976279
7501013122992,false,גומקס קרטונית קוקוס,,,גומקס קרטונית קוקוס,יח',1.00,יח',false,,8.10,8.1000,true,1,5113898
7501013138047,false,גומקס נקטר רימונים 1,,,גומקס נקטר רימונים 1,מטרים,1000.00,100 מ'ל,false,,9.20,0.0092,true,1,4976280
7501013138184,false,גומקס קרטונית נקטר ח,,,גומקס קרטונית נקטר ח,מטרים,1000.00,100 מ'ל,false,,9.20,0.0092,true,1,4976281
7501049936945,false,בירה סול שישיה 330 מ,,,בירה סול שישיה 330 מ,ליטרים,1.98,ליטר,false,,28.40,14.3434,true,1,5239734
7503012779405,false,סירופ אגבה כחולה אור,,,סירופ אגבה כחולה אור,מיליליטרים,600.00,"100 מ""ל",false,,28.10,0.0468,true,1,3190355
7509546061160,false,קולגייט משחת ילדים מ,,,קולגייט משחת ילדים מ,מטרים,75.00,100 מ'ל,false,,13.60,0.1813,true,1,5319612
7509546061665,false,ספיד סטיק אקסטרים ג',,,ספיד סטיק אקסטרים ג',גרמים,85.00,100 גרם,false,,14.40,0.1694,true,1,5404370
7509546061672,false,ספיד סטיק אקסטרים סט,,,ספיד סטיק אקסטרים סט,גרמים,50.00,100 גרם,false,,14.40,0.2880,true,1,5404371
7509546063515,false,ליידי ספיד סטיק פרו,,,ליידי ספיד סטיק פרו,גרמים,150.00,100 גרם,false,,16.20,0.1080,true,1,5404372
7509546663135,false,קולגייט זירו משחת שי,,,קולגייט זירו משחת שי,גרמים,98.00,100 גרם,false,,25.60,0.2612,true,1,5286756
7509546663265,false,קולגייט זירו משחת שי,,,קולגייט זירו משחת שי,גרמים,98.00,100 גרם,false,,25.60,0.2612,true,1,5286757
7509546666846,false,קולגייט טוטאל פחם מש,,,קולגייט טוטאל פחם מש,מטרים,75.00,100 מ'ל,false,,17.00,0.2267,true,1,5310647
7509546678702,false,קולגייט טוטל אנטי טר,,,קולגייט טוטל אנטי טר,מטרים,100.00,100 מ'ל,false,,14.40,0.1440,true,1,5396914
7610008059073,false,טבלת רגוסה קלאסי 100,,,טבלת רגוסה קלאסי 100,גרמים,100.00,100 גרם,false,,13.60,0.1360,true,1,5273061
7610008059080,false,טבלת רגוסה מריר 100,,,טבלת רגוסה מריר 100,גרמים,100.00,100 גרם,false,,13.60,0.1360,true,1,5273062
7610008059097,false,טבלת רגוסה בלונד 100,,,טבלת רגוסה בלונד 100,גרמים,100.00,100 גרם,false,,13.60,0.1360,true,1,5273063
7610008059103,false,טבלת טורינו חלב 100,,,טבלת טורינו חלב 100,גרמים,100.00,100 גרם,false,,13.60,0.1360,true,1,5273064
7610008622000,false,טבלת קמיל בלוך מוס מ,,,טבלת קמיל בלוך מוס מ,גרמים,100.00,100 גרם,false,,12.70,0.1270,true,1,4663099
7610100034084,false,מיונז טומי 265 גר,,,מיונז טומי 265 גר,גרמים,265.00,100 גרם,false,,8.50,0.0321,true,1,2454316
7610113000175,false,בקרדי מוחיטו,,,בקרדי מוחיטו,מיליליטרים,700.00,"100 מ""ל",false,,64.10,0.0916,true,1,5151237
7610113011652,false,בקרדי בריזר תפוח 275,,,בקרדי בריזר תפוח 275,מיליליטרים,275.00,"100 מ""ל",false,,11.10,0.0404,true,1,5257406
7610243004463,false,דורגול תרסיס להסרת א,יעקבי,,דורגול תרסיס להסרת א,מיליליטרים,600.00,"100 מ""ל",false,,17.00,0.0283,true,1,1582714
7610400010481,false,לינדט אקסלנס שוקולד,לינדט,,לינדט אקסלנס שוקולד,גרמים,100.00,100 גרם,false,,12.70,0.1270,true,1,1580726
7610400068505,false,לינדט לינדור בונבוני,לינדט,,לינדט לינדור בונבוני,גרמים,200.00,100 גרם,false,,19.60,0.0980,true,1,1580731
7610400068529,false,לינדט לינדור בונבוני,לינדט,,לינדט לינדור בונבוני,גרמים,200.00,100 גרם,false,,19.60,0.0980,true,1,1580732
7610400070577,false,לינדט אקסלנס שוקולד,לינדט,,לינדט אקסלנס שוקולד,גרמים,100.00,100 גרם,false,,12.70,0.1270,true,1,1580736
7610400074155,false,לינדט לינדור קוביות,לינדט,,לינדט לינדור קוביות,גרמים,100.00,100 גרם,false,,12.70,0.1270,true,1,1580738
7610400075770,false,לינדט לה גרנד שוקולד,לינדט,,לינדט לה גרנד שוקולד,גרמים,150.00,100 גרם,false,,20.30,0.1353,true,1,1580739
7610400075787,false,לינדט לה גרנד שוקולד,לינדט,,לינדט לה גרנד שוקולד,גרמים,150.00,100 גרם,false,,20.30,0.1353,true,1,1580740
7610400075794,false,לינדט לה גרנד שוקולד,לינדט,,לינדט לה גרנד שוקולד,גרמים,150.00,100 גרם,false,,20.30,0.1353,true,1,1580741
7610400091060,false,לינדט אקסלנס תפוז 10,,,לינדט אקסלנס תפוז 10,גרמים,100.00,100 גרם,false,,12.70,0.1270,true,1,5246964
7613030979647,false,טריקס 480 גר,,,טריקס 480 גר,גרמים,480.00,100 גרם,false,,17.00,0.0354,true,1,3703465
7613031608850,false,פיטנס דגנים מחיטה מל,פיטנס,,פיטנס דגנים מחיטה מל,גרמים,625.00,100 גרם,false,,22.10,0.0354,true,1,1577990
7613032045753,false,פיטנס שוקולד נסטלה 3,פיטנס,,פיטנס שוקולד נסטלה 3,גרמים,375.00,100 גרם,false,,17.00,0.0453,true,1,1577992
7613033548192,false,פיטנס עם שוקולד מריר,פיטנס,,פיטנס עם שוקולד מריר,גרמים,375.00,100 גרם,false,,17.00,0.0453,true,1,1566553
7613035514560,false,ONE חתול סטרילייז בק,,,ONE חתול סטרילייז בק,יח',1.00,יח',false,,101.70,101.7000,true,1,5092534
7613035548374,false,גולדן מיניס 570 גרם,,,גולדן מיניס 570 גרם,גרמים,570.00,100 גרם,false,,20.40,0.0358,true,1,1578044
7613035635845,false,פיטנס גרנולה שוקולד,נסטלה,FR,פיטנס גרנולה שוקולד,גרמים,300.00,100 גרם,false,,12.70,0.0423,true,1,1578045
7613035807778,false,רוטב עגבניות לבולונז,אסם,IL,רוטב עגבניות לבולונז,גרמים,400.00,100 גרם,false,,7.60,0.0190,true,1,1722423
7613035809109,false,רוטב עגבניות ובזיליק,אסם,IL,רוטב עגבניות ובזיליק,גרמים,400.00,100 גרם,false,,7.60,0.0190,true,1,1724994
7613035809857,false,רוטב עגבניות לפסטה ל,אסם,IL,רוטב עגבניות לפסטה ל,גרמים,400.00,100 גרם,false,,7.60,0.0190,true,1,1724996
7613036314114,false,קפה גולד 200 ג,,,קפה גולד 200 ג,גרמים,200.00,100 גרם,false,,34.10,0.1705,true,1,4285474
7613036387798,false,פיטנס יוגורט 350 גרם,,,פיטנס יוגורט 350 גרם,גרמים,350.00,100 גרם,false,,17.00,0.0486,true,1,3138776
7613036520492,false,פרפקטו רוטב עגבניות,,,פרפקטו רוטב עגבניות,גרמים,400.00,100 גרם,false,,7.60,0.0190,true,1,3579900
7613036710879,false,קיט קט צ'אנקי מיני 1,,,קיט קט צ'אנקי מיני 1,גרמים,194.00,100 גרם,false,,8.50,0.0438,true,1,4427176
7613036867870,false,נס קפה דולצ'ה גוסטו,,,נס קפה דולצ'ה גוסטו,גרמים,112.00,100 גרם,false,,23.80,0.2125,true,1,4577096
7613036880534,false,גרבר מרק ירקות מעורב,,,גרבר מרק ירקות מעורב,גרמים,190.00,100 גרם,false,,5.00,0.0263,true,1,5083326
7613036976657,false,פאוץ פריסקיז הודו 85,,,פאוץ פריסקיז הודו 85,יח',1.00,יח',false,,4.20,4.2000,true,1,5293743
7613036976695,false,פאוץ פריסקיז בקר 85,,,פאוץ פריסקיז בקר 85,יח',1.00,יח',false,,4.20,4.2000,true,1,5259964
7613036976718,false,פאוץ פריסקיז ברווז 8,,,פאוץ פריסקיז ברווז 8,יח',1.00,יח',false,,4.20,4.2000,true,1,5259965
7613036976732,false,פאוץ פריסקיז סלומון,,,פאוץ פריסקיז סלומון,יח',1.00,יח',false,,4.20,4.2000,true,1,5299022
7613037012095,false,פיטנס קרנולה שוקולד,,,פיטנס קרנולה שוקולד,גרמים,300.00,100 גרם,false,,12.80,0.0427,true,1,4943425
7613037012200,false,גרבר פאוצ מחית תפוח,,,גרבר פאוצ מחית תפוח,יח',1.00,יח',false,,5.00,5.0000,true,1,5134271
7613037686906,false,פיטנס שקדים ודבש 355,,,פיטנס שקדים ודבש 355,גרמים,355.00,100 גרם,false,,17.00,0.0479,true,1,5205125
7613038268262,false,האני נאט ציריוס מופח,,,האני נאט ציריוס מופח,גרמים,410.00,100 גרם,false,,17.00,0.0415,true,1,5205127
7613038451954,false,קראנץ שוקולד מופחת ס,,,קראנץ שוקולד מופחת ס,גרמים,410.00,100 גרם,false,,18.70,0.0456,true,1,5205128
7613039547632,false,גרבר פאוצ מחית תפוח,,,גרבר פאוצ מחית תפוח,גרמים,90.00,100 גרם,false,,5.00,0.0556,true,1,5263713
7613039547922,false,גרבר פאוצ מחית תפוח,,,גרבר פאוצ מחית תפוח,גרמים,90.00,100 גרם,false,,5.00,0.0556,true,1,5263715
7613039770450,false,טבעול בורגר צמחוני 2,,,טבעול בורגר צמחוני 2,גרמים,226.00,100 גרם,false,,25.60,0.1133,true,1,5271189
7613039771174,false,טבעול טחון צמחוני 40,,,טבעול טחון צמחוני 40,גרמים,400.00,100 גרם,false,,25.60,0.0640,true,1,5271190
7613039879382,false,"מחית גרבר תפו""ע 190ג",,,"מחית גרבר תפו""ע 190ג",גרמים,190.00,100 גרם,false,,5.00,0.0263,true,1,5289347
7613287121783,false,סמארטיס מיני 187 גר,,,סמארטיס מיני 187 גר,גרמים,187.00,100 גרם,false,,8.50,0.0455,true,1,5320332
7613287155832,false,גרבר פאוצ מחית תפוח,,,גרבר פאוצ מחית תפוח,יח',1.00,יח',false,,5.00,5.0000,true,1,5289349
7613287155863,false,גרבר פאוצ מחית אגס,,,גרבר פאוצ מחית אגס,יח',1.00,יח',false,,5.00,5.0000,true,1,5289350
7613287182326,false,ויטמינצ'יק מחית בננה,,,ויטמינצ'יק מחית בננה,גרמים,110.00,100 גרם,false,,4.20,0.0382,true,1,5320357
7613287182357,false,ויטמינצ'יק מחית אגס,,,ויטמינצ'יק מחית אגס,גרמים,110.00,100 גרם,false,,4.20,0.0382,true,1,5320358
7613287182456,false,ויטמינצ'יק מחית אגס,,,ויטמינצ'יק מחית אגס,גרמים,110.00,100 גרם,false,,4.20,0.0382,true,1,5320360
7613287186928,false,סטארבקס קפסולות ברקפ,,,סטארבקס קפסולות ברקפ,יח',1.00,יח',false,,17.90,17.9000,true,1,5314451
7613287302373,false,סטארבקס קפסולות סטיי,,,סטארבקס קפסולות סטיי,יח',1.00,יח',false,,17.90,17.9000,true,1,5294586
7613287325808,false,רוטב איולי שום לחיץ,,,רוטב איולי שום לחיץ,מטרים,295.00,100 מ'ל,false,,10.90,0.0369,true,1,5320333
7613287325822,false,רוטב מיקס לחיץ 295 מ,,,רוטב מיקס לחיץ 295 מ,מטרים,295.00,100 מ'ל,false,,10.90,0.0369,true,1,5320334
7613287325952,false,רוטב ברביקיו לחיץ 34,,,רוטב ברביקיו לחיץ 34,מטרים,345.00,100 מ'ל,false,,10.90,0.0316,true,1,5320336
7613287476494,false,אסם רוטב מיונז לחיץ,,,אסם רוטב מיונז לחיץ,גרמים,280.00,100 גרם,false,,10.90,0.0389,true,1,5320561
7613287476678,false,סינימיניס צ'ורוס 360,,,סינימיניס צ'ורוס 360,גרמים,360.00,100 גרם,false,,17.00,0.0472,true,1,5320362
7613287855640,false,סטארבקס קפסולות גואט,,,סטארבקס קפסולות גואט,יח',1.00,יח',false,,17.90,17.9000,true,1,5399354
7614500010013,false,טובלרון שוקולד חלב 1,,,טובלרון שוקולד חלב 1,גרמים,100.00,100 גרם,false,,8.10,0.0810,true,1,5339928
7614500010310,false,טובלרון שוקולד לבן 1,,,טובלרון שוקולד לבן 1,גרמים,100.00,100 גרם,false,,8.10,0.0810,true,1,5339892
7614500010617,false,שוקולד טובלרון מריר,,,שוקולד טובלרון מריר,גרמים,100.00,100 גרם,false,,8.10,0.0810,true,1,5339929
7622010001858,false,עוגיות אוראו ממולאות,מונדלייז,ES,עוגיות אוראו ממולאות קרם,גרמים,176.00,100 גרם,false,,7.60,0.0432,true,1,1584405
7622201050757,false,שוקולד מילקה חלב עם,מילקה,DE,מילקה-שוק' חלב עם קרמל 10,גרמים,100.00,100 גרם,false,,5.00,0.0500,true,1,1584407
7622201137052,false,מילקה מיני קוקיז 110,,,מילקה מיני קוקיז 110,גרמים,110.00,100 גרם,false,,6.80,0.0618,true,1,5318055
7622201139278,false,גבינת פילדלפיה 150 ג,,,גבינת פילדלפיה 150 ג,גרמים,150.00,100 גרם,false,,10.20,0.0680,true,1,5235090
7622201401900,false,עוגיות מילקה סנסיישן,,,עוגיות מילקה סנסיישן,גרמים,156.00,100 גרם,false,,9.30,0.0596,true,1,5275225
7622201502515,false,מילקה קוקי לופ 132 ג,,,מילקה קוקי לופ 132 ג,גרמים,132.00,100 גרם,false,,9.30,0.0705,true,1,5322440
7622201521493,false,פילדלפיה שום ועשבי ת,,,פילדלפיה שום ועשבי ת,גרמים,150.00,100 גרם,false,,10.20,0.0680,true,1,5399378
7622201798154,false,פילדלפיה לייט 150גר,,,פילדלפיה לייט 150גר,גרמים,150.00,100 גרם,false,,10.20,0.0680,true,1,5323716
7622201802363,false,שוקולד מילקה חלב עם,,,שוקולד מילקה חלב עם,גרמים,100.00,100 גרם,false,,5.00,0.0500,true,1,5316888
7622201802394,false,שוקולד חלב מילקה 100,,,שוקולד חלב מילקה 100,גרמים,100.00,100 גרם,false,,5.00,0.0500,true,1,5316889
7622201808631,false,אוראו מיני כוסות טעם,,,אוראו מיני כוסות טעם,יח',1.00,יח',false,,5.90,5.9000,true,1,5318056
7622201813390,false,מילקה וופל במילוי קק,,,מילקה וופל במילוי קק,גרמים,150.00,100 גרם,false,,9.30,0.0620,true,1,5304052
7622201819408,false,מילקה דרק קרמל 85 ג,,,מילקה דרק קרמל 85 ג,גרמים,85.00,100 גרם,false,,6.80,0.0800,true,1,5322442
7622201819552,false,מילקה דרק 85 ג,,,מילקה דרק 85 ג,גרמים,85.00,100 גרם,false,,6.80,0.0800,true,1,5322443
7622210078131,false,שוקולד חלב מילקה עם,,,שוקולד חלב מילקה עם,גרמים,100.00,100 גרם,false,,5.00,0.0500,true,1,2577306
7622210137234,false,עוגיות אוראו עם דאבל,,,עוגיות אוראו עם דאבל,גרמים,170.00,100 גרם,false,,8.50,0.0500,true,1,1584409
7622210163899,false,שוקולד מילקה ועדשים,,,שוקולד מילקה ועדשים,גרמים,100.00,100 גרם,false,,5.00,0.0500,true,1,3776345
7622210413888,false,טובלרון שוקולד חלב,,,טובלרון שוקולד חלב,גרמים,200.00,100 גרם,false,,12.70,0.0635,true,1,5418938
7622210453327,false,מילקה סנסיישן 156 גר,,,מילקה סנסיישן 156 גר,גרמים,156.00,100 גרם,false,,9.30,0.0596,true,1,3105236
7622210464729,false,אוראו גולדן 154 גר,,,אוראו גולדן 154 גר,גרמים,154.00,100 גרם,false,,5.90,0.0383,true,1,5129406
7622210597915,false,מילקה לבבות פרלינים,,,מילקה לבבות פרלינים,גרמים,110.00,100 גרם,false,,8.50,0.0773,true,1,5263411
7622210638021,false,אוראו ביס קראנצי בצי,,,אוראו ביס קראנצי בצי,גרמים,110.00,100 גרם,false,,6.80,0.0618,true,1,5275227
7622210826053,false,שוקולד מילקה אוראו ס,,,שוקולד מילקה אוראו ס,גרמים,92.00,100 גרם,false,,5.00,0.0543,true,1,5275254
7622210835338,false,עוגיות אוראו בראוניז,,,עוגיות אוראו בראוניז,גרמים,176.00,100 גרם,false,,7.60,0.0432,true,1,3776346
7622300107949,false,טובלרון חלב צימוק 10,,,טובלרון חלב צימוק 10,גרמים,100.00,100 גרם,false,,8.10,0.0810,true,1,5375487
7622300200237,false,שוקולד מילקה שוקולד,מילקה,DE,מילקה שוקולד חלב 250 גרם,גרמים,250.00,100 גרם,false,,10.70,0.0428,true,1,1584417
7622300270506,false,עוגיות מילקה גריינס,מילקה,PL,"מילקה גריינס - עוגיות ש""ש",גרמים,168.00,100 גרם,false,,9.30,0.0554,true,1,1584418
7622300489427,false,אוראו בציפוי שוקולד,,,אוראו בציפוי שוקולד,גרמים,246.00,100 גרם,false,,12.70,0.0516,true,1,3615382
7622300489434,false,עוגיות אוראו בציפוי,,,עוגיות אוראו בציפוי,גרמים,246.00,100 גרם,false,,12.70,0.0516,true,1,3615383
7622300495046,false,שוקולד מילקה אקסטרה,מונדלייז,DE,מילקה אקסטרה קקאו 100 גרם,גרמים,100.00,100 גרם,false,,5.00,0.0500,true,1,1584423
7622300503079,false,עוגיות מילקה ChocoMo,מילקה,PL,מילקה מוו 200 גרם,גרמים,200.00,100 גרם,false,,9.30,0.0465,true,1,1584425
7622300617820,false,שוקולד מילקה עם עוגי,מילקה,DE,מילקה אוראו 100 גרם,גרמים,100.00,100 גרם,false,,5.00,0.0500,true,1,1584426
7622300761363,false,עוג מיני אוראו קרם ש,,,עוג מיני אוראו קרם ש,גרמים,67.00,100 גרם,false,,5.00,0.0746,true,1,5129407
7622400005190,false,שוקולד מילקה COW,מילקה,DE,מילקה COW,גרמים,100.00,100 גרם,false,,5.00,0.0500,true,1,1584432
7630311507016,false,קפסולות סטארבקס סאני,,,קפסולות סטארבקס סאני,גרמים,56.00,100 גרם,false,,17.90,0.3196,true,1,5355786
7630477891592,false,סטארבקס קפסולות האוס,,,סטארבקס קפסולות האוס,יח',1.00,יח',false,,17.90,17.9000,true,1,5289005
7630477891615,false,סטארבקס קפסולות סומט,,,סטארבקס קפסולות סומט,יח',1.00,יח',false,,17.90,17.9000,true,1,5289006
7630477891639,false,סטארבקס קפסולות ורונ,,,סטארבקס קפסולות ורונ,יח',1.00,יח',false,,17.90,17.9000,true,1,5289007
7630477891653,false,סטארבקס קפסולות אספר,,,סטארבקס קפסולות אספר,יח',1.00,יח',false,,17.90,17.9000,true,1,5289008
7630477891677,false,סטארבקס קפסולות פייק,,,סטארבקס קפסולות פייק,יח',1.00,יח',false,,17.90,17.9000,true,1,5289009
7630477891691,false,סטארבקס קפסולות קולו,,,סטארבקס קפסולות קולו,יח',1.00,יח',false,,17.90,17.9000,true,1,5289010
7630477891714,false,סטארבקס קפסולות אספר,,,סטארבקס קפסולות אספר,יח',1.00,יח',false,,17.90,17.9000,true,1,5289011
7630477891738,false,סטארבקס קפסולות אספר,,,סטארבקס קפסולות אספר,יח',1.00,יח',false,,17.90,17.9000,true,1,5289012
7702018271788,false,דאודורנט קליר ג'ילט,ג'ילט,,דאודורנט קליר ג'ילט,מטרים,70.00,100 מ'ל,false,,12.70,0.1814,true,1,1566889
7702018321582,false,דאודורנט סטיק מתקדם,ג'ילט,,דאודורנט סטיק מתקדם,גרמים,45.00,100 גרם,false,,15.30,0.3400,true,1,1592878
7702018471423,false,גילט פיוזן סטארט סכי,,,גילט פיוזן סטארט סכי,יח',1.00,יח',false,,29.80,29.8000,true,1,5341281
7702018499342,false,ונוס מכשיר גילוח וסכ,,,ונוס מכשיר גילוח וסכ,יח',1.00,יח',false,,34.10,34.1000,true,1,5243437
7702018539468,false,ג'ילט מארז ונוס תות,,,ג'ילט מארז ונוס תות,יח',1.00,יח',false,,34.10,34.1000,true,1,5315370
7702018978106,false,דאודורנט קליר ג'ילט,ג'ילט,,דאודורנט קליר ג'ילט,מטרים,70.00,100 מ'ל,false,,12.70,0.1814,true,1,1592891
7702018978120,false,דאודורנט קליר ג'ילט,ג'ילט,,דאודורנט קליר ג'ילט,מטרים,70.00,100 מ'ל,false,,12.70,0.1814,true,1,1592892
7702024074625,false,פיטנס חטיפי קרקר חיט,,,פיטנס חטיפי קרקר חיט,גרמים,234.00,100 גרם,false,,10.20,0.0436,true,1,4159632
7702024258322,false,פיטנס חטיפי קרקר צ'י,,,פיטנס חטיפי קרקר צ'י,גרמים,234.00,100 גרם,false,,10.20,0.0436,true,1,5267175
7702174066631,false,סוכריות בטעמי פירות,פינפופ,,סוכריות בטעמי פירות,גרמים,170.00,100 גרם,false,,6.70,0.0394,true,1,1584883
7702174070201,false,לקקן יוגטה 216 ג,,,לקקן יוגטה 216 ג,גרמים,216.00,100 גרם,false,,7.60,0.0352,true,1,1584891
7702174073783,false,סוכריות לקקן בטעמי פ,פינפופ,,סוכריות לקקן בטעמי פ,גרמים,170.00,100 גרם,false,,6.70,0.0394,true,1,1584892
7702174073844,false,סוכריות פין פופ פירו,,,סוכריות פין פופ פירו,גרמים,672.00,100 גרם,false,,17.00,0.0253,true,1,1584893
7763594012790,false,ספוג רחצה לגוף רמי ל,,,ספוג רחצה לגוף רמי ל,יח',1.00,יח',false,,5.30,5.3000,true,1,3439742
7777272810295,false,מספריים פרפר,,,מספריים פרפר,יח',1.00,יח',false,,4.20,4.2000,true,1,5320748
7777445600012,false,אירגונית למטאטאים ומ,,,אירגונית למטאטאים ומ,יח',1.00,יח',false,,34.10,34.1000,true,1,1596069
7777445600074,false,כיסוי אסלה היגייני ח,,,כיסוי אסלה היגייני ח,יח',1.00,יח',false,,5.80,5.8000,true,1,1596074
7777555502152,false,קופסת אחסון מלבנית ק,,,קופסת אחסון מלבנית ק,יח',1.00,יח',false,,8.50,8.5000,true,1,1596180
7777555503272,false,כוס מלמין,,,כוס מלמין,יח',1.00,יח',false,,5.10,5.1000,true,1,1596236
7777555503838,false,מתלה כביסה אירופה,,,מתלה כביסה אירופה,יח',1.00,יח',false,,51.20,51.2000,true,1,1596276
7777555506761,false,מייבש כלים מעוצב רמי,,,מייבש כלים מעוצב רמי,יח',1.00,יח',false,,8.40,8.4000,true,1,1596451
7777555507706,false,"קערת סלט 27 ס""מ גובה",דגש,,"קערת סלט 27 ס""מ גובה",יח',1.00,יח',false,,10.10,10.1000,true,1,1596520
7777555507836,false,מסננת ידית ברזל 15 ס,דגש,,מסננת ידית ברזל 15 ס,יח',1.00,יח',false,,10.20,10.2000,true,1,1596531
7777555509045,false,קערת מסננת נירוסטה,,,קערת מסננת נירוסטה,יח',1.00,יח',false,,25.50,25.5000,true,1,1596612
7777555509229,false,צלחת ילדים איכותית,,,צלחת ילדים איכותית,יח',1.00,יח',false,,3.30,3.3000,true,1,1596627
7777555509236,false,צלחת ילדים איכותית,,,צלחת ילדים איכותית,יח',1.00,יח',false,,3.30,3.3000,true,1,1596628
7777555509625,false,מברשת לניקוי איכותית,,,מברשת לניקוי איכותית,יח',1.00,יח',false,,12.70,12.7000,true,1,1596660
7777555510089,false,מגש ענק מעוצב,,,מגש ענק מעוצב,יח',1.00,יח',false,,25.50,25.5000,true,1,1596701
7777555510898,false,קרש חיתוך זכוכית,,,קרש חיתוך זכוכית,יח',1.00,יח',false,,17.00,17.0000,true,1,1596782
7777555511796,false,קולבי קטיפה,,,קולבי קטיפה,יח',1.00,יח',false,,8.40,8.4000,true,1,1596870
7777555511925,false,מחליקים לרהיטים,,,מחליקים לרהיטים,יח',1.00,יח',false,,5.00,5.0000,true,1,1596883
7777555513707,false,מערוך,,,מערוך,יח',1.00,יח',false,,25.60,25.6000,true,1,2782306
7777555514735,false,סביבון בלייד,,,סביבון בלייד,יח',1.00,יח',false,,8.50,8.5000,true,1,4330167
7777555514940,false,מטאטא גולד,,,מטאטא גולד,יח',1.00,יח',false,,25.60,25.6000,true,1,4477816
7777555515251,false,מברג רב תכליתי,,,מברג רב תכליתי,יח',1.00,יח',false,,17.00,17.0000,true,1,4770286
7777555515275,false,כבל ל-iPhone,,,כבל ל-iPhone,יח',1.00,יח',false,,8.50,8.5000,true,1,4968352
7777555515282,false,כבל טעינה מיקרו USB,,,כבל טעינה מיקרו USB,יח',1.00,יח',false,,8.50,8.5000,true,1,4974007
7777555515299,false,כבל טעינה Type-C,,,כבל טעינה Type-C,יח',1.00,יח',false,,8.50,8.5000,true,1,4968353
7777555515527,false,משטח בד לייבוש כלים,,,משטח בד לייבוש כלים,יח',1.00,יח',false,,10.10,10.1000,true,1,5270586
7777555515589,false,מסננת ידית ברזל 10 ס,,,מסננת ידית ברזל 10 ס,יח',1.00,יח',false,,8.50,8.5000,true,1,5283896
7777555515862,false,סט 6 כוסות שתייה,,,סט 6 כוסות שתייה,יח',1.00,יח',false,,10.20,10.2000,true,1,5356823
7777884400105,false,קערת נרוסטה S,,,קערת נרוסטה S,יח',1.00,יח',false,,8.50,8.5000,true,1,1597078
7777886600091,false,שישיית כפיות,,,שישיית כפיות,יח',1.00,יח',false,,6.80,6.8000,true,1,1597093
7777886600107,false,שישיית כפות,,,שישיית כפות,יח',1.00,יח',false,,8.50,8.5000,true,1,1597094
7777886600145,false,פינצטה יפנית,,,פינצטה יפנית,יח',1.00,יח',false,,17.00,17.0000,true,1,1597098
7777886600572,false,סכומון מעוצב גדול,,,סכומון מעוצב גדול,יח',1.00,יח',false,,17.00,17.0000,true,1,1597137
7777886600664,false,שלישית כפיות לימונדה,,,שלישית כפיות לימונדה,יח',1.00,יח',false,,5.00,5.0000,true,1,1597146
7777886600695,false,מברשת שירותים,,,מברשת שירותים,יח',1.00,יח',false,,8.50,8.5000,true,1,1597149
7777886600732,false,קליפסים ארוכים לשקיו,,,קליפסים ארוכים לשקיו,יח',1.00,יח',false,,5.90,5.9000,true,1,1597152
7777886600947,false,נפנף למנגל,,,נפנף למנגל,יח',1.00,יח',false,,2.90,2.9000,true,1,1597173
7777886602323,false,מטאטא ארגנטה,,,מטאטא ארגנטה,יח',1.00,יח',false,,17.00,17.0000,true,1,1597283
7777886602330,false,מטאטא רומנה,,,מטאטא רומנה,יח',1.00,יח',false,,17.00,17.0000,true,1,1597284
7777886602361,false,יעה+ מברשת,,,יעה+ מברשת,יח',1.00,יח',false,,8.50,8.5000,true,1,1597287
7777886602415,false,מטאטא פרינסס,,,מטאטא פרינסס,יח',1.00,יח',false,,25.50,25.5000,true,1,1597291
7777886602644,false,מטאטא פרימיולה,,,מטאטא פרימיולה,יח',1.00,יח',false,,21.20,21.2000,true,1,1597309
7777886602668,false,מטאטא סלנטינה,,,מטאטא סלנטינה,יח',1.00,יח',false,,12.70,12.7000,true,1,1597311
7777886602675,false,ראש מטאטא,,,ראש מטאטא,יח',1.00,יח',false,,12.70,12.7000,true,1,1597312
7777886602972,false,סט קולבים מעץ איכותי,,,סט קולבים מעץ איכותי,יח',1.00,יח',false,,6.70,6.7000,true,1,1597333
7777886603610,false,ערכת פלסטרים,,,ערכת פלסטרים,יח',1.00,יח',false,,4.20,4.2000,true,1,1597384
7777886603832,false,קרש חיתוך מעוצב 36*2,,,קרש חיתוך מעוצב 36*2,יח',1.00,יח',false,,17.00,17.0000,true,1,1597406
7777886604877,false,מחבת יציקה איכותית 3,,,מחבת יציקה איכותית 3,יח',1.00,יח',false,,59.70,59.7000,true,1,2599585
7777886604891,false,מחבת יציקה איכותית 2,,,מחבת יציקה איכותית 2,יח',1.00,יח',false,,34.10,34.1000,true,1,2599586
7777886605225,false,קולפן מקצועי רב שימו,,,קולפן מקצועי רב שימו,יח',1.00,יח',false,,17.00,17.0000,true,1,4770260
7777886605676,false,חנוכיית ג'מבו זהב 48,,,חנוכיית ג'מבו זהב 48,יח',1.00,יח',false,,170.80,170.8000,true,1,5279163
7777886605720,false,סט 3 קופסאות טריו,,,סט 3 קופסאות טריו,יח',1.00,יח',false,,12.70,12.7000,true,1,5283897
7777886605744,false,בליבליד,,,בליבליד,יח',1.00,יח',false,,8.50,8.5000,true,1,5283899
7777886605874,false,צינור אמבט מתכת מחוז,,,צינור אמבט מתכת מחוז,יח',1.00,יח',false,,25.60,25.6000,true,1,5283926
7777886606185,false,סביבון COOL,,,סביבון COOL,יח',1.00,יח',false,,8.50,8.5000,true,1,5333602
7777886606208,false,סביבון קפיץ,,,סביבון קפיץ,יח',1.00,יח',false,,8.40,8.4000,true,1,5334045
7777886606215,false,סביבון יהלום,,,סביבון יהלום,יח',1.00,יח',false,,8.50,8.5000,true,1,5333603
7777886700197,false,סט 12 כפיות פסטל,,,סט 12 כפיות פסטל,יח',1.00,יח',false,,8.50,8.5000,true,1,5283993
7777886700234,false,פורס ביצה קפיצי,,,פורס ביצה קפיצי,יח',1.00,יח',false,,14.40,14.4000,true,1,5296799
7790580108489,false,בון בון ממרח בוטנים,,,בון בון ממרח בוטנים,גרמים,290.00,100 גרם,false,,9.30,0.0321,true,1,5328975
7790580328511,false,טופי חלב בון בון 483,,,טופי חלב בון בון 483,גרמים,483.00,100 גרם,false,,14.40,0.0298,true,1,5270848
7790580412654,false,בונבון צהוב 270 גר,,,בונבון צהוב 270 גר,גרמים,270.00,100 גרם,false,,13.60,0.0504,true,1,4529273
7790580421663,false,בון בון 288גר ריבת ח,,,בון בון 288גר ריבת ח,גרמים,288.00,100 גרם,false,,17.00,0.0590,true,1,5355442
7791875005353,false,ריבת חלב הוואנה דולצ,,,ריבת חלב הוואנה דולצ,גרמים,450.00,6 גרם,false,,16.00,0.0356,true,1,5322225
7798141877836,false,גאטו נגרו סובניון בל,,,גאטו נגרו סובניון בל,מטרים,750.00,100 מ'ל,false,,33.30,0.0444,true,1,5316892
7798378440018,false,אוכמניות,,,אוכמניות,יח',1.00,יח',false,,9.90,9.9000,true,1,5416904
7798382150019,false,אוכמניות,,,אוכמניות,יחידה,0.00,יחידה,false,,11.90,0.0000,true,1,5428261
7804414000877,false,דון חוליו מרלו,לואיס פליפה אדוארדס,CL,דון חוליו מרלו כשר,מיליליטרים,750.00,"100 מ""ל",false,,23.00,0.0307,true,1,1585743
7804414000884,false,דון חוליו שרדונה,לואיס פליפה אדוארדס,CL,דון חוליו שרדונה כשר,מיליליטרים,750.00,"100 מ""ל",false,,23.00,0.0307,true,1,1585744
7804414001614,false,דון חוליו שירז,לואיס פליפה אדוארדס,CL,דון חוליו שירז כשר,מיליליטרים,750.00,"100 מ""ל",false,,23.00,0.0307,true,1,1585745
7804414001621,false,קזה די לואיג'י שירז,הכרם,,קזה די לואיג'י שירז,מיליליטרים,750.00,"100 מ""ל",false,,25.60,0.0341,true,1,1585746
7804414012344,false,דון חוליו סוביניון ב,,,דון חוליו סוביניון ב,מיליליטרים,750.00,"100 מ""ל",false,,23.00,0.0307,true,1,2420411
7804414012351,false,דון חוליו מלבק,,,דון חוליו מלבק,מיליליטרים,750.00,"100 מ""ל",false,,23.00,0.0307,true,1,2420412
7804414012368,false,דון חוליו רוזה,,,דון חוליו רוזה,מיליליטרים,750.00,"100 מ""ל",false,,23.00,0.0307,true,1,2420413
7804414017110,false,דון חוליו פינו נואר,,,דון חוליו פינו נואר,מיליליטרים,750.00,"100 מ""ל",false,,27.30,0.0364,true,1,5232283
7891024027998,false,קולגייט מי פה טוטאל,,,קולגייט מי פה טוטאל,מטרים,500.00,100 מ'ל,false,,17.00,0.0340,true,1,5396915
7891024030974,false,קולגייט טריפל אקשן 7,קולגייט,BR,קולגייט טריפל אקשן 7,מטרים,75.00,100 מ'ל,false,,5.00,0.0667,true,1,1574974
7891024124826,false,משחת שיניים אופטיק ו,קולגייט,,משחת שיניים אופטיק ו,100 מל,75.00,100 מל,false,,17.00,0.2267,true,1,1574978
7891024130063,false,מי פה פלאקס סופט מינ,קולגייט,,מי פה פלאקס סופט מינ,מיליליטרים,500.00,"100 מ""ל",false,,21.30,0.0426,true,1,1574980
7891024179482,false,מי פה אופטיק וייט קו,קולגייט,,מי פה אופטיק וייט קו,מיליליטרים,500.00,"100 מ""ל",false,,21.30,0.0426,true,1,1574985
7906991867024,false,כיסא לים,,,כיסא לים,יח',1.00,יח',false,,38.40,38.4000,true,1,5267068
8000070011878,false,קפה דק נטול קפאין לו,לוואצה,,קפה דק נטול קפאין לו,גרמים,250.00,100 גרם,false,,37.50,0.1500,true,1,1587998
8000070012783,false,קפה אורו זהב לוואצה,לוואצה,,קפה אורו זהב לוואצה,גרמים,250.00,100 גרם,false,,33.20,0.1328,true,1,1587999
8000070032835,false,קפה לוואצה מאטינו 25,לוואצה,,קפה לוואצה מאטינו 25,גרמים,250.00,100 גרם,false,,23.00,0.0920,true,1,1588004
8000070035980,false,קפה לוואצה רוסה 250ג,לוואצה,,קפה לוואצה רוסה 250ג,גרמים,250.00,100 גרם,false,,25.60,0.1024,true,1,1588005
8000070038974,false,לוואצה קרמה גוסטו פו,,,לוואצה קרמה גוסטו פו,גרמים,1000.00,100 גרם,false,,93.10,0.0931,true,1,5323756
8000215204219,false,משקה אורז אורגני ללא,,,משקה אורז אורגני ללא,ליטרים,1.00,ליטר,false,,11.00,11.0000,true,1,3190290
8000215204240,false,משקה שקדים ואורז אור,,,משקה שקדים ואורז אור,ליטרים,1.00,ליטר,false,,11.00,11.0000,true,1,3190291
8000215204264,false,משקה ואורז אישי 200,,,משקה ואורז אישי 200,מיליליטרים,200.00,"100 מ""ל",false,,3.30,0.0165,true,1,3190357
8000215204271,false,משקה שקדים ואורז איש,,,משקה שקדים ואורז איש,מיליליטרים,200.00,"100 מ""ל",false,,3.00,0.0150,true,1,3190358
8000215204363,false,ויטסי משקה קוקוס,,,ויטסי משקה קוקוס,ליטרים,1.00,ליטר,false,,11.00,11.0000,true,1,5337891
8000215204387,false,רוטב בשמל צמחי אורגנ,,,רוטב בשמל צמחי אורגנ,מיליליטרים,500.00,"100 מ""ל",false,,10.70,0.0214,true,1,3190361
8000215204554,false,משקה אורז קוקוס אורג,,,משקה אורז קוקוס אורג,ליטרים,1.00,ליטר,false,,11.00,11.0000,true,1,4302195
8000215204677,false,ויטריז משקה שיבולת ש,,,ויטריז משקה שיבולת ש,ליטרים,1.00,ליטר,false,,11.00,11.0000,true,1,5347440
8000320010088,false,צ'יריו רוטב עגבניות,,,צ'יריו רוטב עגבניות,גרמים,680.00,100 גרם,false,,8.50,0.0125,true,1,1588008
8000320010095,false,צ'יריו פסאטה במרקם ע,,,צ'יריו פסאטה במרקם ע,גרמים,700.00,100 גרם,false,,8.50,0.0121,true,1,5381298
8000320414855,false,עגבניות פלופה צ'יריו,,,עגבניות פלופה צ'יריו,גרמים,400.00,100 גרם,false,,4.20,0.0105,true,1,1588010
8000380003723,false,וופל אגוזים בציפוי ש,לואקר,,וופל אגוזים בציפוי ש,גרמים,100.00,100 גרם,false,,10.00,0.1000,true,1,1584895
8000380003754,false,לואקר גרנד פטיסרי קפ,,,לואקר גרנד פטיסרי קפ,גרמים,100.00,100 גרם,false,,10.00,0.1000,true,1,4611302
8000380003761,false,וופל גרנד פטיסרי שוק,לואקר,,וופל גרנד פטיסרי שוק,גרמים,100.00,100 גרם,false,,10.00,0.1000,true,1,1584896
8000380004669,false,וופל סנדוויץ' קקאו ל,לואקר,,וופל סנדוויץ' קקאו ל,גרמים,200.00,100 גרם,false,,10.20,0.0510,true,1,1584898
8000380004676,false,קוביות וופל קרם וניל,לואקר,,קוביות וופל קרם וניל,גרמים,200.00,100 גרם,false,,10.20,0.0510,true,1,1584899
8000380004881,false,קוביות וופל טירמיסו,לואקר,,קוביות וופל טירמיסו,גרמים,220.00,100 גרם,false,,11.90,0.0541,true,1,1584900
8000380004911,false,וופל קואדרטיני אגוזי,לואקר,,וופל קואדרטיני אגוזי,גרמים,250.00,100 גרם,false,,11.90,0.0476,true,1,1584901
8000380004942,false,קוביות וופל בטעם וני,לואקר,,קוביות וופל בטעם וני,גרמים,250.00,100 גרם,false,,11.90,0.0476,true,1,1584902
8000380004966,false,קוביות וופל בטעם קקא,לואקר,,קוביות וופל בטעם קקא,גרמים,250.00,100 גרם,false,,11.90,0.0476,true,1,1584903
8000380005598,false,טורטינה מריר לואקר 1,לואקר,,טורטינה מריר לואקר 1,גרמים,125.00,100 גרם,false,,13.20,0.1056,true,1,1584904
8000380007219,false,וופל בטעם אגוזים לוא,לואקר,,וופל בטעם אגוזים לוא,גרמים,175.00,100 גרם,false,,9.20,0.0526,true,1,1584909
8000380007257,false,וופל בטעם אגוזים לוא,לואקר,,וופל בטעם אגוזים לוא,גרמים,200.00,100 גרם,false,,11.70,0.0585,true,1,1584911
8000380007264,false,וופל בטעם קקאו לואקר,לואקר,,וופל בטעם קקאו לואקר,גרמים,175.00,100 גרם,false,,9.20,0.0526,true,1,1584912
8000380007271,false,וופל במילוי קרם חלב,לואקר,,וופל במילוי קרם חלב,גרמים,175.00,100 גרם,false,,9.20,0.0526,true,1,1584913
8000380106028,false,טורטינה לואקר 125 גר,לואקר,,טורטינה לואקר 125 גר,גרמים,125.00,100 גרם,false,,13.20,0.1056,true,1,1584915
8000380144044,false,גרדנה וופל מצופה שוק,לואקר,,גרדנה וופל מצופה שוק,גרמים,200.00,100 גרם,false,,11.70,0.0585,true,1,1584919
8000380148035,false,וופל בציפוי שוקולד מ,לואקר,,וופל בציפוי שוקולד מ,גרמים,100.00,100 גרם,false,,10.00,0.1000,true,1,1584920
8000380153534,false,טורטינה וויט שישיה 1,לואקר,,טורטינה וויט שישיה 1,גרמים,125.00,100 גרם,false,,13.20,0.1056,true,1,1584930
8000380156009,false,שוקולד דולומיטים חלב,,,שוקולד דולומיטים חלב,גרמים,150.00,100 גרם,false,,18.70,0.1247,true,1,1584937
8000380156573,false,שוקולד דולומיטים מגו,לואקר,,שוקולד דולומיטים מגו,גרמים,150.00,100 גרם,false,,18.70,0.1247,true,1,1584938
8000380156825,false,שוקולד לואקר חלב 87,לואקר,,שוקולד לואקר חלב 87,גרמים,87.00,100 גרם,false,,5.70,0.0655,true,1,1584939
8000380156849,false,שוקולד לואקר מריר 87,לואקר,,שוקולד לואקר מריר 87,יח',1.00,יח',false,,5.70,5.7000,true,1,1584941
8000380157440,false,שוקולד לואקר אגוז 85,לואקר,,שוקולד לואקר אגוז 85,גרמים,87.00,100 גרם,false,,5.00,0.0575,true,1,1783010
8000380180721,false,לואקר קלאסיק 175 גר,לואקר,IT,לואקר קלאסיק 175 גר,גרמים,175.00,100 גרם,false,,9.20,0.0526,true,1,1584944
8000380180745,false,קואדרטיני שוקו חלב 2,לואקר,IT,קואדרטיני שוקו חלב 2,גרמים,250.00,100 גרם,false,,11.90,0.0476,true,1,1584945
8000380180837,false,גרנד פטיסרי קרם קוקו,לואקר,,גרנד פטיסרי קרם קוקו,גרמים,100.00,100 גרם,false,,10.00,0.1000,true,1,1626364
8000380184644,false,לואקר מיניס בטעמים ש,,,לואקר מיניס בטעמים ש,100 קרטון,150.00,100 קרטון,false,,11.90,0.0793,true,1,4700189
8000380187249,false,עוגיות לואקר שקדים 1,,,עוגיות לואקר שקדים 1,גרמים,100.00,100 גרם,false,,11.90,0.1190,true,1,5271337
8000380189281,false,מארז מיני מיקס לואקר,,,מארז מיני מיקס לואקר,גרמים,210.00,100 גרם,false,,17.00,0.0810,true,1,3898986
8000380192151,false,טורטינה טריפל 125 גר,,,טורטינה טריפל 125 גר,גרמים,125.00,100 גרם,false,,13.20,0.1056,true,1,5039386
8000380192199,false,לואקר דאבל שוקולד 17,,,לואקר דאבל שוקולד 17,גרמים,175.00,100 גרם,false,,9.20,0.0526,true,1,4651982
8000380192243,false,לואקר מקסי טעם אגוז,,,לואקר מקסי טעם אגוז,גרמים,200.00,100 גרם,false,,10.20,0.0510,true,1,4562603
8000380192250,false,לואקר מקסי טעם שוקול,,,לואקר מקסי טעם שוקול,גרמים,200.00,100 גרם,false,,10.20,0.0510,true,1,4562604
8000380192588,false,וופל קואדרטיני דאבל,,,וופל קואדרטיני דאבל,גרמים,250.00,100 גרם,false,,11.90,0.0476,true,1,4749432
8000380198221,false,לואקר מקסי טעם אגוז,,,לואקר מקסי טעם אגוז,גרמים,200.00,100 גרם,false,,10.20,0.0510,true,1,5247904
8000380201396,false,טורטינה קרמל,,,טורטינה קרמל,גרמים,149.00,100 גרם,false,,13.20,0.0886,true,1,5307800
8000380205400,false,לואקר גרדנה חמאת בוט,,,לואקר גרדנה חמאת בוט,גרמים,250.00,100 גרם,false,,11.90,0.0476,true,1,5370808
8000380205523,false,לואקר קלאסי חמאת בוט,,,לואקר קלאסי חמאת בוט,גרמים,175.00,100 גרם,false,,9.20,0.0526,true,1,5370809
8000380206896,false,לואקר גרדנה חמאת בוט,,,לואקר גרדנה חמאת בוט,גרמים,200.00,100 גרם,false,,11.70,0.0585,true,1,5370810
8000380207183,false,לואקר טורטינה חמאת ב,,,לואקר טורטינה חמאת ב,גרמים,150.00,100 גרם,false,,13.20,0.0880,true,1,5370811
8000392006132,false,מגב אייפל פטנט,,,מגב אייפל פטנט,יח',1.00,יח',false,,21.20,21.2000,true,1,1597716
8000500009673,false,בונבוניירת פררו רושה,פררו רושר,,בונבוניירת פררו רושה,גרמים,300.00,100 גרם,false,,37.50,0.1250,true,1,1608682
8000500023624,false,חטיף הפי היפו קינדר,קינדר,,חטיף הפי היפו קינדר,גרמים,100.00,100 גרם,false,,9.80,0.0980,true,1,1608683
8000500026731,false,קינדר ביצת הפתעה שלי,קינדר,,קינדר ביצת הפתעה שלי,גרמים,114.00,100 גרם,false,,11.80,0.1035,true,1,1608685
8000500028124,false,ג'וי ביצת שוקולד קינ,קינדר,,ג'וי ביצת שוקולד קינ,יחידה,0.00,יחידה,false,,11.80,0.0000,true,1,1584948
8000500029350,false,שוקולד קינדר בואנו ש,קינדר,,שוקולד קינדר בואנו ש,גרמים,129.00,100 גרם,false,,8.50,0.0659,true,1,1608686
8000500032237,false,רושר 375 גרם,פררו רושר,,רושר 375 גרם,גרמים,375.00,100 גרם,false,,34.10,0.0909,true,1,1608687
8000500037874,false,בונבוניירת פררו רושה,פררו רושר,,בונבוניירת פררו רושה,גרמים,200.00,100 גרם,false,,19.60,0.0980,true,1,1608688
8000500071083,false,אצבעות קינדר שוקולד,קינדר,,אצבעות קינדר שוקולד,גרמים,200.00,100 גרם,false,,10.20,0.0510,true,1,1608689
8000500094976,false,פררו רושר קונוס 212.,,,פררו רושר קונוס 212.,גרמים,212.50,100 גרם,false,,32.10,0.1511,true,1,1608691
8000500121436,false,קינדר בואנו לבן שליש,קינדר,,קינדר בואנו לבן שליש,גרמים,117.00,100 גרם,false,,8.50,0.0726,true,1,1608692
8000500126325,false,קינדר ג'וי שלישייה 6,קינדר,,קינדר ג'וי שלישייה 6,גרמים,20.00,100 גרם,false,,11.80,0.5900,true,1,1608693
8000500167656,false,קינדר שוקולד עם דגני,,,קינדר שוקולד עם דגני,גרמים,94.00,100 גרם,false,,6.60,0.0702,true,1,4964352
8000500172810,false,טיק טק רביעייה תות ש,,,טיק טק רביעייה תות ש,גרמים,16.00,100 גרם,false,,8.50,0.5313,true,1,1608695
8000500217740,false,קינדר בואנו מיני 86,,,קינדר בואנו מיני 86,יח',1.00,יח',false,,8.50,8.5000,true,1,5246088
8000500227848,false,נוטלה בי ריידי,,,נוטלה בי ריידי,גרמים,132.00,100 גרם,false,,8.50,0.0644,true,1,3947309
8000500247150,false,פררו קוליקשיין 172 ג,,,פררו קוליקשיין 172 ג,גרמים,172.00,100 גרם,false,,20.40,0.1186,true,1,3607648
8000500247167,false,פררו קולקשין 269 גר,,,פררו קולקשין 269 גר,גרמים,249.00,100 גרם,false,,37.50,0.1506,true,1,2758649
8000500249352,false,קינדר בואנו מיני מיק,,,קינדר בואנו מיני מיק,גרמים,205.00,100 גרם,false,,15.20,0.0741,true,1,2901423
8000500256213,false,קינדר שוקולד מיני 12,,,קינדר שוקולד מיני 12,גרמים,120.00,100 גרם,false,,7.60,0.0633,true,1,4505896
8000500267103,false,קינדר דליס מארז עשיר,,,קינדר דליס מארז עשיר,גרמים,390.00,100 גרם,false,,16.20,0.0415,true,1,4173520
8000500269169,false,קינדר בצורת קלפים 12,,,קינדר בצורת קלפים 12,גרמים,128.00,100 גרם,false,,11.00,0.0859,true,1,5400977
8000500353738,false,טיק טק מנטה חזק 64 ג,,,טיק טק מנטה חזק 64 ג,גרמים,64.00,100 גרם,false,,8.50,0.1328,true,1,5278944
8000500386941,false,נוטלה 900 גר,,,נוטלה 900 גר,גרמים,900.00,100 גרם,false,,23.80,0.0264,true,1,5368165
8001003100164,false,סוכריות ג'לי 450 גר,,,סוכריות ג'לי 450 גר,גרמים,450.00,100 גרם,false,,8.50,0.0189,true,1,3778548
8001003100218,false,סוכריות ג'לי פירות 8,,,סוכריות ג'לי פירות 8,גרמים,800.00,100 גרם,false,,13.60,0.0170,true,1,1584956
8001003202035,false,יוגטה סוכריות ג'לי ט,,,יוגטה סוכריות ג'לי ט,יח',1.00,יח',false,,3.70,3.7000,true,1,5370813
8001010062844,false,פונטי חומץ בלסמי כשר,,,פונטי חומץ בלסמי כשר,מטרים,500.00,100 מ'ל,false,,14.40,0.0288,true,1,5421692
8001090156839,false,פמפרס בייבי דריי מיד,,,פמפרס בייבי דריי מיד,יח',1.00,יח',false,,55.50,55.5000,true,1,5354320
8001090222428,false,הרבל אסנסס שמפו חלב,,,הרבל אסנסס שמפו חלב,מיליליטרים,400.00,"100 מ""ל",false,,12.70,0.0317,true,1,4858795
8001090222572,false,הרבל אסנסס מרכך תות,,,הרבל אסנסס מרכך תות,מיליליטרים,400.00,"100 מ""ל",false,,12.70,0.0317,true,1,4858797
8001090222725,false,הרבל אסנסס שמפו שמן,,,הרבל אסנסס שמפו שמן,מיליליטרים,400.00,"100 מ""ל",false,,12.70,0.0317,true,1,4858829
8001090222756,false,הרבל אסנסס מרכך שמן,,,הרבל אסנסס מרכך שמן,יח',1.00,יח',false,,12.70,12.7000,true,1,4858830
8001090268679,false,פמפרס בייבי דריי מיד,,,פמפרס בייבי דריי מיד,יח',1.00,יח',false,,55.50,55.5000,true,1,5354321
8001090336354,false,חיתולי פמפרס בייבי ד,,,חיתולי פמפרס בייבי ד,יח',1.00,יח',false,,25.60,25.6000,true,1,5205087
8001090368553,false,פמפרס בייבי דריי מיד,,,פמפרס בייבי דריי מיד,יח',1.00,יח',false,,55.50,55.5000,true,1,5354322
8001090375230,false,פנטן מרכך מרוכז 200,,,פנטן מרכך מרוכז 200,מיליליטרים,200.00,"100 מ""ל",false,,11.00,0.0550,true,1,3369952
8001090375285,false,פנטן מרכך מרוכז 200,,,פנטן מרכך מרוכז 200,מיליליטרים,200.00,"100 מ""ל",false,,11.00,0.0550,true,1,3369953
8001090377531,false,פנטן מסכה לצבע מלא ח,,,פנטן מסכה לצבע מלא ח,מיליליטרים,300.00,"100 מ""ל",false,,29.80,0.0993,true,1,3659676
8001090379368,false,חיתולי פמפרס פרימיום,,,חיתולי פמפרס פרימיום,יח',34.00,יח',false,,25.60,0.7529,true,1,3149978
8001090379399,false,חיתולי פמפרס פרימיום,,,חיתולי פמפרס פרימיום,יח',30.00,יח',false,,25.60,0.8533,true,1,3149943
8001090458322,false,פיירי ורדים משי 1.01,,,פיירי ורדים משי 1.01,ליטרים,1.01,ליטר,false,,13.60,13.4653,true,1,2755169
8001090493637,false,הדשולדרס שמפו אולטרא,,,הדשולדרס שמפו אולטרא,מיליליטרים,450.00,"100 מ""ל",false,,15.30,0.0340,true,1,2955629
8001090580122,false,שמפו האד אנד שולדרס,,,שמפו האד אנד שולדרס,מיליליטרים,400.00,"100 מ""ל",false,,15.30,0.0383,true,1,4542928
8001090678195,false,מרכך הד אנד שולדרס ס,,,מרכך הד אנד שולדרס ס,מיליליטרים,275.00,"100 מ""ל",false,,12.70,0.0462,true,1,4542929
8001090678225,false,מרכך הד אנד שולדרס ס,,,מרכך הד אנד שולדרס ס,מיליליטרים,275.00,"100 מ""ל",false,,12.70,0.0462,true,1,4542930
8001090678614,false,שמפו האד אנד שולדרס,,,שמפו האד אנד שולדרס,מיליליטרים,400.00,"100 מ""ל",false,,15.30,0.0383,true,1,4542932
8001090734044,false,מגן תחתון אולוויז מג,,,מגן תחתון אולוויז מג,יח',64.00,יח',false,,14.40,0.2250,true,1,3646611
8001090740717,false,מגן תחתון אולוויז מג,,,מגן תחתון אולוויז מג,יח',76.00,יח',false,,14.40,0.1895,true,1,4113257
8001090802385,false,טייד קפסולות ג'ל 26,,,טייד קפסולות ג'ל 26,יח',26.00,יח',false,,20.40,0.7846,true,1,4627643
8001090832450,false,פנטן שמפו נוסחה קלאס,,,פנטן שמפו נוסחה קלאס,מיליליטרים,660.00,"100 מ""ל",false,,16.20,0.0245,true,1,5243402
8001090832535,false,פנטן שמפו שמן מרוקאי,,,פנטן שמפו שמן מרוקאי,מיליליטרים,660.00,"100 מ""ל",false,,16.20,0.0245,true,1,5243417
8001090832573,false,פנטן שמפו לחות מוגבר,,,פנטן שמפו לחות מוגבר,מיליליטרים,660.00,"100 מ""ל",false,,16.20,0.0245,true,1,5243418
8001090832610,false,פנטן שמפו למגע רך כמ,,,פנטן שמפו למגע רך כמ,מיליליטרים,660.00,"100 מ""ל",false,,16.20,0.0245,true,1,5245690
8001090832696,false,פנטן שמפו לתלתלים מו,,,פנטן שמפו לתלתלים מו,מיליליטרים,660.00,"100 מ""ל",false,,16.20,0.0245,true,1,5243419
8001090832771,false,פנטן שמפו הזנת קרטין,,,פנטן שמפו הזנת קרטין,מיליליטרים,660.00,"100 מ""ל",false,,16.20,0.0245,true,1,5243421
8001090832818,false,פנטן מרכך נוסחה קלאס,,,פנטן מרכך נוסחה קלאס,מיליליטרים,600.00,"100 מ""ל",false,,16.20,0.0270,true,1,5243422
8001090832856,false,פנטן מרכך מרוקאי משק,,,פנטן מרכך מרוקאי משק,מיליליטרים,660.00,"100 מ""ל",false,,16.20,0.0245,true,1,5243438
8001090832894,false,פנטן מרכך לחות מוגבר,,,פנטן מרכך לחות מוגבר,מיליליטרים,660.00,"100 מ""ל",false,,16.20,0.0245,true,1,5243439
8001090832931,false,פנטן מרכך למגע רך כמ,,,פנטן מרכך למגע רך כמ,מיליליטרים,660.00,"100 מ""ל",false,,16.20,0.0245,true,1,5245691
8001090832979,false,פנטן מרכך לתלתלים מו,,,פנטן מרכך לתלתלים מו,מיליליטרים,660.00,"100 מ""ל",false,,16.20,0.0245,true,1,5243440
8001090833051,false,פנטן מרכך הזנת קרטין,,,פנטן מרכך הזנת קרטין,מיליליטרים,660.00,"100 מ""ל",false,,16.20,0.0245,true,1,5243442
8001090833136,false,אריאל ג'ל כביסה בייב,,,אריאל ג'ל כביסה בייב,ליטרים,2.26,ליטר,false,,23.00,10.1770,true,1,4431183
8001090833167,false,אריאל ג'ל כביסה 2.36,,,אריאל ג'ל כביסה 2.36,ליטרים,2.36,ליטר,false,,23.80,10.0847,true,1,4431150
8001090833198,false,אריאל ג'ל כביסה ניחו,,,אריאל ג'ל כביסה ניחו,ליטרים,2.36,ליטר,false,,23.80,10.0847,true,1,4431184
8001090833228,false,אריאל ג'ל כביסה 2.36,,,אריאל ג'ל כביסה 2.36,ליטרים,2.36,ליטר,false,,23.80,10.0847,true,1,4431151
8001090833259,false,אריאל ג'ל כביסה ניחו,,,אריאל ג'ל כביסה ניחו,ליטרים,3.74,ליטר,false,,34.00,9.0909,true,1,4431185
8001090899194,false,תחבושות אולוויז פלטי,,,תחבושות אולוויז פלטי,יח',1.00,יח',false,,15.30,15.3000,true,1,5308240
8001090899224,false,תחבושות אולוויז פלטי,,,תחבושות אולוויז פלטי,יח',1.00,יח',false,,15.30,15.3000,true,1,5308241
8001090899255,false,תחבושות אולוויז פלטי,,,תחבושות אולוויז פלטי,יח',1.00,יח',false,,14.40,14.4000,true,1,5308242
8001090899286,false,תחבושות אולוויז פלטי,,,תחבושות אולוויז פלטי,יח',1.00,יח',false,,14.40,14.4000,true,1,5308243
8001090943095,false,פיירי אנטי בקטריאלי,,,פיירי אנטי בקטריאלי,ליטרים,1.01,ליטר,false,,15.30,15.1485,true,1,4277111
8001090961907,false,אבקת כביסה אריאל שוש,,,אבקת כביסה אריאל שוש,קילוגרמים,9.00,"ק""ג",false,,51.20,5.6889,true,1,5269453
8001090961938,false,אבקת כביסה אריאל קול,,,אבקת כביסה אריאל קול,קילוגרמים,9.00,"ק""ג",false,,51.20,5.6889,true,1,5287604
8001160000888,false,גטורייד ספורט תפוז 5,,,גטורייד ספורט תפוז 5,מיליליטרים,500.00,"100 מ""ל",false,,8.50,0.0170,true,1,3370132
8001160001786,false,גטורייד ספורט כחול 5,,,גטורייד ספורט כחול 5,מיליליטרים,500.00,"100 מ""ל",false,,8.50,0.0170,true,1,3370134
8001160001892,false,גטורייד ספורט תפוז א,,,גטורייד ספורט תפוז א,מיליליטרים,500.00,"100 מ""ל",false,,8.50,0.0170,true,1,3370135
8001250110015,false,דה צ'קו לזניית ביצים,,,דה צ'קו לזניית ביצים,גרמים,500.00,100 גרם,false,,14.40,0.0288,true,1,5421693
8001250152015,false,דה צ'קו פפרדלה 201 5,,,דה צ'קו פפרדלה 201 5,גרמים,500.00,100 גרם,false,,12.70,0.0254,true,1,5421694
8001250152091,false,דה ציקו פסטה קפלי די,,,דה ציקו פסטה קפלי די,גרמים,500.00,100 גרם,false,,12.70,0.0254,true,1,5421695
8001440118944,false,צ'יריו עגבניות פולפה,,,צ'יריו עגבניות פולפה,גרמים,1200.00,100 גרם,false,,12.70,0.0106,true,1,5381299
8001505000313,false,ממרח אגוזי לוז אורגנ,,,ממרח אגוזי לוז אורגנ,גרמים,270.00,100 גרם,false,,16.70,0.0619,true,1,3190395
8001505001105,false,ממרח אגוזי לוז אורגנ,,,ממרח אגוזי לוז אורגנ,גרמים,270.00,100 גרם,false,,16.70,0.0619,true,1,3190396
8001505001785,false,ממרח אגוזי לוז 30% א,,,ממרח אגוזי לוז 30% א,גרמים,270.00,100 גרם,false,,16.70,0.0619,true,1,4914958
8001620011935,false,מים סן בנדטו מוגז 50,סאן בנדטו,IT,"סן בנדטו מוגז 500 מ""ל שיש",ליטרים,3.00,ליטר,false,,10.40,3.4667,true,1,1574272
8001620015612,false,משקה פרוטה גזר תפוז,,,משקה פרוטה גזר תפוז,מיליליטרים,400.00,"100 מ""ל",false,,5.60,0.0140,true,1,5307845
8001620015636,false,משקה פרוטה מיקס פירו,,,משקה פרוטה מיקס פירו,מיליליטרים,400.00,"100 מ""ל",false,,5.60,0.0140,true,1,5311622
8001620017456,false,"סאן בנדטו 6*500 מ""ל",,,"סאן בנדטו 6*500 מ""ל",ליטרים,6.00,ליטר,false,,12.10,2.0167,true,1,3354545
8001620018408,false,משקה פרוטה מנגו תפוח,,,משקה פרוטה מנגו תפוח,מיליליטרים,400.00,"100 מ""ל",false,,5.60,0.0140,true,1,5336043
8001841006710,false,לנור כדוריות בושם רע,,,לנור כדוריות בושם רע,גרמים,210.00,100 גרם,false,,21.30,0.1014,true,1,5291673
8001841006833,false,לנור כדוריות הבושם ב,,,לנור כדוריות הבושם ב,גרמים,210.00,100 גרם,false,,21.30,0.1014,true,1,5291674
8001841104751,false,חיתולי פמפרס פרימיום,,,חיתולי פמפרס פרימיום,יח',52.00,יח',false,,25.60,0.4923,true,1,4753968
8001841104799,false,חיתולי פמפרס פרימיום,,,חיתולי פמפרס פרימיום,יח',46.00,יח',false,,25.60,0.5565,true,1,4753969
8001841105093,false,חיתולי פמפרס פרימיום,,,חיתולי פמפרס פרימיום,יח',26.00,יח',false,,25.60,0.9846,true,1,4753970
8001841137179,false,ה&ש קונדישנר-הנוסחה,,,ה&ש קונדישנר-הנוסחה,מיליליטרים,275.00,"100 מ""ל",false,,8.50,0.0309,true,1,5142084
8001841137216,false,ה&ש קונדישנר למגע רך,,,ה&ש קונדישנר למגע רך,מיליליטרים,275.00,"100 מ""ל",false,,8.50,0.0309,true,1,5142085
8001841198446,false,גילט דאו ספריי PR 15,,,גילט דאו ספריי PR 15,מיליליטרים,150.00,"100 מ""ל",false,,8.50,0.0567,true,1,5230389
8001841216584,false,תחבושות אולוויז לילה,,,תחבושות אולוויז לילה,יח',1.00,יח',false,,25.50,25.5000,true,1,5129346
8001841500799,false,הרבל אסנס שמפו ללא ס,,,הרבל אסנס שמפו ללא ס,מיליליטרים,300.00,"100 מ""ל",false,,12.70,0.0423,true,1,5279960
8001841500942,false,הרבל אסנס שמפו ללא ס,,,הרבל אסנס שמפו ללא ס,מיליליטרים,300.00,"100 מ""ל",false,,12.70,0.0423,true,1,5279961
8001841502298,false,הרבל אסנס מרכך ללא ס,,,הרבל אסנס מרכך ללא ס,מיליליטרים,300.00,"100 מ""ל",false,,12.70,0.0423,true,1,5279962
8001841502601,false,הרבל אסנס מרכך ללא ס,,,הרבל אסנס מרכך ללא ס,מיליליטרים,300.00,"100 מ""ל",false,,12.70,0.0423,true,1,5279963
8001841625188,false,פיירי פלטינום לימון,,,פיירי פלטינום לימון,מיליליטרים,515.00,"100 מ""ל",false,,7.60,0.0148,true,1,5230790
8001841625287,false,פיירי פלטינום לימון,,,פיירי פלטינום לימון,ליטרים,1.01,ליטר,false,,11.00,10.8911,true,1,5230791
8001841625508,false,פיירי פלטינום אורגינ,,,פיירי פלטינום אורגינ,ליטרים,1.01,ליטר,false,,11.00,10.8911,true,1,5230793
8001841660257,false,פנטן מיראקלס במבוק מ,,,פנטן מיראקלס במבוק מ,מיליליטרים,160.00,"100 מ""ל",false,,12.70,0.0794,true,1,5309001
8001841660530,false,פנטן מיראקלס במבוק ק,,,פנטן מיראקלס במבוק ק,מיליליטרים,270.00,"100 מ""ל",false,,11.90,0.0441,true,1,5309002
8001841669465,false,אריאל קפסולות לכביסה,,,אריאל קפסולות לכביסה,יח',1.00,יח',false,,25.60,25.6000,true,1,5290394
8001841680989,false,אולוויז מגן תחתון לא,,,אולוויז מגן תחתון לא,יח',1.00,יח',false,,14.40,14.4000,true,1,5253109
8001841893990,false,פיירי קפסולות למדיח,,,פיירי קפסולות למדיח,יח',1.00,יח',false,,34.10,34.1000,true,1,5291486
8001841958460,false,פיירי טבליות למדיח 4,,,פיירי טבליות למדיח 4,גרמים,648.00,100 גרם,false,,34.10,0.0526,true,1,5291487
8001841960081,false,פיירי טבליות למדיח 3,,,פיירי טבליות למדיח 3,יח',37.00,יח',false,,34.10,0.9216,true,1,5291488
8001943549122,false,צוקטה מטבעות שוקולד,,,צוקטה מטבעות שוקולד,גרמים,40.00,100 גרם,false,,2.80,0.0700,true,1,3017417
8002267014662,false,ביצת הפתעה ברבי שלשי,,,ביצת הפתעה ברבי שלשי,גרמים,20.00,100 גרם,false,,9.30,0.4650,true,1,3292824
8002267014945,false,ביצת הפתעה הוט ווילס,,,ביצת הפתעה הוט ווילס,גרמים,20.00,100 גרם,false,,9.30,0.4650,true,1,3292825
8002267015263,false,צוקטה ביצת הפתעה מאש,,,צוקטה ביצת הפתעה מאש,יח',1.00,יח',false,,9.30,9.3000,true,1,5266470
8002267016475,false,צוקטה ביצת הפתעה בוב,,,צוקטה ביצת הפתעה בוב,גרמים,20.00,100 גרם,false,,9.30,0.4650,true,1,4392155
8002270436581,false,"מים סן פלגרינו 500מ""",טמפו,IL,"גולדסטאר ח""פ 330 בקבוק שי",מיליליטרים,500.00,"100 מ""ל",false,,17.20,0.0344,true,1,2009661
8002270866524,false,סן פלגרינו 1 ליטר בק,טמפו,IT,סן פלגרינו 1 ליטר בקבוק פ,יח',1.00,יח',false,,7.70,7.7000,true,1,1574275
8002450202005,false,ורדי אסאי כשר,בוסקה,IT,ורדי ספרקלטיני אסאי בוסקה,מיליליטרים,750.00,"100 מ""ל",false,,21.30,0.0284,true,1,1585754
8002450204009,false,ורדי אפרסק כשר,בוסקה,IT,ורדי אפרסק כשר,מיליליטרים,750.00,"100 מ""ל",false,,21.30,0.0284,true,1,1585755
8002450205006,false,ורדי תות שדה כשר,בוסקה,IT,ורדי רימונים כשר,מיליליטרים,750.00,"100 מ""ל",false,,21.30,0.0284,true,1,2279148
8002450206003,false,ורדי רימונים כשר,בוסקה,IT,ורדי רימונים כשר,מיליליטרים,750.00,"100 מ""ל",false,,21.30,0.0284,true,1,1585758
8002450206508,false,קזה די לואיג'י קברנה,לואיס פליפה אדוארדס,CL,קזה די לואיג'י קברנה כשר,מיליליטרים,750.00,"100 מ""ל",false,,25.60,0.0341,true,1,1585759
8002450206522,false,קזה די לואיג'י מרלו,לואיס פליפה אדוארדס,CL,קזה די לואיג'י מרלו כשר,מיליליטרים,750.00,"100 מ""ל",false,,25.60,0.0341,true,1,1585760
8002450208007,false,ורדי גרין אפל כשר,בוסקה,IT,ורדי גרין אפל כשר,מיליליטרים,750.00,"100 מ""ל",false,,21.30,0.0284,true,1,1585762
8003340091280,false,לינדט לינדור בונבוני,לינדט,,לינדט לינדור בונבוני,גרמים,200.00,100 גרם,false,,19.60,0.0980,true,1,1580747
8003446002685,false,שמן זית איטלקי 1 ליט,,,שמן זית איטלקי 1 ליט,100 מל,1000.00,100 מל,false,,21.30,0.0213,true,1,4688777
8004030022010,false,טונה ריו מרה ירקות ג,ריו,,טונה ריו מרה ירקות ג,גרמים,160.00,100 גרם,false,,12.70,0.0794,true,1,1574987
8004030044005,false,נתחי טונה בהירה בשמן,ריו,,נתחי טונה בהירה בשמן,גרמים,160.00,100 גרם,false,,15.30,0.0956,true,1,1574989
8004030102033,false,טונה ריו מרה בשמן זי,,,טונה ריו מרה בשמן זי,גרמים,240.00,100 גרם,false,,23.80,0.0992,true,1,4445558
8004030103399,false,ריו מרה טונה בשמן זי,,,ריו מרה טונה בשמן זי,גרמים,224.00,100 גרם,false,,24.70,0.1103,true,1,5273211
8004030177000,false,טונה בשמן זית עם צ'י,,,טונה בשמן זית עם צ'י,גרמים,168.00,100 גרם,false,,23.80,0.1417,true,1,3802796
8004030180000,false,ריו מרה טונה בשמן זי,,,ריו מרה טונה בשמן זי,גרמים,240.00,100 גרם,false,,22.10,0.0921,true,1,5346214
8004030344938,false,טונה ריו מרה בשמן זי,ריו,,טונה ריו מרה בשמן זי,גרמים,168.00,100 גרם,false,,23.80,0.1417,true,1,1574991
8004030381681,false,ריו מרה נתחי טונה בה,,,ריו מרה נתחי טונה בה,יח',1.00,יח',false,,25.60,25.6000,true,1,4814666
8004690470022,false,לה מוליזנה ללא גלוטן,,,לה מוליזנה ללא גלוטן,גרמים,400.00,100 גרם,false,,12.70,0.0317,true,1,5421696
8004690612002,false,לה מוליסנה פסטה פנה,,,לה מוליסנה פסטה פנה,גרמים,500.00,100 גרם,false,,7.60,0.0152,true,1,5421699
8004800000064,false,לאגו פלאסיר גלילי וו,,,לאגו פלאסיר גלילי וו,גרמים,100.00,100 גרם,false,,9.30,0.0930,true,1,5394696
8004800000071,false,לאגו פלאסיר גלילי וו,,,לאגו פלאסיר גלילי וו,גרמים,100.00,100 גרם,false,,9.30,0.0930,true,1,5394697
8004800004802,false,לאגו פלאסיר גלילי וו,,,לאגו פלאסיר גלילי וו,גרמים,100.00,100 גרם,false,,9.30,0.0930,true,1,5394698
8004800004826,false,לאגו פלאסיר גלילי וו,,,לאגו פלאסיר גלילי וו,גרמים,100.00,100 גרם,false,,9.30,0.0930,true,1,5394700
8004800005502,false,לאגו מיני רול במילוי,,,לאגו מיני רול במילוי,גרמים,125.00,100 גרם,false,,8.50,0.0680,true,1,5394724
8004800005519,false,לאגו מיני רול במילוי,,,לאגו מיני רול במילוי,גרמים,125.00,100 גרם,false,,8.50,0.0680,true,1,5394725
8004800005526,false,לאגו מיני רול במילוי,,,לאגו מיני רול במילוי,גרמים,125.00,100 גרם,false,,8.50,0.0680,true,1,5394726
8005110002243,false,רכז עגבניות מוטיבשפו,,,רכז עגבניות מוטיבשפו,גרמים,185.00,100 גרם,false,,5.90,0.0319,true,1,5271233
8005110060007,false,מוטי עגבניות תמר איט,,,מוטי עגבניות תמר איט,גרמים,400.00,100 גרם,false,,5.70,0.0143,true,1,5421700
8005110170300,false,עגבניות מרוסקות 3*40,,,עגבניות מרוסקות 3*40,קילוגרמים,1.20,"ק""ג",false,,14.40,12.0000,true,1,5245982
8005110171215,false,מוטי עגבניות חתוכות,,,מוטי עגבניות חתוכות,גרמים,690.00,100 גרם,false,,10.20,0.0148,true,1,5421701
8005110200014,false,רכז עגבניות 22% 210ג,,,רכז עגבניות 22% 210ג,גרמים,210.00,100 גרם,false,,5.00,0.0238,true,1,5245983
8005110550508,false,מוטי עגבניות שרי 400,,,מוטי עגבניות שרי 400,גרמים,400.00,100 גרם,false,,7.60,0.0190,true,1,5421702
8005110551253,false,רוטב לפיצה 400 גרם,,,רוטב לפיצה 400 גרם,מטרים,400.00,100 מ'ל,false,,6.80,0.0170,true,1,5421703
8005200256587,false,תה קר בטעם אפרסק נסט,,,תה קר בטעם אפרסק נסט,ליטרים,1.50,ליטר,false,,7.10,4.7333,true,1,5333566
8005200286584,false,תה קר בטעם מנגו אננס,,,תה קר בטעם מנגו אננס,ליטרים,1.50,ליטר,false,,7.10,4.7333,true,1,5333567
8005200316588,false,תה קר דיאט בטעם אפרס,,,תה קר דיאט בטעם אפרס,ליטרים,1.50,ליטר,false,,6.80,4.5333,true,1,5333568
8005803010357,false,גרסיני קלאסי 125 גר,,,גרסיני קלאסי 125 גר,גרמים,125.00,100 גרם,false,,4.90,0.0392,true,1,2017818
8005803010371,false,גרסיני רוזמרין 125 ג,,,גרסיני רוזמרין 125 ג,גרמים,125.00,100 גרם,false,,4.90,0.0392,true,1,2017819
8005803010586,false,גרסיני פיצה 125 גר,,,גרסיני פיצה 125 גר,גרמים,125.00,100 גרם,false,,4.90,0.0392,true,1,2017820
8005803010661,false,גרסיני שומשום 125 גר,,,גרסיני שומשום 125 גר,גרמים,125.00,100 גרם,false,,4.90,0.0392,true,1,2017821
8006540091906,false,לנור כדוריות הבושם ב,,,לנור כדוריות הבושם ב,גרמים,140.00,100 גרם,false,,12.70,0.0907,true,1,5325355
8006540091937,false,לנור כדוריות הבושם ב,,,לנור כדוריות הבושם ב,גרמים,210.00,100 גרם,false,,21.30,0.1014,true,1,5325356
8006540110317,false,פנטן מיראקלס במבוק ש,,,פנטן מיראקלס במבוק ש,מיליליטרים,400.00,"100 מ""ל",false,,12.70,0.0317,true,1,5309003
8006540112793,false,לנור מרכך מרוכז בניח,,,לנור מרכך מרוכז בניח,מטרים,900.00,100 מ'ל,false,,12.70,0.0141,true,1,5319589
8006540112823,false,לנור מרכך מרוכז בניח,,,לנור מרכך מרוכז בניח,מיליליטרים,900.00,"100 מ""ל",false,,12.70,0.0141,true,1,5310307
8006540112854,false,לנור מרכך מרוכז 900,,,לנור מרכך מרוכז 900,מיליליטרים,900.00,"100 מ""ל",false,,12.70,0.0141,true,1,5305550
8006540157374,false,פנטן מיראקלס במבוק מ,,,פנטן מיראקלס במבוק מ,מיליליטרים,275.00,"100 מ""ל",false,,12.70,0.0462,true,1,5309004
8006540352960,false,טמפונים טמפקס פרל רג,,,טמפונים טמפקס פרל רג,יח',20.00,יח',false,,17.00,0.8500,true,1,5326236
8006540358498,false,טמפקס פרל סופר פלוס,,,טמפקס פרל סופר פלוס,יח',18.00,יח',false,,16.20,0.9000,true,1,5326237
8006540383087,false,פירי פלטינום פלוס די,,,פירי פלטינום פלוס די,100 יח,42.00,100 יח,false,,38.40,0.9143,true,1,5356559
8006540404850,false,אולוויז דיסקריט לברי,,,אולוויז דיסקריט לברי,יח',10.00,יח',false,,11.90,1.1900,true,1,5416876
8006540404898,false,אולוויז דיסקריט לברי,,,אולוויז דיסקריט לברי,יח',8.00,יח',false,,11.90,1.4875,true,1,5416877
8006540404935,false,אולוויז דיסקריט לברי,,,אולוויז דיסקריט לברי,יח',12.00,יח',false,,11.90,0.9917,true,1,5416878
8006540405031,false,אולוויז דיסקריט לברי,,,אולוויז דיסקריט לברי,יח',16.00,יח',false,,11.90,0.7438,true,1,5416879
8006540425930,false,אריאל קפסולות 24 יח,,,אריאל קפסולות 24 יח,יח',1.00,יח',false,,25.60,25.6000,true,1,5333764
8006540429327,false,פיירי לכלים לימון 44,,,פיירי לכלים לימון 44,מטרים,440.00,100 מ'ל,false,,7.60,0.0173,true,1,5347993
8006540495216,false,לנור מרכך כביסה בניח,,,לנור מרכך כביסה בניח,מטרים,900.00,100 מ'ל,false,,12.70,0.0141,true,1,5416903
8007178120310,false,חומץ בלסמי ג'קובזי 5,FATTORIE GIACOBAZZI,IT,חומץ בלסמי גקובזי 500 מל,מיליליטרים,500.00,"100 מ""ל",false,,15.30,0.0306,true,1,1584439
8007178223547,false,קרם בלסמי מצומצם ג'ק,FATTORIE GIACOBAZZI,IT,"קרם בלסמי מצומצם 250 מ""ל",מיליליטרים,250.00,"100 מ""ל",false,,18.70,0.0748,true,1,1584440
8008245004861,false,ממרח אגוזי לוז עם חל,,,ממרח אגוזי לוז עם חל,גרמים,300.00,100 גרם,false,,12.60,0.0420,true,1,5272704
8008440249425,false,אסאהי בירה 5.2% 330,,,אסאהי בירה 5.2% 330,מטרים,330.00,100 מ'ל,false,,6.80,0.0206,true,1,5320383
8008440522016,false,פרוני מארז שישייה 33,,,פרוני מארז שישייה 33,מיליליטרים,330.00,"100 מ""ל",false,,28.40,0.0861,true,1,5252850
8008660210021,false,מעדן דובדבן 300 גר,מנז' אנד גאסר,IT,מעדן דובדבן 300 גר,גרמים,300.00,100 גרם,false,,13.60,0.0453,true,1,1583990
8008660210038,false,מעדן תות שדה 300 גר,מנז' אנד גאסר,IT,מעדן תות שדה 300 גר,גרמים,300.00,100 גרם,false,,13.60,0.0453,true,1,1583991
8008660210045,false,מעדן פירות יער 300 ג,מנז' אנד גאסר,IT,מעדן פירות יער 300 ג,גרמים,300.00,100 גרם,false,,13.60,0.0453,true,1,1583992
8008660210052,false,מעדן פרי תפוז 320 גר,,,מעדן פרי תפוז 320 גר,גרמים,320.00,100 גרם,false,,13.60,0.0425,true,1,4336260
8008698002100,false,מקלות גריסיני 200 גר,ד''ר שר,FR,מקלות גריסיני 200 גר,גרמים,200.00,100 גרם,false,,17.00,0.0850,true,1,1607136
8008698002599,false,"לחם הבית לל""ג 240גר",,,"לחם הבית לל""ג 240גר",גרמים,240.00,100 גרם,false,,16.70,0.0696,true,1,5392971
8008698003503,false,קרקר אפוי 210ג ללא ג,ד''ר שר,FR,קרקר אפוי 210ג ללא ג,גרמים,210.00,100 גרם,false,,19.50,0.0929,true,1,1607139
8008698010259,false,ג'בטה ללא גלוטן שר 2,,,ג'בטה ללא גלוטן שר 2,גרמים,200.00,100 גרם,false,,17.00,0.0850,true,1,5360644
8008698012857,false,פתי בר טעם חמאה 165ג,,FR,פתי בר טעם חמאה 165ג,גרמים,165.00,100 גרם,false,,11.80,0.0715,true,1,1607148
8008698024065,false,פאן בלנקו- לחם ללא ג,,,פאן בלנקו- לחם ללא ג,יח',1.00,יח',false,,15.30,15.3000,true,1,4597440
8008857114194,false,פסטה נוטרי מיו ללא ג,,,פסטה נוטרי מיו ללא ג,גרמים,500.00,100 גרם,false,,7.40,0.0148,true,1,5386491
8008912010034,false,ליגורי- ספגטי מספר 3,,,ליגורי- ספגטי מספר 3,גרמים,500.00,100 גרם,false,,6.70,0.0134,true,1,5347986
8008912010072,false,ליגורי- לינגוויני מס,,,ליגורי- לינגוויני מס,גרמים,500.00,100 גרם,false,,6.70,0.0134,true,1,5347987
8008912010270,false,ליגורי- קסרצ'ה מספר,,,ליגורי- קסרצ'ה מספר,גרמים,500.00,100 גרם,false,,6.70,0.0134,true,1,5347988
8008912010300,false,פסטה פרפלה מספר 30,,,פסטה פרפלה מספר 30,גרמים,500.00,100 גרם,false,,6.70,0.0134,true,1,5347989
8008912010317,false,ליגורי-פוזילי מספר 3,,,ליגורי-פוזילי מספר 3,גרמים,500.00,100 גרם,false,,6.70,0.0134,true,1,5347990
8008912010331,false,ליגורי פסטה ניוקי סר,,,ליגורי פסטה ניוקי סר,גרמים,500.00,100 גרם,false,,6.70,0.0134,true,1,5347991
8008912010423,false,ליגורי- פנה ריגטה מס,,,ליגורי- פנה ריגטה מס,גרמים,500.00,100 גרם,false,,6.70,0.0134,true,1,5347992
8008912016012,false,ליגורי- לזניה מספר 1,,,ליגורי- לזניה מספר 1,גרמים,500.00,100 גרם,false,,12.70,0.0254,true,1,5355265
8008940228005,false,עוגיות כוסמין אורגני,,,עוגיות כוסמין אורגני,גרמים,350.00,100 גרם,false,,14.10,0.0403,true,1,5228143
8009470009171,false,סימבה לכלב צייד 415,,,סימבה לכלב צייד 415,גרמים,415.00,100 גרם,false,,3.40,0.0082,true,1,5243692
8009470009843,false,סימבה לכלב עוף 10 קג,,,סימבה לכלב עוף 10 קג,יח',1.00,יח',false,,76.80,76.8000,true,1,5243728
8009470009850,false,סימבה בקר לכלב 10 קג,,,סימבה בקר לכלב 10 קג,יח',1.00,יח',false,,76.80,76.8000,true,1,5243729
8010024006010,false,חמאת שקדים 350 גר,,,חמאת שקדים 350 גר,גרמים,350.00,100 גרם,false,,33.20,0.0949,true,1,3190397
8013399145315,false,סט דיטורל תות 70 גרם,קלואטה איטליה,IT,סט.דיטורל תות שקית 70 גר',גרמים,100.00,100 גרם,false,,8.50,0.0850,true,1,1571714
8017938005122,false,חומץ תפוחים אורגני 7,,,חומץ תפוחים אורגני 7,מיליליטרים,750.00,"100 מ""ל",false,,15.80,0.0211,true,1,3190398
8017938005764,false,מיץ תפוחים אורגני 10,,,מיץ תפוחים אורגני 10,ליטרים,1.00,ליטר,false,,16.00,16.0000,true,1,3190399
8023678164517,false,"משקה שקדים לל""ס 1ליט",,,"משקה שקדים לל""ס 1ליט",יח',1.00,יח',false,,13.50,13.5000,true,1,4970321
8024985003988,false,נטורה נובה סמוזי תפו,,,נטורה נובה סמוזי תפו,גרמים,100.00,100 גרם,false,,4.20,0.0420,true,1,4302198
8024985005234,false,נטורה נובה סמוזי תפו,,,נטורה נובה סמוזי תפו,גרמים,200.00,100 גרם,false,,4.20,0.0210,true,1,4302199
8024985006309,false,סמוזי מנגו רביעייה,,,סמוזי מנגו רביעייה,גרמים,400.00,100 גרם,false,,16.90,0.0422,true,1,4914983
8024985008044,false,נטורה משקה סמודי אגס,,,נטורה משקה סמודי אגס,מטרים,100.00,100 מ'ל,false,,4.20,0.0420,true,1,4302201
8032573170035,false,מוסקטו טרה סינה,,,מוסקטו טרה סינה,מיליליטרים,750.00,"100 מ""ל",false,,29.90,0.0399,true,1,1593478
8032793342458,false,עגבניות מרוסקות דק ב,אורגרן הלס אנד ניצר,AU,עגבניות מרוסקות דק ב,גרמים,700.00,100 גרם,false,,10.20,0.0146,true,1,1983334
8032804430471,false,סדניני עדשים אדומות,,,סדניני עדשים אדומות,גרמים,250.00,100 גרם,false,,11.00,0.0440,true,1,3190365
8032804430785,false,ספגטי עדשים צהובות א,,,ספגטי עדשים צהובות א,גרמים,250.00,100 גרם,false,,13.60,0.0544,true,1,4914987
8032804430914,false,פנה שיבולת שועל ללא,,,פנה שיבולת שועל ללא,גרמים,200.00,100 גרם,false,,14.40,0.0720,true,1,5076704
8032804430976,false,פסטה ריגטוני שיבולת,,,פסטה ריגטוני שיבולת,גרמים,200.00,100 גרם,false,,14.40,0.0720,true,1,5076705
8032804431287,false,ספגטי אורז מלא אורגנ,,,ספגטי אורז מלא אורגנ,גרמים,400.00,100 גרם,false,,13.20,0.0330,true,1,3190367
8032804432024,false,לזניה אורז תירס אורג,,,לזניה אורז תירס אורג,גרמים,250.00,100 גרם,false,,15.30,0.0612,true,1,3190369
8032880800243,false,פיקניק הפתעה 50 גרם,,,פיקניק הפתעה 50 גרם,גרמים,50.00,100 גרם,false,,5.70,0.1140,true,1,1584970
8033275522368,false,"יין קיאנטי 750 מ""ל",,,"יין קיאנטי 750 מ""ל",יח',1.00,יח',false,,47.00,47.0000,true,1,5232252
8076800195019,false,קפליני מספר 1 ברילה,ברילה,,קפליני מספר 1 ברילה,גרמים,500.00,100 גרם,false,,5.90,0.0118,true,1,1574995
8076800195033,false,ספגטי מספר 3 ברילה 5,ברילה,,ספגטי מספר 3 ברילה 5,גרמים,500.00,100 גרם,false,,5.90,0.0118,true,1,1574996
8076800195057,false,ברילה ספגטיני מספר 5,ברילה,,ברילה ספגטיני מספר 5,גרמים,500.00,100 גרם,false,,5.90,0.0118,true,1,1574997
8076800195132,false,אטריות בבטה 13 ברילה,ברילה,,אטריות בבטה 13 ברילה,גרמים,500.00,100 גרם,false,,5.90,0.0118,true,1,1574998
8076800315097,false,פסטה מקרוני בוקטיני,ברילה,,פסטה מקרוני בוקטיני,גרמים,500.00,100 גרם,false,,5.90,0.0118,true,1,1574999
8076802085738,false,פסטה פנה ריגטה ברילה,ברילה,,פסטה פנה ריגטה ברילה,גרמים,500.00,100 גרם,false,,5.90,0.0118,true,1,1575001
8076802085837,false,פסטה מספר 83 ברילה 5,ברילה,,פסטה מספר 83 ברילה 5,גרמים,500.00,100 גרם,false,,5.90,0.0118,true,1,1575002
8076802085981,false,פסטה פוזילי ברילה 50,ברילה,,פסטה פוזילי ברילה 50,גרמים,500.00,100 גרם,false,,5.90,0.0118,true,1,1575005
8076808050440,false,פסטה מקרוני מספר 44,ברילה,,פסטה מקרוני מספר 44,גרמים,500.00,100 גרם,false,,5.90,0.0118,true,1,1575007
8076808060654,false,פסטה פרפלה מספר 65 ב,ברילה,,פסטה פרפלה מספר 65 ב,גרמים,500.00,100 גרם,false,,5.90,0.0118,true,1,1575008
8076808070882,false,קנלוני מספר 88 ברילה,ברילה,,קנלוני מספר 88 ברילה,גרמים,250.00,100 גרם,false,,9.30,0.0372,true,1,1575009
8076808150072,false,ספגטי מספר 7 ברילה 5,ברילה,,ספגטי מספר 7 ברילה 5,גרמים,500.00,100 גרם,false,,5.90,0.0118,true,1,1575010
8076809512268,false,פסטה גירנדולה טורסדס,ברילה,,פסטה גירנדולה טורסדס,גרמים,500.00,100 גרם,false,,5.90,0.0118,true,1,1575012
8076809513388,false,רוטב לפסטה ארביאטה ב,ברילה,,רוטב לפסטה ארביאטה ב,גרמים,400.00,100 גרם,false,,12.70,0.0317,true,1,1575013
8076809513395,false,רוטב לפסטה פומודורו,ברילה,,רוטב לפסטה פומודורו,גרמים,400.00,100 גרם,false,,12.70,0.0317,true,1,1575014
8076809513654,false,בסיס רוטב עגבניות לב,ברילה,,בסיס רוטב עגבניות לב,גרמים,400.00,100 גרם,false,,12.70,0.0317,true,1,1575015
8076809513692,false,רוטב לפסטה נפוליטנה,ברילה,,רוטב לפסטה נפוליטנה,גרמים,400.00,100 גרם,false,,12.70,0.0317,true,1,1575016
8076809513739,false,רוטב לפסטה בזיליקום,ברילה,,רוטב לפסטה בזיליקום,גרמים,400.00,100 גרם,false,,12.70,0.0317,true,1,1575017
8076809519977,false,ברילה אורקייטה 500 ג,,,ברילה אורקייטה 500 ג,גרמים,500.00,100 גרם,false,,11.90,0.0238,true,1,5366964
8076809523561,false,רוטב עגבניות ברילה 4,ברילה,,רוטב עגבניות ברילה 4,גרמים,400.00,100 גרם,false,,12.70,0.0317,true,1,1575021
8076809523738,false,לזניה ברילה 500 גרם,ברילה,,לזניה ברילה 500 גרם,גרמים,500.00,100 גרם,false,,17.00,0.0340,true,1,1575024
8076809529419,false,ספגטי חיטה מלאה בריל,ברילה,,ספגטי חיטה מלאה בריל,גרמים,500.00,100 גרם,false,,11.00,0.0220,true,1,1575025
8076809529433,false,פסטה פנה ריגטה חיטה,ברילה,,פסטה פנה ריגטה חיטה,גרמים,500.00,100 גרם,false,,11.00,0.0220,true,1,1575026
8076809545440,false,ברילה איטריות ללא גל,ברילה,IT,ברילה איטריות ללא גל,גרמים,400.00,100 גרם,false,,12.70,0.0317,true,1,1575028
8076809545457,false,ברילה צינורות ללא גל,ברילה,IT,ברילה צינורות ללא גל,גרמים,400.00,100 גרם,false,,12.70,0.0317,true,1,1575029
8076809545464,false,ברילה ספירלי ללא גלו,ברילה,IT,ברילה ספירלי ללא גלו,גרמים,400.00,100 גרם,false,,12.70,0.0317,true,1,1575030
8076809547956,false,ברילה צ.ק קיפרי 500,,,ברילה צ.ק קיפרי 500,גרמים,500.00,100 גרם,false,,5.90,0.0118,true,1,5239179
8076809580496,false,ברילה פפירי 450 גר,,,ברילה פפירי 450 גר,גרמים,450.00,100 גרם,false,,10.10,0.0224,true,1,5324623
8121300206946,false,טרוביה סטיביה ממתיק,,,טרוביה סטיביה ממתיק,יח',1.00,יח',false,,17.00,17.0000,true,1,5151331
8121300207004,false,טרוביה סטיביה ממתיק,,,טרוביה סטיביה ממתיק,גרמים,270.00,100 גרם,false,,21.30,0.0789,true,1,5193177
8121300207172,false,טרוביה סוכר קנים 500,,,טרוביה סוכר קנים 500,גרמים,500.00,100 גרם,false,,29.00,0.0580,true,1,5151349
8121300208780,false,טרוביה תחליף סוכר 36,,,טרוביה תחליף סוכר 36,גרמים,360.00,100 גרם,false,,29.80,0.0828,true,1,5371344
8231218080306,false,מיחם לשבת כמות 4.8,,,מיחם לשבת כמות 4.8,יח',1.00,יח',false,,170.90,170.9000,true,1,5406403
8231218080603,false,מיחם לשבת כמות 6.5,,,מיחם לשבת כמות 6.5,יח',1.00,יח',false,,230.70,230.7000,true,1,5406406
8231218080801,false,מיחם לשבת כמות 7.4,,,מיחם לשבת כמות 7.4,יח',1.00,יח',false,,239.20,239.2000,true,1,5406407
8292941802931,false,קומקום ג'מבו 4.3 ליט,,,קומקום ג'מבו 4.3 ליט,יח',1.00,יח',false,,85.40,85.4000,true,1,4408832
8367383380467,false,קומקום נירוסטה צבעונ,,,קומקום נירוסטה צבעונ,יח',1.00,יח',false,,51.20,51.2000,true,1,5332894
8377373138848,false,מסחטת הדרים BENATON,,,מסחטת הדרים BENATON,יח',1.00,יח',false,,68.30,68.3000,true,1,5300131
8410076600622,false,חטיפי גרנולה קראנצ'י,נייצ'ר ואלי,,חטיפי גרנולה קראנצ'י,גרמים,210.00,100 גרם,false,,12.70,0.0605,true,1,1584973
8410076610379,false,נייטשר ואלי פרוטאין,ג'נרל מילס,ES,נייטשר ואלי פרוטאין,גרמים,160.00,100 גרם,false,,19.60,0.1225,true,1,1584980
8410076610386,false,נייטשר ואלי פרוטאין,ג'נרל מילס,ES,נייטשר ואלי פרוטאין,גרמים,160.00,100 גרם,false,,19.60,0.1225,true,1,1584981
8410076610492,false,חטיף סוויט אנד סולטי,,,חטיף סוויט אנד סולטי,יח',1.00,יח',false,,12.70,12.7000,true,1,1931761
8410076610508,false,חטיף סוויט אנד סולטי,,,חטיף סוויט אנד סולטי,יח',1.00,יח',false,,12.70,12.7000,true,1,1931762
8410076621009,false,פייבר 1 עוגות אישיות,,,פייבר 1 עוגות אישיות,גרמים,120.00,100 גרם,false,,12.70,0.1058,true,1,5277264
8410076621047,false,פייבר 1 בראוניז שוקו,,,פייבר 1 בראוניז שוקו,גרמים,120.00,100 גרם,false,,12.70,0.1058,true,1,5277265
8410076621573,false,פייבר וואן קוקיס אנד,,,פייבר וואן קוקיס אנד,גרמים,155.00,100 גרם,false,,12.70,0.0819,true,1,5357678
8410104039134,false,פיניש מנקה מדיח כלים,פיניש,PL,FINISH MACHINE CLEAN. 12x,מיליליטרים,250.00,"100 מ""ל",false,,12.70,0.0508,true,1,1566899
8410104045111,false,"פיניש מלח 2 ק""ג",חברת המלח,IL,Finish Salt 2kg,קילוגרמים,2.00,"ק""ג",false,,11.90,5.9500,true,1,5242271
8410104437268,false,פיניש מפיג ריחות למד,פיניש,HU,"FINSH,IT,DEO ODORSTOP*20",יח',1.00,יח',false,,12.70,12.7000,true,1,1593274
8410104511340,false,ויט רצועות שעווה מוכ,ויט,FR,Veet CWS Dry Skin Missoni,יח',12.00,יח',false,,17.00,1.4167,true,1,1593276
8410128768324,false,ויוה סוי שקדים קרטונ,,,ויוה סוי שקדים קרטונ,יח',1.00,יח',false,,10.20,10.2000,true,1,5235673
8410128768355,false,ויוה סוי קרטונית 1 ל,,,ויוה סוי קרטונית 1 ל,יח',1.00,יח',false,,9.30,9.3000,true,1,5235674
8410128783587,false,ויוה סוי שיבולת שועל,,,ויוה סוי שיבולת שועל,מטרים,1000.00,100 מ'ל,false,,11.00,0.0110,true,1,5397241
8410128785734,false,ויוה סוי סויה בריסטה,,,ויוה סוי סויה בריסטה,מטרים,1000.00,100 מ'ל,false,,10.20,0.0102,true,1,5414843
8410342004789,false,"שוקולד מריר 72% ללת""",,,"שוקולד מריר 72% ללת""",גרמים,100.00,100 גרם,false,,12.70,0.1270,true,1,5261617
8410376006070,false,ביסקוויט מרי 800ג,,,ביסקוויט מרי 800ג,גרמים,800.00,100 גרם,false,,9.90,0.0124,true,1,4358234
8410376010701,false,ביסקוויט מרי ללא תוס,GULLON,ES,גולון-ביסקוויט מרי ללא סו,גרמים,400.00,100 גרם,false,,15.30,0.0383,true,1,1598261
8410376013191,false,קרקר פיק מיני קרקר 3,GULLON,ES,גולון-קרקר פיק קוקטייל 35,גרמים,350.00,100 גרם,false,,8.50,0.0243,true,1,1598264
8410376014051,false,גולון קרקר פיק עגול,,,גולון קרקר פיק עגול,גרמים,350.00,100 גרם,false,,8.50,0.0243,true,1,5418965
8410376014068,false,גולון קרקר פיק דגיגי,,,גולון קרקר פיק דגיגי,גרמים,350.00,100 גרם,false,,8.50,0.0243,true,1,5418939
8410376017113,false,גולון סיבקוויט סנדוו,,,גולון סיבקוויט סנדוו,גרמים,500.00,100 גרם,false,,8.10,0.0162,true,1,4358329
8410376024326,false,גולון עוגיות שוקו לל,,,גולון עוגיות שוקו לל,גרמים,270.00,100 גרם,false,,15.30,0.0567,true,1,5233109
8410376029079,false,גולון רונדיטוס ביסקו,,,גולון רונדיטוס ביסקו,גרמים,186.00,100 גרם,false,,13.60,0.0731,true,1,1598276
8410376037883,false,עוגיות שוקולד ציפס ל,GULLON,ES,גולון-שוקו' ציפס ללא סוכר,גרמים,130.00,100 גרם,false,,9.30,0.0715,true,1,1598284
8410376042481,false,גולון ביסקווט קרם יו,,,גולון ביסקווט קרם יו,גרמים,220.00,100 גרם,false,,11.80,0.0536,true,1,1598286
8410436218092,false,צבע שיער סאיוס אולאו,,,צבע שיער סאיוס אולאו,יח',1.00,יח',false,,23.80,23.8000,true,1,1573717
8410436227698,false,צבע שיער סאיוס אולאו,,,צבע שיער סאיוס אולאו,יח',1.00,יח',false,,23.80,23.8000,true,1,3320142
8410644611203,false,קאווה איבריקה לבן יב,טמפו,IL,קאווה איבריקה לבן יבש 750,מיליליטרים,750.00,"100 מ""ל",false,,25.60,0.0341,true,1,1574276
8410644611210,false,קאווה איבריקה לבן חצ,טמפו,IL,קאווה איבריקה לבן חצי יבש,מיליליטרים,750.00,"100 מ""ל",false,,25.60,0.0341,true,1,1574277
8410679030031,false,"טבלת טראפה ללת""ס מרי",,,"טבלת טראפה ללת""ס מרי",גרמים,75.00,100 גרם,false,,7.60,0.1013,true,1,5298288
8410679030062,false,"טבלת טראפה ללת""ס חלב",,,"טבלת טראפה ללת""ס חלב",גרמים,75.00,100 גרם,false,,7.60,0.1013,true,1,5298290
8410679030079,false,"טבלת טראפה ללת""ס חלב",,,"טבלת טראפה ללת""ס חלב",גרמים,75.00,100 גרם,false,,7.60,0.1013,true,1,5298311
8411320334027,false,אורטיז נתחי טונה צהו,,,אורטיז נתחי טונה צהו,גרמים,112.00,100 גרם,false,,13.20,0.1179,true,1,5421705
8412300801072,false,ניוואה קרם רב שימושי,,,ניוואה קרם רב שימושי,מיליליטרים,400.00,"100 מ""ל",false,,23.80,0.0595,true,1,5250202
8412497613618,false,בקבוק פלסטיק 370 מל,,,בקבוק פלסטיק 370 מל,יח',1.00,יח',false,,34.10,34.1000,true,1,5345402
8413376022965,false,גבינת עיזים רכה 29%,,,גבינת עיזים רכה 29%,גרמים,110.00,100 גרם,false,,11.00,0.1000,true,1,3465328
8420822130600,false,סופר מסיר שומנים 750,,,סופר מסיר שומנים 750,מטרים,750.00,100 מ'ל,false,,13.60,0.0181,true,1,5333216
8420822130624,false,סופר מסיר כתמים 750מ,,,סופר מסיר כתמים 750מ,מטרים,750.00,100 מ'ל,false,,13.60,0.0181,true,1,5333217
8423207206488,false,סלים דליס חטיף דגנים,,,סלים דליס חטיף דגנים,גרמים,120.00,100 גרם,false,,9.20,0.0767,true,1,1575036
8423207206495,false,סלים דליס חטיף דגנים,,,סלים דליס חטיף דגנים,גרמים,120.00,100 גרם,false,,9.20,0.0767,true,1,1575037
8423207206501,false,סלים דליס חטיף דגנים,,,סלים דליס חטיף דגנים,גרמים,13.00,100 גרם,false,,9.20,0.7077,true,1,1575038
8423207207362,false,מרבה סלים דליס מצופה,,,מרבה סלים דליס מצופה,גרמים,120.00,100 גרם,false,,9.20,0.0767,true,1,1575040
8423207208260,false,מרבה סלים דליס ללא ג,,,מרבה סלים דליס ללא ג,גרמים,78.00,100 גרם,false,,9.20,0.1179,true,1,1575047
8423207208680,false,סלים דליס לילדים שוק,,ES,סלים דליס לילדים שוק,גרמים,78.00,100 גרם,false,,9.20,0.1179,true,1,1575048
8423207208697,false,סלים דליס לילדים שוק,,ES,סלים דליס לילדים שוק,גרמים,78.00,100 גרם,false,,9.20,0.1179,true,1,1575049
8423207208703,false,סלים דליס שוקולד מרי,,ES,סלים דליס שוקולד מרי,גרמים,120.00,100 גרם,false,,9.20,0.0767,true,1,1575050
8423207208871,false,פריכיות תירס בטעם טב,ביסנצ'ורי,ES,פריכיות תירס בטעם טב,גרמים,130.00,100 גרם,false,,7.60,0.0585,true,1,1571726
8423207209885,false,מרבה סלים דליס שוקול,,,מרבה סלים דליס שוקול,גרמים,120.00,100 גרם,false,,9.20,0.0767,true,1,3380369
8423207210287,false,מרבה סלים דליס שוקול,,,מרבה סלים דליס שוקול,גרמים,120.00,100 גרם,false,,9.20,0.0767,true,1,4301855
8423207210928,false,סלים דליס טופינג אגו,,,סלים דליס טופינג אגו,יח',1.00,יח',false,,9.20,9.2000,true,1,5265039
8423207210942,false,סלים דליס טופינג פיר,,,סלים דליס טופינג פיר,יח',1.00,יח',false,,9.20,9.2000,true,1,5265040
8423207210966,false,סלים דליס טופינג קוק,,,סלים דליס טופינג קוק,יח',1.00,יח',false,,9.20,9.2000,true,1,5265041
8425206000081,false,ריבת חלב מרדל 450 גר,MARDEL,ES,ריבת חלב מרדל,גרמים,450.00,100 גרם,false,,14.40,0.0320,true,1,1571730
8425206000142,false,ריבת חלב בקבו' לחיץ,,,ריבת חלב בקבו' לחיץ,גרמים,370.00,100 גרם,false,,14.40,0.0389,true,1,2253406
8427030007298,false,סימילאק קומפורט שלב,,,סימילאק קומפורט שלב,גרמים,820.00,100 גרם,false,,87.00,0.1061,true,1,5267612
8435495805168,false,אבקת כביסה תינוקלין,,,אבקת כביסה תינוקלין,קילוגרמים,1.25,"ק""ג",false,,18.70,14.9600,true,1,3786108
8435495807605,false,תינוקלין מרכך כביסה,,,תינוקלין מרכך כביסה,יח',1.00,יח',false,,15.10,15.1000,true,1,4445537
8435495819363,false,תינוקלין מרכך כביסה,,,תינוקלין מרכך כביסה,ליטרים,1.00,100 ליטר,false,,15.10,15.1000,true,1,5327069
8445290427120,false,פיטנס שוקולד מריר וב,,,פיטנס שוקולד מריר וב,גרמים,330.00,100 גרם,false,,17.00,0.0515,true,1,5399355
8485818700014,false,משקפי קריאה,,,משקפי קריאה,יח',1.00,יח',false,,16.10,16.1000,true,1,1599930
8541224140407,false,פלטה שבת 4 סירים BEN,,,פלטה שבת 4 סירים BEN,יח',1.00,יח',false,,111.00,111.0000,true,1,5317723
8541224160603,false,פלטת שבת 6 סירים BEN,,,פלטת שבת 6 סירים BEN,יח',1.00,יח',false,,128.10,128.1000,true,1,5317724
8593868000050,false,בירה סטארופרמן פרימי,סטארופרמן,,בירה סטארופרמן פרימי,100 יח',500.00,100 יח',false,,7.70,0.0154,true,1,5236006
8593868000302,false,סטארופרמן פרימיום בה,,,סטארופרמן פרימיום בה,יח',1.00,יח',false,,8.50,8.5000,true,1,5236299
8593868002368,false,סטארופרמן אנפילטר בה,,,סטארופרמן אנפילטר בה,יח',1.00,יח',false,,8.50,8.5000,true,1,5236007
8593868006014,false,"פחית בלומון 500 מ""ל",,,"פחית בלומון 500 מ""ל",מיליליטרים,500.00,"100 מ""ל",false,,9.40,0.0188,true,1,5290902
8594404001418,false,קוזל בירה כהה צכיה 5,,,קוזל בירה כהה צכיה 5,מיליליטרים,500.00,"100 מ""ל",false,,7.40,0.0148,true,1,2253678
8594404005096,false,בירה קוזל פרימיום בה,,,בירה קוזל פרימיום בה,מיליליטרים,500.00,"100 מ""ל",false,,8.50,0.0170,true,1,4643070
8594404110110,false,פילזנר אורקוול בק' 5,,,פילזנר אורקוול בק' 5,מיליליטרים,500.00,"100 מ""ל",false,,9.40,0.0188,true,1,4436286
8594404115115,false,פילזנר אורקוול פחית,,,פילזנר אורקוול פחית,מיליליטרים,500.00,"100 מ""ל",false,,7.70,0.0154,true,1,4643073
8680530572660,false,מי סודה 200מל שישייה,,,מי סודה 200מל שישייה,יח',1.00,יח',false,,9.60,9.6000,true,1,5380015
8681863065270,false,מלח ים מים האגאי 350,,,מלח ים מים האגאי 350,גרמים,350.00,100 גרם,false,,21.10,0.0603,true,1,5374536
8681863065287,false,מלח הימלאיה 350 גר,,,מלח הימלאיה 350 גר,גרמים,350.00,100 גרם,false,,21.10,0.0603,true,1,5374537
8681863065294,false,מלח ים בטעם מעושן 35,,,מלח ים בטעם מעושן 35,גרמים,350.00,100 גרם,false,,21.10,0.0603,true,1,5374538
8681863065300,false,מלח עם שום קלוי 280,,,מלח עם שום קלוי 280,גרמים,280.00,100 גרם,false,,21.10,0.0754,true,1,5374539
8681863065478,false,מלח מתובל 110 גר,,,מלח מתובל 110 גר,גרמים,110.00,100 גרם,false,,12.60,0.1145,true,1,5374542
8681863065492,false,מלח מתובל מעושן 110,,,מלח מתובל מעושן 110,גרמים,110.00,100 גרם,false,,12.60,0.1145,true,1,5374544
8683130008355,false,הלמנס מיונז עם שום 4,,,הלמנס מיונז עם שום 4,גרמים,400.00,100 גרם,false,,12.80,0.0320,true,1,5322749
8683130008935,false,הלמנס קטשיונז 425 גר,,,הלמנס קטשיונז 425 גר,גרמים,425.00,100 גרם,false,,12.80,0.0301,true,1,5339431
8683130025574,false,בדין אקסטרא לבנדר 96,,,בדין אקסטרא לבנדר 96,מטרים,960.00,100 מ'ל,false,,13.60,0.0142,true,1,5390125
8683130025581,false,בדין אקסטרא ענבר 960,,,בדין אקסטרא ענבר 960,מטרים,960.00,100 מ'ל,false,,13.60,0.0142,true,1,5390126
8683323040100,false,יוגטה מקלות תותי פרו,סאהדת,TR,יוגטה מקלות תותי פרו,גרמים,35.00,100 גרם,false,,1.20,0.0343,true,1,1584988
8683323041107,false,יוגטה מקלות תות שדה,סאהדת,TR,יוגטה מקלות תות שדה,גרמים,35.00,100 גרם,false,,1.20,0.0343,true,1,1584989
8683323063024,false,יוגטה שטיחים תותי פר,,,יוגטה שטיחים תותי פר,גרמים,220.00,100 גרם,false,,5.00,0.0227,true,1,2042112
8686868600037,false,אביזרי שיער,,,אביזרי שיער,יח',1.00,יח',false,,5.00,5.0000,true,1,1598782
8686868600068,false,אביזרי שיער,,,אביזרי שיער,יח',1.00,יח',false,,7.60,7.6000,true,1,1598785
8686868600075,false,אביזרי שיער,,,אביזרי שיער,יח',1.00,יח',false,,8.40,8.4000,true,1,1598786
8686868600099,false,אביזרי שיער,,,אביזרי שיער,יח',1.00,יח',false,,10.10,10.1000,true,1,1598788
8686868600105,false,אביזרי שיער,,,אביזרי שיער,יח',1.00,יח',false,,11.00,11.0000,true,1,1598789
8686868600112,false,אביזרי שיער,,,אביזרי שיער,יח',1.00,יח',false,,11.80,11.8000,true,1,1598790
8686868600129,false,אביזרי שיער,,,אביזרי שיער,יח',1.00,יח',false,,12.70,12.7000,true,1,1598791
8686868600136,false,אביזרי שיער,,,אביזרי שיער,יח',1.00,יח',false,,13.50,13.5000,true,1,1598792
8686868600150,false,אביזרי שיער,,,אביזרי שיער,יח',1.00,יח',false,,15.20,15.2000,true,1,1598794
8686868600174,false,אביזרי שיער,,,אביזרי שיער,יח',1.00,יח',false,,17.00,17.0000,true,1,1598796
8686868600204,false,אביזרי שיער,,,אביזרי שיער,יח',1.00,יח',false,,8.40,8.4000,true,1,1598799
8686868600235,false,אביזרי שיער,,,אביזרי שיער,יח',1.00,יח',false,,11.00,11.0000,true,1,1598802
8686868600259,false,מברשת שיער,,,מברשת שיער,יח',1.00,יח',false,,25.50,25.5000,true,1,5420875
8690504081913,false,טינס מצופה שוקולד חל,,,טינס מצופה שוקולד חל,גרמים,150.00,100 גרם,false,,8.50,0.0567,true,1,3646607
8690504081920,false,טינס מצופה שוקולד מר,,,טינס מצופה שוקולד מר,גרמים,150.00,100 גרם,false,,8.50,0.0567,true,1,3646490
8690572775288,false,גליס סרום מרכך 400 מ,שוורצקוף,,גליס סרום מרכך 400 מ,מיליליטרים,400.00,"100 מ""ל",false,,11.00,0.0275,true,1,1573753
8690572778326,false,דאו פה ספריי 200 צך,,,דאו פה ספריי 200 צך,מיליליטרים,200.00,"100 מ""ל",false,,8.50,0.0425,true,1,2271024
8690572784303,false,"שמפו גליס 400 מ""ל",,,"שמפו גליס 400 מ""ל",מיליליטרים,400.00,"100 מ""ל",false,,11.00,0.0275,true,1,4198184
8690572786222,false,"מרכך גליס 400 מ""ל",,,"מרכך גליס 400 מ""ל",מיליליטרים,400.00,"100 מ""ל",false,,11.00,0.0275,true,1,4198187
8690572799482,false,סאיוס מרכך קרטין 500,,,סאיוס מרכך קרטין 500,מיליליטרים,500.00,"100 מ""ל",false,,10.20,0.0204,true,1,5298380
8690572799512,false,סאיוס מרכך תלתלים 50,,,סאיוס מרכך תלתלים 50,מיליליטרים,500.00,"100 מ""ל",false,,10.20,0.0204,true,1,5298349
8690572799536,false,סאיוס שמפו אולאו 500,,,סאיוס שמפו אולאו 500,מיליליטרים,500.00,"100 מ""ל",false,,10.20,0.0204,true,1,5298384
8690572799543,false,סאיוס שמפו לחיזוק הש,,,סאיוס שמפו לחיזוק הש,מיליליטרים,500.00,"100 מ""ל",false,,10.20,0.0204,true,1,5298385
8690572799550,false,סאיוס שמפו תלתלים 50,,,סאיוס שמפו תלתלים 50,מיליליטרים,500.00,"100 מ""ל",false,,10.20,0.0204,true,1,5298350
8690637073373,false,ליפטון תה ארל גריי 2,ליפטון,,ליפטון תה ארל גריי 2,גרמים,50.00,100 גרם,false,,6.80,0.1360,true,1,1579219
8690637503856,false,הלמנס ממרח לחיץ לייט,,,הלמנס ממרח לחיץ לייט,גרמים,355.00,100 גרם,false,,12.80,0.0361,true,1,5286482
8690637505607,false,בדין אקסטרא בניחוח פ,,,בדין אקסטרא בניחוח פ,מטרים,960.00,100 מ'ל,false,,13.60,0.0142,true,1,5315537
8690637505614,false,בדין אקסטרא בניחוח פ,,,בדין אקסטרא בניחוח פ,מטרים,960.00,100 מ'ל,false,,13.60,0.0142,true,1,5315538
8690637506956,false,דאב שמפו למניעת קשקש,,,דאב שמפו למניעת קשקש,מטרים,600.00,100 מ'ל,false,,13.60,0.0227,true,1,5400231
8690637555084,false,בדין אקסטרא מרוכז תפ,בדין,,בדין אקסטרא מרוכז תפ,מיליליטרים,960.00,"100 מ""ל",false,,13.60,0.0142,true,1,1579230
8690637688195,false,ליפטון תה ירוק קלאסי,ליפטון,,ליפטון תה ירוק קלאסי,גרמים,30.00,100 גרם,false,,14.40,0.4800,true,1,1579248
8690637704277,false,דאב שמפו יום יומי 2,דאב,,דאב שמפו יום יומי 2,מיליליטרים,600.00,"100 מ""ל",false,,14.40,0.0240,true,1,1579252
8690637704291,false,"דאב שמפו משקם 600 מ""",דאב,,"דאב שמפו משקם 600 מ""",מיליליטרים,600.00,"100 מ""ל",false,,14.40,0.0240,true,1,1579253
8690637704376,false,דאב שמפו יום יומי 60,דאב,,דאב שמפו יום יומי 60,מיליליטרים,600.00,"100 מ""ל",false,,14.40,0.0240,true,1,1579254
8690637704390,false,דאב מרכך יום יומי 60,דאב,,דאב מרכך יום יומי 60,מיליליטרים,600.00,"100 מ""ל",false,,14.40,0.0240,true,1,1579255
8690637704413,false,"דאב מרכך משקם 600 מ""",דאב,,"דאב מרכך משקם 600 מ""",מיליליטרים,600.00,"100 מ""ל",false,,14.40,0.0240,true,1,1579256
8690637704437,false,דאב שמפו שמני הזנה 6,דאב,,דאב שמפו שמני הזנה 6,מיליליטרים,600.00,"100 מ""ל",false,,14.40,0.0240,true,1,1579257
8690637704451,false,דאב מרכך שמני הזנה 6,דאב,,דאב מרכך שמני הזנה 6,מיליליטרים,600.00,"100 מ""ל",false,,14.40,0.0240,true,1,1579258
8690637799594,false,ליפטון תה ירוק נענע,ליפטון,,ליפטון תה ירוק נענע,יח',1.00,יח',false,,14.40,14.4000,true,1,1579262
8690637835643,false,ליפטון תה ירוק לימונ,,,ליפטון תה ירוק לימונ,יח',1.00,יח',false,,14.40,14.4000,true,1,2918695
8690637842399,false,מיני מגנום דאבל פירו,,,מיני מגנום דאבל פירו,גרמים,47.00,100 גרם,false,,21.30,0.4532,true,1,3593555
8690637858734,false,סיף ג'ל אקונומיקה לי,,,סיף ג'ל אקונומיקה לי,מיליליטרים,750.00,"100 מ""ל",false,,8.50,0.0113,true,1,4163239
8690637866654,false,ליפטון תה ירוק 50 יח,,,ליפטון תה ירוק 50 יח,יח',1.00,יח',false,,21.30,21.3000,true,1,4325098
8690637866753,false,בדין אקסטרא סגול חדש,,,בדין אקסטרא סגול חדש,מיליליטרים,960.00,"100 מ""ל",false,,13.60,0.0142,true,1,4163241
8690637871047,false,דאב שמפו קוקוס וכורכ,,,דאב שמפו קוקוס וכורכ,מיליליטרים,600.00,"100 מ""ל",false,,14.40,0.0240,true,1,4301727
8690637871061,false,דאב שמפו אבוקדו 600,,,דאב שמפו אבוקדו 600,מיליליטרים,600.00,"100 מ""ל",false,,14.40,0.0240,true,1,4301728
8690637871245,false,הלמנס מיונז אמיתי לח,,,הלמנס מיונז אמיתי לח,גרמים,385.00,100 גרם,false,,12.80,0.0332,true,1,4635816
8690637890666,false,מגנום דאבל פיסטוק מא,,,מגנום דאבל פיסטוק מא,גרמים,282.00,100 גרם,false,,21.30,0.0755,true,1,4609249
8690637916977,false,דאב מרכך שמן קוקוס 6,,,דאב מרכך שמן קוקוס 6,יח',1.00,יח',false,,14.40,14.4000,true,1,4831806
8690637946301,false,בדין אקסטרה בייבי כח,,,בדין אקסטרה בייבי כח,מיליליטרים,960.00,"100 מ""ל",false,,13.60,0.0142,true,1,5239305
8690637946318,false,בדין אקסטרא צהוב ביי,,,בדין אקסטרא צהוב ביי,יח',1.00,יח',false,,13.60,13.6000,true,1,5248820
8690637971310,false,בדין אקסטרה ניחוח יע,,,בדין אקסטרה ניחוח יע,יח',1.00,יח',false,,13.60,13.6000,true,1,5276709
8690637976995,false,בדין אקסטרה ורוד ניח,,,בדין אקסטרה ורוד ניח,יח',1.00,יח',false,,13.60,13.6000,true,1,5276710
8690637989612,false,מגנום מיני דולצ'ה גו,,,מגנום מיני דולצ'ה גו,גרמים,282.00,100 גרם,false,,21.30,0.0755,true,1,5300578
8690637994029,false,בדין אקסטרה כחול ניח,,,בדין אקסטרה כחול ניח,ליטרים,1.44,ליטר,false,,18.70,12.9861,true,1,5293111
8690766156374,false,גודייבה שוקולד מריר,,,גודייבה שוקולד מריר,גרמים,90.00,100 גרם,false,,12.70,0.1411,true,1,5186905
8690766156404,false,גודייבה שוקולד מריר,,,גודייבה שוקולד מריר,גרמים,90.00,100 גרם,false,,13.60,0.1511,true,1,5186908
8690777206051,false,חציל קלוי על האש סרה,וילי פוד,,חציל קלוי על האש סרה,גרמים,650.00,100 גרם,false,,11.00,0.0169,true,1,1583707
8690777221405,false,פלפלים אדומים קלויים,וילי פוד,,פלפלים אדומים קלויים,גרמים,400.00,100 גרם,false,,11.00,0.0275,true,1,1583708
8690784516440,false,דאק ג'ל נוזל לבנדר-ח,,,דאק ג'ל נוזל לבנדר-ח,מיליליטרים,750.00,"100 מ""ל",false,,7.60,0.0101,true,1,3138724
8690784616775,false,דאק סבון מוצק אקווה,,,דאק סבון מוצק אקווה,2 יח',1.00,2 יח',false,,6.80,6.8000,true,1,4445538
8690784711777,false,דאק סבון ניקוי אסלה,,,דאק סבון ניקוי אסלה,יח',1.00,יח',false,,5.90,5.9000,true,1,4809957
8693323099107,false,יוגטה מרשמלו לבבות 1,,,יוגטה מרשמלו לבבות 1,גרמים,150.00,100 גרם,false,,5.80,0.0387,true,1,3226804
8693495037853,false,מברשת שיניים סלים סו,קולגייט,,מברשת שיניים סלים סו,2 יח',1.00,2 יח',false,,17.00,17.0000,true,1,1575066
8693495041461,false,מברשת קולגייט סלים ס,קולגייט,,מברשת קולגייט סלים ס,2 יח',1.00,2 יח',false,,17.00,17.0000,true,1,1575071
8693495051002,false,קולגייט מברשת ילדים,,,קולגייט מברשת ילדים,יח',1.00,יח',false,,8.50,8.5000,true,1,2850271
8693495052177,false,פלמוליב זיתים 750 מל,,,פלמוליב זיתים 750 מל,מיליליטרים,750.00,"100 מ""ל",false,,17.00,0.0227,true,1,3380370
8693495052931,false,קולגייט זוג מברשות 3,,,קולגייט זוג מברשות 3,יח',1.00,יח',false,,25.50,25.5000,true,1,4814616
8693495054034,false,פלמוליב סבון לומינוס,,,פלמוליב סבון לומינוס,מיליליטרים,750.00,"100 מ""ל",false,,17.00,0.0227,true,1,5332023
8693495054058,false,פלמוליב סבון לומינוס,,,פלמוליב סבון לומינוס,מיליליטרים,750.00,"100 מ""ל",false,,17.00,0.0227,true,1,5332024
8694686405857,false,מיטו מזון לחתול 1 קג,,,מיטו מזון לחתול 1 קג,יח',1.00,יח',false,,17.00,17.0000,true,1,5252613
8694686406090,false,בונאסיבו חתול עוף 2,,,בונאסיבו חתול עוף 2,גרמים,2000.00,100 גרם,false,,42.60,0.0213,true,1,5326881
8696486406416,false,מיצ'ו חתולים 3קג,,,מיצ'ו חתולים 3קג,יח',1.00,יח',false,,59.70,59.7000,true,1,5305744
8697418280333,false,שערות קדאיף יבשות 50,,,שערות קדאיף יבשות 50,גרמים,500.00,100 גרם,false,,17.00,0.0340,true,1,5185133
8698782712567,false,מגב חד להב,,,מגב חד להב,יח',1.00,יח',false,,17.00,17.0000,true,1,4976137
8698996006483,false,ממחטות אף דו שכבתיות,,,ממחטות אף דו שכבתיות,יח',1.00,יח',false,,16.20,16.2000,true,1,5297775
8698996006490,false,מגבות נייר 9ב1 רמילו,,,מגבות נייר 9ב1 רמילו,יח',1.00,יח',false,,11.90,11.9000,true,1,5297967
8710428005762,false,סימילאק איזומיל NG,אבוט מעבדות רפואיות,ES,SIMILAC ISOMIL TAF NG 400,גרמים,400.00,100 גרם,false,,34.00,0.0850,true,1,1583495
8710428016355,false,סימילאק פדיאשור שוקו,,,סימילאק פדיאשור שוקו,גרמים,400.00,100 גרם,false,,34.00,0.0850,true,1,5274540
8710428017000,false,סימילאק פדיאשור וניל,,,סימילאק פדיאשור וניל,גרמים,850.00,100 גרם,false,,68.20,0.0802,true,1,5267143
8710447224205,false,טרזמה מרכך משקם 400,,,טרזמה מרכך משקם 400,מיליליטרים,400.00,"100 מ""ל",false,,12.70,0.0317,true,1,4643287
8710447224366,false,טרזמה מרכך קרטין לשי,,,טרזמה מרכך קרטין לשי,מיליליטרים,400.00,"100 מ""ל",false,,12.70,0.0317,true,1,4534213
8710447275306,false,דאב קרם ידיים שמן אב,,,דאב קרם ידיים שמן אב,יח',1.00,יח',false,,7.60,7.6000,true,1,4643335
8710447275313,false,דאב קרם ידיים שמן קו,,,דאב קרם ידיים שמן קו,יח',1.00,יח',false,,7.60,7.6000,true,1,4643336
8710447284117,false,אקס גל רחצה בלאק 400,,,אקס גל רחצה בלאק 400,מיליליטרים,400.00,"100 מ""ל",false,,8.50,0.0213,true,1,3855336
8710447320662,false,דאב ספריי אפרסק 150,,,דאב ספריי אפרסק 150,מיליליטרים,150.00,"100 מ""ל",false,,12.70,0.0847,true,1,5234331
8710502064814,false,עוגיית שוקולד ציפס ב,,,עוגיית שוקולד ציפס ב,גרמים,175.00,100 גרם,false,,8.40,0.0480,true,1,1575076
8710502100864,false,מרבה פטיסרי עוגיות ד,,,מרבה פטיסרי עוגיות ד,גרמים,220.00,100 גרם,false,,7.60,0.0345,true,1,5377637
8710502139017,false,עוגיות טריפל שוקולד,מרבה,,עוגיות טריפל שוקולד,גרמים,180.00,100 גרם,false,,8.40,0.0467,true,1,1575077
8710502194825,false,מרבה עוגיות שוקולדצי,,,מרבה עוגיות שוקולדצי,גרמים,150.00,100 גרם,false,,4.10,0.0273,true,1,1566491
8710502231018,false,עוגיות מרבה מיני שוק,,,עוגיות מרבה מיני שוק,גרמים,175.00,100 גרם,false,,8.40,0.0480,true,1,5298837
8710502260032,false,עוגיות שוקולד צ'יפס,מרבה,,עוגיות שוקולד צ'יפס,גרמים,150.00,100 גרם,false,,4.20,0.0280,true,1,1575082
8710502279003,false,מרבה פטיסרי עוגיות ש,,,מרבה פטיסרי עוגיות ש,גרמים,220.00,100 גרם,false,,7.60,0.0345,true,1,5377638
8710502279010,false,מרבה עוגיות שוקולד צ,,,מרבה עוגיות שוקולד צ,גרמים,175.00,100 גרם,false,,8.40,0.0480,true,1,5286758
8710502285509,false,מרבה עוגיות לימון וש,,,מרבה עוגיות לימון וש,גרמים,175.00,100 גרם,false,,8.40,0.0480,true,1,5324624
8710502405204,false,עוגיות שוקולד צ'יפס,מרבה,,עוגיות שוקולד צ'יפס,גרמים,175.00,100 גרם,false,,8.40,0.0480,true,1,1575084
8710502470028,false,עוגיות נוגטלי מרבה 1,מרבה,,עוגיות נוגטלי מרבה 1,גרמים,160.00,100 גרם,false,,8.40,0.0525,true,1,1575087
8710502470035,false,מרבה פטיסרי עוגיות ב,,,מרבה פטיסרי עוגיות ב,גרמים,220.00,100 גרם,false,,7.60,0.0345,true,1,5377639
8710800961310,false,סוכריות בטעם תות מנט,מנטוס,,סוכריות בטעם תות מנט,גרמים,150.00,100 גרם,false,,9.10,0.0607,true,1,1585039
8710847973970,false,דאב תחליב רחצה 750 מ,,,דאב תחליב רחצה 750 מ,מיליליטרים,750.00,"100 מ""ל",false,,13.60,0.0181,true,1,5281933
8710908326691,false,דאב תחליב רחצה 750 מ,,DE,דאב תחליב רחצה 750 מ,מיליליטרים,750.00,"100 מ""ל",false,,13.60,0.0181,true,1,1566590
8710908404184,false,דאב דאו ספריי אורגינ,,,דאב דאו ספריי אורגינ,מטרים,50.00,100 מ'ל,false,,12.70,0.2540,true,1,5234933
8711000360606,false,לור קפסולות אספרסו ר,,,לור קפסולות אספרסו ר,יח',1.00,יח',false,,14.40,14.4000,true,1,5244773
8711000362570,false,לור קפסולות קפה אספר,,,לור קפסולות קפה אספר,גרמים,52.00,100 גרם,false,,14.40,0.2769,true,1,4304481
8711000362617,false,לור קפסולות קפה אספר,,,לור קפסולות קפה אספר,גרמים,52.00,100 גרם,false,,14.40,0.2769,true,1,4304482
8711000362631,false,לור קפסולות קפה אספר,,,לור קפסולות קפה אספר,גרמים,52.00,100 גרם,false,,14.40,0.2769,true,1,4304483
8711000362655,false,לור קפסולות אספרסו א,,,לור קפסולות אספרסו א,יח',1.00,יח',false,,14.40,14.4000,true,1,5244774
8711000362679,false,לור קפסולות אספרסו ק,,,לור קפסולות אספרסו ק,יח',1.00,יח',false,,14.40,14.4000,true,1,4803120
8711000362747,false,לור קפסולות קפה אספר,,,לור קפסולות קפה אספר,יח',10.00,יח',false,,14.40,1.4400,true,1,4304484
8711000371176,false,ג'ייקובס קפסולות קפה,,,ג'ייקובס קפסולות קפה,גרמים,52.00,100 גרם,false,,12.60,0.2423,true,1,4445533
8711000371183,false,ג'ייקובס קפסולות קפה,,,ג'ייקובס קפסולות קפה,גרמים,52.00,100 גרם,false,,12.60,0.2423,true,1,4445534
8711000371206,false,ג'ייקובס קפסולות קפה,,,ג'ייקובס קפסולות קפה,גרמים,52.00,100 גרם,false,,12.60,0.2423,true,1,4445535
8711000371244,false,ג'ייקובס קפסולות אספ,,,ג'ייקובס קפסולות אספ,יח',1.00,יח',false,,12.60,12.6000,true,1,5167777
8711000397466,false,לור קפסולות אספרסו נ,,,לור קפסולות אספרסו נ,גרמים,52.00,100 גרם,false,,14.40,0.2769,true,1,4505912
8711000471296,false,לור קפסולות אספרסו א,,,לור קפסולות אספרסו א,יח',1.00,יח',false,,14.40,14.4000,true,1,5244775
8711000472040,false,ג'ייקובס קפסולות קפה,,,ג'ייקובס קפסולות קפה,גרמים,52.00,100 גרם,false,,12.60,0.2423,true,1,5313889
8711327475618,false,מגנום פיינט וניל קלא,,,מגנום פיינט וניל קלא,גרמים,325.00,100 גרם,false,,17.00,0.0523,true,1,5286415
8711327475663,false,מגנום פיינט וניל שוק,,,מגנום פיינט וניל שוק,גרמים,325.00,100 גרם,false,,17.00,0.0523,true,1,5286416
8711327475717,false,מגנום פיינט וניל שקד,,,מגנום פיינט וניל שקד,גרמים,325.00,100 גרם,false,,17.00,0.0523,true,1,5286417
8711327475762,false,מגנום פיינט שוקולד ל,,,מגנום פיינט שוקולד ל,גרמים,325.00,100 גרם,false,,17.00,0.0523,true,1,5286418
8712000051099,false,היינקן מארז שישייה 0,,,היינקן מארז שישייה 0,ליטרים,1.98,ליטר,false,,25.80,13.0303,true,1,4751959
8712400718073,false,נוטרילון 400 גרם,,,נוטרילון 400 גרם,גרמים,400.00,100 גרם,false,,40.10,0.1003,true,1,2902298
8712400802499,false,"נוטרילון שלב 1 - תמ""",נוטרילון,NL,נוטרילון 1- 800 גרם,גרמים,800.00,100 גרם,false,,51.20,0.0640,true,1,1584446
8712400802512,false,"נוטרילון שלב 2 - תמ""",נוטרילון,NL,נוטרילון 2- 800 גרם,גרמים,800.00,100 גרם,false,,51.20,0.0640,true,1,1584448
8712400802536,false,"נוטרילון שלב 3 - תמ""",נוטרילון,NL,נוטרילון 3- 800 גרם,גרמים,800.00,100 גרם,false,,51.20,0.0640,true,1,1584450
8712561594608,false,דאב תחליב רחצה 750 מ,דאב,,דאב תחליב רחצה 750 מ,מיליליטרים,750.00,"100 מ""ל",false,,13.60,0.0181,true,1,1579285
8712561626286,false,דאב תחליב רחצה 750 מ,דאב,,דאב תחליב רחצה 750 מ,מיליליטרים,750.00,"100 מ""ל",false,,13.60,0.0181,true,1,1579287
8712561631570,false,דאב תחליב רחצה 750 מ,דאב,,דאב תחליב רחצה 750 מ,מיליליטרים,750.00,"100 מ""ל",false,,13.60,0.0181,true,1,1579288
8712561646024,false,דאב תחליב רחצה 750 מ,,,דאב תחליב רחצה 750 מ,מיליליטרים,750.00,"100 מ""ל",false,,13.60,0.0181,true,1,5354218
8714599104330,false,גייקובס קפה שחור קלו,,,גייקובס קפה שחור קלו,גרמים,85.00,100 גרם,false,,6.80,0.0800,true,1,5129453
8714599412220,false,ג'ייקובס ולווט קפה נ,,,ג'ייקובס ולווט קפה נ,יח',1.00,יח',false,,12.70,12.7000,true,1,5304055
8714599412336,false,גייקובס בריסטה אמריק,,,גייקובס בריסטה אמריק,גרמים,160.00,100 גרם,false,,23.00,0.1438,true,1,5313891
8714599513781,false,קפה נמס מיובש בהקפאה,מונדלייז,DE,ג'יקובס קרנט זהב 200 גרם,גרמים,200.00,100 גרם,false,,21.30,0.1065,true,1,1584451
8714599513835,false,קפה נטול קפאין ג'ייק,מונדלייז,DE,ג'יקובס קרוננג נייט אנד ד,גרמים,200.00,100 גרם,false,,28.10,0.1405,true,1,1584452
8714599513866,false,קפה נמס מיובש בהקפאה,,DE,ג'יקובס קרונונג 200 גרם,גרמים,200.00,100 גרם,false,,21.30,0.1065,true,1,1584453
8714789177229,false,מברשת שיניים אקסטרה,קולגייט,,מברשת שיניים אקסטרה,יח',4.00,יח',false,,8.50,2.1250,true,1,1575092
8714789218465,false,מברשת שיניים 360 סופ,קולגייט,,מברשת שיניים 360 סופ,יח',2.00,יח',false,,21.30,10.6500,true,1,1575097
8714789303925,false,מברשת שיניים 360 סנס,קולגייט,,מברשת שיניים 360 סנס,יח',2.00,יח',false,,21.30,10.6500,true,1,1575101
8714789402918,false,נוזל לניקוי כללי ורצ,אג'קס,,נוזל לניקוי כללי ורצ,ליטרים,1.50,ליטר,false,,17.00,11.3333,true,1,1575102
8714789402932,false,נוזל לניקוי כללי ורצ,אג'קס,,נוזל לניקוי כללי ורצ,ליטרים,1.50,ליטר,false,,17.00,11.3333,true,1,1575103
8714789402970,false,נוזל לניקוי כללי ורצ,אג'קס,,נוזל לניקוי כללי ורצ,ליטרים,1.50,ליטר,false,,17.00,11.3333,true,1,1575104
8714789450315,false,פלמוליב שקוף לימון 1,פלמוליב,,פלמוליב שקוף לימון 1,ליטרים,1.50,ליטר,false,,13.60,9.0667,true,1,1575106
8714789529561,false,משחת שיניים סנסטיב פ,קולגייט,,משחת שיניים סנסטיב פ,מטרים,75.00,100 מ'ל,false,,18.70,0.2493,true,1,1575114
8714789582764,false,"אגקס טריגרם 750 מ""ל",,,"אגקס טריגרם 750 מ""ל",מיליליטרים,750.00,"100 מ""ל",false,,12.70,0.0169,true,1,1575117
8714789740058,false,מברשת שיניים טוויסטר,קולגייט,,מברשת שיניים טוויסטר,יח',2.00,יח',false,,15.30,7.6500,true,1,1575127
8714789797786,false,פלמוליב נוזל לניקוי,פלמוליב,,פלמוליב נוזל לניקוי,מיליליטרים,750.00,"100 מ""ל",false,,10.20,0.0136,true,1,1575131
8714789831275,false,מברשת שיניים 360 אופ,קולגייט,,מברשת שיניים 360 אופ,יח',2.00,יח',false,,21.30,10.6500,true,1,1575137
8714789834467,false,פלמוליב נוזל לניקוי,פלמוליב,,פלמוליב נוזל לניקוי,ליטרים,1.50,ליטר,false,,13.60,9.0667,true,1,1575138
8714789930848,false,משחת שיניים אופטיק ו,קולגייט,,משחת שיניים אופטיק ו,מטרים,75.00,100 מ'ל,false,,12.70,0.1693,true,1,1575143
8715035150300,false,רוטב סויה קיקומן ללא,,,רוטב סויה קיקומן ללא,מיליליטרים,250.00,"100 מ""ל",false,,17.00,0.0680,true,1,4383351
8715035520301,false,רוטב קיקומן פונזו 25,,,רוטב קיקומן פונזו 25,מיליליטרים,250.00,"100 מ""ל",false,,15.30,0.0612,true,1,4738683
8715700110141,false,ממרח היינץ צנצנת 460,,,ממרח היינץ צנצנת 460,גרמים,460.00,100 גרם,false,,8.50,0.0185,true,1,3105217
8715700110158,false,ממרח לייט היינץ 490,,,ממרח לייט היינץ 490,גרמים,490.00,100 גרם,false,,8.50,0.0173,true,1,3105218
8715700115641,false,היינץ ממרח קרמי 420,,,היינץ ממרח קרמי 420,גרמים,420.00,100 גרם,false,,12.70,0.0302,true,1,2715896
8715700117805,false,היינץ מתבל עגבניות ל,,,היינץ מתבל עגבניות ל,גרמים,425.00,100 גרם,false,,8.50,0.0200,true,1,5226895
8715700120874,false,היינץ קטשופ שום 460,,,היינץ קטשופ שום 460,גרמים,460.00,100 גרם,false,,8.50,0.0185,true,1,5318057
8715700419718,false,מתבל עגבניות היינץ 9,ה.י. היינץ,NL,קטשופ היינץ 910 גרם,גרמים,910.00,100 גרם,false,,10.20,0.0112,true,1,1584456
8715700422473,false,ממרח ספריד היינץ 395,,,ממרח ספריד היינץ 395,גרמים,100.00,100 גרם,false,,12.70,0.1270,true,1,2066300
8715700423906,false,היינץ מתבל עגבניות 5,,,היינץ מתבל עגבניות 5,גרמים,555.00,100 גרם,false,,8.50,0.0153,true,1,3464955
8717163628355,false,טרזמה מרכך להחלקה וצ,,,טרזמה מרכך להחלקה וצ,מיליליטרים,400.00,"100 מ""ל",false,,15.30,0.0383,true,1,5250430
8717163647226,false,אקס דאו ספריי *בלאק,,,אקס דאו ספריי *בלאק,מיליליטרים,150.00,"100 מ""ל",false,,8.50,0.0567,true,1,4614180
8717163647240,false,אקס דאו ספריי* שוקול,,,אקס דאו ספריי* שוקול,מיליליטרים,150.00,"100 מ""ל",false,,8.50,0.0567,true,1,4614182
8717163647257,false,אקס דאו ספריי גולד ל,,,אקס דאו ספריי גולד ל,מיליליטרים,150.00,"100 מ""ל",false,,8.50,0.0567,true,1,4614183
8717163647264,false,אקס דאו ספריי *לגבר,,,אקס דאו ספריי *לגבר,מיליליטרים,150.00,"100 מ""ל",false,,8.50,0.0567,true,1,4614202
8717163655764,false,רקסונה דאודורנט ספרי,,,רקסונה דאודורנט ספרי,מיליליטרים,150.00,"100 מ""ל",false,,8.50,0.0567,true,1,5151287
8717163655825,false,רקסונה דאודורנט ספרי,,,רקסונה דאודורנט ספרי,מיליליטרים,150.00,"100 מ""ל",false,,8.50,0.0567,true,1,5151288
8717163714850,false,דאב ספריי קוקוס 150,,,דאב ספריי קוקוס 150,מטרים,150.00,100 מ'ל,false,,12.70,0.0847,true,1,4831810
8717644390566,false,סבון מוצק ירוק דאב ר,דאב,,סבון מוצק ירוק דאב ר,גרמים,400.00,100 גרם,false,,12.70,0.0317,true,1,1579303
8717677336593,false,שוקולד טוניס שוקולונ,,,שוקולד טוניס שוקולונ,גרמים,180.00,100 גרם,false,,15.30,0.0850,true,1,5341738
8717677336616,false,שוקולד טוניס שוקולונ,,,שוקולד טוניס שוקולונ,גרמים,180.00,100 גרם,false,,15.30,0.0850,true,1,5341739
8717677336630,false,שוקולד טוניס שוקולונ,,,שוקולד טוניס שוקולונ,גרמים,180.00,100 גרם,false,,15.30,0.0850,true,1,5341758
8717677336654,false,טוניס שוקולד חלב+שבר,,,טוניס שוקולד חלב+שבר,גרמים,180.00,100 גרם,false,,15.30,0.0850,true,1,5398900
8717677338436,false,שוקולד טוניס שוקולונ,,,שוקולד טוניס שוקולונ,גרמים,180.00,100 גרם,false,,15.30,0.0850,true,1,5341741
8718114734484,false,מיונז מיילי 320 גרם,,,מיונז מיילי 320 גרם,גרמים,320.00,100 גרם,false,,11.00,0.0344,true,1,3694330
8718117607662,false,נוטרילון 900 גרם,,,נוטרילון 900 גרם,גרמים,900.00,100 גרם,false,,81.10,0.0901,true,1,5129408
8718692610828,false,מארז שלישייה בק סודה,סודה סטרים,,מארז שלישייה בק סודה,3 יח',1.00,3 יח',false,,41.90,41.9000,true,1,1583311
8718951001596,false,אג'קס ספריי אמבטיה 6,,,אג'קס ספריי אמבטיה 6,מיליליטרים,600.00,"100 מ""ל",false,,10.20,0.0170,true,1,1575150
8718951001602,false,אג'קס ספריי כללי 600,,,אג'קס ספריי כללי 600,מיליליטרים,600.00,"100 מ""ל",false,,10.20,0.0170,true,1,1575151
8718951030206,false,קולגייט סנסיטיב מולט,,,קולגייט סנסיטיב מולט,יח',1.00,יח',false,,15.30,15.3000,true,1,5239180
8718951044913,false,מרידול משחת שיניים 7,,,מרידול משחת שיניים 7,מטרים,75.00,100 מ'ל,false,,18.70,0.2493,true,1,1575154
8718951048669,false,אג'קס ספרי ניקויי חל,,,אג'קס ספרי ניקויי חל,מטרים,750.00,100 מ'ל,false,,12.70,0.0169,true,1,5346215
8718951079205,false,קולגייט סנסיטיב פרו,,,קולגייט סנסיטיב פרו,מטרים,75.00,100 מ'ל,false,,15.30,0.2040,true,1,2475382
8718951144064,false,מרידול מברשת שיניים,,,מרידול מברשת שיניים,100 יח',1.00,100 יח',false,,29.80,29.8000,true,1,2183440
8718951159808,false,קולגייט מברשת 360 של,,,קולגייט מברשת 360 של,יח',3.00,יח',false,,21.30,7.1000,true,1,2827946
8718951160897,false,אגקס ספריי עוצמה 7 א,,,אגקס ספריי עוצמה 7 א,מיליליטרים,500.00,"100 מ""ל",false,,8.50,0.0170,true,1,2692462
8718951166288,false,קולגייט משחת מקס ויי,,,קולגייט משחת מקס ויי,מיליליטרים,125.00,"100 מ""ל",false,,15.30,0.1224,true,1,4362654
8718951166561,false,קולגייט משחת מקס פרש,,,קולגייט משחת מקס פרש,מיליליטרים,125.00,"100 מ""ל",false,,15.30,0.1224,true,1,4362655
8718951167094,false,פלמוליב צילינדר תפוז,,,פלמוליב צילינדר תפוז,ליטרים,1.00,ליטר,false,,11.80,11.8000,true,1,3279763
8718951175600,false,קולגייט טוטאל משחת ש,,,קולגייט טוטאל משחת ש,מיליליטרים,75.00,"מ""ל",false,,11.00,0.1467,true,1,4783992
8718951222779,false,"מרידול פור 75 מ""ל",,,"מרידול פור 75 מ""ל",יח',1.00,יח',false,,17.00,17.0000,true,1,5129710
8718951236790,false,קולגייט טוטאל משחת ש,,,קולגייט טוטאל משחת ש,מטרים,100.00,100 מ'ל,false,,14.40,0.1440,true,1,4520495
8718951236806,false,קולגייט טוטאל הלבנה,,,קולגייט טוטאל הלבנה,מטרים,100.00,100 מ'ל,false,,14.40,0.1440,true,1,4520496
8718951236813,false,קולגייט טוטאל משחת ש,,,קולגייט טוטאל משחת ש,יח',1.00,יח',false,,14.40,14.4000,true,1,4520497
8718951240742,false,קולגייט טוטאל משחת ש,,,קולגייט טוטאל משחת ש,מטרים,100.00,100 מ'ל,false,,14.40,0.1440,true,1,4520498
8718951247871,false,אג'קס טריגר שירותים,,,אג'קס טריגר שירותים,מיליליטרים,500.00,"100 מ""ל",false,,8.50,0.0170,true,1,5230869
8718951259409,false,פלמוליב נטורלס תחליב,,,פלמוליב נטורלס תחליב,מטרים,750.00,100 מ'ל,false,,14.40,0.0192,true,1,5424309
8718951264618,false,קולגייט אופטיק וייט,,,קולגייט אופטיק וייט,יח',1.00,יח',false,,25.50,25.5000,true,1,5239181
8718951286733,false,קולגייט אופטיק וייט,,,קולגייט אופטיק וייט,מטרים,75.00,100 מ'ל,false,,25.50,0.3400,true,1,5324625
8718951289833,false,פלמוליב סבון מוצק לו,,,פלמוליב סבון מוצק לו,גרמים,400.00,100 גרם,false,,14.40,0.0360,true,1,5186844
8718951319806,false,פלמוליב לגבר ג'ל רחצ,,,פלמוליב לגבר ג'ל רחצ,מיליליטרים,750.00,"100 מ""ל",false,,17.00,0.0227,true,1,5230871
8718951320093,false,מברשת קולגייט 360 אד,,,מברשת קולגייט 360 אד,יח',1.00,יח',false,,21.30,21.3000,true,1,5250923
8718951334090,false,סופלין מרכך כביסה מר,,,סופלין מרכך כביסה מר,מיליליטרים,650.00,"100 מ""ל",false,,9.30,0.0143,true,1,5239183
8718951334120,false,סופלין מרכך כביסה מר,,,סופלין מרכך כביסה מר,מיליליטרים,650.00,"100 מ""ל",false,,9.30,0.0143,true,1,5239184
8718951334151,false,סופלין מרכך כביסה מר,,,סופלין מרכך כביסה מר,מטרים,650.00,100 מ'ל,false,,8.50,0.0131,true,1,5377640
8718951338395,false,אג'קס טריגר פיור הום,,,אג'קס טריגר פיור הום,מיליליטרים,500.00,"100 מ""ל",false,,8.50,0.0170,true,1,5277448
8718951345119,false,אגקס ניקוי כללי עוצמ,,,אגקס ניקוי כללי עוצמ,ליטרים,1.00,ליטר,false,,19.60,19.6000,true,1,5286761
8718951350137,false,פלמוליב נטורלס תחליב,,,פלמוליב נטורלס תחליב,מטרים,750.00,100 מ'ל,false,,14.40,0.0192,true,1,5424310
8718951354807,false,אג'קס חגיגת הפרחים י,,,אג'קס חגיגת הפרחים י,ליטרים,1.50,ליטר,false,,17.00,11.3333,true,1,5275845
8718951366015,false,קולגייט אופטיק וויט,,,קולגייט אופטיק וויט,מטרים,75.00,100 מ'ל,false,,42.60,0.5680,true,1,5417954
8718951370135,false,פלמוליב ארומה סנסייש,,,פלמוליב ארומה סנסייש,מיליליטרים,750.00,"100 מ""ל",false,,17.00,0.0227,true,1,5261602
8718951377998,false,קולגייט מברשת סופטנס,,,קולגייט מברשת סופטנס,יח',1.00,יח',false,,25.60,25.6000,true,1,5282610
8718951381292,false,קולגייט משחת מקס דיט,,,קולגייט משחת מקס דיט,מיליליטרים,125.00,"100 מ""ל",false,,15.30,0.1224,true,1,5286762
8718951382640,false,פלמוליב ג'ל רחצה חימ,,,פלמוליב ג'ל רחצה חימ,מיליליטרים,750.00,"100 מ""ל",false,,17.00,0.0227,true,1,5265046
8718951382664,false,פלמוליב ג'ל רחצה חימ,,,פלמוליב ג'ל רחצה חימ,מיליליטרים,750.00,"100 מ""ל",false,,17.00,0.0227,true,1,5265047
8718951382718,false,פלמוליב ג'ל רחצה חימ,,,פלמוליב ג'ל רחצה חימ,מיליליטרים,750.00,"100 מ""ל",false,,17.00,0.0227,true,1,5265048
8718951385290,false,נוזל לניקוי כללי ורצ,,,נוזל לניקוי כללי ורצ,ליטרים,2.00,ליטר,false,,17.00,8.5000,true,1,5292876
8718951391253,false,אג'קס אנטי בקטריאלי,,,אג'קס אנטי בקטריאלי,ליטרים,1.50,ליטר,false,,17.00,11.3333,true,1,5298838
8718951391284,false,אג'קס אנטי בקטריאלי,,,אג'קס אנטי בקטריאלי,ליטרים,1.50,ליטר,false,,17.00,11.3333,true,1,5298839
8718951391314,false,אג'קס טריגר אנטי בקט,,,אג'קס טריגר אנטי בקט,מיליליטרים,500.00,"100 מ""ל",false,,8.50,0.0170,true,1,5300072
8718951400474,false,פלמוליב נטורלס תחליב,,,פלמוליב נטורלס תחליב,מטרים,750.00,100 מ'ל,false,,17.00,0.0227,true,1,5389918
8718951400597,false,פלמוליב תחליב רחצה 7,,,פלמוליב תחליב רחצה 7,מטרים,750.00,100 מ'ל,false,,17.00,0.0227,true,1,5388724
8718951409798,false,קולגייט מברשת מקס וו,,,קולגייט מברשת מקס וו,גרמים,2.00,100 גרם,false,,21.30,10.6500,true,1,5310358
8718951412378,false,מרידול משחת שיניים נ,,,מרידול משחת שיניים נ,מטרים,75.00,100 מ'ל,false,,17.00,0.2267,true,1,5388702
8718951415836,false,קולגייט מי פה פלאקס,,,קולגייט מי פה פלאקס,מיליליטרים,500.00,"100 מ""ל",false,,21.20,0.0424,true,1,5314872
8718951423558,false,פלמוליב סבון רחצה גו,,,פלמוליב סבון רחצה גו,מטרים,750.00,100 מ'ל,false,,17.00,0.0227,true,1,5341257
8718951423572,false,פלמוליב סבון רחצה גו,,,פלמוליב סבון רחצה גו,מטרים,750.00,100 מ'ל,false,,17.00,0.0227,true,1,5341258
8718951428492,false,פלמוליב סבון רחצה לג,,,פלמוליב סבון רחצה לג,מטרים,750.00,100 מ'ל,false,,17.00,0.0227,true,1,5346216
8718951428522,false,פלמוליב סבון רחצה לג,,,פלמוליב סבון רחצה לג,מטרים,750.00,100 מ'ל,false,,17.00,0.0227,true,1,5331270
8718951431614,false,פלמוליב סבון רחצה סו,,,פלמוליב סבון רחצה סו,מטרים,750.00,100 מ'ל,false,,17.00,0.0227,true,1,5324626
8718951433120,false,קולגייט טוטאל משחת ש,,,קולגייט טוטאל משחת ש,מטרים,50.00,100 מ'ל,false,,13.60,0.2720,true,1,5397483
8718951441378,false,קולגייט הלבנה עם פחם,,,קולגייט הלבנה עם פחם,מטרים,75.00,100 מ'ל,false,,14.40,0.1920,true,1,5424285
8718951461413,false,קולגייט טוטל קלין מי,,,קולגייט טוטל קלין מי,מטרים,100.00,100 מ'ל,false,,25.60,0.2560,true,1,5354309
8718951470323,false,קולגייט מברשת סופט פ,,,קולגייט מברשת סופט פ,מטרים,2.00,100 מ'ל,false,,25.50,12.7500,true,1,5388703
8718951509627,false,קולגייט אופטיק וויט,,,קולגייט אופטיק וויט,יח',1.00,יח',false,,25.60,25.6000,true,1,5366944
8719128110325,false,סירופ לימונדה 500 מל,,,סירופ לימונדה 500 מל,מיליליטרים,500.00,"100 מ""ל",false,,19.60,0.0392,true,1,3305169
8719128110332,false,סירופ אנרגיה 500 מל,,,סירופ אנרגיה 500 מל,מיליליטרים,500.00,"100 מ""ל",false,,19.60,0.0392,true,1,3305170
8719128110363,false,סירופ אשכולית אדומה,,,סירופ אשכולית אדומה,מיליליטרים,500.00,"100 מ""ל",false,,19.60,0.0392,true,1,3305173
8719128110387,false,סירופ דיאט אשכולית א,,,סירופ דיאט אשכולית א,מיליליטרים,500.00,"100 מ""ל",false,,19.60,0.0392,true,1,3305175
8719128112633,false,זוג בקבוקי חצי ליטר-,,,זוג בקבוקי חצי ליטר-,יח',1.00,יח',false,,34.10,34.1000,true,1,3375406
8719128117232,false,סירופ פפסי,,,סירופ פפסי,מיליליטרים,440.00,"100 מ""ל",false,,19.60,0.0445,true,1,5303603
8719128117249,false,סירופ פפסי מקס,,,סירופ פפסי מקס,מיליליטרים,440.00,"100 מ""ל",false,,19.60,0.0445,true,1,5303604
8719128117256,false,סירופ סבן אפ,,,סירופ סבן אפ,מיליליטרים,440.00,"100 מ""ל",false,,19.60,0.0445,true,1,5303605
8719128117263,false,סירופ מירנדה,,,סירופ מירנדה,מיליליטרים,440.00,"100 מ""ל",false,,19.60,0.0445,true,1,5303606
8719128118734,false,מילוי מיכל גז עד 60,,,מילוי מיכל גז עד 60,יחידה,0.00,יחידה,false,,51.20,0.0000,true,1,5378238
8719200997998,false,מרגרינה בלובנד עם מל,,,מרגרינה בלובנד עם מל,גרמים,200.00,100 גרם,false,,3.80,0.0190,true,1,5227713
8719200998001,false,מרגרינה ללא תוספת מל,,,מרגרינה ללא תוספת מל,גרמים,200.00,100 גרם,false,,3.70,0.0185,true,1,5232696
8719200998018,false,מרגרינה מחמאה 200 גר,,,מרגרינה מחמאה 200 גר,גרמים,200.00,100 גרם,false,,3.70,0.0185,true,1,5227714
8719200998049,false,מרגרינה מזולה גלורי,,,מרגרינה מזולה גלורי,גרמים,250.00,100 גרם,false,,7.70,0.0308,true,1,5229118
8719200998094,false,מרגרינה מזולה לאפיה,,,מרגרינה מזולה לאפיה,גרמים,200.00,100 גרם,false,,5.60,0.0280,true,1,5230787
8719200998100,false,מרגרינה מזולה לאפיה,,,מרגרינה מזולה לאפיה,גרמים,200.00,100 גרם,false,,5.60,0.0280,true,1,5225428
8720181046605,false,דאב ספריי אוריגינל ל,,,דאב ספריי אוריגינל ל,מיליליטרים,150.00,"100 מ""ל",false,,12.70,0.0847,true,1,5281471
8720181046612,false,דאב רולאון נשים אורג,,,דאב רולאון נשים אורג,מטרים,50.00,100 מ'ל,false,,12.70,0.2540,true,1,5307862
8720181090202,false,דאב תחליב רחצה שמן ז,,,דאב תחליב רחצה שמן ז,מיליליטרים,750.00,"100 מ""ל",false,,13.60,0.0181,true,1,5300554
8720181090219,false,דאב תחליב רימונים  7,,,דאב תחליב רימונים  7,מיליליטרים,750.00,"100 מ""ל",false,,13.60,0.0181,true,1,5307889
8720181123955,false,אקס גל רחצה ריצ'ארג',,,אקס גל רחצה ריצ'ארג',מיליליטרים,400.00,"100 מ""ל",false,,8.50,0.0213,true,1,5339432
8720181201332,false,דאב סבון מוצק גרגירי,,,דאב סבון מוצק גרגירי,גרמים,360.00,100 גרם,false,,12.70,0.0353,true,1,5418661
8720181204111,false,אקס ג'ל רחצה פרש 400,,,אקס ג'ל רחצה פרש 400,מיליליטרים,400.00,"100 מ""ל",false,,8.50,0.0213,true,1,5383253
8720182253156,false,סבון דאב ירוק מוצק,,,סבון דאב ירוק מוצק,גרמים,360.00,100 גרם,false,,12.70,0.0353,true,1,5418662
8720182256850,false,דאב סבון מוצק דאב ל,,,דאב סבון מוצק דאב ל,גרמים,360.00,100 גרם,false,,12.70,0.0353,true,1,5414258
8723400756552,false,מנטוס ריינבואו 1/4,מנטוס,,מנטוס ריינבואו 1/4,גרמים,150.00,100 גרם,false,,9.10,0.0607,true,1,1585040
8801055707966,false,טסטר צ'ויס בריסטה 18,,,טסטר צ'ויס בריסטה 18,גרמים,180.00,100 גרם,false,,25.60,0.1422,true,1,1578072
8801055709427,false,נס קפה טייסטר צויס א,,,נס קפה טייסטר צויס א,גרמים,100.00,100 גרם,false,,17.00,0.1700,true,1,5320381
8801055709434,false,נס קפה טייסטר צויס ק,,,נס קפה טייסטר צויס ק,גרמים,100.00,100 גרם,false,,17.00,0.1700,true,1,5320382
8801055709458,false,נסקפה קפוצינו קרמל 1,,,נסקפה קפוצינו קרמל 1,גרמים,170.00,100 גרם,false,,15.30,0.0900,true,1,5350204
8801055709465,false,נסקפה קפוצינו וניל 1,,,נסקפה קפוצינו וניל 1,גרמים,185.00,100 גרם,false,,15.30,0.0827,true,1,5350205
8801055709472,false,נסקפה קפוצ'ינו קלאסי,,,נסקפה קפוצ'ינו קלאסי,גרמים,125.00,100 גרם,false,,16.00,0.1280,true,1,5350206
8801055709489,false,נסקפה קפוצינו אגוזים,,,נסקפה קפוצינו אגוזים,גרמים,180.00,100 גרם,false,,15.30,0.0850,true,1,5350207
8801055709526,false,נסקפה קפוצ'ינו שוקול,,,נסקפה קפוצ'ינו שוקול,גרמים,180.00,100 גרם,false,,15.30,0.0850,true,1,5371094
8809168840471,false,חטיף אצות מיובשות 9י,,,חטיף אצות מיובשות 9י,יח',1.00,יח',false,,19.60,19.6000,true,1,5294040
8809168840488,false,חטיף אצות מיובשות 3י,,,חטיף אצות מיובשות 3י,יח',1.00,יח',false,,10.20,10.2000,true,1,5273056
8823854255769,false,טוסטר גריל 6 פרוסות,,,טוסטר גריל 6 פרוסות,יחידה,0.00,יחידה,false,,170.90,0.0000,true,1,5377314
8826727434001,false,BT-3400 מסחטת מיצים,,,BT-3400 מסחטת מיצים,יח',1.00,יח',false,,51.20,51.2000,true,1,5300159
8850006932964,false,מארז מברשת קולגייט ט,,,מארז מברשת קולגייט ט,יח',1.00,יח',false,,18.70,18.7000,true,1,5297327
8850161166204,false,אמפאווה קרם קוקוס 50,,,אמפאווה קרם קוקוס 50,גרמים,500.00,100 גרם,false,,9.20,0.0184,true,1,5421706
8850161167089,false,קוקו וואי משקה קוקוס,,,קוקו וואי משקה קוקוס,מטרים,1000.00,100 מ'ל,false,,15.30,0.0153,true,1,5155751
8850180040028,false,טמפורה 500גרם (GOGI),,,טמפורה 500גרם (GOGI),גרמים,500.00,100 גרם,false,,9.10,0.0182,true,1,1589403
8850206280049,false,רוטב צ'ילי חריף 250,,,רוטב צ'ילי חריף 250,גרמים,250.00,100 גרם,false,,14.30,0.0572,true,1,5329396
8850367990443,false,רוטב לסלט בסגנון אסי,,,רוטב לסלט בסגנון אסי,מיליליטרים,285.00,"100 מ""ל",false,,8.50,0.0298,true,1,1589414
8850367992140,false,משקה קוקוס בקרטונית,,,משקה קוקוס בקרטונית,מיליליטרים,330.00,"100 מ""ל",false,,6.80,0.0206,true,1,2490859
8850367992164,false,קרם קוקוס 250 מל -מז,מזרח ומערב,,קרם קוקוס 250 מל -מז,מיליליטרים,250.00,"100 מ""ל",false,,6.80,0.0272,true,1,1589416
8850367992171,false,קרם קוקוס 1000מל,,,קרם קוקוס 1000מל,ליטרים,1.00,ליטר,false,,16.20,16.2000,true,1,1589417
8850367992898,false,רוטב לסלט עם למון גר,,,רוטב לסלט עם למון גר,מיליליטרים,285.00,"100 מ""ל",false,,9.30,0.0326,true,1,1832252
8850367992997,false,"נוזל קוקוס 250 מ""ל 1",,,"נוזל קוקוס 250 מ""ל 1",מיליליטרים,250.00,"100 מ""ל",false,,5.70,0.0228,true,1,2490861
8850367994779,false,מחית קארי ירוקה 50 ג,,,מחית קארי ירוקה 50 ג,גרמים,50.00,100 גרם,false,,4.20,0.0840,true,1,5307664
8850389105825,false,סאפה אלוורה ענבים 1ל,,TH,סאפה אלוורה ענבים 1ל,ליטרים,1.00,ליטר,false,,10.20,10.2000,true,1,1574279
8850389105832,false,סאפה אלוורה תפוחים 1,,,סאפה אלוורה תפוחים 1,ליטרים,1.00,ליטר,false,,10.20,10.2000,true,1,1574280
8850389105849,false,סאפה אלוורה אפרסק 1ל,,TH,סאפה אלוורה אפרסק 1ל,ליטרים,1.00,ליטר,false,,10.20,10.2000,true,1,1574281
8850389115336,false,סאפה אלוורה מלון 1ל',,,סאפה אלוורה מלון 1ל',ליטרים,1.00,ליטר,false,,10.20,10.2000,true,1,3512972
8850632604259,false,חמצוצים מקלות בטעם ת,יוגוטה,,חמצוצים מקלות בטעם ת,גרמים,50.00,100 גרם,false,,3.00,0.0600,true,1,1585046
8850632604266,false,חמצוצים מקלות בטעם ק,יוגוטה,,חמצוצים מקלות בטעם ק,גרמים,50.00,100 גרם,false,,3.00,0.0600,true,1,1585047
8850632604372,false,חמצוצים שטיח בטעם תו,יוגוטה,,חמצוצים שטיח בטעם תו,גרמים,50.00,100 גרם,false,,3.00,0.0600,true,1,1585048
8850632604402,false,חמצוצים שטיח בטעם מע,יוגוטה,,חמצוצים שטיח בטעם מע,גרמים,50.00,100 גרם,false,,3.00,0.0600,true,1,1585049
8851613101378,false,"חלב קוקוס 250 מ""ל",,,"חלב קוקוס 250 מ""ל",מיליליטרים,250.00,"100 מ""ל",false,,8.40,0.0336,true,1,1571755
8851613101385,false,נוזל אגוזי קוקוס 500,תאי וורלד,TH,"חלב קוקוס 500 מ""ל",מיליליטרים,500.00,"100 מ""ל",false,,11.00,0.0220,true,1,1571756
8851613101392,false,חלב קוקוס 100% 1 ל,רנדי,,חלב קוקוס 100% 1 ל,קילו,100.00,קילו,false,,21.50,0.2150,true,1,3703439
8852633020403,false,פניני טפיוקה 500 גרם,,,פניני טפיוקה 500 גרם,גרמים,500.00,100 גרם,false,,10.00,0.0200,true,1,1589429
8857101301008,false,רוטב צ'ילי מתוק 700,וילי פוד,,רוטב צ'ילי מתוק 700,מיליליטרים,700.00,"100 מ""ל",false,,8.10,0.0116,true,1,1583715
8858271002887,false,רוטב טריאקי 250 מ'ל,מזרח ומערב,,רוטב טריאקי 250 מ'ל,גרמים,250.00,100 גרם,false,,8.50,0.0340,true,1,1589434
8858271003020,false,רוטב סויה פורמולה 1,מזרח ומערב,,רוטב סויה פורמולה 1,גרמים,700.00,100 גרם,false,,12.60,0.0180,true,1,1589435
8858271003068,false,רוטב סויה מתוקה 250,מזרח ומערב,,רוטב סויה מתוקה 250,גרמים,250.00,100 גרם,false,,9.30,0.0372,true,1,1589437
8858271003075,false,רוטב סויה מתוקה 700,מזרח ומערב,,רוטב סויה מתוקה 700,גרמים,700.00,100 גרם,false,,14.40,0.0206,true,1,1589438
8858271003136,false,רוטב פטריות צמחוני 2,מזרח ומערב,,רוטב פטריות צמחוני 2,גרמים,250.00,100 גרם,false,,8.50,0.0340,true,1,1589440
8858271003921,false,רוטב קארי אדום 250 מ,מזרח ומערב,,רוטב קארי אדום 250 מ,גרמים,250.00,100 גרם,false,,8.50,0.0340,true,1,1589442
8858271003938,false,רוטב קארי ירוק 250 מ,מזרח ומערב,,רוטב קארי ירוק 250 מ,גרמים,250.00,100 גרם,false,,8.50,0.0340,true,1,1589443
8858271003945,false,רוטב קארי צהוב 250 מ,,,רוטב קארי צהוב 250 מ,מיליליטרים,250.00,"100 מ""ל",false,,9.30,0.0372,true,1,5284459
8858271004034,false,רוטב צ'ילי חריף 700,מזרח ומערב,,רוטב צ'ילי חריף 700,גרמים,700.00,100 גרם,false,,13.20,0.0189,true,1,1589444
8858271004126,false,רוטב חמוץ מתוק 700 מ,מזרח ומערב,,רוטב חמוץ מתוק 700 מ,גרמים,700.00,100 גרם,false,,12.60,0.0180,true,1,1589445
8858271004300,false,רוטב טריאקי 700 מ'ל,,,רוטב טריאקי 700 מ'ל,גרמים,227.00,100 גרם,false,,17.00,0.0749,true,1,1589446
8858271004423,false,"רוטב טום ים 250 מ""ל",,,"רוטב טום ים 250 מ""ל",מיליליטרים,250.00,"100 מ""ל",false,,9.30,0.0372,true,1,1589450
8858271004799,false,רוטב צ'ילי מתוק 700,מזרח ומערב,,רוטב צ'ילי מתוק 700,מיליליטרים,700.00,"100 מ""ל",false,,10.70,0.0153,true,1,1589454
8858271005451,false,רוטב סויה פורמולה 1,,,רוטב סויה פורמולה 1,מיליליטרים,250.00,"100 מ""ל",false,,8.50,0.0340,true,1,1589455
8858271005772,false,רוטב סויה ללא גלוטן,,,רוטב סויה ללא גלוטן,מיליליטרים,300.00,"100 מ""ל",false,,13.60,0.0453,true,1,2045744
8874328380234,false,קומקום זכוכית שחור/ל,,,קומקום זכוכית שחור/ל,יח',1.00,יח',false,,85.40,85.4000,true,1,5393781
8874328380241,false,קומקום זכוכית BT-802,,,קומקום זכוכית BT-802,יח',1.00,יח',false,,102.50,102.5000,true,1,5393782
8874328380418,false,קומקום 8041 שחור/כחו,,,קומקום 8041 שחור/כחו,יח',1.00,יח',false,,68.30,68.3000,true,1,5393802
8874328380425,false,קומקום 8041 אדום/אפ,,,קומקום 8041 אדום/אפ,יח',1.00,יח',false,,68.30,68.3000,true,1,5393803
8888021200256,false,סוללות ENERGIZER 1X8,אנרג'ייזר,US,סוללות ENERGIZER 1X8 AA M,יחידה,0.00,יחידה,false,,21.30,0.0000,true,1,1600810
8888021200720,false,סוללות ENERGIZER 1X8,אנרג'ייזר,US,סוללות ENERGIZER 1X8 *AAA,יחידה,0.00,יחידה,false,,21.30,0.0000,true,1,1600811
8888111030053,false,מיץ אננס רביעייה 4*2,,,מיץ אננס רביעייה 4*2,מיליליטרים,960.00,"100 מ""ל",false,,12.90,0.0134,true,1,4677998
8888111555013,false,"מיץ אננס 100% 240 מ""",,,"מיץ אננס 100% 240 מ""",מיליליטרים,240.00,"100 מ""ל",false,,2.50,0.0104,true,1,1602687
8888757101506,false,"שמן שומשום 150 מ""ל",,,"שמן שומשום 150 מ""ל",מיליליטרים,150.00,"100 מ""ל",false,,9.40,0.0627,true,1,1571764
8888757103005,false,"שמן שומשום 300 מ""ל",,,"שמן שומשום 300 מ""ל",מיליליטרים,300.00,"100 מ""ל",false,,15.60,0.0520,true,1,1571765
8901537024014,false,אורז בסמטי וילי פוד,דאווט,,אורז בסמטי וילי פוד,גרמים,1000.00,100 גרם,false,,10.20,0.0102,true,1,1583716
8901537076679,false,אורז בסמטי חום מלא 1,,,אורז בסמטי חום מלא 1,גרמים,1000.00,100 גרם,false,,10.20,0.0102,true,1,3688412
8905964548433,false,מארז 3 צנצנות תבליני,,,מארז 3 צנצנות תבליני,יח',1.00,יח',false,,8.50,8.5000,true,1,5312325
8934878081866,false,דפי אורז מרובעים 440,,,דפי אורז מרובעים 440,גרמים,400.00,100 גרם,false,,9.30,0.0233,true,1,5253986
8938535541366,false,דפי אורז צבעוניים לל,,,דפי אורז צבעוניים לל,יח',1.00,יח',false,,12.70,12.7000,true,1,5299830
8957123840223,false,פלטה קרמית כפולה BT-,,,פלטה קרמית כפולה BT-,יח',1.00,יח',false,,170.80,170.8000,true,1,5373724
8997206332016,false,סוכר קוקוס אורגני 45,,,סוכר קוקוס אורגני 45,גרמים,454.00,100 גרם,false,,16.70,0.0368,true,1,3190371
9000100806657,false,דאו פה ספורט רולאון,,,דאו פה ספורט רולאון,100 מל,50.00,100 מל,false,,8.50,0.1700,true,1,1573769
9000101329322,false,ברף בניחוח מתחלף תפו,,,ברף בניחוח מתחלף תפו,גרמים,50.00,100 גרם,false,,8.50,0.1700,true,1,5331060
9000101329742,false,ברף פרימיום בניחוח א,,,ברף פרימיום בניחוח א,יח',1.00,יח',false,,8.50,8.5000,true,1,5316592
9000101372878,false,פרסיל דיסקס לכביסה ל,,,פרסיל דיסקס לכביסה ל,יח',1.00,יח',false,,29.80,29.8000,true,1,5309901
9000101380255,false,פרסיל דיסקס ניקיון ה,,,פרסיל דיסקס ניקיון ה,יח',22.00,יח',false,,29.80,1.3545,true,1,5324488
9000101418163,false,ברף בניחוח מתחלף תפו,,,ברף בניחוח מתחלף תפו,גרמים,150.00,100 גרם,false,,17.00,0.1133,true,1,5354236
9000101504484,false,קולור קאצ'ר 10 שקיות,,,קולור קאצ'ר 10 שקיות,יח',1.00,יח',false,,12.70,12.7000,true,1,5308743
9000101511635,false,פרסיל דיסקס סנסיטיב,,,פרסיל דיסקס סנסיטיב,יח',1.00,יח',false,,29.80,29.8000,true,1,5348010
9000101512526,false,פרסיל קאפס לכביסה לב,,,פרסיל קאפס לכביסה לב,יח',1.00,יח',false,,29.80,29.8000,true,1,5326973
9000101520965,false,ברף בניחוח מתחלף לוט,,,ברף בניחוח מתחלף לוט,גרמים,150.00,100 גרם,false,,17.00,0.1133,true,1,5354237
9000101521436,false,ברף פרימיום בניחוח ל,,,ברף פרימיום בניחוח ל,יח',1.00,יח',false,,8.50,8.5000,true,1,5316595
9000101536560,false,פרסיל פאוור קפסולות,,,פרסיל פאוור קפסולות,יחידה,0.00,יחידה,false,,59.70,0.0000,true,1,5383772
9000101537550,false,פרסיל פאוור קאפס 52,,,פרסיל פאוור קאפס 52,יח',1.00,יח',false,,51.20,51.2000,true,1,5354238
9000101537581,false,פרסיל פאוור קאפס 52,,,פרסיל פאוור קאפס 52,יח',1.00,יח',false,,51.20,51.2000,true,1,5354239
9000101548419,false,סוד מחדש צבע לבן לכב,,,סוד מחדש צבע לבן לכב,יח',1.00,יח',false,,19.60,19.6000,true,1,5363364
9000133236735,false,כדורי גבינה מותכת 29,תנובה,,כדורי גבינה מותכת 29,גרמים,100.00,100 גרם,false,,19.60,0.1960,true,1,1594269
9001616202100,false,מוצץ לתינוק ללא ביספ,מאם,,מוצץ לתינוק ללא ביספ,יח',1.00,יח',false,,28.00,28.0000,true,1,1582025
9001616202186,false,"בקבוק לתינוק 330 מ""ל",מאם,,"בקבוק לתינוק 330 מ""ל",יח',1.00,יח',false,,28.00,28.0000,true,1,1582031
9001616202360,false,מוצץ לתינוק אולטי סי,מאם,,מוצץ לתינוק אולטי סי,יח',1.00,יח',false,,28.00,28.0000,true,1,1582032
9001616203626,false,פטמה לבקבוק שלב 3 מא,מאם,,פטמה לבקבוק שלב 3 מא,יח',1.00,יח',false,,24.70,24.7000,true,1,1582042
9001616205828,false,מברשת לניקוי בקבוקים,,,מברשת לניקוי בקבוקים,יח',1.00,יח',false,,28.00,28.0000,true,1,1979865
9001616702686,false,זוג מוצצים סיליקון א,,,זוג מוצצים סיליקון א,יח',1.00,יח',false,,28.00,28.0000,true,1,4352962
9001616702822,false,זוג מוצצים סיליקון ק,,,זוג מוצצים סיליקון ק,יח',1.00,יח',false,,28.00,28.0000,true,1,4352976
9001616702921,false,בקבוק לתינוק אנטי קו,,,בקבוק לתינוק אנטי קו,יח',1.00,יח',false,,28.00,28.0000,true,1,4353000
9001616702969,false,בקבוק לתינוק מאם 270,,,בקבוק לתינוק מאם 270,יח',1.00,יח',false,,28.00,28.0000,true,1,4353004
9001616702976,false,בקבוק לתינוק מאם 270,,,בקבוק לתינוק מאם 270,יח',1.00,יח',false,,28.00,28.0000,true,1,4353005
9001616703010,false,בקבוק לתינוק מאמ 330,,,בקבוק לתינוק מאמ 330,יח',1.00,יח',false,,28.00,28.0000,true,1,4353008
9001616703409,false,בקבוק לתינוק אנטי קו,,,בקבוק לתינוק אנטי קו,יח',1.00,יח',false,,23.80,23.8000,true,1,4353010
9002975393836,false,הריבו סוכריות גומי ב,,,הריבו סוכריות גומי ב,גרמים,70.00,100 גרם,false,,5.70,0.0814,true,1,5326869
9002975393843,false,הריבו סוכריות גומי ד,,,הריבו סוכריות גומי ד,גרמים,70.00,100 גרם,false,,5.70,0.0814,true,1,5326870
9002975393850,false,הריבו סוכריות וורמס,,,הריבו סוכריות וורמס,גרמים,70.00,100 גרם,false,,5.70,0.0814,true,1,5326871
9003400304939,false,בירה שטיגל חיטה,,,בירה שטיגל חיטה,מיליליטרים,500.00,"100 מ""ל",false,,9.40,0.0188,true,1,5245172
9003402660088,false,בירה שטיגל גולדברו,,,בירה שטיגל גולדברו,מיליליטרים,500.00,"100 מ""ל",false,,7.30,0.0146,true,1,5245173
9005800343143,false,אפטר שייב קול קיק פר,,,אפטר שייב קול קיק פר,מטרים,100.00,100 מ'ל,false,,29.80,0.2980,true,1,5318673
9005835313661,false,קלרו טבליות לניקוי מ,,,קלרו טבליות לניקוי מ,גרמים,600.00,100 גרם,false,,23.80,0.0397,true,1,5319937
9008700148146,false,נקטר ליצי 1ל,,,נקטר ליצי 1ל,ליטרים,1.00,ליטר,false,,9.50,9.5000,true,1,4571430
9044400849105,false,סוכריות פז שקית 1+10,,,סוכריות פז שקית 1+10,גרמים,85.00,100 גרם,false,,11.90,0.1400,true,1,5400975
9044400851672,false,סוכריות פז סוגים שונ,,,סוכריות פז סוגים שונ,יח',1.00,יח',false,,9.10,9.1000,true,1,5368851
9044400885578,false,סוכריות פז שמינייה 8,,,סוכריות פז שמינייה 8,גרמים,85.00,100 גרם,false,,6.80,0.0800,true,1,5400976
9120025834723,false,חטיף אוראו מצונן 128,,,חטיף אוראו מצונן 128,גרמים,128.00,100 גרם,false,,12.40,0.0969,true,1,5401821
9120025839896,false,חטיף מילקה מצונן 128,,,חטיף מילקה מצונן 128,גרמים,128.00,100 גרם,false,,12.40,0.0969,true,1,5402169
9120097310583,false,חטיף שוקו בננה מיניו,,,חטיף שוקו בננה מיניו,גרמים,108.00,100 גרם,false,,12.40,0.1148,true,1,5401823
9272345678072,false,מצע גמיש רב שימושי,,,מצע גמיש רב שימושי,יחידה,0.00,יחידה,false,,8.50,0.0000,true,1,5411262
9272345678089,false,קנקן תה משובח,,,קנקן תה משובח,יח',1.00,יח',false,,34.10,34.1000,true,1,5411263
9310072028743,false,טים טם ביסקוויט במיל,טים טם,,טים טם ביסקוויט במיל,גרמים,200.00,100 גרם,false,,16.90,0.0845,true,1,1580772
9310072028750,false,טים טם ביסקוויט שוקו,טים טם,,טים טם ביסקוויט שוקו,גרמים,200.00,100 גרם,false,,16.90,0.0845,true,1,1580773
9322969000015,false,פריכיות תירס בטעם או,Algam Gil - Agent,IL,פריכיות תירס - 150ג' בטעם,גרמים,150.00,100 גרם,false,,10.20,0.0680,true,1,1600813
9322969000046,false,פריכיות תירס עם שומש,Algam Gil - Agent,IL,פריכיות תירס אורגניות - 1,גרמים,150.00,100 גרם,false,,10.20,0.0680,true,1,1600815
9322969000053,false,פריכיות אורז חום מלא,,,פריכיות אורז חום מלא,גרמים,150.00,100 גרם,false,,10.20,0.0680,true,1,5337921
9330344004473,false,שיק היידרו סילק חד פ,,,שיק היידרו סילק חד פ,יח',1.00,יח',false,,23.00,23.0000,true,1,5230872
9421018071508,false,"יין מד האוס 750 מ""ל",,,"יין מד האוס 750 מ""ל",יח',1.00,יח',false,,51.20,51.2000,true,1,5232253
9720188050109,false,ממרח על בסיס סויה בס,משק צוריאל,,ממרח על בסיס סויה בס,גרמים,225.00,100 גרם,false,,17.00,0.0756,true,1,1570541
9720188060108,false,ממרח על בסיס סויה בס,משק צוריאל,,ממרח על בסיס סויה בס,גרמים,340.00,100 גרם,false,,16.10,0.0474,true,1,1570542
9771565025005,false,מעריב שישי,,,מעריב שישי,יח',1.00,יח',false,,5.10,5.1000,true,1,1570192
9771565051035,false,עיתון ידיעות כפול יו,,,עיתון ידיעות כפול יו,יח',1.00,יח',false,,10.30,10.3000,true,1,1574302
9771565051066,false,עיתון ידיעות אחרונות,ידיעות אחרונות,,עיתון ידיעות אחרונות,יח',1.00,יח',false,,10.30,10.3000,true,1,1574305
9842019072910,false,פתילות מיוחדות 100 י,,,פתילות מיוחדות 100 י,יח',50.00,יח',false,,5.00,0.1000,true,1,5127223
9843022871125,false,נר הבדלה עששית,,,נר הבדלה עששית,יח',1.00,יח',false,,15.30,15.3000,true,1,5020745
9843022871620,false,חנוכיה לשמן עם צינור,,,חנוכיה לשמן עם צינור,יח',1.00,יח',false,,12.70,12.7000,true,1,5127175
9843022871811,false,חנוכיה עם כוסיות זכו,,,חנוכיה עם כוסיות זכו,יח',1.00,יח',false,,10.20,10.2000,true,1,5127177
