code,internal_code,name,manufacturer_name,manufacture_country,manufacturer_item_description,unit_qty,quantity,unit_of_measure,weighted,qty_in_package,price,unit_of_measure_price,allow_discount,status,item_id
10124350,false,צלי כתף מס' 5 קפוא א,בלדי,,צלי כתף מס' 5 קפוא א,קילוגרמים,1.00,"ק""ג",true,,52.90,52.9000,true,1,33686
18001989,false,אוזניות בלוטוס קפיץ,,,אוזניות בלוטוס קפיץ,יחידה,0.00,יחידה,false,,99.90,0.0000,true,1,120955
19237884,false,כבל הטענה 3 מטר,,,כבל הטענה 3 מטר,יחידה,0.00,יחידה,false,,24.90,0.0000,true,1,165481
19237894,false,כבל הטענה TYPE-C,,,כבל הטענה TYPE-C,יחידה,0.00,יחידה,false,,19.90,0.0000,true,1,123805
30107014,false,נייר גלגול גדול + פילטר בודד,,,נ. ג. סלים+פילטר,יחידה,0.00,יחידה,false,,8.00,0.0000,true,1,66484
30112902,false,נייר גלגול קטן+פילטר,,,נייר גילגול קטן,יחידה,0.00,יחידה,false,,3.90,0.0000,true,1,68279
30112919,false,נייר גלגול בינוני + פילטר בודד,,,נ. ג.+פילטר מדיאום,יחידה,0.00,יחידה,false,,7.00,0.0000,true,1,66485
32147230,false,לימונית - מיץ לימון משומר,ג'נרל מילס סאן אדריא,CH,מיץ לימון משומר 200מ,יחידה,200.00,יחידה,false,,8.90,0.0445,true,1,34390
35487921,false,אוזניות ריצה עם כבל,,,אוזניות ריצה עם כבל,יחידה,0.00,יחידה,false,,16.90,0.0000,true,1,165672
35489713,false,אוזניות,,,אוזניות,יחידה,0.00,יחידה,false,,19.90,0.0000,true,1,164000
35489714,false,אוזניות,,,אוזניות,יחידה,0.00,יחידה,false,,21.90,0.0000,true,1,123801
40052403,false,קיט קט 4 אצבעות שוקולד חלב,נסטלה Nestle,DE,קיט קט 4 אצבעות,גרמים,41.50,100 גרם,false,,3.70,0.0892,true,1,95796
40099132,false,מסטיק הובה בובה Hubba Bubba בטעם תות,הובה בובה Hubba Bubba,DE,הובה בובה צ'אנק בטעם,יחידה,0.00,יחידה,false,,3.00,0.0000,true,1,56202
40111216,false,באונטי חטיף קוקוס ושוקולד 57ג',"נארז ע""י : א.ג. גילר",NL,חטיף באונטי קוקוס,גרמים,57.00,100 גרם,false,,4.00,0.0702,false,1,10030
40144016,false,סוכריות חמאה וורטר אורגינל גליל בודד 50,קריניציה ויטמינה אס,DE,סוכריות וורטר,גרמים,50.00,100 גרם,false,,3.50,0.0700,true,1,14699
40786179,false,בירה לוונבראו פחית 500 מל,,,לוונברואו בירה פחית,מיליליטרים,500.00,"100 מ""ל",false,,9.90,0.0198,true,1,55931
41001356,false,"בירה בקס פחית 500 מ""ל",יבואן ומשווק: ש. שסט,DE,בירה בקס פחית 500,יחידה,0.00,יחידה,false,,9.90,0.0000,true,1,13730
42138105,false,סיגריות וינסטון סופר סלימס כחול,גיי טי אינטרנשיונל,,וינסטון סופר סלימס כ,יחידה,0.00,יחידה,false,,32.50,0.0000,false,1,40293
42138129,false,סיגריות וינסטון סופר סלימס מנטול,JTI,,וינסטון סופר סלימס מ,יחידה,0.00,יחידה,false,,32.50,0.0000,false,1,40294
42149996,false,בירה בקס בקבוק 275 מל,"איי, בי, אינבוו",DE,בירה בקס,יחידה,0.00,יחידה,false,,7.00,0.0000,true,1,92975
42299363,false,"ניוואה - דאודורנט רול און לגבר פרש פאוור 50 מ""ל",ביירסדורף,DE,דאודורנט רול און ניו,מיליליטרים,50.00,"100 מ""ל",false,,16.90,0.3380,true,1,102099
42403760,false,נייר גילגול,,,נייר גילגול,יחידה,0.00,יחידה,false,,2.00,0.0000,false,1,118624
42403784,false,נייר גלגול לטבק,,,נייר גלגול לטבק,יחידה,0.00,יחידה,false,,2.00,0.0000,false,1,122186
50159475,false,ויסקאס חטיף דנטאבייטס 40 ג',ויסקס,,ויסקס דנטה ביטס 40 ג,גרמים,40.00,100 גרם,false,,10.90,0.2725,true,1,96261
50204830,false,אוטן תרסיס דוחה יתושים וחרקים,אוטן Autan,,קוטל חרקים אוטן תרסי,מיליליטרים,100.00,"100 מ""ל",false,,19.90,0.1990,true,1,18666
50409013,false,מלפפון חמוץ מסורתי 6,EMPIRE BESPOKE FOODS,GB,מלפפונים מסורתי,יחידה,0.00,יחידה,false,,19.90,0.0000,true,1,66373
50409020,false,מלפפון חמוץ מתוק 670,EMPIRE BESPOKE FOODS,GB,MRS ELSWOOD מלפפון ח,גרמים,360.00,100 גרם,false,,19.90,0.0553,true,1,65867
50409112,false,מלפפונים כידונים 670,EMPIRE BESPOKE FOODS,GB,מלפפונים כידונים 670,גרמים,670.00,100 גרם,false,,19.90,0.0297,true,1,67970
50409709,false,MRS ELSWOOD מלפפונים פרוסות לסנדוויץ,EMPIRE BESPOKE FOODS,NL,פרוסות מלפפון חמוץ,גרמים,540.00,100 גרם,false,,19.90,0.0369,true,1,105669
52070082,false,פאל מאל ס.ס.ויולט חפיסה,BAT,,פאל מאל סופרסלימס וי,יחידה,0.00,יחידה,false,,29.50,0.0000,false,1,108546
54051140,false,מעדן סויה טעם וניל אלפרו רביעיה * 125 ג',הנסיך- מפעל לייצור ט,BE,מעדן סויה וניל 1.9%,יחידה,0.00,יחידה,false,,17.50,0.0000,true,1,30151
54051157,false,מעדן סויה טעם שוקו אלפרו רביעיה 125 ג',אלפרו C.V.A,BE,אלפרו מעדן סויה טעם,יחידה,0.00,יחידה,false,,17.50,0.0000,true,1,30152
59039549,false,ווג פריזון מנטול חפיסה,BAT,,ווג פריזון מנטה,יחידה,0.00,יחידה,false,,38.00,0.0000,false,1,47177
59068907,false,סיגריות פאל מאל כחול דמי סלימס,גלוברנס,,פאל מאל כחול דמי סלי,יחידה,0.00,יחידה,false,,25.50,0.0000,false,1,106426
59068914,false,סיגריות פאל מאל סילבר דמי סלימס,,,פאל מאל סילבר דמי סל,יחידה,0.00,יחידה,false,,25.50,0.0000,false,1,106427
59079378,false,"אקס - דאודורנט רול און לגבר אייס צ'יל 50 מ""ל",יוניליוור,GB,אקס רול און אייס 50,מיליליטרים,50.00,"100 מ""ל",false,,14.90,0.2980,true,1,115773
59455233,false,סיגריות ווג ליידי כח,BAT,,ווג ליידי כחול,יחידה,0.00,יחידה,false,,38.00,0.0000,false,1,49862
59455240,false,ווג סופרסלימס לילך חפיסה,BAT,,ווג ליידי לילך,יחידה,0.00,יחידה,false,,38.00,0.0000,false,1,49863
70723323,false,מטען רכב,,,מטען רכב,יחידה,0.00,יחידה,false,,39.90,0.0000,true,1,123804
71010113,false,כבל הטענה,,,כבל הטענה,יחידה,0.00,יחידה,false,,9.90,0.0000,true,1,120959
72901104,false,מטען,,,מטען,יחידה,0.00,יחידה,false,,24.90,0.0000,true,1,120970
72917367,false,חטיף טעמי 40 גרם ווסטהיים,"שטראוס גרופ בע""מ",IL,חטיף טעמי 40 גרם,גרמים,40.00,100 גרם,false,,4.00,0.1000,false,1,10737
72932104,false,מטען TYPE-C,,,מטען TYPE-C,יחידה,0.00,יחידה,false,,24.90,0.0000,true,1,165686
72940754,false,מעדן מילקי בטעם וניל עם קצפת,"שטראוס גרופ בע""מ",IL,מילקי וניל 6.5%,מיליליטרים,170.00,"100 מ""ל",false,,2.80,0.0165,true,1,7988
72940761,false,מעדן מילקי בטעם שוקולד עם קצפת,מיוצר עי קונדיטוריית,IL,מילקי שוקו 7%,מיליליטרים,170.00,"100 מ""ל",false,,2.80,0.0165,true,1,7989
72940952,false,מעדן מילקי בטעם שוקולד עם אקסטרה קצפת,"שטראוס גרופ בע""מ",IL,מילקי פי 2 10%,מיליליטרים,170.00,"100 מ""ל",false,,3.70,0.0218,true,1,7990
72940976,false,כרוב אדום אחלה 250 ג',מיוצר עי קונדיטוריית,IL,כרוב אדום אחלה,גרמים,250.00,100 גרם,false,,7.90,0.0316,true,1,7991
72941041,false,מעדן מילקי מיני בטעם שוקולד עם קצפת,"שטראוס גרופ בע""מ",IL,מילקי מיני שוקולד 7%,גרמים,70.00,100 גרם,false,,2.00,0.0286,true,1,7994
72945308,false,קוביות שמרים לאפיה שמרית 2*25 ג',"פאקא תעשיות בע""מ",IL,קוביות שמרים 50,גרמים,50.00,100 גרם,false,,3.70,0.0740,false,1,7995
72961506,false,יוגורט עם תות 1.5% שומן 125 ג' פרילי,מיוצר עי קונדיטוריית,IL,פרילי תות 1.5%,מיליליטרים,125.00,"100 מ""ל",false,,3.60,0.0288,true,1,9276
72961520,false,יוגורט עם אננס 1.5% שומן 125 ג' פרילי,מיוצר עי קונדיטוריית,IL,פרילי אננס 1.5%,מיליליטרים,125.00,"100 מ""ל",false,,3.60,0.0288,true,1,9278
72961544,false,באדי יוגורט בטעם תות שדה 3%,מחלבת אלון תבור,IL,"באדי תות 3% 125 מ""ל",מיליליטרים,125.00,"100 מ""ל",false,,3.00,0.0240,true,1,9279
72964132,false,פרילי טבע עם גרנולה 1.5% 200מל,מיוצר עי קונדיטוריית,IL,טבעגורט 1.9% 200 גרם,גרמים,200.00,100 גרם,false,,5.30,0.0265,true,1,9289
72964422,false,תנובה יוגורט פרחים 4.5% 200מל,מחלבת תנובה,IL,יוגורט תנובה 4.5%,גרמים,200.00,100 גרם,false,,2.90,0.0145,true,1,9290
72983997,false,גולף גולד 100 פ.ע חפיסה,דובק,,סיגריות גולף גולד קו,יחידה,0.00,יחידה,false,,31.00,0.0000,false,1,25684
72986370,false,"גלידת בן & ג'ריס פיינטים וניל 500מ""ל",מוצרי איכות אמריקאים,IL,בן אנד ג'ריס גלידת ו,מיליליטרים,500.00,"100 מ""ל",false,,18.90,0.0378,false,1,15223
72986424,false,"גלידת בן & ג'ריס פיינטים קרם עוגיות 500מ""ל",מוצרי איכות אמריקאיי,IL,בן אנד ג'ריס לידת קר,מיליליטרים,500.00,"100 מ""ל",false,,18.90,0.0378,true,1,15224
72986448,false,"גלידת בן & ג'ריס פיינטים טופי קראנץ 500מ""ל",מוצרי איכות אמריקאיי,IL,בן אנד ג'ריס גלידת ט,מיליליטרים,500.00,"100 מ""ל",false,,18.90,0.0378,true,1,15225
72986455,false,"ניו יורק סופר גלידת שוקולד, חתיכות פאדג' ואגוזים",מוצרי איכות אמריקאיי,IL,בן אנד ג'ריס ניו יור,מיליליטרים,500.00,"100 מ""ל",false,,18.90,0.0378,true,1,15226
72986479,false,"צ'אנקי מנקי גלידת וניל, בננות, חתיכות פאדג' ואגוזים",מוצרי איכות אמריקאיי,IL,בן וג'ריס צאנקי מנקי,מיליליטרים,500.00,"100 מ""ל",false,,18.90,0.0378,true,1,15227
72989425,false,"גלידת בן & ג'ריס פיינטים שוקולד בראוניז 500מ""ל",מוצרי איכות אמריקאיי,IL,גלידת בראוניס,יחידה,500.00,יחידה,false,,18.90,0.0378,true,1,15230
72991374,false,סיגריות טיים רד חפיס,דובק,,סיגריות טיים,יחידה,0.00,יחידה,false,,30.00,0.0000,false,1,14560
72991381,false,קופסה טיים אדום ארוך,דובק,,סיגריות טיים ארו,יחידה,0.00,יחידה,false,,30.00,0.0000,false,1,14561
72991497,false,נובלס ורג'יניה פילטר,דובק,,סיגריות נובלס,יחידה,0.00,יחידה,false,,30.00,0.0000,false,1,14571
72991886,false,"גלידת דולצ'ה בטעם ריבת חלב עם פאדג' בן וג'ירי 500 מ""ל",מוצרי איכות אמריקאיי,IL,בן וג'ריס ריבת חלב,מיליליטרים,500.00,"100 מ""ל",false,,18.90,0.0378,true,1,15231
72993637,false,מעדן חלב בטעם שוקולד 125 ג' דני,מחלבת אחיהוד,IL,דני שוקולד בודד 1.5%,מיליליטרים,125.00,"100 מ""ל",false,,2.60,0.0208,true,1,33314
72994061,false,חטיף פסק זמן GOOD גלילית לבן 40 גרם,שולן צ'יקולטה גידה ס,IL,פסק זמן טו גוד שוקול,גרמים,36.00,100 גרם,false,,5.00,0.1389,true,1,102347
76136184,false,פאל מאל סופרסלימס כחול קופסה,BAT,,פאל מאל סופרסלימס כח,יחידה,0.00,יחידה,false,,29.50,0.0000,false,1,32184
80042556,false,POLPA עגבניות חתוכות דק 400 גרם MUTTI,"איי, בי, אינבוו",IT,MUTTI עגבניות חתוכות,יחידה,0.00,יחידה,false,,16.90,0.0000,true,1,37658
80042563,false,רסק עגבניות 700 ג' (צהוב) MUTTI,"איי, בי, אינבוו",IT,רסק עגבניות איטלקי M,גרמים,720.00,100 גרם,false,,11.90,0.0165,true,1,23537
80050025,false,סוכריות טיק טק בטעם תפוז,קדבורי,ZA,טיק טק תפוז,גרמים,16.00,100 גרם,false,,3.50,0.2188,false,1,14716
80050124,false,סוכריות טיק טק בטעם מנטה,קדבורי,ZA,טיק טק סוכריות,גרמים,16.00,100 גרם,false,,3.50,0.2188,false,1,14717
80052760,false,קינדר בואנו Kinder Bueno עם חלב ואגוזי לוז,קינדר Kinder,PL,חטיף קינדר בואנו 43,גרמים,43.00,100 גרם,false,,3.90,0.0907,true,1,14722
80052883,false,סוכריות מנטה חזק 16 ג' טיק טק,פררו,ZA,סוכריות טיק טק מנטה,יחידה,0.00,יחידה,false,,3.50,0.0000,true,1,121821
80136194,false,חטיפי הפי היפו Happy Hippo במילוי קרם חלבי ואגוזי לוז,קינדר Kinder,DE,הפי היפו וויט חמישיי,גרמים,103.50,100 גרם,false,,12.90,0.1246,true,1,104019
80176732,false,קינדר הפי היפו 28 יחידות,קדבורי,DE,הפי היפו,גרמים,35.00,100 גרם,false,,3.00,0.0857,true,1,32518
80176800,false,נוטלה ממרח שוקולד 750 גרם,פררו תעשיות איטליה ס,IT,ממרח נוטלה 750 גרם,גרמים,750.00,100 גרם,false,,25.90,0.0345,false,1,14723
80177173,false,ממרח אגוזי לוז עם קקאו,נוטלה Nutella,IT,ממרח נוטלה 350 גרם,גרמים,350.00,100 גרם,false,,13.90,0.0397,false,1,14724
80177609,false,אצבעות שוקולד קינדר Kinder ארבע יחידות,קינדר Kinder,IT,אצבעות שוקולד קינדר,גרמים,50.00,100 גרם,false,,3.90,0.0780,false,1,14726
80177616,false,אצבעות שוקולד קינדר Kinder שמונה יחידות,קינדר Kinder,IT,אצבעות שוקולד קינדר,גרמים,100.00,100 גרם,false,,7.90,0.0790,false,1,14727
80273561,false,פלפל שחור במטחנה 45 גר ארומה דה טוסקנה,דרוגריה ואלימנטרי אס,IT,תבלין טוסקנה מטח,יחידה,0.00,יחידה,false,,13.90,0.0000,true,1,17471
80273639,false,מלח ים במטחנה 90 גר ארומה דה טוסקנה,דרוגריה ואלימנטרי אס,IT,מלח ים מטחנה,גרמים,90.00,100 גרם,false,,13.90,0.1544,true,1,17476
80273677,false,צילי במטחנה 20 גר ארומה דה טוסקנה,דרוגריה ואלימנטרי אס,IT,צי'לי מטחנה,גרמים,45.00,100 גרם,false,,13.90,0.3089,true,1,111150
80310167,false,קינדר מקסי שישייה 126 גר,פררו,,קינדר מקסי שישייה,יחידה,0.00,יחידה,false,,9.90,0.0000,true,1,113486
80310549,false,הפי היפו חטיף קינדר שוקולד לבן 20.5ג',קדבורי,DE,הפי היפו וויט בודד,גרמים,20.07,100 גרם,false,,3.00,0.1495,true,1,104020
80310891,false,ביצת הפתעה קינדר ג'וי כתום,פררו,ZA,ביצת קינדר ג'וי,גרמים,20.00,100 גרם,false,,5.90,0.2950,true,1,29221
80533900,false,פילה אנשובי בשמן זית 150 גרם צנצנת,,,קליפו-פילה אנשובי בש,גרמים,150.00,100 גרם,false,,44.90,0.2993,true,1,62854
80533917,false,פילה אנשובי בשמן זית 75 גרם צנצנת,,,קליפו-פילה אנשובי בש,גרמים,75.00,100 גרם,false,,22.90,0.3053,true,1,62855
80533962,false,פילה טונה בשמן זית 200 גר CALLIPO,גיאצינטו קליפו,,קליפו-פילה טונה בשמן,יחידה,200.00,יחידה,false,,42.90,0.2145,true,1,43742
80718758,false,טונה בשמן זית 160 גר CALIPO,גיאצינטו קליפו,IT,CALLIPO טונה שמן זית,גרמים,160.00,100 גרם,false,,20.90,0.1306,true,1,37663
80718765,false,טונה במים בצנצנת קלי,גיאצינטו קליפו,IT,קליפו-טונה מים,גרמים,160.00,100 גרם,false,,20.90,0.1306,true,1,37664
80761761,false,קינדר בואנו לבן בודד 39 גרם,ליימן שליסל,PL,חטיף קינדר בואנו לבן,גרמים,43.00,100 גרם,false,,3.90,0.0907,true,1,47937
80773429,false,מסטיק מנטוס פיור פרש בבקבוק בינוני בטעם תות 60 ג',"פרפטי ואן מלה ג'ידה,",NL,מסטיק מנטוס תות,גרמים,60.00,100 גרם,false,,9.90,0.1650,true,1,105415
80773443,false,מסטיק מנטוס בבקבוק מעוגל בטעם מנטה מעודנת 60 ג',"פרפטי ואן מלה ג'ידה,",NL,מנטוס מסטיק בקבוק מע,גרמים,60.00,100 גרם,false,,9.90,0.1650,true,1,100903
80776307,false,מסטיק מנטוס ביג בבקבוק מעוגל טעם פירות מנטה 90 ג',פרפטי ואן מלה,NL,מסטיק מנטוס ביג בקבו,גרמים,90.00,100 גרם,false,,15.90,0.1767,true,1,101024
80780595,false,מסטיק מנטוס ביג בבקבוק מעוגל טעם מנטה-עדינה 90 ג',ליימן מותגים,TR,מסטיק מנטוס ביג בקבו,גרמים,90.00,100 גרם,false,,15.90,0.1767,true,1,101025
80790990,false,מסטיק מנטוס בבקבוק מעוגל בטעם פירות -מנטה 60 ג',"פרפטי ואן מלה ג'ידה,",NL,מנטוס מסטיק בקבוק מע,גרמים,60.00,100 גרם,false,,9.90,0.1650,true,1,100904
80794233,false,מסטיק מנטוס ביג בבקבוק מעוגל טעם מנטה 90 ג',פרפטי ואן מלה,NL,מסטיק מנטוס ביג בקבו,גרמים,90.00,100 גרם,false,,15.90,0.1767,true,1,101026
80804697,false,מסטיק וויט White בטעם מנטה מתוקה ללא סוכר,פרפטי ואן מלה,TR,מנטוס וויט בי סוויטמ,גרמים,105.00,100 גרם,false,,15.90,0.1514,true,1,98083
80831402,false,סוכריות מנטוס מנטה עדינה 30 יח' ללא סוכר CLEAN BREATH,פרפטי ואן מלה,NL,סוכריות מנטוס מנטה ע,גרמים,21.00,100 גרם,false,,5.90,0.2810,true,1,116062
80832560,false,סוכריות מנטוס פירות יער 21 ג' ללא סוכר CLEAN BREATH,פרפטי ואן מלה,TR,סוכריות מנטוס לריענו,גרמים,21.00,100 גרם,false,,5.90,0.2810,true,1,167398
80843184,false,מנטוס מסטיק פיור פרש בטעם ענבים 60גר,פרפטי ואן מלה ברדה,NL,מסטיק מנטוס ענבים בק,גרמים,60.00,100 גרם,false,,9.90,0.1650,true,1,123702
80854753,false,סוכריות מנטוס מנטה 30 יח' ללא סוכר CLEAN BREATH,פרפטי ואן מלה,TR,סוכריות מנטוס מנטה ל,גרמים,21.00,100 גרם,false,,5.90,0.2810,true,1,116063
80862260,false,מסטיק מנטוס פיור וויט מנטה מתוקה 150 גר,פרפטי ואן מלה ברדה,TR,מסטיק מנטוס XXL טעם,גרמים,150.00,100 גרם,false,,17.90,0.1193,true,1,166774
80864295,false,סוכריות פיור וויט טעם מנטה עדינה 60 ג' מנטוס,"פרפטי ואן מלה ג'ידה,",TR,מנטוס פיור וויט מנטה,גרמים,60.00,100 גרם,false,,9.90,0.1650,true,1,163966
80887744,false,מנטוס מסטיק בקבוקון כיס בטעם מנטה,ליימן שליסל,NL,מנטוס פיורפרש מנטה,גרמים,28.00,100 גרם,false,,5.90,0.2107,true,1,166968
80896081,false,מסטיק מנטוס פיור פרש בבקבוק בינוני בטעם אבטיח 60 ג',"פרפטי ואן מלה ג'ידה,",NL,מסטיק מנטוס אבטיח,יחידה,0.00,יחידה,false,,9.90,0.0000,true,1,105335
80913467,false,מסטיק מנטו בבקבוק מעוגל בטעם מנטה 60 ג',פרפטי ואן מלה ברדה,NL,מנטוס מסטיק בקבוק מע,גרמים,60.00,100 גרם,false,,9.90,0.1650,true,1,100905
80926481,false,מסטיק מנטוס פיור פרש בבקבוק בינוני בטעם אבטיח 90ג',ליימן מותגים,TR,מסטיק מנטוס ביג אבטי,גרמים,90.00,100 גרם,false,,15.90,0.1767,true,1,108681
80929277,false,מסטיק מנטוס פיור וויט מנטה עדינה 150 גר,פרפטי ואן מלה ברדה,TR,מסטיק מנטוס XXL טעם,גרמים,150.00,100 גרם,false,,17.90,0.1193,true,1,166927
80957706,false,מסטיק מנטוס פיור וויט מנטה 150 גר,פרפטי ואן מלה ברדה,TR,מסטיק מנטוס XXL טעם,גרמים,150.00,100 גרם,false,,17.90,0.1193,true,1,166775
80974215,false,מסטיק מנטוס פיור פרש בבקבוק ביג בטעם תות 90ג',פרפטי ואן מלה,NL,מסטיק מנטוס ביג תות,יחידה,0.00,יחידה,false,,15.90,0.0000,true,1,108452
80977278,false,מנטוס מסטיק בקבוקון כיס בטעם פירות מנטה,ליימן שליסל,NL,מנטוס פיורפרש באבלפר,גרמים,28.00,100 גרם,false,,5.90,0.2107,true,1,166969
80979128,false,מנטוס מסטיק בקבוק מעוגל בטעם דובדבן,פרפטי ואן מלה ברדה,TR,מסטיק דובדבן בקבוק מ,גרמים,60.00,100 גרם,false,,9.90,0.1650,true,1,123703
80982470,false,מסטיק מנטוס פיור פרוסט בטעם מנטה חזק 60 גר',פרפטי ואן מלה ברדה,NL,מנטוס מסטיק פיור פרו,גרמים,60.00,100 גרם,false,,9.90,0.1650,true,1,121866
80986348,false,סוכריות פיור וויט טעם מנטה 60 ג' מנטוס,"פרפטי ואן מלה ג'ידה,",TR,מנטוס פיור וויט מנטה,גרמים,60.00,100 גרם,false,,9.90,0.1650,true,1,163968
80995128,false,מנטוס - מסטיק בטעם הדרים בתוספת ויטמינים 60 גרם,פרפטי ואן מלה ברדה,TR,מנטוס מסטיק בטעם הדר,גרמים,60.00,100 גרם,false,,9.90,0.1650,true,1,168685
87108538,false,סוכריות מנטוס Mentos תות שדה,הדקלאים אגודת שיתופי,NL,מנטוס תות,גרמים,37.50,100 גרם,false,,2.90,0.0773,true,1,32704
87108651,false,מארז סוכריות מנטוס Mentos מנטה,הדקלאים אגודת שיתופי,NL,מנטוס מנטה רביעי,יחידה,0.00,יחידה,false,,10.90,0.0000,false,1,14734
87108712,false,מארז סוכריות מנטוס Mentos פירות,פרפטי ואן מלה ברדה,NL,מנטוס פירות רביע,גרמים,150.00,100 גרם,false,,10.90,0.0727,true,1,14735
87311396,false,סוכריות מנטוס Mentos ריינבואו,פרפטי ואן מלה,NL,מנטוס ריינבואו בודד,גרמים,37.50,100 גרם,false,,2.90,0.0773,true,1,55980
87354041,false,מנטוס גליל בטעם דובדבן 40גלילים,פרפטי ואן מלה,NL,מנטוס גליל דובדבן,גרמים,37.50,100 גרם,false,,2.90,0.0773,true,1,122348
88888100,true,אינטרנט,,,אינטרנט,,0.00,,false,,0.00,0.0000,true,1,120468
90087011,false,מיץ תפוחים 100% קרטונית ראוך,ראוך Rauch,HU,מיץ תפוחים 1 ליטר,ליטרים,1.00,ליטר,false,,10.90,10.9000,true,1,168551
90087271,false,נקטר אוכמניות 1 ליטר קרטונית ראוך,ראוך Rauch,,נקטר אוכמניות שחורות,ליטרים,1.00,ליטר,false,,11.50,11.5000,true,1,130389
90087806,false,מיץ אשכוליות 100% 1 ליטר,ראוך Rauch,AT,מיץ אשכוליות 1 ליטר,ליטרים,1.00,ליטר,false,,11.50,11.5000,true,1,167654
90162602,false,רד בול משקה אנרגיה פקדון 30 אג,רד בול ג'י.אם.בי. אץ,IL,רד בול משקה,יחידה,0.00,יחידה,false,,5.90,0.0000,true,1,29550
90162800,false,רד בול משקה אנרגיה ללא סוכר פקדון 30 אג,רד בול ג'י.אם.בי. אץ,AT,רד בול ללא סוכר,מיליליטרים,250.00,"100 מ""ל",false,,5.90,0.0236,true,1,94379
90446269,false,"משקה רד בול אבטיח מוגז פחית 250 מ""ל",ראון פרוכטסאפה,AT,רד בול אבטיח,מיליליטרים,250.00,"100 מ""ל",false,,5.90,0.0236,true,1,122744
90448867,false,"משקה אנרגיה רד בול ללא פחמימות 250 מ""ל",רד בול,AT,רד בול ללא פחמימות 2,מיליליטרים,250.00,"100 מ""ל",false,,5.90,0.0236,true,1,166668
90453427,false,"משקה אנרגיה רד בול פיטאיה 250 מ""ל",רד בול,,רד בול פיטאיה משקה א,מיליליטרים,250.00,"100 מ""ל",false,,5.90,0.0236,true,1,166669
96033531,false,"דאו דאב רול און רימונים ולואיזה 50 מ""ל",יוניליוור HPC,GB,דאב רולאון רימונים,מיליליטרים,50.00,"100 מ""ל",false,,16.90,0.3380,true,1,116441
96130339,false,"דאב - דאודורנט רול און לאישה 0% אלומיניום 50 מ""ל",יוניליוור פיליפינים,GB,דאודורנט דאב רול אור,מיליליטרים,50.00,"100 מ""ל",false,,16.90,0.3380,true,1,123481
1250120076,false,פסטה לנגוויני,,,פסטה לנגוויני,גרמים,500.00,100 גרם,false,,9.90,0.0198,true,1,12157
1250120120,false,פסטה ספגטי מס' 12,,,פסטה ספגטי מס' 12,גרמים,500.00,100 גרם,false,,9.90,0.0198,true,1,12159
1250120342,false,פסטה פוזילי מס' 34,,,פסטה פוזילי מס' 34,גרמים,500.00,100 גרם,false,,9.90,0.0198,true,1,12160
1250152336,false,פסטה דה צ'קו פטו,,,פסטה דה צ'קו פטו,גרמים,500.00,100 גרם,false,,13.90,0.0278,true,1,12166
4715020755,false,קישוטי עוגה פרינסס,,,קישוטי עוגה פרינסס,גרמים,75.00,100 גרם,false,,12.90,0.1720,true,1,40554
5110180002,false,קטשופ MUTTI,,,קטשופ MUTTI,גרמים,340.00,100 גרם,false,,8.90,0.0262,true,1,49240
8112100298,false,שמן שומשום טהור לא מ,Flavor full foods in,TW,שמן שומשום,יחידה,185.00,יחידה,false,,16.90,0.0914,true,1,40888
9800800056,false,חטיף שוקולד עם מקלות לחם אנד גו,נוטלה Nutella,DE,נוטלה GO,גרמים,52.00,100 גרם,false,,5.50,0.1058,true,1,98065
9915001227,false,פסטה מקמח תירס,,,פסטה מקמח תירס,יחידה,0.00,יחידה,false,,12.90,0.0000,true,1,65848
10900678148,false,דיאמונד רדיד אלומיניום נון סטיק,דיימונד,CN,דיאמונד רדיד אלומיני,יחידה,0.00,יחידה,false,,15.90,0.0000,true,1,165128
10900681193,false,דאיימונד - שקיות אשפה חזקות במיוחד M,דיימונד,ZA,שקיות אשפה חזקות במי,יחידה,0.00,יחידה,false,,16.90,0.0000,true,1,166115
11182170603,false,שעועית גדולה חמאה 43,הנובר פודס,US,שעועית חמאה,גרמים,439.00,100 גרם,false,,12.50,0.0285,true,1,30966
11182700916,false,קינג קול שעועית לבנה צפונית 439 גרם,הנובר פודס,US,שעועית לבנה צפונית,גרמים,439.00,100 גרם,false,,9.90,0.0226,true,1,50825
11182700923,false,קינג קול שעועית אדומה בהירה 439 גרם,הנובר פודס,US,שעועית אדומה בהירה,גרמים,439.00,100 גרם,false,,9.90,0.0226,true,1,48638
11182700954,false,קינג קול שעועית שחורה 439 גרם,הנובר פודס,,שעועית שחורה 439 גר',גרמים,454.00,100 גרם,false,,9.90,0.0218,true,1,46370
11210000032,false,רוטב טבסקו משפחתי 35,מקאילהייני Mc.Ilhenn,US,TABASCO רוטב פלפל טב,מיליליטרים,350.00,"100 מ""ל",false,,48.90,0.1397,true,1,50556
11210000094,false,"רוטב ""טבסקו"" על בסיס פלפל אדום 60 מ""ל",מקאילהייני אייבורי,US,TABASCO טבסקו רוטב פ,מיליליטרים,60.00,"100 מ""ל",false,,11.90,0.1983,true,1,9931
11210009387,false,רוטב טבסקו פלפל ירוק,מקאילהייני אייבורי,US,TABASCO רוטב טבסקו פ,יחידה,60.00,יחידה,false,,11.90,0.1983,true,1,12976
11210607040,false,טבסקו פלפל צפוטלי חריף 60 מל,מקאילהייני Mc.Ilhenn,US,טבסקו צ'יפוטלי,יחידה,60.00,יחידה,false,,11.00,0.1833,true,1,44341
11210618503,false,"רוטב טבסקו על בסיס פלפל סקורפיון 60מ""ל",מק. אילהיני קו,,טבסקו פלפל סקורפיון,מיליליטרים,60.00,"100 מ""ל",false,,13.90,0.2317,true,1,116179
11210698055,false,רוטב טבסקו סרירציה 566 גרם,מקאילהייני קו,US,טבסקו סיראגה חריף 56,מיליליטרים,566.00,"100 מ""ל",false,,25.90,0.0458,true,1,103096
12300103138,false,סיגריות כאמל בוקס פק,JTI,,פקט כאמל ריו פילטר ב,יחידה,0.00,יחידה,false,,300.00,0.0000,false,1,19571
12300119139,false,ווינסטון כחול בוקס עשירייה,JTI,,פקט וינסטון כחול בוק,יחידה,0.00,יחידה,false,,320.00,0.0000,false,1,19576
12999250066,false,סירופ רימונים,,,סירופ רימונים,יחידה,0.00,יחידה,false,,29.90,0.0000,true,1,55618
13300280645,false,תערובת פנקייק הנגרי,ג'.מ. סמאקר,,הנגרי ג'ק אבקת פנקיי,גרמים,907.00,100 גרם,false,,21.90,0.0241,true,1,122167
13300280676,false,תערובת פנקייק הנגרי,ג'.מ. סמאקר,,הנגרי ג'ק אבקת פנקיי,גרמים,907.00,100 גרם,false,,21.90,0.0241,true,1,121943
13409128442,false,רוטב באפלו חריף לכנפיים 473 גרם,סוויט בייבי רייז שיק,US,רוטב בופלו לכנפיים,מיליליטרים,473.00,"100 מ""ל",false,,23.90,0.0505,true,1,119416
13409341155,false,רוטב ברביקיו דבש 510 גר סוויט בייבי רייס,סוויט בייבי רייז שיק,,רוטב ברביקיו בטעם מע,גרמים,510.00,100 גרם,false,,21.90,0.0429,true,1,64679
13409351000,false,רוטב ברביקיו סוויט ב,סוויט בייבי רייז שיק,,רוטב ברביקיו בטעם מע,גרמים,510.00,100 גרם,false,,21.90,0.0429,true,1,64680
13409515198,false,רוטב ברביקיו ציפוטלה 510 גרם,סוויט בייבי רייז שיק,US,רוטב ברביקיו דבש ופל,גרמים,510.00,100 גרם,false,,21.90,0.0429,true,1,99768
13409918104,false,רוטב ברביקיו אורגינל סוויט בייבי ריי 510 גר',סוויט בייבי רייז שיק,,רוטב ברביקיו בטעם מע,גרמים,510.00,100 גרם,false,,21.90,0.0429,true,1,64682
14100074120,false,פפרידג' פארם עוגיות מילאנו 170 גרם,פפרידג פראם,,עוגיות מילנו,גרמים,170.00,100 גרם,false,,21.90,0.1288,true,1,38249
14100077084,false,עוגיות פפרידג פקאן מריר [ירוק],פפרידג פראם,US,עוגיות שוקולד צ'יפס,גרמים,206.00,100 גרם,false,,21.90,0.1063,true,1,38251
14100077121,false,פפרידג' פארם עוגיות סוסליטו שוקולד חלב מקדמיה 204 גרם,פפרידג פראם,,עוגיות שבבי שוקולד ע,גרמים,206.00,100 גרם,false,,21.90,0.1063,true,1,38252
14100082033,false,עוגיות פפרידג בראוניז רכות קפטיבה (אדום),פפרידג פראם,,עוגיות בראוניס מרבה,גרמים,244.00,100 גרם,false,,21.90,0.0898,true,1,41014
16000185517,false,דגני בוקר פייבר וואן עתירי סובין FIBRE1,בטר אנד דיפרנט,US,פייבר וואן 555 גר,גרמים,555.00,100 גרם,false,,26.90,0.0485,false,1,164742
16000194281,false,בטי קרוקר אבקת פנקיי,,,בטי קרוקר אבקת פנקיי,גרמים,300.00,100 גרם,false,,24.90,0.0830,true,1,165985
16000281684,false,חטיף שיבולת שועל פקאן חמישיה*42 ג' קראנצ'י,ליימן מותגים,US,שיבולת שועל פקאן 10x,גרמים,210.00,100 גרם,false,,19.00,0.0905,false,1,33975
16000306509,false,שוקולד צ'יפס - קמח ביסקוויט 496 ג',,,בטי קרוקר תערובת עוג,גרמים,496.00,100 גרם,false,,23.90,0.0482,true,1,112993
16000355101,false,בטי קרוקר לדר הוט קו,,,בטי קרוקר לדר הוט קו,גרמים,141.00,100 גרם,false,,17.90,0.1270,true,1,112995
16000423534,false,ניטשר ואלי חטיף שיבולת שועל שוקולד מריר קראנצי 210ג',ג'נרל מילס סאן אדריא,ES,שיבולת שועל קינמון 1,גרמים,210.00,100 גרם,false,,19.00,0.0905,false,1,47796
16000548404,false,ניטשר ואלי חטיף קראנצי גרנולה שיבולת שועל 210 ג',ג'נרל מילס סאן אדריא,ES,שיבולת שועל בדבש ניי,גרמים,210.00,100 גרם,false,,19.00,0.0905,false,1,14801
16000548503,false,ניטשר ואלי קראנצי חטיף גרנולהומייפל 10 יח' 210 ג',ג'נרל מילס סאן אדריא,ES,שיבולת שועל נייצ'ר ו,גרמים,210.00,100 גרם,false,,19.00,0.0905,false,1,14803
16000548602,false,נייטשר וואלי חטיף קראנצ'י קינמון 210ג',ג'נרל מילס סאן אדריא,ES,שיבולת שועל קינמון 1,גרמים,210.00,100 גרם,false,,19.00,0.0905,false,1,14805
16000548909,false,נ.וואלי קראנצי חטיף גרנולה אריזת חמישייה,ג'נרל מילס סאן אדריא,ES,שיבולת שועל חמאת בוט,גרמים,210.00,100 גרם,false,,19.00,0.0905,false,1,14807
16229001711,false,מי קוקוס ארוי די ללא,תאי אגרי פוד,,נוזל קוקוס כשר,מיליליטרים,400.00,"100 מ""ל",false,,10.90,0.0273,true,1,59584
16229906207,false,מחית קארי אדום 400 ג,תאי אגרי פוד,,AROY-D ממרח קארי אד,גרמים,400.00,100 גרם,false,,14.90,0.0373,true,1,63137
16229906436,false,מחית קארי צהוב 400 ג,תאי אגרי פוד,,AROY-D ממרח קארי צה,גרמים,400.00,100 גרם,false,,15.90,0.0398,true,1,63138
16229909819,false,קרם קוקוס 1 ליטר AROY-D,תאי וורלד,,קרם קוקוס 1 ליטר,ליטרים,1.00,ליטר,false,,21.90,21.9000,true,1,110342
16229918354,false,"רוטב קארי אדום 250 מ""ל",תאי אגרי פוד,TH,ארוי די רוטב קארי אד,מיליליטרים,250.00,"100 מ""ל",false,,9.90,0.0396,true,1,164651
16229924263,false,קרם קוקוס 100% ארוי,ויט ורלד קומפני,VN,"קרם קוקוס 250 מ""ל",מיליליטרים,250.00,"100 מ""ל",false,,9.50,0.0380,true,1,104466
17252500004,false,בוסקו סירופ שוקולד 624 גרם,בוסקו פרודקטס,US,סירופ שוקולד בוס,גרמים,624.00,100 גרם,false,,17.90,0.0287,true,1,59376
17252502244,false,"בוסקו סירופ פנקייק בטעם מייפל 709 מ""ל",בוסקו פרודקטס,US,סירופ פנקייק,יחידה,709.00,יחידה,false,,18.90,0.0267,true,1,39607
18000701223,false,תערובת לעוגת שוקולד 517 גרם פילסבורי,הדקלאים אגודת שיתופי,IL,תערובת לעוגת שוק,גרמים,550.00,100 גרם,false,,17.90,0.0325,true,1,14810
18000703494,false,תערובת עוגת וניל פיסברי 500 גר',הדקלאים אגודת שיתופי,IL,תערובת לעוגה וני,גרמים,500.00,100 גרם,false,,17.90,0.0358,true,1,14811
18000766413,false,תערובת להכנת עוגה בטעם שוקולד,הדקלאים אגודת שיתופי,IL,תערובת בראוניס,גרמים,550.00,100 גרם,false,,17.90,0.0325,true,1,14813
18787764169,false,ברונרס סבון נוזלי לבנדר 472 מל,וגה מוצרים טבעיים,US,סבון נוזלי לבנדר דר,מיליליטרים,472.00,"100 מ""ל",false,,45.90,0.0972,true,1,37708
18787767160,false,סבון נוזלי פריחת הדו,,,סבון נוזלי פריחת הדו,מיליליטרים,472.00,"100 מ""ל",false,,45.90,0.0972,true,1,96423
18787778166,false,סבון נוזלי ורד הבר ש,,,סבון נוזלי ורד הבר ד,מיליליטרים,472.00,"100 מ""ל",false,,45.90,0.0972,true,1,37706
18787784051,false,סבון מוצק לבנדר של ד,דר ברונר,,סבון מוצק לבנדר דר ב,גרמים,140.00,100 גרם,false,,21.00,0.1500,true,1,37710
18787785058,false,סבון מוצק מנטה מעורר,דר ברונר,,סבון מוצק מנטה מעורר,גרמים,140.00,100 גרם,false,,21.00,0.1500,true,1,53908
18787792056,false,סבון מוצק יסמין סנדל,דר ברונר,,סבון אמיתי- סנדלווד,גרמים,140.00,100 גרם,false,,21.00,0.1500,true,1,90788
21200471032,false,דבק דו צדדי ספוגי חז,3m,,דבק דו צדדי חזק במיו,יחידה,0.00,יחידה,false,,26.90,0.0000,true,1,97304
21200493720,false,סקוטש ברייט גליל ניי,,,סקוטש ברייט גליל ניי,יחידה,0.00,יחידה,false,,16.90,0.0000,true,1,167167
21200513152,false,שלושה ספוגי קירצוף לא שורטים ורוד,M3,CA,ספוג קרצוף שלישיה,יחידה,0.00,יחידה,false,,15.90,0.0000,true,1,47199
21200572357,false,קרצוף לניקוי חזק סקוטש ברייט שלישייה,M3,CA,שלישיית ספוגי קרצוף,יחידה,0.00,יחידה,false,,15.90,0.0000,true,1,38135
22200956932,false,דאודורנט ספיד סטיק גל 24/7 כחול 85 גר,הנסיך- מפעל לייצור ט,US,ספיד סטיק כחול ג'ל,גרמים,51.00,100 גרם,false,,19.90,0.3902,true,1,8382
22224200820,false,וולבי ליקריץ תות בסגנון אוסטרלי 114 גרם,קניס קנדי,,ליקריץ אדום אוסטרלי,גרמים,114.00,100 גרם,false,,11.90,0.1044,true,1,104804
24000335238,false,"רוטב מולסה בלאקסטראפ 355 מ""ל",בי אנד ג'י,,דבשה מולסה טבעית,גרמים,500.00,100 גרם,false,,25.90,0.0518,true,1,37674
24100226429,false,סנשיין קרקר ציז איט אורגינל קטן 127 גרם,קיבלר,,קרקר צ'יז היט אוריג',גרמים,127.00,100 גרם,false,,8.90,0.0701,true,1,101489
24463061095,false,רוטב פלפל צילי חריף 435 גר סריראצה,הוי פונג פודס,,סריראצ'ה רוטב פלפל צ,יחידה,482.00,יחידה,false,,27.90,0.0579,true,1,45699
25638710022,false,תמצית וניל 59ג',,,תמצית וניל 59ג',יחידה,0.00,יחידה,false,,49.90,0.0000,true,1,56632
25675120006,false,חמצוצים 4 צבעים טעמים טבעי 100 גרם,חמצוצים,NL,חמצוצים 4 טעמים טבעי,גרמים,100.00,100 גרם,false,,9.90,0.0990,true,1,44549
25675120044,false,סאוור סטיקס Sour Sticks בטעם תפוח,פשקז Paskesz,NL,מקלות חמוצים,גרמים,100.00,100 גרם,false,,8.90,0.0890,true,1,17152
25675120068,false,סאוור סטיקס Sour Sticks בטעם קולה,פשקז Paskesz,NL,מקלות חמוצים,גרמים,100.00,100 גרם,false,,8.90,0.0890,true,1,17153
25675121058,false,"חמצוצים רחבים תפו""ע 115 גר",חמצוצים,NL,"חמצוצים רחב תפו""ע",גרמים,115.00,100 גרם,false,,9.90,0.0861,true,1,43803
25675301184,false,חמצוצים מקלות חמוצים קולה 50 גרם,פשקז Paskesz,NL,מקלות חמוצות טעם,גרמים,50.00,100 גרם,false,,4.90,0.0980,true,1,17156
25700005674,false,שקיות אחסון סליידר גדולות- 15 יח' זיפלוק,,US,זיפלוק שקיות אחסון ס,יחידה,0.00,יחידה,false,,16.90,0.0000,true,1,119142
25700005681,false,שקיות אחסון סליידר בינוניות -20 יח' זיפלוק,אס.סי גונוסון,US,זיפלוק שקיות אחסון ס,יחידה,0.00,יחידה,false,,16.90,0.0000,true,1,119143
25700005698,false,שקיות אחסון בינוניות- 24 יח' זיפלוק,אס.סי.גונסון ובניו,US,זיפלוק שקיות אחסון ב,יחידה,0.00,יחידה,false,,13.90,0.0000,true,1,119138
27000390146,false,רוטב עגבניות האנטס 426 גר',קונגרה פודס,US,האנט רוטב עגבניות,גרמים,425.00,100 גרם,false,,9.90,0.0233,true,1,109056
29424000687,false,גלילי וופל אגוז 100 גר' מנעמים,מנעמים,,גלילי וופל אגוז 100,גרמים,100.00,100 גרם,false,,4.00,0.0400,true,1,50684
29801025203,false,עוגיות חמאה קריספי - ב. באטרס 200 גר,HAMLET NV,,בלגיאן באטר וופלס,גרמים,200.00,100 גרם,false,,14.90,0.0745,true,1,34417
30000315958,false,קוואקר פרוטאין בננה אגוזים 366 גרם,קוואקר אוטס קומפני,US,קוואקר פרוטאין בננה,גרמים,366.00,100 גרם,false,,23.90,0.0653,true,1,111405
30000315989,false,קוואקר פרוטאין חמוציות ושקדים 372 גר,קוואקר אוטס קומפני,US,קוואקר פרוטאין חמוצי,גרמים,372.00,100 גרם,false,,23.90,0.0642,true,1,111406
30100472414,false,סנדוויץ קרקר קלאב צדר 311 גרם,קיבלר,,קרקר סנדוויץ' עם צ'ד,גרמים,311.00,100 גרם,false,,21.90,0.0704,true,1,90183
30100487180,false,קיבלר 8 סנדוויץ קרקר גבינה וצדר 311 גרם,קיבלר,,קרקר סנדויץ קיבלר צא,גרמים,311.00,100 גרם,false,,21.90,0.0704,true,1,113186
31200001597,false,חמוציות אושן ספריי קליית גת בשקית 170 גרם,אושן ספריי,US,חמוציות מיובשות,גרמים,170.00,100 גרם,false,,11.50,0.0676,true,1,14821
31290140107,false,שוקולד 75% מריר 90 גר Godiva sticks,גודייבה GODIVA,TR,שוקולד גודייבה 72%,גרמים,90.00,100 גרם,false,,14.50,0.1611,true,1,117721
31290140176,false,שוקולוד מריר בתוספת שקדים שוקולד גודייבה פינגרס,גודייבה,TR,שוקולד גודייבה מריר,גרמים,90.00,100 גרם,false,,14.50,0.1611,true,1,117722
31290140190,false,שוקולד עם נגיעות מלח ים שוקולד גודייבה פינגרס,גודייבה GODIVA,TR,שוקולד גודייבה מריר,גרמים,90.00,100 גרם,false,,14.50,0.1611,true,1,117723
33200140702,false,פרש אנד סופט דפים למייבש כביסה 100 יח' ניחוח מרענן,פרש אנד סופט Frash'n soft,US,דפים למייבש כביסה,יחידה,0.00,יחידה,false,,26.90,0.0000,true,1,46380
33200147701,false,פרש&סופט דפים למייבש בניחוח טרופי 100 יח,פרש אנד סופט Frash'n soft,US,דפים למייבש כביסה,יחידה,0.00,יחידה,false,,26.90,0.0000,true,1,7229
33617000026,false,קרקר ואזה 203-275 גרם מקמח מלא 260,כלורוקס אוקלנד,SE,ואזה מקמח מלא 260 גר,גרמים,260.00,100 גרם,false,,16.90,0.0650,true,1,61920
33617322616,false,קרקר ואזה 203-275 גרם מקמח שיפון,כלורוקס אוקלנד,SE,ואזה-פת פריכה קלה מק,גרמים,270.00,100 גרם,false,,16.90,0.0626,true,1,50883
33617340610,false,קרקר ואזה 203-275 גרם מקמח שיפון 275,כלורוקס אוקלנד,SE,ואזה מקמח שיפון,גרמים,275.00,100 גרם,false,,16.90,0.0615,true,1,53925
34000148301,false,הרשי נטיפי שוקולד מריר לאפייה 340 גר,ליימן מותגים,,הרשי נטיפי שוקולד מר,גרמים,340.00,100 גרם,false,,17.90,0.0526,true,1,101138
34000196173,false,קוקיס אנד קרים בטעם שוקולד לבן עם שברי עוגיות,ליימן מותגים,,הרשי קוקיס קרם טבלה,גרמים,113.00,100 גרם,false,,7.90,0.0699,true,1,92211
34000312177,false,סירופ שוקולד הרשי 680 גר',ליימן מותגים,US,סירופ הרשי שוקולד,יחידה,680.00,יחידה,false,,17.90,0.0263,true,1,63661
34000442652,false,שוקולד חלב ריסס Reese's במילוי חמאת בוטנים,ליימן מותגים,,ריזס טבלה XL,גרמים,120.00,100 גרם,false,,7.90,0.0658,true,1,92212
34000446001,false,ריזס מיניס שוקולד חלב חמאת בוטנים 150ג',ליימן מותגים,,ריזס מיניס עטופים,יחידה,0.00,יחידה,false,,9.40,0.0000,true,1,63584
34000470228,false,חטיף ריזס מיניס 70 גרם,הרשי,US,סוכריות ריזס מיני הר,גרמים,70.00,100 גרם,false,,5.90,0.0843,true,1,63351
34000470563,false,מארז שוקולד ריסז מיניס 215 גרם,ליימן מותגים,US,ריסז מיניס באריזה מש,גרמים,215.00,100 גרם,false,,17.90,0.0833,true,1,112405
34000544028,false,סוכריות ארוכות בטעם תות טוויזלרס Twizzlers,ליימן מותגים,US,לקריץ תות שדה,גרמים,198.00,100 גרם,false,,7.20,0.0364,true,1,12378
34000544431,false,ממתקי הרשיז טוויזלרס טעם דובדבן 172 גרם,ליימן מותגים,US,טוויזלרס דובדבן 172,גרמים,172.00,100 גרם,false,,7.90,0.0459,true,1,118050
34000996643,false,מארז שוקולד הרשי דרופס 215 גרם,ליימן מותגים,US,הרשי דרופס באריזה מש,גרמים,215.00,100 גרם,false,,17.90,0.0833,true,1,112406
36000516876,false,ממחטות נייר קלינקס לושן 3 שכבות 75 דף,חוגלה קימברלי,US,קלינקס לושן 75 3 שכב,יחידה,0.00,יחידה,false,,10.90,0.0000,true,1,114359
36000516890,false,ממחטות קלינקס לושן 3 שכבות 120 דף,קימברלי,US,קלינקס לושן 120 3 שכ,יחידה,0.00,יחידה,false,,15.90,0.0000,true,1,114383
37290016565,false,חסה משי,,,חסה משי,יחידה,0.00,יחידה,false,,11.50,0.0000,true,1,117727
37600207188,false,חמאת בוטנים סקיפי קלאסי 462 גר',חברת המזון אלגוד,US,חמאת בוטנים סקיפי קל,גרמים,462.00,100 גרם,false,,19.90,0.0431,false,1,67057
37600207256,false,חמאת בוטנים סקיפי עם שברי בוטנים 462 גר',חברת המזון אלגוד,US,סקיפי שברי בוטנים,גרמים,462.00,100 גרם,false,,19.90,0.0431,false,1,67058
37600207287,false,חמאת בוטנים סקיפי עם דבש,חברת המזון אלגוד.,US,סקיפי עם דבש 462 גר,גרמים,462.00,100 גרם,false,,19.90,0.0431,true,1,102253
37600297943,false,מטבל סלסה חריף- צ'י צ'י 439 גר,hormel foods,US,מטבל סלסה חריפה,גרמים,439.00,100 גרם,false,,19.90,0.0453,true,1,168690
37600297967,false,מטבל סלסה בחריפות עדינה ציי צי 439 גר,hormel foods,US,סלסה מטבל עגבניות בח,גרמים,439.00,100 גרם,false,,19.90,0.0453,true,1,168691
38000138638,false,חטיף תפוא פרינגלס פי,פרינגלס מנופקצורינג,US,פרינגלס פיצה 158 גר,גרמים,158.00,100 גרם,false,,8.90,0.0563,false,1,100021
38000138720,false,פרינגלס  תכלת ראנץ 158 ג',פרינגלס מניופקצ'ורינ,US,פרינגלס ראנץ',גרמים,158.00,100 גרם,false,,8.90,0.0563,false,1,107023
38000183690,false,פרינגלסמידי ברביקיו 71 גרם - חדש,פרינגלס Pringles,US,פרינגלס ברבקיו קטן,גרמים,71.00,100 גרם,false,,5.50,0.0775,true,1,120732
38000183928,false,פרינגלס חרדל ודבש 158 גרם,פרינגלס מניופקצ'ורינ,US,פרינגלס דבש וחרדל 15,גרמים,158.00,100 גרם,false,,8.90,0.0563,false,1,121367
38000197840,false,פרינגלס גלי בטעם חריף מתוק 137 ג',פרינגלס מניופקצ'ורינ,US,פרינגלס גלי בטעם חרי,גרמים,137.00,100 גרם,false,,8.90,0.0650,false,1,119028
38000202278,false,חטיף צ'יפס גלי בטעם אורגינל מלוח,פרינגלס מניופקצ'ורינ,US,פרינגלס גלי בטעם אור,גרמים,130.00,100 גרם,false,,8.90,0.0685,false,1,119029
38000232152,false,פרינגלס ברביקיו 158 גרם – חדש,פרינגלס מניופקצ'ורינ,US,פרינגלס ביג ברביקיו,גרמים,158.00,100 גרם,false,,8.90,0.0563,false,1,115127
38000232169,false,פרינגלס מידי אורגינל 71 גרם,פרינגלס מניופקצ'ורינ,US,פרינגלס מידי אורגינל,גרמים,67.00,100 גרם,false,,5.50,0.0821,true,1,115128
38000232176,false,חטיף צ'יפס שמנת חמוצה ובצל,פרינגלס מניופקצ'ורינ,US,פרינגלס ביג שמנת בצל,גרמים,158.00,100 גרם,false,,8.90,0.0563,false,1,115125
38000232183,false,פרינגלס אוריגינל 149 גרם,פרינגלס מניופקצ'ורינ,US,פרינגלס ביג אורגינל,גרמים,149.00,100 גרם,false,,8.90,0.0597,false,1,115126
38000845253,false,פרינגלס שמנת בצל 71 גרם מידי,פרינגלס מנופקצורינג,US,פרינגלס מידי שמנת בצ,גרמים,71.00,100 גרם,false,,5.50,0.0775,true,1,95529
38527591053,false,קואקר דגנים מרובעים שיבולת שועל וקינמון,BEVERAGES FOODS & SE,US,דגני בוקר קואקר מרוב,גרמים,453.00,100 גרם,false,,19.90,0.0439,false,1,52200
38527591060,false,דגני קוואקר מרובעים Quaker Squares עם סוכר חום,BEVERAGES FOODS & SE,US,דגני בוקר מרובעים 41,גרמים,412.00,100 גרם,false,,19.90,0.0483,false,1,52563
38900779238,false,מיץ אננס דול רביעיות 4*250 מל,דול פיליפינים,,מיץ אננס רביעייה דול,ליטרים,1.00,ליטר,false,,15.90,15.9000,true,1,42519
39000008006,false,אורטגה טאקו מקסיקני 12 יחידות 164 גרם,בי אנד ג'י,US,טאקו מקסיקני,יחידה,0.00,יחידה,false,,19.90,0.0000,true,1,92317
39000008051,false,טורטיה אורטגה ארוחת טאקו קיט,בי אנד ג'י,US,אורטגה-טאקו עם רוטב,גרמים,283.00,100 גרם,false,,31.90,0.1127,true,1,55884
39000008204,false,אורטגה תיבול לטאקו 3,בי אנד ג'י,,אורטגה תבלין לטאקו,גרמים,35.00,100 גרם,false,,9.90,0.2829,true,1,24453
39000008907,false,אורטגו רוטב טאקו מיילד 226 גרם,בי אנד ג'י,US,רוטב טאקו ללא גלוטן,גרמים,226.00,100 גרם,false,,16.90,0.0748,true,1,49405
39000010351,false,פלפל חלפיניו בצנצנת אורטגה 340 גרם,בי אנד ג'י,,אורטגה-פלפלים חריפים,גרמים,354.00,100 גרם,false,,17.90,0.0506,true,1,91182
39047001152,false,ווקרס עוגיות חמאה פינגרס 150 גרם,,GB,עוגיות חמאה אצבע,גרמים,150.00,100 גרם,false,,17.50,0.1167,true,1,12400
39047001459,false,ווקרס עוגיות היילנדר,,,ווקרס עוגיות היילנדר,גרמים,135.00,100 גרם,false,,17.50,0.1296,true,1,102992
39047005013,false,ווקרס עוגיות חמאה דגיסטיף 150 גרם,,,ווקרס עוגיות חמאה,גרמים,150.00,100 גרם,false,,17.50,0.1167,true,1,108468
39047005426,false,ווקרס ביסקוויט גינגר 150 גרם,,GB,בסקוויט עם גינגר 150,גרמים,150.00,100 גרם,false,,17.50,0.1167,true,1,31743
39047050730,false,ווקרס עוגיות שוקולד,,,ווקרס עוגיות שוקולד,גרמים,150.00,100 גרם,false,,17.50,0.1167,true,1,112679
39047050747,false,ווקרס עוגיות טופי פקאן 150 גרם,,GB,ביסקוויט עם טופי ופק,גרמים,150.00,100 גרם,false,,17.50,0.1167,true,1,102993
40000512943,false,סוכריות אם אנד אמס M&M שוקולד חלב,M&M אם אנד אם,US,סוכריות אם אנד אם 30,גרמים,303.00,100 גרם,false,,19.90,0.0657,true,1,106307
40000513568,false,סוכריות אם אנד אמס M&M שוקולד חלב,M&M אם אנד אם,US,סוכריות אם אנד אם 15,גרמים,155.90,100 גרם,false,,11.90,0.0763,true,1,101115
40000513629,false,M&M's חמאת בוטנים אריזה גדולה 152 גרם,מארס,US,סוכריות אם אנד אם 14,גרמים,141.70,100 גרם,false,,11.90,0.0840,true,1,101117
40000514480,false,M&M אריזה קטנה's שוקולד אריזה קטנה 48 גרם,M&M אם אנד אם,US,סוכריות אם אנד אם 48,גרמים,48.00,100 גרם,false,,4.90,0.1021,true,1,98450
40000514510,false,M&M אריזה קטנה's בוטנים אריזה קטנה 49 גרם,M&M אם אנד אם,US,סוכריות אם אנד אם פי,גרמים,49.00,100 גרם,false,,4.90,0.1000,true,1,97338
41143028681,false,צימוקים בקופסא סאן מייד 400 גר',,US,צימוקים בקופסא,גרמים,400.00,100 גרם,false,,21.90,0.0547,true,1,117950
41143049419,false,דומדמניות מיובשות סאן מייד 227 גר',,US,דומדמניות מיובשות,גרמים,227.00,100 גרם,false,,21.90,0.0965,true,1,117953
41143299081,false,שזיפים מגולענים סאן מייד 198 גר',,US,שזיפים מגולענים,גרמים,198.00,100 גרם,false,,17.90,0.0904,true,1,117955
41152232017,false,רובי קיסט רוטב חמוציות ג'לי 397 גרם,קלמנט פאפס,US,רוטב קרנברי ג'ל,גרמים,454.00,100 גרם,false,,12.90,0.0284,true,1,54585
41152282012,false,רוביקיסט רוטב חמוציות שלם בפחית 397 גרם,קלמנט פאפס,US,רוטב קרנברי שלם,גרמים,454.00,100 גרם,false,,12.90,0.0284,true,1,39622
41190064564,false,שופרייט סלסה חריפה 439 גרם,ווקפרן פוד קורפ,US,סלסה חריפה 439 גר',גרמים,439.00,100 גרם,false,,17.90,0.0408,true,1,120840
41224700062,false,צלפים מיניאטורים במלח 75 גר,סיבס,TR,רולנד- צלפים מיניאטו,גרמים,75.00,100 גרם,false,,14.90,0.1987,true,1,37284
41224700260,false,צלפים מיניאטורים בחומץ 90 ג,סיבס,TR,צלפים מיניאטורים בחו,גרמים,90.00,100 גרם,false,,14.90,0.1656,true,1,37285
41255015296,false,מחית אוכמניות לעוגה 595 גרם,,,מחית אוכמניות לעוגה,גרמים,595.00,100 גרם,false,,25.90,0.0435,true,1,116428
41331124027,false,גויה שעועית קידני אדומה 439 גרם,,,גויה שעועית אדומה קי,גרמים,439.00,100 גרם,false,,8.90,0.0203,true,1,106093
41331124669,false,שעועית שחורה גויה 439 גרם,,,גויה שעועית שחורה,גרמים,439.00,100 גרם,false,,8.90,0.0203,true,1,106088
41335000501,false,רוטב ומרינדה איטלקי 473 גר,קנס פודס,,"רוטב איטלקי 473 מ""ל",יחידה,14.90,יחידה,false,,21.90,1.4698,true,1,41827
41390000058,false,"רוטב טריאקי קיקומן 296 מ""ל",קיקומן פודז אינק,US,רוטב טריאקי,יחידה,296.00,יחידה,false,,13.90,0.0470,true,1,10094
41390001079,false,"רוטב סויה מופחת נתרן קיקומן 444 מ""ל",קיקומן פודז אינק,US,רוטב סויה דל נתרן 44,מיליליטרים,444.00,"100 מ""ל",false,,19.90,0.0448,true,1,68074
41390001451,false,רוטב סויה קיקומן 1.2,קיקומן פודז אינק,US,רוטב סויה קיקומן 1.2,ליטרים,1.20,ליטר,false,,39.90,33.2500,true,1,12429
41390010309,false,"רוטב טריאקי קיקומן 444 מ""ל",קיקומן פודז אינק,US,"רוטב טריאקי 444 מ""ל",מיליליטרים,444.00,"100 מ""ל",false,,19.90,0.0448,true,1,68132
41500000299,false,חרדל דבש דיגון 340 גר Frenches,פרנצ'ס,US,חרדל דבש דיג'ון,גרמים,340.00,100 גרם,false,,17.90,0.0526,true,1,113672
41500000428,false,חרדל חום פרנצס חריף לחיץ 340 גרם,פרנצ'ס,US,חרדל חום חריף,גרמים,340.00,100 גרם,false,,17.90,0.0526,true,1,113673
41500013107,false,רוטב וורצסטר פרנצס29,רקיט בנקיזר,US,רוטב וורצסטר פרנצס,מיליליטרים,295.00,"100 מ""ל",false,,16.90,0.0573,true,1,116320
41500805023,false,רוטב חריף רד הוט אור,רקיט בנקיזר,,RED HOT רוטב פלפלים,מיליליטרים,354.00,"100 מ""ל",false,,22.90,0.0647,true,1,13059
41501008034,false,אורטגה טאקו מקסיקני מתירס מלא 164 גרם,בי אנד ג'י,,טאקו מקסיקני ללא גלו,גרמים,140.00,100 גרם,false,,19.90,0.1421,true,1,57994
41501009222,false,עלי טורטייה קמח מלא,,,עלי טורטייה קמח מלא,גרמים,454.00,100 גרם,false,,19.90,0.0438,true,1,59111
41570113066,false,בלו דיאמנד משקה שקדים אוריג'נל ללא תוספת סוכר 1 ליטר,בלו דיאמונד,ZA,חלב שקדים בלו דיאמונ,ליטרים,1.00,ליטר,false,,18.90,18.9000,true,1,108397
41570113080,false,בלו דיאמנד משקה שקדים בטעם וניל ללא תוספת סוכר 1 ליטר,בלו דיאמונד,ZA,חלב שקדים וניל ללא ס,ליטרים,1.00,ליטר,false,,18.90,18.9000,true,1,118003
41570113103,false,בלו דיאמנד משקה שקדים בריסטה להקצפה 1 ל,בלו דיאמונד,ZA,חלב שקדים בלו דיאמונ,ליטרים,1.00,ליטר,false,,19.90,19.9000,true,1,115203
41740000806,false,"גולד בורשט 710 מ""ל Borscht",גולד פיור פוד,US,GOLDS בורשט,יחידה,710.00,יחידה,false,,19.90,0.0280,true,1,40548
42400108153,false,דגני בוקר צבעוניים בטעם פירות טוטי פרוטיס,פוסט ארצות הברית,US,דגני תותי פרוטי פוסט,גרמים,354.00,100 גרם,false,,21.90,0.0619,true,1,119932
44600008899,false,כלורקס פורמולה 409 מ,,,כלורקס פורמולה 409 מ,מיליליטרים,946.00,"100 מ""ל",false,,21.90,0.0232,true,1,118489
44600300580,false,כלורוקס קלין אפ פרש נוזל לניקוי רב תכלית,כלורוקס אוקלנד,US,מרסס קלין אפ פרש 946,מיליליטרים,946.00,"100 מ""ל",false,,25.90,0.0274,true,1,121641
46214372250,false,"עוגיות שטרודל פריכות תפו""ע וצימוקים",מרבה Merba,NL,עוגיות שטרודל פר,גרמים,225.00,100 גרם,false,,8.90,0.0396,true,1,18754
46214382259,false,עוגיות בראוניס שוקולד 225 ג',בנקטבקריי מרבה בי.וי,NL,עוגיות בראוניס,גרמים,225.00,100 גרם,false,,8.90,0.0396,true,1,18755
46214731552,false,עוגיות שוקולד ציפס מובחרות 225 ג',קריניציה ויטמינה אס,NL,עוגיות שוקולד צ'יפס,גרמים,225.00,100 גרם,false,,8.90,0.0396,true,1,18756
50000015474,false,מזון חתולים פריסקיז,פריסקיז,US,פריקסקיז פירות ים,קילוגרמים,1.40,"ק""ג",false,,37.90,27.0714,true,1,120910
50000084500,false,מזון יבש לחתול בטעם נתחי ברביקיו פריסקיז Friskies,נסטלה פורינה USA מק,US,פריסקיז מעדני השף,קילוגרמים,1.42,"ק""ג",false,,37.90,26.6901,true,1,27028
50000100347,false,"פריסקיז - מעדני החתול מועשר בחלב 1.40 ק""ג",נסטלה פורינה USA מק,US,פריסקיז מעדני החתול,קילוגרמים,1.40,"ק""ג",false,,37.90,27.0714,true,1,27029
50000168583,false,"פריסקיז אקסטרא קראנץ 1.43 ק""ג",פריסקיז,US,פריסקיז אקסטרא קראנץ,קג,1.43,קג,false,,37.90,26.5035,true,1,120912
50000225224,false,פריסקיז פריים פילה הודו ברוטב 156 גר,נסטלה פורינה USA קר,US,פריסקיז פריים פילה ה,גרמים,156.00,100 גרם,false,,6.20,0.0397,true,1,94737
50000238910,false,פריסקיז פרטי מיקס או,פורינה,US,פריסקיז פארטי מיקס א,גרמים,59.00,100 גרם,false,,11.50,0.1949,true,1,167138
50000397587,false,אבקה להכנת שוקו חלבי 6 שקיות 121 ג' Nestle,נסטלה,US,נסטלה- אבקת שוקו,גרמים,121.20,100 גרם,false,,18.90,0.1559,true,1,95871
50000429042,false,פנסי פיסט - כבד עם מעדני עוף 85 גרם,נסטלה פורינה USA ג',US,פנסי פיסט כבד מעודן,גרמים,85.00,100 גרם,false,,6.00,0.0706,true,1,34202
50000429646,false,פנסי פיסט דגי אוקיינוס 85 גרם,נסטלה פורינה USA ג',US,פנסי פיסט דגי אוקיינ,גרמים,85.00,100 גרם,false,,6.00,0.0706,true,1,29434
50000574438,false,פריסקיז פרטי מיקס מע,פורינה,US,פריסקיז פארטי מיקס מ,גרמים,59.00,100 גרם,false,,11.50,0.1949,true,1,167141
51131978393,false,זוג שפורפרות סופר גלו גל 4 גר,3m,,זוג שפורפרות סופר גל,יחידה,0.00,יחידה,false,,15.90,0.0000,true,1,93674
51135807514,false,סופר גלו נוזלי 4 שפופרות,3m,,סופר גלו נוזלי,יחידה,0.00,יחידה,false,,17.90,0.0000,true,1,93711
51500017005,false,סמאקרס חמאת בוטנים 4,סמאקרס,US,חמאת בוטנים 454 גר',גרמים,454.00,100 גרם,false,,21.90,0.0482,true,1,168429
52000324815,false,"משקה ספורט קול בלו ""גטורייד"" 591 מ""ל",,,גטורייד משקה קול בלו,יחידה,591.00,יחידה,false,,10.90,0.0184,true,1,98188
52000328677,false,משקה גטורד כתום 591 מל,,,גטורד-משקה תפוזים,מיליליטרים,591.00,"100 מ""ל",false,,10.90,0.0184,true,1,98183
52100002453,false,תערובת תיבול לסטייק 96 גר,מקורמיק,US,תערובת תיבול לסטייק,גרמים,96.00,100 גרם,false,,18.90,0.1969,true,1,107776
52100002460,false,תערובת תיבול לעוף ודג 77 גר,מקרומיק,US,תערובת תיבול לעוף וד,גרמים,77.00,100 גרם,false,,18.90,0.2455,true,1,107777
52100002477,false,אבקת תיבול לתבשילים בסגנון הודי 28 גר,מקורמיק,US,אבקת תיבול לתבשילים,גרמים,28.00,100 גרם,false,,16.90,0.6036,true,1,107785
52100004389,false,קנמון טחון מקורמיק 6,מקורמיק,US,קינמון טחון,גרמים,67.00,100 גרם,false,,21.90,0.3269,true,1,110365
52100004426,false,מקלות קינמון מקורמיק,,US,מקלות קינמון,גרמים,21.00,100 גרם,false,,25.90,1.2333,true,1,107789
52100004488,false,פפריקה מקורמיק 60.1,מקרומיק,US,פפריקה,גרמים,60.00,100 גרם,false,,21.00,0.3500,true,1,107791
52100005966,false,שבבי שום מקורמיק 85,מקרומיק,US,גבישי שום,גרמים,85.00,100 גרם,false,,25.90,0.3047,true,1,107792
52100006260,false,אבקת שום מקורמיק 88.,מקרומיק,US,אבקת שום,גרמים,88.00,100 גרם,false,,25.90,0.2943,true,1,107793
52100006512,false,כמון טחון מקורמיק 42,מקורמיק,US,כמון טחון,גרמים,42.00,100 גרם,false,,21.00,0.5000,true,1,107795
52100006765,false,תבלין פלפל אדום 42 גר,מקורמיק,US,תבלין פלפל אדום,גרמים,42.00,100 גרם,false,,16.90,0.4024,true,1,107796
52100006987,false,עלי דפנה מקורמיק 3.4,מקורמיק,US,עלי דפנה,גרמים,3.00,100 גרם,false,,16.90,5.6333,true,1,107778
52100030043,false,פלפל שחור טחון גס 42 גר,מקרומיק,US,פלפל שחור טחון גס,גרמים,42.00,100 גרם,false,,18.90,0.4500,true,1,107780
52100030234,false,פלפל שחור שלם מקורמי,מקרומיק,US,פלפל שחור שלם,גרמים,53.00,100 גרם,false,,25.90,0.4887,true,1,107781
52100036670,false,מלח הימליה ורוד במטחנה 70 גר,מקורמיק,US,מלח הימליה ורוד במטח,גרמים,70.00,100 גרם,false,,16.90,0.2414,true,1,110367
52100040806,false,תערובת שום בצל פלפל שחור ומלח ים 120 גר,מקורמיק,US,תערובת תיבול שום בצל,גרמים,120.00,100 גרם,false,,25.90,0.2158,true,1,110363
52100070827,false,תמצית רום מקורמיק 29,מקרומיק תבלינים,US,תמצית בטעם רום,יחידה,29.00,יחידה,false,,10.90,0.3759,false,1,44504
52100070865,false,תמצית וניל טהור מקור,מקרומיק תבלינים,US,תמצית וניל טהורה,גרמים,28.00,100 גרם,false,,29.90,1.0679,false,1,10130
52100070995,false,תמצית וניל מקורמיק 2,מקורמיק,US,תמצית טעם וניל,גרמים,59.00,100 גרם,false,,10.90,0.1847,true,1,107783
52100071138,false,תבלין אורגנו (אורגנו,מקרומיק תבלינים,US,תבלין אורגנו (אורגנו,גרמים,38.00,100 גרם,false,,18.90,0.4974,false,1,10131
52100142593,false,תערובת תיבול להמבורגר 77 גר,מקרומיק תבלינים,US,תבלין גריל להמבורגר,גרמים,77.00,100 גרם,false,,18.90,0.2455,true,1,108135
52100746029,false,מלח ים מקורמיק 60 ג,מקרומיק תבלינים,FR,מלח ים במטחנה,גרמים,60.00,100 גרם,false,,16.90,0.2817,false,1,29521
55369901284,false,"רסק תפו""ע מנגו ואפרס",ליהי אורצרד אינק,,"רסק תפו""ע מנגו ואפרס",גרמים,452.00,100 גרם,false,,13.90,0.0308,true,1,68316
55369901673,false,אפלסנקס רביעיות רסק תפוחי עץ אפרסק ללא תוספת סוכר,ליייהי אורצ'רדס,,רסק תפוחים ואפרסק אפ,גרמים,452.00,100 גרם,false,,13.90,0.0308,true,1,12447
55369901703,false,"רסק אפל סנקס תפו""ע תות שדה לל""ס מארז 113X4ג'",ליייהי אורצ'רדס,,רסק אפלסנקס תפוח עץ,גרמים,452.00,100 גרם,false,,13.90,0.0308,true,1,12448
55369902342,false,אפלסנקס צנצנת רסק תפוחי עץ ממותק בסגנון ביתי 680 גרם עברית,לייהי אורצ'רדס,CA,רסק תפוח עץ בצנצנת 7,גרמים,709.00,100 גרם,false,,13.90,0.0196,true,1,23516
55369902557,false,אפלסנקס רביעיות רסק תפוחי עץ ממותק בסגנון ביתי עברית,ליייהי אורצ'רדס,CA,מחית תפוחי עץ בסגנון,גרמים,452.00,100 גרם,false,,13.90,0.0308,true,1,33847
55369902564,false,אפלסנקס רביעיות רסק תפוחי עץ ללא תוספת סוכר עברית,ליייהי אורצ'רדס,CA,"רסק תפו""ע אפלסנקס לל",גרמים,452.00,100 גרם,false,,13.90,0.0308,true,1,32758
55369903295,false,אפלסנקס צנצנת  רסק תפוחי עץ ללא תוספת סוכר 652 גרם עברית,לייהי אורצ'רדס,CA,"מחית תפו""ע לא ממותק",גרמים,652.00,100 גרם,false,,13.90,0.0213,true,1,92915
55500012046,false,כלורוקס קלין אפ מרסס נוזל לניקוי רב תכלי,כלורוקס אוקלנד,US,מרסס קלין אפ 946,מיליליטרים,946.00,"100 מ""ל",false,,25.90,0.0274,true,1,7251
58449185048,false,"טבעות דגנים ואורז מלא אורגני לל""ג 284 ג",ניישר פאט',US,צ'יטה צ'ומפס טבעות פ,גרמים,284.00,100 גרם,false,,23.90,0.0842,true,1,109101
58449450047,false,דייסת שיבולת שועל תפוח קינמון 400 גרם,נייצר וואלי,,דייסת שיבולת שועל תפ,גרמים,400.00,100 גרם,false,,26.90,0.0672,true,1,93276
58449450573,false,"דייסה בטעם ביתי לל""ג אורגני ללת""ס 320 גר",,US,דייסת אינסטנט ללא גל,גרמים,320.00,100 גרם,false,,34.90,0.1091,true,1,167542
58449450634,false,"דייסה בטעמים לל""ג אורגני 320 גר",,US,דייסת אינסטנט אורגני,גרמים,320.00,100 גרם,false,,34.90,0.1091,true,1,116880
58449602187,false,קורנפלקס דבש אורגני,,,קורן פלקס דבש או,גרמים,300.00,100 גרם,false,,23.50,0.0783,true,1,17177
58449771036,false,דגני בוקר סמארט בראן,,,סמארט בראן קורנפלקס,גרמים,300.00,100 גרם,false,,27.90,0.0930,true,1,67269
58449771531,false,סאן רייס קראנצ מייפל 300 גרם,,,סנרייז קרנצ'י מייפל,גרמים,300.00,100 גרם,false,,26.90,0.0897,true,1,52838
58449777007,false,אופטימום אוכמניות קינמון 400 גר,,,קורנפלקס אופטימו,גרמים,400.00,100 גרם,false,,26.90,0.0672,true,1,16326
58449779032,false,דגני טבעות תירס ואורז מלא 325 גר WHOLE,נאטשר פאת פוד,,WHOLE O'S טבעות מלאו,גרמים,325.00,100 גרם,false,,23.50,0.0723,true,1,41712
58449860037,false,פצפוצי אורז מלא בטעם שוקולד קואלה קריספ,מולינו ניקולי s.p.a,US,קואלה קריספ פיצפ,גרמים,326.00,100 גרם,false,,23.90,0.0733,true,1,20495
58449860075,false,כדורי למור בטעם חמאת בוטנים ושוקולד ללא גלוטן,נאטשר פאת פוד,,כדורי למור אורגניים,גרמים,284.00,100 גרם,false,,23.90,0.0842,true,1,65141
58449870241,false,"כדורוני תירס עם קקאו לל""ג אורגני 284 גרם",נאטשר פאת פוד,US,דגני שוקו שימפס כדור,גרמים,284.00,100 גרם,false,,23.90,0.0842,true,1,116325
62558202381,false,סירופ מייפל אורגני 100% טהור,דיקסר קוויבק,CA,סירופ מייפל אמיתי או,מיליליטרים,236.00,"100 מ""ל",false,,27.90,0.1182,true,1,104998
63435703274,false,נייר טואלט רויאל אולטרא 3 שכבות 8 גל,מגסטה,CA,רויאל נייר טואלט אול,יחידה,0.00,יחידה,false,,31.90,0.0000,true,1,113105
63435711033,false,רויאל טישו 3 שכבות 88 אולטרא,מגסטה,CA,רויאל טישו 3 שכבות,יחידה,0.00,יחידה,false,,7.90,0.0000,true,1,122141
64144090020,false,"ספריי שמן PAM בטעם שמן זית 141 מ""ל",קונאגרה פודס,US,שמן פאם שמן זית,יחידה,0.00,יחידה,false,,18.00,0.0000,false,1,54245
64144090051,false,"ספריי שמן PAM קנולה אורגינל 148 מ""ל",קונאגרה פודס,US,שמן פאם קנולה 148 גר,גרמים,148.00,100 גרם,false,,18.00,0.1216,false,1,68449
70177077563,false,תה ארל גריי 25 שקיות טוינינגס 50 גר,אר. טווינינגס אנד קו,PL,טוינינג- ארל גריי,גרמים,50.00,100 גרם,false,,16.90,0.3380,true,1,91810
70177077693,false,תה אנגליש ברקפסט 25 שקיות טוינינגס 50 גר,אר. טווינינגס אנד קו,PL,טוינינג- אינגליש ברק,גרמים,50.00,100 גרם,false,,16.90,0.3380,true,1,91813
70177078744,false,תה אינגליש ברקפסט נטול קפאין 25 שקיקי,טווינינגס Twinings,PL,תה טווינינג אינגליש,גרמים,50.00,100 גרם,false,,18.90,0.3780,true,1,94579
70177078775,false,תה ליידי גריי טוויני,טווינינגס Twinings,,טוינינג- ליידי גריי,גרמים,50.00,100 גרם,false,,16.90,0.3380,true,1,91814
70177078904,false,תה אנגליש ברקפסט 50 שקיות טוינינגס,טוינינג,PL,טוינינג אינגליש ברקפ,גרמים,100.00,100 גרם,false,,31.90,0.3190,true,1,95202
70177078966,false,תה ארל גריי 50 שקיות טוינינגס,טוינינג,PL,טוינינג ארל גריי,גרמים,100.00,100 גרם,false,,31.90,0.3190,true,1,107906
70177084738,false,טווינינגס שחור רד פרוט 50 גרם,טוינינג,,תה שחור עם ארבע פירו,גרמים,50.00,100 גרם,false,,16.90,0.3380,true,1,164456
70177084769,false,טווינינגס שחור ונילה 50 גרם,טוינינג,,תה שחור ונילה 25 שקי,גרמים,50.00,100 גרם,false,,16.90,0.3380,true,1,164457
70177086664,false,תה ירוק טהור 25 שק TWININGS,טווינינגס Twinings,GB,תה ירוק טהור 25 שק',גרמים,50.00,100 גרם,false,,18.90,0.3780,true,1,40981
70177120948,false,טווינינגס שחור אפל & סינמון 50 גרם,טוינינג,,תה שחור עם תפוח וקינ,גרמים,50.00,100 גרם,false,,16.90,0.3380,true,1,164458
70177173159,false,תה ירוק עם לימון 25 שק TWININGS,אר. טווינינגס אנד קו,PL,תה טויני ירוק לימון,גרמים,50.00,100 גרם,false,,18.90,0.3780,true,1,95688
70177173166,false,תה יסמין ירוק 25 שקיקים TWININGS,טווינינגס Twinings,PL,תה טויני יסמין 25 שק,גרמים,50.00,100 גרם,false,,18.90,0.3780,true,1,95689
70177173203,false,תה ירוק עם מנטה 25 שק. טוינינגס,טווינינגס Twinings,GB,תה טויני ירוק מנטה 2,גרמים,50.00,100 גרם,false,,18.90,0.3780,true,1,95690
70177173746,false,תה ירוק לימון ודבש 25 שק. טוינינגס,טוינינג,PL,תה טויני ירוק עם לימ,גרמים,50.00,100 גרם,false,,18.90,0.3780,true,1,95691
70177175221,false,תה ירוק עם גינגר 25 שק. טוינינגס,טוינינג,PL,תה ירוק ג'ינג'ר,גרמים,40.00,100 גרם,false,,18.90,0.4725,true,1,107576
70177176914,false,תה טווינינג ארל גריי נטול קפאין 25 שקיקי,טווינינגס Twinings,,תה ארלגריי 25 שקיקים,גרמים,50.00,100 גרם,false,,18.90,0.3780,true,1,111313
70177177669,false,חליטה למון גינגר 30 גרם טווינינג,טוינינג,PL,חליטת למון ג'ינג'ר,גרמים,30.00,100 גרם,false,,15.90,0.5300,true,1,108219
70177177683,false,חליטה קמומיל האני 30 גרם טווינינג,טוינינג,PL,תה חליטת קמומיל,גרמים,30.00,100 גרם,false,,15.90,0.5300,true,1,107572
70177177737,false,חליטה פיור קמומיל 20 גרם טווינינג,טווינינגס Twinings,PL,תה חליטת קמומיל,גרמים,20.00,100 גרם,false,,15.90,0.7950,true,1,107573
70177177744,false,חליטה פיור פפרמינט 40 גרם טווינינג,טוינינג,PL,חליטת מנטה 20 שקיקים,גרמים,40.00,100 גרם,false,,15.90,0.3975,true,1,109355
70177273330,false,חליטת ורבנה 37.5 גרם טווינינג,טוינינג,PL,חליטת ורבנה טווינינג,גרמים,37.50,100 גרם,false,,15.90,0.4240,true,1,122889
70221011116,false,טובלרון שוקולד חלב 100 גרם,טובלרון Toblerone,CH,טובלרון חלב,גרמים,100.00,100 גרם,false,,8.90,0.0890,true,1,10154
70672000516,false,פסטל מחית דלעת 425 גרם,סנקה פוד,,מחית דלעת פסטל,גרמים,425.00,100 גרם,false,,14.90,0.0351,true,1,42156
70734070372,false,חליטת תה דבש לימון וגינסנג 20 שקיקים,,,"חליטת תה ""דבש לימון",גרמים,42.00,100 גרם,false,,16.90,0.4024,true,1,46017
70970471254,false,מייק לייק - סוכריות ג'לי בינס קרטונית פירות ירוק 141 גרם,ג'אסט בורן,US,מייק לייק-סוכריות ג',גרמים,141.00,100 גרם,false,,9.90,0.0702,true,1,59360
70970471261,false,מייק לייק - סוכריות ג'לי בינס קרטונית טרופי אדום 141 גרם,גאסט בורן,US,מייק לייק-סוכריות ג',גרמים,141.00,100 גרם,false,,9.90,0.0702,true,1,59361
70970471278,false,מייק לייק - סוכריות ג'לי בינס קרטונית פירות יער כחול 141 גרם,גאסט בורן,US,מייק לייק סוכריות ג',גרמים,141.00,100 גרם,false,,9.90,0.0702,true,1,65329
70970471285,false,מייק לייק 141 גרם אדום ראד,גאסט בורן,US,מייק לייק אדום 170ג',גרמים,170.00,100 גרם,false,,9.90,0.0582,true,1,57322
70970471308,false,"סוכריות מייק אייק רד רייג'רס, 141 ג'",גאסט בורן,US,מייק לייק סגול 170ג',גרמים,170.00,100 גרם,false,,9.90,0.0582,true,1,57323
70970473609,false,סוכריות ג'לי מייק&נייק מגה מיקס חמוץ 141 גר',גאסט בורן,US,סוכריות ג'ל בטעם פיר,גרמים,141.00,100 גרם,false,,9.90,0.0702,true,1,118305
71570001667,false,גלי בלי סוכריות 20 טעמים 70 גרם,ג'לי בלי קינדי,TH,סוכריות גלי ביילי 20,גרמים,70.00,100 גרם,false,,11.90,0.1700,true,1,112103
71570004293,false,גלי בלי סוכריות פניניות 70 גרם,ג'לי בלי קנדי,,סוכריות גלי ביילי פנ,גרמים,70.00,100 גרם,false,,11.90,0.1700,true,1,112104
72320124421,false,עוגיות סטאופר ג'נג'ר 397 גרם,סטאופר ביסקויט,US,סטאופר- עוגיות ג'ינג,גרמים,397.00,100 גרם,false,,19.90,0.0501,true,1,62895
72600005846,false,הר טורטיה דיפר מתירס לבן 383 גרם,הר פודס,US,הרס-טורטייה מתירס לב,גרמים,386.00,100 גרם,false,,24.90,0.0645,true,1,67221
72600009257,false,הר טורטיה צ'יפס מתירס לבן 255 גרם,הר פודס,US,הרס- טורטייה צ'יפס ת,גרמים,225.00,100 גרם,false,,19.90,0.0884,true,1,67222
72600062306,false,הר חטיפים בטעם גבינה 198 גרם,הר פודס,,הרס-חטיפי במבה גבינה,גרמים,198.00,100 גרם,false,,22.90,0.1157,true,1,65506
74261021333,false,רוטב סויה מיושן 1 ליטר,מנדרין סוי סוס,,רוטב סויה מיושן 1ל',יחידה,1.00,יחידה,false,,32.90,32.9000,true,1,46595
74261110334,false,רוטב סויה תמרי 1 ליטר,מנדרין סוי סוס,,רוטב סויה תמרי 1 ל',ליטרים,1.00,ליטר,false,,32.90,32.9000,true,1,13086
74261155106,false,רוטב וושסטר טבעוני 2,,,רוטב וושסטר טבעוני 2,מיליליטרים,296.00,"100 מ""ל",false,,17.90,0.0605,true,1,119344
74261201339,false,רוטב סויה תמרי דל נת,מנדרין סוי סוס,,רוטב סויה דל נתר,ליטרים,1.00,ליטר,false,,29.90,29.9000,true,1,13091
74261202008,false,תמרי רוטב סויה דל נת,מנדרין סוי סוס,,תמרי רוטב סויה דל נת,מיליליטרים,296.00,"100 מ""ל",false,,16.90,0.0571,true,1,110327
74305000164,false,"רוטב סויה ע""ב חלבון סויה ואמינו 473 מ""ל",,US,בראג רוטב סויה חומצו,מיליליטרים,473.00,"100 מ""ל",false,,36.90,0.0780,true,1,116104
74305001321,false,בראג חומץ תפוחים אור,,,בראג חומץ תפוחים אור,מיליליטרים,946.00,"100 מ""ל",false,,36.90,0.0390,true,1,116105
74410470050,false,אצות קומבו 57 גרם רונגצאנג,Qingdao Sun-growing,,אצות קומבו מיובשות,גרמים,57.00,100 גרם,false,,11.90,0.2088,true,1,57251
74570004003,false,גלידת שמנת משובחת ונ,האגן-דאז,,גלידה האגן דאז,גרמים,500.00,100 גרם,false,,24.90,0.0498,true,1,17793
74570024001,false,"גלידת שמנת תות שדה 500 מ""ל",האגן-דאז,,גלידה האג אנד דא,גרמים,500.00,100 גרם,false,,24.90,0.0498,true,1,17794
74570174003,false,"גלידת שמנת אגוזי מקדמיה 473 מ""ל",האגן-דאז,,גלידה האג אנד,גרמים,473.00,100 גרם,false,,24.90,0.0526,true,1,17796
74570274000,false,"גלידת שמנת קרם עוגיות 473 מ""ל",האגן-דאז,,גלידה האג אנד דא,גרמים,473.00,100 גרם,false,,24.90,0.0526,true,1,17797
74570610051,false,"גלידת שמנת שוקולד בלגי 500 מ""ל",האגן-דאז,,האגן-דאז גלידת שמנת,גרמים,500.00,100 גרם,false,,24.90,0.0498,true,1,17798
74570950010,false,גלידת שמנת עוגת גבינ,האגן-דאז,,גלידה האג אנד דא,גרמים,473.00,100 גרם,false,,24.90,0.0526,true,1,17801
74880020403,false,טוגראשי נאנאמי 15 גרם,JFC JAPAN INC.,JP,אבקת טוגרישי,גרמים,15.00,100 גרם,false,,18.90,1.2600,true,1,90094
75039007979,false,רוטב פסטה בזיליקום עגבניות מריה 680 גר',"מאכלי עולם ר.ז. בע""מ",US,רוטב פסטה מריה בזילי,גרמים,680.00,100 גרם,false,,14.90,0.0219,true,1,107840
75039008013,false,רוטב פסטה ספגטי איטלקי מריה 680 גר',ג'יאובני פוד,US,רוטב פסטה מריה רגיל,גרמים,680.00,100 גרם,false,,14.90,0.0219,true,1,107843
75810021255,false,"סאן ג'יי רוטב תמרי ללא גלוטן 296 מ""ל",סאן גיי אינטרנשיונל,,תמרי-רוטב סויה,מיליליטרים,296.00,"100 מ""ל",false,,25.90,0.0875,true,1,95912
75810021354,false,"רוטב סויה סאן גיי תמרי 592 מ""ל ללא גלוטן",סאן-ג'י,,תמרי רוטב סויה,מיליליטרים,592.00,"100 מ""ל",false,,37.90,0.0640,true,1,62782
76840002351,false,גלידה גימי סמור עם מרשמלו קלוי פירורי שוקולד בן וג'ירי 428 ג',מוצרי איכות אמריקאיי,IL,גלידת בן אנד ג'ריס,מיליליטרים,500.00,"100 מ""ל",false,,18.90,0.0378,true,1,121819
76840002542,false,"גלידת בן & ג'ריס פיינט נטפליקס וצ'ילד 500מ""ל",מוצרי איכות אמריקאים,IL,גלידת בן אנד ג'רי,גרמים,424.00,100 גרם,false,,18.90,0.0446,true,1,117384
76840100156,false,"בן אנד גריס גלידת צרי גרסיה 500 מ""ל",מוצרי איכות אמריקאיי,IL,גלידה בן וג'רי,גרמים,420.00,100 גרם,false,,18.90,0.0450,true,1,68507
76840100583,false,"גלידת וניל עם בצק עוגיות בן וג'ירי 473 מ""ל",מוצרי איכות אמריקאיי,IL,בן אנד ג'ריס בצק עוג,גרמים,473.00,100 גרם,false,,18.90,0.0400,false,1,44222
76840400218,false,"גלידה בן&ג'ריס תות שדה ועוגת גבינה 500מ""ל",מוצרי איכות אמריקאיי,IL,בן אנד ג'ריס גלידת ת,מיליליטרים,500.00,"100 מ""ל",false,,18.90,0.0378,true,1,63849
76840620029,false,"גלידה בן&ג'ריס שמנת עם תות 500מ""ל",מוצרי איכות אמריקאיי,IL,גלידה בן אנד ג'ריס,יחידה,420.00,יחידה,false,,18.90,0.0450,false,1,27829
77245110610,false,סוכריות מאסט ללא סוכר בטעם מנטה 80 ג'עלית,MIESZKO S.A - MS. JO,PL,סוכריות מאסט מנט,גרמים,80.00,100 גרם,false,,8.80,0.1100,false,1,10767
77975010167,false,סניידרס מקלוני חיטה בתוספת דבש 340 גרם,סניידרס Snyder's,US,סניידרס חטיף מקלוני,גרמים,340.00,100 גרם,false,,15.90,0.0468,true,1,103633
77975091975,false,סנדוויץ' בייגלה סניידרס במילוי קרם בטעם פיצה 226.8 גר',ליימן מותגים,US,סניידרס סנדוויץ בייג,גרמים,226.80,100 גרם,false,,15.90,0.0701,true,1,113264
77975093085,false,"בייגלה מצופה כעכים בציפוי שוקולד חלב, 141 ג סניידרס",סניידרס Snyder's,US,חטיף בייגלה סניידרס,גרמים,141.00,100 גרם,false,,16.90,0.1199,true,1,167431
77975093108,false,"בייגלה מצופה כעכים בציפוי בטעם שוקולד לבן, 141 ג סניידרס",סניידרס Snyder's,US,חטיף בייגלה סניידרס,גרמים,141.00,100 גרם,false,,16.90,0.1199,true,1,167432
77975094624,false,"סניידרס סנדוויץ בייגלה במילוי חמאת בוטנים , 226 ג'",סניידרס Snyder's,US,סניידרס חמאת בוטנים,גרמים,280.00,100 גרם,false,,15.90,0.0568,true,1,118594
77975094631,false,סנדביץ בייגלה במילוי קרם בטעם צ'דר 226 גרם סניידרס,סניידרס Snyder's,US,סניידרס צ'דר סנדוויץ,גרמים,226.00,100 גרם,false,,15.90,0.0704,true,1,118533
77975094761,false,שברי בייגלה סניידרס בטעם צידר 340 גרם,סניידרס Snyder's,US,סניידרס צ'דר 340 גר',גרמים,340.00,100 גרם,false,,15.90,0.0468,true,1,121912
77975094778,false,שברי בייגלה סניידרס בטעם דבש חרדל 340 גר,סניידרס Snyder's,US,סניידרס דבש וחרדל 34,גרמים,340.00,100 גרם,false,,15.90,0.0468,true,1,122569
78300081111,false,פלייטקס ספורט עם מוליך סופר 18 יח,פלייטקס,US,פלייטקס טמפונים ספור,יחידה,0.00,יחידה,false,,25.00,0.0000,true,1,121352
78300098393,false,פלייטקס טמפונים סופר פלוס סימפלי גנטל גלייד,פלייטקס מניפקטורינג,US,פלייטקס טמפונים סופר,יחידה,0.00,יחידה,false,,25.00,0.0000,true,1,109604
80432402931,false,"שיבאס וויסקי ריגאל 12 שנה 700 מ""ל",מזקקת האחים שיבאס,GB,"שיבאס 700 מ""ל",מיליליטרים,700.00,"100 מ""ל",false,,114.90,0.1641,false,1,102816
80518439660,false,פרסים רמה 6,,,פרסים רמה 6,יחידה,0.00,יחידה,false,,15.70,0.0000,true,1,7510
82422019754,false,סמבוקה מולינרי,,,סמבוקה מולינרי,מיליליטרים,750.00,"100 מ""ל",false,,115.00,0.1533,true,1,107712
84213017420,false,מסטמכר מיסלי אורגני אגוזים וצימוק 5 500,מרום את קונפינו,DE,מוזלי אגוזים וצימוקי,גרמים,500.00,100 גרם,false,,18.90,0.0378,true,1,12501
84213017475,false,מסטמכר מיסלי אורגני עם פירות 500ג,מרום את קונפינו,,מיסלי פירות ביו,גרמים,500.00,100 גרם,false,,18.90,0.0378,true,1,12502
84213017499,false,מסטמכר מיסלי אורגני עם פירות יער 500ג,מרום את קונפינו,DE,מיסלי פירות יער,גרמים,500.00,100 גרם,false,,18.90,0.0378,true,1,12503
84909011138,false,פניני טפיוקה צבעונים,,,פניני טפיוקה צבעונים,גרמים,400.00,100 גרם,false,,8.90,0.0223,true,1,148499
84909023049,false,רוטב צ'ילי מתוק ללא,,,רוטב צ'ילי מתוק ללא,גרמים,800.00,100 גרם,false,,15.90,0.0199,true,1,123732
85156210015,false,וודקה קטל וואן 1 לי,,,וודקה קטל וואן 1 לי,מיליליטרים,1000.00,"100 מ""ל",false,,120.00,0.1200,true,1,167309
85696607207,false,טופו רך מוריגאנא ללא,פסיפיק נוטרישונל פוד,US,טופו במרקם רך מרינו,גרמים,340.00,100 גרם,false,,11.90,0.0350,true,1,67683
85696608044,false,טופו מוצק ללא גלוטן,Morinaga nutritional,US,טופו מוצק ללא גלוטן,גרמים,349.00,100 גרם,false,,11.90,0.0341,true,1,89930
87666052819,false,"רוטב סריראצ`ה חריף 455 מ""ל",EXOTIC FOOD PCL,,רוטב סריראצ'ה סופר ח,מיליליטרים,455.00,"100 מ""ל",false,,22.90,0.0503,true,1,107884
87666052888,false,"רוטב סריראצ`ה עם למון גראס 455 מ""ל",EXOTIC FOOD PCL,,רוטב סריראצ'ה עם לימ,מיליליטרים,455.00,"100 מ""ל",false,,22.90,0.0503,true,1,107886
87752002544,false,יין ברון הרצוג זינפנ,,US,הרצוג זנפנדל לבן,מיליליטרים,750.00,"100 מ""ל",false,,39.90,0.0532,true,1,104860
87752002568,false,הרצוג שרדונה.,,,הרצוג שרדונה.,מיליליטרים,750.00,"100 מ""ל",false,,59.90,0.0799,true,1,115325
87752005644,false,"יין מוסקטו ברטנורה 750 מ""ל",מיסזקו אס.איי,IT,ברטנורא מוסקטו,מיליליטרים,750.00,"100 מ""ל",false,,55.00,0.0733,true,1,104861
87752008126,false,יין ברטנורא ספרקלינג,ברטנורא,IT,ברטנורא פרסקו,מיליליטרים,750.00,"100 מ""ל",false,,70.00,0.0933,true,1,108838
87752011218,false,פסגות קברנה סוביניון,פסגות,IL,פסגות קברנה סוביניון,מיליליטרים,750.00,"100 מ""ל",false,,80.00,0.1067,true,1,165205
87752011508,false,יין פסגות מרלו 750 מ,,IL,יין פסגות מרלו,מיליליטרים,750.00,"100 מ""ל",false,,80.00,0.1067,true,1,166386
87752011546,false,יין פסגות שרדונה 750,,IL,יין שרדונה פסגות,מיליליטרים,750.00,"100 מ""ל",false,,59.90,0.0799,true,1,119033
87752012093,false,קברנה סוביניון יקב ש,,,קברנה סוביניון יקב ש,מיליליטרים,750.00,"100 מ""ל",false,,120.00,0.1600,true,1,109843
87752013687,false,סוד מרלו יקב שילה,,,סוד מרלו יקב שילה,מיליליטרים,750.00,"100 מ""ל",false,,120.00,0.1600,true,1,110353
87752013854,false,יין ברטנורא ספרקלינג,,IT,ברטנורא מוסקטו ספרקל,מיליליטרים,750.00,"100 מ""ל",false,,69.90,0.0932,true,1,105492
87752019191,false,יין רוזה פסגות,,,יין רוזה פסגות,מיליליטרים,750.00,"100 מ""ל",false,,59.90,0.0799,true,1,168106
87752019207,false,יין פסגות סיני אדום,פסגות,IL,יין סיני יקב פסגות 2,מיליליטרים,750.00,"100 מ""ל",false,,65.00,0.0867,true,1,165643
87752023709,false,יין ברון הרצוג אלף 7,,US,יין הרצוג אלף 2021,מיליליטרים,750.00,"100 מ""ל",false,,39.90,0.0532,true,1,168506
87752024089,false,יין פסגות מלבק 750 מ,,IL,פסגות מלבק,מיליליטרים,750.00,"100 מ""ל",false,,80.00,0.1067,true,1,165206
89041081056,false,שמן סויה בתיבול צילי,Flavor full foods in,TW,שמן צ'ילי חריף,יחידה,185.00,יחידה,false,,14.90,0.0805,true,1,40723
89397344300,false,דיניקולה רוטב פסטה עגבניות ובזיל 737 גרם,ג'יאובני פוד אינק,US,רוטב פסטה עם עגבניות,גרמים,737.00,100 גרם,false,,16.90,0.0229,true,1,12514
89397344348,false,דיניקולה רוטב פסטה עם שום קלוי 737 גרם,ג'יאובני פוד אינק,US,רוטב פסטה עם שום צלו,גרמים,737.00,100 גרם,false,,16.90,0.0229,true,1,12516
89397344362,false,רוטב דיניקולה פסטה בטעם מרינדה 737 גרם,ג'יאובני פוד אינק,US,רוטב פסטה מרינרה קלא,יחידה,737.00,יחידה,false,,16.90,0.0229,true,1,42510
93133210736,false,מייקי-רוטב בסגנון טס,,,מייקי-רוטב בסגנון טס,גרמים,566.00,100 גרם,false,,39.90,0.0705,true,1,107613
93133737325,false,רוטב טריאקי שומשום עברית 566 גרם,אקזוטיק סאוס,US,רוטב טארייקי ושומשום,יחידה,566.00,יחידה,false,,39.90,0.0705,true,1,47175
305213079004,false,"תחליב גוף להזנה עמוקה צהוב וזלין 600 מ""ל",וזלין Vaseline,US,וזלין תחליב גוף צהוב,מיליליטרים,600.00,"100 מ""ל",false,,27.90,0.0465,true,1,103025
413900010558,false,"רוטב סויה דל מלח 296 מ""ל מהדרין",קיקומן פודז אינק,,רוטב סויה קיקומן 296,מיליליטרים,296.00,"100 מ""ל",false,,13.90,0.0470,true,1,10172
608614310463,false,אוכמניות טריות,אראל תוצרת חקלאית בע,IL,אוכמניות טריות,גרמים,125.00,100 גרם,false,,11.90,0.0952,true,1,168161
608614310777,false,דומדמניות אדומות 125,,,דומדמניות אדומות 125,גרמים,125.00,100 גרם,false,,19.90,0.1592,true,1,168553
611745285685,false,אבוקדו בשל ארוז יחיד,משתנה,IL,אבוקדו זוגות,גרמים,500.00,100 גרם,false,,11.90,0.0238,true,1,102479
611745288709,false,לחם שיפון כוסמין מלא,,,לחם שיפון כוסמין מלא,גרמים,730.00,100 גרם,false,,21.90,0.0300,true,1,123193
611745288716,false,לחם כוסמת ירוקה וטף,,,לחם כוסמת ירוקה וטף,גרמים,760.00,100 גרם,false,,26.90,0.0354,true,1,123186
611745288723,false,לחם מונבט מלא,,,לחם מונבט מלא,גרמים,720.00,100 גרם,false,,26.90,0.0374,true,1,123194
611745288730,false,לחם חיטה מלאה עם גרע,,,לחם חיטה מלאה עם גרע,גרמים,680.00,100 גרם,false,,21.90,0.0322,true,1,123187
611745288747,false,לחם לסנדביץ,,,לחם לסנדביץ,גרמים,820.00,100 גרם,false,,21.90,0.0267,true,1,123195
611745288754,false,לחם כפרי אגוזים וסיל,,,לחם כפרי אגוזים וסיל,גרמים,680.00,100 גרם,false,,28.90,0.0425,true,1,123188
611745288761,false,לחם כוסמין מלא,,,לחם כוסמין מלא,גרמים,730.00,100 גרם,false,,26.90,0.0368,true,1,123189
611745288778,false,לחם כפרי מעודן,,,לחם כפרי מעודן,גרמים,620.00,100 גרם,false,,21.90,0.0353,true,1,123196
611745288785,false,חלת כוסמין,,,חלת כוסמין,גרמים,570.00,100 גרם,false,,26.90,0.0472,true,1,123197
611745288792,false,לחם כפרי זיתים,,,לחם כפרי זיתים,גרמים,660.00,100 גרם,false,,21.90,0.0332,true,1,123190
613008715267,false,"אריזונה תה ירוק גינסנג פחית 680 מ""ל",אריזונה,US,אריזונה גרין טי פחית,יחידה,680.00,יחידה,false,,11.50,0.0169,true,1,49858
613008718763,false,"אריזונה משקה פונץ פירות פחית 680 מ""ל",אריזונה,US,אריזונה משקה פירות,יחידה,680.00,יחידה,false,,11.50,0.0169,true,1,60349
613008719524,false,"אריזונה תה קר אפרסק פחית 680 מ""ל",אריזונה,US,אריזונה תה קר אפרסק,יחידה,680.00,יחידה,false,,11.50,0.0169,true,1,51966
613008742348,false,בקבוק אריזונה ג'נסינג ודבש 1 ליטר,נובה טרייד אל טי די,DE,אריזונה ג'נסינג ודבש,ליטרים,1.00,ליטר,false,,11.00,11.0000,true,1,118154
613008742409,false,בקבוק אריזונה אפרסק 1 ליטר,נובה טרייד אל טי די,DE,אריזונה אפרסק בקבוק,ליטרים,1.00,ליטר,false,,11.00,11.0000,true,1,118155
613008753290,false,"בקבוק אריזונה אפרסק 450 מ""ל",אריזונה Arizona,BG,"אריזונה אפרסק 450 מ""",מיליליטרים,450.00,"100 מ""ל",false,,7.50,0.0167,true,1,111330
613008753320,false,"אריזונה ג'ינסנג ודבש בקבוק 450 מ""ל.",נובה טרייד אל טי די,BG,אריזונה ג'ינסנג ודבש,מיליליטרים,450.00,"100 מ""ל",false,,7.50,0.0167,true,1,111334
613008753351,false,"בקבוק אריזונה רימונים 450 מ""ל",נובה טרייד אל טי די,BG,אריזונה רימונים 450,מיליליטרים,450.00,"100 מ""ל",false,,7.50,0.0167,true,1,111331
613008753382,false,"בקבוק אריזונה אוכמניות 450 מ""ל",לני אנד לארי,BG,אריזונה אוכמניות 450,מיליליטרים,450.00,"100 מ""ל",false,,7.50,0.0167,true,1,111332
613008755461,false,בקבוק אריזונה אוכמניות 1 ליטר,נובה טרייד אל טי די,DE,אריזונה אוכמניות בקב,ליטרים,1.00,ליטר,false,,11.00,11.0000,true,1,118156
621683920159,false,טינקיאדה ספגטי פסטה ארוז ללא גלוטן 454 ג,,,פסטה מאורז חום,גרמים,454.00,100 גרם,false,,21.90,0.0482,true,1,55340
621683920555,false,טינקיאדה אלבו פסטה ארוז ללא גלוטן 454 גר,,,פסטה מאורז חום ללא ג,גרמים,454.00,100 גרם,false,,21.90,0.0482,true,1,50936
621683920654,false,פוזילי אורז חום ללא גלוטן ול. חיטה 454 ג,,,פוסילי אורז פתיתים,גרמים,454.00,100 גרם,false,,21.90,0.0482,true,1,50932
621683920753,false,פסטה מאורז,,,פסטה מאורז,גרמים,454.00,100 גרם,false,,21.90,0.0482,true,1,52150
621683921255,false,טינקיאדה ספירל פסטה ארוז ללא גלוטן 454,,,פסטה אורז חום,גרמים,454.00,100 גרם,false,,21.90,0.0482,true,1,38074
621683921354,false,טינקיאדה לזניה פסטה ללא גלוטן 280 גרם,,,לזניה מאורז חום,גרמים,280.00,100 גרם,false,,27.90,0.0996,true,1,65331
628154383659,false,דגני בוקר פרוטי פבלס 311 ג' POST,פוסט ארצות הברית,US,דגני פרוטי פבלס,גרמים,311.00,100 גרם,false,,21.90,0.0704,true,1,166540
633824151339,false,וודקה ואן גוך רימון,,,וודקה ואן גוך רימון,מיליליטרים,750.00,"100 מ""ל",false,,119.90,0.1599,true,1,122998
633824913432,false,"וודקה וואן גוך אסאי בלוברי 750 מ""ל",מזקקת קוימאנס טילבור,NL,ואן גוך אסאי בלוברי,מיליליטרים,750.00,"100 מ""ל",false,,129.90,0.1732,false,1,46100
635189801690,false,מעביר 2-T,,,מעביר 2-T,יחידה,0.00,יחידה,false,,6.90,0.0000,true,1,108678
635189801713,false,מעביר 3-T,,,מעביר 3-T,יחידה,0.00,יחידה,false,,8.90,0.0000,true,1,108679
639138513238,false,פילה הרינג מעושן בשמן צמחי,רוג'ין פיש,,פילה הרינג מעושן בשמ,גרמים,190.00,100 גרם,false,,13.00,0.0684,true,1,31940
639138527631,false,פילה הרינג ברוטב חרדל 200 גרם,רוג'ין פיש,,הרינג ברוטב חרדל 200,גרמים,200.00,100 גרם,false,,13.00,0.0650,true,1,30744
644209307494,false,דנקן היינס תערובת עוגה צהובה 432 גרם,פיניקל פודס,,תערובת להכנת עוגת זה,גרמים,432.00,100 גרם,false,,18.00,0.0417,true,1,101350
644209307579,false,דנקן היינס תערובת עוגת Devil שוקולד 432 גרם,פיניקל פודס,,תערובת להכנת עוגת שו,גרמים,432.00,100 גרם,false,,18.90,0.0437,true,1,102854
644209311316,false,דנקן היינס תערובת בראוניס צ'ואי פאדג' 520 גרם,פיניקל פודס,,תערובת לעוגה צוא'י ב,גרמים,565.00,100 גרם,false,,19.90,0.0352,true,1,52211
644209332472,false,דנקן היינס תערובת בראוניס פאדג' כפול 498 גרם,,,דנקן תערובת עוגת ברא,גרמים,498.00,100 גרם,false,,23.90,0.0480,true,1,122959
644209405923,false,דנקן היינס ציפוי מוקצף וניל 397 גרם פרווה,רוזקםבייקינג קומפני,US,קרם וניל מוקצף לציפו,גרמים,397.00,100 גרם,false,,19.90,0.0501,true,1,95552
644209405930,false,דנקן היינס ציפוי מוקצף שוקולד 397 גרם פרווה,רוזקםבייקינג קומפני,US,דנקן קרם ציפוי מוקצף,גרמים,397.00,100 גרם,false,,19.90,0.0501,true,1,110774
645173911038,false,קורנישון מלפפוןן מיני 720 גרם - תומר,קלמן אינדיה,IN,תומר-מלפפונים קורניש,גרמים,360.00,100 גרם,false,,9.90,0.0275,true,1,57221
645692555645,false,עוגיות סהרון פפושדו,פפשדו,,עוגיות סהרון פפושדו,גרמים,200.00,100 גרם,false,,5.90,0.0295,true,1,16583
649660013281,false,"היל ויו מיצוי מיץ שזיפים מיובשים 946 מ""ל",היל ויו,,מיץ שזיפים ללא תוספת,מיליליטרים,946.00,"100 מ""ל",false,,21.00,0.0222,true,1,96539
649660432020,false,היל ויו שזיפים מיובשים מגולענים 567 גרם,היליו פאקינג קוסמי א,US,שזיפים מיובשים 567 ג,גרמים,567.00,100 גרם,false,,26.90,0.0474,true,1,96540
666522900053,false,ציברס ריבת דובדבנים שחורות 340 גרם,היסטון סוויטס ספרדס,,ציברס ריבת דומדמניות,גרמים,340.00,100 גרם,false,,18.90,0.0556,true,1,118496
686412282984,false,נתחי טונה לבנה בשמן זית 220 גרם ORTIZ,אורטיז ORTIZ,ES,טונה לבנה בשמן זית 2,גרמים,220.00,100 גרם,false,,41.90,0.1905,true,1,117444
686464462006,false,לקקן טבעת לקקן מאירה,,,לקקן טבעת לקקן מאירה,יחידה,0.00,יחידה,false,,5.50,0.0000,true,1,164281
686464519007,false,ממתק לקקן מלקחיים צב,,,ממתק לקקן מלקחיים צב,גרמים,15.00,100 גרם,false,,8.50,0.5667,true,1,165259
686464528009,false,ממתק לקקן לייזר פופ,,,ממתק לקקן לייזר פופ,יחידה,0.00,יחידה,false,,9.90,0.0000,true,1,164283
691535501010,false,חטיף חלבון עם שוקולד,,US,חטיף חלבון עם שוקולד,גרמים,50.00,100 גרם,false,,9.90,0.1980,true,1,114501
691535505018,false,חטיף חלבון נוגו וניל,,US,חטיף חלבון טעם וניל,גרמים,50.00,100 גרם,false,,9.90,0.1980,true,1,106824
691535507012,false,חטיף חלבון נוגו בננה,,US,חטיף שוקולד בננה 50,גרמים,50.00,100 גרם,false,,9.90,0.1980,true,1,109189
691535527010,false,נוגו דארק חמאת בוטני,,,נוגו דארק חמאת בוטני,גרמים,50.00,100 גרם,false,,11.90,0.2380,true,1,164242
691535528017,false,חטיף חלבון נוגו קוקו,,US,חטיף חלבון קוקוס,גרמים,50.00,100 גרם,false,,11.90,0.2380,true,1,107136
691535529014,false,חטיף חלבון שוקולד בי,,US,חטיף חלבון שוקולד בי,גרמים,50.00,100 גרם,false,,11.90,0.2380,true,1,111705
693493022231,false,לחם מחמצת שיפון אגוז,,,לחם מחמצת שיפון אגוז,גרמים,750.00,100 גרם,false,,23.90,0.0319,true,1,112290
693493022248,false,לחם מחמצת 7 סוגי גרע,,,לחם מחמצת 7 סוגי גרע,גרמים,750.00,100 גרם,false,,23.90,0.0319,true,1,112291
693493022262,false,לחם מחמצת זיתים,,,לחם מחמצת זיתים,גרמים,800.00,100 גרם,false,,23.90,0.0299,true,1,112293
693493022279,false,לחם מחמצת 100% מלא,,,לחם מחמצת 100% מלא,גרמים,800.00,100 גרם,false,,23.90,0.0299,true,1,112294
693493022286,false,לחם מחמצת כוסמין,,,לחם מחמצת כוסמין,גרמים,800.00,100 גרם,false,,23.90,0.0299,true,1,112295
693493047784,false,"טחינה אתיופית 1 ק""ג",,,"טחינה אתיופית 1 ק""ג",קילוגרמים,1.00,"ק""ג",false,,28.90,28.9000,true,1,115396
693493065351,false,מלפפון בייבי משק פר,,,מלפפון בייבי משק פר,יחידה,0.00,יחידה,false,,8.90,0.0000,true,1,115089
693493075466,false,עוגיות זיו נשנושיות,זיו,IL,עוגיות זיו נשנושיות,גרמים,220.00,100 גרם,false,,29.90,0.1359,true,1,167645
693493075497,false,עוגיות זיו דיסקיות צ,זיו,IL,עוגיות זיו דיסקיות צ,גרמים,250.00,100 גרם,false,,29.90,0.1196,true,1,167647
693493075510,false,עוגיות זיו שילגיות 2,זיו,IL,עוגיות זיו שילגיות,גרמים,250.00,100 גרם,false,,29.90,0.1196,true,1,167648
693493075619,false,עוגיות זיו כדורי תמר,זיו,IL,כדורי תמרים וקקאו טב,גרמים,370.00,100 גרם,false,,29.90,0.0808,true,1,168697
693493075640,false,עוגיות זיו בראוניז 3,זיו,IL,העוגיות של זיו,גרמים,300.00,100 גרם,false,,29.90,0.0997,true,1,163714
693493075695,false,עוגיות זיו אלפחורס 3,זיו,IL,עוגיות זיו אלפחורס,גרמים,320.00,100 גרם,false,,29.90,0.0934,true,1,167641
693493075701,false,עוגיות זיו פרחי ריבה,זיו,IL,עוגיות זיו פרחי ריבה,גרמים,270.00,100 גרם,false,,29.90,0.1107,true,1,167642
693493075725,false,עוגיות זיו שושנים 22,זיו,IL,עוגיות זיו שושנים,גרמים,270.00,100 גרם,false,,29.90,0.1107,true,1,167643
693493092500,false,פיתות שמשון מרובעות,,,פיתות שמשון מרובעות,גרמים,600.00,100 גרם,false,,9.90,0.0165,true,1,118762
693493092524,false,פיתות שמשון עגולות 5,,,פיתות שמשון עגולות 5,גרמים,550.00,100 גרם,false,,9.90,0.0180,true,1,118763
693493092531,false,פיתות שמשון קמח מלא,,,פיתות שמשון קמח מלא,גרמים,500.00,100 גרם,false,,9.90,0.0198,true,1,165176
693493199667,false,קובנה סאמנה משפחתית,,,קובנה סאמנה משפחתית,גרמים,600.00,100 גרם,false,,47.90,0.0798,true,1,167120
716165174011,false,נייר גלגול +פילט,,,פילטר RAW גדול,יחידה,0.00,יחידה,false,,6.00,0.0000,false,1,107661
716165174578,false,נייר גילגול קונוס 3,,,נייר גילגול קונוס 3,יחידה,0.00,יחידה,false,,4.50,0.0000,true,1,103584
716165202547,false,פילטר RAW קטן,,,פילטר RAW קטן,יחידה,0.00,יחידה,false,,5.00,0.0000,false,1,107664
717273504875,false,ממרח מיונז ללא ביצים,ווברס חברת חרדל,US,מיונז ללא ביצים,גרמים,473.00,100 גרם,false,,19.90,0.0421,true,1,67346
721733000722,false,"טקילה פטרון רפוסדו 700 מ""ל",,,פטרון- רפוסאדו טקילה,מיליליטרים,700.00,"100 מ""ל",false,,180.00,0.2571,true,1,93895
722252130228,false,קליף בר חטיף שקדים פאדג 68 גרם,,,קליף- חטיף שיבולת שו,גרמים,68.00,100 גרם,false,,9.90,0.1456,true,1,106561
722325000007,false,עוגיות אלמונדינה,,,עוגיות אלמונדינה,גרמים,113.00,100 גרם,false,,18.90,0.1673,true,1,58811
728229123590,false,חטיף על בסיס ירקות שורש בטעם טבעי,הונדורס צ'יפס יצור א,HN,טרה חטיף ציפס מירקות,גרמים,110.00,100 גרם,false,,15.90,0.1445,true,1,24940
728229123811,false,חטיף על בסיס ירקות שורש בתיבול ים תיכוני,הונדורס צ'יפס יצור א,HN,טרה חטיף ציפס מירקות,גרמים,110.00,100 גרם,false,,15.90,0.1445,false,1,25967
728229124771,false,חטיף ציפס טרה מבטטה בטעם ברביקיו 110 גרם,היין פיוצ'ור נטורל פ,IN,טרה צ'יפס בטטה ברביק,גרמים,110.00,100 גרם,false,,15.90,0.1445,true,1,96021
728229130444,false,"חטיף על בסיס ירקות שורש עם בטטה, תפו""א כחול וסלק",היין סלסטיאל גרופ,US,טרה חטיף ציפס מירקות,גרמים,110.00,100 גרם,false,,15.90,0.1445,false,1,44486
734896880339,false,סביבון מאיר ומנגן בקופסא,General,CN,סביבון מאיר ומנגן,יחידה,0.00,יחידה,false,,19.90,0.0000,true,1,168740
761720051108,false,"קארו סירופ תירס בהיר 470 מ""ל",אי סי איץ,US,סירופ קארו בהיר,יחידה,453.00,יחידה,false,,28.90,0.0638,true,1,35475
761720988183,false,ארגו אבקת אפיה ללא אלומיניאום 340 גר,"י. כהן בע""מ",,אבקת אפייה ללא אלומי,מיליליטרים,340.00,"100 מ""ל",false,,21.90,0.0644,true,1,64689
768404001640,false,"גלידה בן&ג'ריס קפה משפחתית 500מ""ל",מוצרי איכות אמריקאיי,IL,בן וג'ריס גלידת קפה,מיליליטרים,500.00,"100 מ""ל",false,,18.90,0.0378,true,1,43038
769904000607,false,שקדי מרק ללא גלוטן 200 גר',גיי אפ פי ייצור מזון,IL,שקדי מרק,גרמים,200.00,100 גרם,false,,12.90,0.0645,true,1,63143
769904000997,false,דגש שקדי מרק ללא גלו,משובח תעשיות מזון,IL,שקדי מרק ללא גלוטן 2,גרמים,200.00,100 גרם,false,,14.90,0.0745,true,1,106984
770009010484,false,מנגטים לאפייה אורגניים 60 יח,SOURCE ATLANTIQUE,,מנג'טים לאפייה,יחידה,0.00,יחידה,false,,11.50,0.0000,true,1,96661
770009011924,false,ניירות אפייה 100% טבעי 24 יח,Source Atlantique,IL,נייר אפייה,יחידה,0.00,יחידה,false,,22.90,0.0000,true,1,68517
770009250262,false,שקיות אוכל מנייר 100% טבעי,SOURCE ATLANTIQUE,IL,שקיות אוכל מנייר,יחידה,0.00,יחידה,false,,19.90,0.0000,true,1,66969
777034009681,false,- לקריץ אולסורט 250 גר' 1/18,,NL,סוכריות אולסורטס,גרמים,250.00,100 גרם,false,,11.90,0.0476,true,1,91584
777915888299,false,"אקיטה רוטב סויה ללא גלוטן 450 מ""ל",אלימנטשן אקיטה,CA,אקיטה רוטב סויה,יחידה,290.00,יחידה,false,,17.90,0.0617,true,1,22301
786150000281,false,"שישייה בירה לף בראון בקבוק 330X6 מ""ל",לף Leffe,BE,שישיית בירה לף בראון,ליטרים,1.98,ליטר,false,,44.90,22.6768,false,1,166543
810206000694,false,מאסל אבקת גרייבי עשי,,,מאסל אבקת גרייבי עשי,גרמים,168.00,100 גרם,false,,16.90,0.1006,true,1,166042
810206001011,false,מאסל קוביות ציר עוף,,,מאסל קוביות ציר עוף,גרמים,105.00,100 גרם,false,,15.90,0.1514,true,1,166098
810206005057,false,מאסל ציר טעם עוף אור,מאסל אינטרנשיונאל,AU,מאסל ציר טעם עוף אור,ליטרים,1.00,1000ליטר,false,,16.90,16.9000,true,1,166051
810206005064,false,מאסל ציר טעם ירקות א,מאסל אינטרנשיונאל,AU,מאסל ציר טעם ירקות א,ליטרים,1.00,1000ליטר,false,,16.90,16.9000,true,1,166047
810206005101,false,מאסל ציר טעם בקר אור,,,מאסל ציר טעם בקר אור,ליטרים,1.00,1000ליטר,false,,16.90,16.9000,true,1,166048
812664009356,false,תמיקון תרכיז תמר הינדי 400 גר,,,ממרח תמרים מרוכז נפט,גרמים,400.00,100 גרם,false,,14.90,0.0373,true,1,109521
818570007066,false,1X12X29Mווטקינס וניל טהור,"ג'יי אר ווטקינס בע""מ",US,ווטקינס תמצית וניל ט,גרמים,29.00,100 גרם,false,,27.90,0.9621,true,1,101458
833949000264,false,"סירופ מייפל אמיתי 100% אורגני 250 מ""ל",דיקסר קוויבק,CA,סירופ מייפל אמיתי,גרמים,330.00,100 גרם,false,,29.90,0.0906,true,1,49550
835811000167,false,נר נשמה בזכוכית לשבעה ימים,MULDER NATURAL FOODS,CN,נר נשמה שבועי בזכוכי,יחידה,0.00,יחידה,false,,10.90,0.0000,true,1,114643
835811000297,false,כוסות שתיה חמה 9 אוז 50 יח',אכיף,IL,כוסות קרטון 50 יח',יחידה,0.00,יחידה,false,,11.90,0.0000,true,1,115276
835811000396,false,נייר אפיה לתבנית מוארכת - מארז 30 ניירות,הנג טונג,CN,נייר אפיה לתבנית מוא,יחידה,0.00,יחידה,false,,9.90,0.0000,true,1,115277
835811000402,false,כפות 50 יח` קרם עבה במיוחד,"גרנג יוניברס , הונג",TR,כפות 50 יח' קרם,יחידה,0.00,יחידה,false,,13.90,0.0000,true,1,110766
835811000419,false,כפיות 50 יח` קרם עבה במיוחד,"גרנג יוניברס , הונג",TR,כפיות 50 יח' קרם,יחידה,0.00,יחידה,false,,13.90,0.0000,true,1,110767
835811000426,false,מזלגות 50 יח` קרם עבה במיוחד,"גרנג יוניברס , הונג",TR,מזלגות 50 יח' קרם,יחידה,0.00,יחידה,false,,13.90,0.0000,true,1,110768
835811000433,false,סכינים קרם עבה במיוחד 50 יח',"גרנג יוניברס , הונג",TR,סכינים 50 יח' קרם,יחידה,0.00,יחידה,false,,13.90,0.0000,true,1,110765
835811000440,false,"צלחות ח""פ קשיחות קרם 1 ק""ג",הנמל,IL,"צלחות 1 ק""ג קרם",יחידה,0.00,יחידה,false,,39.90,0.0000,false,1,110769
835811000518,false,תמצית וניל טהור הנמל,,IL,תמצית וניל טהורה,מיליליטרים,29.00,"100 מ""ל",false,,26.90,0.9276,true,1,168418
835811000907,false,כוסות יין מעוטרות כס,,TR,כוסות יין מעוטרות 50,יחידה,0.00,יחידה,false,,9.90,0.0000,true,1,116020
835811001119,false,מיני עדשים 200 גרם בצנצנת לעוגה,,,מיני עדשים 200 גר בצ,גרמים,200.00,100 גרם,false,,12.90,0.0645,true,1,116149
835811001133,false,קוקוס הנמל 400 גרם כ,,,קוקוס 400 גר',גרמים,400.00,100 גרם,false,,11.90,0.0298,true,1,115279
835811001140,false,שומשום הנמל 400 גרם,הנמל אריזות.,IL,שומשום 400 גר,גרמים,400.00,100 גרם,false,,9.90,0.0248,true,1,116150
835811001157,false,צלחות גדול מדקל 10 י,,,צלחות גדול מדקל 10 י,יחידה,0.00,יחידה,false,,13.90,0.0000,true,1,118035
835811001164,false,צלחות קטן מדקל 10 יח,,,צלחות קטן מדקל 10 יח,יחידה,0.00,יחידה,false,,10.90,0.0000,true,1,118036
835811001188,false,צלחות עגולות ענק מדק,,,צלחות ענק מדקל 10 יח,יחידה,0.00,יחידה,false,,14.90,0.0000,true,1,118041
835811001201,false,מגש אובלי בינוני מדק,,,מגש אובלי בינוני מדק,יחידה,0.00,יחידה,false,,16.90,0.0000,true,1,118042
835811001232,false,"נייר אפיה לתבנית עגולה 26 ס""מ - מארז 10 ניירות",האנג טונג,CN,נייר אפייה לתבנית עג,יחידה,0.00,יחידה,false,,10.90,0.0000,true,1,118043
835811001591,false,גביעי אחסון 8יח` + מכסה 0.5 ליטר,,,גביעי איחסון 8 יח +,יחידה,0.00,יחידה,false,,6.30,0.0000,true,1,93454
835811001607,false,גביעי אחסון 6 יח` + מכסה 1 ליטר,,,גביעי איחסון 6 יח +מ,יחידה,0.00,יחידה,false,,5.90,0.0000,true,1,93517
835811001652,false,כוס לשתיה קרה 330 סמק` 40 יח` )בירה(,ווינפאק סחר בעמ,CN,כוס לשתיה קרה 330 סמ,יחידה,0.00,יחידה,false,,9.50,0.0000,true,1,93494
835811001676,false,"תבנית אלומיניום גדולה 32*26 ס""מ - 9 יח'",הנמל,IL,מגש הכסף תבנית מלבן,יחידה,0.00,יחידה,false,,9.90,0.0000,true,1,119454
835811001836,false,מגש ענק שקוף ונציה 2,הנמל,,מגש ענק שקוף ונציה 2,יחידה,0.00,יחידה,false,,12.90,0.0000,true,1,91625
835811001959,false,תבניות אלומיניום עבות במיוחד 41*30 רוסטר בינוני,הנמל,,תבנית אלומיניום עבה,יחידה,0.00,יחידה,false,,10.90,0.0000,true,1,66916
835811001966,false,"תבנית אלומ` עבה רוסטר 370X270X70 ס""מ 4 יח`",הנמל,,תבנית אלומיניום עבה,יחידה,0.00,יחידה,false,,10.90,0.0000,true,1,66917
835811001997,false,"תבנית אלומ` עבה לחלה 320X167X80 ס""מ 4 יח`",הנמל,,תבנית אלומיניום עבה,יחידה,0.00,יחידה,false,,10.90,0.0000,true,1,66920
835811002215,false,מאפינס צבעוני מס' 4 הנמל 200 יח',יונק,,מאפינס צבעוני מס' 4,יחידה,0.00,יחידה,false,,9.50,0.0000,true,1,99234
835811002239,false,מאפינס צבעוני מס' 3 הנמל 200 יח',יונק,,מאפינס צבעוני מס' 3,יחידה,0.00,יחידה,false,,8.00,0.0000,true,1,99235
835811002277,false,"שיפודים עבים מבמבוק 35 ס""מ 50 יח",גרנג יוניברס,CN,שיפודי במבוק עבים,יחידה,0.00,יחידה,false,,5.50,0.0000,true,1,121944
835811002390,false,"שיפודים יקיטורי מבמבוק 15 ס""מ 100 יח",,,"שיפודי במבוק 15 ס""מ",יחידה,0.00,יחידה,false,,7.90,0.0000,true,1,164697
835811002734,false,מזרה קונפטי ארוך בצנ,,,מזרה קונפטי ארוך בצנ,גרמים,90.00,100 גרם,false,,5.50,0.0611,true,1,164695
835811003090,false,מזלגות הגשה שקוף 10 יח' הנמל,מיקרון מקינה,TR,מזלגות הגשה 10 יח' ש,יחידה,0.00,יחידה,false,,9.90,0.0000,true,1,165929
835811003106,false,כפות הגשה שקוף 10 יח' הנמל,מיקרון מקינה,TR,כפות הגשה 10 יח' שקו,יחידה,0.00,יחידה,false,,9.90,0.0000,true,1,165930
835811003199,false,נייר אפיה לתבנית מרובע 6X32 16 יח',,CN,נייר אפיה לתבנית מלב,יחידה,0.00,יחידה,false,,17.90,0.0000,true,1,164043
835811003427,false,"צלחות גדולות מקנה סוכר 1 ק""ג",,,צלחות גדול מקנה סוכר,יחידה,0.00,יחידה,false,,32.90,0.0000,true,1,165933
835811003588,false,צלחות קלאסי גדול לבן 65 יח' הנמל,,,צלחות קלאסי גדול לבן,יחידה,0.00,יחידה,false,,32.90,0.0000,true,1,165919
835811003595,false,צלחות קלאסי קטן לבן 65 יח' הנמל,,,צלחות קלאסי קטן לבן,יחידה,0.00,יחידה,false,,19.90,0.0000,true,1,165920
835811003625,false,נרות צבעוניים 12 יח הנמל,,PL,נרות צבעוניים,יחידה,0.00,יחידה,false,,8.90,0.0000,true,1,107853
835811003700,false,סודה לשתייה הנמל 250,"פוליבה בע""מ",IL,סודה לשתיה 250 גר',גרמים,250.00,100 גרם,false,,5.90,0.0236,true,1,117012
835811003816,false,"הנמל קופסת אחסון מרובעת מארז, 3 * 2 ליטר",נינגבו יונאן,CN,קופסת איחסון מלבן 2,יחידה,0.00,יחידה,false,,11.90,0.0000,true,1,106956
835811003823,false,"הנמל קופסת אחסון מרובעת מארז, 5 * 1 ליטר",נינגבו יונאן,CN,קופסת איחסון מלבן 1,יחידה,0.00,יחידה,false,,11.90,0.0000,true,1,106121
835811003847,false,"הנמל גביע אחסון עגול ומכסה מארז, 8 * 500 מ""ל",נינגבו יונאן,CN,גביעי איחסון עגול 50,יחידה,0.00,יחידה,false,,11.90,0.0000,true,1,105826
835811004059,false,צלחות מרובעות ענק מד,,,צלחות מרובעות גדול מ,יחידה,0.00,יחידה,false,,13.90,0.0000,true,1,118039
835811004073,false,צלחות מרובעות ענק מד,,,צלחות מרובעות ענק מד,יחידה,0.00,יחידה,false,,14.90,0.0000,true,1,118044
835811004189,false,פרורי לחם מוזהבים בתוספת שומשום 800 גר',הנמל,IL,פרורי לחם מוזהבים 80,גרמים,800.00,100 גרם,false,,10.90,0.0136,true,1,116697
835811004219,false,מפות שולחן ניילון עבה הנמל 8 יח',זמזמ תעשיות פלסטיק,IL,מפות שולחן ניילון עב,יחידה,0.00,יחידה,false,,9.50,0.0000,true,1,107553
835811004226,false,מפת ניילון בגליל 45 מטר,,IL,מפת שולחן עבה בגליל,יחידה,0.00,יחידה,false,,29.90,0.0000,true,1,107167
835811004509,false,קערה פסים גדולה לסלט ענק 2500 מל` 1 יח`,הנג טונג,CN,קערת פסים ענק,יחידה,0.00,יחידה,false,,6.90,0.0000,true,1,108346
835811004684,false,עטרות אלו` 3 לאפיה 100 יח` כסף /זהב,הנג טון,CN,עטרות אלומיניום לאפי,יחידה,0.00,יחידה,false,,7.90,0.0000,true,1,47210
835811004691,false,עטרות אלו' לאפיה 100 יח' מס' 2 כסף/ זהב,הנג טון,CN,עטרות אלומניום לאפיה,יחידה,0.00,יחידה,false,,6.50,0.0000,true,1,47211
835811004707,false,פירורי לחם מוזהבים 440 ג' הנמל,ברמן שוקולד ועוגיות,IL,פרורי לחם מוזהב 440ג,יחידה,0.00,יחידה,false,,7.30,0.0000,true,1,47977
835811005018,false,"כוס יהלום שקוף מ""ל ח""פ 50 יחי",הנמל,TR,כוסות קריסטל יהלום 5,יחידה,0.00,יחידה,false,,14.90,0.0000,true,1,44176
835811005049,false,נייר אפייה משובח וידידותי לסביבה מהדרין 38X42,"איטיליאן פוד, אס.פי.",IL,אפי 40 יח' מתכלה ירו,יחידה,0.00,יחידה,false,,10.90,0.0000,true,1,44523
835811005322,false,"פחם דרום אמריקאי הנמל 2 ק""ג",BRICAPER,IT,פחם דרום אמריקאי 2 ק,קילוגרמים,2.00,"ק""ג",false,,14.90,7.4500,true,1,52856
835811005407,false,כוסות קפה לדרך עם מכסה ענק הנמל 12יח',"צח ייבוא ושיווק בע""מ",IL,כוסות חד פעמי +מכסה,יחידה,0.00,יחידה,false,,13.90,0.0000,true,1,52207
835811005704,false,נייר עטיפה לכריכים 100 יח` 35X25,טופ פלסט 2002 בעמ,IL,נייר עטיפה לכריכים 1,יחידה,0.00,יחידה,false,,10.00,0.0000,true,1,45887
835811005711,false,הנמל עטרות אלומיניום מס.5 100יח,הנג טון,CN,עטרות אלומיניום לאפי,יחידה,0.00,יחידה,false,,11.00,0.0000,true,1,61413
835811005728,false,עלים לעוגת קרמשניט 400 גרם,"רונית מאפים בע""מ",IL,עלים לקרם שניט,גרמים,400.00,100 גרם,false,,18.90,0.0472,true,1,59107
835811005803,false,שקיות אשפה עם ידיות 25 יח' X90-מרכז,תעשיות והשקעה אל רסא,IL,שקיות אשפה עם ידית 7,יחידה,0.00,יחידה,false,,13.90,0.0000,true,1,103656
835811005810,false,מגש הכסף תבנית מרובע קטן +מכסה 10 יח`,הנמל,IL,מגש הכסף תבנית אלומי,יחידה,0.00,יחידה,false,,9.90,0.0000,true,1,59108
835811005933,false,מגש הכסף תבנית אלומ` ענק 5 יח`,ווינפאק,,מגש הכסף תבנית אלומי,יחידה,0.00,יחידה,false,,9.90,0.0000,true,1,57130
835811005940,false,מגש הכסף תבנית אלומ` גדולה + מכסה 8 יח`,,IL,מגש הכסף-שמונה תבניו,יחידה,0.00,יחידה,false,,9.90,0.0000,true,1,56894
835811005957,false,מגש הכסף תבנית אלומ` 90 + מכסה 8 יח`,יבוא ושיווק: הנמל אר,IL,מגש הכסף תבנית אלומי,יחידה,0.00,יחידה,false,,9.90,0.0000,true,1,57131
835811005964,false,מגש הכסף תבנית אלומ` מאורך 20 יח`,ווינפאק,,מגש הכסף תבנית אלומי,יחידה,0.00,יחידה,false,,9.90,0.0000,true,1,57132
835811005971,false,מפת שולחן אל בד עם רנר מודפס 2.70*1.20,,,מפת שולחן אל בד עם ר,יחידה,0.00,יחידה,false,,9.00,0.0000,true,1,55921
835811006053,false,הנמל קורנפלור 200 גר,ר.ס חברה ליבוא ויצור,IL,קורנפלור 200 גר,גרמים,200.00,100 גרם,false,,3.30,0.0165,true,1,92450
835811006206,false,כוסות מקנה סוכר טבעי,שוורצקוף& הנקל דיסלד,IL,כוסות מקנה סוכר טבעי,יחידה,0.00,יחידה,false,,12.50,0.0000,true,1,53592
835811006213,false,קערות מתכלה מקנה סוכר טבעי 25 יח,"איטיליאן פוד, אס.פי.",IL,קערות למרק מקנה סוכר,יחידה,0.00,יחידה,false,,14.00,0.0000,true,1,53593
835811006220,false,צלחות ענקיות מתכלה מקנה סוכר טבעי 25 יח,הנמל,,צלחות ענק מקנה סוכר,יחידה,0.00,יחידה,false,,17.00,0.0000,true,1,54096
835811006237,false,צלחות קטנות מקנה סוכר טבעי 25 יח,הנמל,,צלחות קטנות מקנה סוכ,יחידה,0.00,יחידה,false,,9.40,0.0000,true,1,54097
835811006244,false,צלחות גדולות מקנה סוכר טבעי 25 יח,הנמל,,צלחות גדולות מקנה סו,יחידה,0.00,יחידה,false,,13.90,0.0000,true,1,53594
835811006435,false,מגש הכסף תבנית מלבן עמוק + מכסה 9 יח`,,IL,מגש הכסף תבנית מלבן,יחידה,0.00,יחידה,false,,9.90,0.0000,true,1,165934
835811006527,false,קשיות שתיה למילקשייק 125 יח' הנמל,שיווק: הנמל אריזות ו,IL,קשיות שתיה למילקשייק,יחידה,0.00,יחידה,false,,8.90,0.0000,true,1,63034
835811006534,false,"כוסות קרטון לשתיה חמה 475 מ""ל",הנמל,CN,כוסות קרטון 50 יח 16,יחידה,0.00,יחידה,false,,26.90,0.0000,true,1,97908
835811006558,false,סחלב בשקית 500 גר` אינסטנט,הנמל,,סחלב אינסטנט 500 גר,גרמים,500.00,100 גרם,false,,14.90,0.0298,true,1,62760
835811006695,false,קוקטים לאפייה 20 יח` 5.50 OZ,הנמל,,קוקטים לאפיה 20 יח,יחידה,0.00,יחידה,false,,8.90,0.0000,true,1,63035
835811006701,false,עטרות לאפייה הנמל 24 יח',שוורצקוף& הנקל דיסלד,IL,קוקטים לאפייה 24 יח,יחידה,0.00,יחידה,false,,8.90,0.0000,true,1,63036
835811006763,false,הנמל תבניות אלומיניום לאפיה אישיות 20 יח,האנוי ואיוין אינטרנש,CN,תבניות אלומיניום לאפ,יחידה,0.00,יחידה,false,,6.90,0.0000,true,1,62117
835811006770,false,תבנית אולמניום עגול 5 יח',הנמל,,מגש הכסף תבנית עגול,יחידה,0.00,יחידה,false,,9.90,0.0000,true,1,96130
835811006985,false,בורגול מרובע 500ג',הנמל,,בורגול 500 גר',גרמים,500.00,100 גרם,false,,4.50,0.0090,true,1,41258
835811007142,false,עדשים ירוקים הנמל 500 ג',הנמל,,עדשים ירוקים 500 גר',גרמים,500.00,100 גרם,false,,7.50,0.0150,true,1,26279
835811007166,false,כוסות חד פעמיות מקרטון עם מכסה פלסטיק,"צח ייבוא ושיווק בע""מ",IL,כוסות קרטון קפה טו ג,יחידה,0.00,יחידה,false,,12.90,0.0000,true,1,26499
835811007180,false,פופ קורן הנמל 500 גר,יבוא ושיווק: הנמל אר,IL,לקט פופקורן 500 גר,גרמים,500.00,100 גרם,false,,6.90,0.0138,true,1,26274
835811007197,false,עדשים אדומים הנמל 50,הנמל,,עדשים אדומים 500גר',גרמים,500.00,100 גרם,false,,7.50,0.0150,true,1,25455
835811007210,false,חומוס גרעינים 500 גר,יבוא ושיווק: הנמל אר,IL,גרגירי חומוס יבש 500,גרמים,500.00,100 גרם,false,,6.50,0.0130,true,1,26604
835811007227,false,"הנמל לקט חיטה בד""ץ 500ג'",יבוא ושיווק: הנמל אר,IL,חיטה 500 גר',גרמים,500.00,100 גרם,false,,4.50,0.0090,true,1,26280
835811007234,false,אפונה יבשה הנמל 500 ג',יבוא ושיווק: הנמל אר,IL,אפונה יבשה 500 גר',גרמים,500.00,100 גרם,false,,5.50,0.0110,true,1,26281
835811007241,false,לקט שעועית - חמין 500 גרם,הנמל,,לקט חמין 500 גר' מרו,גרמים,500.00,100 גרם,false,,7.90,0.0158,true,1,26275
835811007258,false,שעועית לבנה הנמל 500,נארז על ידי: הנמל אר,IL,שעועית 500גר',גרמים,500.00,100 גרם,false,,7.50,0.0150,true,1,26282
835811007296,false,כפיות אלגנט קרם 50 יח' הנמל,,,כפיות אלגנט קרם 50 י,יחידה,0.00,יחידה,false,,7.50,0.0000,true,1,165925
835811007357,false,צלחות סלטינות אובלי,הנמל,TR,סלטינות 25 יח,יחידה,0.00,יחידה,false,,5.90,0.0000,true,1,30759
835811007425,false,נרות חנוכה מיוחד 45 יח' pvc,הנמל,,נרות חנוכה,יחידה,0.00,יחידה,false,,5.90,0.0000,true,1,31649
835811007432,false,תבנית משפחתית נייר מלבן גדול 3 יח',דוקארט,IL,תבנית משפחתית שלישי,יחידה,0.00,יחידה,false,,8.90,0.0000,true,1,19430
835811007494,false,גלטין טהור מדגים 2 יח` 14 X גר`,ג'ליס פיוניר,IL,ג'לטין טהור,גרמים,28.00,100 גרם,false,,10.50,0.3750,true,1,19432
835811007562,false,תבניות קרטון אינגליש קייק 6יח` ארוז 29X9X6,דוקרט תעשיית אריזות,IL,תבנית אינגליש קקיקס,יחידה,0.00,יחידה,false,,8.50,0.0000,true,1,19437
835811008132,false,כריות מתכת בגליל 6יח,שוורצקוף& הנקל דיסלד,CN,ספוגי מתכת שישיה,יחידה,0.00,יחידה,false,,10.90,0.0000,true,1,50701
835811008347,false,גפרור ארוך מאוד להבי,הנמל,SE,גפרור ענק-45 יח'.,יחידה,0.00,יחידה,false,,4.90,0.0000,true,1,28495
835811008606,false,"סיר אלומיניום ומכסה ח""פ הנמל 3 יח'",קינפויל גאנגזו,CN,סיר אלומיניום 3 יח',יחידה,0.00,יחידה,false,,14.50,0.0000,true,1,38820
835811008699,false,כפות שקוף/קרם עבה במיוחד הנמל 50 יח,"גרנג יוניברס , הונג",TR,כפות 50 יח שקוף עבה,יחידה,0.00,יחידה,false,,13.90,0.0000,true,1,94096
835811008743,false,קינואה 500 גר' מרובע,הנמל,,קינואה 500 גר' מרובע,גרמים,500.00,100 גרם,false,,11.90,0.0238,true,1,41259
835811008767,false,גריסי פנינה הנמל 500ג',הנמל,,גריסי פנינה 500 גר',גרמים,500.00,100 גרם,false,,4.90,0.0098,true,1,41260
835811008927,false,כוס ויסקי הנמל 10 יח,בי רייט,CN,כוס ויסקי גבוהה 10 י,יחידה,0.00,יחידה,false,,11.90,0.0000,true,1,61261
835811008934,false,מזלגות 50 יח שקוף/קרם עבה במיוחד,"גרנג יוניברס , הונג",TR,מזלגות שקופים- 50 יח,יחידה,0.00,יחידה,false,,13.90,0.0000,true,1,34972
835811008941,false,סכינים 50 יח שקוף/קרם עבה במיוחד,"איטיליאן פוד, אס.פי.",TR,סכינים חד פעמי 50יח,יחידה,0.00,יחידה,false,,13.90,0.0000,true,1,41439
835811008958,false,כפיות 50 יח שקוף/קרם עבה במיוחד,"גרנג יוניברס , הונג",TR,כפיות חד פעמי 50יח,יחידה,0.00,יחידה,false,,13.90,0.0000,true,1,41905
835811008989,false,"כוסות משקה חם קרטון 355 מ""ל",הנמל,,כוסות קרטון 50 יח',יחידה,0.00,יחידה,false,,21.00,0.0000,true,1,47035
835811008996,false,"כוסות חד פעמי קרטון 295 מ""ל",הנמל,CN,כוסות קרטון 50 יח' מ,יחידה,0.00,יחידה,false,,15.90,0.0000,true,1,34245
835811009016,false,כוסות קרטון 50 יח 4 OZ,הנמל,CN,כוסות קרטון 50 יח' מ,יחידה,0.00,יחידה,false,,6.90,0.0000,true,1,34246
835811009023,false,"כוסות משקה חם קרטון 235 מ""ל",הנמל,,כוסות קרטון 8 /50 י,יחידה,0.00,יחידה,false,,12.90,0.0000,true,1,47060
835811009115,false,מגשית מלבנית שקופה 1,בי רייט,CN,מגשית מלבנית שקופה 1,יחידה,0.00,יחידה,false,,4.90,0.0000,true,1,35395
835811009139,false,"לפתניות מרובעות ח""פ הנמל 10 יח'",בי רייט,CN,ליפתניות מרובעות 10,יחידה,0.00,יחידה,false,,13.90,0.0000,true,1,34360
835811009146,false,קערה קטן אובלי אלגנט,מיקרון מקינה,CN,קערה אלגנט אובלית קט,יחידה,0.00,יחידה,false,,17.90,0.0000,true,1,34361
835811009184,false,"צלחות אלגנט ענק ח""פ הנמל 18 יח '",בי רייט,CN,צלחות ענק אלגנט 18יח,יחידה,0.00,יחידה,false,,49.90,0.0000,true,1,34999
835811009191,false,"צלחות אלגנט בינוני ח""פ הנמל 18 יח'",בי רייט,CN,צלחות גדולות אלגנט 1,יחידה,0.00,יחידה,false,,43.90,0.0000,true,1,35000
835811009207,false,מרקיות עגול אלגנט בינוני הנמל 18 יח,הנמל,,קערות למרק אלגנט 18י,יחידה,0.00,יחידה,false,,31.90,0.0000,true,1,47657
835811009214,false,"צלחות אלגנט קטן ח""פ הנמלן 18 יח '",בי רייט,CN,צלחות קטנות אלגנט 18,יחידה,0.00,יחידה,false,,29.90,0.0000,false,1,35001
835811009221,false,"לפתניות אלגנט ח""פ הנמל 18 יח מהדרין",הנמל,,ליפתן אלגנט עגול 18,יחידה,0.00,יחידה,false,,17.90,0.0000,true,1,34362
835811009313,false,"כוס שמפניה 5OZ ח""פ שקוף 12 יח'",הנמל,,כוס שמפניה 12 יח',יחידה,0.00,יחידה,false,,13.90,0.0000,true,1,34249
835811009337,false,כוסות יין חד פעמי 1,הנמל,,כוס יין 12 יח',יחידה,0.00,יחידה,false,,12.90,0.0000,true,1,34250
835811009351,false,כוס קריסטל 8 אונז` 18 יח`,הנמל,,כוסות חד פעמי קריסטל,יחידה,0.00,יחידה,false,,12.90,0.0000,true,1,35396
835811009368,false,מרקיות צבע 25 יח` מעורב,הנמל,CN,מרקיות צבע הנמל 25יח,יחידה,0.00,יחידה,false,,10.00,0.0000,true,1,40561
835811009412,false,צלחות קטנות 25 יח` 7 צבע מעורב,הנמל,CN,צלחות קטנות 25יח,יחידה,0.00,יחידה,false,,10.00,0.0000,true,1,41497
835811009429,false,צלחות גדולות צבע 25 יח` מעורב,הנמל,,צלחות גדולות צבעוניו,יחידה,0.00,יחידה,false,,16.50,0.0000,true,1,34251
835811009436,false,צלחות ענק צבע 25 יח` מעורב,הנמל,,צלחות ענק צבעוניות 2,יחידה,0.00,יחידה,false,,22.90,0.0000,true,1,34252
835811009795,false,כוס מרובעת 20יח 10 OZ פס כסף זהב,בי רייט,CN,כוס מרובעת 20 יח' קר,יחידה,0.00,יחידה,false,,19.90,0.0000,true,1,34363
837038000371,false,פלפל 4 צבעים במטחנה,NATURAL HERBS & SPIC,,מטחנה פלפל 4 צבעים,גרמים,185.00,100 גרם,false,,45.90,0.2481,true,1,95159
837038000678,false,מלח ים גס במטחנה 415,NATURAL HERBS & SPIC,,N- מלח במטחנה,גרמים,415.00,100 גרם,false,,31.90,0.0769,true,1,61123
837038000685,false,מלח הימלאיה מטחנה 41,NATURAL HERBS & SPIC,,מלח הימלאיה 415 גר',גרמים,415.00,100 גרם,false,,34.90,0.0841,true,1,66109
837038000692,false,N- פלפל שחור שלם במט,NATURAL HERBS & SPIC,,N- פלפל שחור שלם במט,גרמים,185.00,100 גרם,false,,42.90,0.2319,true,1,61124
839762000641,false,משקה איילנד מנגו נקטר 1 ל',"פאראגאלה,דה אג'יפשן",EG,משקה מנגו איילנד,ליטרים,1.00,ליטר,false,,11.90,11.9000,true,1,20696
839762000658,false,משקה נקטר איילנד גויאבה 1 ל',The Egyptian Co. for,EG,משקה גויאבה איילנד,ליטרים,1.00,ליטר,false,,11.90,11.9000,true,1,20697
839762002379,false,משקה נקטר מנגו איילנד 350מל,"פאראגאלה,דה אג'יפשן",EG,איילנד מנגו 350מל,מיליליטרים,350.00,"100 מ""ל",false,,5.50,0.0157,true,1,55953
839762002386,false,נקטר איילנד גויאבה 3,"פאראגאלה,דה אג'יפשן",EG,"איילנד גויאבה 350 מ""",מיליליטרים,350.00,"100 מ""ל",false,,5.50,0.0157,true,1,55255
850004207789,false,בשר מיטבולס 290 ג' ביונד מיט,תאי פרזידנט פוד פאבל,US,מיטבולס ביונד מיט 29,גרמים,290.00,100 גרם,false,,34.90,0.1203,false,1,121721
850006036028,false,מאפה חיטה מקלונים בטעם סלק בצל 400 ג' עבאדי,עבאדי,IL,מקלונים בטעם סלק בצל,גרמים,400.00,100 גרם,false,,17.90,0.0447,false,1,166931
852629004774,false,נקניקיות ביונד מיט רביעייה 400 גר,תאי פרזידנט פוד פאבל,US,רביעיית נקנקיות ביונ,גרמים,100.00,100 גרם,false,,33.90,0.3390,false,1,121723
856591000055,false,עוגיות מזרחיות קריספי שרוף במיוחד,עבאדי,IL,עוגיות מזרחיות קריספ,גרמים,400.00,100 גרם,false,,17.90,0.0447,true,1,96620
856591000062,false,עבאדי עוגיות מזרחיות מלח 400 גרם,מאפיית יוסף ושמחה עב,IL,עוגיות מזרחיות עבדי,גרמים,400.00,100 גרם,false,,17.90,0.0447,false,1,9416
856591000109,false,עבאדי עוגיות מזרחיות פריך במיוחד 400 גרם,מאפיית יוסף ושמחה עב,IL,עוגיות מזרחיות פריך,גרמים,400.00,100 גרם,false,,17.90,0.0447,true,1,44056
856591000512,false,עבאדי עוגיות מזרחיות מקלות לניגוב 400 גר,מאפיית יוסף ושמחה עב,IL,עוגיות מזרחיות מקלות,גרמים,400.00,100 גרם,false,,17.90,0.0447,false,1,44057
856591000970,false,מאפה חיטה עבאדי מקלונים בטעם חריף 400 גר,עבאדי,IL,מקלונים בטעם חריף 40,גרמים,400.00,100 גרם,false,,17.90,0.0447,false,1,166893
859547004084,false,ספוג קרצוף סקראב דדי,,US,ספוג ניקוי SCRUB DAD,יחידה,0.00,יחידה,false,,17.90,0.0000,true,1,163981
859547004466,false,קירצוף וספוג ניקוי SCRUB DADDY,סקארקיסט,US,ספוג ניקוי SCRUB MOM,יחידה,0.00,יחידה,false,,17.90,0.0000,true,1,163977
859547004688,false,ספוג קרצוף סקראב דדי,,US,ספוג ניקוי SCOUR DUD,יחידה,0.00,יחידה,false,,17.90,0.0000,true,1,163978
884912002372,false,דגני Great Grains עם חמוציות ושקדים,פוסט ארצות הברית,US,דגני בוקר קרנברי,גרמים,396.00,100 גרם,false,,21.90,0.0553,true,1,55456
884912102102,false,דגני בוקר פוסט סלקט אוכמניות 382 גר,הנסיך- מפעל לייצור ט,US,גרייט גריינס בלוברי,גרמים,382.00,100 גרם,false,,21.90,0.0573,true,1,99573
884912116505,false,דגני בננה נאט קראנץ' Banana Nut Crunch,פוסט ארצות הברית,US,פוסט בננה נאט,גרמים,439.00,100 גרם,false,,21.90,0.0499,true,1,44858
884912117625,false,דגני שלווה מצופים בדבש Golden Crisp,הנסיך- מפעל לייצור ט,US,דגני גולדן קריספ,גרמים,418.00,100 גרם,false,,21.90,0.0524,true,1,109132
884912126115,false,דגני סלקט גרייט גריינס 454 גרם פוסט,הנסיך- מפעל לייצור ט,US,דגני גרייט גריינס די,גרמים,453.00,100 גרם,false,,21.90,0.0483,true,1,44215
884912129512,false,דגני בוקר קוקו פבלס פלינסטון 311 גר,פוסט לקיוויל,US,דגני פוסט קקאו פלינט,גרמים,311.00,100 גרם,false,,21.90,0.0704,true,1,167172
884912180629,false,דגני בוקר מחיטה מלאה גרוסה שרדד וויט,פוסט ארצות הברית,,דגני שרדד וויט פוסט,גרמים,464.00,100 גרם,false,,21.90,0.0472,true,1,99097
884912359155,false,דגני בוקר האני באנצס רוסטד 340 ג' POST,פוסט ארצות הברית,US,דגני האני בנצ'ס רוסט,גרמים,340.00,100 גרם,false,,22.90,0.0674,true,1,166535
884912359162,false,דגני בוקר האני באנצס שקדים 340 ג' POST,פוסט ארצות הברית,US,דגני האני בנצ'ס שקדי,גרמים,340.00,100 גרם,false,,22.90,0.0674,true,1,166536
884912359414,false,דגני בוקר האני באנצס קינמון 340 ג' POST,פוסט ארצות הברית,US,דגני האני בנצ'ס קינמ,גרמים,340.00,100 גרם,false,,22.90,0.0674,true,1,166537
884912359421,false,דגני בוקר האני באנצס פקאן ומייפל 340 ג' POST,פוסט ארצות הברית,US,דגני האני בנצ'ס מייפ,גרמים,340.00,100 גרם,false,,22.90,0.0674,true,1,166538
884912359483,false,דגני בוקר האני באנצס תות 312 ג' POST,פוסט ארצות הברית,US,דגני האני בנצ'ס תות,גרמים,311.00,100 גרם,false,,22.90,0.0736,true,1,166539
884912365200,false,דגני בוקר אוראו 311 גרם מתכון חדש,פוסט ארצות הברית,US,דגני בוקר אוראו 311,גרמים,311.00,100 גרם,false,,18.90,0.0608,true,1,168319
884912377142,false,דגני בוקר האני באנצס וניל 340 ג' POST,פוסט ארצות הברית,US,דגני האני באנצ'ס וני,גרמים,340.00,100 גרם,false,,22.90,0.0674,true,1,166515
885616008974,false,שמן זית כתית בכד קאס,,,שמן זית כתית בכד קאס,ליטרים,1.00,ליטר,false,,47.90,47.9000,true,1,166692
893594002051,false,"חטיף פופקורן צ`יפס בטעם גבינת צ`דר, 28ג Medora snacks",PepsiCo inc. Frito lay Division,US,פופקורנס גבינת צ'דר,גרמים,28.00,100 גרם,false,,6.50,0.2321,true,1,168157
893594002068,false,"חטיף פופקורן צ`יפס עם מלח ים,28 ג HANTRONIX",PepsiCo inc. Frito lay Division,US,פופקורנס מלח ים,גרמים,28.00,100 גרם,false,,6.50,0.2321,true,1,168158
898905002393,false,שאנון אורגינל אייריש,,IE,שאנון אורגינל אייריש,ליטרים,1.00,ליטר,false,,79.90,79.9000,true,1,108402
1230000068314,false,בשר טחון מהצומח ביונד מיט 300 גרם,זנברגן וורלד פינסט מ,NL,בשר טחון ביונד מיט 3,גרמים,300.00,100 גרם,false,,31.90,0.1063,false,1,121722
1230000116022,false,ביונד בורגר Beyond Burger - מארז זוג,ביונד מיט קליפורניה,US,המבורגר ביונד מיט מא,גרמים,226.00,100 גרם,false,,28.90,0.1279,false,1,166961
3012991502002,false,משקה רום נגריטה לבן,ברדינה,,"רום נגריטה 700 מ""ל",יחידה,700.00,יחידה,false,,75.00,0.1071,true,1,30000
3014260022839,false,אורל בי דליקייט וויט זוג 40 MEDIUM,פרוקטר אנד גמבל,IN,זוג מברשת אוראל בי נ,יחידה,0.00,יחידה,false,,19.90,0.0000,true,1,91014
3014260023089,false,אורל בי מברשת שיניים קלאסיק 40 מדיום 3יח,פרוקטר אנד גמבל,IN,מברשת שיניים שלישיה,יחידה,0.00,יחידה,false,,11.90,0.0000,true,1,104866
3014260048723,false,מברשת שיניים אורל בי,פרוקטר אנד גמבל,IN,מברשת שיניים אורל בי,יחידה,0.00,יחידה,false,,9.90,0.0000,true,1,94209
3014260095727,false,אורל בי קרוס אקשן קומפליט 7 40 זוג,דיפלומט,DE,זוג מברשות שיניים או,יחידה,0.00,יחידה,false,,39.90,0.0000,true,1,100706
3014260100698,false,אורל בי מברשת שיניים ילדים 6-12 שנים,פרוקטר אנד גמבל,IE,אורל בי מברשת גוניור,יחידה,0.00,יחידה,false,,15.90,0.0000,true,1,166342
3014260201753,false,סכיני גילוח ג'ילט בלו 2 להבים - מארז 5 יח',פרוקטר אנד גמבל,PL,סכינים בלו 2 חמי,יחידה,0.00,יחידה,false,,14.90,0.0000,true,1,8506
3014260228842,false,"ג'ילט קצף גילוח רגיל - 200 מ""ל",מולינו ניקולי s.p.a,GB,ג'ילט קצף גילוח רגיל,מיליליטרים,200.00,"100 מ""ל",false,,14.90,0.0745,true,1,41166
3014260240226,false,"ג'ילט קצף גילוח לעור רגיש, 200 מ""ל",מולינו ניקולי s.p.a,GB,ג'ילט קצף גילוח רגיש,מיליליטרים,200.00,"100 מ""ל",false,,14.90,0.0745,true,1,41167
3014260246693,false,סכיני גילוח חד פעמי ונוס סימפלי רביעייה,,,סכיני גילוח ונוס חד,יחידה,0.00,יחידה,false,,11.90,0.0000,true,1,109969
3014260262709,false,סכיני גילוח לאישה 3 להבים,ג'ילט ונוס Gillette Venus,DE,סכיני גילוח ונוס רבי,יחידה,0.00,יחידה,false,,44.90,0.0000,true,1,8516
3014260280772,false,חוט דנטלי ווקס Essential floss,פרוקטר אנד גמבל,MX,חוט דנטלי מנטה עם שע,יחידה,0.00,יחידה,false,,16.90,0.0000,true,1,35169
3014260283254,false,סכיני גילוח חד פעמי בלו 2 פלוס *5,,,ג'ילט בלו 2 פלוס * 5,יחידה,0.00,יחידה,false,,11.90,0.0000,true,1,67743
3014260289287,false,סכין גילוח גילט בלו 2 לנשים-חמישייה,פרוקטר אנד גמבל,RU,סכיני גילוח בלו 2 לנ,יחידה,0.00,יחידה,false,,15.90,0.0000,true,1,53170
3014260836665,false,אורל בי פרו אקספרט להגנה מקיפה 35 רך זוג,פרוקטר אנד גמבל,IE,זוג מברשת שיניים אור,יחידה,0.00,יחידה,false,,39.90,0.0000,true,1,91015
3029330072577,false,לחם לבן פאן לסנדוויץ,JACQUET,FR,ג'אקט לחם לבן לסנדוו,גרמים,550.00,100 גרם,false,,15.90,0.0289,true,1,163659
3029330072584,false,לחם מלא פאן לסנדוויצ,JACQUET,FR,ג'אקט לחם לבן לסנדוו,גרמים,550.00,100 גרם,false,,15.90,0.0289,true,1,163660
3045200760009,false,"דזיטול נוזל מחטא בגדים בכביסה 500 מ""ל",יעקובי,BE,דזיטול נוזל מחטא בגד,מיליליטרים,500.00,"100 מ""ל",false,,13.90,0.0278,true,1,107879
3045201107001,false,אידיאל מסיר כתמים לפני כביסה -כדור מסאג,אידיאל Ideal,ES,אידאל מסיר כתמים אדו,מיליליטרים,150.00,"100 מ""ל",false,,19.90,0.1327,true,1,53765
3045201108008,false,אידיאל מסיר כתמים לפני כביסה -כדור מבריש,אידיאל Ideal,ES,אדיאל מסיר כתמים צהו,מיליליטרים,150.00,"100 מ""ל",false,,19.90,0.1327,true,1,53766
3045206312257,false,דזיטול מגבונים לחיטוי כללי 36 יחידות,יעקבי - דזיטול Desytol,ES,דזיטול מגבונים,יחידה,0.00,יחידה,false,,14.90,0.0000,true,1,53768
3045206360609,false,"דזיטול נוזל מחטא בגדים בכביסה, 1 ליטר",מרקה,ES,דזיטול נוזל מחטא בגד,ליטרים,1.00,ליטר,false,,22.90,22.9000,true,1,123880
3046920010047,false,לינדט שוקולד אקסלנס מריר 78% 100 גר,לינדט,FR,לינדט אקסלנס 78%,גרמים,100.00,100 גרם,false,,15.00,0.1500,true,1,101459
3046920010801,false,שוקולד מריר אקסלנס עם אגוזי לוז,לינדט ושפרונגלי אס.א,FR,לינדט אקסלנס הזלנט 1,גרמים,100.00,100 גרם,false,,15.00,0.1500,true,1,100847
3046920010856,false,לינדט שוקולד אקסלנס לימון גינגיר 100 גר,לינדט,CH,שוקולד לינדט אקסלנס,גרמים,100.00,100 גרם,false,,15.00,0.1500,true,1,116317
3046920016377,false,לינדט שוקולד אקסלנס מריר 100% קקאו 50 גר,לינדט ושפרונגלי,DE,לינדט אקסלנס 100 גר',גרמים,100.00,100 גרם,false,,15.00,0.1500,true,1,118198
3046920027281,false,שוקולד מריר אקסלנס במילוי קרמל ומלח ים,לינדט ושפרונגלי,FR,שוקולד לינדט אקסלנס,גרמים,100.00,100 גרם,false,,15.00,0.1500,true,1,91283
3046920028004,false,לינדט שוקולד אקסלנס מריר 70% 100 גר,לינדט ושפרונגלי,FR,שוקולד לינדט מריר 70,גרמים,100.00,100 גרם,false,,15.00,0.1500,true,1,10118
3046920028363,false,לינדט אקסלנס שוקולד 85% 100 גרם,לינדט ושפרונגלי,FR,שוקולד לינדט אקסלנס,גרמים,100.00,100 גרם,false,,15.00,0.1500,true,1,10119
3046920028721,false,שוקולד מריר אקסלנס 99%,לינדט ושפרונגלי,FR,לינדט אקסלנס 99%,גרמים,50.00,100 גרם,false,,15.00,0.3000,true,1,98943
3046920028752,false,לינדט אקסלנס מינט 100 גרם,לינדט ושפרונגלי,FR,לינדט אקסלנס מנטה 10,גרמים,100.00,100 גרם,false,,15.00,0.1500,true,1,31079
3046920029674,false,שוקולד מריר אקסלנס עם מלח ים,לינדט ושפרונגלי,DE,לינדט אקסלנס עם שבבי,גרמים,100.00,100 גרם,false,,15.00,0.1500,true,1,40313
3046920029681,false,לינדט שוקולד אקסלנס מילד 85% קקאו 100 גר,לינדט,DE,לינדט אקסלנס מילד 10,גרמים,100.00,100 גרם,false,,15.00,0.1500,true,1,117990
3046920029759,false,שוקולד מריר אקסלנס 90% קקאו,לינדט ושפרונגלי ג'י.,DE,שוקולד לינדט אקסלנס,גרמים,100.00,100 גרם,false,,15.00,0.1500,true,1,91284
3059940007768,false,"אירוויק ספריי בניחוח וניל ואורכידאה 240 מ""ל",איירוויק Air Wick,HU,אירוויק ספריי וניל,יחידה,240.00,יחידה,false,,9.90,0.0413,false,1,47530
3059943015104,false,מבשם אוויר נטול גז אקווה מיסט בניחוח פריסיה ויסמין,איירוויק Air Wick,PL,אירוויק נטול גז פריס,מיליליטרים,345.00,"100 מ""ל",false,,14.90,0.0432,true,1,42342
3059943015128,false,מבשם אוויר נטול גז אקווה מיסט בניחוח לבנדר פראי ואוויר הרים,הדקלאים אגודת שיתופי,PL,אירוויק נטול גז לבנד,מיליליטרים,345.00,"100 מ""ל",false,,14.90,0.0432,true,1,42343
3059943016507,false,"אירוויק ספריי בניחוח לבנדר וקמומיל 240 מ""ל",איירוויק Air Wick,GB,אירוויק ספריי לבנדר,מיליליטרים,250.00,"100 מ""ל",false,,9.90,0.0396,false,1,47531
3059943016569,false,"אירוויק ספריי בניחוח פריסיה ויסמין 240 מ""ל",איירוויק Air Wick,GB,אירוויק ספריי פריסיה,מיליליטרים,250.00,"100 מ""ל",false,,9.90,0.0396,false,1,47528
3059944022415,false,רצועות שעווה מוכנות לשימוש מועשרת בתמציות ובניחוח ורדים,רקיט בנקיזר צרפת,FR,ויט רצועות שעווה להס,יחידה,0.00,יחידה,false,,19.90,0.0000,true,1,43922
3067140013113,false,אבקה להכנת משקה על בסיס עולש,LEROUX COFFEE SUB,FR,משקה ציקוריה בטעם קר,גרמים,100.00,100 גרם,false,,26.90,0.2690,true,1,8675
3067140243114,false,אבקה להכנת משקה על בסיס עולש בטעם קרמל,LEROUX COFFEE SUB,FR,אבקה לירוקס להכנת מש,גרמים,100.00,100 גרם,false,,26.90,0.2690,true,1,8678
3068320014067,false,מים מינרלים אוויאן 750 מל,קריניציה ויטמינה אס,FR,ספורט אוויאן מים מינ,יחידה,750.00,יחידה,false,,9.90,0.0132,true,1,33550
3068320017846,false,מים מינרלים אוויאן 1 ליטר,קריניציה ויטמינה אס,FR,אויאן 1 ליטר,ליטרים,1.00,ליטר,false,,9.90,9.9000,true,1,56607
3068320055008,false,מים מינרלים אוויאן 500 מל,קריניציה ויטמינה אס,FR,PET אויאן 0.5 ליטר,יחידה,500.00,יחידה,false,,7.50,0.0150,true,1,43158
3068320085005,false,מים מינלים אוויאן 1.5 ליטר,,,אוויאן 1.5 ל' מים מי,ליטרים,1.50,ליטר,false,,12.90,8.6000,true,1,123700
3068320103631,false,מים מינרלים אוויאן 330 מל זכוכית,,,"אוירן מים 330 מ""ל בז",מיליליטרים,330.00,"100 מ""ל",false,,6.90,0.0209,true,1,167420
3069538102027,false,רביעיית רכז עגבניות צ'יריו 70 גרם,,,רביעיית רכז עגבניות,גרמים,70.00,100 גרם,false,,8.90,0.1271,true,1,166657
3073781161663,false,גבינה מותכת 18.5% שומן לה וואש קירי,לה וואש קירי La Vache qui rit,FR,גבינה לוואש קירי 8 י,גרמים,128.00,100 גרם,false,,11.90,0.0930,true,1,123254
3073781161687,false,גבינה לוואש קירי כשר,פרומאג'רי בל דום סאם,FR,גבינה לוואש קירי 16,גרמים,256.00,100 גרם,false,,22.70,0.0887,true,1,123255
3073781161700,false,גבינה לוואש קירי כשר,פרומאג'רי בל דום סאם,FR,גבינה לוואש קירי 32,גרמים,480.00,100 גרם,false,,37.90,0.0790,true,1,123386
3073781162790,false,גבינת בייבי בל אדם 1,מחלבות בל,FR,בייביבל ברשת,גרמים,120.00,100 גרם,false,,19.90,0.1658,true,1,166494
3073781177220,false,גבינת בייבי בל רול 1,מחלבות בל,FR,גבינה בייבי בל רול,גרמים,102.00,100 גרם,false,,19.90,0.1951,true,1,168039
3092718605216,false,סירופ טסייר דובדבן 6,טסר,,סירופ טסייר דובדבן 6,מיליליטרים,600.00,"100 מ""ל",false,,29.90,0.0498,true,1,168192
3092718610227,false,סירופ טעם פטל גרנדין,טסר,,סירופ טסייר פטל גרנד,מיליליטרים,600.00,"100 מ""ל",false,,29.90,0.0498,true,1,168194
3092718627881,false,סירופ צרפת טסייר מנט,טסר,,סירופ צרפת טסייר מנט,מיליליטרים,600.00,"100 מ""ל",false,,29.90,0.0498,true,1,120199
3141360054405,false,פיניש מפיץ ריח למדיח בניחוח לימון וליים,הדקלאים אגודת שיתופי,HU,פיניש מפיג ריח לימון,יחידה,0.00,יחידה,false,,14.90,0.0000,true,1,99314
3161911229199,false,חמאה רכה אלוויר 250 גרם,אלל אה וויר,FR,חמאה רכה,גרמים,250.00,100 גרם,false,,21.00,0.0840,true,1,20087
3161911364531,false,חמאה נורמנדי אלוויר,,,חמאה נורמנדי אלוויר,גרמים,200.00,100 גרם,false,,15.90,0.0795,true,1,20088
3161911366429,false,אלוויר חמאה רכה מלוחה 250 גר,ארזינא,FR,חמאה רכה מלוחה,גרמים,250.00,100 גרם,false,,21.00,0.0840,true,1,20089
3161911393210,false,אלוויר חמאה נורמנדי מלוחה 200 גרם,אלוויר,FR,חמאת נורמנדי מלוחה א,גרמים,200.00,100 גרם,false,,17.90,0.0895,true,1,166292
3175460000017,false,גבינת בורסאן שום ועשבי תיבול 150 גר,השחר,FR,גבינת בורסן שום ועשב,גרמים,200.00,100 גרם,false,,21.90,0.1095,true,1,33829
3175460000062,false,גבינת בורסאן פלפל שחור 150 גרם,השחר,FR,בורסן פלפל,גרמים,150.00,100 גרם,false,,21.90,0.1460,true,1,22847
3175460000864,false,גבינת בורסאן טבעי 150 גר,"בל,",FR,בורסאן טבעי גבינת שמ,גרמים,150.00,100 גרם,false,,21.90,0.1460,true,1,98829
3175460030083,false,גבינת בורסאן בצל ועירית 150 גר,השחר,FR,בורסאן עם שלות ועירי,גרמים,150.00,100 גרם,false,,21.90,0.1460,true,1,21392
3178530402353,false,מיני מדליינס סאן מישל 175 גרם,סאן מישל,FR,עוגיות מנדל רכות,גרמים,175.00,100 גרם,false,,10.60,0.0606,true,1,96945
3178530407938,false,עוגיות מיני מדלן שוקולד 175 גרם,סאן מישל,FR,מיני מדליין עם פצפוצ,גרמים,175.00,100 גרם,false,,11.90,0.0680,true,1,98367
3178530409673,false,עוגיות פלמיה קרמל 100 גרם,סן מישל,FR,עוגיות פלמיה קרמל,גרמים,100.00,100 גרם,false,,15.90,0.1590,true,1,114166
3178530411478,false,ביסקוויטים גאלט עם חמאה ומלח ים,סן מישל St Michel,FR,עוגיות גאלט חמאה קלא,גרמים,150.00,100 גרם,false,,13.90,0.0927,true,1,98368
3178530412703,false,דונאט עם שוקולד 180 גרם,סן מישל St Michel,FR,דונאט עם שוקולד,גרמים,180.00,100 גרם,false,,16.90,0.0939,true,1,114167
3178530417340,false,בראוניז שוקולד סאן מישל 210 גרם,סן מישל,FR,בראוניז שוקולד סנט מ,גרמים,210.00,100 גרם,false,,15.90,0.0757,true,1,121853
3178530417357,false,בראוניז שוקולד לבן סאן מישל 210 גרם,סן מישל,FR,בראוניז שוקולד לבן ס,גרמים,210.00,100 גרם,false,,15.90,0.0757,true,1,121854
3178530417418,false,דונאט עם שוקולד ציפס 180 גרם,סן מישל St Michel,FR,דונאט עם שוקולד ציפס,גרמים,180.00,100 גרם,false,,16.90,0.0939,true,1,114169
3179730011017,false,"מים מינרלים פירייה 750 מ""ל זכוכית",NESTLE WATERS,FR,"פרייה 750 מ""ל",יחידה,750.00,יחידה,false,,8.90,0.0119,true,1,20492
3179730011024,false,מים מינרלים פרייה 330 מל,נסטלה ווטרס ספלאי,FR,פרייה 330 מים קטן,מיליליטרים,330.00,"100 מ""ל",false,,5.90,0.0179,true,1,110975
3179732348913,false,מים מינרלים פרייה 1 ליטר,נסטלה ווטרס ספלאי,FR,פרייה מים מינרלים פל,ליטרים,1.00,ליטר,false,,8.50,8.5000,true,1,93865
3254550033217,false,סנט מור גבינת ברי מר,אף.סי תבליני בגליל ב,FR,גבינת ברי איסני 220,גרמים,220.00,100 גרם,false,,29.90,0.1359,true,1,92911
3254550033279,false,גבינת קממבר איסיני 2,איסיני סנט מור,FR,גבינת קממבר איסיני 2,יחידה,0.00,יחידה,false,,29.90,0.0000,true,1,93750
3276210001114,false,"יין דומיין לה פרייר סאנסר 750 מ""ל",,FR,לה פרייר סאנסאר,מיליליטרים,750.00,"100 מ""ל",false,,79.90,0.1065,true,1,111156
3276210810105,false,יין לה פטיט פרייר סוביניון בלאן 750 מל,,,לה פטיט פרייר סוביני,מיליליטרים,750.00,"100 מ""ל",false,,42.90,0.0572,true,1,110220
3276210811102,false,יין אדום יבש פינו נואר 750 מל,,,לה פטיט פרייר פינו נ,מיליליטרים,750.00,"100 מ""ל",false,,42.90,0.0572,true,1,110223
3276210812109,false,יין לה פטיט פרייר פינו נואר רוזה 750 מל,,,לה פטיט פרייר פינו נ,מיליליטרים,750.00,"750 מ""ל",false,,42.90,0.0572,true,1,110221
3285640102940,false,פורנייר סנסר,,,פורנייר סנסר,יחידה,0.00,יחידה,false,,120.00,0.0000,true,1,119682
3296184018253,false,יין רוזה מיראבל,,,יין רוזה מיראבל,מיליליטרים,750.00,"100 מ""ל",false,,120.00,0.1600,true,1,166987
3299791003612,false,אליזה פאלאס קברנה סו,,FR,אליזה פאלאס קברנה סו,מיליליטרים,750.00,"100 מ""ל",false,,50.00,0.0667,true,1,166323
3299791006200,false,שרדונה אליזה פאלאס,,,שרדונה אליזה פאלאס,מיליליטרים,750.00,"100 מ""ל",false,,50.00,0.0667,true,1,116766
3324321278861,false,ממה אלן קוביות מרק ע,,,ממה אלן קוביות מרק ע,מיליליטרים,120.00,"100 מ""ל",false,,8.90,0.0742,true,1,166039
3324321278878,false,ממה אלן קוביות מרק י,,,ממה אלן קוביות מרק י,מיליליטרים,120.00,"100 מ""ל",false,,8.90,0.0742,true,1,166040
3324321278885,false,ממה אלן קוביות מרק ב,,,ממה אלן קוביות מרק ב,מיליליטרים,120.00,"100 מ""ל",false,,8.90,0.0742,true,1,166041
3335121604934,false,חרדל דיגון 370 גרם (חלק),קובינור,FR,חרדל חלק 370 גר',גרמים,370.00,100 גרם,false,,8.50,0.0230,true,1,37237
3335121614933,false,חרדל דיגון 370 גרם (גרגירים),קובינור,,שאטל חרדל דיזון גרגי,גרמים,200.00,100 גרם,false,,10.50,0.0525,true,1,26910
3352379006365,false,‎פ‎‎כשל‎ ‎שמפניה‎ ‎,,FR,"שמפניה פומרי כשל""פ",מיליליטרים,750.00,"100 מ""ל",false,,165.00,0.2200,true,1,166171
3387390525960,false,קראנץ' דגנים פריכים עם שוקולד 500 גרם,הנסיך- מפעל לייצור ט,FR,דגנים קראנץ' נסטלה 5,גרמים,500.00,100 גרם,false,,19.90,0.0398,false,1,37924
3387390730852,false,פיטנס Fitness קלאסי דגנים מלאים ואורז,נסטלה צרפת איטנקורט,FR,פיטנס דגני בוקר 375,גרמים,375.00,100 גרם,false,,21.90,0.0584,false,1,6952
3415581187113,false,האגן דאז קרמל בראוניס,האגן-דאז,FR,גלידה האג אנד דא,גרמים,500.00,100 גרם,false,,24.90,0.0498,true,1,17806
3415587403057,false,האגן דאז שלגון וניל קרמל שקדים 69 גרם,האגן דאז,FR,שלגון האגן דאז וניל,גרמים,70.00,100 גרם,false,,7.90,0.1129,true,1,119844
3415587404054,false,שלגון האגן דאז שוקול,האגן דאז,FR,האגן דאז-שלגון שוקול,מיליליטרים,80.00,"100 מ""ל",false,,7.90,0.0988,true,1,96640
3415587405181,false,שלגון האגן דאז תות שדה,האגן דאז,FR,האגן דאז- שלגון תות,גרמים,80.00,100 גרם,false,,7.90,0.0988,true,1,96923
3445850070778,false,"מלח ים אטלנטי טבעי אורגני 1 ק""ג",סלינס דה גרנד,,מלח ים אטלנטי,יחידה,1.00,יחידה,false,,19.90,19.9000,true,1,44342
3451271002809,false,"יין אלן זופרואה שאבלי 750 מ""ל",,,שאבלי יין לבן אלן ז',מיליליטרים,750.00,"100 מ""ל",false,,72.90,0.0972,true,1,110213
3523230025638,false,מיני בושה עיזים טבעי 125 גר,אוריאל,FR,גבינת בושה עיזים 125,גרמים,125.00,100 גרם,false,,22.90,0.1832,true,1,65151
3523230025652,false,מיני בושה עם שום ועשי תיבול 125 גר,אוריאל,FR,גבינת מיני בושה שום,גרמים,125.00,100 גרם,false,,22.90,0.1832,true,1,121244
3523230026826,false,גבינה עיזים למריחה פירמידה 140 גר,אוריאל,FR,גבינת עיזים טבעי פיר,גרמים,140.00,100 גרם,false,,23.90,0.1707,true,1,100241
3523230026888,false,גב עיזים למריחה שום ועשבי תיבול פירמידה,סואניון SOIGNON,FR,גבינת עיזים עם שום פ,גרמים,140.00,100 גרם,false,,23.90,0.1707,true,1,100242
3523230038959,false,גבינת עיזים מיני בוש,אוריאל,FR,גבינת בושה מפוחם 125,גרמים,125.00,100 גרם,false,,22.90,0.1832,true,1,122772
3523230045827,false,סנט מור חלב עיזים 160 גר,אוריאל,FR,גבינת סנט מור 160 גר,גרמים,160.00,100 גרם,false,,25.90,0.1619,true,1,106249
3525490011109,false,יין לה זאמל מלבק 750,badet clement,FR,לה ז'אמל מלבק,מיליליטרים,750.00,"100 מ""ל",false,,54.90,0.0732,true,1,109982
3525490011116,false,יין לה גומלייה קברנה,badet clement,FR,לה ז'אמל קברנה סובינ,מיליליטרים,750.00,"100 מ""ל",false,,59.90,0.0799,true,1,109983
3544760002449,false,"מלח ים אטלנטי 1 ק""ג+ AQUASEL 10%",,,"מלח אטלנטיק 1.1 ק""ג",קילוגרמים,1.10,"ק""ג",false,,18.50,16.8182,true,1,63133
3556761005602,false,בורגון שרדונה דומיין,,,בורגון שרדונה דומיין,מיליליטרים,750.00,"100 מ""ל",false,,85.00,0.1133,true,1,121273
3563490014898,false,חרדל לחיץ ריין דיזיון 265 גרם,ריין דיז'ון reine dijon,FR,חרדל דיזון לחיץ 255,גרמים,265.00,100 גרם,false,,11.90,0.0449,true,1,68473
3566761005588,false,פטיט שאבלי דומיין דא,,,פטיט שאבלי דומיין דא,מיליליטרים,750.00,"100 מ""ל",false,,85.00,0.1133,true,1,121274
3566761006110,false,יין לה בומון שאבלי ל,יקב לואיס פסקו,FR,שאבלי בומון,מיליליטרים,750.00,"100 מ""ל",false,,89.90,0.1199,true,1,166365
3574660115154,false,או-בה טמפונים קלאסי סופר 32יח',ג'ונסון אנד ג'ונסון,GR,טמפונים אובה סופר 32,יחידה,0.00,יחידה,false,,22.90,0.0000,true,1,32782
3574660239829,false,קרם ידיים קל סדרה נורבגית נוטרוגינה 50 מ,ניוטרוג'ינה Neutrogena,FR,קרם ידיים נוטרוג'ינה,מיליליטרים,75.00,"100 מ""ל",false,,26.90,0.3587,true,1,45608
3574660333466,false,או-בה טמפונים פרוקומפורט מיני 32 יח',הנסיך- מפעל לייצור ט,DE,או-בה פרוקומפורט מינ,יחידה,0.00,יחידה,false,,22.90,0.0000,true,1,54879
3574660464368,false,קרפרי מגן תחתון אוורירי אלוורה 76 יח'',גונסון אנד גונסון,IT,קרפרי מגן תחתון אוור,יחידה,0.00,יחידה,false,,19.90,0.0000,true,1,39645
3574660464429,false,מגני תחתון קרפרי נורמל אוורירי עם מעטפת כותנה,קרפרי Carefree,IT,קרפרי מגן תחתון אוור,יחידה,0.00,יחידה,false,,19.90,0.0000,true,1,39647
3574660676136,false,נטרוגינה קרם לחות קליל סדרה נורווגית 300,שסטוביץ,GR,ניוטרוג'ינה קרם גוף,גרמים,300.00,100 גרם,false,,31.90,0.1063,true,1,119446
3574661200019,false,נוטרוגינה ת.גוף ויזבלי ריניו משאבה 400 מל,ניוטרוג'ינה Neutrogena,,נוטורג'ינה תחליב גוף,מיליליטרים,400.00,"100 מ""ל",false,,34.90,0.0872,true,1,95174
3574661425696,false,גונסונס בייבי תחליב לתינוק 500 מל,ג'ונסונס Johnson's,IT,גונסון בייבי תחליב,מיליליטרים,500.00,"100 מ""ל",false,,27.90,0.0558,true,1,110958
3574661428048,false,"ג’ונסון מנקה ומגן – סבון ידיים וגוף לילד 500 מ""ל",ג'ונסונס Johnson's,IT,ג'ונסון בייבי סבון י,מיליליטרים,500.00,"100 מ""ל",false,,14.90,0.0298,true,1,167378
3574661485201,false,טמפונים אובה סופר 32 יח' פרוקומפורט,Johnson Toilet-IT,,אובה פרוקומפורט סופר,יחידה,0.00,יחידה,false,,22.90,0.0000,true,1,166855
3574661485218,false,טמפונים נורמל אובה 32 יח' פרוקומפורט,Johnson Toilet-IT,FR,אובה פרוקונפורט נורמ,יחידה,0.00,יחידה,false,,22.90,0.0000,true,1,167114
3574661487328,false,קרפרי מגני תחתון אורגינל פלוס 56 יח',הדקלאים אגודת שיתופי,IT,קרפרי מגן תחתון 56 י,יחידה,0.00,יחידה,false,,15.90,0.0000,true,1,113177
3574661487625,false,מגני תחתון פלוס לארג' בניחוח עדין L,הדקלאים אגודת שיתופי,IT,קרפרי מגן תחתון מקסי,יחידה,0.00,יחידה,false,,15.90,0.0000,true,1,113468
3574661487632,false,מגני תחתון פלוס לארג' בניחוח עדין L,קרפרי Carefree,GR,קרפרי מגן תחתון לארג,יחידה,0.00,יחידה,false,,19.90,0.0000,true,1,114033
3574661500355,false,קרפרי מגן תחתון מקסי לונג רגיל 40 יח',ג'ויה מעבדות לקוסמטי,IT,קרפרי מקסי לונגי רגי,יחידה,0.00,יחידה,false,,15.90,0.0000,true,1,112803
3574661552576,false,קרפרי מגן תחתון רגיל טנגה לבן 56 יח חדש,הדקלאים אגודת שיתופי,GR,קרפרי מגן תחתון טנגה,יחידה,0.00,יחידה,false,,15.90,0.0000,true,1,116464
3574661552804,false,קרפרי מגן תחתון אלוורה 56 יח',הדקלאים אגודת שיתופי,IT,קרפרי מגן תחתון אלוו,יחידה,0.00,יחידה,false,,15.90,0.0000,true,1,118291
3574661552811,false,קרפרי מגן תחתון כותנה נטול ריח 56 יח,הדקלאים אגודת שיתופי,GR,קרפרי כותון אוורירי,יחידה,0.00,יחידה,false,,15.90,0.0000,true,1,117135
3574661554877,false,קרפרי מגן תחתון כותנה מבושם 56 יח,הנסיך- מפעל לייצור ט,GR,קרפרי כותון מבושם 56,יחידה,0.00,יחידה,false,,15.90,0.0000,true,1,116465
3574661554884,false,קרפרי מגן תחתון רגיל טנגה מבושם 56 יח,הדקלאים אגודת שיתופי,IT,קרפרי רגיל טנגה ריחנ,יחידה,0.00,יחידה,false,,15.90,0.0000,true,1,117791
3574669907682,false,גונסונס בייבי טלק 500 גרם,גונסון אנד גונסון,IT,ג'ונסון בייבי טלק 50,גרמים,500.00,100 גרם,false,,31.90,0.0638,true,1,111165
3574669907729,false,גונסונס בייבי שמפו לתינוק 750 מל,גונסון אנד גונסון,IT,ג'ונסון בייבי שמפו ג,מיליליטרים,750.00,"100 מ""ל",false,,24.90,0.0332,true,1,167256
3574669907972,false,"גונסון בייבי שמפו טיפות של ברק 750 מ""ל",ג'ונסונס Johnson's,IT,ג'ונסון שמפו טיפות ש,מיליליטרים,750.00,"100 מ""ל",false,,24.90,0.0332,true,1,110953
3574669908443,false,ג'ונסון בייבי אל סבון וקצף אמבט 750 חדש,Johnson Toilet-IT,IT,גונסון בייבי אל סבון,מיליליטרים,750.00,"100 מ""ל",false,,21.90,0.0292,true,1,110987
3574669908665,false,גונסונס בייבי אל סבון לפני השינה 750 מל,גונסון אנד גונסון,IT,גונסון בייבי אל סבון,מיליליטרים,750.00,"100 מ""ל",false,,21.90,0.0292,true,1,110988
3574669909181,false,גונסונס בייבי שמן אלוורה לתינוק 300 מל,ג'ונסונס Johnson's,IT,גונסון בייבי שמן אלו,מיליליטרים,300.00,"100 מ""ל",false,,21.90,0.0730,true,1,110961
3600521720219,false,קרם פנים לילה עם פעולה משולשת לכל סוגי העור,לוריאל Loreal,DE,קרם לחות ללילה,יחידה,50.00,יחידה,false,,45.90,0.9180,true,1,102006
3600523642489,false,מסכת הזנה אינטנסיבית 6 שמנים לשיער יבש,לוריאל - אלביב Elvive,DE,אלביב מסכת שמנים,מיליליטרים,300.00,"100 מ""ל",false,,22.90,0.0763,true,1,111410
3600523651870,false,שמפו לחיזוק סיב השערה לכל סוגי השיער,לוריאל - אלביב Elvive,TR,שמפו ארגינין אלביב,מיליליטרים,550.00,"100 מ""ל",false,,14.90,0.0271,true,1,107060
3600523651887,false,"לוריאל - אלביב שמפו טוטאל ריפר 550 מ""ל",לוריאל - אלביב Elvive,TR,שמפו אלביב,מיליליטרים,550.00,"100 מ""ל",false,,14.90,0.0271,true,1,107440
3600523651900,false,מרכך לחיזוק סיב השערה לכל סוגי השיער,לוריאל - אלביב Elvive,TR,מרכך ארגינין אלביב,מיליליטרים,550.00,"100 מ""ל",false,,14.90,0.0271,true,1,107000
3600523652228,false,"לוריאל - אלביב מרכך טוטאל ריפר 550 מ""ל",לוריאל - אלביב Elvive,TR,מרכך טוטאל ריפר אלבי,מיליליטרים,550.00,"100 מ""ל",false,,14.90,0.0271,true,1,107007
3600523652242,false,"לוריאל - אלביב שמפו קולור פרוטקט 550 מ""ל",לוריאל - אלביב Elvive,TR,שמפו קולור פרוטקט אל,מיליליטרים,550.00,"100 מ""ל",false,,14.90,0.0271,true,1,107008
3600523652259,false,"לוריאל - אלביב מרכך קולור פרוטקט 550 מ""ל",לוריאל,TR,מרכך קולור פרוטקט אל,מיליליטרים,550.00,"100 מ""ל",false,,14.90,0.0271,true,1,107009
3600523652280,false,"לוריאל אלביב שמפו מועשר ב 6 שמנים, 550 מ""ל",לוריאל - אלביב Elvive,TR,שמפו 6 שמנים אלביב,מיליליטרים,550.00,"100 מ""ל",false,,14.90,0.0271,true,1,107012
3600523652297,false,"מרכך לשיער אלביב זהב 6 שמנים , 550 מ""ל",לוריאל - אלביב Elvive,TR,מרכך 6 שמנים אלביב,מיליליטרים,550.00,"100 מ""ל",false,,14.90,0.0271,true,1,107001
3600523755806,false,"לוריאל - אלביב שמפו קוקוס 550 מ""ל",לוריאל,TR,שמפו אלביב קוקוס,מיליליטרים,550.00,"100 מ""ל",false,,14.90,0.0271,true,1,114025
3600523756322,false,"לוריאל - אלביב מרכך קוקוס 550 מ""ל",לוריאל,TR,אלביב מרכך קוקוס 550,מיליליטרים,550.00,"100 מ""ל",false,,14.90,0.0271,true,1,114026
3600523782567,false,"לוריאל - אלביב שמפו דרים לונג 500 מ""ל",לוריאל - אלביב Elvive,FR,שמפו אלביב דרים לונג,מיליליטרים,500.00,"100 מ""ל",false,,14.90,0.0298,true,1,111411
3600523782574,false,לוריאל - אלביב מסכה דרים לונג 300,לוריאל - אלביב Elvive,DE,אלביב מסכה לשיער,מיליליטרים,300.00,"100 מ""ל",false,,22.90,0.0763,true,1,111412
3600523782581,false,מרכך מתיר קשרים לשיער ארוך ופגום Dream Long,לוריאל - אלביב Elvive,FR,אלביב מרכך שיער 500,מיליליטרים,500.00,"100 מ""ל",false,,14.90,0.0298,true,1,111407
3600523816699,false,לוריאל - דרמו פעולה משולשת פרש ג'ל עברית,לוריאל Loreal,,קרם ג'ל פרש טריפל לו,מיליליטרים,50.00,"100 מ""ל",false,,47.90,0.9580,true,1,122001
3600523936700,false,לוריאל - דרמו משולשת נוטרישן לעור יבש עברית,לוריאל,,קרם לוריאל דרמו פעול,מיליליטרים,50.00,"100 מ""ל",false,,44.90,0.8980,true,1,122002
3600523965663,false,לוריאל רויטליפט פילר טונר מי פנים 200 מל,לוריאל,DE,מי פנים דרמו רויטליפ,מיליליטרים,200.00,"100 מ""ל",false,,39.90,0.1995,true,1,168058
3600541029323,false,גרניה אסנשיאל מסיר איפור 2ב1,SOPROCOS סופרוקוס,FR,מסיר איפור 2 ב- 1 גר,מיליליטרים,200.00,"100 מ""ל",false,,21.90,0.1095,true,1,102009
3600541253667,false,"גרנייה - דאודורנט ספריי לאישה אינביזיבל BWC (ורוד) 150 מ""ל",גרנייה Garnier,FR,דאוד' ספריי גרנייה,מיליליטרים,150.00,"100 מ""ל",false,,10.90,0.0727,true,1,102020
3600541382930,false,גרנייה - מים מיסלרים לכל סוגי העור,גרנייה Garnier,PL,מים מיסלרים לכל סוג,מיליליטרים,400.00,"100 מ""ל",false,,29.90,0.0747,true,1,109159
3600541402270,false,"גרנייה - דאודורנט ספריי לאישה אינביזיבל BWC (ירוק) 150 מ""ל",גרנייה Garnier,FR,דאוד' גרנייה ירוק לא,מיליליטרים,150.00,"100 מ""ל",false,,10.90,0.0727,true,1,102652
3600541448476,false,גרניה מינראל רול און דריי קונטרול,קוסמופול,PL,רול און גרנייר,מיליליטרים,60.00,"100 מ""ל",false,,10.90,0.1817,true,1,102011
3600541740006,false,"גרנייה - דאודורנט ספריי לאישה אקשן קונטרול 72 שעות 150 מ""ל",גרנייה Garnier,FR,דאודורנט ספריי גרניי,מיליליטרים,150.00,"100 מ""ל",false,,10.90,0.0727,true,1,102064
3600541928169,false,"גרנייה פיור פחם ג'ל ניקוי 150 מ""ל",לוריאל,PL,פיור אקטיב ג'ל ניקוי,מיליליטרים,200.00,"100 מ""ל",false,,33.90,0.1695,true,1,108822
3600541937475,false,גרניה פיור גרגרים מסיכה לעור מעורב עד שמן,לוריאל,PL,ג'ל לניקוי פנים גראנ,גרמים,150.00,100 גרם,false,,34.90,0.2327,true,1,107173
3600541952720,false,ג'ל גרגירים עם פחם פעיל לטיפול בראשים שחורים,גרנייה Garnier,PL,"ג'ל גרגרים 150 מ""ל",מיליליטרים,150.00,"100 מ""ל",false,,34.90,0.2327,true,1,107668
3600541956223,false,"גרנייה פיור לניקוי וטיפול בסימנים ופגעי עם מברשת 150 מ""ל",לוריאל,DE,גרנייר פיוראקטיב ג'ל,מיליליטרים,150.00,"100 מ""ל",false,,33.90,0.2260,true,1,107892
3600542216647,false,"גרנייה - דאודורנט ספריי לאישה 96 שעות אקשן קונטר 150 מ""ל",General,FR,דאודורנט ספריי 150 מ,מיליליטרים,150.00,"100 מ""ל",false,,10.90,0.0727,true,1,121869
3600542309974,false,"גרנייה - דאודורנט רול און לאישה מגנזיום 50 מ""ל",סופרוקוס,PL,רול און גרנייר,מיליליטרים,50.00,"100 מ""ל",false,,10.90,0.2180,true,1,121713
3600542310444,false,"גרנייה - דאודורנט ספריי לאישה מגנזיום 150 מ""ל",לוריאל,PL,דאודורנט ספריי מגנזי,מיליליטרים,150.00,"100 מ""ל",false,,10.90,0.0727,true,1,121773
3600542365710,false,גרנייה - פיור ג'ל ניקוי,General,,גרנייה פיור ג'ל לניק,100 מל,200.00,100 מל,false,,29.90,0.1495,true,1,122306
3600542365796,false,גרניה בוטניקל גל ניקוי ענבים 200 מל,לוריאל,PL,בוטניקל ג'ל ניקוי גר,100 מל,200.00,100 מל,false,,21.90,0.1095,true,1,122268
3600542385220,false,"גרנייה - דאודורנט רול און לאישה פרוטקשן 6 פלורל (סגול) 50 מ""ל",גרנייה Garnier,FR,רול און גרנייר,מיליליטרים,50.00,"100 מ""ל",false,,10.90,0.2180,true,1,121718
3600542385251,false,"גרנייה - דאודורנט רול און לאישה פרוטקשן 6 כותנה (ורוד) 50 מ""ל",גרנייה Garnier,FR,רול און גרנייר,מיליליטרים,50.00,"100 מ""ל",false,,10.90,0.2180,true,1,121715
3600542397926,false,"גרנייה - דאודורנט ספריי לאישה פרוטקשן 6 כותנה (ורוד) 150 מ""ל",סופרוקוס,FR,דאודורנט ספריי פרוטק,מיליליטרים,150.00,"100 מ""ל",false,,10.90,0.0727,true,1,121868
3607340717635,false,אדידס גל רחצה לגבר אייס דייב 400 מל,דנשר,ES,אדידס אייס דייב ג'ל,מיליליטרים,400.00,"100 מ""ל",false,,10.00,0.0250,true,1,106434
3607345264356,false,"אדידס - דאודורנט ספריי לגבר דינמיק פולס 150 מ""ל",דנשר,,פיוז'ן-ספריי גוף דינ,מיליליטרים,0.00,"מ""ל",false,,19.90,0.0000,true,1,49764
3607345265117,false,"אדידס - דאודורנט ספריי לגבר טים פורס 150 מ""ל",מיוצר עי קונדיטוריית,ES,פיוז'ן-ספריי גוף טים,מיליליטרים,0.00,"מ""ל",false,,19.90,0.0000,true,1,48458
3607347918981,false,"אדידס - דאודורנט רול און לאישה קול אנד קר 6 ב-1 50 מ""ל",דנשר,ES,דאודורנט רול און 50,מיליליטרים,50.00,"100 מ""ל",false,,13.90,0.2780,true,1,107255
3608580075646,false,קונפיטורה בטעם שזיפים 370 גר BONNE MAMAN,בון מאמא,FR,קונפיטורה שזיפים,גרמים,370.00,100 גרם,false,,19.90,0.0538,true,1,163971
3608580730231,false,קונפיטורה בון ממאן תות שדה 370 גר',אף.סי תבליני בגליל ב,FR,קונפיטורה תות 370 גר,גרמים,370.00,100 גרם,false,,19.90,0.0538,true,1,93259
3608580730248,false,קונפיטורה דובדובן 370 ג' בוני מאמן,אנדרוס,FR,קונפיטורה דבדבן 370,גרמים,370.00,100 גרם,false,,19.90,0.0538,true,1,93260
3608580730255,false,קונפיטורה בטעם משמש 370 גר BONNE MAMAN,אנדרוס,FR,קונפיטורה משמש 370 ג,גרמים,370.00,100 גרם,false,,19.90,0.0538,true,1,93261
3608580730286,false,קונפיטורה בון ממאן ארבע עונות 370 גר',אנדרוס,FR,קונפיטורה 4 פירות 37,גרמים,370.00,100 גרם,false,,19.90,0.0538,true,1,93262
3661163991580,false,"אדידס - דאודורנט ספריי לאישה קול אנד קר 6 ב-1 150 מ""ל",מיוצר עי קונדיטוריית,PT,דאו' ספריי לאישה A3ד,מיליליטרים,200.00,"100 מ""ל",false,,19.90,0.0995,true,1,45356
3662444002766,false,חלה בריוש ראובנס 500 גרם,N.F.D,FR,ראובנס חלה בריוש,גרמים,500.00,100 גרם,false,,19.90,0.0398,true,1,109032
3662444003220,false,ליאל לחמניות קלויות,,,ליאל לחמניות קלויות,גרמים,225.00,100 גרם,false,,10.90,0.0484,true,1,116107
3665468301723,false,אירוויק באז מבשם ומנטרל ריחות בניחוח לילות לבנים 237 מ'ל,רקיט בנקיזר,PL,אירוויק מבשם אוויר ו,מיליליטרים,237.00,"100 מ""ל",false,,14.90,0.0629,true,1,168115
3700604200222,false,אריסה טוניסאית 350 גרם,,,אריסה טוניסאית 350 ג,גרמים,350.00,100 גרם,false,,21.90,0.0626,true,1,107137
3700604201090,false,אריסה מפלפלים ירוקים,,,אריסה מפלפלים ירוקים,גרמים,190.00,100 גרם,false,,16.90,0.0889,true,1,117621
3700604201175,false,אריסה טונסאית פיקנטי,,,אריסה טונסאית פיקנטי,גרמים,190.00,100 גרם,false,,16.90,0.0889,true,1,118434
3760030144590,false,דליקטס כושר-סורמי יר,,,דליקטס כושר-סורמי יר,גרמים,350.00,100 גרם,false,,35.00,0.1000,true,1,102484
3760125946719,false,יין רוזה אור פרובאנס,ג'נרל מילס סאן אדריא,FR,יין רוזה אור פרובאנס,מיליליטרים,750.00,"100 מ""ל",false,,49.90,0.0665,true,1,120114
3760125946870,false,יין רוזה אור פרובאנס,,FR,רוזה אור פרובאנס דה,מיליליטרים,750.00,"100 מ""ל",false,,69.90,0.0932,true,1,120115
3760235771010,false,שאבלי דומיין דה בומו,יקב רמת הגולן,IL,דומיין דה בומון שאבל,מיליליטרים,750.00,"100 מ""ל",false,,100.00,0.1333,true,1,163624
3770000016796,false,"יין שבלי דומיין דה שאטיון כשל""פ 750 מ""ל",דומיין דה לה,FR,שאבלי דומיין דה שאטי,מיליליטרים,750.00,"100 מ""ל",false,,84.90,0.1132,true,1,115691
3770019952030,false,שאטו מאסיו גראנד קוו,,,שאטו מאסיו גראנד קוו,מיליליטרים,750.00,"100 מ""ל",false,,69.90,0.0932,true,1,165995
3800020403631,false,חטיף שוקולד צאנקי חמאת בוטנים 42ג' קיט קט,נסטלה בולגריה A.D.,BG,קיט קאט צ'אנקי חמאה,גרמים,42.00,100 גרם,false,,3.70,0.0881,true,1,61543
3800020423578,false,חטיף שוקולד חלב צאנקי 40 ג' קיט קט,נסטלה Nestle,BG,נסטלה קיט קט צ'נקי א,גרמים,40.00,100 גרם,false,,3.70,0.0925,true,1,41742
3800020472569,false,קיט קט צ'אנקי קרמל 43.5ג,נסטלה,DE,קיט קט צ'אנקי קרמל,גרמים,43.50,100 גרם,false,,3.70,0.0851,true,1,168048
3800020472712,false,חטיף קיט קאט צאנקי פופקורן 42 ג',ליימן מותגים,BG,קיט קאט צ'אנקי פופקו,גרמים,42.00,100 גרם,false,,3.70,0.0881,true,1,123522
3800034954150,false,מארז 3 יחידות פריש דריי,,,מארז שלישיית מבשם,יחידה,0.00,יחידה,false,,10.00,0.0000,true,1,104054
3800034965798,false,פחתי ריח באריזת בליסטר,,,פחית מבשם אויר,יחידה,0.00,יחידה,false,,14.90,0.0000,true,1,104202
3800034967600,false,שקית פנינים מפיץ ריח,,,שקית מפיץ ריח,יחידה,0.00,יחידה,false,,10.00,0.0000,true,1,104474
3800038933656,false,דרמה גל היגייני לניקוי הידיים 50 מל 65%,זר הייטק,IL,דרמה ג'ל היגייני ליד,מיליליטרים,50.00,"100 מ""ל",false,,6.90,0.1380,true,1,166306
4000417019004,false,שוקולד חלב עם אגוזי לוז שלמים,ריטר ספורט Ritter sport,DE,שוקולד חלב ריטר ספור,גרמים,100.00,100 גרם,false,,9.90,0.0990,false,1,20653
4000417022004,false,שוקולד ריטר ספורט צימוק אגוז 100 גרם חלב נוכרי,ריטר ספורט Ritter sport,DE,שוקולד חלב צימוקים ו,גרמים,100.00,100 גרם,false,,8.50,0.0850,false,1,24570
4000417023001,false,שוקולד ריטר ספורט שקדים חלב 100גר,ריטר ספורט Ritter sport,DE,שוקולד חלב עם שקדים,גרמים,100.00,100 גרם,false,,9.90,0.0990,false,1,28534
4000417025005,false,שוקולד ריטר ספורט מרציפן 100 גרם חלב נוכרי,ריטר ספורט Ritter sport,DE,שוקולד ריטר ספורט עם,גרמים,100.00,100 גרם,false,,8.50,0.0850,false,1,20654
4000417026002,false,שוקולד ריטר ספורט פרלין 100 גרם חלב נוכרי,ריטר ספורט Ritter sport,DE,ריטר שוקולד חלב ממול,גרמים,100.00,100 גרם,false,,8.50,0.0850,false,1,26885
4000417101211,false,גלילי וופל עם קרם אגוזי לוז בציפוי שוקולד חלב,אמיצ'לי Amicelli,AT,אמיצ'לי גלילי וופל א,גרמים,150.00,100 גרם,false,,17.90,0.1193,true,1,165239
4000417211002,false,שוקולד ריטר ספורט מוס קרמל 100 גרם חלב נוכרי,ריטר ספורט Ritter sport,DE,שוקולד ריטר מוס קרמל,גרמים,100.00,100 גרם,false,,8.50,0.0850,true,1,97615
4000417212009,false,שוקולד ריטר ספורט מריר תפוז שקד 100 ג' חלב נוכרי,ריטר ספורט Ritter sport,DE,שוקולד ריטר מריר מעו,גרמים,100.00,100 גרם,false,,8.50,0.0850,true,1,109993
4000417222008,false,שוקולד ריטר ספורט חלב+שברי אגוזים 100 גרם חלב נוכרי,ריטר ספורט Ritter sport,DE,שוקולד ריטר חלב עם ש,גרמים,100.00,100 גרם,false,,8.50,0.0850,true,1,96591
4000417224002,false,"ריטר ספורט טבלת שוקולד מריר אגוזים, 100 גרם",ריטר ספורט Ritter sport,DE,ריטר שוקולד מריר עם,גרמים,100.00,100 גרם,false,,9.90,0.0990,false,1,49524
4000417294005,false,שוקולד ריטר מוס קקאו 100 גרם חלב נוכרי,ריטר ספורט Ritter sport,DE,ריטר מוס קקאו,גרמים,100.00,100 גרם,false,,8.50,0.0850,false,1,57843
4000417298003,false,שוקולד ריטר ספורט קוקוס 100 גרם חלב נוכרי,ריטר ספורט Ritter sport,DE,שוקולד ריטר חלב במיל,גרמים,100.00,100 גרם,false,,8.50,0.0850,false,1,61270
4000417450302,false,שוקולד חלב ומריר ריטר ספורט מונדיאל 183ג,ריטר,DE,מיני ריטר פאוצ' 183,גרמים,183.00,100 גרם,false,,19.90,0.1087,true,1,168684
4000417626417,false,שוקולד חלב עם חמוציות ואגוזים ריטר100ג,ריטר,,שוקולד ריטר חמוציות,גרמים,100.00,100 גרם,false,,8.50,0.0850,true,1,168761
4000417707000,false,שוקולד חלב מעולה עם שברי קשיו קלוי ומומלח,ריטר ספורט Ritter sport,DE,ריטר שוקולד חלב עם ש,גרמים,100.00,100 גרם,false,,9.90,0.0990,true,1,121908
4000417708007,false,שוקולד ריטר ספורט מריר שקד 100 גרם,ריטר ספורט Ritter sport,DE,ריטר שוקולד מריר עם,גרמים,100.00,100 גרם,false,,9.90,0.0990,true,1,121909
4000539280726,false,שוקולד לינדט אקסלנס מילד 70% 100 גר,לינדט ושפרונגלי,DE,שוקולד לינדט מריר 70,גרמים,100.00,100 גרם,false,,15.00,0.1500,true,1,167604
4000539280740,false,שוקולד לינדט אקסלנס 78% 100 גר,לינדט,FR,שוקולד לינדט 100 גר',גרמים,100.00,100 גרם,false,,15.00,0.1500,true,1,167803
4000576027933,false,צימרונים לאוזניים גאן קרול 200 יח,וו.פלץ,DE,צמרוני אוזניים 200 י,יחידה,0.00,יחידה,false,,7.50,0.0000,true,1,117082
4000576399405,false,פדים רחבים להסרת איפור,ג'ין קרול Jean Carol,CN,פדים להסרת איפור,יחידה,0.00,יחידה,false,,8.90,0.0000,true,1,61328
4000576481889,false,צימרוני אוזניים לתינוק 72 יח',ג'ין קרול Jean Carol,DE,צימרונים 72 יח',יחידה,0.00,יחידה,false,,6.50,0.0000,true,1,43520
4000576722654,false,פדים להסרת איפור זוג *70 יח',ג'ין קרול Jean Carol,,פדים להסרת איפור,יחידה,0.00,יחידה,false,,15.90,0.0000,true,1,48505
4001499013676,false,"פרוש ספריי לניקוי חלונות 500 מ""ל",ארדל רקס,DE,פרוש ספריי לניקוי חל,מיליליטרים,500.00,"100 מ""ל",false,,17.90,0.0358,true,1,58019
4001499112942,false,פרוש נוזל לניקוי ומסיר שומנים הדרים 500,ארדל רקס,DE,פרוש-מסיר שומנים,מיליליטרים,500.00,"100 מ""ל",false,,19.90,0.0398,true,1,89721
4001499139796,false,פרוש קרם ניקוי לימון 500 מ`ל,,,פרוש קרם לניקוי לימו,מיליליטרים,500.00,"100 מ""ל",false,,13.90,0.0278,true,1,58023
4001499162916,false,"נוזל כלים פרוש סודה 500 מ""ל",ארדל רקס,DE,פרוש נוזל כלים בתוספ,מיליליטרים,500.00,"100 מ""ל",false,,16.90,0.0338,true,1,105350
4001499180057,false,פרוש ספריי לימון לניקוי אמבטיות 500 מל,ארדל רקס,DE,פרוש ספריי לימון לני,מיליליטרים,500.00,"100 מ""ל",false,,17.90,0.0358,true,1,58028
4001499183102,false,פרוש קרם לניקוי לבנד,,,פרוש קרם לניקוי לבנד,מיליליטרים,500.00,"100 מ""ל",false,,13.90,0.0278,true,1,58030
4001499185267,false,פרוש נוזל ניקוי אסלות על בסיס לבנדר 750,ארדל רקס,DE,פרוש ספריי לניקוי אס,מיליליטרים,750.00,"100 מ""ל",false,,15.90,0.0212,true,1,58031
4001499909122,false,"פרוש נוזל מסיר אבנית 300 מ""ל",,,פרוש נוזל מסיר אבנית,מיליליטרים,300.00,"100 מ""ל",false,,14.90,0.0497,true,1,92559
4001499915215,false,פרוש מרכך כביסה לתינוקות 750 מל,ארדל רקס,AT,פרוש- מרכך כביסה לתי,מיליליטרים,750.00,"100 מ""ל",false,,17.90,0.0239,true,1,93113
4001499917349,false,פרוש נ.ניקוי רב תכליתי אקולוגי תפוזים500,ארדל רקס,DE,פרוש-נוזל ניקוי רב ת,מיליליטרים,500.00,"100 מ""ל",false,,18.90,0.0378,true,1,89722
4001499923760,false,פרוש נ.מסיר כתמים אקולוגי לפני כביסה 500,ארדל רקס,,פרוש נוזל מסיר כתמים,מיליליטרים,500.00,"100 מ""ל",false,,16.90,0.0338,true,1,90270
4001499944505,false,"נוזל כלים פרוש פטל 500 מ""ל",ארדל רקס,,פרוש נוזל לניקוי כלי,מיליליטרים,500.00,"100 מ""ל",false,,16.90,0.0338,true,1,111875
4001499948817,false,פרוש נוזל לכביסה צבע,ארדל רקס,,פרוש נוזל לכביסה צבע,ליטרים,1.80,ליטר,false,,46.90,26.0556,true,1,120729
4001499957598,false,מטהר אסלות פרוש בניחוח פטל,ארדל רקס,DE,מטהר אסלות פרוש בניח,גרמים,42.00,100 גרם,false,,15.90,0.3786,true,1,167974
4001499957628,false,מטהר אסלות פרוש בניחוח לימון,ארדל רקס,DE,מטהר אסלות פרוש בניח,גרמים,42.00,100 גרם,false,,15.90,0.3786,true,1,167975
4001499957659,false,מטהר אסלות פרוש בניחוח תה לבן,ארדל רקס,DE,מטהר אסלות פרוש בניח,גרמים,42.00,100 גרם,false,,15.90,0.3786,true,1,167976
4001499960178,false,פרוש נוזל לניקוי כלל,ארדל רקס,DE,פרוש נוזל לניקוי כלל,ליטרים,1.00,ליטר,false,,14.90,14.9000,true,1,167190
4001499960239,false,פרוש נוזל לכביסה מסי,ארדל רקס,,פרוש נוזל לכביסה מסי,ליטרים,1.80,ליטר,false,,44.90,24.9444,true,1,167669
4001507161948,false,קווקר פתיתי שיבולת שועל דקה 500 גר,פורטין מולנברקה ג'ב,DE,שיבולת שועל דקה,גרמים,500.00,100 גרם,false,,6.00,0.0120,true,1,111378
4001507161955,false,קווקר פתיתי שיבולת שועל עבה 500 גר,פורטין מולנברקה ג'ב,DE,פתיתי שיבולת שועל עב,גרמים,500.00,100 גרם,false,,6.00,0.0120,true,1,111864
4002448017684,false,"סיליט באנג ספריי רב שימושי כתום 750 מ""ל",הדקלאים אגודת שיתופי,PL,סיליט באנג ספריי,מיליליטרים,750.00,"100 מ""ל",false,,14.90,0.0199,true,1,17064
4002448019480,false,"סיליט באנג מסיר שומנים רב שימושי 750 מ""ל",סיליט באנג Cillit Bang,PL,סיליט באנג מסיר שומנ,מיליליטרים,750.00,"100 מ""ל",false,,14.90,0.0199,false,1,21570
4002575016253,false,מרציפן מצופה שוקולד,הדקלאים אגודת שיתופי,DE,מרציפן מצופה שוק,גרמים,100.00,100 גרם,false,,8.90,0.0890,true,1,14768
4002590000022,false,סוכריות קלפני פירות יער אוכמניות 150 ג',ליימן מותגים,DE,סוכריות קלפני,גרמים,150.00,100 גרם,false,,9.00,0.0600,true,1,14769
4002590000046,false,סוכריות קלפני מנטה מרענן 150ג',ליימן מותגים,DE,סוכריות קלפני,גרמים,150.00,100 גרם,false,,9.00,0.0600,true,1,14771
4002590000619,false,סוכריות קלפני בטעם ק,ליימן מותגים,,סוכריות בטעם קפה 150,גרמים,150.00,100 גרם,false,,9.00,0.0600,true,1,135898
4002590000626,false,סוכריות קלפני דובדבן,ליימן מותגים,,סוכריות קלפני דובדבן,גרמים,150.00,100 גרם,false,,9.00,0.0600,true,1,165276
4002590000633,false,סוכריות קלפני פירות 150 גרם,ליימן מותגים,DE,סוכריות קלפני,גרמים,150.00,100 גרם,false,,9.00,0.0600,true,1,14774
4002590703541,false,קלפני סוכריות קשות בטעם תות,ליימן מותגים,DE,סוכריות קלפני תות 15,גרמים,150.00,100 גרם,false,,9.00,0.0600,true,1,90207
4002631025069,false,"בירה קוניגסבכר 4.6% 500 מ""ל פחית",קרלסברג יבוא יצוא,DE,קוניגסבכר פילס בירה,מיליליטרים,500.00,"100 מ""ל",false,,5.90,0.0118,true,1,90290
4002720004371,false,קפה אספרסו קלוי וטחון 250 גרם BELLA CREMA,Melitta Kaffee GmbH,DE,מליטה CREMA BELLAקפה,גרמים,250.00,100 גרם,false,,25.90,0.1036,true,1,51735
4002720005736,false,קפה לפילטר מליטה 250 גרם PREMIUM,המאפיה של הרמן,DE,מליטה קפה PREMIUMלפי,גרמים,250.00,100 גרם,false,,21.00,0.0840,false,1,27592
4002720008300,false,פולי קפה מליטה 1 קג,מליטה אירופה,DE,בלה קרמה פולי קפה,יחידה,0.00,יחידה,false,,109.90,0.0000,true,1,30057
4003754021679,false,בונ עיגולי מרציפן עם מחית דובדבן בשוקול,Erasmi & Carstens Gm,DE,בנו' עיגולי מרציפן ע,גרמים,210.00,100 גרם,false,,17.90,0.0852,true,1,112634
4004666042004,false,משמיד עובש עם מרסס מלרוד Mellerud,יעקובי,DE,משמיד עובש עם מר,מיליליטרים,500.00,"100 מ""ל",false,,29.90,0.0598,true,1,15927
4004666111656,false,"ג'ל פעיל להשמדת עובש 250 מ""ל מרלוד",מלרוד,DE,מלרוד ג'ל פעיל להשמד,מיליליטרים,250.00,"100 מ""ל",false,,27.90,0.1116,true,1,165077
4004666111663,false,"מלרוד שפורפרת להלבנת מרווחים 90 מ""ל",מלרוד,DE,מלרוד שפורפרת להלבנת,מיליליטרים,90.00,"100 מ""ל",false,,24.90,0.2767,true,1,165076
4004752252416,false,פיג'לינג המקורי-קוקו,,,פיג'לינג המקורי-קוקו,מיליליטרים,500.00,"100 מ""ל",false,,59.90,0.1198,true,1,90142
4004752280129,false,פיג'לינג המקורי 750,,,פיג'לינג המקורי 750,מיליליטרים,750.00,"100 מ""ל",false,,74.90,0.0999,true,1,100888
4005808128273,false,ג'ל רחצה לגבר אנרג'י עם תמציות מנטה בניחוח ממריץ,טרופיקל דגיל תעשיות,DE,ניוואה ג'ל רחצה מנטה,מיליליטרים,500.00,"100 מ""ל",false,,14.90,0.0298,true,1,35911
4005808170005,false,"קצף גילוח ניוואה 200 מ""ל",ניוואה Nivea,DE,קצף גילוח,מיליליטרים,250.00,"100 מ""ל",false,,22.90,0.0916,true,1,44401
4005808222698,false,ניוואה לגבר- קצף גילוח לבעלי עור רגיש,ביירסדורף,DE,ניוואה קצף גילוח לעו,מיליליטרים,0.00,"מ""ל",false,,22.90,0.0000,true,1,53007
4005808293469,false,"ניוואה - דאודורנט ספריי לגבר יבש 150 מ""ל",BEIERSDORF MANUFACTU,DE,ניוואה דאודורנט ספרי,מיליליטרים,150.00,"100 מ""ל",false,,16.90,0.1127,true,1,164110
4005808366392,false,שפתון כחול בליסטר לבלו,טרופיקל דגיל תעשיות,DE,שפתון לבלו,יחידה,0.00,יחידה,false,,12.90,0.0000,true,1,98011
4005808368280,false,לבלו שפתון דובדבן בליסטר,טרופיקל דגיל תעשיות,DE,שפתון לבלו,יחידה,0.00,יחידה,false,,13.90,0.0000,true,1,98012
4005808406029,false,"ניוואה - תחליב רחצה סופט 750 מ""ל",ביירסדורף,DE,"תחליב רחצה 750 מ""ל",מיליליטרים,750.00,"100 מ""ל",false,,14.90,0.0199,true,1,107607
4005808515554,false,"קרם רב שימושי סופט 300 מ""ל ניוואה",ניואה,,ניוואה סופט קרם לחות,מיליליטרים,300.00,"100 מ""ל",false,,34.90,0.1163,true,1,167672
4005808588640,false,"ניוואה קרם גילוח לעור רגיש 100 מ""ל",ביירסדורף,DE,ניוואה-משחת גילוח עו,מיליליטרים,100.00,"100 מ""ל",false,,13.90,0.1390,true,1,65433
4005808668847,false,"ניוואה תרחיץ פנים עדין לעור יבש 150 מ""ל",ניואה,DE,ניוואה תחליב ניקוי ל,מיליליטרים,150.00,"100 מ""ל",false,,18.90,0.1260,true,1,118635
4005808670611,false,ניוואה קרם לחות לעור יבש/רגיש SPF15,ביירסדורף,,קרם יום מעניק לחות ל,מיליליטרים,50.00,"100 מ""ל",false,,44.90,0.8980,true,1,68124
4005808698103,false,ניוואה תחליב גוף סמוד לעור יבש 500 מל,בטר אנד דיפרנט,DE,ניוואה תחליב גוף לעו,מיליליטרים,500.00,"100 מ""ל",false,,21.90,0.0438,true,1,119623
4005808702107,false,ניוואה תחליב גוף לעור יבש מאד 500 מל,בטר אנד דיפרנט,DE,ניוואה תחליב גוף לעו,מיליליטרים,500.00,"100 מ""ל",false,,21.90,0.0438,true,1,119624
4005808811519,false,"ניוואה ג'ל לניקוי פנים לעור רגיל, 150 מ""ל",ניואה,,ג'ל ניקוי ניוואה,מיליליטרים,150.00,"100 מ""ל",false,,18.90,0.1260,true,1,64914
4005808813063,false,תחליב לחות לעור רגיש לאחר גילוח,בטר אנד דיפרנט,DE,תחליב לחות לאחר גילו,מיליליטרים,100.00,"100 מ""ל",false,,39.90,0.3990,true,1,58066
4005808817726,false,קרם גילוח לעור רגיל,ניוואה Nivea,DE,ניואה משחת גילוח,גרמים,100.00,100 גרם,false,,12.90,0.1290,true,1,39903
4005808828838,false,"ניוואה - דאודורנט ספריי לגבר קול קיק 150 מ""ל",ניוואה Nivea,DE,ניוואה אקווה קול דאו,מיליליטרים,150.00,"100 מ""ל",false,,16.90,0.1127,true,1,15766
4005808837359,false,"ניוואה - דאודורנט רול און לאישה פרל אנד ביוטי 50 מ""ל",ביירסדורף AG,DE,ניוואה רול און,מיליליטרים,50.00,"100 מ""ל",false,,16.90,0.3380,true,1,107949
4005808851515,false,שפתון לבלו גבר בליסט,אלפא,,שפתון לבלו גבר בליסט,מיליליטרים,0.00,"מ""ל",false,,14.90,0.0000,true,1,46193
4005808908585,false,"ניוואה - דאודורנט ספריי לאישה פאודר טאץ 150 מ""ל",ניואה,DE,ניוואה דאודורנט ספרי,מיליליטרים,150.00,"100 מ""ל",false,,16.90,0.1127,true,1,164730
4005900036445,false,"ניוואה - דאודורנט רול און לאישה בלק&וויט פיור 50 מ""ל",ביירסדורף,DE,דאודורנט ניוואה רול,מיליליטרים,50.00,"100 מ""ל",false,,16.90,0.3380,true,1,66687
4005900036483,false,"ניוואה - דאודורנט ספריי לגבר שקוף בלק וווי 150 מ""ל",בטר אנד דיפרנט,DE,ניוואה דאודורנט ספרי,מיליליטרים,0.00,"מ""ל",false,,16.90,0.0000,true,1,52972
4005900036506,false,"ניוואה - דאודורנט רול און לגבר שקוף בלק 50 מ""ל",טרופיקל דגיל תעשיות,DE,ניוואה רול און דאודו,מיליליטרים,0.00,"מ""ל",false,,16.90,0.0000,true,1,52973
4005900036568,false,"ניוואה - דאודורנט ספריי לאישה שקוף בלק וווי 150 מ""ל",ביירסדורף AG,DE,דאודורנט ספריי ניווא,יחידה,0.00,יחידה,false,,16.90,0.0000,true,1,55280
4005900274304,false,"ניוואה - דאודורנט ספריי לגבר פרש אושן 150 מ""ל",פרוטרופיק סיה.,DE,דאודורנט ניוואה ספרי,מיליליטרים,150.00,"100 מ""ל",false,,16.90,0.1127,true,1,98003
4005900420220,false,"גל רחצה ניוואה פיור אימפקט לגבר 500 מ""ל",ניואה,,ניוואה ג'ל פיור רחצה,מיליליטרים,500.00,"100 מ""ל",false,,14.90,0.0298,true,1,163972
4005900485243,false,"ניוואה - דאודורנט רול און לגבר דריי פרש 50 מ""ל",ניואה,DE,דאודורנט ניוואה רול,מיליליטרים,50.00,"100 מ""ל",false,,16.90,0.3380,true,1,114597
4005900494924,false,"ניוואה - דאודורנט ספריי לאישה דריי פרש אישה 150 מ""ל",ביירסדורף,DE,דאודורנט ניוואה ספרי,מיליליטרים,150.00,"100 מ""ל",false,,16.90,0.1127,true,1,115766
4005900513069,false,"ניוואה - דאודורנט רול און לגבר דיפ 50 מ""ל",ביירסדורף,DE,דאודורנט ניוואה רול,מיליליטרים,50.00,"100 מ""ל",false,,16.90,0.3380,true,1,108331
4005900521262,false,"ג'ל רחצה לגבר פיור אימפקט ניוואה 500 מ""ל",ביירסדורף,DE,ג'ל רחצה לגבר ניוואה,מיליליטרים,500.00,"100 מ""ל",false,,14.90,0.0298,true,1,111269
4005900547316,false,"ניוואה - דאודורנט ספריי לאישה שקוף בלק וווי 150 מ""ל",בטר אנד דיפרנט,DE,ניוואה דאודורנט ספרי,מיליליטרים,150.00,"100 מ""ל",false,,16.90,0.1127,true,1,117930
4005900555915,false,"ניוואה - תחליב רחצה קוקוס וחוחובה 750 מ""ל",ביירסדורף AG,DE,ניוואה שמן אמבט קוקו,מיליליטרים,750.00,"100 מ""ל",false,,14.90,0.0199,true,1,117931
4005900639554,false,"ניוואה - דאודורנט רול און לאישה פרש נטורל לאישה ללא אלומיניום 50 מ""ל",ביירסדורף AG,DE,ניוואה דאודורנט רול,מיליליטרים,50.00,"100 מ""ל",false,,16.90,0.3380,true,1,165377
4005900683878,false,לבלו סקראב שפתון פילינג אלוורה בליסטר,ביירסדורף,DE,לבלו סקראב אלוורה,מיליליטרים,5.50,"100 מ""ל",false,,13.90,2.5273,true,1,119165
4005900730299,false,"ניוואה דאו רול און לאשה בלק אנד וויט אימפקט 50 מ""ל",ביירסדורף,DE,דאודורנט ניוואה רול,מיליליטרים,50.00,"100 מ""ל",false,,16.90,0.3380,true,1,168756
4005900730336,false,"ניוואה דאו רול און לגבר בלק אנד וויט אימפקט 50 מ""ל",ביירסדורף,DE,ניוואה דאודורנט רול,מיליליטרים,50.00,"100 מ""ל",false,,16.90,0.3380,true,1,168027
4005900816016,false,"ניוואה - דאודורנט ספריי לאישה פרש טבעי לאישה 150 מ""ל",טרופיקל דגיל תעשיות,DE,ניוואה דאוד' ספר,מיליליטרים,150.00,"100 מ""ל",false,,16.90,0.1127,true,1,15771
4005900828088,false,"ניוואה - דאודורנט רול און לגבר פרש 50 מ""ל",טרופיקל דגיל תעשיות,DE,ניוואה רול און,מיליליטרים,50.00,"100 מ""ל",false,,16.90,0.3380,true,1,15780
4005900833723,false,"ניוואה - פאוור פרש ג'ל רחצה לגבר 500 מ""ל",ניואה,,ניוואה ג'ל רחצה לגבר,מיליליטרים,500.00,"100 מ""ל",false,,14.90,0.0298,true,1,163761
4005900841148,false,"ניוואה מן ג'ל גילוח קול קיק פרש 200 מ""ל",ניואה,DE,ניוואה ג'ל גילוח,מיליליטרים,200.00,"100 מ""ל",false,,17.90,0.0895,true,1,167205
4005900864000,false,"ניוואה היידרה סקין אפקט מים מיסלריים להסרת איפור וניקוי הפנים עם חומצה היאלורונית 400 מ""ל",ניואה,DE,ניוואה מים מיסלריים,מיליליטרים,400.00,"100 מ""ל",false,,34.90,0.0872,true,1,166268
4006387085407,false,שלישיית פילטר מקסטרא סודהסטרים,בריטה Brita,,שלישיית פילטר מקס פל,יחידה,0.00,יחידה,false,,99.90,0.0000,false,1,106381
4006387097370,false,קנקן סטייל+פילטר מקסטרא סודהסטרים,בריטה,DE,קנקן סטייל+ פילטר מק,יחידה,0.00,יחידה,false,,159.00,0.0000,true,1,118014
4006396046963,false,טבק מניטו לבן 30g מס,,,טבק מניטו 30 גר',יחידה,0.00,יחידה,false,,83.00,0.0000,false,1,114811
4006508177325,false,מטליות לניקוי משקפיים,סווירל Swirl,,מטליות לניקוי משקפיי,יחידה,0.00,יחידה,false,,12.90,0.0000,true,1,40825
4007519050713,false,שקיות אשפה עם שרוך חזקות במיוחד 35 ליטר,פאלי Pely,DE,פלי 25 שקיות אשפה- 3,יחידה,0.00,יחידה,false,,10.90,0.0000,true,1,24850
4007519050720,false,שקיות אשפה עם שרוך חזקות במיוחד 60 ליטר,פאלי Pely,DE,פלי 20 שקיות אשפה- 6,יחידה,0.00,יחידה,false,,10.90,0.0000,true,1,25385
4007519050744,false,שקיות אשפה עם שרוך חזקות במיוחד 120 ליטר,פאלי Pely,DE,פלי 10 שקיות אשפה- 1,יחידה,0.00,יחידה,false,,10.90,0.0000,true,1,24851
4007519086224,false,פלי שקיות אשפה ריחניות 20 ליטר 22 יח,וו.פלץ,DE,פלי 22 שקיות אשפה 20,יחידה,0.00,יחידה,false,,10.90,0.0000,true,1,92629
4007519086248,false,פלי 20 שקיות אשפה ריחניות 35 ל,וו.פלץ,DE,פלי 20שקיות אשפה ריח,יחידה,0.00,יחידה,false,,10.90,0.0000,true,1,92628
4007519086262,false,פלי שקיות אשפה ריחניות 22 יח 60 ל,וו.פלץ,DE,פלי 16 שקיות אשפה 60,יחידה,0.00,יחידה,false,,10.90,0.0000,true,1,92630
4007745058804,false,מיונז אורגני נטורפוד,אף.סי תבליני בגליל ב,DE,מיונז אמיתי אורגני,גרמים,340.00,100 גרם,false,,21.00,0.0618,true,1,51245
4007745058811,false,חרדל צרפתי חלק אורגני 200 גרם,נטורפוד,DE,חרדל צרפתי חלק 145 ג,גרמים,145.00,100 גרם,false,,13.90,0.0959,true,1,111004
4007745058828,false,חרדל צרפתי גרגרים אורגני 200 גרם,נטורפוד,,חרדל גרגירים אורגני,גרמים,145.00,100 גרם,false,,13.90,0.0959,true,1,110389
4008102002867,false,מילפורד תה גרגרים בטעם לימון 400גר',ליימן מותגים,DE,תה גרגרים מילפורד לי,גרמים,400.00,100 גרם,false,,14.90,0.0373,true,1,14780
4008287051032,false,בירה קרומבאכר פילס 0.50 ליטר פחית,מנדלז סי.אר. פרודקשן,DE,קרומבאכר פילס פחית 5,מיליליטרים,500.00,"100 מ""ל",false,,9.90,0.0198,true,1,121940
4008287058161,false,בירה קרומבאכר פילס 4.8% שישיה 6 * 330 מל,מנדלז סי.אר. פרודקשן,DE,קרומבאכר פילס שישייה,מיליליטרים,1980.00,"100 מ""ל",false,,29.90,0.0151,true,1,121955
4008287762020,false,בירה קרומבאכר חיטה 0.50 ליטר בקבוק,קרומבכר בראורי,DE,בירה קרומבאכר בקבוק,מיליליטרים,500.00,"100 מ""ל",false,,9.90,0.0198,true,1,59759
4008287905786,false,בירה קרומבאכר חיטה 5.3% פחית 500 מל,מנדלז סי.אר. פרודקשן,DE,קרומבכר חיטה פחית 50,מיליליטרים,500.00,"100 מ""ל",false,,9.90,0.0198,true,1,121941
4009300522935,false,תה פומפדור תה ירוק לימונית ולואיזה 20 יח',"איטיליאן פוד, אס.פי.",DE,פומפדור תה ירוק לימו,גרמים,30.00,100 גרם,false,,19.90,0.6633,true,1,35947
4009300522966,false,פומפדור תה ירוק נענע 20 שקיקים,"איטיליאן פוד, אס.פי.",DE,פומפדור תה ירוק נענע,גרמים,36.00,100 גרם,false,,19.90,0.5528,true,1,35948
4009300524588,false,תה פומפדור חליטת צמחים פירות יער 20 יח',פומפדור Pompadour,DE,חליטת פומפדור פירות,גרמים,60.00,100 גרם,false,,15.90,0.2650,true,1,41152
4009300524625,false,תה פומפדור צאי מסאלה 20 שקיקים,פומפדור Pompadour,DE,תה פומפדור צ'אי מסאל,גרמים,40.00,100 גרם,false,,13.90,0.3475,true,1,41153
4009300525011,false,פומפידור תה ירוק עם תפוז וג'ינגר 25 שקיקים,"איטיליאן פוד, אס.פי.",DE,תה פומפדור ירוק תפוז,יחידה,0.00,יחידה,false,,19.90,0.0000,true,1,50501
4009300526438,false,פומפדור תה ירוק קלאסי 30 גרם,"איטיליאן פוד, אס.פי.",DE,תה ירוק קלאסי פומפדו,יחידה,0.00,יחידה,false,,19.90,0.0000,true,1,67139
4009300527909,false,חליטת צמחים ג'ינג'ר כורכום ללא קפאין,פומפדור Pompadour,DE,פומפדור חליטת ג'ינג',יחידה,0.00,יחידה,false,,15.90,0.0000,true,1,105185
4009300528821,false,תה ירוק ג'ינג'ר קינמון פומפדור 30 ג',פומפדור Pompadour,,פומפדור תה ירוק ג'ינ,יחידה,0.00,יחידה,false,,19.90,0.0000,true,1,111045
4009300528845,false,"פומפדור תה ירוק עם לימונית דבש 30 מ""ל",פומפדור Pompadour,,פומפדור תה ירוק לימו,יחידה,0.00,יחידה,false,,19.90,0.0000,true,1,111046
4009300529552,false,תה חליטת פומפדור פירות אפרסק 20 יח,TEEKANNE- POMPADOU,DE,פומפדור חליטת פירות,גרמים,50.00,100 גרם,false,,15.90,0.3180,true,1,166858
4009300529699,false,"חליטת צמחים אורגנית עם מאטה, נענע וגרידת לימון","איטיליאן פוד, אס.פי.",DE,פומפדור סטארט יור די,גרמים,36.00,100 גרם,false,,17.90,0.4972,true,1,120528
4009300530107,false,חליטה קרה בטעמי תות שדה ותפוז פומפדור 45 ג',,,פומפדור חליטה קרה תו,גרמים,45.00,100 גרם,false,,14.90,0.3311,true,1,121950
4009300530145,false,חליטה קרה בטעמי מוחיטו ופירות יער פומפדור 45 ג',,,פומפדור חליטה קרה מו,גרמים,45.00,100 גרם,false,,14.90,0.3311,true,1,121952
4009300530183,false,תה חליטת פומפדור תפוז ספרדי 20 יח,,,פומפדור חליטת תפוז ס,גרמים,44.00,100 גרם,false,,15.90,0.3614,true,1,168559
4009300530206,false,תה חליטת פומפדור תפוח טורקי 20 יח,,,פומפדור חליטת תפוח ט,גרמים,50.00,100 גרם,false,,15.90,0.3180,true,1,168561
4009300530275,false,תה חליטת פומפדור מנטה מרוקאית 20 יח,,,פומפדור חליטת מנטה מ,גרמים,36.00,100 גרם,false,,15.90,0.4417,true,1,168560
4009300595120,false,חליטת צמחים בטעם ג'ינג'ר מנגו פומפדור 45 ג',TEEKANNE- POMPADOU,,פומפדור חליטת צמחים,יחידה,0.00,יחידה,false,,15.90,0.0000,true,1,118283
4009900379564,false,מסטיק הובה בובה Hubba Bubba טייפ בטעם פירות,מרס ריגלי קונפקשונרי,,מסטיק הובה בובה פירו,גרמים,56.00,100 גרם,false,,6.50,0.1161,true,1,25564
4009900402965,false,אורביט וויט בטעם פירות בקבוקון 46מלבניות,ריגלי פולין,PL,אורביט בקבוקון בטעם,גרמים,64.00,100 גרם,false,,10.00,0.1563,true,1,57758
4009900403023,false,אורביט וויט בטעם מנטה בקבוקון 46 מלבניות,"ב.א מזון בע""מ",PL,אורביט בקבוקון בטעם,גרמים,64.00,100 גרם,false,,10.00,0.1563,true,1,57759
4009900406918,false,מסטיק הובה בובה טייפ טריפל מיקס 56ג',מרס ריגלי קונפקשונרי,,מסטיק הובה בובה טריפ,גרמים,56.00,100 גרם,false,,6.50,0.1161,true,1,29319
4009900420129,false,מסטיק אורביט פרופשנל פפרמינט בקבוקון 64 גר',מרס נדרלנד,PL,אורביט פרופשיונל פפר,גרמים,64.00,100 גרם,false,,10.00,0.1563,true,1,109409
4009900455299,false,סוכריות סקיטלס פירות 174 גרם,ריגלי ממתקים,CZ,סוכריות סקיטלס פירות,גרמים,174.00,100 גרם,false,,8.90,0.0511,true,1,67951
4009900465304,false,סוכריות סקיטלס פירות חמוצים 174 גרם,ריגלי ממתקים,CZ,סוכריות סקיטלס פירות,גרמים,174.00,100 גרם,false,,8.90,0.0511,true,1,67952
4009900479998,false,אורביט וויט אוכמניות בקבוקון 46 מלבניות,ריגלי פולין,PL,מסטיק אורביט אוכמניו,גרמים,64.00,100 גרם,false,,10.00,0.1563,true,1,67691
4009900482417,false,מסטיק אורביט פירות מנטה בקבוקון באבל מינט 45יח,ריגלי פולין,PL,מסטיק אורביט באבל מי,יחידה,0.00,יחידה,false,,10.00,0.0000,true,1,60657
4009900483803,false,מסטיק איירובס מנטה אקליפטוס בקבוקון 60יח',איירוויבס Airwaves,GB,אירוובס מנטה אקליפטו,יחידה,0.00,יחידה,false,,12.80,0.0000,true,1,110885
4009900484060,false,מסטיק אורביט פרופשיונל בטעם מנטה ללא סוכר,אורביט Orbit,GB,אורביט בקבוק 60 יח',יחידה,0.00,יחידה,false,,12.80,0.0000,true,1,61527
4009900484091,false,מסטיק אורביט פרופשיונל בטעם מנטה ללא סוכר,אורביט Orbit,GB,אורביט באריזת בקבוק,יחידה,0.00,יחידה,false,,12.80,0.0000,true,1,63392
4009900491044,false,מסטיק איירובס אוכמניות בקבוקון 60יח',איירוויבס Airwaves,GB,אירוובס בקבוק אוכמני,יחידה,0.00,יחידה,false,,12.80,0.0000,true,1,110886
4009900496247,false,"מסטיק אורביט לל""ס מלבניות בקבוק בבלימנט 60 יח",אורביט Orbit,GB,מסטיק אורביט בבלמינט,גרמים,84.00,100 גרם,false,,12.80,0.1524,true,1,100993
4009900500166,false,סוכריות פירות אדום סקיטלס בקבוקון 125ג',ריגלי ממתקים,CZ,סוכריות סקיטלס בבקבו,גרמים,125.00,100 גרם,false,,8.90,0.0712,true,1,99306
4009900509770,false,אורביט באריזת בקבוק בטעם תות 60 יח',אורביט Orbit,GB,אורביט אריזת בקבוק 6,גרמים,84.00,100 גרם,false,,12.80,0.1524,true,1,96143
4009900521581,false,סוכריות אורביט מינטס מנטה בבקבוקון 77 גר,ריגלי פולין,PL,אורביט מינטס מנטה בק,גרמים,77.00,100 גרם,false,,10.00,0.1299,true,1,102703
4009900521611,false,סוכריות אורביט מינטס דובדבן מנטה בבקבוקון,מרס נדרלנד,PL,אורביט מינטס דובדבן,יחידה,0.00,יחידה,false,,10.00,0.0000,true,1,102530
4009900531122,false,"מסטיק בטעם מנטה ספירמינט, 64 ג' פרופשיונל אורפיט",מרס נדרלנד,PL,אורביט פרופשיונל ספי,גרמים,64.00,100 גרם,false,,10.00,0.1563,true,1,109410
4009900531573,false,סוכריות סקיטלס סמודיס בטעמי יוגורט ופירות,סקיטלס Skittles,CZ,סוכריות סקיטלס סמודי,גרמים,174.00,100 גרם,false,,8.90,0.0511,true,1,111158
4009900532327,false,סוכריות סקיטלס סמודיס בטעמי יוגורט ופירות,סקיטלס Skittles,GB,סוכריות סקיטלס סמודי,גרמים,38.00,100 גרם,false,,3.00,0.0789,true,1,111428
4009900534611,false,מסטיק איירוויבז בקבוקון בטעם מלון ומנטה,ריגלי,PL,מסטיק איירוויבז בטעם,גרמים,64.00,100 גרם,false,,10.00,0.1563,true,1,116070
4009900534918,false,סקיטלס גאיינט פירות 141 גרם,ריגלי,CZ,סוכריות סקיטלס ג'יינ,גרמים,141.00,100 גרם,false,,8.90,0.0631,true,1,122725
4009900535519,false,מסטיק אורביט רפרשרס ספירמינט ללא סוכר 15.6גר',אורביט,PL,אורביט רפרשרס ספירמי,גרמים,15.60,100 גרם,false,,3.90,0.2500,true,1,120848
4009900535540,false,מסטיק אורביט רפרשרס פפרמינט ללא סוכר 15.6גר',אורביט,PL,אורביט רפרשרס פפרמינ,גרמים,15.60,100 גרם,false,,3.90,0.2500,true,1,120849
4009900535823,false,מסטיק אורביט רפרשרס באבלמינט ללא סוכר 15.6גר',אורביט,PL,אורביט רפרשרס באבלמי,גרמים,15.60,100 גרם,false,,3.90,0.2500,true,1,120850
4009900536257,false,מסטיק אורביט רפרשרס ספירמינט בקבוקון ללא סוכר 67 גר',מרס ריגלי קונפקשונרי,PL,אורביט רפרשרס ספירמי,גרמים,67.00,100 גרם,false,,11.90,0.1776,true,1,120851
4009900536288,false,מסטיק אורביט רפרשרס פפרמינט בקבוקון ללא סוכר 67 גר',מרס ריגלי קונפקשונרי,PL,אורביט רפרשרס פפרמינ,גרמים,67.00,100 גרם,false,,11.90,0.1776,true,1,120852
4009900536486,false,מסטיק אורביט רפרשרס באבלמינט בקבוקון ללא סוכר 67 גר',מרס ריגלי קונפקשונרי,PL,אורביט רפרשרס באבלמי,גרמים,67.00,100 גרם,false,,11.90,0.1776,true,1,120853
4009900539340,false,סקיטלס גאיינט פירות חמוצים 141 גרם,מרס ריגלי קונפקשונרי,CZ,סקיטלס ג'יינט סאוור,גרמים,141.00,100 גרם,false,,8.90,0.0631,true,1,165300
4009900539401,false,מסטיק פייב באונס בטעם מנטה HP,מרס,PL,פייב באונס בטעם מנטה,גרמים,14.40,100 גרם,false,,3.90,0.2708,true,1,166026
4009900539432,false,מסטיק פייב באונס בטעם אבטיח HP,מרס,PL,פייב באונס בטעם אבטי,גרמים,14.40,100 גרם,false,,3.90,0.2708,true,1,166027
4009900539685,false,"מסטיק פייב באונס בטעם מנטה בקבוקון, 61.8 גרם",ריגלי בעמ רוסיה,PL,מסטיק פייב באונס בטע,גרמים,61.80,100 גרם,false,,11.90,0.1926,true,1,166024
4009900539746,false,"מסטיק פייב באונס בטעם אבטיח בקבוקון, 61.8 גרם",ריגלי בעמ רוסיה,PL,פייב באונס בטעם אבטי,גרמים,61.80,100 גרם,false,,11.90,0.1926,true,1,166025
4009900540551,false,מסטיק אורביט רפרשרס טרופיקל בקבוקון ללא סוכר,מרס פולין,PL,אורביט ריפרשרס טרופי,גרמים,67.00,100 גרם,false,,11.90,0.1776,true,1,165680
4011800528416,false,קורני חטיף דגנים עם בוטנים מתוק-מלוח*6,קורני Corny,DE,חטיפי קורני בייס שיש,גרמים,150.00,100 גרם,false,,11.90,0.0793,false,1,114379
4011800567613,false,קורני סנדוויץ שחור לבן 4 יחידות,מיוצר עי קונדיטוריית,DE,קורני סנדוויץ שחור ל,גרמים,120.00,100 גרם,false,,11.90,0.0992,false,1,66138
4011800568610,false,חטיף קורני מילק Corny milk קלאסי,שוורטאוור וורקה,DE,קורני סנדוויץ קלאסי,יחידה,0.00,יחידה,false,,11.90,0.0000,false,1,66017
4011800577810,false,קורני פרי (6) נוגט 120 גרם,Schwartauer,DE,חטיפי קורני פרי נוגט,גרמים,120.00,100 גרם,false,,11.90,0.0992,false,1,165298
4011800617615,false,1X24X50G קורני ביג שוקולד,שוורטאוור וורקה,DE,חטיף קורני ביג שוקול,גרמים,50.00,100 גרם,false,,4.50,0.0900,true,1,114782
4011800628512,false,חטיף קורני שוקולד חלב 6 יח 150 גר,מיוצר עי קונדיטוריית,DE,קורני עם שוקולד חלב,יחידה,0.00,יחידה,false,,11.90,0.0000,false,1,64751
4011800629519,false,קורני בייס נאטס 150 גר 6 יח 150 גר,קורני Corny,DE,קורני עם אגוזים,יחידה,0.00,יחידה,false,,11.90,0.0000,false,1,65338
4011800630515,false,חטיף קורני שוקולד חלב ובננה 6 יח 150 גר,מיוצר עי קונדיטוריית,DE,קורני עם שוקולד חלב,גרמים,150.00,100 גרם,false,,11.90,0.0793,false,1,64517
4011800632519,false,חטיף דגנים עם שוקולד חלב וקוקוס,מיוצר עי קונדיטוריית,DE,קורני עם שוקולד חלב,יחידה,0.00,יחידה,false,,11.90,0.0000,false,1,64752
4011800633516,false,קורני שוקולד מריר מעולה 58% קקאו 6*1,שוורטאוור וורקה,DE,קורני עם שוקולד מריר,גרמים,150.00,100 גרם,false,,11.90,0.0793,false,1,64518
4011800635510,false,חטיף קורני Corny Free עם אגוזי לוז ללא תוספת סוכר,קורני Corny,DE,קורני פרי עם אגוזים,יחידה,0.00,יחידה,false,,11.90,0.0000,false,1,65339
4011800636517,false,קורני פרי שוקולד חלב מעולה ללא סוכר 6*1,מיוצר עי קונדיטוריית,DE,קורני פרי עם שוקולד,גרמים,120.00,100 גרם,false,,11.90,0.0992,false,1,64847
4011800637514,false,חטיף קורני Corny Free עם שוקולד לבן ללא תוספת סוכר,קורני Corny,DE,קורני פרי עם שוקולד,גרמים,120.00,100 גרם,false,,11.90,0.0992,false,1,64848
4012273123009,false,נטרוגינה קרם ידיים 50 מל הסדרה הנורבגית,גונסון אנד גונסון,FR,קרם ידיים נוטרוג'ינה,מיליליטרים,50.00,"100 מ""ל",false,,26.90,0.5380,true,1,120239
4014086024245,false,בירה גרלסבורג חיטה מעוננת לא מסוננת 500,קוניגסבכר,DE,בירה חיטה גרלסבורג 5,מיליליטרים,500.00,"100 מ""ל",false,,6.90,0.0138,true,1,90291
4014388000213,false,בירה פחית רדברגר 500,"איי, בי, אינבוו",DE,בירה רדברגר,מיליליטרים,500.00,"100 מ""ל",false,,8.90,0.0178,true,1,109871
4014400901191,false,בונבונירה מרסי קלאסי 250 גרם חלב נוכרי,ליימן מותגים,DE,בונבונירה מרסי 250 ג,גרמים,250.00,100 גרם,false,,24.90,0.0996,true,1,14790
4014400904277,false,סוכריות שטרוק אייס פרש בשקית 425 גרם,תות ממתקי איכות,DE,סוכריות אייס פרש,גרמים,425.00,100 גרם,false,,17.90,0.0421,true,1,14793
4014400904376,false,סוכריות טופי שוקולדן שטורק 325 ג',קריניציה ויטמינה אס,DE,סוכריות שוקלדן,גרמים,325.00,100 גרם,false,,17.90,0.0551,true,1,14795
4014400904390,false,סוכריות וולמילש ממולא ט.חלב 325גרם,קריניציה ויטמינה אס,DE,סוכריות וולמילש,גרמים,325.00,100 גרם,false,,17.90,0.0551,true,1,14796
4014400907902,false,סוכריות חמאה ללא סוכר בטעם קרמל בקופסא,תות ממתקי איכות,DE,סוכריות וורטר בקופסא,גרמים,42.00,100 גרם,false,,6.00,0.1429,true,1,44653
4014400909692,false,סוכריות וורטר בוקס קפה ללא סוכר 42 גר,קריניציה ויטמינה אס,DE,סוכריות וורטר בוקס ק,גרמים,42.00,100 גרם,false,,6.00,0.1429,true,1,52761
4014400910063,false,סוכריות וורטר אורגינל שקית 135 גרם,ליימן מותגים,DE,סוכריות וורטר שקית,גרמים,135.00,100 גרם,false,,8.90,0.0659,true,1,44883
4014400913910,false,וורטר אוריגינל במילוי קרם 125 גרם,תות ממתקי איכות,DE,סוכריות וורטר במילוי,יחידה,0.00,יחידה,false,,8.90,0.0000,true,1,67213
4014400914696,false,וורטרס אורגינל סוכריות ללא סוכר 80 גרם,ליימן מותגים,DE,סוכריות וורטר ללא תו,גרמים,80.00,100 גרם,false,,8.90,0.1113,true,1,46846
4014400914924,false,סוכריות וורטר אורגינל ללא סוכר קפה 80 ג',קריניציה ויטמינה אס,DE,סוכריות וורטר קפה לל,גרמים,80.00,100 גרם,false,,8.90,0.1113,true,1,46847
4014400920857,false,סוכריות וורטר Werther's בטעם שוקולד ללא סוכר,קריניציה ויטמינה אס,DE,וורטר סוכריות שוקולד,גרמים,70.00,100 גרם,false,,8.90,0.1271,true,1,90605
4014400923711,false,טופיפי 125 גר' - חלב נוכרי,ליימן מותגים,DE,טופיפי 125 גר',גרמים,125.00,100 גרם,false,,11.90,0.0952,true,1,99285
4014400925319,false,וורטרס אורגינל פופקורן קרמל 140 גרם,וורטרס Werther's,DE,וורטר פופקורן קרמל,גרמים,140.00,100 גרם,false,,12.90,0.0921,true,1,119296
4014400929010,false,וופל מיני קנופרס 200 גר 10 גר*20 יחידות,אוגוסט שטורק,DE,וופל מיני קנופרס,גרמים,200.00,100 גרם,false,,18.90,0.0945,true,1,166570
4014400931327,false,ורטרס אורגינל פופקורן עם קרמל זרעי דלעת 1/12,וורטרס Werther's,DE,וורטרס אורגינל פופקו,גרמים,140.00,100 גרם,false,,12.90,0.0921,true,1,166653
4014600203149,false,רגולדס -סוכריות בפח בטעםי פירות יער 150 ג',,,רגולדס סוכריות בפח ב,גרמים,150.00,100 גרם,false,,7.50,0.0500,true,1,96073
4015000031394,false,"ספטיל - משחה להסרת כתמים 200 מ""ל",ספטיל saptil,IL,מסיר כתמים ספטיל 200,גרמים,200.00,100 גרם,false,,16.90,0.0845,false,1,21166
4015400564034,false,אולוויז מגן תחתון מגה פק לונג פלוס 58 יח,פרוקטר אנד גמבל,DE,מגן תחתון אולוויז לו,יחידה,0.00,יחידה,false,,16.90,0.0000,false,1,90870
4015400564454,false,מגני תחתון אולוויז לארג' עם ניחוח מגה פק,פרוקטר אנד גמבל,DE,מגן תחתון אולוויז לא,יחידה,0.00,יחידה,false,,16.90,0.0000,false,1,95268
4015400623663,false,מגבונים לחים ניו בייבי רביעייה ללא בישום,דיפלומט,DE,פמפרס מגבוני ניו ביי,יחידה,0.00,יחידה,false,,18.90,0.0000,true,1,168824
4015400681670,false,תחבושות אולוויז לילה בטוח וליו פק 18 יח,פרוקטר אנד גמבל,HU,תחבושות אולוויז לילה,יחידה,0.00,יחידה,false,,16.90,0.0000,false,1,94408
4015400690313,false,טמפונים פרל רגולר טמפקס קומפאק 18 יח,פרוקטר אנד גמבל,HU,טמפקס קומפקט פרל רגו,יחידה,0.00,יחידה,false,,27.90,0.0000,true,1,98185
4015400690405,false,טמפונים פרל סופר טמפקס קומפאק 18 יח,פרוקטר אנד גמבל,HU,טמפקס קומפקט פרל סופ,יחידה,0.00,יחידה,false,,27.90,0.0000,true,1,98186
4015400690498,false,טמפונים פרל סופר פלוס טמפקס קומפאק 18 יח,פרוקטר אנד גמבל,HU,טמפקס קומפאקט פרל סו,יחידה,0.00,יחידה,false,,27.90,0.0000,true,1,98187
4015400715290,false,טמפקס קומפק סופר פלוס 22 יחידות,דיפלומט,HU,טמפקס קומפאק סופר פל,יחידה,0.00,יחידה,false,,24.90,0.0000,true,1,94897
4015400731719,false,תחבושות היגייניות אולוויז יום ולילה Day & Night,פרוקטר אנד גמבל,DE,תחבושות אולוויז וליו,יחידה,0.00,יחידה,false,,16.90,0.0000,false,1,96942
4015400746812,false,מגני תחתון אולוויז נורמל עם ניחוח מגה פק,פרוקטר אנד גמבל,DE,מגן תחתון אולוויז נו,יחידה,0.00,יחידה,false,,16.90,0.0000,false,1,97507
4015400755241,false,תחבושות היגייניות אולוויז אולטרה נורמל - 28 יח',פרוקטר אנד גמבל,DE,תחבושות אולוויז וליו,יחידה,0.00,יחידה,false,,16.90,0.0000,false,1,97312
4015400755487,false,תחבושות היגייניות אולוויז אולטרה לונג - 24 יח',פרוקטר אנד גמבל,DE,תחבושות אולוויז וליו,יחידה,0.00,יחידה,false,,16.90,0.0000,false,1,97313
4015600762742,false,שמפו יומיומי למניעת קשקשים הנוסחה הקלאסית,פרוקטר אנד גמבל,RO,שמפו הד אנד שולדרס ק,מיליליטרים,500.00,"100 מ""ל",false,,16.90,0.0338,true,1,61057
4015600762780,false,שמפו וקונדישינר יומיומי למניעת קשקשים הנוסחה הקלאסית 2in1,פרוקטר אנד גמבל,RO,הד אנד שולדרס 2 ב 1,מיליליטרים,500.00,"100 מ""ל",false,,16.90,0.0338,true,1,61058
4015600762902,false,"שמפו מנטול הד אנד שולדרס 500 מ""ל",פרוקטר אנד גמבל,RO,שמפו הד אנד שולדרס מ,מיליליטרים,500.00,"100 מ""ל",false,,16.90,0.0338,true,1,61061
4015600762940,false,שמפו יומיומי למניעת קשקשים בניחוח תפוח,פרוקטר אנד גמבל,RO,שמפו הד אנד שולדרס ת,מיליליטרים,500.00,"100 מ""ל",false,,16.90,0.0338,true,1,61062
4015600763022,false,שמפו יומיומי למניעת קשקשים לשיער יבש/פגום לשיער רך כמשי,פרוקטר אנד גמבל,RO,שמפו הד אנד שולדרס מ,מיליליטרים,500.00,"100 מ""ל",false,,16.90,0.0338,true,1,61064
4015600766900,false,"שמפו ומרכ ך נגד קשקשים 500 מ""ל הד אנד שולדרס",פרוקטר אנד גמבל,RO,הד אנד שולדרס שמפו /,מיליליטרים,500.00,"100 מ""ל",false,,16.90,0.0338,true,1,65356
4015600807573,false,"ג'ילט - דאודורנט ג'ל לגבר כדוריות פאוור ראש 75 מ""ל",פרוקטר אנד גמבל,GB,דאוד' קליר ג'ל ג'ילט,מיליליטרים,75.00,"100 מ""ל",false,,18.90,0.2520,true,1,66900
4017100198151,false,עוגיות היט Hit קקאו במילוי קרם וניל,הדקלאים אגודת שיתופי,PL,עוגיות היט וניל 220,גרמים,220.00,100 גרם,false,,7.90,0.0359,false,1,91995
4017100210105,false,בלזן וופלטן שוקולד מריר 100 גרם,הדקלאים אגודת שיתופי,DE,וופלטן גלילי וופל,גרמים,100.00,100 גרם,false,,11.90,0.1190,false,1,73378
4017100219900,false,וופלטן גליליות וופל עם שוקולד 100 גרם,הדקלאים אגודת שיתופי,DE,וופלטן גליליות וופל,גרמים,100.00,100 גרם,false,,11.90,0.1190,false,1,10076
4017100290008,false,ביסקוויט בלזן ליבניץ שוקולד חלב 125 ג',הדקלאים אגודת שיתופי,DE,ביסקוויט ליבניץ שוקו,גרמים,125.00,100 גרם,false,,11.90,0.0952,true,1,10078
4017100291005,false,ביסקוויט מצופה שוקולד מריר ליבניץ Leibniz,הדקלאים אגודת שיתופי,DE,ביסקוויט מצופה שוקול,גרמים,125.00,100 גרם,false,,11.90,0.0952,false,1,62739
4017100364112,false,עוגיות היט Hit במילוי קרם בטעם שוקולד,הדקלאים אגודת שיתופי,PL,עוגיות בלזן היט קקאו,גרמים,220.00,100 גרם,false,,7.90,0.0359,false,1,90213
4017100366239,false,עוגיות ביסקוויט סנדוויץ ממולא קרם בטעם שוקולד,ליימן שליסל,PL,עוגיות ליבניץ אנד קר,גרמים,190.00,100 גרם,false,,11.90,0.0626,false,1,112566
4018722100133,false,אטריות כוסמין וביצים אורגניות 250 גרם,אלב גולד,DE,אטריות כוסמין וביצים,גרמים,250.00,100 גרם,false,,13.90,0.0556,true,1,110381
4018722100157,false,פסטה פוזילי מקמח כוסמין מלא אורגני,האחים פלם הגפן,DE,אלד גולד פוזילי כוסמ,גרמים,250.00,100 גרם,false,,11.90,0.0476,true,1,110182
4018722100188,false,אטריות רחבות כוסמין וביצים אורגניות,אלב גולד,DE,אטריות רחבות כוסמין,גרמים,250.00,100 גרם,false,,13.90,0.0556,true,1,111067
4018722102656,false,ספגטי כוסמין אורגני 500 גרם,אלב גולד,DE,אלב גולד ספגטי כוסמי,גרמים,500.00,100 גרם,false,,15.90,0.0318,true,1,110184
4018722303459,false,מקרוני כוסמין אורגני 250 גרם,אלב גולד,DE,מקרוני כוסמין אורגני,גרמים,250.00,100 גרם,false,,10.90,0.0436,true,1,111068
4018722343141,false,פסטה פנה אורגנית כוס,אלב גולד,DE,פסטה פנה אורגנית כוס,גרמים,500.00,100 גרם,false,,19.90,0.0398,true,1,118861
4018722343158,false,פסטה פוזילי אורגנית,אלב גולד,DE,פסטה פוזילי אורגנית,גרמים,500.00,100 גרם,false,,19.90,0.0398,true,1,118862
4018722344308,false,פפרדלה כוסמין אורגני אלב גולד 500 גרם,אלב גולד,DE,אלב גולד פסטה פפרדלה,גרמים,500.00,100 גרם,false,,18.00,0.0360,true,1,116318
4022025001752,false,בלו נאן מבעבע כחול,,,בלו נאן מבעבע כחול,מיליליטרים,750.00,"100 מ""ל",false,,49.90,0.0665,true,1,108807
4022025001790,false,בלו נאן מבעבע גולד 2,היי סישל סוהן טראבן,DE,בלו נאן גולד 24K אדי,מיליליטרים,750.00,"100 מ""ל",false,,49.90,0.0665,true,1,107469
4022025002087,false,בלו נאן מבעבע רוזה 2,בלו נאן,DE,בלו נאן מבעבע רוזה 2,מיליליטרים,750.00,"100 מ""ל",false,,49.90,0.0665,true,1,118875
4022025262009,false,בלו נאן כשר גוורץ ריזלינג,לנגוט טראבן,,יין בלו נאן כשר,מיליליטרים,750.00,"100 מ""ל",false,,45.90,0.0612,true,1,99434
4022025773000,false,יין בלו נאן מוסקטו כ,בלו נאן,DE,בלו נאן מוסקטו כשר,מיליליטרים,750.00,"100 מ""ל",false,,45.90,0.0612,true,1,120689
4023800531648,false,בונבוניירה מוצרט 200 גר CARSTENS,Erasmi & Carstens Gm,DE,בונ' מוצרט 200 גר,גרמים,200.00,100 גרם,false,,14.90,0.0745,true,1,168008
4025700001962,false,מילקה טבלה 100 גר' לבן 1/22 (4248023),פי אר ג'יי אס סי מונ,DE,מילקה שוקולד לבן,גרמים,100.00,100 גרם,false,,5.90,0.0590,true,1,117751
4028208000284,false,נייר פילטר מספר 4 - BRIGITTA ובו 80 יחידות,Melitta Kaffee GmbH,DE,מליטה נייר לפילטר מס,יחידה,0.00,יחידה,false,,12.90,0.0000,true,1,62080
4032900111322,false,סיגריות ווינסטון קומ,JTI,UA,וינסטון קומפקט כחול,יחידה,0.00,יחידה,false,,280.00,0.0000,false,1,110625
4032900124193,false,כאמל צהוב ארוך PP חפיסה,,,כאמל צהוב ארוך,יחידה,0.00,יחידה,false,,31.00,0.0000,false,1,115693
4032900124254,false,ווינסטון קומפלקט ברי PP חפיסה,,,ווינסטון קומפקט ברי,יחידה,0.00,יחידה,false,,28.50,0.0000,false,1,118250
4033100014529,false,סיגריות אל די סלים ח,JTI,,סלימס LD,יחידה,0.00,יחידה,false,,25.50,0.0000,false,1,54403
4033100024146,false,סיגריות וינסטון קוד,JTI,,וינסטון קוד חפיסה,יחידה,0.00,יחידה,false,,31.00,0.0000,false,1,56965
4033100024252,false,וינסטון אקווה לייט קופסה,JTI,,וינסטון קוד אקוה חפי,יחידה,0.00,יחידה,false,,31.00,0.0000,false,1,56967
4033100046490,false,סיגריות וינסטון 100 אקווה ארוך,יושלם,,ווינסטון אקווה,יחידה,0.00,יחידה,false,,31.00,0.0000,false,1,61868
4033100047350,false,טבק לגלגול קאמל כחול,JTI,,כאמל כחול טבק,יחידה,0.00,יחידה,false,,72.00,0.0000,false,1,66894
4033100064036,false,וינסטון כחול טבק לגלגול חפיסה,JTI,,וינסטון כחול טבק,גרמים,30.00,100 גרם,false,,72.00,2.4000,false,1,91492
4043058008778,false,טבק אמריקן ספיריט כחול פאוצ,jti,,טבק אמריקן ספיריט,יחידה,0.00,יחידה,false,,80.00,0.0000,false,1,94162
4043058010412,false,טבק אמריקן ספיריט צהוב פאוצ,jti,,טבק אמריקן ספיריט צה,יחידה,0.00,יחידה,false,,80.00,0.0000,false,1,99624
4046719114306,false,שפורפרת דבק 3M רב שימושי 30 מל,3m,FR,שפורפורת דבק רב שימו,יחידה,0.00,יחידה,false,,14.90,0.0000,true,1,93678
4046719732326,false,גליל דבק דו צדדי ספו,,,גליל דבק דו צדדי ספו,יחידה,0.00,יחידה,false,,25.90,0.0000,true,1,168762
4047778012480,false,פותחן יין מהודר,,,פותחן יין מהודר,יחידה,0.00,יחידה,false,,21.90,0.0000,true,1,166312
4047889384872,false,פורס ביצה,,,פורס ביצה,יחידה,0.00,יחידה,false,,13.90,0.0000,true,1,100965
4053700288205,false,ויט קרם להסרת שיער לעור רגיש 100 מל,רקיט בנקיזר צרפת,FR,ויט קרם הסרת שיער לע,מיליליטרים,100.00,"100 מ""ל",false,,19.90,0.1990,true,1,49397
4053700292455,false,ויט רצועות שעווה תמצית צמחים לעור רגיל,רקיט בנקיזר צרפת,FR,ויט רצועות שעווה,יחידה,0.00,יחידה,false,,19.90,0.0000,true,1,39458
4056800943791,false,קרם חמצן וולוקסון Welloxon 9%,פרוקטר אנד גמבל,FR,וולקסון 9%,מיליליטרים,0.00,"מ""ל",false,,4.90,0.0000,true,1,53379
4061445096689,false,קפה דוידוף מגורען 100 גר ESPRESSO 57,צ'יבו מנופקצ'ורינג,CO,קפה דוידוף אספרסו מג,גרמים,100.00,100 גרם,false,,21.90,0.2190,false,1,117918
4061445096702,false,קפה דוידוף מגורען 100 גר FINE AROMA,צ'יבו מנופקצ'ורינג,CO,קפה נמס דוידוף ארומה,גרמים,100.00,100 גרם,false,,21.90,0.2190,false,1,117235
4061445096726,false,קפה דוידוף מגורען 100 גר RICH AROMA,צ'יבו מנופקצ'ורינג,CO,קפה נמס דוידוף ארומה,גרמים,100.00,100 גרם,false,,21.90,0.2190,false,1,116834
4065698201173,false,דונאטס בטעם אוראו 73 ג' OREO,,,דונאטס אוראו מארז 1,גרמים,73.00,100 גרם,false,,6.90,0.0945,true,1,164541
4066600601920,false,"בירה פאולנר פחית 500 מ""ל",פאולנר Paulaner,DE,"פאולנר פחית 500 מ""ל",מיליליטרים,500.00,"100 מ""ל",false,,10.90,0.0218,true,1,115757
4066600999614,false,"בירה פאולנר חיטה 500 מ""ל בקובק",מבשלת פאולנר,DE,"בירה פאולנר 500 מ""ל",מיליליטרים,500.00,"100 מ""ל",false,,11.00,0.0220,true,1,99922
4072700001188,false,"בירה פרנסיסקאנר כהה בקבוק 500 מ""ל",פרנסיסקאנר Franziskaner,DE,פרנסיסקאנר בירה כהה,יחידה,500.00,יחידה,false,,9.90,0.0198,true,1,45414
4072700003649,false,"בירה פרנסיסקאנר בהירה 500 מ""ל","איי, בי, אינבוו",DE,פרנסיסקאנר בירה מעונ,יחידה,500.00,יחידה,false,,9.90,0.0198,true,1,45415
4084500065536,false,פנטן קרם לחות מוגברת לעיצוב שיער 300 מל,פרוקטר אנד גמבל,DE,פנטן קרם לחות לחות מ,מיליליטרים,300.00,"100 מ""ל",false,,21.90,0.0730,true,1,93095
4084500065598,false,קרם לחות פנטן לתלתלים מושלמים 300 מל,פרוקטר אנד גמבל,DE,פנטן קרם לחות לתלתלי,מיליליטרים,300.00,"100 מ""ל",false,,21.90,0.0730,true,1,93096
4084500088917,false,"נוזל כלים פיירי לימון 650 מ""ל",פרוקטר אנד גמבל,US,"פיירי לימון 650 מ""ל",מיליליטרים,650.00,"100 מ""ל",false,,9.90,0.0152,false,1,90292
4084500149526,false,טייד גל כביסה 2.48 ליטר אלפים רענן,פרוקטר אנד גמבל,FR,טייד ג'ל 2.48 ליטר,ליטרים,2.48,ליטר,false,,26.90,10.8468,true,1,65532
4084500178137,false,טייד נוזל כביסה 4 ליטר,פרוקטר אנד גמבל,FR,טייד ג'ל 4 ליטר,ליטרים,4.00,ליטר,false,,35.90,8.9750,true,1,65533
4084500739253,false,"משחת שיניים אורל בי 3D white לובן מהודר 75 מ""ל",פרוקטר אנד גמבל,DE,אורל בי משחת שיניים3,100 מל,75.00,100 מל,false,,19.90,0.2653,true,1,123532
4084500853553,false,פיירי נוזל כלים קלאסי אורגינל 650 מל,פרוקטר אנד גמבל,US,פיירי אוריגינל 650 מ,מיליליטרים,650.00,"100 מ""ל",false,,9.90,0.0152,false,1,92730
4084500853836,false,"נוזל כלים פיירי ורדים ומשי 515 מ""ל",פרוקטר אנד גמבל,GB,פיירי ורדים ומשי 515,מיליליטרים,515.00,"100 מ""ל",false,,9.90,0.0192,false,1,92732
4084500853898,false,סבון כלים אלוורה ומלפפונים,פרוקטר אנד גמבל,GB,פיירי אלוורה ומלפפונ,מיליליטרים,515.00,"100 מ""ל",false,,9.90,0.0192,false,1,92733
4084500854048,false,נוזל כלים פיירי לימון שקוף 1.24 ליטר,על בד,,פיירי לימון 1.24 ליט,ליטרים,1.24,ליטר,false,,14.90,12.0161,false,1,97126
4084500920880,false,נוזל כלים פיירי אורגינל ירוק 1.24 ליטר,על בד,,פיירי אורגינל 1.24 ל,ליטרים,1.24,ליטר,false,,14.90,12.0161,false,1,97127
4100130937163,false,בירה בקס שישייה 6*275 מל,"איי, בי, אינבוו",DE,שישיה בירה בקס,ליטרים,1.65,ליטר,false,,29.90,18.1212,true,1,92714
4100470106700,false,חומץ תפוחים אורגני 750 מל,נטורפוד,DE,נטורפוד- חומץ תפוחים,מיליליטרים,750.00,"100 מ""ל",false,,21.90,0.0292,true,1,102951
4105120623941,false,"בירה ויינשטפן בק' ח""פ 500 מ""ל",קרלסברג יבוא יצוא,DE,"בירה ויינשטפן 500 מ""",מיליליטרים,500.00,"100 מ""ל",false,,11.50,0.0230,false,1,102662
4105120624412,false,"בירה ויינשטפן ויטוס 500 מ""ל",קרלסברג יבוא יצוא,IL,בירה ויינשטפן ויטוס,מיליליטרים,500.00,"100 מ""ל",false,,11.50,0.0230,false,1,110841
4210201365334,false,אורל בי ראש חשמלי סיבי פחם ארבע יחידות,פרוקטר אנד גמבל,DE,אורל בי ראש מילוי חש,יחידה,0.00,יחידה,false,,79.90,0.0000,true,1,164868
4260147890513,false,אטריות ביצים דקות ורמיצ'לי 500ג',דין שיווק,PL,איטריות דקות 500גר,גרמים,500.00,100 גרם,false,,10.90,0.0218,true,1,89898
4260147890551,false,איטריות ביצים רצועות,דין שיווק,PL,איטריות רצועות 500גר,גרמים,500.00,100 גרם,false,,10.90,0.0218,true,1,89902
4260147890711,false,אטריות ביצים מגולגול 500 ג',דין שיווק,PL,איטריות מגולגלות 500,גרמים,500.00,100 גרם,false,,10.90,0.0218,true,1,89899
4260605630354,false,חטיף לחתול דורמאו של,,,חטיף לחתול דורמאו של,גרמים,14.00,100 גרם,false,,14.90,1.0643,true,1,166269
4260651480019,false,אטריות אדממה אורגני 250 גרם,,,אטריות אדממה אורגני,גרמים,250.00,100 גרם,false,,19.90,0.0796,true,1,120827
4260651480033,false,אטריות חומוס פטוציני אורגני 250 גרם,,,אטריות חומוס אורגני,גרמים,250.00,100 גרם,false,,19.90,0.0796,true,1,120726
4260651480057,false,אטריות שעועית שחורה אורגני 250 גרם,,,אטריות שעועית שחורה,גרמים,250.00,100 גרם,false,,19.90,0.0796,true,1,120727
4600659010854,false,*מבצע* סטולי פרימיום,איי. אס. לטבייאס בלז,LV,וודקה סטוליצ'ניה 40%,יחידה,750.00,יחידה,false,,59.90,0.0799,false,1,17307
4603400000043,false,"וודקה רוסקיי סטנדרט 700 מ""ל",רוסקי סטנדרט וודקה,RU,"וודקה רוסקי 700 מ""ל",מיליליטרים,700.00,"100 מ""ל",false,,59.90,0.0856,false,1,63834
4603400000180,false,"וודקה סטנדרט פלטינום 700 מ""ל",,,רוסקי סטנדרט פלטינום,מיליליטרים,700.00,"100 מ""ל",false,,89.90,0.1284,true,1,96343
4603928000976,false,"וודקה בלוגה נובל 700 מ""ל+כוס",מרינסקי ליקרו ונבאנצ,RU,"בלוגה- וודקה 700 מ""ל",מיליליטרים,700.00,"100 מ""ל",false,,130.00,0.1857,true,1,96419
4605561010305,false,פילה הרינג עם שמיר בשמן חתיכות 500גר RS,,RU,פילה הרינג עם שמיר ב,גרמים,500.00,100 גרם,false,,24.90,0.0498,true,1,165859
4605561010343,false,פילה הרינג בשמן חתיכות 500גר RS,,RU,פילה הרינג בשמן חתיכ,גרמים,500.00,100 גרם,false,,24.90,0.0498,true,1,165860
4607012351005,false,גרעיני חמניות מרטין ללא מלח 200 גרם,"נארז ע""י : א.ג. גילר",RU,גרעיני חמניות מרטין,גרמים,200.00,100 גרם,false,,12.90,0.0645,true,1,68338
4607012351999,false,גרעיני חמניות מרטין עם מלח 200 גרם,"נארז ע""י : א.ג. גילר",RU,גרעיני חמניות מרטין,גרמים,200.00,100 גרם,false,,12.90,0.0645,true,1,97512
4607012352002,false,גרעיני דלעת מרטין 100 גר,,RU,גרעיני דלעת מרטין 10,גרמים,100.00,100 גרם,false,,12.90,0.1290,true,1,98272
4607012352453,false,גרעיני חמניות מרטין פסים עם מלח 150 גר,מרטין,RU,גרעיני חמניות פסים מ,גרמים,150.00,100 גרם,false,,9.90,0.0660,true,1,120244
4607012352804,false,בוטנים קלופים קלויים עם מלח מרטין 100 גר,,RU,בוטנים קלופים קלויים,גרמים,100.00,100 גרם,false,,7.90,0.0790,true,1,114605
4640018993398,false,פיניש קוואנטום 60 יח' קפסולות ג'ל למדיח כלים,רקיט בנקיזר,PL,פיניש קוואנטום 60 יח,יחידה,0.00,יחידה,false,,59.90,0.0000,true,1,116532
4710068001692,false,"מאסטר קפה לאטה פחית 240מ""ל",תאיט מרקטינג אנד דיס,TW,מאסטר קפה לאטה,מיליליטרים,240.00,"100 מ""ל",false,,6.50,0.0271,true,1,67130
4710068001715,false,"מאסטר קפה טירמיסו 240 מ""ל",יוני פרזינדנט אנטרפר,TW,מאסטר קפה טירמיסו,מיליליטרים,240.00,"100 מ""ל",false,,6.50,0.0271,true,1,66849
4710068001739,false,"מאסטר קפה קולומביאני 240 מ""ל",יוני פרזינדנט אנטרפר,TW,מאסטר קפה קולומביאני,מיליליטרים,240.00,"100 מ""ל",false,,6.50,0.0271,true,1,66850
4710068002798,false,"מאסטר קפה ונילה פחית 240מ""ל",מאיטה פוד אינדוסטריא,TW,מאסטר קפה וונילה,גרמים,240.00,100 גרם,false,,6.50,0.0271,true,1,111933
4712892880221,false,קיסמים וולטרס פרימיו,,,קיסמים וולטרס פרימיו,יחידה,0.00,יחידה,false,,11.00,0.0000,true,1,65941
4740098090137,false,"בירה אינדיה פייל אייל לבנה 500 מ""ל",א.לה קוק A.Le Coq,EE,בירה אינדיה פייל איי,מיליליטרים,500.00,"100 מ""ל",false,,9.90,0.0198,true,1,115805
4740098098331,false,"קוקטייל בלו לגון אה לה קוק 330 מ""ל",אה לי קוק,EE,קוקטייל בלו לגון אה,מיליליטרים,330.00,"100 מ""ל",false,,9.90,0.0300,true,1,167171
4740098098355,false,"קוקטייל מוחיטו אה לה קוק 330 מ""ל",אה לי קוק,EE,קוקטייל מוחיטו אה לה,מיליליטרים,330.00,"100 מ""ל",false,,9.90,0.0300,true,1,166484
4740098098379,false,"קוקטייל מרגריטה אה לה קוק 330 מ""ל",אה לי קוק,EE,קוקטייל מרגריטה אה ל,מיליליטרים,330.00,"100 מ""ל",false,,9.90,0.0300,true,1,166485
4740098098393,false,"קוקטייל און דה ביץ אה לה קוק 330 מ""ל",אה לי קוק,EE,קוקטייל סק און דה בי,מיליליטרים,330.00,"100 מ""ל",false,,9.90,0.0300,true,1,166486
4750142002078,false,"בירה צסו יורמלה 500 מ""ל","""cesu alus""",LV,פחית בירה צ'סו יורמל,מיליליטרים,500.00,"100 מ""ל",false,,5.90,0.0118,true,1,167405
4750142003426,false,"בירה פילזנר אקסטרה 500 מ""ל",צ'סו אלוס,RU,בירה פילזנר אקסטרה פ,מיליליטרים,500.00,"100 מ""ל",false,,5.90,0.0118,true,1,116534
4750142004980,false,"בירה פרימיום צסו 568 מ""ל","""cesu alus""",,פחית בירה פרימיום צ',יחידה,0.00,יחידה,false,,9.00,0.0000,true,1,166960
4750142005000,false,"בירה כהה בוהמיין צסו 568 מ""ל","""cesu alus""",,פחית בירה כהה בוהמיי,מיליליטרים,568.00,"100 מ""ל",false,,9.00,0.0158,true,1,166959
4750142005062,false,"בירה ברוזה לא מסוננת צסו 568 מ""ל","""cesu alus""",,פחית בירה ברוז'ה לא,מיליליטרים,568.00,"100 מ""ל",false,,9.00,0.0158,true,1,166958
4750142016518,false,בירה צסו לא מסוננת 5.4% 568 מל,צ'סו אלוס,LV,בירה צ'סו לא מסוננת,מיליליטרים,568.00,"100 מ""ל",false,,9.00,0.0158,true,1,65917
4750142021505,false,"בירה PILSENER בהירה 4.7% פחית 500 מ""ל",צ'סו אלוס,LV,בירה פילזנר פח 0.5 ל,מיליליטרים,500.00,"100 מ""ל",false,,5.90,0.0118,true,1,63498
4750616006564,false,סרדינים על הגריל בשמן זית 190 גר,,,סרדינים על הגריל בשמ,גרמים,190.00,100 גרם,false,,11.90,0.0626,true,1,118813
4750616006571,false,סרדינים על הגריל בשמן זית עם צילי 190 ג,,,סרדינים על הגריל בשמ,גרמים,190.00,100 גרם,false,,11.90,0.0626,true,1,166926
4770179182864,false,ממתקי שוקולד ממולאים 360 גרם,,,בונבוניירה פח שוקולד,גרמים,355.00,100 גרם,false,,39.90,0.1124,true,1,123652
4770301235246,false,"בירה חיטה מייסטר 500 מ""ל פחית","""cesu alus""",,פחית בירה חיטה מייסט,מיליליטרים,500.00,"100 מ""ל",false,,5.90,0.0118,true,1,168223
4779039730276,false,אאוגה מרק עגבניות מוקרם אורגני 400 גר',גרביאי,LT,אאוגה מרק עגבניות מו,גרמים,400.00,100 גרם,false,,16.50,0.0413,true,1,114677
4779039731143,false,מרק עדשים אורגני 400 גר,גרביאי,LT,אאוגה מרק עדשים אורג,גרמים,400.00,100 גרם,false,,16.50,0.0413,true,1,114681
4779039731167,false,אאוגה מרק דלורית ובטטה אורגני 400 גר,גרביאי,LT,אאוגה מרק דלורית ובט,גרמים,400.00,100 גרם,false,,16.50,0.0413,true,1,114682
4792032060454,false,"גרין קוקו - מי קוקוס אורגניים 330 מ""ל",סילברמיל,,משקה מי קוקוס אורגני,מיליליטרים,330.00,"100 מ""ל",false,,7.90,0.0239,true,1,97789
4796019790013,false,"שמן קוקוס אורגני 300 מ""ל",כפרי בריא,,שמן קוקוס אורגני 300,מיליליטרים,300.00,"100 מ""ל",false,,19.90,0.0663,true,1,101609
4796019790037,false,שמן קוקוס אורגני 1 ליטר גרין קוקו,כפרי בריא,,שמן קוקוס אורגני גרי,ליטרים,1.00,ליטר,false,,38.90,38.9000,true,1,95678
4800888150080,false,"דאב - דאודורנט רול און לאישה פרש טאצ' מלפפונים 50 מ""ל",יוניליוור פיליפינים,PH,דאודורנט דאב רול און,מיליליטרים,50.00,"100 מ""ל",false,,16.90,0.3380,false,1,59613
4800888214904,false,דאו' דאב סטיק קקאו לאשה 50 ג',יוניליוור,,דאב דאודורנט סטיק קק,גרמים,50.00,100 גרם,false,,16.90,0.3380,true,1,119911
4800888219510,false,דאב - דאודורנט סטיק לאישה פרש מלפפונים 50 גרם,יונילוור מקסיקו - HP,PH,דאב סטיק מלפפון,מיליליטרים,50.00,"100 מ""ל",false,,16.90,0.3380,true,1,123748
4800888219527,false,דאב - דאודורנט סטיק לאישה ללא סימן אינביזיבל 50 גרם,יוניליוור,PH,דאב סטיק אינביזיבל 5,מיליליטרים,50.00,"100 מ""ל",false,,16.90,0.3380,true,1,163650
4800888219534,false,דאב - דאודורנט סטיק לאישה אנטי פרספירמט 50 גרם,"חברת זולברג, גוברנור",PH,דאב דאודורנט סטיק או,מיליליטרים,50.00,"100 מ""ל",false,,16.90,0.3380,false,1,123429
4810168000066,false,פילה דג הרינג מלוח מצונן עם תבלין 250ג,סנטה ברמור,BY,פילה דג הרינג מלוח מ,יחידה,0.00,יחידה,false,,12.90,0.0000,true,1,123025
4810168001056,false,פילה דג הרינג מלוח מצונן בצנצנת חתיכות 260ג',סנטה ברמור,BY,פילה דג הרינג מלוח מ,יחידה,0.00,יחידה,false,,17.90,0.0000,true,1,123027
4810168018795,false,חתיכות פילה דג הרינג מלוח מצונן 200ג',סנטה ברמור,BY,חתיכות פילה דג הרינג,יחידה,0.00,יחידה,false,,12.90,0.0000,true,1,123022
4810168019051,false,חתיכות פילה דג הרינג מלוח מצונן עם תבלין 200ג',סנטה ברמור,BY,חתיכות פילה דג הרינג,יחידה,0.00,יחידה,false,,12.90,0.0000,true,1,123023
4810168024512,false,פילה דג הרינג מלוח מצונן עם תבלין בצנצנת חתיכות 260ג,סנטה ברמור,BY,פילה דג הרינג מלוח מ,יחידה,0.00,יחידה,false,,17.90,0.0000,true,1,123028
4810168057435,false,חתיכות פילה דג הרינג מלוח בשמן מצונן 400 גר,,RU,חתיכות פילה הרינג 40,גרמים,400.00,100 גרם,false,,24.90,0.0622,true,1,165893
4810168057510,false,חתיכות פילה דג הרינג מתובל מלוח בשמן 400 גר,,,חתיכות פילה הרינג מת,גרמים,400.00,100 גרם,false,,24.90,0.0622,true,1,165892
4810168058975,false,חתיכות פילה דג הרינג סקנדינבי מלוח מצונן 260 גר,סנטה ברמור,BY,פילה הרינג סקנדינבי,גרמים,260.00,100 גרם,false,,17.90,0.0688,true,1,167812
4810168058982,false,חתיכות פילה דג הרינג סקנדינבי מלוח בשמן 400 גר,סנטה ברמור,RU,פילה הרינג סקנדינבי,גרמים,400.00,100 גרם,false,,25.90,0.0647,true,1,167813
4840008018319,false,דובשניות עם שזיף 400 גרם פרנצלוטה,פרנזלוטה,,דובשניות פרנזלוטה עם,גרמים,400.00,100 גרם,false,,8.90,0.0223,true,1,115064
4840008018333,false,דובשניות טעם דבש 400 גרם פרנצלוטה,פרנזלוטה,,דובשניות פרנזלוטה בט,גרמים,400.00,100 גרם,false,,8.90,0.0223,true,1,115065
4840008019521,false,עוגיות בצק עלים לבבות דקל פרנצלוטה 350 ג,פרנזלוטה,,עוגיות אזניים מבצק ע,גרמים,350.00,100 גרם,false,,10.90,0.0311,true,1,118802
4840008040075,false,350 עוגיות אוזניים עם קינמון גר,,MD,עוגיות אזניים עם קינ,גרמים,350.00,100 גרם,false,,10.90,0.0311,true,1,123327
4840709002440,false,"ברנדי קווינט 3 500 מ""ל כשר",,,ברנדי קווינט 500 מל,מיליליטרים,500.00,"100 מ""ל",false,,54.90,0.1098,true,1,102989
4860019001346,false,בורז'ומי מים מינרליים טבעיים 500מ'ל חדש,אי די אס בורגומי,,בורז'ומי מים מינירלי,יחידה,500.00,יחידה,false,,6.90,0.0138,true,1,48506
4860019001414,false,"בקבוק מים בוז'ורמי 750 מ""ל",אי.די.אס בורג'יומי,,בורז'ומי מים מינרליי,מיליליטרים,750.00,"100 מ""ל",false,,7.90,0.0105,true,1,65390
4891228304119,false,סכיני גילוח שיק אקזק,אדגוול,CN,שיק אקזקטה 2 נשים מו,יחידה,0.00,יחידה,false,,19.90,0.0000,true,1,121271
4891228304454,false,שיק היידרו 5 סנס מכשיר+סכין 1,שסטוביץ,CN,שיק היידרו 5 סנס מכש,גרמים,100.00,100 גרם,false,,44.90,0.4490,true,1,111347
4891228430030,false,סכיני גילוח שיק אקזקטה 2 לעור רגיש ירוק 5 יח',אנרג'יזר Energizer,CN,ס.ג שיק אקסטרא 2ירו,יחידה,0.00,יחידה,false,,9.90,0.0000,true,1,100885
4891228430054,false,סכיני גילוח לנשים שיק אקזקטה 2 5 יח,שיק,CN,ס.ג. שיק אקסטרא 2ור,יחידה,0.00,יחידה,false,,9.90,0.0000,true,1,100886
4891228430061,false,סכיני גילוח שיק אקזקטה 2 לנשים ורוד 10 יח',הנסיך- מפעל לייצור ט,CN,ס.ג שיק אקסטרא 2ורוד,יחידה,0.00,יחידה,false,,23.90,0.0000,true,1,27963
4891228430085,false,שיק אקסטרים 3 פס לחות בתוספת אלוה ורה,אנרג'יזר Energizer,CN,ס.ג שיק אקסטרים 3כחו,יחידה,0.00,יחידה,false,,21.90,0.0000,true,1,33794
4891228460242,false,שיק קוואטרו חד פעמי לנשים 3 יחידות,אנרג'יזר Energizer,CN,סכיני גילוח חד פעמי,יחידה,0.00,יחידה,false,,31.90,0.0000,true,1,56222
4895060550000,false,לקקן בוכה,,,לקקן בוכה,גרמים,50.00,100 גרם,false,,7.00,0.1400,true,1,16591
4895060582292,false,סוכריות נטיורל פלורידה מיקס טעמים 136ג',קנדי נובלטי,,פלורידה ויטמין משפחת,גרמים,136.00,100 גרם,false,,15.90,0.1169,true,1,27420
4895060592307,false,פלורידה בקבוק חלב מנצ'סטר,,,פלורידה סוכריות נאגט,גרמים,43.00,100 גרם,false,,7.50,0.1744,true,1,37686
4902674200297,false,מיסו אדום קוגיסאן 30,,,מיסו אדום קוגיסאן 30,גרמים,300.00,100 גרם,false,,27.90,0.0930,true,1,165862
4902674200396,false,"סויה קוג'י 330 מ""ל",,,"סויה קוג'י 330 מ""ל",מיליליטרים,330.00,"100 מ""ל",false,,54.90,0.1664,true,1,165863
4903001904192,false,"רוטב סויה יאמסה פרימיום 500 מ""ל",הדקלאים אגודת שיתופי,JP,רוטב סויה יאמסה פרימ,יחידה,500.00,יחידה,false,,17.90,0.0358,true,1,47795
4903001904208,false,רוטב סויה יאמסה פרימיום 1 ליטר,הדקלאים אגודת שיתופי,JP,רוטב סויה יאמסה פרימ,ליטרים,1.00,ליטר,false,,31.90,31.9000,true,1,46811
4903001925784,false,"רוטב סויה יאמאסה פרמיום דל מלח 500 מ""ל",הדקלאים אגודת שיתופי,JP,רוטב סויה יאמאסה פרי,מיליליטרים,500.00,"100 מ""ל",false,,17.90,0.0358,true,1,66424
4903001930993,false,"רוטב טריאקי יאמאסה 500 מ""ל",ליימן מותגים,JP,"טריאקי יאמסה 500 מ""ל",מיליליטרים,500.00,"100 מ""ל",false,,17.90,0.0358,true,1,94739
4904688526301,false,100% שמן שומשום טהור,,,100% שמן שומשום טהור,יחידה,0.00,יחידה,false,,45.90,0.0000,true,1,165867
4996445000117,false,קינגדאו אטריות סובה,Qingdao Sun-growing,,אטריות סובה,גרמים,300.00,100 גרם,false,,10.90,0.0363,true,1,52574
4996445000124,false,אטריות אודון,,,אטריות אודון,גרמים,300.00,100 גרם,false,,9.00,0.0300,true,1,52575
5000111041065,false,רוטב ווסטרשייר היינץ,תאי פרזידנט פוד פאבל,,היינץ רוטב וסטרשייר,מיליליטרים,150.00,"100 מ""ל",false,,11.90,0.0793,true,1,114028
5000111046244,false,רוטב לסטייק היינץ 450 גר,,,רוטב לסטייק,גרמים,450.00,100 גרם,false,,15.90,0.0353,true,1,168511
5000111047364,false,רוטב ברביקיו דבש 465 גרם,,NL,רוטב ברבקיו דבש H.P,גרמים,465.00,100 גרם,false,,15.90,0.0342,true,1,102066
5000111047371,false,היינץ רוטב ברביקיו קלאסי HP,,,רוטב ברבקיו קלאסי H.,גרמים,465.00,100 גרם,false,,15.90,0.0342,true,1,102042
5000127163195,false,קלוגס ספיישל קיי 500 גר'.,קלוגס,GB,דגני קלוגס ספיישל קי,גרמים,500.00,100 גרם,false,,23.90,0.0478,true,1,62142
5000127533196,false,קלוגס וורייטי שמינייה 191 גרם,חברת קלוגס בריטניה,,ווראיטי קלוגס,גרמים,191.00,100 גרם,false,,21.90,0.1147,true,1,109320
5000146048671,false,בראסו מטליות לניקוי כלי נחושת,רקיט בנקיזר,PT,סילבו מטליות לניקוי,גרמים,75.00,100 גרם,false,,19.90,0.2653,true,1,58413
5000146048688,false,ברסו מטליות לניקוי כלי כסף,רקיט בנקיזר,PT,בראסו מטליות לניקוי,גרמים,75.00,100 גרם,false,,19.90,0.2653,true,1,58414
5000146057710,false,ספריי רב שימושי לחלונות ומשטחים ווינדולין Windolene,רקיט בנקיזר,PL,וינדולין לחלונות,יחידה,750.00,יחידה,false,,8.90,0.0119,true,1,17046
5000157143365,false,מתבל בטעם מיונז וקטשופ היינץ 425 ג',היינץ Heinz,PL,רוטב בטעם מיונז וקטש,גרמים,425.00,100 גרם,false,,14.90,0.0351,true,1,115030
5000159020312,false,מלטיזרס אריזה קטנה 37 גרם,מלטיזרס Maltesers,NL,כדורי שוקולד חלב מלט,גרמים,37.00,100 גרם,false,,5.00,0.1351,true,1,10040
5000159376655,false,סוכריות סקיטלס 38 גר פירות 38 גרם,ריגלי ממתקים,NL,סקיטלט סוכריות ג'לי,גרמים,38.00,100 גרם,false,,3.00,0.0789,true,1,47609
5000159376792,false,סוכריות סקיטלס Skittles פירות חמוצים,ריגלי ממתקים,NL,סקיטלט סוכריות ג'לי,גרמים,38.00,100 גרם,false,,3.00,0.0789,true,1,47610
5000159407236,false,חטיף שוקולד מרס 51 ג',מרס הולנד בי.וי.,NL,חטיף מרס שוקולד 51 ג,גרמים,51.00,100 גרם,false,,4.00,0.0784,false,1,35374
5000159452540,false,סניקרס מארז חטיף 50 גרם חמישייה,סניקרס Snickers,NL,סניקרס מארז חמישייה,גרמים,250.00,100 גרם,false,,9.90,0.0396,true,1,117086
5000159452663,false,מרס מארז חטיף 45 גרם חמישייה,מרס Mars,NL,מאגדת מרס חמישייה,גרמים,225.00,100 גרם,false,,9.90,0.0440,true,1,122918
5000159460866,false,חטיף מארס 51 גרם,פלדמן,FR,מארס חטיף קפוא,יחידה,0.00,יחידה,false,,10.00,0.0000,true,1,112571
5000159460880,false,חטיף סניקרס 53 גרם,פלדמן,FR,סניקרס חטיף קפוא,יחידה,0.00,יחידה,false,,10.00,0.0000,true,1,112572
5000159461122,false,חטיף שוקולד סניקרס 50 ג',"נארז ע""י : א.ג. גילר",NL,חטיף סניקרס 50 גר',גרמים,50.00,100 גרם,false,,4.00,0.0800,false,1,59974
5000159483049,false,חטיף באונטי 50.1 גרם,פלדמן,FR,באונטי חטיף קפוא,יחידה,0.00,יחידה,false,,10.00,0.0000,true,1,112574
5000159484640,false,חטיף טוויקס 43.1 גרם,פלדמן,FR,טוויקס חטיף קפוא,יחידה,0.00,יחידה,false,,10.00,0.0000,true,1,112575
5000159509671,false,סניקרס לבן חטיף קפוא,פלדמן,FR,סניקרס לבן חטיף קפוא,יחידה,0.00,יחידה,false,,10.00,0.0000,true,1,120607
5000159538626,false,טוויקס מארז חטיף 50 גרם חמישייה,טוויקס Twix,NL,מאגדת טוויקס חמישייה,גרמים,250.00,100 גרם,false,,9.90,0.0396,true,1,122916
5000159538640,false,באונטי מארז חטיף 57 גרם חמישייה,באונטי,NL,מאגדת באונטי חמישייה,גרמים,285.00,100 גרם,false,,9.90,0.0347,true,1,122917
5000168199245,false,שוקולד חלב מעולה בתוספת קרמל מלוח פיור גודייבה 90 ג',"אולקר מקבוצת פלאדיס,",TR,גודייבה שוקולד חלב ב,גרמים,90.00,100 גרם,false,,14.50,0.1611,true,1,123348
5000204048803,false,"קיווי לניקוי נעלי ספורט 75 מ""ל",ג'ונסון אנד ג'ונסון,NL,קיווי לניקוי נעלי ספ,מיליליטרים,75.00,"100 מ""ל",false,,17.90,0.2387,true,1,164032
5000204114867,false,"גלייד אורסול בניחוח וניל 300 מ""ל",coster aerosol vail,TR,גלייד ארוסול בניחוח,מיליליטרים,300.00,"100 מ""ל",false,,10.00,0.0333,true,1,114889
5000204114898,false,גלייד ארוסול מבשם אוויר ניחוח מרכך כביסה,אס.סי גונוסון,NL,גלייד ארוסול בניחוח,מיליליטרים,300.00,"100 מ""ל",false,,10.00,0.0333,true,1,114895
5000204114959,false,"גלייד ארוסול בניחוח פריחה בלבן 300 מ""ל","אס.סי ג'ונסון,מידרכט",NL,גלייד ארוסול בניחוח,מיליליטרים,300.00,"100 מ""ל",false,,10.00,0.0333,true,1,114896
5000204115048,false,גלייד ארוסול מבשם אוויר בניחוח לבנדר,"אס.סי ג'ונסון,מידרכט",NL,גלייד ארוסול בניחוח,מיליליטרים,300.00,"100 מ""ל",false,,10.00,0.0333,true,1,114897
5000204151022,false,"פלדג' אירוסול לניקוי רהיטים לבנדר 250 מ""ל",פלדג',NL,פלדג' ארוסול לניקוי,מיליליטרים,250.00,"100 מ""ל",false,,15.90,0.0636,true,1,121558
5000204151053,false,"פלדג' אירוסול לניקוי רהיטים קלאסי 250 מ""ל",יורופרייטס,NL,פלדג' אירוסול לניקוי,מיליליטרים,250.00,"100 מ""ל",false,,15.90,0.0636,true,1,117115
5000204153729,false,מטהר אוויר גלייד מילוי אוטומטי לבנדר וניל,המאפיה של הרמן,TR,גלייד מילוי אוטומטי,מיליליטרים,269.00,"100 מ""ל",false,,14.90,0.0554,true,1,119443
5000204153842,false,מטהר אוויר גלייד מילוי אוטומטי וניל,המאפיה של הרמן,TR,גלייד מילוי אוטומטי,מיליליטרים,269.00,"100 מ""ל",false,,14.90,0.0554,true,1,117877
5000204153903,false,מטהר אוויר גלייד מילוי אוטומטי מרכך כביסה,קוסטר אירוסול ואלף ס,TR,גלייד מילוי אוטומטי,מיליליטרים,269.00,"100 מ""ל",false,,14.90,0.0554,true,1,117876
5000204155723,false,"גלייד מארז אוטומטי-בניחות מרכך כביסה 269 מ""ל",המאפיה של הרמן,TR,גלייד מארז אוטומטי מ,יחידה,0.00,יחידה,false,,39.90,0.0000,true,1,119400
5000204171884,false,מילוי סבון אסלה דאק,טואלט דאק (ג'ונסון),NL,מילוי דאק דיסק ג'ל ב,מיליליטרים,36.00,"100 מ""ל",false,,9.90,0.2750,true,1,121122
5000204182026,false,מטהר אוויר גלייד מוצק בניחוח אודיסאה,במה פולסקה,PL,גלייד ג'ל בניחוח אוד,גרמים,180.00,100 גרם,false,,15.90,0.0883,true,1,123067
5000204227192,false,"גלייד מבשם ריח מקלות רגע של נחת 80 מ""ל",גלייד,PT,גלייד מבשם ריח מקלות,מיליליטרים,80.00,"100 מ""ל",false,,29.90,0.3737,true,1,164448
5000204254587,false,סבון מוצק לאסלהאפרסק על חלל 38.6 ג' דאק,דאופלור אס.פי.אי כונ,IT,דאק סבון מוצק לאסלה,גרמים,38.60,100 גרם,false,,9.90,0.2565,true,1,166353
5000204657883,false,קיווי משחת נעליים בקופסא חום 50 מל,ג' אל ראיה בוגור ג'א,ID,משחת נעליים קיווי חו,מיליליטרים,50.00,"100 מ""ל",false,,5.90,0.1180,true,1,58061
5000204657913,false,קיווי משחת נעליים בקופסא שחור 50 מל,ג' אל ראיה בוגור,ID,משחת נעליים קיווי שח,מיליליטרים,50.00,"100 מ""ל",false,,5.90,0.1180,true,1,58510
5000204661392,false,"קיווי מ.נעלים קופסא שחור 100מ""ל",המאפיה של הרמן,ID,משחת נעליים אקסטרא ש,יחידה,0.00,יחידה,false,,8.90,0.0000,true,1,58062
5000204886566,false,"תרסיס מנקה, מזין ומגן על העץ עם שמן תפוז טבעי",Jonson ג'ונסון,US,פלדג' 473 ORANGE OIL,יחידה,475.00,יחידה,false,,32.90,0.0693,true,1,26580
5000209145514,false,"שטיפת פה ירוק מנטה עדין נשימה רעננה קולגייט פלאקס 250 מ""ל",קולגייט- פלמוליב,BR,מי פה פלאקס 250מל,מיליליטרים,250.00,"100 מ""ל",false,,13.90,0.0556,true,1,127661
5000213014905,false,בירה גינס 440 מל פחית,פארייפאבה אגרואינדוס,IE,"בירה גינס פח 440 מ""ל",מיליליטרים,440.00,"100 מ""ל",false,,14.90,0.0339,true,1,67617
5000219120112,false,פאל מאל כחול ארוך סטרים פילטר עשירייה,BAT,,פקט פאל מאל כחול ארו,יחידה,0.00,יחידה,false,,290.00,0.0000,false,1,92150
5000232902450,false,שעועית אפויה 420 גר HP,,,BRANSTON-שעועית לבנה,גרמים,410.00,100 גרם,false,,8.90,0.0217,true,1,61465
5000267014234,false,וויסקי ג'וני ווקר רד לייבל Red label,ג'וני ווקר Johnnie walker,,וויסקי גוני ווקר אדו,מיליליטרים,700.00,"100 מ""ל",false,,75.00,0.1071,true,1,117152
5000267024233,false,"וויסקי ג'וני בלאק לייבל עם פורר 700מ""ל",ג'וני ווקר Johnnie walker,,גו'ני ווקר שחור 700,מיליליטרים,700.00,"100 מ""ל",false,,110.00,0.1571,false,1,121184
5000281040899,false,"רום קפטן מורגן וייט 750 מ""ל",קפטן מורגן Captain Morgan,,קפטן מורגן וויט 700,מיליליטרים,700.00,"100 מ""ל",false,,79.90,0.1141,true,1,167884
5000289925440,false,גין גורדון בקבוק 700,אלכסנדר גורדון ושות',,"ג'ין גורדון 700 מ""ל",מיליליטרים,700.00,"100 מ""ל",false,,79.90,0.1141,true,1,66795
5000291020706,false,משקה גין טנקרי 700 מ,צ'רלס טנקרי ושות',GB,"ג'ין טנקרי 750 מ""ל",מיליליטרים,750.00,"100 מ""ל",false,,109.00,0.1453,true,1,121182
5000394137486,false,רביעיות סוללות אופטימום AA דורסל,פרוקטר אנד גמבל,BE,דורסל רביעיות AA אופ,יחידה,0.00,יחידה,false,,18.90,0.0000,true,1,164082
5000394137516,false,רביעיות סוללות אופטימום AAA דורסל,פרוקטר אנד גמבל,BE,דורסל רביעיות AAA או,יחידה,0.00,יחידה,false,,18.90,0.0000,true,1,164083
5000394140820,false,שישיות סוללות AA פלוס פאוור דורסל,דורסל,BE,דורסל שישיות AA פלוס,יחידה,0.00,יחידה,false,,18.90,0.0000,true,1,164084
5000394141209,false,שישיות סוללות AAA פלוס פאוור דורסל,דורסל,BE,דורסל שישיות AAA פלו,יחידה,0.00,יחידה,false,,18.90,0.0000,true,1,164085
5000394141827,false,סוללת דורסל סי פלוס,פרוקטר אנד גמבל,US,סוללות דורסל C פלוס,יחידה,0.00,יחידה,false,,24.90,0.0000,true,1,167360
5000394141988,false,סוללת דורסל די פלוס,פרוקטר אנד גמבל,US,סוללות דורסל D פלוס,יחידה,0.00,יחידה,false,,24.90,0.0000,true,1,167362
5000394142190,false,סוללת דורסל וי 9 פלו,פרוקטר אנד גמבל,CN,סוללות דורסל V9 פלוס,יחידה,0.00,יחידה,false,,24.90,0.0000,true,1,167363
5000394203884,false,סוללות דורסל ליתיום זוג,דורסל Duracell,,סוללות דורסל ליתיום,יחידה,0.00,יחידה,false,,17.90,0.0000,true,1,120702
5000394203907,false,סוללות דורסל ליתיום זוג,דורסל Duracell,,דורסל ליתיום,יחידה,0.00,יחידה,false,,17.90,0.0000,true,1,112570
5000394203921,false,זוג סוללות ליתיום 2032 דורסל,דורסל Duracell,CN,זוג סוללות דורסל לית,יחידה,0.00,יחידה,false,,17.90,0.0000,true,1,120703
5000396037531,false,מקוויטיס ביסקוויט מצופה שוקולד חלב 200 ג',מקוויטיס McVitie's,GB,מקוויטיס ביסקוויט מצ,גרמים,200.00,100 גרם,false,,11.50,0.0575,true,1,102591
5000396037548,false,מקוויטיס ביסקוויט מצופה שוקולד מריר 200 ג',mcvities digestive,GB,מקוויטיס ביסקוויט מצ,גרמים,200.00,100 גרם,false,,11.50,0.0575,true,1,102592
5000396037944,false,מקוויטיס ביסקוויט אורגינל 250 גרם,מקוויטיס McVitie's,GB,מקוויטיס ביסקוויט קל,גרמים,250.00,100 גרם,false,,10.00,0.0400,true,1,102589
5010029000252,false,וויטביקס אורגינל 430 גרם,וויטביקס,GB,וויטביקס אורגינל,גרמים,430.00,100 גרם,false,,19.90,0.0463,true,1,102757
5010029201246,false,מוזלי שקדים וצימוקים ללא תוספת סוכר 560 גר',וויטביקס,GB,מוזלי שקדים וצימוקים,גרמים,560.00,100 גרם,false,,21.90,0.0391,true,1,113665
5010029219241,false,דגני מיני וויטביקס שוקולדצ'יפס,וויטביקס Weetabix,,וויטביקס מיני שוקולד,גרמים,450.00,100 גרם,false,,19.90,0.0442,true,1,108731
5010029221084,false,דגני וויטביקס פרוטאין קראנץ' בטעם מקורי,טרופיקל דגיל תעשיות,,וויטביקס פרוטאין קרא,גרמים,450.00,100 גרם,false,,23.90,0.0531,true,1,107855
5010029222005,false,דגנים חיטה מלאה עם פרוטאין וויטביקס 440,וויטביקס,,וויטביקס פרוטאין,גרמים,440.00,100 גרם,false,,23.90,0.0543,true,1,124048
5010029223484,false,מוזלי תות חמוציות ואוכמניות 560 גר ALPEN,וויטביקס,GB,מוזלי עם תות חמוציות,גרמים,560.00,100 גרם,false,,21.90,0.0391,true,1,113666
5010038454831,false,בירה בלו מון 330 מל בקבוק,"איי, בי, אינבוו",IL,"בירה בלומון 330 מ""ל",מיליליטרים,330.00,"100 מ""ל",false,,10.00,0.0303,true,1,113710
5010115902941,false,סירופ גולדן פח 454 ג,,GB,גולדן סירופ בפח,יחידה,454.00,יחידה,false,,16.90,0.0372,true,1,12240
5010123703547,false,ליסטרין שטיפת פה פרש ברסט ירוק 500,General,,ליסטרין מנטה מרענן ש,מיליליטרים,500.00,"100 מ""ל",false,,17.90,0.0358,true,1,102649
5010123703585,false,ליסטרין שטיפת פה קולמינט 500 מל,גונסון אנד גונסון,IT,ליסטרין מי פה קולמינ,מיליליטרים,500.00,"100 מ""ל",false,,17.90,0.0358,true,1,101375
5010182996799,false,ג'ל אסלה מנטרל ריחות בניחוח פרחי בר ורודים,דאופלור אס.פי.אי איט,IT,דאק ג'ל אסלה פרחי בר,מיליליטרים,55.00,"100 מ""ל",false,,9.90,0.1800,false,1,18705
5010182997338,false,"טואלט דאק ג'ל אסלה ניחוח רענן 55 מ""ל","איטיליאן פוד, אס.פי.",IT,ט.ד ג'ל אסלה ניחוח ר,גרמים,55.00,100 גרם,false,,10.90,0.1982,true,1,18709
5010182997680,false,"רייד ארוסול קוטל נמלים - 300 מ""ל",אס.סי.ג'ונסון מידרכט,NL,"RAIDקוטל נמלים 400מ""",מיליליטרים,400.00,"100 מ""ל",false,,13.90,0.0348,false,1,18711
5010182997918,false,"טואלט דאק ג'ל אסלה בניחוח ים 55 מ""ל","איטיליאן פוד, אס.פי.",IT,ט.ד ג'ל אסלה ניחוח י,גרמים,55.00,100 גרם,false,,10.90,0.1982,true,1,18713
5010182998847,false,נוזל לניקוי אסלה דאק בניחוח ים 806 גר,מיוצר עי קונדיטוריית,NL,טואלט דאק נוזל כחול,יחידה,750.00,יחידה,false,,8.90,0.0119,true,1,18716
5010182998861,false,"טואלט דאק נוזל לאסלה ירוק 750 מ""ל",מיוצר עי קונדיטוריית,NL,טואלט דאק נוזל ירוק,יחידה,750.00,יחידה,false,,8.90,0.0119,true,1,18717
5010265002836,false,רייויטה פת פריכה אורגינל שיפון 250 גרם,דה ג'ורדנס אנד ריווי,GB,פת פריכה אורגינל,גרמים,250.00,100 גרם,false,,10.90,0.0436,true,1,112107
5010265002911,false,רייויטה פת פריכה מקמח שיפון מלא 250 גרם,דה ג'ורדנס אנד ריווי,,פת פריכה מקמח שיפון,גרמים,250.00,100 גרם,false,,10.90,0.0436,true,1,120003
5010327000046,false,וויסקי גרנט'ס סקוטי,"איי, בי, אינבוו",,וויסקי גרנט'ס,מיליליטרים,750.00,"100 מ""ל",false,,69.90,0.0932,false,1,15424
5010327105215,false,וויסקי מאנקי שולדר Monkey Shoulder,וויליאם גרנט ובניו,GB,מאנקי שולדר וויסקי ס,מיליליטרים,700.00,"100 מ""ל",false,,149.90,0.2141,true,1,102110
5010327324333,false,"סינגל מאלט סקוטי גלנפידיך 14 שנה 700 מ""ל",,,וויסקי גלנפידיך 14 ש,מיליליטרים,700.00,"100 מ""ל",false,,210.00,0.3000,true,1,119579
5010327325125,false,וויסקי גלנפידיך 15 שנה סולרה רזרב 750 מל,גרנט'ס (William Gran,,גלנפידיך 15 שנה סולר,יחידה,750.00,יחידה,false,,220.00,0.2933,true,1,33506
5010327399614,false,"גלנפידיך 12 אמריקן אווק כשר 700 מ""ל",וויליאם גרנטס ובניו,GB,גלנפידיך 12 שנה אמרי,מיליליטרים,700.00,"100 מ""ל",false,,169.90,0.2427,true,1,167133
5010394984577,false,פדיגרי דנטאסטיקס כלב קטן 110 גרם (7 יח')BP29V,פדיגרי Pedigree,HU,פדיגרי דנטה סמול 110,גרמים,110.00,100 גרם,false,,10.90,0.0991,true,1,92078
5010394984584,false,פדיגרי דנטאסטיקס כלב מדיום 180 גרם (7 יח') BP32K,פדיגרי Pedigree,HU,פדיגרי דנטה סטיקס 18,גרמים,180.00,100 גרם,false,,13.90,0.0772,true,1,60916
5010494560282,false,וויסקי גלנמורנגי אוריגינל 10 שנים 700 מל,גלאנמורנג'י דיסטילרי,GB,גלנמורנג'י אוריגינל,מיליליטרים,700.00,"100 מ""ל",false,,140.00,0.2000,true,1,121137
5010622005012,false,חוט דנטלי אסנשייאל ללא שעווה 50 מטר,פרוקטר אנד גמבל,MX,חוט דנטלי ללא שעווה,יחידה,0.00,יחידה,false,,16.90,0.0000,true,1,33370
5010677551281,false,"בקרדי בריזר לימון 275 מ""ל בקבוק",בקרדי בריזר Bacardi Breezer,BE,בקרדי בריזר לימו,יחידה,275.00,יחידה,false,,12.90,0.0469,false,1,20896
5010677551397,false,"בקרדי בריזר לימון ליים 275 מ""ל",בקרדי בריזר Bacardi Breezer,BE,בקרדי בריזר ליים,מיליליטרים,275.00,"100 מ""ל",false,,12.90,0.0469,false,1,90606
5010677552387,false,"בקרדי בריזר אננס 275 מ""ל בקבוק",בקרדי בריזר Bacardi Breezer,BE,בקרדי בריזר אננס,יחידה,275.00,יחידה,false,,12.90,0.0469,false,1,20897
5010677554398,false,"בקרדי בריזר אבטיח 275 מ""ל בקבוק",בקרדי בריזר Bacardi Breezer,BE,בקרדי בריזר אבטי,מיליליטרים,275.00,"100 מ""ל",false,,12.90,0.0469,false,1,20900
5010677714006,false,"גין בומבאי ספייר 700 מ""ל",ג'ון דיואר ובניו,ES,ג'ין בומביי ספייר,מיליליטרים,700.00,"100 מ""ל",false,,110.00,0.1571,true,1,93508
5011007003227,false,וויסקי גיימיסון 1 ליטר,אייריש דיסטלריז,,ג'יימסון וויסקי אירי,ליטרים,1.00,ליטר,false,,119.90,119.9000,false,1,48041
5011013100132,false,"אייריש קרים בייליס 750 מ""ל",r&a baileys,,בייליס אייריש קרים 7,מיליליטרים,750.00,"100 מ""ל",false,,79.90,0.1065,true,1,25758
5011026108033,false,"וויסקי אירי טולומור דיו 700 מ""ל",פארייפאבה אגרואינדוס,IE,טולמור דיו וויסקי אי,מיליליטרים,700.00,"100 מ""ל",false,,95.00,0.1357,true,1,165706
5011061104045,false,ממתק שערות סבתא מסטי,,,ממתק שערות סבתא מסטי,גרמים,15.00,100 גרם,false,,3.90,0.2600,true,1,167600
5011061104052,false,ממתק שערות סבתא תות,,,ממתק שערות סבתא תות,גרמים,15.00,100 גרם,false,,3.90,0.2600,true,1,167601
5011157630281,false,אורז לבן ארוך בסמטי טילדה Tilda,אלסקה/ טילדה,GB,אורז טילדה,קילוגרמים,1.00,"ק""ג",false,,24.90,24.9000,true,1,16615
5011157730271,false,אורז יסמין לבן ארוך טילדה,טילדה Tilda,,טילדה אורז יסמין,קילוגרמים,1.00,"100 ק""ג",false,,24.90,24.9000,true,1,163810
5011166055358,false,"בירה קראביס גינגר 330 מ""ל ללא גלוטן",,,בירה קראביס ג'נג'ר,מיליליטרים,330.00,"100 מ""ל",false,,13.50,0.0409,true,1,100020
5011417547885,false,"אירוויק מקלות ריחניים בניחוח כביסה באוויר 30 מ""ל",איירוויק Air Wick,HU,איירוויק מקלות ריחני,מיליליטרים,30.00,"100 מ""ל",false,,14.90,0.4967,true,1,100171
5011428100048,false,מלח ים מלדון 250 גר,MALDON CRYSTAL SALT,,מלח ים 250 גרם,גרמים,250.00,100 גרם,false,,21.90,0.0876,true,1,31502
5012251008631,false,BEAUTY FORMULAS מגבוני ניקוי לעור הפנים מועושרים בתמציות מלפפונים ולחות 30 יחידות,,,מגבונים לפנים תמצית,יחידה,0.00,יחידה,false,,12.90,0.0000,true,1,123864
5012251009423,false,BEAUTY FORMULAS מגבונים לניקוי עדין של עור הפנים בתוספת תמציות משמש 30 יחידות,,,מגבונים לניקוי פנים,יחידה,0.00,יחידה,false,,12.90,0.0000,true,1,123865
5012251012249,false,ביוטי פורמולה תרחיץ פנים פחם,,GB,תרחיץ פילינג לפנים ב,מיליליטרים,150.00,"100 מ""ל",false,,14.90,0.0993,true,1,112029
5012251012645,false,רצועות לאף להסרת ראשים שחורים,,GB,מדבקות להוצאת שחורים,יחידה,0.00,יחידה,false,,12.90,0.0000,true,1,114170
5012251013314,false,BEAUTY FORMULAS מגבוני פנים להסרה עדינה ויעילה של איפור על בסיס תמציות אבוקדו 25 יחידות,,,מגבונים לפנים תמצית,יחידה,0.00,יחידה,false,,12.90,0.0000,true,1,123867
5013387205789,false,פרואט-עוגיה ל.גלוטן ש.שועל וצימוקים150ג',,GB,עוגיה ללא גלוטן שיבו,גרמים,150.00,100 גרם,false,,13.90,0.0927,true,1,115764
5013387206403,false,פרואט ביסקויט דיגסטיב ללא גלוטן 160 גרם,,GB,ביסקוויט מעושר בסיבי,גרמים,160.00,100 גרם,false,,13.90,0.0869,true,1,115475
5013635101047,false,סמנה גהי חמאה 500 גר,KTC,GB,חמאת גי 500 גר',גרמים,500.00,100 גרם,false,,79.90,0.1598,true,1,102210
5013965953354,false,אורל בי 123 משחה 100 מל עם פלואוריד,פרוקטר אנד גמבל,DE,אוראל בי משחת שיניים,מיליליטרים,100.00,"100 מ""ל",false,,11.90,0.1190,true,1,107760
5014271002675,false,מעדן פרי תפוח וקינמון 284 גרם,סאנטדלפור,FR,סנדלפור תפוח קינמון,גרמים,284.00,100 גרם,false,,19.90,0.0701,false,1,110828
5014271300429,false,סן דלפו מעדן משמש ללא סוכר 284גר,סנדלפור St.dalfour,FR,ריבת משמש סנדלפור 28,גרמים,284.00,100 גרם,false,,19.90,0.0701,false,1,20063
5014271310428,false,סן דלפו מעדן דבדבן שחור ללא סוכ 284 ג',המאפיה של הרמן,FR,ריבת דובדבן סנדלפור,גרמים,284.00,100 גרם,false,,19.90,0.0701,false,1,20064
5014271330426,false,מעדן סאנט דלפור אוכמניות כחולות 284 גר,סנדלפור St.dalfour,FR,ריבת אוכמניות סנדלפו,גרמים,284.00,100 גרם,false,,19.90,0.0701,false,1,20065
5014271350424,false,מעדן סאנט דלפור ארבע פירות 284 גר,המאפיה של הרמן,FR,ריבת פירות סנדלפור 2,גרמים,284.00,100 גרם,false,,19.90,0.0701,false,1,20066
5014271360423,false,סן דלפו מעדן תפוז ללא סוכר 284 ג',המאפיה של הרמן,FR,מעדן תפוז סנדלפור 28,גרמים,284.00,100 גרם,false,,19.90,0.0701,false,1,20067
5014271370422,false,סן דלפו מעדן אפרסק ללא סוכר 284גר,סנדלפור St.dalfour,FR,ריבת אפרסק סנדלפור 2,גרמים,284.00,100 גרם,false,,19.90,0.0701,false,1,20068
5014271400426,false,סן דלפו מעדן תות שדה ללא סוכר 284 ג',המאפיה של הרמן,FR,ריבת תות סנדלפור 284,גרמים,284.00,100 גרם,false,,19.90,0.0701,false,1,20071
5014271560427,false,מעדן סאנט דלפור תפוז גינגר 284 גר,סנדלפור St.dalfour,FR,ריבת תפוז וג'ינג'ר ס,גרמים,284.00,100 גרם,false,,19.90,0.0701,false,1,20072
5014271795980,false,מעדן סאנט דלפור אוכמניות וחמוציות 284 גר,סנדלפור St.dalfour,FR,ריבת אוכמניות וחמוצי,גרמים,284.00,100 גרם,false,,19.90,0.0701,false,1,20076
5014379009972,false,בירה לאגר באדוויזר פחית 500 מל,באדווייזר Budweiser,GB,פחית בירה באדוויזר 5,מיליליטרים,500.00,"100 מ""ל",false,,9.90,0.0198,true,1,113786
5017818800116,false,"משקה ד""ר פפר פחית 33",אורנג'ינה שוופס,FR,"דר"" פפר פחית",מיליליטרים,355.00,"100 מ""ל",false,,6.00,0.0169,true,1,89928
5018357006731,false,תערובת דגנים 40% פירות ואגוזים 560 גרם,דורסט סיריאלס,,תערובת דגנים דורסט 4,גרמים,560.00,100 גרם,false,,26.90,0.0480,true,1,31401
5018357006816,false,תערובת דגנים 30% פירות ואגוזים 620 גרם,דורסט סיריאלס,,תערובת דגנים 30% פיר,גרמים,620.00,100 גרם,false,,22.90,0.0369,true,1,31095
5018357007653,false,תערובת דגנים עם פפאיה ואננס 620 גרם,דורסט סיריאלס Dorset Cereals,,דורסט דגנים ופירות,גרמים,620.00,100 גרם,false,,22.90,0.0369,true,1,40221
5018357011858,false,גרנולה ברי 500 גר דורסט סיריאלס,דורסט סיריאליס,IL,דורסט סיריאלס ברי גר,גרמים,550.00,100 גרם,false,,24.90,0.0453,true,1,111381
5018357011896,false,גרנולה דבש 500 גר דורסט סיריאלס,דורסט סיריאליס,IL,דורסט סיריאלס גרנולה,גרמים,550.00,100 גרם,false,,28.90,0.0525,true,1,111384
5018357012558,false,תערובת דגנים דורסט סיריאלס קלאסי 600 ג,דורסט סיריאלס,,מוזלי פירות אגוזים ו,גרמים,600.00,100 גרם,false,,30.90,0.0515,true,1,117166
5018357012572,false,דורסט סיריאלס גרגרי יער ודובדבנים 600 ג,דורסט סיריאלס,GB,מוזלי גרגרי יער ודוב,גרמים,600.00,100 גרם,false,,30.90,0.0515,true,1,117167
5021692000241,false,גין היימנס לונדון דר,היימנס ג'ין,,ג'ין לונדון דריי היי,מיליליטרים,700.00,"100 מ""ל",false,,99.90,0.1427,true,1,109138
5029053002408,false,קלינקס - נייר טואולט קליניקס לבן 9 גלילים,קימברלי קלארק ישראל,IL,נייר טואלט קלינקס פר,גרמים,1184.00,100 גרם,false,,33.90,0.0286,false,1,15613
5029053002439,false,נייר טואלט קלינקס פרימיום צהוב - מארז 9 גלילים,חוגלה קימברלי,GB,נייר טואלט קלינק,גרמים,1184.00,100 גרם,false,,33.90,0.0286,false,1,15614
5029053032658,false,קלינקס ממחטות טישו שמינייה,חוגלה,IT,קלינקס ממחטות מארז ש,יחידה,0.00,יחידה,false,,8.90,0.0000,true,1,100900
5029053039725,false,ממחטות נייר קלינקס נטורל פרש קופסה 72 דף,קימברלי קלארק,IL,קלינקס נטורל פרש קופ,יחידה,0.00,יחידה,false,,9.90,0.0000,false,1,164219
5029053510811,false,קוטקס - תחבושות אולטרה נורמל + כנפיים 30 יח',קימברלי קלארק,CZ,קוטקס אולטרא נור,יחידה,0.00,יחידה,false,,17.90,0.0000,false,1,15627
5029053510828,false,קוטקס - תחבושות אולטרה סופר + כנפיים 22 יח',קימברלי קלארק,CZ,קוטקס אולטרא סופ,יחידה,0.00,יחידה,false,,17.90,0.0000,false,1,15628
5029053523446,false,קוטקס - תחבושות אולטרה נייט + כנפיים 20 יח',קימברלי קלארק,CZ,קוטקס אולטרא ליי,יחידה,0.00,יחידה,false,,17.90,0.0000,false,1,15645
5029053527574,false,תחתוני ספיגה לילדים Drynites בנים לגילאי 4-7,האגיס Huggies,CZ,דריי נייטס 7-4 בנים,יחידה,0.00,יחידה,false,,33.90,0.0000,false,1,21834
5029053527581,false,האגיס דריי נייטס 7-4 בנות 10יח,KC צ'כיה,CZ,דריי נייט 7-4 בנות,יחידה,0.00,יחידה,false,,33.90,0.0000,false,1,21835
5029053527598,false,האגיס דריי נייטס 15-8 בנים 9יח,KC צ'כיה,CZ,האגיס דריי נייטס 8-1,יחידה,0.00,יחידה,false,,33.90,0.0000,false,1,21828
5029053527604,false,האגיס דריי נייטס 15-8 בנות 9יח,KC צ'כיה,CZ,האגיס דריי נייטס 8-1,יחידה,0.00,יחידה,false,,33.90,0.0000,false,1,21829
5029053534589,false,קוטקס טמפונים מיני 32 יח,חוגלה קימברלי,CZ,טמפוני קוטקס מיני-שי,יחידה,0.00,יחידה,false,,22.90,0.0000,true,1,43315
5029053534596,false,קוטקס טמפוני נורמל ללא מוליך 32 יח,קוטקס,CZ,טמפוני קוטקס נורמל,יחידה,0.00,יחידה,false,,22.90,0.0000,true,1,43316
5029053534602,false,קוטקס טמפוני סופר ללא מוליך 32 יח,קוטקס,CZ,טמפוני קוטקס סופר-שי,יחידה,0.00,יחידה,false,,22.90,0.0000,true,1,43317
5029053535227,false,קוטקס טמפון עם מוליך נורמל 16 יח',קוטקס,CZ,טמפון קוטקס עם מוליך,יחידה,0.00,יחידה,false,,22.90,0.0000,true,1,47848
5029053574103,false,האגיס פול אפס תח.גמילה יום בנות 20 יחידו,KC צ'כיה,IL,פול אפס בנות יום 20,יחידה,0.00,יחידה,false,,41.90,0.0000,false,1,121946
5029053574110,false,האגיס פול אפס תח.גמילה יום בנים 20 יחידו,חוגלה,IL,פול אפס בנים יום 20,יחידה,0.00,יחידה,false,,41.90,0.0000,false,1,121947
5029053578309,false,קופסת ממחטות אולטרה סופט 48 דף קלינקס,קימברלי,IL,קלינקס אולטרה סופט ק,יחידה,0.00,יחידה,false,,8.50,0.0000,false,1,164218
5029054220085,false,האגיס - מגבוני האגיס אקסטרה קר לא מבושם 56 יח' * 4,קימברלי,IL,רביעיית מגבוני רך נו,יחידה,0.00,יחידה,false,,26.90,0.0000,false,1,107207
5035766044673,false,"סיידר תפוחים סטרונגבאו 330 מ""ל בקבוק",האי נאם סי או אל.טי.,BE,סיידר תפוחים סטרונגב,יחידה,0.00,יחידה,false,,7.50,0.0000,true,1,67201
5035766060253,false,"בירה מרפיס פחית 500 מ""ל",מרפיס Murphys,,מרפיס סטאוט פחית,יחידה,500.00,יחידה,false,,12.50,0.0250,false,1,40803
5050083559761,false,קלוגס קוקו פופס שוקוס 500 גרם.,קלוגס מניופקטורינג א,DE,דגני קלוגס קוקו פופס,גרמים,500.00,100 גרם,false,,16.90,0.0338,false,1,49921
5053827193368,false,קלוגס אול בראון פלקס 500ג',קלוגס Kellogg's,,ברנפלקס קלוגס,גרמים,500.00,100 גרם,false,,23.90,0.0478,true,1,109367
5053827215862,false,קלוגס קוקו פופס שוקו 500ג',קלוגס Kellogg's,DE,קלוגס קוקו פופס 500,גרמים,500.00,100 גרם,false,,16.90,0.0338,true,1,116924
5059001003713,false,איירוויק - מקלות ריחניים בניחוח תאנה ופירות יער,רקיט בנקיזר,HU,איירוויק מקלות ריחני,מיליליטרים,30.00,"100 מ""ל",false,,14.90,0.4967,true,1,168768
5060045588128,false,"וויסקי גים בים לבן 700 מ""ל","איי, בי, אינבוו",US,וויסקי ג'מ בים לבן,מיליליטרים,700.00,"100 מ""ל",false,,85.00,0.1214,true,1,106035
5060123607758,false,לונדון חליטת תפוח קינמון 20 שקיקים,טייפו,,תה לונדון בטעם תפוחי,גרמים,40.00,100 גרם,false,,15.90,0.3975,true,1,29348
5060123607772,false,תה לונדון מנטה אורגנ,טייפו,GB,לונדון תה מנטה,גרמים,30.00,100 גרם,false,,15.90,0.5300,true,1,32391
5060123607789,false,תה לונדון בטעם אפרסק,טייפו,GB,תה לונדון בטעם אפרסק,גרמים,40.00,100 גרם,false,,15.90,0.3975,true,1,32336
5060123607796,false,תה לונדון תות שדה ונ,טייפו,GB,תה לונדון תות שדה ונ,גרמים,40.00,100 גרם,false,,15.90,0.3975,true,1,34855
5060123607802,false,לונדון חליטת גינגר לימון 20 שקיקים,טייפו,GB,תה לונדון בטעם לימון,גרמים,40.00,100 גרם,false,,15.90,0.3975,true,1,31584
5060123607819,false,תה לונדון תפוז 20 יח,טייפו,GB,תה לונדון תפוז,גרמים,40.00,100 גרם,false,,15.90,0.3975,true,1,30294
5060123607833,false,תה לונדון קמומיל אור,טייפו,,תה לונדון קמומיל,גרמים,40.00,100 גרם,false,,15.90,0.3975,true,1,30299
5060123607888,false,תה לונדון ענבי שועל,טייפו,GB,תה לונדון ענבי שועל,גרמים,40.00,100 גרם,false,,15.90,0.3975,true,1,31585
5060123608014,false,תה לונדון דומדמיות כ,טייפו,,תה לונדון דומדמיות כ,גרמים,40.00,100 גרם,false,,15.90,0.3975,true,1,30295
5060255492185,false,חול חתולים ירוק 6 לריחני,MARDEL,NL,אברקלין חול ירוק בני,קילוגרמים,6.00,"ק""ג",false,,54.90,9.1500,true,1,102125
5060323903926,false,הילפילד שעועית פינטו,,,הילפילד שעועית פינטו,גרמים,400.00,100 גרם,false,,6.90,0.0173,true,1,108441
5060323903933,false,שעועית הילפילד צ'ילי 400 גר',,IT,הילפילד שעועית צ'ילי,גרמים,400.00,100 גרם,false,,6.90,0.0173,true,1,108442
5060326870829,false,חטיף סויה ותפוח אדמה בטעם מתוק מלוח 85 ג,,GB,חטיף סויה ותפוח אדמה,גרמים,85.00,100 גרם,false,,10.90,0.1282,true,1,165045
5060326870898,false,חטיף ציפס חלבון בטעם ברביקיו מתוק85 ג,,GB,חטיף צ'יפס חלבון בטע,גרמים,85.00,100 גרם,false,,10.90,0.1282,true,1,165008
5060412214124,false,חול אברקלין צהוב פיזור מופחת,אבר קלין Ever clean,NL,אברקלין חול לחתולים,קילוגרמים,6.00,"ק""ג",false,,54.90,9.1500,true,1,115621
5060517886486,false,"מונסטר משקה אנרגיה קלאסי 500 מ""ל",מונסטר אנרג'י Monster Energy,RU,משקה אנרגיה מונסטר ק,מיליליטרים,500.00,"100 מ""ל",false,,7.50,0.0150,false,1,114717
5060517886516,false,מונסטר אנרגי משקה אנרגיה אבסולוטלי זירו,מונסטר אנרג'י Monster Energy,RU,משקה אנרגיה מונסטר ז,מיליליטרים,500.00,"100 מ""ל",false,,7.00,0.0140,true,1,114718
5060639128051,false,"משקה אנרגיה מונסטר אולטרה פחית 500 מ""ל",מונסטר אנרג'י לימטד,RS,משקה אנרגיה מונסטר פ,מיליליטרים,500.00,"100 מ""ל",false,,7.00,0.0140,true,1,118329
5060639129102,false,"משקה אנרגיה מונסטר מנגו פח 500 מ""ל",מונסטר אנרג'י Monster Energy,RS,משקה אנרגיה מונסטר פ,מיליליטרים,500.00,"100 מ""ל",false,,7.50,0.0150,true,1,120232
5060751218173,false,"משקה אנרגיה מונסטר Pipline punch פח 500 מ""ל",מונסטר אנרג'י לימטד,RS,משקה אנרגיה מונסטר 5,מיליליטרים,500.00,"100 מ""ל",false,,7.50,0.0150,true,1,166525
5060751219033,false,מונסטר אנרגי משקה אנרגיה אולטרה פרדייז,מונסטר אנרג'י לימטד,IE,משקה אנרגיה מונסטר 5,מיליליטרים,500.00,"100 מ""ל",false,,7.50,0.0150,true,1,166524
5099873017623,false,"וויסקי גק דניאלס טנסי אפל 700 מ""ל",ג'ק דניאלס Jack Daniel's,BE,ג'ק דניאלס טנסי אפל,מיליליטרים,700.00,"100 מ""ל",false,,120.00,0.1714,true,1,119462
5200133120292,false,גליליות וופל ללא סוכרבמילוי קקאו ואגוזים 135 ג,דיפלומט,GR,גליליות וופל ללא סוכ,גרמים,135.00,100 גרם,false,,6.90,0.0511,true,1,108915
5200133120476,false,גלילות וופלים ממולאים קרם אגוזים וקקאו 400 ג',יוניליוור גרמניה Gm,GR,גליליות וופלים ממולא,גרמים,400.00,100 גרם,false,,16.90,0.0422,true,1,106473
5200133120483,false,גליליות וופלים ממולא קרם וניל 400 גר,יוניליוור גרמניה Gm,GR,גליליות וניל 400 גר,גרמים,400.00,100 גרם,false,,16.90,0.0422,true,1,106477
5200133120506,false,גליליות וופלים קרם אגוזים וקקאו 150 גרם,קוארטט אס.אי,GR,גליליות וופל ממולאות,גרמים,150.00,100 גרם,false,,6.90,0.0460,false,1,108576
5200133120582,false,גליליות וופלים במילוי שוקולד מריר 150 גר,גולדן ברייק Golden break,GR,גליליות וופל גולדן ב,גרמים,150.00,100 גרם,false,,6.90,0.0460,true,1,108917
5201003110702,false,משקה אוזו 12 700 מל,קמפרי (יורו),,אוזו 12,מיליליטרים,750.00,"100 מ""ל",false,,79.90,0.1065,true,1,65916
5201004020338,false,קפריס רולס קלאסיק 400 גרם,פפדופולוס,GR,גלילי וופל במילוי קר,גרמים,400.00,100 גרם,false,,18.90,0.0472,true,1,112228
5201004021328,false,קפריס רולס גלילי וופל במילוי קרם אגוזי לוז וקקאו,אי. ג'יי פאפאדופולוס,GR,גלילי וופל במילוי אג,גרמים,115.00,100 גרם,false,,8.50,0.0739,true,1,112229
5201043004412,false,זיתי קלמטה שחורים 200 גר,,,זית קלמטה 370 גר',גרמים,370.00,100 גרם,false,,13.90,0.0376,true,1,107648
5201178801054,false,קרם רב שימושי 250 מל ניוואה,טרופיקל דגיל תעשיות,DE,קרם ניוואה 250 ג,גרמים,250.00,100 גרם,false,,24.90,0.0996,true,1,15788
5201205111279,false,ספוג סופג ריח מקרר מיוחד,,,ספוג סופג ריח מקרר מ,יחידה,0.00,יחידה,false,,10.90,0.0000,true,1,90696
5201261201532,false,"מארז הייניקן פחית 500 מ""ל*4 יח'",,,"הייניקן פחית 500 מ""ל",ליטרים,2.00,ליטר,false,,36.90,18.4500,true,1,163913
5201320002049,false,"אוזו 7 700 מ""ל",,,כהיל אוזו 7,מיליליטרים,700.00,"מ""ל",false,,59.90,0.0856,true,1,101103
5201347160326,false,גל לשמירה על חיי מכונת הכביסה קלגון 750מ,RECKITT BENCKISER It,IT,"קלגון ג'ל 750 מ""ל",מיליליטרים,750.00,"100 מ""ל",false,,29.90,0.0399,true,1,102372
5201347400545,false,רצועות שעווה מוכנות לשימוש לפנים ולאזורים רגישים,רקיט בנקיזר צרפת,FR,ויט ארומטיק שעווה לפ,מיליליטרים,0.00,"מ""ל",false,,19.90,0.0000,true,1,48595
5201940010011,false,זיתים שחורים טבעיים בפח 454 גרם,סיוארס אס.איי,GR,זית שחור טבעי במי מל,גרמים,454.00,100 גרם,false,,13.90,0.0306,true,1,29307
5201940010110,false,זיתים שחורים מזן קלמטה בפח 454 גרם,סיוארס אס.איי,GR,זית שחור קלמטה 454 ג,גרמים,454.00,100 גרם,false,,14.90,0.0328,true,1,29308
5202390014239,false,גבינה צהובה טבעונית עשבי תיבול ויאו לייף 200 ג',פרוטרופיק סיה.,GR,גבינה צהובה טבעונית,גרמים,200.00,100 גרם,false,,19.90,0.0995,true,1,105924
5202390015618,false,גבינה צהובה טבעונית אורגינל ויאו לייף 200 ג',אריביה אס.אי. 57022,GR,גבינה צהובה טבעונית,יחידה,0.00,יחידה,false,,19.90,0.0000,true,1,66773
5202390015885,false,צהובה טבעונית בסגנון,ביוט איילנד פודס בעמ,GR,ויולייפ צדר פרוסות,גרמים,200.00,100 גרם,false,,21.00,0.1050,true,1,167403
5202390016141,false,גבינה מוצרלה צהובה לפיצה טבעונית ויאו לייף 400 ג',פרוטרופיק סיה.,GR,מוצרלה טבעונית לפיצה,גרמים,400.00,100 גרם,false,,24.90,0.0622,true,1,92221
5202390016325,false,גבינה צהובה טבעונית בטעם מעושן ויאו לייף 200ג',"אריביה אס.אי., יוון",GR,צהובה טבעונית טעם מע,גרמים,200.00,100 גרם,false,,19.90,0.0995,true,1,95023
5202390019319,false,ויולייף מוצרלה טבעונית מגורדת 200 גרם,קראפט,,ויולייף מוצרלה טבעונ,גרמים,200.00,100 גרם,false,,19.90,0.0995,true,1,121995
5202390020407,false,פטה טבעונית גוש ויולייף 200 ג',ביוט איילנד פודס בעמ,GR,פטה טבעונית 200 גר',גרמים,200.00,100 גרם,false,,22.90,0.1145,true,1,109384
5202390021121,false,קרמי אוריגינל טבעוני ויולייף 150 גר,ביוט איילנד פודס בעמ,GR,קרם טבעוני אורגינל 1,גרמים,150.00,100 גרם,false,,16.90,0.1127,true,1,109386
5202413007019,false,אוזו פלומארי כשר 700,Plomari ouzo distill,GR,אוזו פלומרי,מיליליטרים,750.00,"100 מ""ל",false,,74.90,0.0999,true,1,50777
5202413010019,false,אוזו פלומארי 1 ליטר,,,אוזו פלומארי 1 ל',מיליליטרים,1000.00,"100 מ""ל",false,,99.90,0.0999,true,1,119129
5202795080709,false,אוזו מטקסה Ouzo Metaxa,פארייפאבה אגרואינדוס,GR,אוזו מטקסה,יחידה,750.00,יחידה,false,,79.90,0.1065,true,1,68142
5208049001483,false,גולדן וירגיניה לבן 30 גר+נייר PP יחידה,,,גולדן וירג'יני לבן 3,גרמים,30.00,100 גרם,false,,66.90,2.2300,false,1,113444
5208049001513,false,גולדן וירגיניה צהוב30 גר+נייר לגלגול יח,,,טבק גולדן וירג'יני 3,גרמים,30.00,100 גרם,false,,66.90,2.2300,false,1,113442
5208049001841,false,פאל מאל דמי קפסולה חפיסה,גלוברנס,,פאל מאל דמי קפסולה,יחידה,0.00,יחידה,false,,25.50,0.0000,false,1,118356
5208049001858,false,פאל מאל דמי קפסולה פ,גלוברנס,,פאל מאל דמי קפסולה P,יחידה,0.00,יחידה,false,,250.00,0.0000,false,1,118357
5208049002480,false,סיגריות קנט קלאסי אר,,,פקט קנט ארוך,יחידה,0.00,יחידה,false,,360.00,0.0000,false,1,114268
5208049004781,false,פאל מאל ברי דמי סלימס קופסא,,,פאל מאל ברי דמי סלימ,יחידה,0.00,יחידה,false,,25.50,0.0000,false,1,120517
5391523057929,false,סימילאק גולד שלב 1 תרכובת מזון על בסיס חלב,אבוט מעבדות רפואיות,IE,סימילאק גולד 700 גר',גרמים,700.00,100 גרם,false,,69.90,0.0999,false,1,107963
5391523057936,false,סימילאק גולד שלב 2 תרכובת מזון על בסיס חלב,אבוט מעבדות רפואיות,IE,סימילאק גולד 700 גר',גרמים,700.00,100 גרם,false,,69.90,0.0999,false,1,107964
5391523057943,false,סימילאק גולד שלב 3 תרכובת מזון על בסיס חלב,אבוט מעבדות רפואיות,IE,סימילאק גולד 700 גר',גרמים,700.00,100 גרם,false,,69.90,0.0999,false,1,107965
5391523058063,false,סימילאק אדבנס פלוס 1 תרכובת מזון על בסיס חלב,טרופיקל דגיל תעשיות,IE,סימילאק אדבנס פלוס 7,גרמים,700.00,100 גרם,false,,64.90,0.0927,false,1,107962
5391523058070,false,סימילאק אדבנס פלוס 3 תרכובת מזון על בסיס חלב,טרופיקל דגיל תעשיות,IE,סימילאק אדבנס פלוס ש,גרמים,700.00,100 גרם,false,,64.90,0.0927,false,1,107362
5391523058087,false,סימילאק אדבנס פלוס 2 תרכובת מזון על בסיס חלב,טרופיקל דגיל תעשיות,IE,סימילאק אדבנס פלוס ש,גרמים,700.00,100 גרם,false,,64.90,0.0927,false,1,107363
5400265022802,false,המלט- שוקוליס דפדפי שוקולד 57% 125 גר,HAMLET NV,BE,המלט שוקולס קריספי ש,גרמים,125.00,100 גרם,false,,14.90,0.1192,true,1,32823
5400265024226,false,קופידו-פרלינים בלגים במילוי קוואנטרו 150,,,קופידו פרלינים במילו,גרמים,150.00,100 גרם,false,,17.90,0.1193,true,1,112745
5400265024233,false,קופידו-פרלינים בלגים במילוי ויסקי טיצרס,,,קופידו פרלין במילוי,גרמים,150.00,100 גרם,false,,17.90,0.1193,true,1,118440
5400265038957,false,המלט פרלין שוקולד חל,,,המלט פרלין שוקולד חל,גרמים,120.00,100 גרם,false,,10.90,0.0908,true,1,121330
5400265038964,false,המלט פרלין שוקולד חל,,,המלט פרלין שוקולד חל,גרמים,120.00,100 גרם,false,,10.90,0.0908,true,1,121331
5410103161518,false,קרם יום עם פעולה משולשת לעור רגיל ומעורב,לוריאל Loreal,DE,קרם פנים פעולה משולש,מיליליטרים,50.00,"100 מ""ל",false,,45.90,0.9180,true,1,102028
5410103161617,false,קרם יום עם פעולה משולשת Triple active לעור יבש ועדין,לוריאל Loreal,DE,קרם לחות פעולה משולש,מיליליטרים,50.00,"100 מ""ל",false,,45.90,0.9180,true,1,102029
5410126006087,false,"לוטוס ביסקוויט קרמל 700 ג' בד""צ",לוטוס ביקרי נ.וי.,BE,עוגיות לוטוס 700 גר,גרמים,700.00,100 גרם,false,,25.90,0.0370,true,1,63027
5410126006360,false,לוטוס עוגיות סנדוויץ' במילוי לוטוס 150 גר',לוטוס ביקרי בלגיה נ.,BE,לוטוס עוגיות סנדוויץ,גרמים,150.00,100 גרם,false,,8.50,0.0567,true,1,164071
5410126116953,false,ממרח עוגיות לוטוס קרמל 400 גר,לוטוס בייקרי בלגיה נ,BE,ממרח בטעם עוגיות לוט,גרמים,400.00,100 גרם,false,,19.90,0.0497,false,1,57571
5410126666038,false,לוטוס עוגיות קרמל 279 גרם,לוטוס ביקרי נ.וי,BE,לוטוס 279 גר ארוז 2,גרמים,279.00,100 גרם,false,,11.90,0.0427,true,1,108301
5410126716016,false,"ביסקוויט בטעם קרמל לוטוס בד""צ 250 ג'",לוטוס ביקרי בלגיה,BE,לוטוס 250 גר,גרמים,250.00,100 גרם,false,,10.90,0.0436,false,1,18403
5410126726947,false,ממרח עוגיות לוטוס קראנץ' 380 גרם,לוטוס בייקרי בלגיה נ,BE,ממרח עוגיות לוטוס קר,גרמים,380.00,100 גרם,false,,19.90,0.0524,false,1,66113
5410173210055,false,רומבוסט קפה טחון וקלוי לפילטר 70 גרם,קופי רומבוטס,BE,קפה טחון וקלוי לפילט,גרמים,70.00,100 גרם,false,,19.90,0.2843,false,1,60033
5410228267515,false,"שישיית בירה לאגר באדוויזר 6*330 מ""ל",באדווייזר Budweiser,GB,בירה באדוויזר שישייה,מיליליטרים,1980.00,"100 מ""ל",false,,29.90,0.0151,true,1,113984
5410291021991,false,צ`וקטה ממרח אגוזי לוז עם קקאו 700 גר`,צ'וקטה Chocketa,BE,צ'וקטה ממרח אגוזי לו,גרמים,700.00,100 גרם,false,,19.90,0.0284,true,1,96468
5410291022011,false,ממרח אגוזי לוז עם קקאוי 350 ג' צ'וקטה,צ'וקטה Chocketa,BE,צ'וקטה ממרח אגוזי לו,גרמים,350.00,100 גרם,false,,10.90,0.0311,true,1,96469
5410291022738,false,צ'וקטה ממרח חלב ואגוזי לוז עם קקאוי 350ג',צ'וקטה Chocketa,BE,צ'וקטה ממרח דואו 350,גרמים,350.00,100 גרם,false,,10.90,0.0311,true,1,101416
5410291022752,false,ממרח אגוזי לוז עם קקאו 350 גרם ווסטהיים,צ'וקטה Chocketa,BE,צ'וקטה ממרח אגוזי לו,גרמים,350.00,100 גרם,false,,10.90,0.0311,true,1,101287
5410291022776,false,ממרח אגוזים וקקאו 700 ג' צ'וקטה,צ'וקטה Chocketa,BE,צ'וקטה ממרח אגוזי לו,גרמים,700.00,100 גרם,false,,19.90,0.0284,true,1,100517
5410316983693,false,"סמירנוף אייס בודד 275 מ""ל",סמירנוף אייס Smirnoff ice,IT,סמירנוף אייס,יחידה,275.00,יחידה,false,,10.90,0.0396,true,1,6063
5410316994019,false,"וודקה סמירנוף אדום 700מ""ל",דיאג'ו אופריישנס איט,US,"וודקה סמירנוף 700 מ""",מיליליטרים,700.00,"100 מ""ל",false,,59.90,0.0856,false,1,63325
5410769100081,false,"בירה לה שוף 330 מ""ל בקבוק","איי, בי, אינבוו",BE,"בירה לה שוף 330 מ""ל",יחידה,0.00,יחידה,false,,12.90,0.0000,true,1,102258
5410769200088,false,"בירה מק שוף 330 מ""ל בקבוק",פארייפאבה אגרואינדוס,BE,"בירה מק שוף 330 מ""ל",מיליליטרים,330.00,"100 מ""ל",false,,12.90,0.0391,true,1,102259
5410769800097,false,"בירה לה צרי שוף 8% 330 מ""ל בקבוק",פארייפאבה אגרואינדוס,BE,בירה צ'רי שוף,מיליליטרים,330.00,"100 מ""ל",false,,12.90,0.0391,true,1,102326
5411188080268,false,אלפרו סויה אורגני אלפרו 1 ליטר,הנסיך- מפעל לייצור ט,BE,אלפרו משקה סויה אורג,ליטרים,1.00,ליטר,false,,13.90,13.9000,true,1,66096
5411188081852,false,אלפרו משקה סויה בטעם וניל 1 ל',הנסיך- מפעל לייצור ט,BE,אלפרו חלב סויה וניל,ליטרים,1.00,ליטר,false,,13.90,13.9000,true,1,66603
5411188094159,false,אלפרו מעדן סויה בטעם שוקו בלגי 125 גר*4,הנסיך- מפעל לייצור ט,BE,מעדן סויה אלפרו שוקו,גרמים,500.00,100 גרם,false,,17.50,0.0350,true,1,30153
5411188094173,false,רביעיה מעדן סויה טעם קרמל 125 ג' אלפרו,אלפרו,BE,אלפרו מעדן סויה קרמל,גרמים,500.00,100 גרם,false,,17.50,0.0350,true,1,100420
5411188096108,false,"שמנת לבישול ע""ב סויה 250 מ""ל אלפרו",אלפרו C.V.A,BE,אלפרו שמנת צמחית לבי,מיליליטרים,250.00,"100 מ""ל",false,,9.50,0.0380,true,1,40611
5411188106159,false,אלפרו סויה לייט מופחת שומן 1.2% 1 ליטר,הנסיך- מפעל לייצור ט,BE,אלפרו סויה לייט טבעי,ליטרים,1.00,ליטר,false,,13.90,13.9000,true,1,65854
5411188110835,false,אלפרו חלב סויה שקדים וניל 1ל',הנסיך- מפעל לייצור ט,BE,אלפרו חלב שקדים 1 לי,ליטרים,1.00,ליטר,false,,13.90,13.9000,true,1,59603
5411188112549,false,משקה קוקוס אלפרו 1 ליטר משקה אורז 1 ליטר,הנסיך- מפעל לייצור ט,BE,אלפרו משקה אורז 1 לי,ליטרים,1.00,100 ליטר,false,,13.90,13.9000,true,1,65852
5411188112709,false,"משקה קוקוס אלפרו 1 ליטר משקה שקדים לל""ס",הנסיך- מפעל לייצור ט,BE,אלפרו משקה שקדים ללא,ליטרים,1.00,ליטר,false,,13.90,13.9000,true,1,67868
5411188115366,false,משקה קוקוס אלפרו 1 ליטר משקה שיבולת שועל 1 ליטר,הנסיך- מפעל לייצור ט,BE,אלפרו משקה שיבולת שו,ליטרים,1.00,ליטר,false,,13.90,13.9000,true,1,65622
5411188115434,false,משקה אלפרו בריסטה סויה 1 ליטר,אלפרו Alpro,BE,אלפרו משקה בריסטה סו,ליטרים,1.00,ליטר,false,,13.90,13.9000,true,1,165618
5411188115472,false,אלפרו משקה סויה 1 ליטר,הנסיך- מפעל לייצור ט,BE,אלפרו משקה סויה 1 לי,ליטרים,1.00,ליטר,false,,13.90,13.9000,true,1,118057
5411188118732,false,אלפרו חלב משקה קוקוס שקדים 1 ל',הנסיך- מפעל לייצור ט,BE,אלפרו משקה קוקוס שקד,ליטרים,1.00,ליטר,false,,13.90,13.9000,true,1,94120
5411188120742,false,משקה קוקוס אלפרו 1 ליטר שקדים וניל 1 ל',הנסיך- מפעל לייצור ט,BE,אלפרו משקה שקדים בטע,ליטרים,1.00,ליטר,false,,13.90,13.9000,true,1,94121
5411188120957,false,"אלפרו תערובת לבישול על בסיס קוקוס 250 מ""ל",אלפרו Alpro,BE,אלפרו תערובת לבישול,מיליליטרים,250.00,"100 מ""ל",false,,9.90,0.0396,true,1,101941
5411188121923,false,"אלפרו משקה סויה סידן מארז 250X3מ""ל",הנסיך- מפעל לייצור ט,BE,אלפרו סויה סידן שלשו,מיליליטרים,0.00,"100 מ""ל",false,,13.90,0.0000,true,1,104445
5411188121978,false,"משקה סויה בטעם שוקולד 3 * 250 מ""ל אלפרו",אלפרו C.V.A,BE,אלפרו סויה סדן שלישי,מיליליטרים,750.00,"100 מ""ל",false,,13.90,0.0185,true,1,102991
5411188122586,false,"אלפרו משקה שקדים 250 מ""ל",הנסיך- מפעל לייצור ט,BE,משקה שקדים אלפרו 250,מיליליטרים,250.00,"100 מ""ל",false,,5.90,0.0236,true,1,100421
5411188122661,false,אלפרו משקה שקדים לא קלויים ללא תוספת סוכר 1 ל',אלפרו Alpro,,אלפרו משקה שקדים ללא,ליטרים,1.00,ליטר,false,,13.90,13.9000,true,1,100422
5411188124689,false,משקה שיבולת שועל ללא סוכר 1ל' אלפרו,אלפרו Alpro,BE,אלפרו משקה שיבולת שו,ליטרים,1.00,ליטר,false,,13.90,13.9000,true,1,118911
5411188126195,false,אלפרו משקה שקדים אורגני 1 ליטר,אלפרו Alpro,BE,אלפרו משקה שקדים אור,ליטרים,1.00,ליטר,false,,13.90,13.9000,true,1,106839
5411188127697,false,אלפרו משקה בריסטה שיבולת שועל 1 ליטר,הנסיך- מפעל לייצור ט,BE,אלפרו בריסטה שיבולת,ליטרים,1.00,100 ליטר,false,,13.90,13.9000,true,1,118059
5411188129899,false,משקה אלפרו בריסטה שקדים 1 ליטר,הנסיך- מפעל לייצור ט,BE,אלפרו בריסטה שקדים 1,ליטרים,1.00,100 ליטר,false,,13.90,13.9000,true,1,118060
5411188133476,false,אלפרו משקה סויה שוקו+חלבון 250 גרם בית יוסף,אלפרו C.V.A,BE,אלפרו משקה סויה שוקו,מיליליטרים,250.00,"100 מ""ל",false,,6.90,0.0276,true,1,123611
5411188134985,false,אלפרו 3.5% NOT M*LK שיבולת שועל 1 ליטר בית יוסף,הנסיך- מפעל לייצור ט,BE,אלפרו 3.5% שומן שיבו,ליטרים,1.00,ליטר,false,,12.90,12.9000,true,1,123610
5411188135005,false,אלפרו 1.8% NOT M*LK שיבולת שועל 1 ליטר בית יוסף,הנסיך- מפעל לייצור ט,BE,אלפרו 1.8% שומן שיבו,ליטרים,1.00,ליטר,false,,12.90,12.9000,true,1,123609
5411188300328,false,אלפרו סויה בטעם שוקו 1 ליטר,הנסיך- מפעל לייצור ט,BE,אלפרו סויה שוקו 1 ל,ליטרים,1.00,ליטר,false,,13.90,13.9000,true,1,66865
5411188513483,false,"אלפרו סויה לבישול 14% שומן 250 מ""ל",אלפרו C.V.A,BE,אלפרו סויה לבישול 14,מיליליטרים,250.00,"100 מ""ל",false,,9.50,0.0380,true,1,165620
5411188543398,false,אלפרו משקה סויה ללא סוכר 1 ליטר,הנסיך- מפעל לייצור ט,BE,אלפרו משקה סויה ללא,ליטרים,1.00,ליטר,false,,13.90,13.9000,true,1,118061
5411223100579,false,"בירה לינדמנס אפל תפוח 250 מ""ל",,,בירה לינדמנס תפוחים,מיליליטרים,250.00,"100 מ""ל",false,,14.90,0.0596,true,1,113477
5411681014005,false,בירה דובל 330 מל פקד,פארייפאבה אגרואינדוס,IL,"בירה דובל 7% 330 מ""ל",יחידה,330.00,יחידה,false,,12.90,0.0391,true,1,29477
5411686700118,false,"בירה לינדמנס פרוטס 250 מ""ל",לפימנס,BE,בירת מתובלת בפירות,יחידה,250.00,יחידה,false,,9.90,0.0396,true,1,48529
5412514350000,false,עלי טורטיליאס 370 גרם,אן. וי סנק פוד,BE,"עלי טורטילס 25 ס""ם",גרמים,370.00,100 גרם,false,,22.90,0.0619,true,1,23884
5412514555559,false,עלי טורטילס 320 גרם,אן. וי סנק פוד,BE,עלי טורטילס,גרמים,340.00,100 גרם,false,,18.50,0.0544,true,1,12582
5412514777746,false,תרמילי טאקו קונכיות,אן. וי סנק פוד,,קונכיות טאקו מתי,גרמים,125.00,100 גרם,false,,18.90,0.1512,true,1,12586
5412514931117,false,עלי טורטילס מתירס פוקולוקו 320 גר,אן. וי סנק פוד,BE,עלי טורטילס תירס,גרמים,320.00,100 גרם,false,,20.90,0.0653,true,1,32681
5412514931889,false,עלי קורדיטס 272 ג SOFT TACO,אן. וי סנק פוד,BE,עלי טורטילס קורדיטה,גרמים,272.00,100 גרם,false,,16.90,0.0621,true,1,41620
5412533001617,false,נוזל לניקוי כלים אלוורה ולימון 1 ליטר,השחר,BE,נוזל לניקוי כלים,ליטרים,1.00,ליטר,false,,15.90,15.9000,true,1,16333
5412533002287,false,נוזל לניקוי אסלות בניחוח אורנים ECOVER,,,"מנקה אסלות 750 מ""ל",יחידה,750.00,יחידה,false,,17.90,0.0239,true,1,38611
5412533400106,false,אקובר אבקת כביסה לבנ,,,אקובר אבקת כביסה לבנ,קילוגרמים,1.20,"ק""ג",false,,46.90,39.0833,true,1,168426
5412533416602,false,טבליות למדיח 25יח אק,אקובר,,טבליות למדיח 25 יח',יחידה,0.00,יחידה,false,,36.90,0.0000,true,1,105925
5412533419566,false,נוזל לכביסה עדינה בניחוח נופר 750 מל,אקובר,,נוזל כביסה עדינה בני,מיליליטרים,750.00,"100 מ""ל",false,,22.90,0.0305,true,1,118437
5412533419665,false,"מרכך כביסה תפוח ושקדים 750 מ""ל",,,מרכך כביסה פריחת תפו,מיליליטרים,750.00,"100 מ""ל",false,,15.90,0.0212,true,1,116592
5412533419702,false,"מרכך כביסה ווניל וגרדניה 750 מ""ל",אקובר,BE,מרכך כביסה וניל 750,מיליליטרים,750.00,"100 מ""ל",false,,15.90,0.0212,true,1,115183
5412533420364,false,נוזל כביסה פורמולה מרוכזת 1 ליטר,אקובר,,נוזל כביסה אוניברסלי,ליטרים,1.00,ליטר,false,,39.90,39.9000,true,1,115937
5412533421514,false,נוזל ניקוי רצפות ומש,,,נוזל לניקוי רצפות 1,ליטרים,1.00,ליטר,false,,21.00,21.0000,true,1,165273
5412533421828,false,תרסיס לניקוי משטחים,,,תרסיס לניקוי משטחים,מיליליטרים,500.00,"100 מ""ל",false,,25.90,0.0518,true,1,165274
5412865030668,false,פשקז - דקיקי שוקולד מנטה 200 גרם,,,דקיקי שוקולד ממולאים,גרמים,200.00,100 גרם,false,,19.90,0.0995,true,1,118977
5413121355082,false,שוקולד בלגי מריר משובח 72 פרסטיז 100 גרם,BCG,,שוקולד מריר בלג'יאן,גרמים,100.00,100 גרם,false,,9.90,0.0990,true,1,57865
5413121356737,false,בלג'יאן-שוקולד מריר ללא ת.סוכר 100גר' 1/20,BCG,,בלג'יאן - שוקולד מרי,גרמים,100.00,100 גרם,false,,13.90,0.1390,true,1,50741
5413121356829,false,בלג'יאן-שוקולד חלב ללא סוכר 100 גר' 1/20 (7072),BCG,,בלגיאן-שוקולד חלב לל,גרמים,100.00,100 גרם,false,,13.90,0.1390,true,1,50742
5413121358694,false,שוקולד בלגי מריר משובח 85%פרסטיז 100 גרם,BCG,,פרסטיז' שוקולד בלגי,גרמים,100.00,100 גרם,false,,9.90,0.0990,true,1,40116
5413121359035,false,בלגיאן טראפלס בלגי קקאו אורגינל 200 גרם,,,בלגיאן-טרופלס אוריגי,גרמים,200.00,100 גרם,false,,14.90,0.0745,true,1,63086
5413121388905,false,בלגיאן-טראפלס אגוז חג שמח 150 גרם,Q Chocolate,BE,בלג'יאן טראפלס אגוז,גרמים,150.00,100 גרם,false,,9.90,0.0660,true,1,115718
5413149655522,false,"אבקת כביסה שושן צחור 1.25 ק""ג אריאל",פרוקטר אנד גמבל,TR,אריאל שושן צחור 1.25,קילוגרמים,1.25,"ק""ג",false,,14.90,11.9200,true,1,40987
5413149922907,false,"אבקת כביסה קולור וסטייל 5 ק""ג אריאל",אריאל Ariel,,אריאל קולור וסטייל 5,קילוגרמים,5.00,"ק""ג",false,,36.90,7.3800,false,1,43366
5413149922938,false,"אריאל אבקת כביסה שושן צחור, 5 ק""ג",פרוקטר אנד גמבל,TR,אריאל שושן צחור 5קג,קילוגרמים,5.00,"ק""ג",false,,36.90,7.3800,false,1,43367
5413202171303,false,בונ' פרלינים בלגיים,,,בונ' פרלינים בלגיים,גרמים,200.00,100 גרם,false,,26.90,0.1345,true,1,168022
5413202810011,false,בונ' פרלינים בלגיים,,,בונ' פרלינים בלגיים,גרמים,200.00,100 גרם,false,,26.90,0.1345,true,1,168019
5413216990242,false,בונבוניירה צדפים ממולאים בקרם אגוזים,צ'וקטה Chocketa,,בונבוניירה צדפות בלג,גרמים,250.00,100 גרם,false,,17.90,0.0716,true,1,94618
5413548280189,false,קינדר שוקובון 16 יחידות,פררו,BE,חטיפי קינדר שוקו בון,גרמים,125.00,100 גרם,false,,11.90,0.0952,true,1,14841
5420066330203,false,ביאנקה- טרופל קקאו באריזות זהב 175 ג,Q Chocolate,,ביאנקה טרופל קקאו 17,גרמים,175.00,100 גרם,false,,13.90,0.0794,true,1,93322
5420066330210,false,ביאנקה- טרופל קקאו באריזות כסף 175 ג,Q Chocolate,,ביאנקה טרופל קקאו כס,גרמים,175.00,100 גרם,false,,13.90,0.0794,true,1,94551
5420066370032,false,טראפל בלגי מריר 150 גרם,,,טראפל בלגי מריר,גרמים,150.00,100 גרם,false,,10.90,0.0727,true,1,107287
5601008200444,false,גודיס Goodies עוגיות טבעת מצופות שוקולד חלב,הנסיך- מפעל לייצור ט,PT,עוגיות טבעת מצופות ש,גרמים,150.00,100 גרם,false,,6.50,0.0433,true,1,50963
5601008200451,false,עוגיות גודיס מרבה טבעת מצופה שוקו' מריר 150ג',מרבה Merba,PT,עוגיות טבעת מצופות ש,גרמים,150.00,100 גרם,false,,6.50,0.0433,true,1,50964
5601008200468,false,עוגיות מרבה גודיס טבעת מצופה שוקו' לבן 150ג',קריניציה ויטמינה אס,PT,עוגיות טבעת מצופות ש,גרמים,150.00,100 גרם,false,,6.50,0.0433,true,1,50965
5601010111035,false,סרדין בשמן זית 125 גר רמירז,רמירז אנד קה פילהאוס,PT,RAMIREZ- סרדינים בשמ,יחידה,88.00,יחידה,false,,10.90,0.1239,true,1,46485
5601010211070,false,סרדין במים 125 גר רמירז,רמירז אנד קה פילהאוס,PT,RAMIREZ- סרדינים במי,יחידה,88.00,יחידה,false,,9.50,0.1080,true,1,46486
5601010211087,false,פילה סרדין בשמן זית כתית 100 גר רמירז,רמירז אנד קה פילהאוס,PT,RAMIREZ-פילה סרדינים,גרמים,100.00,100 גרם,false,,11.90,0.1190,true,1,46487
5601045300022,false,משקה גוארנה אנטרטיקה פחית 355 מל,סומול וקומפל אס.איי,PT,גוארנה אנטרטיקה 330,יחידה,330.00,יחידה,false,,6.00,0.0182,true,1,34746
5601217129420,false,וולייט דפים למניעת העברת צבע 20 יחידות,רקיט בנקיזר,IT,ווליט 20 דפים למכונת,יחידה,0.00,יחידה,false,,19.90,0.0000,true,1,102596
5603037413161,false,קרסוליות,,,קרסוליות,יחידה,0.00,יחידה,false,,8.90,0.0000,true,1,46013
5603037413307,false,גרבי ברך ניילון,,,גרבי ברך ניילון,יחידה,0.00,יחידה,false,,8.90,0.0000,true,1,45320
5604912415003,false,סרדינים בשמן זית פור,,,סרדינים בשמן זית פור,גרמים,125.00,100 גרם,false,,6.90,0.0552,true,1,107407
5604912415041,false,סרדינים בשמן חמניה פורטוס 125 גרם,קונסרבס פורטוגל נורט,PT,סרדינים בשמן חמניה פ,גרמים,125.00,100 גרם,false,,6.30,0.0504,true,1,107408
5604912415058,false,סרדינים בשמן חמניה חריף פורטוס 125 גרם,פורטוס Porthos,PT,סרדינים בשמן חמניה ח,גרמים,125.00,100 גרם,false,,6.30,0.0504,true,1,107409
5701932026964,false,פופקורן להכנה במיקרוגל בטעם טבעי 6 שקיות,ליימן מותגים,US,פופקורן למיקרוגל,גרמים,600.00,100 גרם,false,,15.00,0.0250,true,1,14842
5701932026971,false,פופקורן להכנה במיקרוגל בטעם חמאה 6 שקיות,ליימן מותגים,US,פופקורן חמאה 600,גרמים,600.00,100 גרם,false,,15.00,0.0250,true,1,14843
5701932026995,false,פופקורן להכנה במיקרוגל בטעם טבעי מופחת שומן 6 שקיות,קריניציה ויטמינה אס,US,פופקורן הוטפופ,גרמים,510.00,100 גרם,false,,15.00,0.0294,false,1,14844
5706516031358,false,פופקורן להכנה במיקרוגל בטעם טבעי מופחת שומן 5 שקיות,ליימן מותגים,US,הוטפופ 100קלוריות,גרמים,160.00,100 גרם,false,,15.00,0.0938,true,1,41408
5706516110039,false,הוטפופ בטעם טבעי מופחת שומן ונתרן 540 גר,ליימן מותגים,US,הוטפופ מופחת שומן ונ,גרמים,540.00,100 גרם,false,,15.00,0.0278,true,1,117966
5710840209437,false,טבק באלי נטוראל 40 גרם,,,טבק באלי נטוראל,יחידה,0.00,יחידה,false,,94.00,0.0000,false,1,114346
5710840210013,false,טבק באלי לבן 40 גרם,,,טבק באלי לבן,יחידה,0.00,יחידה,false,,94.00,0.0000,false,1,113901
5710840210136,false,טבק באלי ראונדד 40 ג,S.T.G,,טבק באלי ראונדד 40 ג,יחידה,0.00,יחידה,false,,94.00,0.0000,false,1,117132
5711953106583,false,גבינת שמנת בטעם טבעי 200 גרם ארלה,ארלה פודס אמבה,DK,ארלה גבינת שמנת טבעי,גרמים,200.00,100 גרם,false,,14.90,0.0745,true,1,113351
5711953106590,false,גבינת שמנת ארלה שמנת שום 200 גרם,ארלה פודס אמבה,DK,ארלה גבינת שמנת שום,גרמים,200.00,100 גרם,false,,14.90,0.0745,true,1,113405
5711953106606,false,גבינת שמנת עם תבלינים ועשבי תיבול 23.5%,ארלה פודס אמבה,DK,ארלה גבינת שמנת עשבי,גרמים,200.00,100 גרם,false,,14.90,0.0745,true,1,113352
5740900403215,false,ממרח מחמאת לורפק עם מלח 250 ג',לורפאק Lurpak,DK,ממרח מחמאת לורפק עם,גרמים,250.00,100 גרם,false,,16.90,0.0676,false,1,108180
5740900403222,false,ממרח לורפק חמאה עם מלח מופחת שומן 250 ג,לורפאק Lurpak,DK,ממרח מחמאת לורפק עם,גרמים,250.00,100 גרם,false,,16.90,0.0676,false,1,108181
5740900403239,false,ממרח מחמאת לורפק ללא מלח 250 ג',לורפאק Lurpak,DK,ממרח מחמאת לורפק ללא,גרמים,250.00,100 גרם,false,,16.90,0.0676,false,1,108182
5740900403246,false,ממרח מחמאת לורפק ללא מלח 500 ג',לורפאק Lurpak,DK,ממרח מחמאת לורפק ללא,גרמים,500.00,100 גרם,false,,26.90,0.0538,false,1,108184
5740900403253,false,ממרח מחמאת לורפק עם מלח 500 ג',לורפאק Lurpak,DK,ממרח מחמאת לורפק עם,גרמים,500.00,100 גרם,false,,26.90,0.0538,false,1,108185
5740900403260,false,ממרח מחמאת לורפק ללא מלח 27% פחות שומן,ארלה פודס אמבה,DK,ממרח לורפק ללא מלח 2,גרמים,250.00,100 גרם,false,,16.90,0.0676,false,1,108186
5774540984056,false,אנטון ברג-מרציפן תות שדה ושמפניה 220 גר,Anthon Berg,,אנטון ברג מרציפן תות,גרמים,220.00,100 גרם,false,,33.90,0.1541,true,1,97916
5774540984452,false,אנטון ברג-מרציפן דובדבן ברום 220 גר,Anthon Berg,,אנטון ברג- מרציפן דו,גרמים,220.00,100 גרם,false,,33.90,0.1541,true,1,97962
5774540990057,false,אנטון ברג-מרציפן אוכמניות בוודקה 220 גר,Anthon Berg,,אנטון ברג מרציפן אוכ,גרמים,220.00,100 גרם,false,,33.90,0.1541,true,1,97917
5900017062419,false,"ניוואה - תחליב רחצה ורדים ושמן שקדים 750 מ""ל",ביירסדורף,DE,ניוואה קרם רחצה ורדי,גרמים,750.00,100 גרם,false,,14.90,0.0199,true,1,122484
5900020012814,false,דגנים נסקוויק מלחמת הכוכבים 500 גרם,מיוצר עי קונדיטוריית,PL,נסקוויק דגני בוקר בט,גרמים,500.00,100 גרם,false,,19.90,0.0398,false,1,42110
5900020020710,false,נסטלה - קראנץ' שוקו וניל חטיף דגנים 25 גרם * 6,נסטלה פולין ברים,PL,קראנץ בר שוקו וניל 6,גרמים,150.00,100 גרם,false,,14.90,0.0993,false,1,62707
5900020020741,false,חטיפי דגנים נסקוויק בר שוקו שוקו 6*25 גר,נסטלה פולין ברים,PL,נסקוויק בר דגנים שוק,גרמים,150.00,100 גרם,false,,14.90,0.0993,false,1,62708
5900020024770,false,פיטנס - דליס חטיף דגנים שוקולד אגוז 22.50 גרם * 6,נסטלה פולין ברים,PL,חטיפי פיטנס בר דליס,גרמים,135.00,100 גרם,false,,14.90,0.1104,false,1,91397
5900020024817,false,פיטנס דליס Fitness Delice חטיף דגנים עם שוקולד לבן,סי.פי.פולין,PL,חטיפי פיטנס בר דליס,גרמים,135.00,100 גרם,false,,14.90,0.1104,false,1,91398
5900020025647,false,פיטנס דליס Fitness Delice חטיף דגנים עם שוקולד חלב,מיוצר עי קונדיטוריית,PL,חטיפי פיטנס בר דליס,גרמים,135.00,100 גרם,false,,14.90,0.1104,false,1,91400
5900020026552,false,דגני בוקר האני נאט צ'יריוס בטעם דבש ושקדים,נסטלה צרפת איטנקורט,FR,האני נאט ציריוס עידן,גרמים,625.00,100 גרם,false,,19.90,0.0318,false,1,95902
5900020031877,false,נסטלה האני ציריוס חטיף דגני בוקר שישייה,נסטלה פולין דגני בוק,PL,צ'ריוס האני נאט חטיף,גרמים,132.00,100 גרם,false,,14.90,0.1129,false,1,107153
5900020032454,false,מארז חטיף פיטנס עוגיות 8 X 23.5 גרם,נסטלה פולין ברים,PL,פיטנס ברים חטיף עוגי,גרמים,188.00,100 גרם,false,,14.90,0.0793,true,1,122255
5900020032539,false,מארז חטיף פיטנס שוקולד 8 X 23.5 גרם,נסטלה פולין ברים,PL,פיטנס בר חטיף שוקולד,גרמים,188.00,100 גרם,false,,14.90,0.0793,true,1,122256
5900020033314,false,חטיף דגני בוקר Lion בטעם קרמל ושוקולד על קרם חלב,נסטלה פולין דגני בוק,PL,ליון חטיף דגנים 6*25,גרמים,150.00,100 גרם,false,,14.90,0.0993,false,1,108379
5900020034991,false,דגני בוקר צדפים בטעם שוקולד 450 ג' קראנץ',סי. פי. פולין,IL,קראנץ צדפים בטעם שוק,גרמים,450.00,100 גרם,false,,19.90,0.0442,false,1,114174
5900020036407,false,דגני בוקר ליון Lion בטעם שוקולד וקרמל,ג.נרל מילס,US,דגני בוקר שוקולד וקר,גרמים,480.00,100 גרם,false,,19.90,0.0415,false,1,116580
5900020037916,false,דגני בוקר שיבולת שועל צ'ריוס 375ג',ג'נרל מילס סאן אדריא,FR,צ'יריוס שיבולת שועל,גרמים,375.00,100 גרם,false,,17.50,0.0467,true,1,120070
5900020041142,false,קורנפלקס פיטנס 500 ג' אסם,סי.פי.פולין,PL,קורנפלקס פיטנס 500 ג,גרמים,500.00,100 גרם,false,,12.90,0.0258,false,1,168929
5900238734027,false,פילטר ארוך 6ממ,,,פילטר ארוך 6ממ,יחידה,0.00,יחידה,false,,3.00,0.0000,false,1,124051
5900238734041,false,פילטר ארוך 7/22,,,פילטר ארוך 7/22,יחידה,0.00,יחידה,false,,3.00,0.0000,false,1,167369
5900627026429,false,"סיליט באנג גיל לניקוי אסלות בתוספת אקונומיקה 750מ""ל",RB פולין,,סיליט באנג מנקה ומחט,מיליליטרים,750.00,"100 מ""ל",false,,9.90,0.0132,true,1,110356
5900627027020,false,קרם להסרת שיער בזמן המקלחת לעור רגיל,רקיט בנקיזר צרפת,FR,ויט ספא תמציות משי,מיליליטרים,150.00,"100 מ""ל",false,,24.90,0.1660,true,1,23808
5900627040111,false,"הרפיק נוזל לאסלה בניתוח פריחה אביבית. 750 מ""ל",,,הרפיק ג'ל אסלות בניח,יחידה,0.00,יחידה,false,,7.50,0.0000,true,1,104128
5900627063233,false,פיניש ALL IN ONE MAX טבליות 50 יחידות,רקיט בנקיזר,IL,פיניש 50 טבליות AIO,יחידה,0.00,יחידה,false,,39.90,0.0000,true,1,96590
5900951259180,false,ויסקס סטרייל אד.ציקן 1.4קילו,ויסקס,HU,"ויסקס סטרייל 1.4 ק""ג",קילוגרמים,1.40,"ק""ג",false,,46.90,33.5000,true,1,96196
5900951262531,false,פדיגרי פאוץ אדולט בק,,,פדיגרי פאוץ אדולט בק,גרמים,100.00,100 גרם,false,,4.90,0.0490,true,1,114431
5900951283963,false,חטיף סניקרס עם חמאת בוטנים Creamy Peanut Butter,סנו מפעלי ברונוס.,PL,חטיף סניקרס,גרמים,36.50,100 גרם,false,,4.00,0.1096,false,1,165284
5900951284571,false,פדיגרי בקר 400 גרם(ה,פדיגרי,US,פדיגרי פחית בקר 400,גרמים,400.00,100 גרם,false,,9.40,0.0235,true,1,120357
5900951284595,false,פדגרי פחית עוף 400 ג,,,פדגרי פחית עוף 400 ג,גרמים,400.00,100 גרם,false,,9.40,0.0235,true,1,121085
5901414200411,false,ביסקוויט מיניס ממולא שוקולד היט 130 גר,ליימן שליסל,PL,עוגיות מיני היט,גרמים,130.00,100 גרם,false,,6.90,0.0531,true,1,10207
5901888020546,false,חטיף דגנים עם קינואה ומלח ים 70ג FREEYU,דנשר,PL,FREEYU חטיף דגנים עם,גרמים,70.00,100 גרם,false,,13.90,0.1986,true,1,167590
5901888020560,false,חטיף דגנים עם קינואה בטעם עשבי תיבול 70ג FREEYU,דנשר,PL,FREEYU חטיף דגנים עם,גרמים,70.00,100 גרם,false,,13.90,0.1986,true,1,167591
5902198160403,false,"משקה אנרגיה XL TEN פחית לל""ס 250מ""ל","טמפו משקאות בע""מ",IL,"XL ten פחית 250 מ""ל",מיליליטרים,250.00,"100 מ""ל",false,,4.50,0.0180,false,1,100889
5902658076305,false,גליל דבק דו צדדי ספוגי שקוף,,US,גליל דבק דו צדדי ספו,יחידה,0.00,יחידה,false,,25.90,0.0000,true,1,111872
5902658111990,false,זוג מתלים בינוניים כ,3m,,זוג מתלים בינוניים כ,יחידה,0.00,יחידה,false,,16.90,0.0000,true,1,107461
5902808786696,false,"טורטילאב-דפי טורטייה 25 ס""מ 360 גר1/15",יושלם,PL,טורטילאב דפי טורטייה,גרמים,360.00,100 גרם,false,,9.90,0.0275,true,1,123698
5903141006694,false,ווג פריזון מנטול עשירייה,,,פקט ווג פריזון מנטה,יחידה,0.00,יחידה,false,,370.00,0.0000,false,1,47178
5903141082766,false,פאל מאל כחול דמי סלימס עשיריה,,,פאל מאל כחול דמי סלי,יחידה,0.00,יחידה,false,,250.00,0.0000,false,1,106428
5904941750312,false,"משקה אנרגיה BLU מוחיטו בודד 250 מ""ל",אקו - ביט,PL,בלו מוחיטו 250 מל,מיליליטרים,250.00,"100 מ""ל",false,,3.90,0.0156,true,1,95160
5904941751302,false,"משקה אנרגיה בלו 250 מ""ל- בודד",אקו - ביט,PL,משקה אנרגיה BLU,מיליליטרים,250.00,"100 מ""ל",false,,3.90,0.0156,true,1,95161
5904941751920,false,בלו משקה אנרגיה דיי חצי מכמות הקלו250 מל,אקו - ביט,PL,משקה אנרגיה בלו,מיליליטרים,250.00,"100 מ""ל",false,,3.90,0.0156,true,1,95134
5906485301012,false,"משקה אנרגיה XL פחית 250 מ""ל","טמפו משקאות בע""מ",IL,משקה אנרגיה אקסל,מיליליטרים,250.00,"100 מ""ל",false,,4.50,0.0180,false,1,20715
5941021000639,false,טבלת שוקולד חלב אגוז היידי גראנדור 100 ג',היידי שוקולד בירונטי,,טבלת היידי גראנדור ח,גרמים,100.00,100 גרם,false,,8.90,0.0890,true,1,94470
5941021000899,false,טבלת שוקולד מריר אגוז היידי גראנדור 100 ג',היידי שוקולד בירונטי,,טבלת היידי גראנדור מ,גרמים,100.00,100 גרם,false,,8.90,0.0890,true,1,94471
5941021001247,false,טבלת שוקולד בטעם קפה היידי גראנדור 80 ג',היידי שוקולד בירונטי,RO,טבלת היידי גראנדור ק,גרמים,80.00,80 גרם,false,,8.50,0.1063,true,1,94472
5941021001254,false,טבלת שוקולד בטעם תפוז היידי גראנדור 80 ג',,,טבלת היידי גראנדור ת,גרמים,80.00,80 גרם,false,,8.50,0.1063,true,1,94473
5941021001261,false,טבלת שוקולד היידי גראנדור 75% 80 ג',היידי שוקולד בירונטי,RO,טבלת היידי גראנדור 7,גרמים,80.00,80 גרם,false,,8.50,0.1063,true,1,94474
5941021001674,false,טבלת שוקולד היידי גראנדור 80% 80 ג',היידי שוקולד בירונטי,,טבלת היידי גראנדור 8,גרמים,80.00,80 גרם,false,,8.50,0.1063,true,1,94564
5941021004309,false,"שוקולד היידי גראנדור פלורנטין, 100 ג'",היידי שוקולד בירונטי,RO,טבלת היידי גראנדור פ,גרמים,100.00,100 גרם,false,,8.90,0.0890,true,1,94475
5941021005023,false,היידי-בוקה אגוז 120 גר,,,היידי פרלין שוקולד ב,גרמים,120.00,100 גרם,false,,15.90,0.1325,true,1,112698
5941021005122,false,טבלת שוקולד חמוציות היידי גראנדור 80 ג',היידי שוקולד בירונטי,RO,טבלת שוקולד היידי גר,גרמים,80.00,100 גרם,false,,8.50,0.1063,true,1,96404
5941021007577,false,טבלת שוקולד פיסטוק היידי גראנדור 80 ג',היידי שוקולד בירונטי,RO,טבלת היידי גראנדור פ,גרמים,80.00,80 גרם,false,,8.50,0.1063,true,1,94478
5941021008208,false,טבלת שוקולד מלח שחור היידי גראנדור 80 ג',היידי שוקולד בירונטי,RO,טבלת שוקולד היידי גר,גרמים,80.00,100 גרם,false,,8.50,0.1063,true,1,96405
5941021008673,false,טבלת שוקולד לבן שקד פיסטוק היידי גראנדור 100 ג',היידי שוקולד בירונטי,RO,טבלת שוקולד היידי גר,גרמים,100.00,100 גרם,false,,8.90,0.0890,true,1,96406
5941021011147,false,טבלת שוקולד פלורנטין מריר היידי גראנדור 100 ג',היידי שוקולד בירונטי,RO,טבלת שוקולד היידי גר,גרמים,100.00,100 גרם,false,,8.90,0.0890,true,1,96408
5941021014483,false,טבלת היידי גראנדור פלורנטין לבן 100 גר,,RO,טבלת היידי גראנדור פ,גרמים,100.00,100 גרם,false,,8.90,0.0890,true,1,105040
5948530002147,false,ווג סופרסלימס לילך עשירייה,,,פקט ווג ליידי לילך,יחידה,0.00,יחידה,false,,370.00,0.0000,false,1,50213
5948559002753,false,מטליות ניקוי בעלת ספיגה אופטימלית,3m,IT,מטלית ניקוי בעלת ספי,יחידה,0.00,יחידה,false,,15.90,0.0000,true,1,111873
5949152110821,false,"איירוויק מבשם אוויר ומנטרל ריחות – לילות לבנים 237 מ""ל",רקיט בנקיזר,PL,איירוויק מבשם אוויר,מיליליטרים,237.00,"100 מ""ל",false,,14.90,0.0629,true,1,168116
5997010302017,false,מחית גולאש מתוקה 70,,HU,מחית לגולש 70 גרם,גרמים,70.00,100 גרם,false,,9.90,0.1414,true,1,163935
5997010302024,false,מחית לגולש חריפה 70,,HU,מחית לגולש חריפה 70,גרמים,70.00,100 גרם,false,,9.90,0.1414,true,1,163936
5997321701806,false,אבקה למניעת אבנית במכונת כביסה 2 ב-1,רקיט בנקיזר פולין,PL,"קלגון אבקה 1 ק""ג",קילוגרמים,1.00,"100 ק""ג",false,,29.90,29.9000,true,1,101734
5998749108536,false,ויסקאס חטיף סלמון 60 ג',ויסקס Whiskas,HU,וויסקס טמפטיישן- סלו,גרמים,60.00,100 גרם,false,,10.90,0.1817,true,1,26589
5998749108550,false,ויסקאס חטיף עוף וגבי,ויסקס Whiskas,HU,ויסקס טמפ צ'יקן צ'ז,גרמים,60.00,100 גרם,false,,10.90,0.1817,true,1,60919
5998749108574,false,ויסקאס חטיף בקר 60 ג',ויסקס Whiskas,HU,ויסקס טמפ ביף 60 גר',גרמים,60.00,100 גרם,false,,10.90,0.1817,true,1,60920
5998749109113,false,פדיגרי דנטאסטיקס כלב לארג 270 גרם (7 יח') BP40S,פדיגרי Pedigree,HU,פדיגרי דנטה לארג' 27,גרמים,270.00,100 גרם,false,,18.90,0.0700,true,1,91177
5998749125649,false,פדיגרי חטיף טייסטימיניס בקר גבינה 140 ג' CF87G,,,פדיגרי טייסמי מיניס,גרמים,140.00,100 גרם,false,,18.90,0.1350,true,1,122592
5998749128909,false,ויסקס אנטיהייר 55 גר,ויסקס,,ויסקס אנטיהייר 55 גר,גרמים,55.00,100 גרם,false,,10.90,0.1982,true,1,96886
5998749129746,false,ויסקס אדולט ביף 1.4,ויסקס,,ויסקס אדולט ביף 1.4,קילוגרמים,1.40,"ק""ג",false,,46.90,33.5000,true,1,96197
5998749129784,false,ויסקאס מזון יבש לחתו,,,ויסקס אדולט צ'יקן 1.,קילוגרמים,1.40,"ק""ג",false,,46.90,33.5000,true,1,96120
5998749130209,false,ויסקס אדולט צ'יקן 3.,ויסקס,,ויסקס אדולט צ'יקן 3.,קילוגרמים,3.80,"ק""ג",false,,89.90,23.6579,true,1,96398
5998749131688,false,פדיגרי טייסטי מיני גורים,,,פדיגרי טייסמי מיניס,גרמים,125.00,100 גרם,false,,18.90,0.1512,true,1,122593
5998749132340,false,פדיגרי גוניור ציקן&ריס 2.2 קג,פדיגרי,,פדיגרי ג'וניור צ'יק,קילוגרמים,2.20,"ק""ג",false,,53.90,24.5000,true,1,98654
5998749139547,false,פדיגרי מיני ג'מבון 4,,,פדיגרי מיני ג'מבון 4,יחידה,0.00,יחידה,false,,16.90,0.0000,true,1,165652
5998749139974,false,פדיגרי ג'אמבון לארג',,,פדיגרי ג'אמבון לארג',גרמים,180.00,100 גרם,false,,17.90,0.0994,true,1,165625
6001030003126,false,רוטב ולינגטונס ווסטר 250 גר,היינץ פודס,,ויגלטון רוטב וושסטר,גרמים,250.00,100 גרם,false,,14.90,0.0596,true,1,113657
6001030003584,false,"וולינגטון רוטב לסטייק 700 מ""ל",היינץ פודס,,רוטב לסטייק וולינגטו,מיליליטרים,700.00,"100 מ""ל",false,,23.90,0.0341,true,1,90026
6001030004635,false,וולינטון רוטב צ'אטני,היינץ פודס,ZA,וולינטון רוטב צ'אטני,גרמים,450.00,100 גרם,false,,18.90,0.0420,true,1,114637
6001067017523,false,קולגייט מברשת שיניים ילדים ספידרמן-ברבי 5+,יבואן ומשווק: ש. שסט,CN,קולגייט מברשת ילדים,יחידה,0.00,יחידה,false,,9.90,0.0000,true,1,59605
6001067017530,false,קולגייט מברשת שיניים לילדים ספיידרמן,יבואן ומשווק: ש. שסט,CN,קולגייט מברשת ילדים,יחידה,0.00,יחידה,false,,9.90,0.0000,true,1,59606
6001067027324,false,קולגייט בארבי-באטמן מברשת חשמלית,קולגייט - פלמוליב,CN,קולגייט מברשת שיניים,יחידה,0.00,יחידה,false,,49.90,0.0000,true,1,113915
6003105001396,false,תבלון לימון ופלפל שח,INA PAARMANS,ZA,תבלין לימון ופלפל,גרמים,200.00,100 גרם,false,,22.90,0.1145,true,1,66380
6003105001563,false,INA PAARMAN תבלין בריי וגריל,INA PAARMANS,ZA,תבלין בריי וגריל,גרמים,200.00,100 גרם,false,,21.90,0.1095,true,1,66381
6003105003178,false,"ציר עוף מרוכז 200 מ""ל אינה פארמנס",INA PAARMANS,ZA,INA PAARMAN ציר עוף,מיליליטרים,250.00,"100 מ""ל",false,,27.90,0.1116,true,1,63839
6003105003185,false,"ציר בקר מרוכז 200 מ""ל אינה פארמנס",INA PAARMANS,ZA,INA PAARMAN ציר בקר,מיליליטרים,250.00,"100 מ""ל",false,,27.90,0.1116,true,1,63840
6003105003260,false,"ציר ירקות מרוכז 200 מ""ל אינה פארמנס",INA PAARMANS,ZA,ציר ירקות נוזלי מרוכ,מיליליטרים,200.00,"100 מ""ל",false,,27.90,0.1395,true,1,68130
6003105900262,false,INA PAARMAN תבלין שום ועשבי תיבול,INA PAARMANS,ZA,תבלין שום ועשבי תיבו,מיליליטרים,200.00,"100 מ""ל",false,,22.90,0.1145,true,1,68131
6003770002414,false,רוטב נאנדוס פרי פרי לימון 250 גרם,NANDOS,,רוטב פרי פרי לימון ו,גרמים,250.00,100 גרם,false,,22.90,0.0916,true,1,89565
6006507004774,false,CAPE HERBS מטחנה פלפל שחור,cape herb and spices,ZA,מטחנה פלפל שחור 185,גרמים,185.00,100 גרם,false,,22.90,0.1238,true,1,164006
6006507005016,false,טקסס סטייקי 100 גרם CAPE HERBS,cape herb and spices,ZA,CAPE HERBS טקסס סטיי,גרמים,100.00,100 גרם,false,,19.90,0.1990,true,1,101229
6006507005764,false,תערובת אסיאתי כאפ הר,cape herb and spices,ZA,תבלין אסייתי 100 גר',גרמים,100.00,100 גרם,false,,19.90,0.1990,true,1,119806
6006507005788,false,תערובת מסלה כאפ הרבס,cape herb and spices,ZA,גראם מסאלה תיבול,גרמים,100.00,100 גרם,false,,19.90,0.1990,true,1,101945
6006507007454,false,"CAPE HERBS לימון עשבי תיבול 100ג""ר(פח)",cape herb and spices,ZA,לימון עשבי תיבול 100,גרמים,100.00,100 גרם,false,,21.00,0.2100,true,1,118940
6006507007805,false,CAPE HERBS תבלינים לברביקיו מעושן,cape herb and spices,ZA,תבלינים לברביקיו מעו,גרמים,100.00,100 גרם,false,,21.90,0.2190,true,1,118941
6008165003984,false,סיגריות פאל מאל כחול סטרים פילט בודד,אמריקן גרדן,,פאל מאל כחול סטרים ח,יחידה,0.00,יחידה,false,,29.50,0.0000,false,1,62926
6008165274629,false,פאל מאל כחול ארוך סטרים פילטר חפיסה,יושלם,,פאל מאל כחול ארוך סט,יחידה,0.00,יחידה,false,,29.50,0.0000,false,1,92151
6009188004828,false,קיט קט צ'אנקי לבן 40ג,נסטלה,DE,קיט קט צ'אנקי לבן,גרמים,40.00,100 גרם,false,,3.70,0.0925,true,1,168047
6009678813985,false,קייפ פודס מטחנת מלח הימלאיה ורוד 390 גרם,,ZA,מלח הימלאי גס מטחנה,גרמים,390.00,100 גרם,false,,16.90,0.0433,true,1,106573
6009893614206,false,"יין קייפ גואל גוורצטרמינר ריזרב 750 מ""ל",קייפ ג'ואל,ZA,קייפ ג'ואל גוורצטרמי,מיליליטרים,750.00,"100 מ""ל",false,,39.90,0.0532,true,1,120162
6009900532684,false,"יין קייפ גואל שרדונה ריזרב 750 מ""ל",קייפ ג'ואל,ZA,קייפ ג'ואל שרדונה רי,מיליליטרים,750.00,"100 מ""ל",false,,39.90,0.0532,true,1,120163
6009900532745,false,"יין קייפ גואל מרלו ריזרב 750 מ""ל",קייפ ג'ואל,ZA,יין קייפ ג'ואל רזרב,מיליליטרים,750.00,"100 מ""ל",false,,36.90,0.0492,true,1,123860
6009900532752,false,"יין קייפ גואל שיראז ריזרב 750 מ""ל",קייפ ג'ואל,ZA,קייפ ג'ואל רזרב שירז,מיליליטרים,750.00,"100 מ""ל",false,,36.90,0.0492,true,1,167897
6009900532769,false,"יין קייפ גואל רוזה ריזרב 750 מ""ל",קייפ ג'ואל,ZA,קייפ ג'ואל רוזה ריזר,מיליליטרים,750.00,"100 מ""ל",false,,39.90,0.0532,true,1,120164
6009900532783,false,"יין גואל קברנה סוביניון ריזרב 750 מ""ל",קייפ ג'ואל,ZA,קייפ ג'ואל קברנה סוב,מיליליטרים,750.00,"100 מ""ל",false,,39.90,0.0532,true,1,120166
6009900532790,false,יין קייפ גואל פינוטאז ריזרב 750 מ,קייפ ג'ואל,ZA,קיים ג'ואל פינוטאז',מיליליטרים,750.00,"100 מ""ל",false,,39.90,0.0532,true,1,120167
6086142557408,false,שעועית הילדה אורגנית,,,שעועית ירוקה הילדה,גרמים,200.00,100 גרם,false,,14.90,0.0745,true,1,168895
6102017501939,false,מצית גז להבה ארוך 26,,,מצית להבה,יחידה,0.00,יחידה,false,,9.90,0.0000,true,1,106916
6111094000259,false,קוסקוס דארי בינוני 500ג'18X,דארי Dari,MA,דארי קוסקוס בינוני 5,גרמים,500.00,100 גרם,false,,9.20,0.0184,true,1,57216
6111094000808,false,"קוסקוס דארי בינוני תומר 1 ק""ג + 10% תוספת",דרי קוספט,MA,קוסקוס דארי ביינוני,קילוגרמים,1.00,"ק""ג",false,,16.90,16.9000,true,1,61085
6191546003823,false,אריסה טוניסאית,,,אריסה טוניסאית,גרמים,190.00,100 גרם,false,,16.90,0.0889,true,1,113696
6253016281428,false,"אלכוהול 100 מ""ל",,,"אלכוהול 100 מ""ל",מיליליטרים,100.00,"100 מ""ל",false,,6.50,0.0650,true,1,116785
6253017300012,false,טחינה קראוון המקורית,אחדות ביחר לטחינה ח,IL,טחינה קראוון 450 גר',גרמים,450.00,100 גרם,false,,14.90,0.0331,true,1,35056
6253017300029,false,טחינה גולמית קרוואן,קרואן Karawan,,טחינה היונה 950 גר',גרמים,950.00,100 גרם,false,,29.90,0.0315,true,1,90752
6253017300272,false,טחינה מלאה קרואן יונ,,,טחינה מלאה קרואן יונ,גרמים,500.00,100 גרם,false,,13.90,0.0278,true,1,166322
6281001510390,false,מברשת שיניים לילדים אקסטרא סופט לגילאי 0-2,קולגייט Colgate,CN,מברשת שיניים קולגייט,יחידה,0.00,יחידה,false,,9.90,0.0000,true,1,8390
6901022100409,false,ממרח גינגר כתוש טרי,,CN,ממרח ג'ינג'ר טרי כתו,גרמים,100.00,100 גרם,false,,6.90,0.0690,true,1,168733
6901022100416,false,ממרח שום כתוש טרי לי,,CN,ממרח שום טרי כתוש לח,גרמים,100.00,100 גרם,false,,6.90,0.0690,true,1,168734
6910191800287,false,אצות נורי בלו 10 דף (ננגטונג),ננטונג היידה אקווטוק,CN,אצות נורי לסושי 10 ד,גרמים,25.00,100 גרם,false,,12.90,0.5160,true,1,96567
6920036686235,false,אטריות סומן כתום 400,הנגזהו,,"מקלוני היטה ""סומן""",גרמים,400.00,100 גרם,false,,5.90,0.0148,true,1,64481
6924977250401,false,גרביים לגבר,,,גרביים לגבר,יחידה,0.00,יחידה,false,,8.90,0.0000,true,1,68062
6924977258544,false,גרביי גברים שלישיה,,,גרביי גברים שלישיה,יחידה,0.00,יחידה,false,,14.50,0.0000,true,1,56223
6927072155237,false,תרבד נירוסטה מיני,,,תרבד נירוסטה מיני,יחידה,0.00,יחידה,false,,14.90,0.0000,true,1,104908
6930660908887,false,מברשת אינטרדנטלית 8 יח ',,,מברשת אינטרדנטלית,יחידה,0.00,יחידה,false,,15.90,0.0000,true,1,114988
6936745600462,false,רוטב מירין לתיבול מז,דאנינג יוה פודס קו,CN,רוטב מירין לתיבול,מיליליטרים,500.00,"100 מ""ל",false,,21.90,0.0438,true,1,57689
6936745600783,false,"חומץ אורז 500 מ""ל (דאניינג)",דאנינג יוה פודס קו,CN,"חומץ אורז ""מזרח ומער",מיליליטרים,500.00,"100 מ""ל",false,,19.90,0.0398,true,1,59537
6950496900350,false,"חול קריסטל 3.6 ק""ג",,,"חול קריסטל 3.6 ק""ג",קילוגרמים,3.60,"ק""ג",false,,39.90,11.0833,true,1,166915
6974640730167,false,פטריות שיטאקי 100 גרם,ZHEJIANG FOREST INDU,CN,פטריות שיטאקה 100 גר,גרמים,100.00,100 גרם,false,,19.90,0.1990,true,1,167481
7038513866311,false,גורדן מברשת ילדים T51 סופט סטפ בי סטפ,ג'ורדן Jordan,MY,ג'ורדן מברשת לילדים,יחידה,0.00,יחידה,false,,12.90,0.0000,true,1,107241
7038516140357,false,ג'ורדן מברשת טוטאל קלין סופט רביעייה,מיוצר במלזיה עבור ג',NO,ג'ורדן מברשת שיניים,יחידה,0.00,יחידה,false,,14.90,0.0000,true,1,64173
7046110075562,false,גורדן משחת שיניים לשיניים קבועות 50 מל,דנטלון,SE,ג'ורדן משחת שיניים ל,יחידה,0.00,יחידה,false,,11.90,0.0000,true,1,114994
7120200609490,false,חבילת שיפוד במבוק,,,חבילת שיפוד במבוק,יחידה,0.00,יחידה,false,,4.90,0.0000,true,1,166389
7271730901261,false,ווקי מאק ארוחת אטריות עם גבינה 156 גרם,ניו וורלד פסטה קומפנ,US,פסטה גבינה וואקי מאק,גרמים,156.00,100 גרם,false,,10.90,0.0699,true,1,59018
7290000000001,false,עגבניות,,,עגבניות,קילוגרמים,1.00,"ק""ג",true,,8.90,8.9000,false,1,16649
7290000000002,false,לחם אחיד כהה 750 גרם,אנג'ל,IL,מלפפון,קילוגרמים,1.00,"ק""ג",true,,6.90,6.9000,false,1,16650
7290000000003,false,"תפו""א לבן ארוז",,,גזר,קילוגרמים,1.00,"ק""ג",true,,3.90,3.9000,true,1,16651
7290000000004,false,לחמניית אצבע עם נקני,,,חצילים,קילוגרמים,1.00,"ק""ג",true,,5.90,5.9000,true,1,16652
7290000000005,false,פלפל נהריה,,IL,פלפל נהריה,קילוגרמים,1.00,"ק""ג",true,,7.90,7.9000,true,1,16077
7290000000006,false,פלפל ירוק,,,פלפל ירוק,קילוגרמים,1.00,"ק""ג",true,,7.90,7.9000,true,1,16653
7290000000007,false,פלפל אדום,,,פלפל אדום,קילוגרמים,1.00,"ק""ג",true,,8.90,8.9000,true,1,16078
7290000000008,false,כרוב אדום,,,כרוב אדום,קילוגרמים,1.00,"ק""ג",true,,4.90,4.9000,true,1,16654
7290000000009,false,כרוב ירוק,,,כרוב ירוק,קילוגרמים,1.00,"ק""ג",true,,3.90,3.9000,true,1,16655
7290000000010,false,שום ארוז,,,כרובית,קילוגרמים,1.00,"ק""ג",true,,9.90,9.9000,true,1,16656
7290000000011,false,פלפל חריף,,,קישואים,קילוגרמים,1.00,"ק""ג",true,,8.90,8.9000,true,1,16657
7290000000012,false,פלפל אדום,,,סלק,קילוגרמים,1.00,"ק""ג",true,,5.90,5.9000,true,1,16658
7290000000013,false,פלפל ירוק,,,צנון,קילוגרמים,1.00,"ק""ג",true,,7.90,7.9000,true,1,16659
7290000000014,false,שעועית ירוקה,,,שעועית ירוקה,קילוגרמים,1.00,"ק""ג",true,,23.90,23.9000,true,1,16660
7290000000016,false,תפוחי אדמה לבן,,,תפוחי אדמה לבן,קילוגרמים,1.00,"ק""ג",true,,5.90,5.9000,true,1,16662
7290000000017,false,סלרי עלים,,,בצל יבש,קילוגרמים,1.00,"ק""ג",true,,5.90,5.9000,true,1,16663
7290000000018,false,שום יבש תפזורת,,,שום יבש תפזורת,קילוגרמים,1.00,"ק""ג",true,,19.90,19.9000,true,1,16664
7290000000019,false,חציל חממה,ריץ',,דלורית,קילוגרמים,1.00,"ק""ג",true,,6.90,6.9000,true,1,16665
7290000000021,false,פטרוזיליה,,,פלפל חריף,קילוגרמים,1.00,"ק""ג",true,,6.90,6.9000,true,1,16667
7290000000022,false,סלרי עלים,,,סלרי עלים,יחידה,0.00,יחידה,false,,4.90,0.0000,true,1,16668
7290000000023,false,כוסברה יח',,,אבוקדו,קילוגרמים,1.00,"ק""ג",true,,11.90,11.9000,true,1,16669
7290000000024,false,תירס מקולף,,,תירס מקולף,קילוגרמים,1.00,"ק""ג",true,,11.90,11.9000,true,1,16670
7290000000025,false,ענב שחור עם גרעינים,,,קישואים עגולים,קילוגרמים,1.00,"ק""ג",true,,11.90,11.9000,true,1,16671
7290000000026,false,חסה עגולה,,,אפרסמון,קילוגרמים,1.00,"ק""ג",true,,14.90,14.9000,true,1,16672
7290000000027,false,פומלה,,,דלעת,קילוגרמים,1.00,"ק""ג",true,,8.90,8.9000,true,1,16673
7290000000029,false,ענבים שחורים גדו,,,ענבים שחורים גדו,קילוגרמים,1.00,"ק""ג",true,,19.90,19.9000,true,1,16675
7290000000030,false,תפוח גרנד,,,ליצ'י,יחידה,0.00,יחידה,false,,14.90,0.0000,true,1,16676
7290000000031,false,תפוח זהוב,,,בצל ירוק,יחידה,0.00,יחידה,false,,4.90,0.0000,true,1,16677
7290000000032,false,בטטה ירושלמית,,,בטטה ירושלמית,קילוגרמים,1.00,"ק""ג",true,,16.90,16.9000,true,1,16678
7290000000033,false,תפוח אדמה גורמה,,,תפוח אדמה גורמה,קילוגרמים,1.00,"ק""ג",true,,7.90,7.9000,true,1,16679
7290000000034,false,חסה ערבית,,,חסה ערבית,יחידה,0.00,יחידה,false,,5.90,0.0000,true,1,16680
7290000000035,false,צנון בלדי,,,חסה עגולה,יחידה,0.00,יחידה,false,,5.90,0.0000,true,1,16681
7290000000036,false,כרוב סיני,,,כרוב סיני,יחידה,0.00,יחידה,false,,7.90,0.0000,true,1,16682
7290000000037,false,"תפו""א ירושלמי",,,אבטיח מיני,קילוגרמים,1.00,"ק""ג",true,,8.90,8.9000,true,1,16683
7290000000038,false,ברוקולי מגש,,,ברוקולי מגש,יחידה,0.00,יחידה,false,,11.90,0.0000,true,1,11145
7290000000041,false,סלק אדום,,,בטטה,קילוגרמים,1.00,"ק""ג",true,,8.90,8.9000,true,1,16684
7290000000042,false,קישואים חממה,,,חזרת שורש,קילוגרמים,1.00,"ק""ג",true,,39.90,39.9000,true,1,16685
7290000000045,false,תפוח אדמה אדום,,,תפוח אדמה אדום,קילוגרמים,1.00,"ק""ג",true,,6.90,6.9000,true,1,16687
7290000000047,false,חבילת נענע טריה,,,חבילת נענע טריה,יחידה,0.00,יחידה,false,,4.90,0.0000,true,1,16689
7290000000048,false,נענע,,,תרד,יחידה,0.00,יחידה,false,,9.90,0.0000,true,1,11149
7290000000049,false,כרישה (לוף פראסה),,,כרישה (לוף פראסה),קילוגרמים,1.00,"ק""ג",true,,17.90,17.9000,true,1,16690
7290000000050,false,שרי תמר,,,צנונית,יחידה,0.00,יחידה,false,,5.90,0.0000,true,1,16691
7290000000051,false,פלפל צהוב,,,פלפל צהוב,קילוגרמים,1.00,"ק""ג",true,,8.90,8.9000,true,1,16692
7290000000052,false,עגבניות שרי,,,עגבניות שרי,קילוגרמים,1.00,"ק""ג",true,,22.90,22.9000,true,1,11150
7290000000053,false,שזיף אירופי,,,אגס תפוח,קילוגרמים,1.00,"ק""ג",true,,11.90,11.9000,true,1,30066
7290000000054,false,פלפל כתום,,,פלפל כתום,קילוגרמים,1.00,"ק""ג",true,,8.90,8.9000,true,1,16694
7290000000055,false,סלק עלים,,,סלק עלים,יחידה,0.00,יחידה,false,,4.90,0.0000,true,1,16695
7290000000057,false,פלפל צהוב,,,אפרסק,קילוגרמים,1.00,"ק""ג",true,,9.90,9.9000,true,1,16697
7290000000059,false,שעועית ירוקה,,,ברוקולי משקל,קילוגרמים,1.00,"ק""ג",true,,19.90,19.9000,true,1,16699
7290000000060,false,תבלין טרי,,,תבלין טרי,יחידה,0.00,יחידה,false,,4.90,0.0000,true,1,11151
7290000000062,false,"תפו""א אדום ארוז",,,בצל אדום,קילוגרמים,1.00,"ק""ג",true,,4.90,4.9000,true,1,16701
7290000000063,false,קלמנטינה,,,קולורבי,קילוגרמים,1.00,"ק""ג",true,,7.90,7.9000,true,1,16702
7290000000064,false,לימון,,,לימון,קילוגרמים,1.00,"ק""ג",true,,7.90,7.9000,true,1,16703
7290000000065,false,אשכולית אדומה,,,אשכולית אדומה,קילוגרמים,1.00,"ק""ג",true,,6.90,6.9000,true,1,16704
7290000000066,false,שזיף אדום,,,שזיף אדום,קילוגרמים,1.00,"ק""ג",true,,15.90,15.9000,true,1,16705
7290000000067,false,ארטישוק ירושלמי,,,צנונית עלים,יחידה,0.00,יחידה,false,,5.90,0.0000,true,1,16706
7290000000068,false,רימון טרי,,,רימון טרי,קילוגרמים,1.00,"ק""ג",true,,8.90,8.9000,true,1,16707
7290000000069,false,ענבים ירוקים,,,ענבים ירוקים,קילוגרמים,1.00,"ק""ג",true,,24.90,24.9000,true,1,16708
7290000000070,false,פלפל שושקה ירוק/ אדו,,,פלפל שושקה ירוק/ אדו,קילוגרמים,1.00,"ק""ג",true,,17.90,17.9000,true,1,16709
7290000000071,false,אבטיח,,,אבטיח,קילוגרמים,1.00,"ק""ג",true,,7.50,7.5000,true,1,16710
7290000000072,false,תפוח עץ סטרקינג(חרמו,,,תפוח עץ סטרקינג(חרמו,קילוגרמים,1.00,"ק""ג",true,,9.90,9.9000,true,1,16711
7290000000073,false,סברס,,,סברס,קילוגרמים,1.00,"ק""ג",true,,39.90,39.9000,true,1,16712
7290000000075,false,תפוח עץ זהוב,,,תפוח עץ זהוב,קילוגרמים,1.00,"ק""ג",true,,9.90,9.9000,true,1,16714
7290000000077,false,משלוח הסתדרות-שליח פ,,,תפוח עץ גרנד (סמית),קילוגרמים,1.00,"ק""ג",true,,9.90,9.9000,true,1,16716
7290000000078,false,קולורבי,,,מלון,קילוגרמים,1.00,"ק""ג",true,,8.90,8.9000,false,1,16717
7290000000079,false,מים 1.5 ליטר קר,,,"תות 1 ק""ג",יחידה,0.00,יחידה,false,,9.90,0.0000,true,1,92448
7290000000080,false,פסיפלורה,,,פסיפלורה,יחידה,0.00,יחידה,false,,26.90,0.0000,true,1,11619
7290000000081,false,אגסים,,,אגסים,קילוגרמים,1.00,"ק""ג",true,,12.90,12.9000,true,1,16719
7290000000084,false,קיוי,,,קיוי,קילוגרמים,1.00,"ק""ג",true,,17.90,17.9000,true,1,16722
7290000000085,false,ענבי טלי,,,שומר,קילוגרמים,1.00,"ק""ג",true,,6.90,6.9000,true,1,16723
7290000000086,false,תירס ארוז,,,ראש סלרי,יחידה,0.00,יחידה,false,,5.90,0.0000,true,1,16724
7290000000087,false,אשכוליות,,,אשכוליות,קילוגרמים,1.00,"ק""ג",true,,6.90,6.9000,true,1,16725
7290000000088,false,תפוזים,,,תפוזים,קילוגרמים,1.00,"ק""ג",true,,5.90,5.9000,true,1,16726
7290000000089,false,סברס,,,בננה,קילוגרמים,1.00,"ק""ג",true,,5.90,5.9000,true,1,16727
7290000000091,false,שורש פטרוזיליה,,,לפת,קילוגרמים,1.00,"ק""ג",true,,7.90,7.9000,true,1,16729
7290000000092,false,פומלה לבנה,,,פומלה לבנה,קילוגרמים,1.00,"ק""ג",true,,6.90,6.9000,true,1,16730
7290000000093,false,משלוח קו קופה טלפוני,,,ענבים שחורים קטן,קילוגרמים,1.00,"ק""ג",true,,19.90,19.9000,true,1,16731
7290000000096,false,משלוח תוספת ארגז אקס,,,מנגו,קילוגרמים,1.00,"ק""ג",true,,14.90,14.9000,true,1,16734
7290000000097,false,צנונית ארוזה 400 גרם,,,חבושים,קילוגרמים,1.00,"ק""ג",true,,14.90,14.9000,true,1,16735
7290000000098,false,קרמבולה,,,מנגו,קילוגרמים,1.00,"ק""ג",true,,14.90,14.9000,true,1,16736
7290000000099,false,שורש פטרוזיליה,,,שורש פטרוזיליה,יחידה,0.00,יחידה,false,,5.90,0.0000,true,1,16737
7290000000100,false,אבוקדו האס,,,ירק,יחידה,0.00,יחידה,false,,3.90,0.0000,true,1,16738
7290000000106,false,אנונה,,,אנונה,קילוגרמים,1.00,"ק""ג",true,,19.90,19.9000,true,1,16741
7290000000107,false,גזר תפזורת,,,גזר תפזורת,קילוגרמים,1.00,"ק""ג",true,,4.90,4.9000,true,1,16742
7290000000108,false,קישואים זוקיני,,,קישואים זוקיני,קילוגרמים,1.00,"ק""ג",true,,11.90,11.9000,true,1,11153
7290000000109,false,תותים,,,תותים,גרמים,500.00,100 גרם,false,,19.90,0.0398,true,1,11057
7290000000110,false,קלמנטינה,,,קלמנטינה,קילוגרמים,1.00,"ק""ג",true,,5.90,5.9000,true,1,16743
7290000000111,false,בטטה סגולה,,,בטטה סגולה,קילוגרמים,1.00,"ק""ג",true,,17.90,17.9000,true,1,42224
7290000000112,false,ברוקומיני,,,ארטישוק,קילוגרמים,1.00,"ק""ג",true,,22.90,22.9000,true,1,16744
7290000000114,false,פפיה טרי,,,פפיה טרי,קילוגרמים,1.00,"ק""ג",true,,19.90,19.9000,true,1,16745
7290000000115,false,סנדוויץ,,,סנדוויץ,יחידה,0.00,יחידה,false,,3.00,0.0000,false,1,91050
7290000000117,false,עגבניות שרי תמר,,,עגבניות שרי תמר,קילוגרמים,1.00,"ק""ג",true,,23.90,23.9000,true,1,11154
7290000000122,false,תפוח עץ פינק בראשית,,,תפוח עץ פינק בראשית,קילוגרמים,1.00,"ק""ג",true,,13.90,13.9000,true,1,16645
7290000000124,false,לימון ליים,,,לימון ליים,קילוגרמים,1.00,"ק""ג",true,,9.90,9.9000,true,1,92432
7290000000126,false,תפוזים ברשת,,,תפוזים ברשת,קילוגרמים,1.00,"ק""ג",true,,3.90,3.9000,true,1,16747
7290000000127,false,"קמח אחיד שטיבל 25 ק""",,,ג'ינג'ר טרי במשקל,קילוגרמים,1.00,"ק""ג",true,,29.90,29.9000,true,1,11157
7290000000130,false,"תפ""א אדום תפזורת",,,"תפ""א אדום תפזורת",קילוגרמים,1.00,"ק""ג",true,,5.90,5.9000,true,1,11160
7290000000132,false,תפוחי אדמה לבן תפזור,,,תפוחי אדמה לבן תפזור,קילוגרמים,1.00,"ק""ג",true,,4.90,4.9000,true,1,5503
7290000000133,false,חסה סלנובה,,,חסה סלנובה,יחידה,0.00,יחידה,false,,9.90,0.0000,true,1,7653
7290000000136,false,אפונה,,,אפונה,קילוגרמים,1.00,"ק""ג",true,,19.90,19.9000,true,1,38859
7290000000138,false,גויאבה,,,גויאבה,קילוגרמים,1.00,"ק""ג",true,,12.90,12.9000,true,1,16748
7290000000145,false,דלעת ערמונים,,,דלעת ערמונים,קילוגרמים,1.00,"ק""ג",true,,14.90,14.9000,true,1,34172
7290000000147,false,פטריות שמפיניון במשק,,,פטריות שמפיניון במשק,קילוגרמים,1.00,"ק""ג",true,,34.90,34.9000,true,1,11168
7290000000155,false,פטריות חורש במשקל,,,פטריות חורש במשקל,קילוגרמים,1.00,"ק""ג",true,,34.90,34.9000,true,1,11170
7290000000157,false,שום טרי עלים חתוך,,,שום טרי עלים חתוך,קילוגרמים,1.00,"ק""ג",true,,19.90,19.9000,true,1,16476
7290000000161,false,חציל בלאדי,,,חציל בלאדי,קילוגרמים,1.00,"ק""ג",true,,7.90,7.9000,true,1,54285
7290000000165,false,אננס,,,אננס,יחידה,0.00,יחידה,false,,29.90,0.0000,true,1,11172
7290000000167,false,שרי מנומר/צהוב,,,שרי מנומר/צהוב,קילוגרמים,1.00,"ק""ג",true,,23.90,23.9000,true,1,22862
7290000000168,false,קרמבולה,,,קרמבולה,קילוגרמים,1.00,"ק""ג",true,,34.90,34.9000,true,1,16749
7290000000169,false,עגבניות תמר,,,עגבניות תמר,קילוגרמים,1.00,"ק""ג",true,,8.90,8.9000,false,1,16750
7290000000172,false,קוקטייל צמחי בית קער,,,קוקטייל צמחי בית קער,יחידה,0.00,יחידה,false,,34.90,0.0000,true,1,88792
7290000000183,false,פטאיה,,,פטאיה,קילוגרמים,1.00,"ק""ג",true,,34.90,34.9000,true,1,56736
7290000000184,false,עגבניות מגי,,,עגבניות מגי,קילוגרמים,1.00,"ק""ג",true,,17.90,17.9000,true,1,94390
7290000000189,false,תפוח עץ גלה רויאל,,,תפוח עץ גלה רויאל,קילוגרמים,1.00,"ק""ג",true,,9.90,9.9000,true,1,25106
7290000000195,false,תפוז דם,,,תפוז דם,קילוגרמים,1.00,"ק""ג",true,,5.90,5.9000,true,1,93577
7290000000214,false,סחלב פלנופסיס 2 ענפי,,,סחלב 115,יחידה,0.00,יחידה,false,,115.00,0.0000,true,1,55982
7290000000218,false,שקית אריזה בקופות,,,שקית אריזה בקופות,יחידה,0.00,יחידה,false,,0.10,0.0000,false,1,98244
7290000000220,false,שתיה קרה 5 1 ל'.,,,שתיה קרה 5 1 ל'.,יחידה,0.00,יחידה,false,,12.00,0.0000,false,1,5506
7290000000221,false,מים קרים 5 1 ל'.,,,מים קרים 5 1 ל'.,יחידה,0.00,יחידה,false,,8.00,0.0000,true,1,103688
7290000000222,false,"זנגביל-ג""ינג""ר",,,מים קרים 2 1 ל'/,יחידה,0.00,יחידה,false,,5.00,0.0000,false,1,103689
7290000000229,false,בצל אדום יבש,,,חרשוף,קילוגרמים,1.00,"ק""ג",true,,5.90,5.9000,true,1,104995
7290000000315,false,לחמניה קטנה,דגנית עין בר,,לחמניה קטנה,גרמים,75.00,100 גרם,false,,1.50,0.0200,false,1,11386
7290000000316,false,לחמניה גדולה,,,לחמניה גדולה,יחידה,0.00,יחידה,false,,2.70,0.0000,false,1,15101
7290000000318,false,חלה רגילה,מאפיית דוידוביץ ובני,,חלה רגילה,יחידה,0.00,יחידה,false,,5.90,0.0000,false,1,15102
7290000000321,false,זר מיוחד גדול,,,זר מיוחד גדול,יחידה,0.00,יחידה,false,,60.00,0.0000,true,1,57265
7290000000330,false,פרימולה עציץ 10.5,,,פרימולה עציץ 10.5,יחידה,0.00,יחידה,false,,10.90,0.0000,true,1,56142
7290000000350,false,סלט כבד קצוץ בשרי,,,סלט כבד קצוץ בשרי,קילוגרמים,1.00,"ק""ג",true,,99.90,99.9000,true,1,15277
7290000000381,false,סלט מלפפונים,יד המלך,,סלט מלפפונים,קילוגרמים,1.00,"ק""ג",true,,39.90,39.9000,true,1,23805
7290000000400,false,דמי משלוח אור עקיבא,,,דמי משלוח אור עקיבא,יחידה,0.00,יחידה,false,,40.00,0.0000,true,1,52199
7290000000411,false,מארז שום רביעייה,אראל תוצרת חקלאית בע,IL,מארז שום רביעייה,יחידה,0.00,יחידה,false,,4.00,0.0000,true,1,61849
7290000000440,false,בק' ריק,,,בק ריק,יחידה,0.00,יחידה,false,,1.20,0.0000,false,1,20718
7290000000471,false,חבילת שיבה טרייה,,,חבילת שיבה טרייה,יחידה,0.00,יחידה,false,,4.90,0.0000,true,1,114967
7290000000500,false,זר פרחים,,,זר פרחים,יחידה,0.00,יחידה,false,,25.00,0.0000,true,1,14867
7290000000511,false,זר פרחים,,,פרחים 50,יחידה,0.00,יחידה,false,,50.00,0.0000,true,1,109280
7290000000514,false,קרטון טרופית הכוכב (,,,קרטון טרופית הכוכב (,ליטרים,10.00,ליטר,false,,39.90,3.9900,false,1,17917
7290000000552,false,תפוז טרי סחוט,,,זר פרחים,יחידה,0.00,יחידה,false,,70.00,0.0000,true,1,109281
7290000000555,false,זר כפרי,,,זר כפרי,יחידה,0.00,יחידה,false,,35.00,0.0000,true,1,39451
7290000000558,false,כוסברה ארוז,יד המלך,,סלט טורקי,קילוגרמים,1.00,"ק""ג",true,,56.90,56.9000,true,1,22009
7290000000573,false,זר פרחים 30,,,זר פרחים 30,יחידה,0.00,יחידה,false,,30.00,0.0000,true,1,35975
7290000000590,false,זר פרחים גדול,,,זר פרחים 40,יחידה,0.00,יחידה,false,,40.00,0.0000,true,1,38370
7290000000600,false,דמי משלוח,,,דמי משלוח,יחידה,0.00,יחידה,false,,30.00,0.0000,false,1,14597
7290000000608,false,פחית שתיה קרה,קוקה קולה,,פחית שתיה קרה,יחידה,0.00,יחידה,false,,9.00,0.0000,true,1,56846
7290000000609,false,בק' שתיה קרה 0.5ל,קוקה קולה,,בק' שתיה קרה 0.5ל,יחידה,0.00,יחידה,false,,10.00,0.0000,true,1,106339
7290000000640,false,סל פוליצר,,,סל פוליצר,יחידה,0.00,יחידה,false,,3.90,0.0000,false,1,33363
7290000000697,false,תיק יוטה פוליצר,,,תיק יוטה פוליצר,יחידה,0.00,יחידה,false,,13.90,0.0000,true,1,100093
7290000000700,false,הכנת הזמנה ללא משלוח,,,הכנת הזמנה ללא משלוח,יחידה,0.00,יחידה,false,,20.00,0.0000,false,1,35279
7290000000920,false,בוטנים גדולים במשקל,,,בוטנים גדולים במשקל,קילוגרמים,1.00,"ק""ג",true,,33.90,33.9000,true,1,44893
7290000001029,false,פלפל צילי,,,פסטה,קילוגרמים,1.00,"ק""ג",true,,39.00,39.0000,false,1,15262
7290000001140,false,מיכל 1 ליטר,,,מיכל 1 ליטר,יחידה,0.00,יחידה,false,,2.00,0.0000,true,1,13702
7290000001141,false,מיכל 2 ליטר,,,מיכל 2 ליטר,יחידה,0.00,יחידה,false,,2.50,0.0000,true,1,62992
7290000001168,false,קרש חיתוך עץ אורך 50,,,קרש חיתוך עץ אורך 50,יחידה,0.00,יחידה,false,,195.00,0.0000,true,1,116646
7290000001272,false,ירכיים עוף טרי תפזור,,,ירכיים עוף טרי תפזור,קילוגרמים,1.00,"ק""ג",true,,26.90,26.9000,false,1,9465
7290000001289,false,שוקיים עוף טרי,,,שוקיים עוף טרי,קילוגרמים,1.00,"ק""ג",true,,28.90,28.9000,false,1,9466
7290000001319,false,דג במיונז,,,דג במיונז,קילוגרמים,1.00,"ק""ג",true,,69.90,69.9000,true,1,34004
7290000001364,false,דג לוקוס טרי,,,דג לוקוס טרי,קילוגרמים,1.00,"ק""ג",true,,149.90,149.9000,false,1,40297
7290000001388,false,חזה עוף גוש,,,חזה עוף גוש,קילוגרמים,1.00,"ק""ג",true,,31.90,31.9000,false,1,9468
7290000001395,false,ראש דג סלמון,,,ראש דג סלמון,קילוגרמים,1.00,"ק""ג",true,,15.00,15.0000,true,1,108685
7290000001470,false,סלמון טרי שלם,,,סלמון טרי שלם,קילוגרמים,1.00,"ק""ג",true,,75.00,75.0000,false,1,52027
7290000001548,false,שיפודי פרגיות,,,שיפודי פרגיות,קילוגרמים,1.00,"ק""ג",true,,74.90,74.9000,false,1,58453
7290000001555,false,עוף ללא עצמות,,,עוף ללא עצמות,קילוגרמים,1.00,"ק""ג",true,,25.90,25.9000,false,1,27289
7290000001562,false,סלמון פילה טרי,MF-מאסטרפוד,,סלמון פילה טרי,קילוגרמים,1.00,"ק""ג",true,,105.00,105.0000,false,1,101220
7290000001722,false,ג'ינג'ר דל סוכר תפזו,,,ג'ינג'ר דל סוכר תפזו,קילוגרמים,1.00,"ק""ג",true,,48.00,48.0000,true,1,28000
7290000001746,false,פומלית,,,פומלית,קילוגרמים,1.00,"ק""ג",true,,7.90,7.9000,true,1,21408
7290000001753,false,עוף טרי שלם,,,עוף טרי שלם,קילוגרמים,1.00,"ק""ג",true,,17.90,17.9000,false,1,59564
7290000001784,false,סלמון הילטון,,,סלמון הילטון,קילוגרמים,1.00,"ק""ג",true,,210.00,210.0000,true,1,42512
7290000001807,false,דג דניס טרי,,,דג דניס טרי,קילוגרמים,1.00,"ק""ג",true,,59.90,59.9000,false,1,25294
7290000001821,false,דג לברק טרי גדול,,,דג לברק טרי גדול,קילוגרמים,1.00,"ק""ג",true,,89.90,89.9000,true,1,93573
7290000001883,false,מארז 2 חלות בריוש,,,מארז 2 חלות בריוש,יחידה,0.00,יחידה,false,,10.90,0.0000,true,1,168745
7290000001944,false,חמוציות ברכז חתוך,,,חמוציות ברכז חתוך,קילוגרמים,1.00,"ק""ג",true,,56.00,56.0000,true,1,42317
7290000001951,false,כנפיים עוף טריות נקי,,,כנפיים עוף טריות נקי,קילוגרמים,1.00,"ק""ג",true,,12.90,12.9000,false,1,51965
7290000002019,false,4 סופגניות מיני,,,4 סופגניות מיני,יחידה,0.00,יחידה,false,,12.00,0.0000,true,1,163946
7290000002040,false,קוסקוס מבושל,,,קוסקוס מבושל,קילוגרמים,1.00,"ק""ג",true,,29.00,29.0000,false,1,59792
7290000002113,false,תבלינים,,,תבלינים,יחידה,0.00,יחידה,false,,10.00,0.0000,true,1,164240
7290000002125,false,מארז 3 סופגניות גדול,,,מארז 3 סופגניות גדול,יחידה,0.00,יחידה,false,,15.00,0.0000,true,1,164816
7290000002132,false,מארז 2 סופגניות גדול,,,מארז 2 סופגניות גדול,יחידה,0.00,יחידה,false,,10.00,0.0000,true,1,164892
7290000002149,false,מארז 4 סופגניות גדול,,,מארז 4 סופגניות גדול,יחידה,0.00,יחידה,false,,20.00,0.0000,true,1,164893
7290000002156,false,חלה מתוקה עם צימוקים,,,חלה מתוקה עם צימוקים,גרמים,650.00,100 גרם,false,,15.90,0.0245,true,1,168774
7290000002309,false,מארז 4 לחמניות לוסי,,,מארז 4 לחמניות לוסי,יחידה,0.00,יחידה,false,,12.90,0.0000,true,1,168786
7290000003016,false,כרוב / פלפל ממולא,,,כרוב / פלפל ממולא,קילוגרמים,1.00,"ק""ג",true,,54.90,54.9000,false,1,15300
7290000003047,false,"מוסקה / מפרום תפ""א מ",,,"מוסקה / מפרום תפ""א מ",קילוגרמים,1.00,"ק""ג",true,,74.90,74.9000,false,1,15302
7290000003054,false,א. כביסה / טיטולים,,,קציצות ירק,קילוגרמים,1.00,"ק""ג",true,,49.00,49.0000,false,1,15303
7290000003061,false,כרעיים/שוקיים בתנור/,איתנס ייצור עוגות,,כרעיים/שוקיים בתנור/,קילוגרמים,1.00,"ק""ג",true,,59.00,59.0000,false,1,15304
7290000003078,false,עוף מוקפץ בסגנון סינ,,,עוף מוקפץ בסגנון סינ,קילוגרמים,1.00,"ק""ג",true,,59.00,59.0000,false,1,15305
7290000003085,false,אורז עם ירקות,,,אורז עם ירקות,קילוגרמים,1.00,"ק""ג",true,,29.00,29.0000,false,1,15306
7290000003139,false,שוארמה עוף,,,שוארמה עוף,קילוגרמים,1.00,"ק""ג",true,,89.90,89.9000,false,1,109014
7290000003153,false,תפוח אדמה אפוי,,,תפוח אדמה אפוי,קילוגרמים,1.00,"ק""ג",true,,29.00,29.0000,false,1,15312
7290000003160,false,קציצות בקר/עוף,,,קציצות בקר/עוף,קילוגרמים,1.00,"ק""ג",true,,79.00,79.0000,false,1,15313
7290000003177,false,אורז מג'דרה,,,אורז מג'דרה,קילוגרמים,1.00,"ק""ג",true,,34.90,34.9000,false,1,15314
7290000003207,false,מעורב ירושלמי מוכן,,,מעורב ירושלמי מוכן,קילוגרמים,1.00,"ק""ג",true,,79.90,79.9000,false,1,59709
7290000003221,false,"קרפלך תפו""א / בשר",,,"קרפלך תפו""א / בשר",קילוגרמים,1.00,"ק""ג",true,,59.00,59.0000,false,1,15316
7290000003245,false,תוספות ירקות,,,תוספות ירקות,קילוגרמים,1.00,"ק""ג",true,,54.90,54.9000,false,1,15317
7290000003252,false,דג סול/בקלה מטוגן,,,דג סול/בקלה מטוגן,קילוגרמים,1.00,"ק""ג",true,,69.00,69.0000,false,1,15318
7290000003276,false,פילה עוף בגריל,,,פילה עוף בגריל,קילוגרמים,1.00,"ק""ג",true,,79.90,79.9000,false,1,39998
7290000003290,false,תבשיל בקר,,,תבשיל בקר,קילוגרמים,1.00,"ק""ג",true,,89.00,89.0000,false,1,21286
7290000003320,false,קבב,,,קבב,קילוגרמים,1.00,"ק""ג",true,,89.00,89.0000,true,1,114384
7290000003344,false,סטייק פרגית בגריל,,,סטייק פרגית בגריל,קילוגרמים,1.00,"ק""ג",true,,99.00,99.0000,false,1,21291
7290000003399,false,גפילטע פיש,יד המלך,,גפילטע פיש,יחידה,0.00,יחידה,false,,14.90,0.0000,true,1,43027
7290000003436,false,חזרת ביתית,,,חזרת ביתית,קילוגרמים,1.00,"ק""ג",true,,52.90,52.9000,true,1,105246
7290000003504,false,כבד עם בצל מטוגן,,,כבד עם בצל מטוגן,קילוגרמים,1.00,"ק""ג",true,,59.90,59.9000,true,1,151027
7290000003528,false,סלט טונה לבן/ אדום,,,סלט טונה לבן/ אדום,קילוגרמים,1.00,"ק""ג",true,,84.90,84.9000,true,1,99987
7290000003535,false,סלט טבולה,יד המלך,,סלט טבולה,קילוגרמים,1.00,"ק""ג",true,,56.90,56.9000,true,1,59137
7290000003542,false,סלט ביצים,,,סלט ביצים,קילוגרמים,1.00,"ק""ג",true,,76.90,76.9000,true,1,99991
7290000003580,false,בולגרית / פטה קוביות,,,בולגרית / פטה קוביות,קילוגרמים,1.00,"ק""ג",true,,109.90,109.9000,true,1,50711
7290000003597,false,סלט חציל מיונז על הא,יד המלך,,סלט חציל מיונז על הא,קילוגרמים,1.00,"ק""ג",true,,56.90,56.9000,true,1,99990
7290000003603,false,סלט חציל סטייק,יד המלך,,סלט חציל סטייק,קילוגרמים,1.00,"ק""ג",true,,56.90,56.9000,true,1,100056
7290000003610,false,סלט חציל רומני,,,סלט חציל רומני,קילוגרמים,1.00,"ק""ג",true,,56.90,56.9000,true,1,99988
7290000003641,false,סלט מטבוחה ביתי,יד המלך,,סלט מטבוחה ביתי,קילוגרמים,1.00,"ק""ג",true,,56.90,56.9000,true,1,100010
7290000003672,false,צלי בקר מוכן,,,צלי בקר מוכן,קילוגרמים,1.00,"ק""ג",true,,110.00,110.0000,false,1,28862
7290000003696,false,שניצל מטוגן,,,שניצל מטוגן,קילוגרמים,1.00,"ק""ג",true,,75.00,75.0000,false,1,28967
7290000003702,false,"סלט תפ""א רוסי",,,"סלט תפ""א רוסי",קילוגרמים,1.00,"ק""ג",true,,56.90,56.9000,true,1,100334
7290000003764,false,טחינה לבנה,,,טחינה לבנה,קילוגרמים,1.00,"ק""ג",true,,34.90,34.9000,true,1,94937
7290000003801,false,סלט אבוקדו,יד המלך,,סלט אבוקדו,קילוגרמים,1.00,"ק""ג",true,,84.90,84.9000,true,1,100011
7290000003825,false,סלט כרוב סיני,יד המלך,,סלט כרוב סיני,קילוגרמים,1.00,"ק""ג",true,,39.90,39.9000,true,1,100012
7290000003832,false,דג בשמנת/פרובנסל,,,דג בשמנת/פרובנסל,קילוגרמים,1.00,"ק""ג",true,,179.90,179.9000,true,1,106357
7290000003849,false,סלסה,יד המלך,,סלסה,קילוגרמים,1.00,"ק""ג",true,,56.90,56.9000,true,1,100013
7290000003955,false,חציל סביח,,,חציל סביח,קילוגרמים,1.00,"ק""ג",true,,69.90,69.9000,true,1,100016
7290000004204,false,סיגר/פסטל/אגרול מוכן,,,סיגר/פסטל/אגרול מוכן,קילוגרמים,1.00,"ק""ג",true,,69.00,69.0000,false,1,61053
7290000004273,false,כרובית / ברוקולי בצי,,,כרובית / ברוקולי בצי,קילוגרמים,1.00,"ק""ג",true,,69.00,69.0000,false,1,94066
7290000004389,false,דג דניס נקי,,,דג דניס נקי,קילוגרמים,1.00,"ק""ג",true,,65.90,65.9000,true,1,123441
7290000004433,false,לברק טרי,,,לברק טרי,קילוגרמים,1.00,"ק""ג",true,,74.90,74.9000,true,1,92998
7290000004545,false,שתיה קרה בטעמים 1.5,,,נמזיה עציץ 12,יחידה,0.00,יחידה,false,,29.90,0.0000,true,1,103209
7290000004983,false,לאבנה גד 5% במשקל,,,אמנון ענק טרי,קילוגרמים,1.00,"ק""ג",true,,29.90,29.9000,false,1,93004
7290000005003,false,סנדוויץ - טונה / כתף,,,סנדוויץ - טונה / כתף,יחידה,0.00,יחידה,false,,28.00,0.0000,false,1,119234
7290000005010,false,סנדוויץ - פסטרמה,,,סנדוויץ - פסטרמה,יחידה,0.00,יחידה,false,,22.00,0.0000,false,1,119235
7290000005041,false,סנדוויץ - נקניק יבש,,,סנדוויץ - נקניק יבש,יחידה,0.00,יחידה,false,,17.00,0.0000,false,1,119236
7290000005058,false,סנדוויץ - גבינה צהוב,,,סנדוויץ - גבינה צהוב,יחידה,0.00,יחידה,false,,20.00,0.0000,false,1,119237
7290000005081,false,עציץ,,,עציץ,יחידה,0.00,יחידה,false,,15.90,0.0000,true,1,105014
7290000005522,false,סלט חצילים,,,סלט חצילים,קילוגרמים,1.00,"ק""ג",true,,42.90,42.9000,true,1,100019
7290000005539,false,כרוב אדום,צבר,,כרוב אדום,קילוגרמים,1.00,"ק""ג",true,,39.90,39.9000,true,1,100014
7290000005546,false,סחוג אדום/ ירוק,יד המלך,,סחוג אדום/ ירוק,קילוגרמים,1.00,"ק""ג",true,,49.90,49.9000,true,1,100015
7290000005577,false,איקרה לבנה,,,איקרה לבנה,קילוגרמים,1.00,"ק""ג",true,,69.90,69.9000,true,1,26664
7290000005614,false,חומוס מעדניה צבר,צבר,,חומוס מעדניה צבר,קילוגרמים,1.00,"ק""ג",true,,32.00,32.0000,true,1,100089
7290000005638,false,בוטנים קלויים בקליפה,,,סלט תירס,קילוגרמים,1.00,"ק""ג",true,,54.90,54.9000,true,1,167659
7290000005652,false,קציצות ברוטב,,,קציצות ברוטב,קילוגרמים,1.00,"ק""ג",true,,79.00,79.0000,true,1,113467
7290000005676,false,זיתים שחורים במשקל,,,זיתים שחורים במשקל,קילוגרמים,1.00,"ק""ג",true,,49.90,49.9000,true,1,25671
7290000005683,false,זיתים ירוקים במשקל,,,זיתים ירוקים במשקל,קילוגרמים,1.00,"ק""ג",true,,49.90,49.9000,true,1,25678
7290000005706,false,זיתים שחורים טבעי במ,,,זיתים שחורים טבעי במ,קילוגרמים,1.00,"ק""ג",true,,49.90,49.9000,true,1,25672
7290000005708,false,קוקטייל זיתים יווני,,,קוקטייל זיתים במשקל,קילוגרמים,1.00,"ק""ג",true,,49.90,49.9000,true,1,62777
7290000005713,false,זיתים סורים במשקל,,,זיתים סורים במשקל,קילוגרמים,1.00,"ק""ג",true,,49.90,49.9000,true,1,25676
7290000005805,false,חלבה פיסטוק שקדי,אחוה,,חלבה פיסטוק שקדי,קילוגרמים,1.00,"ק""ג",true,,49.90,49.9000,true,1,16521
7290000005812,false,חלבה נוגט ח. נוכרי,השחר העולה,,חלבה נוגט ח. נוכרי,קילוגרמים,1.00,"ק""ג",true,,39.90,39.9000,true,1,19263
7290000005829,false,פילה הרינג אמיתי,,,פילה הרינג אמיתי,יחידה,0.00,יחידה,false,,8.90,0.0000,true,1,26631
7290000005867,false,דג מטיאס,,,דג מטיאס,קילוגרמים,1.00,"ק""ג",true,,59.90,59.9000,true,1,7538
7290000006000,false,מאפים במישקל,,,מאפים במישקל,קילוגרמים,1.00,"ק""ג",true,,48.90,48.9000,true,1,28026
7290000006062,false,כריך רוסטיק,,,כריך רוסטיק,יחידה,0.00,יחידה,false,,5.00,0.0000,true,1,97805
7290000006079,false,חלה כדורים,,,חלה כדורים,יחידה,0.00,יחידה,false,,13.90,0.0000,true,1,76452
7290000006086,false,לחם מחמצת מאפיה,,,לחם מחמצת מאפיה,יחידה,0.00,יחידה,false,,17.90,0.0000,true,1,97806
7290000006185,false,חלה מתוקה / רגילה,,,חלה מתוקה / רגילה,יחידה,0.00,יחידה,false,,12.90,0.0000,true,1,97809
7290000006208,false,לחמניה עגולה,,,לחמניה עגולה,יחידה,0.00,יחידה,false,,4.00,0.0000,true,1,112457
7290000006222,false,בייגלה,,,בייגלה,יחידה,0.00,יחידה,false,,5.00,0.0000,true,1,97810
7290000006246,false,בגט רגיל / כפרי,,,בגט רגיל / כפרי,יחידה,0.00,יחידה,false,,5.90,0.0000,true,1,76008
7290000006253,false,חצי בגט,,,חצי בגט,יחידה,0.00,יחידה,false,,3.50,0.0000,true,1,76009
7290000006260,false,סופגניה מיוחדת / דונ,,,סופגניה מיוחדת / דונ,יחידה,0.00,יחידה,false,,7.90,0.0000,true,1,97812
7290000006406,false,סופגניה רגיל /דונטס,,,סופגניה רגיל /דונטס,יחידה,0.00,יחידה,false,,5.00,0.0000,true,1,97814
7290000006413,false,קוקוס צ'יפס קלוי,,,קוקוס צ'יפס קלוי,קילוגרמים,1.00,"ק""ג",true,,90.00,90.0000,true,1,114915
7290000006512,false,עוגיות קוקיס / אמפנד,,,עוגיות קוקיס / אמפנד,קילוגרמים,1.00,"ק""ג",true,,55.90,55.9000,true,1,97885
7290000006574,false,סופגניה מיני,,,סופגניה מיני,יחידה,0.00,יחידה,false,,2.90,0.0000,true,1,98085
7290000006598,false,לחם מרוקאי / פוקאצ',,,לחם מרוקאי / פוקאצ',יחידה,0.00,יחידה,false,,14.90,0.0000,true,1,98140
7290000006666,false,מארז לחמניות ג'בטה /,,,מארז לחמניות ג'בטה /,יחידה,0.00,יחידה,false,,11.90,0.0000,true,1,103947
7290000006901,false,לחמניית המבורגר רביע,,,לחמניית המבורגר רביע,יחידה,0.00,יחידה,false,,16.90,0.0000,true,1,118351
7290000006949,false,מארז זוג כריך רוסטיק,,,מארז זוג כריך רוסטיק,יחידה,0.00,יחידה,false,,10.00,0.0000,true,1,118809
7290000006994,false,פקאן מסוכר,,,פקאן מסוכר,קילוגרמים,1.00,"ק""ג",true,,100.00,100.0000,true,1,45387
7290000007052,false,זיתים חרוזית במשקל,,,זיתים חרוזית במשקל,קילוגרמים,1.00,"ק""ג",true,,49.90,49.9000,true,1,25675
7290000007090,false,פלפל שיפקה במשקל,,,פלפל שיפקה במשקל,קילוגרמים,1.00,"ק""ג",true,,49.90,49.9000,true,1,25670
7290000007106,false,זיתים שחורים יבשים ב,,,זיתים שחורים יבשים ב,קילוגרמים,1.00,"ק""ג",true,,49.90,49.9000,true,1,25673
7290000007113,false,קראנץ' עוגת ביסקוטי,,,קראנץ' עוגת ביסקוטי,יחידה,0.00,יחידה,false,,44.90,0.0000,true,1,167489
7290000007120,false,זיתים שחורים קלמטה ב,,,זיתים שחורים קלמטה ב,קילוגרמים,1.00,"ק""ג",true,,49.90,49.9000,true,1,25677
7290000007199,false,צימוק אוזבקי,,,צימוק אוזבקי,קילוגרמים,1.00,"ק""ג",true,,60.00,60.0000,true,1,119348
7290000007403,false,חלה קמח- מלא/ שיפון,,,חלה קמח- מלא/ שיפון,יחידה,0.00,יחידה,false,,17.90,0.0000,true,1,107464
7290000007601,false,דג ברמונדי טרי,,,דג ברמונדי טרי,קילוגרמים,1.00,"ק""ג",true,,50.00,50.0000,true,1,109368
7290000007775,false,מצית.,,,מצית.,יחידה,0.00,יחידה,false,,5.00,0.0000,true,1,16887
7290000007778,false,גפרור בודד,,,גפרור בודד,יחידה,0.00,יחידה,false,,0.40,0.0000,true,1,16890
7290000007809,false,מארז זוג פרנה עגולה,,,מארז זוג פרנה עגולה,יחידה,0.00,יחידה,false,,10.00,0.0000,true,1,106999
7290000007922,false,פוקאצ'ה אישית,,,פוקאצ'ה אישית,יחידה,0.00,יחידה,false,,7.90,0.0000,true,1,105831
7290000007977,false,מארז 5 מיני סופגניה,,,מארז 5 מיני סופגניה,יחידה,0.00,יחידה,false,,12.90,0.0000,true,1,118705
7290000008301,false,פיסטוק מקולף,,,פיסטוק מקולף,קילוגרמים,1.00,"ק""ג",true,,130.00,130.0000,true,1,26634
7290000008745,false,פילה מושט ברוטב,,,פילה מושט ברוטב,קילוגרמים,1.00,"ק""ג",true,,69.00,69.0000,true,1,156723
7290000008783,false,קובה מטוגן,,,קובה מטוגן,יחידה,0.00,יחידה,false,,7.90,0.0000,true,1,49494
7290000008912,false,חלה מתוקה קלועה 300,,,חלה מתוקה קלועה 300,יחידה,0.00,יחידה,false,,8.90,0.0000,true,1,118340
7290000008998,false,פילה סלמון ברוטב לימ,,,פילה סלמון ברוטב לימ,קילוגרמים,1.00,"ק""ג",true,,150.00,150.0000,false,1,60145
7290000009032,false,בננה ציפס,,,בננה ציפס,קילוגרמים,1.00,"ק""ג",true,,30.00,30.0000,true,1,13384
7290000009056,false,גבינה מגורדת במש,תנובה חלב,,גבינה מגורדת במש,קילוגרמים,1.00,"ק""ג",true,,52.90,52.9000,true,1,26665
7290000009070,false,חמוציות שלמות מיובשו,,,חמוציות שלמות מיובשו,קילוגרמים,1.00,"ק""ג",true,,72.00,72.0000,true,1,33884
7290000009100,false,עוגת פס קרה,,,עוגת פס קרה,יחידה,0.00,יחידה,false,,39.90,0.0000,true,1,101702
7290000009254,false,מישמש יבש,,,מישמש יבש,קילוגרמים,1.00,"ק""ג",true,,64.00,64.0000,true,1,13385
7290000009278,false,תפוחי עץ מיובש,,,תפוחי עץ מיובש,קילוגרמים,1.00,"ק""ג",true,,59.90,59.9000,true,1,13387
7290000009285,false,אגוז מלך ללא קליפה,,,אגוז מלך ללא קליפה,קילוגרמים,1.00,"ק""ג",true,,59.00,59.0000,true,1,13388
7290000009292,false,תאנים יבשות,,,תאנים יבשות,קילוגרמים,1.00,"ק""ג",true,,49.00,49.0000,true,1,13389
7290000009315,false,צימוקים,,,צימוקים,קילוגרמים,1.00,"ק""ג",true,,39.90,39.9000,true,1,13390
7290000009322,false,שזיפים יבשים,,,שזיפים יבשים,קילוגרמים,1.00,"ק""ג",true,,42.00,42.0000,true,1,13391
7290000009346,false,שקדים טבעיים,,,שקדים טבעיים,קילוגרמים,1.00,"ק""ג",true,,69.00,69.0000,true,1,13393
7290000009353,false,בשר טחון פרימיום חלק,,,אננס יבש מסוכר,קילוגרמים,1.00,"ק""ג",true,,45.00,45.0000,true,1,13394
7290000009360,false,שזיפים יבשים ללא גרע,,,שזיפים יבשים ללא גרע,קילוגרמים,1.00,"ק""ג",true,,48.00,48.0000,true,1,40234
7290000009384,false,תמרים מג'הול,,,תמרים מג'הול,קילוגרמים,1.00,"ק""ג",true,,49.90,49.9000,true,1,37637
7290000009407,false,שאריות גבינה,תנובה חלב,,שאריות גבינה,קילוגרמים,1.00,"ק""ג",true,,31.00,31.0000,false,1,26916
7290000009445,false,אסאדו מחפוד טרי,,,בונדוק מקולף,קילוגרמים,1.00,"ק""ג",true,,60.00,60.0000,true,1,13396
7290000009469,false,קוביות לגולש טרי,,,צנובר,קילוגרמים,1.00,"ק""ג",true,,199.00,199.0000,true,1,13397
7290000009506,false,מארז שלוש בייגלה,,,מארז שלוש בייגלה,יחידה,0.00,יחידה,false,,15.00,0.0000,true,1,116679
7290000009513,false,כף בקר מחפוד טרי,,,פקאן ללא קליפה,קילוגרמים,1.00,"ק""ג",true,,110.00,110.0000,true,1,13399
7290000009544,false,חמניות מקולפות,,,חמניות מקולפות,קילוגרמים,1.00,"ק""ג",true,,22.90,22.9000,true,1,19643
7290000009551,false,אגוזי קאשיו,,,אגוזי קאשיו,קילוגרמים,1.00,"ק""ג",true,,76.00,76.0000,true,1,13400
7290000009629,false,צימוקים שחורים,,,צימוקים שחורים,קילוגרמים,1.00,"ק""ג",true,,30.00,30.0000,true,1,27135
7290000009636,false,שאריות פסטרמה,עוף טוב,,שאריות פסטרמה,קילוגרמים,1.00,"ק""ג",true,,20.00,20.0000,false,1,26915
7290000009643,false,מארז לחמניות,,,מארז לחמניות,יחידה,0.00,יחידה,false,,11.90,0.0000,true,1,113648
7290000009650,false,עוגת קראנץ שוקולד חמ,,,עוגת קראנץ שוקולד חמ,גרמים,600.00,100 גרם,false,,38.90,0.0648,true,1,101704
7290000009711,false,מקדמיה,,,מקדמיה,קילוגרמים,1.00,"ק""ג",true,,150.00,150.0000,true,1,31658
7290000009810,false,חמש חליות במארז,,,חמש חליות במארז,יחידה,0.00,יחידה,false,,14.90,0.0000,true,1,119966
7290000009841,false,מארז 3 חלות מסעדות,,,מארז 3 חלות מסעדות,יחידה,0.00,יחידה,false,,14.90,0.0000,true,1,168101
7290000010274,false,חזה עוף בגריל,,,חזה עוף בגריל,קילוגרמים,1.00,"ק""ג",true,,75.00,75.0000,false,1,64305
7290000010380,false,עלי גפן ממולאים,יד המלך,,עלי גפן ממולאים,קילוגרמים,1.00,"ק""ג",true,,52.90,52.9000,true,1,100339
7290000010755,false,דג אינטיאס טרי,,,דג אינטיאס טרי,קילוגרמים,1.00,"ק""ג",true,,140.00,140.0000,false,1,110149
7290000010762,false,כרעיים ללא עצם טרי,,,כרעיים ללא עצם טרי,קילוגרמים,1.00,"ק""ג",true,,31.90,31.9000,false,1,121219
7290000010779,false,שוקיים ללא עצמות,,,שוקיים ללא עצמות,קילוגרמים,1.00,"ק""ג",true,,35.90,35.9000,false,1,121220
7290000014418,false,גוג'י ברי,,,גוג'י ברי,קילוגרמים,1.00,"ק""ג",true,,80.00,80.0000,true,1,66666
7290000015408,false,שוק מפורק+עוף (טחון),,,שוק מפורק+עוף (טחון),קילוגרמים,1.00,"ק""ג",true,,49.90,49.9000,false,1,25880
7290000017006,false,שאריות בשר טרי,,,שאריות בשר טרי,קילוגרמים,1.00,"ק""ג",true,,9.90,9.9000,false,1,25881
7290000017389,false,גבינת עיזים,,,דג בורי טרי,קילוגרמים,1.00,"ק""ג",true,,45.90,45.9000,false,1,25295
7290000019000,false,גרון עוף טרי,,,גרון עוף טרי,קילוגרמים,1.00,"ק""ג",true,,5.00,5.0000,false,1,101258
7290000020426,false,עוף טוב מעדניה קורנב,,,מרק קוסקוס מוכן,קילוגרמים,1.00,"ק""ג",true,,29.00,29.0000,false,1,59794
7290000023007,false,"ברנדי שטוק 84 40% 750 מ""ל","יקבי ברקן בע""ם",IL,שטוק 84,מיליליטרים,750.00,"100 מ""ל",false,,69.90,0.0932,false,1,20720
7290000023083,false,ערק אשקלון 40% בקבוק,"יקבי ברקן בע""מ",IL,ערק אשקלון 40% - 700,מיליליטרים,700.00,"100 מ""ל",false,,52.90,0.0756,true,1,66567
7290000023809,false,"יין ברקן קלאסיק קברנה סובניון 750מ""ל",יקבי ברקן שיווק והפצ,IL,קלאסיק קברנה סוביניו,מיליליטרים,750.00,"100 מ""ל",false,,24.90,0.0332,false,1,20740
7290000023816,false,"יין ברקן קלאסיק אמרלד ריזלינג 750מ""ל",יקבי ברקן שיווק והפצ,IL,יין קלאסיק ריזלי,יחידה,750.00,יחידה,false,,24.90,0.0332,false,1,20741
7290000023823,false,יין סוביניון בלאן קלסיק 750 מל,יקבי ברקן שיווק והפצ,IL,יין סוביניון בלא,יחידה,750.00,יחידה,false,,24.90,0.0332,false,1,20742
7290000023977,false,"יין ברקן קלאסיק מרלו 750 מ""ל",יקבי ברקן שיווק והפצ,IL,קלאסיק מרלו,מיליליטרים,750.00,"100 מ""ל",false,,24.90,0.0332,false,1,20746
7290000024202,false,"יין ברקן רזרב קברנה סובניון 750 מ""ל",ברקן שיווק והפצה בעמ,IL,יין קברנה סוביני,יחידה,750.00,יחידה,false,,34.90,0.0465,false,1,20747
7290000024240,false,יין רזרב שרדונה 750 מל שביעית,ביבקבי ברקן שיווק וה,IL,יין רזרב שרדונה ברקן,מיליליטרים,750.00,"100 מ""ל",false,,34.90,0.0465,false,1,34989
7290000024264,false,יין רזרב מרלו אדום 7,כרמי צבי - אחים סגל,IL,ברקן רזרב מרלו,מיליליטרים,750.00,"100 מ""ל",false,,34.90,0.0465,false,1,20749
7290000024523,false,מיץ ענבים של סגל 1 ליטר,כרמי צבי - האחים סגל,IL,תירוש 1 ליטר סגל,ליטרים,1.00,ליטר,false,,13.90,13.9000,false,1,94507
7290000025018,false,גרעיני דלעת מקול,,,גרעיני דלעת מקול,קילוגרמים,1.00,"ק""ג",true,,40.00,40.0000,true,1,41949
7290000026244,false,חזה הודו דל שומן הוד,,,חזה הודו דל שומן הוד,קילוגרמים,1.00,"ק""ג",true,,64.90,64.9000,true,1,93652
7290000032078,false,נודלס עם ירקות,,,נודלס עם ירקות,קילוגרמים,1.00,"ק""ג",true,,39.00,39.0000,false,1,165011
7290000035116,false,סלט גזר מרוקאי,יד המלך,,סלט גזר מרוקאי,קילוגרמים,1.00,"ק""ג",true,,39.90,39.9000,true,1,99984
7290000035802,false,סלט חציל טבעי,יד המלך,,סלט חציל טבעי,קילוגרמים,1.00,"ק""ג",true,,56.90,56.9000,true,1,100332
7290000036144,false,קונדיטור קורנפלור שק,גלעם,IL,קורנפלור 200,גרמים,200.00,100 גרם,false,,3.50,0.0175,true,1,17677
7290000036151,false,קונדיטור קורנפלור 50,גלעם,IL,קורנפלור 500,גרמים,500.00,100 גרם,false,,6.90,0.0138,true,1,17678
7290000036588,false,פלפל מקולף ביתי,יד המלך,,פלפל מקולף ביתי,קילוגרמים,1.00,"ק""ג",true,,73.90,73.9000,true,1,100162
7290000040042,false,יוגורט תות %3 גביע 150 ג' יופלה,תנובה חלב,IL,יופלה תות שובב 3%,מיליליטרים,150.00,"100 מ""ל",false,,5.10,0.0340,false,1,8791
7290000040066,false,יוגורט דובדבן 3% שומן 150 ג' יופלה,תנובה מרכז שיתופי לש,IL,יופלה דובדבן פראי 3%,מיליליטרים,150.00,"100 מ""ל",false,,5.10,0.0340,true,1,8793
7290000040080,false,יוגורט אפרסק 3% שומן 150 ג' יופלה,תנובה חלב,IL,יופלה אפרסק מאוהב 3%,מיליליטרים,150.00,"100 מ""ל",false,,5.10,0.0340,true,1,8794
7290000040097,false,קוראסון פרנציז אקסטר,לה פרינה,IL,פרמזן מגורדת,קילוגרמים,1.00,"ק""ג",true,,109.90,109.9000,true,1,33401
7290000040301,false,"גבינת קולאז קממבר עין גדי 24%, 125 ג'",תנובה מרכז שיתופי לש,IL,עין גדי גבינת קממבר,גרמים,125.00,100 גרם,false,,19.90,0.1592,false,1,8798
7290000040318,false,גבינת ברי 24% קולאז עדי תנובה 125 ג',תנובה מרכז שיתופי לש,IL,גבינת ברי ישראלי 24%,גרמים,125.00,100 גרם,false,,19.90,0.1592,true,1,8799
7290000040462,false,גבינת טוסטי עמק אמריקאי אדם 23% 200 ג',תנובה מרכז שיתופי לש,IL,טוסטי עמק אמריקאי אד,גרמים,200.00,100 גרם,false,,19.30,0.0965,false,1,8801
7290000040974,false,חלב תנובה קרטון דל לקטוז 2% 1ל,תנובה מרכז שיתופי לש,IL,חלב דל לקטוז 2% - 1,ליטרים,1.00,ליטר,false,,6.70,6.7000,false,1,47319
7290000041445,false,גבינת קוטג מהדרין 5% 250 גרם,מיוצר עי קונדיטוריית,IL,קוט'ג מהדרין 5%,גרמים,250.00,100 גרם,false,,5.50,0.0220,false,1,8803
7290000041452,false,קוטג תנובה מהדרין 9% 250ג,תנובה מרכז שיתופי לש,IL,קוט'ג 9% מהדרין תנוב,גרמים,250.00,100 גרם,false,,5.50,0.0220,false,1,51849
7290000041858,false,"שמנת חמוצה 15% יטבתה 200 מ""ל מהדרין",שטראוס גרופ,IL,שמנת חמוצה יטבתה 15%,מיליליטרים,200.00,"100 מ""ל",false,,2.50,0.0125,true,1,7657
7290000042435,false,חלב דל שומן בקרטון+פקק 1 ליטר 1%,תנובה מרכז שיתופי לש,IL,חלב 1% בקרטון תנובה,ליטרים,1.00,ליטר,false,,5.86,5.8600,false,1,8815
7290000042640,false,"חלב תנובה עמיד 3% קרטון 250 מ""ל",תנובה מרכז שיתופי לש,IL,חלב תנובה עמיד 3% 25,מיליליטרים,250.00,"100 מ""ל",false,,2.80,0.0112,true,1,8823
7290000042855,false,יוטבתה שוקו שקית 225מל,שטראוס גרופ,IL,שוקו יטבתה בשקית 2%,מיליליטרים,225.00,"100 מ""ל",false,,2.60,0.0116,true,1,7661
7290000043012,false,"שוקו עמיד 2% בקרטון 250 מ""ל תנובה",תנובה מרכז שיתופי לש,IL,שוקו עמיד 2% יחידה,מיליליטרים,250.00,"100 מ""ל",false,,4.90,0.0196,false,1,8826
7290000043272,false,סלט סלק,יד המלך,,סלט סלק,קילוגרמים,1.00,"ק""ג",true,,39.90,39.9000,true,1,100168
7290000043814,false,"שמנת מתוקה להקצפה 38% 250 מ""ל תנובה",תנובה מרכז שיתופי לש,IL,שמנת עמידה 38% השף ה,מיליליטרים,250.00,"100 מ""ל",false,,6.47,0.0259,false,1,8829
7290000043890,false,רוויון קרטון 1 ליטר %1.5,תנובה מרכז שיתופי לש,IL,ריוויון 1.5% - 1 ליט,ליטרים,1.00,ליטר,false,,11.90,11.9000,false,1,8831
7290000043944,false,כד יוגורט תנובה 4% שומן 1.5 ליטר,מיוצר עי קונדיטוריית,IL,יוגורט תנובה 4.5% -,ליטרים,1.50,ליטר,false,,17.50,11.6667,false,1,8832
7290000044231,false,"יוגורט 4% שומן 500 מ""ל תנובה",תנובה חלב,,דנובה 500 גר,יחידה,500.00,יחידה,false,,8.80,0.0176,true,1,8836
7290000044651,false,סטייק סלמון טרי,,,סטייק סלמון טרי,קילוגרמים,1.00,"ק""ג",true,,92.00,92.0000,false,1,26294
7290000044880,false,באדי יוגורט תות 3% שומן 500 ג' תנובה,מיוצר עי קונדיטוריית,IL,"באדי תות 3% 500 מ""ל",מיליליטרים,500.00,"100 מ""ל",false,,9.60,0.0192,true,1,8840
7290000045573,false,גבינת מותכת משולשים 25% שומן 200 ג' נעמה,תנובה חלב,IL,גבינת נעמה 25%,גרמים,200.00,100 גרם,false,,15.50,0.0775,true,1,8842
7290000045580,false,"גבינת מותכת נעמה חורש 25%, 240 ג'",תנובה מרכז שיתופי לש,IL,גבינת חורש 25%,גרמים,240.00,100 גרם,false,,18.50,0.0771,true,1,8843
7290000045771,false,יוגורט תנובה כד 3 ליטר 4%,תנובה מרכז שיתופי לש,IL,יוגורט תנובה בכד 4.5,ליטרים,3.00,ליטר,false,,28.90,9.6333,false,1,8844
7290000045917,false,תנובה גבינת פרומעז 23% גלילית 200ג,תנובה חלב,IL,גבינת עזים פרומעז 23,גרמים,200.00,100 גרם,false,,26.90,0.1345,true,1,8845
7290000046020,false,גלבוע גבינה שמנה במש,תנובה מרכז שיתופי לש,IL,גלבוע,קילוגרמים,1.00,"ק""ג",true,,42.58,42.5800,false,1,8847
7290000046327,false,"גבינת גלבוע פרוס 22%, 200 ג' תנובה",תנובה מרכז שיתופי לש,IL,גבינת גלבוע 22% - 20,גרמים,200.00,100 גרם,false,,13.50,0.0675,false,1,8850
7290000046563,false,קולאז פרמזן חריץ במש,תנובה מרכז שיתופי לש,IL,פרמזן,קילוגרמים,1.00,"ק""ג",true,,114.90,114.9000,false,1,8853
7290000047027,false,קולאז קצקבל גלעד במש,תנובה מרכז שיתופי לש,IL,גלעד,קילוגרמים,1.00,"ק""ג",true,,125.90,125.9000,false,1,8859
7290000047485,false,גבינה בולגרית במשקל,תנובה מרכז שיתופי לש,IL,בולגרית 24% תנובה,קילוגרמים,1.00,"ק""ג",true,,59.90,59.9000,false,1,30998
7290000047546,false,כנען גבינה לבנה 5% 500 גרם ללא מלח,תנובה מרכז שיתופי לש,IL,גבינת כנען 5% תנובה,גרמים,500.00,100 גרם,false,,24.90,0.0498,false,1,8863
7290000047621,false,גבינה לבנה רכה 5% תנובה 250ג' מהדרין,תנובה מרכז שיתופי לש,IL,גבינה לבנה 5% מהדרין,גרמים,250.00,100 גרם,false,,4.98,0.0199,false,1,8865
7290000047942,false,**תנובה גבינה לבנה מהדרין 9% 250ג,תנובה מרכז שיתופי לש,IL,גבינה לבנה 9% מהדרין,גרמים,250.00,100 גרם,false,,5.00,0.0200,false,1,53252
7290000048185,false,גבינה לבנה 5% שומן 250 ג' תנובה,מיוצר עי קונדיטוריית,IL,גבינה לבנה 5% תנובה,גרמים,250.00,100 גרם,false,,4.98,0.0199,false,1,8871
7290000048192,false,גבינה לבנה 9% שומן 250 ג' תנובה,מחלבת אלון תבור,IL,גבינה לבנה תנובה 9%,גרמים,250.00,100 גרם,false,,5.00,0.0200,false,1,8872
7290000048307,false,גבינת קוטג 5% עם זיתים 250ירוקים גרם,מיוצר עי קונדיטוריית,IL,גבינה קוט'ג עם ת,גרמים,250.00,100 גרם,false,,6.30,0.0252,false,1,8873
7290000048413,false,גבינה חמד %16 שקית 250 ג' פיראוס,תנובה מרכז שיתופי לש,IL,גבינת חמד 16% - 250,גרמים,250.00,100 גרם,false,,18.90,0.0756,false,1,8875
7290000048437,false,גבינה צפתית 5% 200 ג' פיראוס,פארייפאבה אגרואינדוס,IL,צפתית פיראוס 5%,גרמים,200.00,100 גרם,false,,15.90,0.0795,false,1,8876
7290000049458,false,גבינת פטה עיזים 16% גביע פיראוס 250 ג',תנובה מרכז שיתופי לש,IL,פטה עיזים,גרמים,250.00,100 גרם,false,,29.50,0.1180,false,1,8879
7290000050447,false,יוגורט תות 500 ג' יופלה,מיוצר עי קונדיטוריית,IL,יופלה תות 3% - 500 מ,מיליליטרים,500.00,"100 מ""ל",false,,13.70,0.0274,true,1,38778
7290000050454,false,יוגורט אפרסק 500 ג' יופלה,מיוצר עי קונדיטוריית,IL,יופלה אפרסק 3% - 500,מיליליטרים,500.00,"100 מ""ל",false,,13.70,0.0274,true,1,37429
7290000051307,false,מארז הפסקת אוכל עם דגני עוגי ומשקה חלב עמיד בטעם וניל,תנובה מרכז שיתופי לש,IL,מארז הפסקת אוכל עוגי,מיליליטרים,150.00,"100 מ""ל",false,,9.30,0.0620,false,1,40532
7290000051352,false,חלב מלא בטעם של פעם 3.4% תנובה קרטון 1 ל',תנובה מרכז שיתופי לש,IL,חלב מלא של פעם חלב ת,ליטרים,1.00,ליטר,false,,7.90,7.9000,true,1,40388
7290000051376,false,יופלה דיאט אננס ספורטיבי 0% 150גר,תנובה מרכז שיתופי לש,IL,יופלה דיאט אננס ספור,מיליליטרים,150.00,"100 מ""ל",false,,5.10,0.0340,true,1,41552
7290000051710,false,לאבנה 9% עם שמן זית וזעתר 263 ג' פיראוס,"תנובה, מחלבת אלון תב",IL,פיראוס לאבנה עם שמן,גרמים,263.00,100 גרם,false,,14.30,0.0544,false,1,41555
7290000052311,false,עמק פרוס בקופסא 200 גר 15% שומן,תנובה מרכז שיתופי לש,IL,עמק פרוס בקופסא 200,גרמים,200.00,100 גרם,false,,16.90,0.0845,false,1,44556
7290000052649,false,גבינת לאבנה 5% שומן 500 ג' פיראוס,תנובה מרכז שיתופי לש,IL,פיראוס לאבנה 5% 500,גרמים,500.00,100 גרם,false,,20.90,0.0418,false,1,42731
7290000052946,false,"יופלה לבן מעודן מאגדת שמינייה בד""צ",תנובה מרכז שיתופי לש,IL,מאגדת יופלה שמיניה מ,מיליליטרים,1200.00,"100 מ""ל",false,,21.90,0.0182,true,1,46949
7290000053219,false,גבינה טל העמק שמנה ק,תנובה מרכז שיתופי לש,IL,טל העמק,קילוגרמים,1.00,"ק""ג",true,,59.90,59.9000,false,1,98170
7290000053981,false,"מאגדת יופלה תות+אפרסק בד""צ 150X4 גרם",תנובה מרכז שיתופי לש,IL,מאגדת יופלה 4 תות+4,ליטרים,1.20,ליטר,false,,28.90,24.0833,true,1,92024
7290000055015,false,גבינת פיראוס פטה כבשים 5% 250 ג' פיראוס,תנובה מרכז שיתופי לש,IL,פיראוס פטה כבשים 5%,גרמים,250.00,100 גרם,false,,28.50,0.1140,false,1,47630
7290000055329,false,משקה יוגורט יופלה בטעם תות-מלון 250 גר,תנובה מרכז שיתופי לש,IL,משקה יוגורט יופלה 1.,מיליליטרים,250.00,"100 מ""ל",false,,5.60,0.0224,true,1,48632
7290000055336,false,משקה יוגורט יופלה בטעם בננה אפרסק 250 גר,תנובה מרכז שיתופי לש,IL,משקה יוגורט יופלה 1.,מיליליטרים,250.00,"100 מ""ל",false,,5.60,0.0224,true,1,48633
7290000055343,false,משקה יוגורט יופלה פירות טרופיים 250 גרם,תנובה מרכז שיתופי לש,IL,משקה יוגורט יופלה בט,מיליליטרים,250.00,"100 מ""ל",false,,5.60,0.0224,true,1,48630
7290000055350,false,גבינה צהובה חריץ עמק 28% במשקל,תנובה מרכז שיתופי לש,IL,עמק מעדניה 28%,קילוגרמים,1.00,"ק""ג",true,,44.79,44.7900,false,1,93818
7290000055893,false,חמאה משמנת מפוסטרת 200ג' כ.מהדרין,תנובה מרכז שיתופי לש,IL,"חמאה 200 ג""ר מהדרין",גרמים,200.00,100 גרם,false,,7.80,0.0390,false,1,94086
7290000056081,false,מאגדת פרילי טבע 6 יח' * 200 ג',מיוצר עי קונדיטוריית,IL,מאגדת פרילי טבע 1.9%,מיליליטרים,1200.00,"100 מ""ל",false,,23.50,0.0196,true,1,49059
7290000056111,false,תירס מקולף,,,תירס מקולף,יחידה,0.00,יחידה,false,,19.90,0.0000,true,1,111552
7290000056784,false,גבינת פטה כבשים במשק,תנובה מרכז שיתופי לש,,פטה כבשים 5% במעדניה,קילוגרמים,1.00,"ק""ג",true,,119.90,119.9000,true,1,52446
7290000056845,false,חלב טרי 3% הומוגני קרטון 1.5 ל' תנובה,פארייפאבה אגרואינדוס,IL,חלב תנובה 3% 1.5 ליט,ליטרים,1.50,ליטר,false,,9.34,6.2267,false,1,52626
7290000056883,false,יופלה מאגדת פרי 3% 8 יח' * 150 ג',תנובה מרכז שיתופי לש,IL,שמיניית יופלה פרי 3%,מיליליטרים,1200.00,"100 מ""ל",false,,31.90,0.0266,true,1,50707
7290000056906,false,מאגדת לבן טבעי 1.5% שומן 8 יח' * 150 ג' יופלה,מחלבת אלון תבור,IL,מאגדת שמיניה יופלה 1,מיליליטרים,1200.00,"100 מ""ל",false,,18.40,0.0153,true,1,50784
7290000056951,false,שמנת לבישול 15% 500 מל עמיד השף הלבן,תנובה מרכז שיתופי לש,IL,שמנת לבישול 15% 500,מיליליטרים,500.00,"100 מ""ל",false,,17.40,0.0348,true,1,53210
7290000057088,false,עמק פרוס דק דק 200 גרם 28%,תנובה מרכז שיתופי לש,IL,עמק דק 28% - 200 גרם,גרמים,200.00,100 גרם,false,,16.90,0.0845,false,1,52539
7290000057118,false,עמק סמי מעדנייה כשרות מהדרין,תנובה מרכז שיתופי לש,IL,גבינת עמק 28% - 400,גרמים,400.00,100 גרם,false,,23.90,0.0597,false,1,52140
7290000057132,false,יוגורט תנובה טבעי 1.5% גביע 200 גרם,מחלבת אלון תבור,IL,יוגורט תנובה 1.5%,מיליליטרים,200.00,"100 מ""ל",false,,3.10,0.0155,true,1,52500
7290000057149,false,יוגורט תנובה טבעי 3% גביע 200 גרם,מיוצר עי קונדיטוריית,IL,יוגורט תנובה 3% 200,מיליליטרים,200.00,"100 מ""ל",false,,3.10,0.0155,true,1,52501
7290000057552,false,יופלה דיאט עוגת גבינה ותות 0% גביע 150ג',תנובה חלב,IL,יופלה דיאט עוגת גבינ,מיליליטרים,150.00,"100 מ""ל",false,,5.10,0.0340,true,1,56868
7290000058030,false,"יופלה שטוזים משקה יוגורט תות 8 יח' * 100 מ""ל",מיוצר עי קונדיטוריית,IL,יופלה שטוזים משקה תו,מיליליטרים,800.00,"100 מ""ל",false,,21.50,0.0269,true,1,54573
7290000058047,false,**שף לבן שמנת מתוקה מהדרין 38% פקק 500מ,תנובה מרכז שיתופי לש,IL,שמנת מתוקה עמידה 500,מיליליטרים,500.00,"100 מ""ל",false,,12.94,0.0259,false,1,61704
7290000058580,false,קוקילידה וניל ועוגיות שוקולד נסטלה 83ג',נגה גלידות (גלידות נ,IL,קוקילידה נסטלה,יחידה,0.00,יחידה,false,,9.90,0.0000,true,1,13501
7290000060071,false,אוסם - חטיפי פריכונים מאורז מלא קלוי 80גר,"מיוצר ע""י PT, משווק",IL,חטיפי פריכונים בטעם,גרמים,80.00,100 גרם,false,,7.70,0.0963,false,1,6066
7290000060088,false,בייגלה אסם מקלות מלוחים 400 גרם,מיוצר עי קונדיטוריית,IL,בייגלה מקלות מלוחים,גרמים,400.00,100 גרם,false,,11.40,0.0285,true,1,6067
7290000060163,false,פסטה אסם אטריות דקות 400גר,"אסם תעשיות בע""מ",IL,איטריות דקות 400 גר,גרמים,400.00,100 גרם,false,,7.80,0.0195,false,1,6070
7290000060200,false,פסטה אסם פתיתים אפויים קוסקוס 500גר,"אסם תעשיות בע""מ",IL,פתיתים אפויים קוסקוס,גרמים,500.00,100 גרם,false,,6.90,0.0138,false,1,6072
7290000060217,false,פסטה אסם מקרוני 7 500 גר,פסטה זארה,IT,פסטה מקרוני 7 500 גר,גרמים,500.00,100 גרם,false,,5.90,0.0118,false,1,6073
7290000060248,false,פסטה אסם פתיתים תלתלים 500 גר',פסטה זארה,IT,פסטה תלתלים 500,גרמים,500.00,100 גרם,false,,5.90,0.0118,false,1,6074
7290000060316,false,פסטה פרפקטו ספגטי 500ג' אסם,אסם פרפקטו,IT,פרפקטו ספגטי 500 גר,גרמים,500.00,100 גרם,false,,7.70,0.0154,false,1,6078
7290000060330,false,פרפקטו פרפקטו ספיראלי גירף 500 גר,אסם פרפקטו,IT,פרפקטו ספירלי 500גר,גרמים,500.00,100 גרם,false,,7.70,0.0154,false,1,6080
7290000060408,false,פסטה אסם פתיתים אפויים טבעות 500 גר,"אסם תעשיות בע""מ",IL,פתיתים אפויים טבעות,גרמים,500.00,100 גרם,false,,6.90,0.0138,false,1,6082
7290000060415,false,פסטה פרפקטו לזאניה אסם 500ג',אסם פרפקטו,IT,פרפקטו לזאניה 500 גר,גרמים,500.00,100 גרם,false,,14.90,0.0298,false,1,6083
7290000060576,false,פסטה אסם פתיתים אפוי כוכב 500גר,"אסם תעשיות בע""מ",IL,פתיתים אפויים כוכבים,גרמים,500.00,100 גרם,false,,6.90,0.0138,false,1,6090
7290000060781,false,פסטה אסם פתיתים מסולסלים 500גר,פסטה זארה,IT,פסטה מסולסלים 500,גרמים,500.00,100 גרם,false,,5.90,0.0118,false,1,6092
7290000060811,false,טילון אקסטרים ענק מטבע שוקולד 120 ג',תות תעשיות מזון (201,IL,שלגון אקסטרים ענק מט,גרמים,120.00,100 גרם,false,,10.00,0.0833,true,1,58769
7290000060828,false,פסטה קרניים בינוניות (55) 500 גרם,פסטה זארה,IT,פסטה קרניים בינוניות,גרמים,500.00,100 גרם,false,,5.90,0.0118,false,1,6094
7290000060842,false,פסטה אסם פתיתים צדפים גדולים 500גר,פסטה זארה,IT,פסטה צדפים גדולים 50,גרמים,500.00,100 גרם,false,,5.90,0.0118,false,1,6096
7290000060880,false,פסטה מס' 8 ספגטי אסם 500ג',פסטה זארה,IT,פסטה ספגטי 500גר,גרמים,500.00,100 גרם,false,,5.90,0.0118,false,1,6098
7290000060903,false,פסטה אסם פתיתים אפויים אורז 500גר,"אסם תעשיות בע""מ",IL,פתיתים אפויים אורז 5,גרמים,500.00,100 גרם,false,,6.90,0.0138,false,1,6100
7290000060965,false,פסטה אסם אטריות רחבות 400גר,"אסם תעשיות בע""מ",IL,איטריות רחבות 400,גרמים,400.00,100 גרם,false,,7.80,0.0195,false,1,6104
7290000061085,false,"רוטב צילי מתוק 290 מ""ל-בקבוק","אסם תעשיות בע""מ",IL,רוטב צילי מתוק,יחידה,290.00,יחידה,false,,12.00,0.0414,false,1,6111
7290000061108,false,"רוטב טריאקי 290 מ""ל-בקבוק","אסם תעשיות בע""מ",IL,רוטב טריאקי אסם,יחידה,290.00,יחידה,false,,12.00,0.0414,false,1,6112
7290000061214,false,פתיתים אפויים קוסקוס עם בצל אסם 500 גר',"אסם תעשיות בע""מ",IL,פתיתים קוסקוס עם בצל,גרמים,500.00,100 גרם,false,,7.50,0.0150,false,1,39600
7290000061245,false,עוגיות שוקוציפס ממולאות שוקולד 220 גרם,מיוצר עי קונדיטוריית,IL,עוגיות שוקוצ'יפס ממו,גרמים,220.00,100 גרם,false,,11.50,0.0523,true,1,6115
7290000061764,false,נסקפה רד מאג טעם חדש 200ג',נסטלה ספרד קפה,ES,קפה נמס רד מאג 200 ג,גרמים,200.00,100 גרם,false,,20.00,0.1000,false,1,6124
7290000062129,false,"פודינג אינסטנט טעם וניל 1ק""ג אסם","אסם תעשיות בע""מ",IL,פודינג אינסטנט וניל,יחידה,1.00,יחידה,false,,29.90,29.9000,true,1,49703
7290000062952,false,אוסם - מיני קרוטונים למרק ולסלט 250 גרם,עינת תעשיות מזון אגו,IL,מיני קרוטונים לסלט ו,גרמים,250.00,100 גרם,false,,15.00,0.0600,true,1,35490
7290000063102,false,קמח עוגה אסם תופח מאליו 350ג',"אסם תעשיות בע""מ",IL,קמח תופח 350,גרמים,350.00,100 גרם,false,,4.80,0.0137,true,1,6139
7290000063133,false,אסם שקדי מרק רכיבים טבעיים 24*100גרם,"אסם השקעות בע""מ",IL,שקדי מרק 100,גרמים,100.00,100 גרם,false,,5.00,0.0500,true,1,6140
7290000063140,false,שקדי מרק רכיבים טבעיים בשקית 400 ג' אסם,"אסם תעשיות בע""מ",IL,שקדי מרק 400,גרמים,400.00,100 גרם,false,,10.90,0.0273,false,1,6141
7290000063157,false,"קמח עוגה תופח מאליו 1 ק""ג","אסם תעשיות בע""מ",IL,קמח תופח 1קג,יחידה,1.00,יחידה,false,,9.70,9.7000,false,1,6142
7290000064758,false,קוסקוס בינוני אמיתי אסם 350 ג',"מיוצר ע""י קוד יצרן K",IL,קוסקוס אמיתי שקית 35,גרמים,350.00,100 גרם,false,,8.00,0.0229,false,1,6154
7290000064871,false,"אוסם - מנה חמה פירה תפו""א עם בצל 56 גרם","אסם תעשיות בע""מ",IL,"מנה חמה פירה תפו""א ו",גרמים,56.00,100 גרם,false,,6.70,0.1196,false,1,6155
7290000065090,false,מיני קרוטונים למרק ולסלט 400 ג' אסם,עינת תעשיות מזון אגו,IL,מיני קרוטונים למרק 4,גרמים,400.00,100 גרם,false,,23.90,0.0597,true,1,6157
7290000065335,false,אוסם - מנה חמה פירה עם ירקות 55 גרם,"אסם תעשיות בע""מ",IL,"מנה חמה פירה תפו""א ע",גרמים,55.00,100 גרם,false,,6.70,0.1218,false,1,6158
7290000065540,false,אוסם - מנה חמה פסטה מוקרמת בטעם עוף 55 גרם,"אסם תעשיות בע""מ",IL,מנה חמה פסטה מוקרמת,גרמים,55.00,100 גרם,false,,6.70,0.1218,false,1,6159
7290000065557,false,אוסם - מנה חמה קוסקוס עם ירקות 84 גרם,"אסם תעשיות מזון בע""מ",IL,מנה חמה קוסקוס עם יר,גרמים,84.00,100 גרם,false,,6.70,0.0798,false,1,6160
7290000065977,false,חטיפי פריכונים תירס שומשום 80 ג' אוסם,"מיוצר ע""י פרח, משווק",IL,חטיפי פריכונים תירס,גרמים,80.00,100 גרם,false,,7.70,0.0963,false,1,43755
7290000066141,false,ביסלי טעם גריל 70 ג' אסם,"אסם תעשיות בע""מ",IL,ביסלי גריל 70גר,גרמים,70.00,100 גרם,false,,4.70,0.0671,false,1,6168
7290000066172,false,ביסלי בטעם פיצה 70 גרם,"אסם תעשיות בע""מ",IL,ביסלי פיצה 70,גרמים,70.00,100 גרם,false,,4.70,0.0671,false,1,6171
7290000066196,false,ביסלי גדול בטעם גריל 200 ג' אסם,מיוצר עי קונדיטוריית,IL,ביסלי גריל 200גר,גרמים,200.00,100 גרם,false,,9.00,0.0450,false,1,6173
7290000066226,false,ביסלי בטעם פיצה 200 ג' אסם,מיוצר עי קונדיטוריית,IL,ביסלי פיצה 200,גרמים,200.00,100 גרם,false,,9.00,0.0450,false,1,6176
7290000066264,false,אוסם - חטיף דובונים 40 גרם,"אסם תעשיות בע""מ",IL,דובונים חטיף,גרמים,40.00,100 גרם,false,,5.00,0.1250,false,1,6177
7290000066318,false,במבה קלאסי 80 גרם,"אסם תעשיות בע""מ",IL,במבה 80גר,גרמים,80.00,100 גרם,false,,5.20,0.0650,false,1,6180
7290000066332,false,אפרופו חטיף אסם 50ג',מיוצר עי קונדיטוריית,IL,אפרופו 50 גר,גרמים,50.00,100 גרם,false,,5.20,0.1040,false,1,6181
7290000066349,false,אפרופו גדול אסם 100ג',מיוצר עי קונדיטוריית,IL,אפרופו 100גר,גרמים,100.00,100 גרם,false,,8.80,0.0880,false,1,6182
7290000066431,false,פופקו חטיף תירס בטעם חמאה ודבש 80 גרם,מיוצר עי קונדיטוריית,IL,פופקו חמאה ודבש 80 ג,גרמים,80.00,100 גרם,false,,5.30,0.0662,false,1,6184
7290000066882,false,סלט צ'ימיצ'ורי,,,סלט צ'ימיצ'ורי,קילוגרמים,1.00,"ק""ג",true,,56.60,56.6000,true,1,111534
7290000067407,false,פרורית מתובלת בשקית 200 גרם,עינת תעשיות מזון אגו,IL,פירורית מתובלת 200גר,גרמים,200.00,100 גרם,false,,6.00,0.0300,true,1,6194
7290000067544,false,פירורית זהב שקית 200גר,עינת תעשיות מזון אגו,IL,פירורית זהב 200גר,גרמים,200.00,100 גרם,false,,6.00,0.0300,true,1,6199
7290000067599,false,אוסם - מנה חמה ספגטי רוטב בולנז 65 גרם,"אסם תעשיות בע""מ",IL,מנה חמה ספגטי בולונז,גרמים,65.00,100 גרם,false,,6.70,0.1031,false,1,6200
7290000068138,false,אסם פודינג אינסטנט וניל 80 גרם,מיוצר עי קונדיטוריית,IL,פודינג וניל,גרמים,80.00,100 גרם,false,,5.90,0.0738,false,1,6208
7290000068190,false,אסם גלי תות שדה צבעים טבעיים 90גרם,מיוצר עי קונדיטוריית,IL,ג'ל תות,גרמים,85.00,100 גרם,false,,6.60,0.0776,true,1,6211
7290000068206,false,ג'לי משמש אסם צבע טבעי 85 ג',מיוצר עי קונדיטוריית,IL,ג'לי מישמש,גרמים,85.00,100 גרם,false,,6.60,0.0776,true,1,6212
7290000068237,false,ג'לי פטל צבע טבעי 85ג' אסם,מיוצר עי קונדיטוריית,IL,ג'לי פטל,גרמים,85.00,100 גרם,false,,6.60,0.0776,true,1,6213
7290000068251,false,ג'לי אננס אסם צבע טבעי 85 ג',מיוצר עי קונדיטוריית,IL,ג'לי אננס,גרמים,85.00,100 גרם,false,,6.60,0.0776,true,1,6214
7290000068343,false,אוסם - פירכונים מאורז מלא 140 גרם,"מיוצר ע""י PT, משווק",IL,פריכונים מאורז מלא,גרמים,140.00,100 גרם,false,,7.30,0.0521,false,1,6218
7290000068701,false,שקדי מרק רכיבים טבעיים 400 גרם-מיכל,"אסם תעשיות בע""מ",IL,שקדי מרק במיכל,גרמים,400.00,100 גרם,false,,16.50,0.0413,true,1,6222
7290000068770,false,במבה יום הולדת 80 גרם,"אסם תעשיות בע""מ",IL,במבה יום הולדת 80 גר,גרמים,80.00,100 גרם,false,,5.20,0.0650,false,1,6225
7290000069364,false,פריכונים עגולים אורז דל נתרן אסם 140 גרם,"מיוצר ע""י PT, משווק",IL,פריכונים מאורז מלא ל,גרמים,140.00,100 גרם,false,,7.30,0.0521,true,1,6231
7290000069609,false,חטיפי קרקר זעתר 300 גרם,"אסם תעשיות בע""מ",IL,חטיפי קרקר זעתר 300,גרמים,300.00,100 גרם,false,,11.70,0.0390,true,1,39725
7290000069715,false,אוסם - חטיפי קרקר מלוח 300 גרם,"אסם תעשיות בע""מ",IL,חטיפי קרקר מלוח אסם,גרמים,300.00,100 גרם,false,,11.70,0.0390,true,1,39707
7290000070308,false,אבקת מרק עוף אמיתי במיכל 400 גרם,"אסם תעשיות בע""מ",IL,מרק עוף 400,גרמים,400.00,100 גרם,false,,16.90,0.0422,false,1,6239
7290000070322,false,אבקת מרק פטריות רכיבים טבעיים אוסם 400 ג',"אסם תעשיות בע""מ",IL,מרק פטריות 400,גרמים,400.00,100 גרם,false,,19.90,0.0497,false,1,6241
7290000070353,false,אבקת מרק בצל רכיבים טבעיים 400 ג' אסם,"אסם תעשיות בע""מ",IL,מרק בצל 400,גרמים,400.00,100 גרם,false,,19.90,0.0497,false,1,6242
7290000070506,false,משמש מיובש טבעי,,,משמש מיובש טבעי,קילוגרמים,1.00,"ק""ג",true,,35.00,35.0000,true,1,93866
7290000070919,false,בייגלה אסם רשתות עם מלח 400 ג',מיוצר עי קונדיטוריית,IL,בייגלה רשתות מלח אסם,גרמים,400.00,100 גרם,false,,13.90,0.0348,true,1,46427
7290000071008,false,אוסם - בייגלה שטוחים מלח 60 גרם,"אסם תעשיות בע""מ",IL,בייגלה שטוחים מלח אס,גרמים,60.00,100 גרם,false,,3.10,0.0517,true,1,46289
7290000072067,false,במבה במילוי קרם חלבה 60ג' אסם,מיוצר עי קונדיטוריית,IL,במבה קרם חלבה,גרמים,60.00,100 גרם,false,,5.30,0.0883,true,1,42229
7290000072241,false,"רוטב פיצה 290 מ""ל-בקבוק","אסם תעשיות בע""מ",IL,רוטב פיצה,גרמים,290.00,100 גרם,false,,12.00,0.0414,true,1,6263
7290000072623,false,קטשופ אסם בקבוק לחיץ 750 גרם,"אסם תעשיות בע""מ",IL,קטשופ 750 לחיץ,גרמים,750.00,100 גרם,false,,11.00,0.0147,false,1,6265
7290000072753,false,קפה טייסטר צ'ויס קפה מגורען 200ג',נסטלה קוריאה - קפה,IL,קפה נמס טסטר'ס צ'ויס,גרמים,200.00,100 גרם,false,,29.90,0.1495,false,1,6272
7290000072777,false,קפה טייסטר צ'ויס מגור' נ.קפאין 200ג',נסטלה קוריאה - קפה,IL,קפה נמס טסטר'ס צ'ויס,גרמים,200.00,100 גרם,false,,39.90,0.1995,false,1,6274
7290000072968,false,דגנים סיני מיניס מלחמת הכוכבים 500 גרם,נסטלה פולין דגני בוק,PL,דגני בוקר סיני מיניס,גרמים,500.00,100 גרם,false,,19.90,0.0398,false,1,6283
7290000073415,false,אוסם - מנה חמה פסטה ברוטב פיצה 61 גרם,"אסם תעשיות בע""מ",IL,מנה חמה פסטה ברוטב פ,גרמים,61.00,100 גרם,false,,6.70,0.1098,false,1,6292
7290000073699,false,סלט חומוס צבר150 גרם,סלטי צבר,IL,חומוס חלק 150 גר,גרמים,150.00,100 גרם,false,,4.80,0.0320,true,1,58604
7290000073750,false,מנה חמה נודלס אטר+ירקות טעם עוף 70 גרם,טאי רזידנט,TH,מנה חמה נודלס אטריות,גרמים,70.00,100 גרם,false,,7.30,0.1043,false,1,6295
7290000073767,false,מנה חמה נודלס אטר.+ירקות טעם בקר 70 גרם,טאי רזידנט,TH,מנה חמה נודלס אטריות,גרמים,70.00,100 גרם,false,,7.30,0.1043,false,1,6296
7290000073774,false,מנה חמה נודלס אטר+ירקות טעם צילי 70 גרם,טאי רזידנט,TH,מנה חמה נודלס+איטריו,גרמים,70.00,100 גרם,false,,7.30,0.1043,false,1,6297
7290000074153,false,ביסקוויט פתיבר שוקו,מיוצר עי קונדיטוריית,IL,פתי בר שוקו 500,גרמים,500.00,100 גרם,false,,14.00,0.0280,false,1,6301
7290000074184,false,אוסם - פתי בר בינוני 500 גרם,"אסם תעשיות בע""מ",IL,פתיבר וניל אסם 500 ג,גרמים,500.00,100 גרם,false,,12.00,0.0240,false,1,6303
7290000074245,false,אוסם - קרם קרקר אסם 250 גרם,"אסם תעשיות בע""מ",IL,קרם קרקר 250,גרמים,250.00,100 גרם,false,,8.50,0.0340,true,1,6304
7290000074252,false,קרקר אסם שומשום 250 גרם,"אסם תעשיות בע""מ",IL,קרקר שומשום 250,גרמים,250.00,100 גרם,false,,9.00,0.0360,true,1,6305
7290000074276,false,קרקר פיקנטי טבעון 250 ג' אסם,"אסם תעשיות בע""מ",IL,אסם קרקר קלאסי 250 ג,גרמים,250.00,100 גרם,false,,10.00,0.0400,true,1,6306
7290000074375,false,אוסם - קרקר זהב 150 גרם,"אסם תעשיות בע""מ",IL,קרקר זהב 150,גרמים,150.00,100 גרם,false,,7.00,0.0467,true,1,6311
7290000074481,false,לחמית אגוזים אסם 160 ג',"אסם תעשיות בע""מ",IL,לחמית אגוזים,גרמים,160.00,100 גרם,false,,10.50,0.0656,false,1,51843
7290000074696,false,"קרם קרקר 1 ק""ג אוסם","אסם השקעות בע""מ",IL,קרם קרקר 1קג,יחידה,1.00,יחידה,false,,26.90,26.9000,false,1,6314
7290000074764,false,קרקר זהב אסם 900 גרם,אסם תעשיות,IL,"קרקר זהב 900 ג""ר",גרמים,900.00,100 גרם,false,,26.90,0.0299,true,1,6318
7290000075204,false,אוסם - לחמית חיטה מלאה 250 גרם,"אסם תעשיות בע""מ",IL,לחמית 250 גר,גרמים,250.00,100 גרם,false,,8.70,0.0348,true,1,6322
7290000075693,false,עוגת הבית שמרים בריוש שוקולד 360ג',מיוצר עי קונדיטוריית,IL,עוגת שמרים בריוש שוק,גרמים,360.00,100 גרם,false,,18.60,0.0517,false,1,41738
7290000076126,false,אוסם - בייגלה שמיניות קטנות 80 גרם,"אסם תעשיות בע""מ",IL,בייגלה שמיניות קטנות,גרמים,80.00,100 גרם,false,,3.10,0.0388,true,1,6327
7290000076133,false,בייגלה שמיניות קטנות 400 גרם אסם,"אסם תעשיות בע""מ",IL,בייגלה שמיניות קטנות,גרמים,400.00,100 גרם,false,,11.40,0.0285,true,1,6328
7290000076645,false,אוסם - טוסטעים חיטה מלאה 100 גרם,ון דר מולן האלום,NL,אסם טוסטעים חיטה מלא,גרמים,100.00,100 גרם,false,,9.90,0.0990,true,1,43157
7290000077017,false,עוגיות קרמוגית וקרם שוקולד אסם 200 גרם,מיוצר עי קונדיטוריית,IL,קרמוגית שוקו,גרמים,200.00,100 גרם,false,,11.50,0.0575,true,1,6341
7290000077253,false,אוסם - לחמית כפרית עם דגנים מלאים 190 גרם,"אסם תעשיות בע""מ",IL,לחמית כפרית 190 גר,גרמים,190.00,100 גרם,false,,10.50,0.0553,true,1,44156
7290000078014,false,שזיפים אמריקאים,,,חמוציות חתוכות,קילוגרמים,1.00,"ק""ג",true,,39.90,39.9000,true,1,27933
7290000078212,false,קרוטונים מתובלים 250 ג' אסם,עינת תעשיות מזון אגו,IL,קרוטונים מתובלים 250,גרמים,250.00,100 גרם,false,,14.50,0.0580,true,1,6348
7290000078762,false,אוסם - חטיפי פריכונים מאורז מלא בטעם דבש 80גר,סנורייס בלגיום אן. ו,BE,פריכונים אורז מלא בט,גרמים,80.00,100 גרם,false,,7.70,0.0963,false,1,6351
7290000079097,false,קרש חיתוך עץ 70 סמ,,,קרש חיתוך עץ 70 סמ,יחידה,0.00,יחידה,false,,299.00,0.0000,true,1,116643
7290000079233,false,קרם קרקר דיאטטי דל נתרן 250 גרם,"אסם תעשיות בע""מ",IL,קרם קרקר דל נתרן דיי,גרמים,250.00,100 גרם,false,,10.60,0.0424,true,1,6355
7290000080765,false,טוסטעים פת קלויה עם שומשום 100 ג' אוסם,ון דר מולן האלום,NL,טוסטעים פת קלויה שומ,גרמים,100.00,100 גרם,false,,9.90,0.0990,true,1,6369
7290000081663,false,בייגלה אסם טבעות שומשום 300 גרם,מיוצר עי קונדיטוריית,IL,בייגלה טבעות שומשום,גרמים,300.00,100 גרם,false,,11.40,0.0380,true,1,6372
7290000085166,false,פתי בר 400 גר אחים ג,"אחים גטניו בע""מ",,פתי בר גטניו 400 גר,גרמים,400.00,100 גרם,false,,7.50,0.0188,true,1,19644
7290000085173,false,פתיבר שוקו גטניו,,,פתיבר שוקו גטניו,גרמים,400.00,100 גרם,false,,7.50,0.0188,true,1,19645
7290000086545,false,חלה ראש השנה 600 גר,,,חלה ראש השנה 600 גר,יחידה,0.00,יחידה,false,,19.90,0.0000,true,1,118327
7290000089188,false,פומפידיתא יין אדום מ,אליעז בנימינה,IL,פומפדיתא יין מיוחד ל,ליטרים,1.00,ליטר,false,,16.90,16.9000,false,1,47685
7290000094540,false,אננס טבעי מיובש,,,אננס טבעי מיובש,קילוגרמים,1.00,"ק""ג",true,,88.00,88.0000,true,1,115435
7290000094922,false,קוקוס מיובש,,,קוקוס מיובש,קילוגרמים,1.00,"ק""ג",true,,80.00,80.0000,true,1,106370
7290000098142,false,ברבוניה טרי,,,ברבוניה טרי,קילוגרמים,1.00,"ק""ג",true,,120.00,120.0000,false,1,44082
7290000100029,false,פתיתי כרובית סנפרוסט 800 גר,"סנפרוסט בע""מ",IL,פתיתי כרובית סנפרוסט,גרמים,800.00,100 גרם,false,,18.90,0.0236,true,1,106934
7290000100036,false,פתיתי ברוקולי סנפרוס,"סנפרוסט בע""מ",IL,פתיתי ברוקולי 800 גר,גרמים,800.00,100 גרם,false,,18.90,0.0236,true,1,106935
7290000100128,false,פירות קפואים תות סנפרוסט 300 ג',"סנפרוסט בע""מ",IL,תות שדה סנפרוסט,גרמים,300.00,100 גרם,false,,14.90,0.0497,true,1,102987
7290000100135,false,פירות קפואים סנפרוסט דובדבן 300 גר,"סנפרוסט בע""מ",IL,דובדבן מתוק 300 גר',גרמים,300.00,100 גרם,false,,16.90,0.0563,true,1,106930
7290000100302,false,פול ירוק ללא קליפה 600ג',"סנפרוסט בע""מ",IL,פול ירוק ללא קליפה ס,גרמים,600.00,100 גרם,false,,22.90,0.0382,true,1,110092
7290000100593,false,פרוסות אנטיפסטי לתנור סנפורסט 600 ג',"סנפרוסט בע""מ",IL,אנטיפסטי לתנור 600 ג,גרמים,600.00,100 גרם,false,,21.00,0.0350,true,1,115754
7290000100609,false,קוביות אנטי פסטי להקפצה סנפורסט 600 ג',"סנפרוסט בע""מ",IL,אנטיפסטי להקפצה 600,גרמים,600.00,100 גרם,false,,21.00,0.0350,true,1,115755
7290000101132,false,לקט קטניות לחמין סנפרוסט 800 גר,"סנפרוסט בע""מ",IL,לקט קטניות לחמין,יחידה,0.00,יחידה,false,,19.90,0.0000,false,1,97409
7290000101927,false,אוכמניות כחולות מוקפאות סנפרוסט 300 גרם,"איי, בי, אינבוו",IL,אוכמניות כחולות מוקפ,גרמים,300.00,100 גרם,false,,14.90,0.0497,true,1,100777
7290000101934,false,מיקס פירות יער מוקפאות 300 ג' סנפרוסט,"איי, בי, אינבוו",IL,תערובת פירות יער קפו,גרמים,300.00,100 גרם,false,,14.90,0.0497,true,1,100778
7290000101941,false,אננס חתוך מוקפא סנפרוסט 300ג',"איי, בי, אינבוו",IL,אננס חתוך מוקפא 300,גרמים,300.00,100 גרם,false,,14.90,0.0497,true,1,100779
7290000101958,false,מנגו חתוך מוקפא סנפרוסט 300ג',"איי, בי, אינבוו",IL,מנגו חתוך מוקפא 300,גרמים,300.00,100 גרם,false,,14.90,0.0497,true,1,100780
7290000103365,false,מרק ירקות 550 ג' סנפרוסט,"איי, בי, אינבוו",IL,מרק ירקות סנפרוסט,גרמים,500.00,100 גרם,false,,14.90,0.0298,false,1,56454
7290000103433,false,לקט ירקות סנפרוסט לתנור 800 גר,"איי, בי, אינבוו",IL,ירקות לתנור סנפרוסט,יחידה,0.00,יחידה,false,,21.00,0.0000,false,1,96728
7290000103457,false,מיני כרובית סנפרוסט 600 גר,"סנפרוסט בע""מ",IL,מיני כרובית 600 גר',גרמים,600.00,100 גרם,false,,15.90,0.0265,false,1,95310
7290000103471,false,מיני ברוקולי סנפרוסט 600 גר',"סנפרוסט בע""מ",IL,מיני ברוקולי 600 גר',גרמים,600.00,100 גרם,false,,15.90,0.0265,true,1,95534
7290000103488,false,ארטישוק ירושלמי סנפרוסט 400 גר,"סנפרוסט בע""מ",IL,ארטישוק ירושלמי,יחידה,0.00,יחידה,false,,19.90,0.0000,false,1,96624
7290000103730,false,לקט להקפצה עם פסטה פוזילי סנפרוסט 800 גרם,"איי, בי, אינבוו",IL,לקט להקפצה עם פסטה ס,גרמים,800.00,100 גרם,false,,21.90,0.0274,false,1,42345
7290000103815,false,סנפרוסט לקט להקפצה תאילנדי 800 גר,"סנפרוסט בע""מ",IL,לקט להקפצה בסגנון תא,גרמים,800.00,100 גרם,false,,21.90,0.0274,false,1,51364
7290000103822,false,ירקות שמלווים עוף סנפרוסט 800ג',"סנפרוסט בע""מ",IL,לקט לעוף 800 גר' סנפ,גרמים,800.00,100 גרם,false,,21.00,0.0263,false,1,50372
7290000103839,false,מרק כתום קפוא 570 ג' סנפרוסט,"סנפרוסט בע""מ",IL,מרק כתום סנפרוסט,גרמים,572.00,100 גרם,false,,14.90,0.0260,false,1,50313
7290000103846,false,מרק אפונה 570 ג' סנפרוסט,"סנפרוסט בע""מ",IL,מרק אפונה סנפרוסט,גרמים,572.00,100 גרם,false,,14.90,0.0260,false,1,50310
7290000103860,false,מרק עדשים קפוא 570 ג' סנפרוסט,"איי, בי, אינבוו",IL,מרק עדשים סנפרוסט,גרמים,572.00,100 גרם,false,,14.90,0.0260,false,1,50314
7290000103877,false,מרק שעועית קפוא 640 ג' סנפרוסט,"סנפרוסט בע""מ",IL,מרק שעועית סנפרוסט,גרמים,644.00,100 גרם,false,,14.90,0.0231,false,1,50312
7290000104072,false,עדשים ירוקות מבושלות מוקפאות 800 ג' סנפרוסט,"איי, בי, אינבוו",IL,עדשים ירוקות מבושלות,גרמים,800.00,100 גרם,false,,19.90,0.0249,false,1,46191
7290000104201,false,אפונה עדינה 600 גר סנפרוסט,"איי, בי, אינבוו",IL,אפונה עדינה,גרמים,600.00,100 גרם,false,,17.90,0.0298,false,1,9473
7290000104218,false,סנפרוסט במיה 600 גרם,"איי, בי, אינבוו",IL,במיה סנפרוסט,גרמים,600.00,100 גרם,false,,16.90,0.0282,false,1,9474
7290000104225,false,בצל קצוץ סנפרוסט 600 גרם,"סנפרוסט בע""מ",IL,בצל קצוץ סנפרוסט,גרמים,600.00,100 גרם,false,,16.90,0.0282,false,1,9475
7290000104676,false,אפונה קפואה סנפרוסט 800 גרם,"איי, בי, אינבוו",IL,אפונה סנפרוסט 00,גרמים,800.00,100 גרם,false,,17.90,0.0224,false,1,9476
7290000104683,false,שעועית ירוקה שלמה 800 גר סנפרוסט,"סנפרוסט בע""מ",IL,שעועית שלמה 800,גרמים,800.00,100 גרם,false,,19.90,0.0249,false,1,9477
7290000104690,false,תירס גרעינים קפוא סנפרוסט 800 ג',"איי, בי, אינבוו",IL,תירס 800 סנפרוסט,גרמים,800.00,100 גרם,false,,16.90,0.0211,false,1,9478
7290000104706,false,גזר גמדי 800 גרם סנפרוסט,"סנפרוסט בע""מ",IL,גזר גמדי 800,גרמים,800.00,100 גרם,false,,17.90,0.0224,false,1,9479
7290000104713,false,פול ירוק 800 גר סנפרוסט,"איי, בי, אינבוו",IL,פול ירוק 800,גרמים,800.00,100 גרם,false,,22.90,0.0286,false,1,9480
7290000104720,false,שעועית ירוקה חתוכה 800גר סנפרוסט,"סנפרוסט בע""מ",IL,שעועית ירוקה חתוכה,גרמים,800.00,100 גרם,false,,16.90,0.0211,false,1,9481
7290000104737,false,שעועית צהובה חתוכה סנפרוסט 800גר,"סנפרוסט בע""מ",IL,שעועית צהובה,גרמים,800.00,100 גרם,false,,16.90,0.0211,false,1,9482
7290000104744,false,כרובית 800 גר סנפרוסט,"סנפרוסט בע""מ",IL,כרובית 800 גר,גרמים,800.00,100 גרם,false,,22.90,0.0286,false,1,9483
7290000104751,false,כרוב ניצנים סנפרוסט 800 גרם,"איי, בי, אינבוו",IL,כרוב ניצנים סנפר,גרמים,800.00,100 גרם,false,,23.90,0.0299,false,1,9484
7290000104768,false,תרד עלים סנפרוסט 800 ג ',"איי, בי, אינבוו",IL,תרד עלים 800,גרמים,800.00,100 גרם,false,,22.90,0.0286,false,1,9485
7290000104775,false,מדליוני תרד 800 גר סנפרוסט,"איי, בי, אינבוו",IL,תרד מדליון,גרמים,800.00,100 גרם,false,,23.90,0.0299,false,1,9486
7290000104799,false,שעועית לבנה מבושלת סנפרוסט 800גר,"איי, בי, אינבוו",IL,שעועית לבנה מבוש,גרמים,800.00,100 גרם,false,,17.90,0.0224,false,1,9487
7290000104805,false,גרגירי חומוס קפוא 800 ג' סנפרוסט,"איי, בי, אינבוו",IL,חומוס מבושל סנפר,גרמים,800.00,100 גרם,false,,17.90,0.0224,false,1,9488
7290000104829,false,"קלחוני תירס 1 ק""ג סנפרוסט","איי, בי, אינבוו",IL,קלחוני תירס 1 קג,יחידה,1.00,יחידה,false,,19.90,19.9000,false,1,9490
7290000104836,false,שעועית עדינה שלמה 600 גר סנפרוסט,"סנפרוסט בע""מ",IL,שעועית עדינה שלמה 60,גרמים,600.00,100 גרם,false,,21.90,0.0365,false,1,9491
7290000104874,false,ירקות לקוסקוס של אמא סנפרוסט 800ג',"סנפרוסט בע""מ",IL,לקט לקוסקוס,גרמים,800.00,100 גרם,false,,21.00,0.0263,false,1,9493
7290000104881,false,אפונה וגזר קפוא סנפרוסט 800ג',"איי, בי, אינבוו",IL,אפונה וגזר,גרמים,800.00,100 גרם,false,,15.90,0.0199,false,1,9494
7290000104904,false,לקט ירקות מעורבים 800 ג' סנפרוסט,"איי, בי, אינבוו",IL,לקט ירקות מעורבי,גרמים,800.00,100 גרם,false,,21.90,0.0274,false,1,9496
7290000104911,false,לקט נורמנדי 800 גר סנפרוסט,"איי, בי, אינבוו",IL,לקט נורמנדי,גרמים,800.00,100 גרם,false,,21.00,0.0263,false,1,9497
7290000106175,false,"לקט כפרי 2 ק""ג סנפרוסט","סנפרוסט בע""מ",IL,לקט כפרית 2,יחידה,2.00,יחידה,false,,37.90,18.9500,false,1,9501
7290000106526,false,חגיגה ירוקה להקפצה סנפרוסט 800 גר,"איי, בי, אינבוו",IL,חגיגה ירוקה להקפצה,גרמים,800.00,100 גרם,false,,21.00,0.0263,true,1,112583
7290000107165,false,פולי סויה אדממה סנפרוסט 400 ג',"איי, בי, אינבוו",IL,חטיף סויה אדממה,גרמים,400.00,100 גרם,false,,13.50,0.0338,false,1,22948
7290000107189,false,תחתיות ארטישוק 400 גרם סנפרוסט,"איי, בי, אינבוו",IL,ארטישוק תחתיות,גרמים,400.00,100 גרם,false,,19.90,0.0497,false,1,9503
7290000107295,false,תפרחות ברוקולי סנפרוסט 800 ג',"איי, בי, אינבוו",IL,ברוקולי 800,גרמים,800.00,100 גרם,false,,22.90,0.0286,false,1,9510
7290000107615,false,ירקות ואננס להקפצה מנה אסייתית צבעונית ועשירה,"איי, בי, אינבוו",IL,מנה אסייתית צבעונית,גרמים,800.00,100 גרם,false,,21.00,0.0263,true,1,112585
7290000110844,false,"כיפלי גריל בד""צ תלמה 70 ג'",יוניליור ישראל מזון,IL,"כפלי גריל בד""ץ",גרמים,70.00,100 גרם,false,,6.00,0.0857,false,1,13827
7290000110851,false,"כיפלי בצל בד""צ תלמה 70 ג'",אתר שפע - Food,IL,כפלי בצל,גרמים,70.00,100 גרם,false,,6.00,0.0857,true,1,13828
7290000111063,false,מיונז אמיתי תלמה 250 ג',יוניליוור ישראל מזון,IL,מיונז אמיתי 250,גרמים,250.00,100 גרם,false,,7.20,0.0288,false,1,13829
7290000111117,false,מרכך כביסה לבן 4 ל' בדין,יוניליור ישראל טיפוח,IL,בדין לבן 4 ליטר,ליטרים,4.00,ליטר,false,,19.90,4.9750,false,1,13830
7290000111186,false,מיונז תלמה 500 גרם-צנצנת,יוניליוור ישראל מזון,IL,מיונז 500,גרמים,500.00,100 גרם,false,,9.90,0.0198,false,1,13832
7290000111353,false,"מיונז אמיתי תלמה 1 ק""ג",יוניליוור ישראל מזון,IL,מיונז אמיתי 1קג,יחידה,1.00,יחידה,false,,17.60,17.6000,false,1,13835
7290000111360,false,חרדל תלמה 250 גרם-צנצנת,יוניליוור ישראל מזו,IL,חרדל 250,גרמים,250.00,100 גרם,false,,8.50,0.0340,true,1,13836
7290000111384,false,חרדל אמיתי בצנצנת 550 ג' תלמה,יוניליוור ישראל מזו,IL,חרדל אמיתי 550,גרמים,550.00,100 גרם,false,,12.90,0.0235,true,1,13838
7290000112220,false,בארכה טחינה 100% שומשום 500 גרם,רושדי תעשיות מזון בע,IL,טחינה גולמית 500,גרמים,500.00,100 גרם,false,,13.90,0.0278,false,1,18480
7290000112497,false,מרק עשיר עוף אטריות קנור 75 גרם - שקיות,יוניליוור ישראל מזון,IL,קנור עשיר עוף,גרמים,75.00,100 גרם,false,,10.90,0.1453,true,1,13869
7290000112503,false,מרק עשיר ירקות קנור 69 גרם - שקיות,יוניליוור ישראל מזון,IL,קנור עשיר ירקות,גרמים,61.00,100 גרם,false,,10.90,0.1787,true,1,13870
7290000112619,false,מרק עוף לתיבול והעשרה קנור 400 ג',יוניליוור ישראל מזון,IL,מרק עוף אמיתי,גרמים,400.00,100 גרם,false,,17.90,0.0447,false,1,13874
7290000114187,false,תרכיז ניקוי רב תכליתי בניחוח אורנים,סיף פנטסטיק Cif Fantastic,IL,פנטסטיק 4 ליטר א,ליטרים,4.00,ליטר,false,,19.90,4.9750,false,1,13915
7290000116204,false,"אבקת מרק דגש בטעם עוף 1ק""ג קנור",יוניליוור ישראל מזון,IL,מ.דגש 1קג,יחידה,1.00,יחידה,false,,15.90,15.9000,false,1,13940
7290000116921,false,רוטב צ'ילי מתוק 370ג'12x קנור,יוניליוור ישראל מזון,IL,רוטב צ'ילי מתוק,גרמים,370.00,100 גרם,false,,12.90,0.0349,false,1,13952
7290000116945,false,קנור רוטב סויה קלאסי 300 מל,יוניליוור ישראל מזון,IL,רוטב סויה קנור,מיליליטרים,300.00,"100 מ""ל",false,,13.90,0.0463,false,1,13953
7290000117171,false,מרק טעם עוף דל קלוריות 48 גרם-קופסא,יוניליוור ישראל מזון,IL,מרק טעם עוף נמס 10 ק,גרמים,46.00,100 גרם,false,,8.20,0.1783,true,1,13960
7290000117720,false,קנור - נמס בכוס זוג פטריות 21.50 גרם * 2,יוניליוור ישראל מזון,IL,נ.בכוס פטריות,גרמים,43.00,100 גרם,false,,7.00,0.1628,true,1,13968
7290000118277,false,כופתאות מצה להכנת מהירה 65 ג' קנור,יוניליוור ישראל מזון,IL,קניידל,גרמים,130.00,100 גרם,false,,13.50,0.1038,false,1,13978
7290000120836,false,הלמנס מיונז אמיתי 394גר ADR,קונפקו אינק' די.בי.א,CA,מיונז הלמנס,גרמים,394.00,100 גרם,false,,10.90,0.0277,false,1,14002
7290000120874,false,מיונז הלמנס לייט מופחת קלוריות 424ג,"יונילוור ארה""ב - HPC",US,מיונז הלמנס דל,גרמים,424.00,100 גרם,false,,10.90,0.0257,false,1,14004
7290000121017,false,גבינה מותכת 7% שומרון 120 גרם,ש.האופים,IL,גבינת שומרון7% 120 ג,גרמים,120.00,100 גרם,false,,11.90,0.0992,true,1,19745
7290000121031,false,גבינה מותכת 14% למריחה 120ג' החתול,שלושת האופים,IL,גבינת חתול 14% 120 ג,גרמים,120.00,100 גרם,false,,10.60,0.0883,true,1,19746
7290000121093,false,גבינה מון בלאן שוצרית 120 גרם,האי נאם סי או אל.טי.,IL,גבינה מון בלאן לייט,גרמים,120.00,100 גרם,false,,11.50,0.0958,true,1,19749
7290000121109,false,"גבינת מון בלאן זיתים, 120 ג'",האי נאם סי או אל.טי.,IL,גבינה מון בלאן לייט,גרמים,120.00,100 גרם,false,,11.90,0.0992,true,1,19750
7290000121154,false,"גבינת מון בלאן סלמון, 120 ג'",האי נאם סי או אל.טי.,IL,גבינה מון בלאן לייט,גרמים,120.00,100 גרם,false,,13.50,0.1125,true,1,19752
7290000121239,false,מיוקל 5% שומן ללא כולסטרול תלמה 500ג',יוניליוור ישראל מזון,IL,מיוקל 5 שומן%,גרמים,500.00,100 גרם,false,,13.50,0.0270,false,1,14009
7290000122830,false,רוטב בישול סצואן 370 גרם קנור,מיוצר עי קונדיטוריית,IL,רוטב סצ'ואן 370מ''ל,יחידה,300.00,יחידה,false,,12.90,0.0430,true,1,14045
7290000123405,false,מארז ג'חנון סאמנה 75,,,מארז ג'חנון סאמנה 75,גרמים,750.00,100 גרם,false,,42.90,0.0572,true,1,166920
7290000124841,false,ורד הגליל שוקולד חלב מארז שלישיה 300 גרם,יוניליוור ישראל מזון,IL,שלישיה שוקולד חלב ור,גרמים,300.00,100 גרם,false,,14.90,0.0497,false,1,14079
7290000125251,false,בדין שמפו לכביסה עדינה 2 ליטר,"זוהר דליה, קיבוץ דלי",IL,שמפו לכביסה עדינה,ליטרים,2.00,ליטר,false,,29.90,14.9500,true,1,14083
7290000129457,false,אבקת רוטב פטריות קנור 28 ג' שקית,יוניליוור ישראל מזון,IL,רוטב פטריות קנור,גרמים,28.00,100 גרם,false,,4.60,0.1643,true,1,21418
7290000129785,false,מרכך כביסה ירוק 4 ל' בדין,אתר ליוור - HPC,IL,בדין ירוק 4 ליטר,ליטרים,4.00,ליטר,false,,19.90,4.9750,false,1,14148
7290000130125,false,מצות יצוא 400 גרם,,,מצות 400,גרמים,400.00,100 גרם,false,,14.90,0.0373,true,1,15380
7290000130606,false,קמח מצה רגיל 200 גר,מצות אביב,IL,קמח מצה 200 גר,גרמים,200.00,100 גרם,false,,3.00,0.0150,true,1,15383
7290000131122,false,בצק עלים צרפתי שחף 1,יושלם,,בצק עלים צרפתי שחף 1,קילוגרמים,1.50,"ק""ג",false,,19.90,13.2667,true,1,5686
7290000134147,false,טעם וריח מוסקט טחון מיכל 40גר,"תבליני טעם וריח בע""מ",IL,מוסקט טחון 40 גרם,גרמים,40.00,100 גרם,false,,14.90,0.3725,true,1,15823
7290000134307,false,תבלין קינמון טחון 50 גר',"תבליני טעם וריח בע""מ",IL,קינמון טחון בשקית 50,גרמים,50.00,100 גרם,false,,5.90,0.1180,true,1,15826
7290000134338,false,תבלין אבקת שום טעם ו,"תבליני טעם וריח בע""מ",IL,אבקת שום מיכל,גרמים,90.00,100 גרם,false,,9.50,0.1056,true,1,38819
7290000134352,false,תבלין קינמון טחון 90 גר',"תבליני טעם וריח בע""מ",IL,תבלין קינמון טחו,גרמים,90.00,100 גרם,false,,9.50,0.1056,true,1,15830
7290000134376,false,תבלין פפריקה בשמן 90 גר',"תבליני טעם וריח בע""מ",IL,פפריקה מרוקאית מתוקה,גרמים,90.00,100 גרם,false,,9.50,0.1056,true,1,15831
7290000134550,false,טעם וריח עלי דפנה שק,"תבליני טעם וריח בע""מ",IL,עלי דפנה שק 20',גרמים,40.00,100 גרם,false,,5.90,0.1475,true,1,15836
7290000134673,false,תבלין זנגביל טעם ורי,"תבליני טעם וריח בע""מ",IL,זנגויל מיכל פלסטיק,גרמים,30.00,100 גרם,false,,5.50,0.1833,true,1,30493
7290000134680,false,תבלין קמיל שלם טעם ו,תות ממתקי איכות,IL,קימל שלם במיכל,גרמים,40.00,100 גרם,false,,5.50,0.1375,true,1,29264
7290000134758,false,"תבלין תיבול לתפו""א 100 ג'","תבליני טעם וריח בע""מ",IL,"תבלין לתפו""א",גרמים,100.00,100 גרם,false,,9.50,0.0950,true,1,15838
7290000134826,false,תבלין זעתר מעורב 100 גר',"תבליני טעם וריח בע""מ",IL,תבלין זעתר,גרמים,100.00,100 גרם,false,,9.50,0.0950,true,1,15841
7290000134833,false,תבלין כמון טחון 100 גר',"תבליני טעם וריח בע""מ",IL,תבלין כמון,גרמים,100.00,100 גרם,false,,9.50,0.0950,true,1,15842
7290000134840,false,תבלין כורכום טחון 100 גר',"תבליני טעם וריח בע""מ",IL,תבלין כורכום,גרמים,100.00,100 גרם,false,,9.50,0.0950,true,1,15843
7290000134857,false,תבלין פפריקה מתוקה 100 גר',"תבליני טעם וריח בע""מ",IL,פפריקה מתוקה,גרמים,100.00,100 גרם,false,,9.50,0.0950,true,1,15844
7290000134864,false,תבלין פפריקה חריפה 100 גר',"תבליני טעם וריח בע""מ",IL,תבלין פפריקה,גרמים,100.00,100 גרם,false,,9.50,0.0950,true,1,32597
7290000134871,false,תבלין פלפל שחור טחון 100 גר',"תבליני טעם וריח בע""מ",IL,פלפל שחור טחון 100 ג,גרמים,100.00,100 גרם,false,,12.90,0.1290,true,1,15845
7290000134970,false,תבלין חוואייג טעם ור,"תבליני טעם וריח בע""מ",IL,תבלין חוויא'ג,גרמים,100.00,100 גרם,false,,9.50,0.0950,true,1,38181
7290000134987,false,תבלין פלפל שחור גרוס 90 גר',"תבליני טעם וריח בע""מ",IL,פלפל שחור גרוס,גרמים,90.00,100 גרם,false,,12.90,0.1433,true,1,15852
7290000135045,false,"XL TEN משקה אנרגיה פתוח ללא סוכר 250 מ""ל","טמפו משקאות בע""מ",IL,"פחית XL תפוח 250 מ""ל",מיליליטרים,250.00,"100 מ""ל",false,,4.50,0.0180,false,1,111310
7290000135052,false,"XL TEN משקה אנרגיה מנגו ללא סוכר 250 מ""ל","טמפו משקאות בע""מ",IL,"פחית XL מנגו 250 מ""ל",מיליליטרים,250.00,"100 מ""ל",false,,4.50,0.0180,false,1,111311
7290000135113,false,"משקה אנרגיה XL פחית ten נענע ליים 250 מ""ל",טמפו 7.5%,IL,משקה אנרגיה XL נענע,מיליליטרים,250.00,"100 מ""ל",false,,4.50,0.0180,false,1,114881
7290000135465,false,"מי סודה 500 מ""ל - מארז 12 בקבוקים",טמפו 7.5%,IL,סודה טמפו 500 מל מאר,ליטרים,6.00,ליטר,false,,25.90,4.3167,true,1,121832
7290000135595,false,פפסי מקס בטעם דובדבן 1.5 ליטר,"איי, בי, אינבוו",IL,פפסי מקס דובדבן 1.5,ליטרים,1.50,ליטר,false,,6.90,4.6000,false,1,122395
7290000135625,false,"רביעיית פחיות גולדסטאר 500 מ""ל",טמפו,IL,רביעיית פחיות גולדסט,ליטרים,2.00,ליטר,false,,29.90,14.9500,true,1,123250
7290000135663,false,"פפסי מקס דובדבן פחית צרה מארז שישייה 330 מ""ל",אלפא S.A,IL,פפסי מקס דובדבן פחית,ליטרים,1.98,ליטר,false,,18.90,9.5455,true,1,167835
7290000136141,false,משקה בטעם קולה 1.5ל' פפסי,פפסי Pepsi,IL,פפסי 1.5 ליטר,ליטרים,1.50,ליטר,false,,7.50,5.0000,false,1,164600
7290000136158,false,פפסי מקס 1.5 ליטר פיקדון,פפסי Pepsi,IL,פפסי מקס 1.5 ליטר,ליטרים,1.50,ליטר,false,,6.90,4.6000,false,1,164601
7290000136165,false,משקה מירינדה 1.5ליטר,מירינדה Mirinda,IL,מירינדה 1.5 ליטר,ליטרים,1.50,ליטר,false,,7.50,5.0000,false,1,164598
7290000136172,false,סבן אפ בקבוק 1.5 ליט,סבן אפ 7up,IL,סבן אפ 1.5 ליטר,ליטרים,1.50,ליטר,false,,7.50,5.0000,false,1,164602
7290000136189,false,דיאט סבן אפ 1.5 ליטר FREE,סבן אפ 7up,IL,דיאט סבן אפ 1.5 ליטר,ליטרים,1.50,ליטר,false,,7.50,5.0000,false,1,164606
7290000136240,false,סודה 1.5 ליטר שישייה בודד,טמפו,IL,סודה 1.5 ליטר טמפו,ליטרים,1.50,ליטר,false,,4.30,2.8667,false,1,164594
7290000136257,false,פאנק טוניק גזוז בטעם פירות,טמפו 7.5%,IL,1.5ליטר טמפו rush&to,ליטרים,1.50,ליטר,false,,10.90,7.2667,false,1,164584
7290000136264,false,מי טוניק גזוז 1.5 ל' טמפו,טמפו 7.5%,IL,מי טוניק 1.5 ליטר,ליטרים,1.50,ליטר,false,,10.90,7.2667,false,1,164585
7290000136288,false,סירופ בטעם תפוחים סיידר הגליל JUICER,סיידר הגליל,IL,סירופ בטעם תפוחים סי,מיליליטרים,330.00,"100 מ""ל",false,,13.90,0.0421,true,1,168246
7290000136295,false,סירופ בטעם פטל סיידר הגליל JUICER,סיידר הגליל,IL,סירופ בטעם פטל סיידר,מיליליטרים,330.00,"100 מ""ל",false,,13.90,0.0421,true,1,168247
7290000136301,false,סירופ בטעם ענבים סיידר הגליל JUICER,סיידר הגליל,IL,סירופ בטעם ענבים סיי,מיליליטרים,330.00,"100 מ""ל",false,,13.90,0.0421,true,1,168248
7290000136455,false,משקה בטעם אשכוליות תריסר 1.5 ל' ג'אמפ,טמפו 7.5%,IL,ג'אמפ אשכוליות 1.5 ל,ליטרים,1.50,ליטר,false,,7.90,5.2667,false,1,164589
7290000136516,false,משקה בטעם מנגו פסיפלורה תריסר 1.5 ל' ג'אמפ,טמפו 7.5%,IL,ג'אמפ מנגו פסיפלורה,ליטרים,1.50,ליטר,false,,7.90,5.2667,false,1,164586
7290000136561,false,משקה בטעם תות בננה תריסר 1.5 ל' ג'אמפ,טמפו 7.5%,IL,ג'אמפ תות בננה 1.5 ל,ליטרים,1.50,ליטר,false,,7.90,5.2667,false,1,164592
7290000136585,false,משקה בטעם תפוזים תריסר 1.5 ל' ג'אמפ,טמפו 7.5%,IL,ג'אמפ תפוזים 1.5 לי,ליטרים,1.50,ליטר,false,,7.90,5.2667,false,1,164587
7290000136646,false,משקה מאלט תריסר 1.5 ל' נשר,טמפו 7.5%,IL,נשר מאלט 1.5 ליטר,ליטרים,1.50,ליטר,false,,8.90,5.9333,false,1,164582
7290000136653,false,משקה מאלט דיאט תריסר 1.5 ל' נשר,טמפו 7.5%,IL,דיאט נשר מאלט 1.5 לי,ליטרים,1.50,ליטר,false,,8.90,5.9333,false,1,164583
7290000136776,false,שישיית פפסי מקס דל קלוריות 1.5 ליטר,פפסי Pepsi,IL,פפסי מקס 1.5 ליטר שי,ליטרים,9.00,ליטר,false,,37.90,4.2111,false,1,164618
7290000136790,false,מארז סודה שישייה 1.5 ל' טמפו,טמפו 7.5%,IL,סודה 1.5 ליטר שישייה,ליטרים,9.00,ליטר,false,,17.90,1.9889,false,1,164610
7290000136813,false,סודה בטעם אננס מארז רביעייה 1.5 ל' טמפו,טמפו 7.5%,IL,סודה אננס 1.5 ליטר ר,ליטרים,4.00,ליטר,false,,11.90,2.9750,false,1,164612
7290000136820,false,סודה בטעם פירות יער מארז ריבעיה * 1.5 ל' טמפו,טמפו 7.5%,IL,סודה פירות יער 1.5 ל,ליטרים,4.00,ליטר,false,,11.90,2.9750,false,1,164613
7290000136844,false,מארז מים מזוככים אקווה נובה שישיית 2 ליטר,אקווה נובה Aqua Nova,IL,מי נובה 2 ליטר שישי,ליטרים,12.00,ליטר,false,,11.90,0.9917,false,1,164607
7290000136868,false,שישיית מים מינרלים סאן בנדטו,סאן בנדטו San Benedetto,IL,סן בנדטו 1.5 ליטר שי,ליטרים,9.00,ליטר,false,,17.90,1.9889,false,1,164608
7290000136875,false,מארז מים מינרלים מוגז 6* 1.5 ל' סאן בנדטו,סאן בנדטו San Benedetto,IL,סן בנדטו מוגז 1.5 לי,ליטרים,9.00,ליטר,false,,18.90,2.1000,false,1,164615
7290000137513,false,גלידונית גלידה וניל בציפוי שוקולד 60 יח' קרמיסימו,"גלידת שטראוס בע""מ, ר",IL,קרמיסימו גלידונית 60,גרמים,630.00,100 גרם,false,,49.90,0.0792,false,1,8074
7290000137643,false,מאגדת שלגוני טעמקור 8 יח' שטראוס,"גלידת שטראוס בע""מ, ר",IL,מאגדת טעמקור שוקו ונ,יח',8.00,יח',false,,39.90,4.9875,true,1,8075
7290000140056,false,עוף טחון,,,עוף טחון,קילוגרמים,1.00,"ק""ג",true,,39.90,39.9000,false,1,66895
7290000143187,false,"הוואי שמפו 2 ב 1 לגבר 700 מ""ל",שוורצקוף& הנקל דיסלד,IL,שמפו הוואי לגבר 700,מיליליטרים,700.00,"100 מ""ל",false,,8.90,0.0127,false,1,21057
7290000143200,false,"הוואי - מרכך לשיער יבש 700 מ""ל",שוורצקוף& הנקל דיסלד,IL,מרכך הוואי יבש 700 מ,מיליליטרים,700.00,"100 מ""ל",false,,8.90,0.0127,false,1,21059
7290000143217,false,"הוואי שמפו יבש מסולסל 700 מ""ל",שוורצקוף& הנקל דיסלד,IL,שמפו הוואי יבש 700 מ,מיליליטרים,700.00,"100 מ""ל",false,,8.90,0.0127,true,1,21060
7290000143255,false,"שמפו הוואי לשיער רגיל 700 מ""ל",שוורצקוף& הנקל דיסלד,IL,שמפו הוואי רגיל 700,מיליליטרים,700.00,"100 מ""ל",false,,8.90,0.0127,false,1,21063
7290000143279,false,"שמפו הוואי נגד קשקשים 700 מ""ל-אדום",שוורצקוף& הנקל דיסלד,IL,שמפו הוואי נגד קשקשי,מיליליטרים,700.00,"100 מ""ל",false,,8.90,0.0127,false,1,21065
7290000143286,false,"מרכך הוואי לשיער רגיל 700 מ""ל",טרופיקל דגיל קוסמטיק,IL,מרכך הוואי רגיל 700,מיליליטרים,700.00,"100 מ""ל",false,,8.90,0.0127,false,1,21066
7290000143293,false,"הוואי - מרכך ילדים מתיר קשרים 700 מ""ל",טרופיקל דגיל,IL,מרכך הוואי ילדים 700,מיליליטרים,700.00,"100 מ""ל",false,,8.90,0.0127,false,1,21067
7290000144160,false,"שמן זית כתית מעולה מודגש""עץ-הזית"" 750 מ""ל","מרקאולאו, ספרד.אבסה,",IT,שמן זית בטעם מודגש 7,יחידה,750.00,יחידה,false,,29.90,0.0399,false,1,45152
7290000144467,false,שמן חמניות מועשר בנוגדי חמצון 1 ל' עץ הזית,"נארז ע""י : א.ג. גילר",GR,שמן חמניות בריאות,ליטרים,1.00,ליטר,false,,14.90,14.9000,false,1,20992
7290000144474,false,שמן עץ הזית קנולה 1 ליטר בריאות מהטבע,שמן תעשיות,EE,שמן קנולה בריאות,ליטרים,1.00,ליטר,false,,14.90,14.9000,false,1,20993
7290000146669,false,הוואי - סבון מוצק שמיים כחולים 100 גרם רביעייה,טרופיקל דגיל קוסמטיק,IL,רבעיה ס.מ.הוואי שמיי,גרמים,400.00,100 גרם,false,,12.90,0.0323,true,1,21092
7290000146676,false,הוואי - סבון מוצק לגבר 100 גרם רביעייה,טרופיקל דגיל קוסמטיק,IL,רבעיה ס.מ.הוואי לגבר,גרמים,400.00,100 גרם,false,,12.90,0.0323,true,1,21093
7290000148380,false,פיסטוק קלוי שקית 200 גרם,"ג'י אנד ג'י בע""מ",IL,פיסטוק 200,גרמים,200.00,100 גרם,false,,21.00,0.1050,true,1,14599
7290000148489,false,גרעיני דלעת קליית גת שקית 200 גרם,"ג'י אנד ג'י בע""מ",IL,גרעיני דלעת,גרמים,200.00,100 גרם,false,,8.50,0.0425,true,1,14600
7290000148618,false,קשיו מטוגן שקית קליית גת 200 גרם,"ג'י אנד ג'י בע""מ",IL,קאשיו 200,גרמים,200.00,100 גרם,false,,18.00,0.0900,true,1,14601
7290000148748,false,קליית גת גרעיני חמניה קלויים ומומלחים200,"ג'י אנד ג'י בע""מ",IL,גרעיני חמניה,גרמים,200.00,100 גרם,false,,6.00,0.0300,true,1,14603
7290000148939,false,שקדים קלויים קלית גת 200 ג',"ג'י אנד ג'י בע""מ",IL,שקד קלוי 200 גר,גרמים,200.00,100 גרם,false,,18.00,0.0900,true,1,14605
7290000149615,false,נקה 7 סבון מוצק לתינוק רביעיה * 100 ג',גליל כימיקלים בעממשו,IL,נקה 7- לתינוק רביעיה,גרמים,400.00,100 גרם,false,,11.90,0.0298,true,1,26034
7290000149806,false,סופר 7-סבון נוזל כלים 1.0 ל',נקה 7,,סופר 7-ס.נוז' לכלים,ליטרים,1.00,ליטר,false,,12.90,12.9000,true,1,18890
7290000149905,false,טקסטיל שמפו לכביסה ביד 1 ליטר,מיוצר עי קונדיטוריית,IL,טקסטיל שמפו-1 ליטר נ,ליטרים,1.00,ליטר,false,,14.90,14.9000,true,1,18894
7290000150369,false,פסטרמה מקסיקנית בתיב,עיצובים 2020 (4.9),IL,פסטרמה מקסיקנית,קילוגרמים,1.00,"ק""ג",true,,74.00,74.0000,false,1,6384
7290000150956,false,עוף טוב מקלוני קבנוס 160 גר',מוצרי עוף טוב (2001),IL,מקלוני קבנוס עוף טוב,גרמים,160.00,100 גרם,false,,10.90,0.0681,true,1,47381
7290000151021,false,פסטרמה כפרית עוף טוב 100 ג',מוצרי עוף טוב (2001),IL,פסטרמה כפרית 100 גר,גרמים,100.00,100 גרם,false,,5.90,0.0590,true,1,59478
7290000161358,false,תלמה מיונז אמיתי משמן קנולה 500 גרם,אתר חיפה ממרחים - Fo,IL,מיונז אמיתי משמן קנו,גרמים,500.00,100 גרם,false,,14.90,0.0298,false,1,23191
7290000166605,false,סיף פנטסטיק ניקיון כללי יסמין 4ליטר,סיף פנטסטיק Cif Fantastic,IL,סיף נוזל לניקוי כללי,ליטרים,4.00,ליטר,false,,19.90,4.9750,false,1,56571
7290000168173,false,ברנפלקס קרנצים 375 ג' תלמה,יוניליור ישראל מזון,IL,דגני בוקר קראנצ'ים,גרמים,375.00,100 גרם,false,,19.90,0.0531,false,1,59364
7290000169538,false,"נמס בכוס עגבניות וקרוטונים מרק כשרות בד""ץ 62 ג' קנור",יוניליוור ישראל מזון,IL,נמס בכוס עגבניות וקר,גרמים,62.00,100 גרם,false,,7.00,0.1129,false,1,61847
7290000169798,false,"עוגי מופחת סוכר 20% פצפוצי שוקו' 500ג' בד""צ",יוניליוור שפע ישראל,IL,עוגי מופחת סוכר 500,גרמים,500.00,100 גרם,false,,19.90,0.0398,false,1,63129
7290000170053,false,שוקולד חלב 100 גרם בדץ,תופינית,IL,שוקולד חלב פרה 100 ג,גרמים,100.00,100 גרם,false,,6.00,0.0600,false,1,10298
7290000174723,false,שוקולית אבקה להכנת משקה שוקו 500 גרם,הנסיך- מפעל לייצור ט,IL,שוקולית 500 גרם,גרמים,500.00,100 גרם,false,,11.90,0.0238,false,1,10315
7290000176062,false,קפה עלית טורקי 100 גרם,שטראוס קפה בי.וי.,IL,קפה טורקי 100 גרם,גרמים,100.00,100 גרם,false,,9.40,0.0940,false,1,10327
7290000176079,false,קפה עלית טורקי עם הל 100 גרם,הנסיך- מפעל לייצור ט,IL,קפה עם הל 100 גרם,גרמים,100.00,100 גרם,false,,9.90,0.0990,true,1,10328
7290000176147,false,קפה מוקה קלוי מס1 עלית 500ג',ELITE CAFE SP. ZO.O,PL,קפה מוקה מספר 1 500,גרמים,500.00,100 גרם,false,,54.00,0.1080,false,1,10333
7290000176413,false,קפה נמס אבקתי 50 גרם,הנסיך- מפעל לייצור ט,IL,קפה נמס 50 גרם,גרמים,50.00,100 גרם,false,,9.50,0.1900,false,1,10335
7290000176420,false,קפה נמס אבקתי 200ג עלית,שטראוס קפה בי.וי,IL,קפה נמס עלית 200 גרם,גרמים,200.00,100 גרם,false,,21.00,0.1050,false,1,10336
7290000176468,false,קפה נמס נטול קפאין 50 ג' קפה האג,"איי, בי, אינבוו",IL,קפה נמס האג נטול קפא,גרמים,50.00,100 גרם,false,,11.50,0.2300,true,1,10337
7290000178707,false,תפוצ'יפס טבעי 50 גרם,"שטראוס פריטו ליי בע""",IL,תפוצ'יפס 50,גרמים,50.00,100 גרם,false,,3.90,0.0780,false,1,10965
7290000178721,false,חטיף תפוציפס טבעי 20,"שטראוס פריטו ליי בע""",IL,תפוצ'יפס 200,גרמים,200.00,100 גרם,false,,10.90,0.0545,false,1,10967
7290000185224,false,סילאן בקבוק לחיץ תמר כנרת 650 גר,,IL,סילאן כנרת בקבוק לחי,גרמים,650.00,100 גרם,false,,14.90,0.0229,true,1,41251
7290000185293,false,סילאן טבעי תמר כנרת 350 גרם,"חצר כנרת מוצרי תמר אגש""ח",IL,סילן טבעי 350גר,גרמים,350.00,100 גרם,false,,12.90,0.0369,true,1,45105
7290000185330,false,סילאן טבעי תמר כנרת 900 גר,טעמי הגליל,IL,סילאן טבעי חצר כנרת,גרמים,900.00,100 גרם,false,,22.90,0.0254,true,1,52372
7290000185590,false,סילאן טבעי בבקבוק לחיץ 650 גרם,חצר כינרת מוצרי תמר,IL,סילאן טבעי בקבוק לחי,גרמים,650.00,100 גרם,false,,18.90,0.0291,true,1,121243
7290000186030,false,מגבוני האגיס תחליב דיספנסר רביעייה,האגיס,IL,מארז מגבוני דיסני עם,יחידה,0.00,יחידה,false,,26.90,0.0000,false,1,99731
7290000186535,false,נייר טואלט טריו לבן 32 גלילים לילי,קימברלי קלארק ישראל,IL,לילי טריו 32 גלילים,יחידה,0.00,יחידה,false,,45.90,0.0000,false,1,67727
7290000187921,false,נייר טואלט לבן 32 גלילים לילי,קימברלי קלארק ישראל,IL,נייר טואלט לילי לבן,גרמים,1969.00,100 גרם,false,,38.90,0.0198,false,1,34401
7290000187938,false,לילי - נייר טואולט נייר טואלט פסטל 32 יח',קימברלי קלארק,IL,נייר טואלט לילי פסטל,יחידה,0.00,יחידה,false,,39.90,0.0000,false,1,34377
7290000187952,false,לילי טריפל קומפורט ורוד נ.טואלט 32 גלילי,קימברלי קלארק,IL,נייר טואלט לילי טריו,גרמים,1788.00,100 גרם,false,,45.90,0.0257,false,1,34400
7290000188270,false,קליניקס ממחטות אף אולטרא סופט 2*80 דף,פאפלינס,,זוג טישו עם לחות- קל,גרמים,390.00,100 גרם,false,,18.90,0.0485,false,1,15492
7290000188553,false,קוטקס - מגן תחתון סילק נורמל 60 יח',קימברלי קלארק,CN,מגן תחתון קוטקס נורמ,יחידה,0.00,יחידה,false,,17.90,0.0000,true,1,46844
7290000188591,false,קוטקס - מגן תחתון סילק יאנג 60 יח',קימברלי קלארק,CN,מגן תחתון קוטקס יאנג,יחידה,0.00,יחידה,false,,17.90,0.0000,true,1,46845
7290000188829,false,נייר מגבת תעשיתי,ניקול,,נייר מגבת תעשיתי,יחידה,0.00,יחידה,false,,8.00,0.0000,true,1,15493
7290000189079,false,"ניקול תבניות אינגליש חזקות ועבות מארז, 7 יח'",חוגלה,CN,תבניות עגולות ניקול,יחידה,0.00,יחידה,false,,10.90,0.0000,true,1,89526
7290000189116,false,ניקול תבניות אלומניום עגולות 5 יח',ניקול,CN,תבניות חד פעמי ניקול,יחידה,0.00,יחידה,false,,10.90,0.0000,true,1,89527
7290000189192,false,מגבת רב שימושית סופר ניקול 64 דף,קימברלי קולומביה,IL,מטלית חכמה יומית - נ,יחידה,0.00,יחידה,false,,18.90,0.0000,true,1,22245
7290000189260,false,ניקול תבניות מלבניות 26*32*7,בראבו,CN,תבניות מלבניות ניקול,יחידה,0.00,יחידה,false,,10.90,0.0000,true,1,89529
7290000189277,false,תבניות מלבניות גדולות ועמוקות 3 יח,חוגלה,CN,תבניות מלבניות גדולו,יחידה,0.00,יחידה,false,,10.90,0.0000,true,1,89530
7290000189482,false,ניקול תבנית אפייה מקרטון מרובעת 4יח',"דוקארט בעמ, קיבוץ כפ",IL,תבנית אפיה מקרטון מר,יחידה,0.00,יחידה,false,,10.90,0.0000,true,1,42753
7290000189499,false,ניקול תבנית אפייה מקרטון עגולה 3 יח',"דוקארט בעמ, קיבוץ כפ",IL,תבנית אפייה מקרטון ע,יחידה,0.00,יחידה,false,,10.90,0.0000,true,1,42891
7290000189505,false,ניקול תבנית אפייה מקרטון אינגליש,"דוקארט בעמ, קיבוץ כפ",IL,תבנית אפיה מקרטון אי,יחידה,0.00,יחידה,false,,10.90,0.0000,true,1,42754
7290000189536,false,ניקול - שקיות אשפה 40 יח',אשפלסט,TR,אשפתון 40 יח',יחידה,0.00,יחידה,false,,19.90,0.0000,false,1,24067
7290000189550,false,זוג אשפתון ניקול ענק מתכלה 10 יח,אשפלסט,IL,זוג שקיות אשפתון,יחידה,0.00,יחידה,false,,22.90,0.0000,false,1,15497
7290000189598,false,מטליות לחות חד פעמיות לניקוי כללי 50 יח' ניקול,עלבד משואות יצחק בעמ,IL,ניקול מטליות לחות,יחידה,0.00,יחידה,false,,10.90,0.0000,false,1,38585
7290000189659,false,מטליות לחות לרצפה ניקול 10 יח'-מרכז,עלבד משואות יצחק בעמ,IL,מטליות לחות רצפה ניק,יחידה,0.00,יחידה,false,,10.90,0.0000,false,1,41740
7290000189734,false,מטליות לחות לפרקט 10יח' ניקול,עלבד משואות יצחק בעמ,IL,מטליות לחות לפרקט,יחידה,0.00,יחידה,false,,10.90,0.0000,true,1,47815
7290000189871,false,ניקול שקיות אשפה L עם שרוך 55 יח',"אשפלסט תעשיות בע""מ",IL,אשפתון 60 שקיות מתכל,יחידה,0.00,יחידה,false,,22.90,0.0000,false,1,37180
7290000190068,false,מפיות נייר ניקול 100,חוגלה קימברלי,IL,מפיות ניקול- 100 יח',יחידה,0.00,יחידה,false,,6.90,0.0000,false,1,15499
7290000190150,false,ניקול מפיות מודפסות 3 שכבות 20 יח',לילי,SI,מפיות מעוטרות ניקול-,גרמים,102.00,100 גרם,false,,6.90,0.0676,true,1,15501
7290000190198,false,מטליות לניקוי וחיטוי חדרי שירותים ואמבטיה,עלבד משואות יצחק בעמ,IL,מטלית לניקוי שירותים,יחידה,0.00,יחידה,false,,10.90,0.0000,false,1,63740
7290000190716,false,שקדים פרוסים,,,שקדים פרוסים,קילוגרמים,1.00,"ק""ג",true,,80.00,80.0000,true,1,13401
7290000191225,false,האגיס חיתולים ליטל בייביס שלב 2 44 יחידו,קימברלי קלארק שיווק,IL,האגיס שלב 2,יחידה,0.00,יחידה,false,,37.90,0.0000,false,1,91479
7290000191539,false,ממחטות טישו לילי צבעוני חמישיה,חוגלה קימברלי,IL,מגבוני לילי צבעוני ח,גרמים,593.00,100 גרם,false,,13.90,0.0234,true,1,25732
7290000191546,false,ממחטות טישו צבעוני 2 שכבות לילי מארז 100X3יח',חוגלה קימברלי,IL,צבעוני שלישיה,גרמים,420.00,100 גרם,false,,10.90,0.0260,false,1,15509
7290000191645,false,האגיס ניו בורן-החיתול הראשון שלי,קימברלי קלארק ארהב,US,האגיס ניו -בורן חדש,יחידה,0.00,יחידה,false,,33.90,0.0000,false,1,58238
7290000191652,false,קלינקס ממחטות טישו אולטרא סופט מארז 90X3יח',חוגלה קימברלי,IL,מארז קלינקס שלישיה,יחידה,0.00,יחידה,false,,11.90,0.0000,false,1,31178
7290000191966,false,לילי נטורל קר נייר טואלט לח 48 דפים,עלבד משואות יצחק בעמ,IL,נ.ט לילי לח סנסטיב,יחידה,0.00,יחידה,false,,8.90,0.0000,true,1,49726
7290000192581,false,מגבת נייר גליל כפול ניקול 12=6 גליל,חוגלה קימברלי,IL,שישיה נייר מגבת ניקו,יחידה,0.00,יחידה,false,,21.90,0.0000,false,1,100857
7290000193205,false,לילי תחבושות נטורל לילה 20 יח',לילי נטורל,BE,לילי נטורל לילה,יחידה,0.00,יחידה,false,,12.90,0.0000,true,1,24421
7290000193472,false,לילי מגני תחתון נטורל נורמל 60 יח',חוגלה קימברלי,IL,פדיות לילי אינטר,יחידה,0.00,יחידה,false,,12.90,0.0000,true,1,15512
7290000193540,false,לילי אינטימייט מגן תחתון לונג 52יח',חוגלה קימברלי,IL,לילי אינטימייט ל,יחידה,0.00,יחידה,false,,12.90,0.0000,true,1,15513
7290000193618,false,לילי אינטימייט מגן תחתון נורמל 24 יח',לילי,,לילי אינטימייט ל,יחידה,0.00,יחידה,false,,12.90,0.0000,true,1,15514
7290000193649,false,לילי תחבושות נטורל אולטרה סופר 24 יח',לילי,IL,זוג תחבושות לילי,יחידה,0.00,יחידה,false,,12.90,0.0000,true,1,15515
7290000193656,false,לילי תחבושות נטורל אולטרה סופר פלוס 24 יח',לילי,IL,זוג תחבושות לילי,יחידה,0.00,יחידה,false,,12.90,0.0000,true,1,15516
7290000193793,false,לילי תחבושות אינטימי נורמל אולט' 24 יח',לילי נטורל,BE,תחבושות אולטרה נ,יחידה,0.00,יחידה,false,,12.90,0.0000,false,1,15517
7290000194141,false,שקמה מכנסון גזרתי סופר נייט XL,General,IL,מכנסון סופג גזרתי XL,יחידה,0.00,יחידה,false,,49.90,0.0000,false,1,108197
7290000194288,false,משטח החתלה האגיס לתי,האגיס,BE,משטח החתלה האגיס,יחידה,0.00,יחידה,false,,23.90,0.0000,true,1,33557
7290000194837,false,ניקול - שקיות מזון + ידיות קשירה אקסטרה לארג' 200 יח',קילת,IL,ניקול שקיות מזון XL,יחידה,0.00,יחידה,false,,11.90,0.0000,true,1,66346
7290000195216,false,נייר אפייה בשקית ניקול 50 יח',אופל,IL,נייר אפיה נישלף,יחידה,0.00,יחידה,false,,10.90,0.0000,false,1,66356
7290000195537,false,האגיס - מגבוני האגיס דיילי קר לא מבושם 64 יח' * 4,חוגלה קימברלי,IL,מגבונים האגיס,יחידה,0.00,יחידה,false,,19.90,0.0000,false,1,15539
7290000195773,false,האגיס - מגבוני האגיס סנסטיב קר לא מבושם 64 יח' * 4,חוגלה קימברלי,IL,האגיס נטורל מילוי רב,יחידה,0.00,יחידה,false,,19.90,0.0000,false,1,15550
7290000196039,false,"מפות שולחן איריס ח""פ ניקול 2 יח'",דיספובד,IL,זוג מפות ניקול,גרמים,250.00,100 גרם,false,,10.90,0.0436,true,1,15552
7290000196343,false,"מפת שולחן מהודרת לילי 180X120ס""מ",דיספובד,IL,מפת שולחן מהודרת,יחידה,0.00,יחידה,false,,10.90,0.0000,true,1,15554
7290000196763,false,ניקול שקיות לאשפה השקית החזקה 40 יח',"אשפלסט תעשיות בע""מ",IL,אשפתון ניקול השקית ה,יחידה,0.00,יחידה,false,,21.00,0.0000,true,1,49264
7290000197012,false,ניקול שקיות ניילון ריצרץ לאחסון 15יח',ניקול,IL,שקיות ריץ רץ לאיחסון,יחידה,0.00,יחידה,false,,16.00,0.0000,true,1,25149
7290000197029,false,ניקול שקיות ניילון ריצרץ לאחסון 12יח',ניקול,IL,שקיות ריצ רצ לאיחסון,יחידה,0.00,יחידה,false,,16.00,0.0000,true,1,25159
7290000197081,false,ניקול ניילון נצמד 150 מטר+מתקן לחיתוך קל,ניקול,IL,ניילון נצמד- 150 מטר,יחידה,0.00,יחידה,false,,27.90,0.0000,true,1,15555
7290000197326,false,רדיד אלומניום ניקול זוגי 30X7.5מ',ניקול,IL,זוג נייר כסף קטן- עו,יחידה,0.00,יחידה,false,,11.90,0.0000,false,1,15559
7290000197340,false,רדיד אלומניום ניקול זוגי 45X7.5מ',ניקול,IL,זוג רדיד אלומיניום א,יחידה,0.00,יחידה,false,,16.90,0.0000,true,1,15560
7290000197425,false,האגיס פרידום דריי שלב 3 54 יחידות,קימברלי קלארק ישראל,IL,האגיס פרידום דריי של,יחידה,0.00,יחידה,false,,41.90,0.0000,false,1,68863
7290000197432,false,שקיות אוכל סנדביצ'ון ניקול מארז 150X2יח',"אשפלסט תעשיות בע""מ",IL,סנדוויצון זוג- 300 י,יחידה,0.00,יחידה,false,,13.90,0.0000,true,1,15562
7290000197456,false,האגיס פרידום דריי שלב 4 44 יחידות,קימברלי קלארק ישראל,IL,האגיס פרידום שלב 4,יחידה,0.00,יחידה,false,,41.90,0.0000,false,1,88767
7290000197463,false,האגיס פרידום דריי שלב 4+ 42 יחידות,קימברלי קלארק ישראל,IL,האגיס פרידום דריי של,יחידה,0.00,יחידה,false,,41.90,0.0000,false,1,68864
7290000197548,false,האגיס פרידום דריי שלב 5 38 יחידות,קימברלי קלארק ישראל,IL,האגיס פרידום דריי של,יחידה,0.00,יחידה,false,,41.90,0.0000,false,1,68865
7290000197654,false,ניקול אשפתון שקיות אשפה ענקיות 45 יח',"אשפלסט תעשיות בע""מ",IL,שקיות אשפה ניקול בגו,יחידה,0.00,יחידה,false,,22.90,0.0000,false,1,15568
7290000197678,false,האגיס פרידום דריי שלב 6 34 יחידות,קימברלי קלארק ישראל,IL,האגיס פרידום פלוס של,יחידה,0.00,יחידה,false,,41.90,0.0000,false,1,68866
7290000197753,false,ניילון נצמד אנטי בטקריאלי ניקול 30X2מ',ניקול,CN,זוג ניילון נצמד,יחידה,0.00,יחידה,false,,11.90,0.0000,false,1,15571
7290000197876,false,ניקול תבנית אלומיניום 4 יח' 2 מכסים,פאלאס,CN,מגשית אלומיניום עם מ,יחידה,0.00,יחידה,false,,8.90,0.0000,true,1,15577
7290000197883,false,ניקול תבניות אלומיניום 4יח',ארץ ייצור: סין,CN,מגשית אלומיניום גדול,יחידה,0.00,יחידה,false,,9.90,0.0000,true,1,15578
7290000197951,false,ניקול תבנית אלומיניום ענק 3 יח',פאלאס,IL,מגש אלומיניום ענק 3,יחידה,0.00,יחידה,false,,9.90,0.0000,true,1,15579
7290000197982,false,רדיד אלומיניום עבה 45 ניקול 7.5 מ' זוגי,ניקול,IL,זוג רדיד אלומיניום ע,יחידה,0.00,יחידה,false,,22.90,0.0000,true,1,15580
7290000197999,false,רדיד אלומיניום עבה ניקול זוגי 30X7.5מ',ניקול,IL,זוג רדיד אלומיניום ע,יחידה,0.00,יחידה,false,,17.90,0.0000,true,1,15581
7290000199313,false,קוטקס יאנג תחבושות עם כנפיים נורמל חדש30,קוטקס,IL,תחבושות קוטקס יאנג 2,יחידה,0.00,יחידה,false,,17.90,0.0000,true,1,30101
7290000201979,false,האגיס מגבונים ללא בישום רביעייה מהדורה,חוגלה קימברלי,IL,מגבוני האגיס רביעיה,יחידה,0.00,יחידה,false,,19.90,0.0000,false,1,92388
7290000204086,false,ניקול כרית קרצוף מארז שלישייה,חוגלה קימברלי,US,כרית קרצוף ניקול,יחידה,0.00,יחידה,false,,10.90,0.0000,false,1,15587
7290000204147,false,ניקול כריות יפניות 2 ב 1 רביעייה,פלסטו פוליש (ברקן),IL,כרית יפנית רביעיה,יחידה,0.00,יחידה,false,,10.90,0.0000,false,1,25150
7290000204215,false,ניקול כריות יפניות 6 יח',פלסטו פוליש (ברקן),IL,כרית יפנית שישייה ני,יחידה,0.00,יחידה,false,,10.90,0.0000,false,1,15588
7290000204239,false,ניקול מטליות ריצפה רביעיה,עופרטקס,IL,מטליות רצפה רביע,יחידה,0.00,יחידה,false,,12.90,0.0000,true,1,15589
7290000204253,false,מטליות ניקול רב שימושיות 9יח',נועם אורים-קיבוץ אור,IL,מטליות ניקול תשי,יחידה,0.00,יחידה,false,,10.90,0.0000,false,1,15590
7290000204307,false,ניקול מטליות רב שימושיות בגליל 40 יח',נועם אורים-קיבוץ אור,IL,מטליות ניקול 40 רב ש,יחידה,0.00,יחידה,false,,17.90,0.0000,true,1,15593
7290000204512,false,מטליות לחות לרצפה בניחוח לימון 10 יח' ניקול,עלבד משואות יצחק בעמ,IL,מטליות לחות לריצפה ב,יחידה,0.00,יחידה,false,,10.90,0.0000,true,1,99103
7290000205762,false,חיתולי האגיס אקסטרה קייר מידה 3 48 יח',חוגלה קימברלי,IL,האגיס אקסטרה קייר מי,יחידה,0.00,יחידה,false,,49.90,0.0000,false,1,93649
7290000207063,false,רסק עגבניות פריכוז 28% 240 גרם יכין,היינץ צפון אמריקה מק,IL,פריכוז יכין 240 גר',גרמים,240.00,100 גרם,false,,5.50,0.0229,true,1,42474
7290000207162,false,רוטב עגבניות מרכיב טבעי 100 ג' יכין,"זנלכל בע""מ",IL,רוטב עגבניות יכין 10,גרמים,100.00,100 גרם,false,,2.50,0.0250,false,1,20169
7290000207438,false,עגבניות 2.5 A קוביות 850 גרם יכין,"זנלכל בע""מ",IL,קוביות עגבניות 800 ג,גרמים,800.00,100 גרם,false,,8.90,0.0111,true,1,55116
7290000208008,false,חריסה יכין A2 בית יוסף,"זנלכל בע""מ",IL,חריסה רסק פלפל חריף,גרמים,600.00,100 גרם,false,,8.90,0.0148,true,1,20172
7290000208022,false,עגבניות 2.5 A מרוסקות 850 גרם יכין,"זנלכל בע""מ",IL,עגבניות מרוסקות 800,גרמים,800.00,100 גרם,false,,8.90,0.0111,true,1,29178
7290000208077,false,אפונת גינה רגילה 550 גרם יכין,"זנלכל בע""מ",IL,אפונת גינה בינוני 55,גרמים,550.00,100 גרם,false,,8.50,0.0155,true,1,20174
7290000208091,false,אפונה קטנה עדינה יכין 550 גרם,"זנלכל בע""מ",IL,אפונה קטנה 2A יכ,גרמים,600.00,100 גרם,false,,8.90,0.0148,true,1,20176
7290000208114,false,"אפונה וגזר יכין A2 פ""ק בית יוסף","זנלכל בע""מ",IL,אפונה וגזר 550 גרם,גרמים,550.00,100 גרם,false,,8.50,0.0155,true,1,20177
7290000208138,false,סירופ דיאט ענבים יכין 1 ליטר,"זנלכל בע""מ",IL,סירופ דיאט ענבים,ליטרים,1.00,ליטר,false,,16.90,16.9000,true,1,20179
7290000208145,false,גרעיני תירס מתוק לייט 550 גרם יכין,"זנלכל בע""מ",IL,תירס לייט 550 גרם,גרמים,550.00,100 גרם,false,,8.90,0.0162,true,1,20180
7290000208176,false,"תפוח אדמה יכין A2 פ""מ בית יוסף","זנלכל בע""מ",IL,תפוחי אדמה יכין 550,גרמים,550.00,100 גרם,false,,8.90,0.0162,true,1,28310
7290000208213,false,שעועית לבנה אפויה A2 ברוטב עגבניות יכין 560ג',היינץ צפון אמריקה מק,IL,שעועית אפויה לבנה בר,גרמים,580.00,100 גרם,false,,8.50,0.0147,true,1,20182
7290000208220,false,"שעועית צ'לי יכין פ""ק A2 בית יוסף",היינץ צפון אמריקה מק,IL,שעועית צ'ילי מקסיקני,גרמים,550.00,100 גרם,false,,8.90,0.0162,true,1,20183
7290000208244,false,"בסיס לשקשוקה יכין A2 פ""ק בית יוסף","זנלכל בע""מ",IL,בסיס עגבניות לשקשוקה,גרמים,570.00,100 גרם,false,,8.90,0.0156,true,1,20184
7290000208251,false,שעועית ירוקה יכין A2 בית יוסף,"זנלכל בע""מ",IL,שעועית ירוקה חתוכה,גרמים,550.00,100 גרם,false,,8.90,0.0162,true,1,20185
7290000208312,false,גרעיני תירס מתוק בואקום יכין 400 גר',"זנלכל בע""מ",IL,תירס בואקום,גרמים,325.00,100 גרם,false,,6.50,0.0200,false,1,20187
7290000208329,false,גרעיני תירס מתוק 550 גרם יכין,"זנלכל בע""מ",IL,תירס מתוק 550 גרם,גרמים,550.00,100 גרם,false,,8.50,0.0155,false,1,20188
7290000208336,false,רסק יכין 240גר 22% יכין בית יוסף,"זנלכל בע""מ",IL,רוטב עגבניות 240 גר',גרמים,240.00,100 גרם,false,,4.50,0.0188,false,1,30769
7290000208367,false,עגבניות מרוסקות בתוספת בזיליקום 800 ג' יכין,זנלכל,IL,עגבניות מרוסקות בזיל,יחידה,0.00,יחידה,false,,8.90,0.0000,true,1,59514
7290000208404,false,A2 פול מצרי 550 גרם יכין,"זנלכל בע""מ",IL,פול מצרי 600 גרם,גרמים,600.00,100 גרם,false,,7.90,0.0132,true,1,20189
7290000208428,false,גרגרי חומוס שלם 550 גרם יכין,"זנלכל בע""מ",IL,חומוס גרעינים 550 גר,גרמים,550.00,100 גרם,false,,8.50,0.0155,true,1,20190
7290000208534,false,גרעיני תירס מתוק לילדים 550 גרם יכין,"זנלכל בע""מ",IL,תירס קיד 550 גרם,גרמים,550.00,100 גרם,false,,8.90,0.0162,true,1,24169
7290000208855,false,רוטב לפסטה קלאסי 240 גרם יכין,"זנלכל בע""מ",IL,רוטב עגבניות לפסטה 2,גרמים,240.00,100 גרם,false,,4.90,0.0204,true,1,46123
7290000208947,false,עגבניות מרוסקות 260 גרם יכין,היינץ צפון אמריקה מק,IL,עגבניות מרוסקות 260,גרמים,260.00,100 גרם,false,,4.90,0.0188,true,1,31962
7290000209012,false,חומץ הדרים 5% יכין 1,"זנלכל בע""מ",IL,חומץ הדרים 5%,ליטרים,1.00,ליטר,false,,6.90,6.9000,true,1,20194
7290000209173,false,חומץ סינטטי יכין 1 ל',זנלכל,IL,חומץ סינטטי,ליטרים,1.00,ליטר,false,,4.90,4.9000,true,1,20195
7290000209371,false,שלישיית תירס יכין 165 גר OZ 6,היינץ צפון אמריקה מק,IL,שלישיה תירס יכין 3*1,גרמים,420.00,100 גרם,false,,13.90,0.0331,false,1,91082
7290000209524,false,ססירופ דיאט פטל יכין 1 ליטר,זנלכל,IL,סירופ פטל דיאט,ליטרים,1.00,ליטר,false,,16.90,16.9000,true,1,20205
7290000209531,false,סירופ דיאט אשכוליות 1ל,זנלכל,IL,סירופ אשכ. דיאט,ליטרים,1.00,ליטר,false,,16.90,16.9000,true,1,20206
7290000209579,false,סירופ דיאט אננס 1 ל' יכין,"זנלכל בע""מ",IL,סירופ אננס דיאט,ליטרים,1.00,ליטר,false,,16.90,16.9000,true,1,20208
7290000209708,false,עגבניות מרוסקות עם בזיליקום 240 גרם יכין,היינץ צפון אמריקה מק,IL,עגבניות מרוסקות עם ב,גרמים,260.00,100 גרם,false,,4.90,0.0188,true,1,48973
7290000209722,false,רסק עגבניות 28% פריכוז 580 גרם יכין,"זנלכל בע""מ",IL,רסק עגבניות פריכוז,גרמים,580.00,100 גרם,false,,9.90,0.0171,true,1,32716
7290000209913,false,עגבניות חתוכות לקוביות 240 גרם יכין,"זנלכל בע""מ",IL,עגבניות קוביות 260 ג,גרמים,260.00,100 גרם,false,,4.90,0.0188,true,1,48044
7290000209944,false,רוטב לעגבניות בסיס לשקשוקה 240 ג' יכין,"זנלכל בע""מ",IL,רוטב עגבניות לשקשוקה,גרמים,260.00,100 גרם,false,,4.90,0.0188,true,1,48974
7290000209968,false,רוטב עגבניות ללזניה יכין 240 גרם,"זנלכל בע""מ",IL,רוטב עגבניות ללזניה,גרמים,260.00,100 גרם,false,,4.90,0.0188,true,1,66936
7290000210469,false,עגבניות שלמות יכין A2.5 בית יוסף,זנלכל,IL,עגבניות שלמות מקולפו,גרמים,800.00,100 גרם,false,,8.90,0.0111,true,1,55117
7290000210896,false,רוטב לפסטה בולונז 240 גרם יכין,"זנלכל בע""מ",IL,רוטב בולונז לפסטה 24,גרמים,240.00,100 גרם,false,,4.90,0.0204,true,1,52242
7290000211138,false,סיימן גבינת עיזים הו,,,גבינת עיזים הולנדית,קילוגרמים,1.00,"ק""ג",true,,145.00,145.0000,true,1,67402
7290000211169,false,"אורז תאילנדי אחד אחד סוגת 1 ק""ג",האי נאם סי או אל.טי.,IL,אורז תאילנדי 1 קג,יחידה,1.00,יחידה,false,,6.90,6.9000,false,1,10232
7290000211312,false,סוגת אורז מלא פרסי אחד אחד 1 קג,האי נאם סי או אל.טי.,IL,אורז מלא,יחידה,1.00,יחידה,false,,9.90,9.9000,true,1,10234
7290000211374,false,"קמח מלא סוגת 1 ק""ג",טחנת קמח דגן-שטיבל,IL,קמח מלא 1קג,יחידה,1.00,יחידה,false,,6.90,6.9000,false,1,10235
7290000211381,false,"סוכר חום כהה בשקית סוגת 1 ק""ג","טונגט היולט שוגר בע""",ZA,סוכר חום,יחידה,1.00,יחידה,false,,14.90,14.9000,false,1,10236
7290000211442,false,"סוגת אורז פרסי קלאסי שקית 1 ק""ג",האי נאם סי או אל.טי.,IL,אורז פרסי,יחידה,1.00,יחידה,false,,10.90,10.9000,false,1,10238
7290000211503,false,סוכר לבן ארוז בשקית,"סוגת תעשיות בע""מ",IL,סוכר סוגת,יחידה,1.00,יחידה,false,,3.90,3.9000,false,1,10239
7290000211626,false,"סוגת אורז חיש 1 ק""ג",סוגת תעשיות בעמ,IL,אורז חיש 1 קג,יחידה,1.00,יחידה,false,,10.90,10.9000,true,1,10241
7290000211985,false,"אורז ריזוטו עגול סוגת 1 ק""ג","סוגת תעשיות בע""מ",IL,אורז עגול 1 קג,יחידה,1.00,יחידה,false,,12.90,12.9000,true,1,10243
7290000212173,false,ופל שוקו מנעמים 500,מנעמים,,וופל מנעמים,גרמים,500.00,100 גרם,false,,8.90,0.0178,false,1,9297
7290000212401,false,וופל מצופית מנעמים 400ג',מנעמים,,מנעמים מצופית,גרמים,400.00,100 גרם,false,,8.90,0.0223,false,1,9298
7290000212579,false,וופלים מצופים טעם שוקו 40 יחידות,מנעמים,,וופלים 40יח מצופה,גרמים,800.00,100 גרם,false,,16.90,0.0211,true,1,9299
7290000214115,false,מרק עוף צנצנת 400 גרם-ויטה,"פרי הגליל בע""""מ",IL,מרק עוף צנצ 400',גרמים,400.00,100 גרם,false,,10.90,0.0273,true,1,11215
7290000218502,false,שעועית לחמין א/2 פרי,פרי הגליל,IL,חמין 2א,גרמים,568.00,100 גרם,false,,8.90,0.0157,true,1,11227
7290000238029,false,"בצק עלים צרפתי מרודד מעדנות 1ק""ג",מיוצר עי קונדיטוריית,IL,בצק עלים צרפתי מרודד,קילוגרמים,1.00,"ק""ג",false,,19.90,19.9000,false,1,9513
7290000238036,false,מלווח עגול מעדנות 700 ג',מיוצר עי קונדיטוריית,IL,מלווח,גרמים,700.00,100 גרם,false,,16.90,0.0241,false,1,9514
7290000238173,false,מעדנות בורקס גבינה 800גר,מיוצר עי קונדיטוריית,IL,בורקס גבינה,גרמים,800.00,100 גרם,false,,22.90,0.0286,false,1,9515
7290000238180,false,בורקס תפוחי אדמה מעדנות 800ג',מיוצר עי קונדיטוריית,IL,"בורקס תפו""א מעדנות",גרמים,800.00,100 גרם,false,,19.90,0.0249,false,1,9516
7290000240541,false,ריבועי בצק בורקס מעדנות 800 ג',מיוצר עי קונדיטוריית,IL,ריבועי בצק עלים,גרמים,800.00,100 גרם,false,,23.50,0.0294,false,1,9519
7290000244143,false,"הוואי - קרם לאחר גילוח 120 מ""ל",טרופיקל דגיל קוסמטיק,IL,הוואי קרם לאחר גילוח,גרמים,120.00,100 גרם,false,,16.90,0.1408,true,1,21119
7290000244631,false,ענוגה גליצרין קרם ידיים 80 מל,טרופיקל דגיל,IL,קרם ענוגה גליצרין 80,מיליליטרים,100.00,"100 מ""ל",false,,10.90,0.1090,true,1,105223
7290000244761,false,קרם ידיים וולוטה 80 גרם,טרופיקל דגיל קוסמטיק,IL,קרם ולוטה 80 גר',מיליליטרים,100.00,"100 מ""ל",false,,7.90,0.0790,true,1,21128
7290000245072,false,סוד מרכך לכביסה סופט בייבי 4 ל',"הנקל סוד בע""מ",IL,מרכך הכביסה - סוד בי,ליטרים,4.00,ליטר,false,,18.90,4.7250,false,1,22658
7290000245089,false,סוד סופט מרכך כביסה סגול 4 ליטר,"הנקל סוד בע""מ",IL,מ.כביסה סוד סגול 4 ל,ליטרים,4.00,ליטר,false,,18.90,4.7250,false,1,21135
7290000245157,false,סוד סופט מרכך כביסה סנסיישן 4 ליטר,"הנקל סוד בע""מ",IL,מרכך כביסה סוד לבן ס,ליטרים,4.00,ליטר,false,,18.90,4.7250,false,1,21140
7290000245270,false,"פרסיל אבקת כביסה סופרא 1.250 ק""ג","הנקל סוד בע""מ",IL,פרסיל Active Soda שק,קילוגרמים,1.25,"ק""ג",false,,15.90,12.7200,false,1,21141
7290000245287,false,"פרסיל אבקת כביסה 1.250 ק""ג קולור ויניגר","הנקל סוד בע""מ",IL,פרסיל קולור שקית 1.2,קילוגרמים,1.25,"ק""ג",false,,15.90,12.7200,false,1,21142
7290000245294,false,"א.כ. פרסיל סופרא שקית 2.5 ק""ג","הנקל סוד בע""מ",IL,פרסיל Active Soda שק,קילוגרמים,2.50,"ק""ג",false,,24.90,9.9600,false,1,103812
7290000245782,false,סוד סופט מרכך כביסה ורוד 4 ליטר,"הנקל סוד בע""מ",IL,מ.כביסה סוד ורוד 4 ל,ליטרים,4.00,ליטר,false,,18.90,4.7250,false,1,21156
7290000245799,false,סוד סופט מרכך כביסה כחול 4 ליטר,"הנקל סוד בע""מ",IL,מ.כביסה סוד כחול 4 ל,ליטרים,4.00,ליטר,false,,18.90,4.7250,false,1,21157
7290000253220,false,שוקולד צ'יפס חום אופנהיימר 260 גר',אופנהיימר,IL,שוקולד ציפס,גרמים,260.00,100 גרם,false,,11.90,0.0458,true,1,11830
7290000253251,false,שוקולד צ'יפס לבן אופנהיימר 250 גרם,אופנהיימר,IL,שוקולד צי'פס אופנהיי,גרמים,250.00,100 גרם,false,,11.90,0.0476,true,1,9951
7290000253374,false,מיני שוקולד צ'יפס - נטיפי שוקולד מריר,אופנהיימר,IL,מיני שוקולד צ'יפס 25,גרמים,250.00,100 גרם,false,,14.90,0.0596,true,1,122182
7290000253572,false,סוכריות לקישות חום 8,אופנהיימר,IL,סוכריות לקישוט חום 8,גרמים,80.00,100 גרם,false,,4.90,0.0613,true,1,111694
7290000253800,false,אופנהיימר סוכריות קישוט 90 גר,אופנהיימר,IL,סוכריות לקישוט 90 גר,גרמים,90.00,100 גרם,false,,8.50,0.0944,true,1,106926
7290000260297,false,חזה הודו בדבש הוד מע,,,חזה הודו בדבש הוד מע,קילוגרמים,1.00,"ק""ג",true,,64.90,64.9000,true,1,28068
7290000260679,false,כתף עגל מעושן הוד מע,,,כתף עגל מעושן הוד מע,קילוגרמים,1.00,"ק""ג",true,,99.90,99.9000,false,1,26564
7290000261669,false,נקניק תה הוד מעדן,,,נקניק תה הוד מעדן,קילוגרמים,1.00,"ק""ג",true,,49.90,49.9000,true,1,25546
7290000262161,false,נייר טואלט לב אדום 40 גלילים מולט,מולט / שמורת טבע,IL,נייר טואלט מולט 40 ל,גרמים,3160.00,100 גרם,false,,36.90,0.0117,false,1,15602
7290000262413,false,חיתולי האגיס אקסטרה קייר מידה 5 34יח,חוגלה קימברלי,IL,האגיס אקסטרה קייר מי,יחידה,0.00,יחידה,false,,49.90,0.0000,false,1,93661
7290000263199,false,אווז מעושן הוד מעדן,,,אווז מעושן הוד מעדן,קילוגרמים,1.00,"ק""ג",true,,99.90,99.9000,false,1,41849
7290000263359,false,האגיס - פיור נטורל שלב 1 ניו בורן 40 יח',קימברלי קלארק שיווק,IL,האגיס שלב 1 כותנה או,יחידה,0.00,יחידה,false,,37.90,0.0000,false,1,44671
7290000263649,false,דוקטורסקיה הוד מעדן,,,דוקטורסקיה הוד מעדן,קילוגרמים,1.00,"ק""ג",true,,39.90,39.9000,false,1,39723
7290000264325,false,סלמי פרח הוד מעדן,,,סלמי פרח הוד מעדן,קילוגרמים,1.00,"ק""ג",true,,84.90,84.9000,true,1,51447
7290000264493,false,סלמי פלרמו הוד מעדן,,,סלמי פלרמו הוד מעדן,קילוגרמים,1.00,"ק""ג",true,,85.90,85.9000,true,1,93637
7290000264639,false,פסטרמה מילנו הוד מעד,,,פסטרמה מילנו הוד מעד,קילוגרמים,1.00,"ק""ג",true,,69.90,69.9000,false,1,27331
7290000264707,false,פסטרמה טקסס,,,פסטרמה טקסס,קילוגרמים,1.00,"ק""ג",true,,64.90,64.9000,true,1,27441
7290000264752,false,רדיד אלומיניום זוג עם הטבעה ניקול,חוגלה,IL,זוג רדיד אלומיניום ע,יחידה,0.00,יחידה,false,,11.90,0.0000,true,1,91462
7290000264875,false,כתף עגל מתובל,,,כתף עגל מתובל,קילוגרמים,1.00,"ק""ג",true,,99.90,99.9000,true,1,27554
7290000265001,false,חזה דל שומן ברביקיו,,,חזה דל שומן ברביקיו,קילוגרמים,1.00,"ק""ג",true,,64.90,64.9000,true,1,27332
7290000265315,false,קורנביף הוד מעדן,,,קורנביף הוד מעדן,קילוגרמים,1.00,"ק""ג",true,,99.90,99.9000,false,1,26384
7290000265551,false,חזה אווז מעושן,,,חזה אווז מעושן,קילוגרמים,1.00,"ק""ג",true,,189.90,189.9000,true,1,32453
7290000265865,false,פסטרמה של פעם הוד מע,,,פסטרמה של פעם הוד מע,קילוגרמים,1.00,"ק""ג",true,,64.90,64.9000,false,1,27334
7290000267012,false,שקדיה שקד מולבן שלם,"דין שיווק וקלייה בע""",IL,שקד מולבן שלם 100 גר,גרמים,100.00,100 גרם,false,,8.90,0.0890,true,1,11061
7290000267029,false,שקדים מולבנים חצויים,"דין שיווק וקלייה בע""",IL,שקדים מולבנים חצויים,גרמים,100.00,100 גרם,false,,8.90,0.0890,true,1,11062
7290000267036,false,שקדים משובבים השף 100 ג',"דין שיווק וקלייה בע""",IL,שקדים משובבים 100 גר,גרמים,100.00,100 גרם,false,,8.90,0.0890,true,1,11063
7290000267043,false,שקדים מולבנים פרוסים,"דין שיווק וקלייה בע""",IL,שקדים מולבנים פרוסים,גרמים,100.00,100 גרם,false,,8.90,0.0890,true,1,11064
7290000267104,false,שקד מולבן גרוס/מרוסק 100 גרם,"דין שיווק וקלייה בע""",IL,שקד טבעי גרוס 100 גר,גרמים,100.00,100 גרם,false,,8.90,0.0890,true,1,11066
7290000267500,false,קליפות הדר מצופות בשוקולד 200 גרם,"דין שיווק וקלייה בע""",IL,קליפות הדרים מצופות,גרמים,200.00,100 גרם,false,,12.00,0.0600,true,1,66059
7290000267555,false,בוטנים טבעיים גרוסים,"דין שיווק וקלייה בע""",,בוטנים טבעים טחונים,גרמים,100.00,100 גרם,false,,5.50,0.0550,true,1,33545
7290000267586,false,גרעייני חמניה קלופים 150 גר,"דין שיווק וקלייה בע""",US,גרעיני חמניה קלופים,גרמים,150.00,100 גרם,false,,6.50,0.0433,true,1,33546
7290000267678,false,גרעיני דלעת טבעי קלוף שקדיה 150 ג',"דין שיווק וקלייה בע""",US,גרעיני דלעת טבעי קלו,גרמים,150.00,100 גרם,false,,8.50,0.0567,true,1,33547
7290000268071,false,פסטרמה נוסטלגיה מעוש,,,פסטרמה נוסטלגיה מעוש,קילוגרמים,1.00,"ק""ג",true,,69.90,69.9000,true,1,26539
7290000268217,false,פסטרמה נוסטלגיה צוענ,,,פסטרמה נוסטלגיה צוענ,קילוגרמים,1.00,"ק""ג",true,,69.90,69.9000,true,1,26540
7290000272467,false,סירופ עסיס דיאט פטל 1 ליטר,בית-השיטה עסיס תעשיו,IL,סירופ דיאט פטל,ליטרים,1.00,ליטר,false,,17.90,17.9000,false,1,6448
7290000272696,false,עסיס מיץ לימון טבעי משומר 1 ל' אסם,בית-השיטה עסיס תעשיו,IL,מיץ לימון משומר 1ליט,ליטרים,1.00,ליטר,false,,9.90,9.9000,false,1,6452
7290000272726,false,חומץ טבעי 5% עסיס 1 ל' אסם,בית השיטה עסיס תעשיו,IL,חומץ 5% אסם,ליטרים,1.00,ליטר,false,,6.90,6.9000,true,1,6454
7290000286228,false,כרית קרצוף לכלים סנו סושי 6יח',סנו מפעלי ברונו בעמ,IL,סנו סושי שישיה,יחידה,0.00,יחידה,false,,11.50,0.0000,false,1,19001
7290000286761,false,ניילון נצמד סנו סושי פלסטיק מארז 30X2 מ',מיוצר עי קונדיטוריית,CN,זוג ניילון נצמד,יחידה,0.00,יחידה,false,,11.50,0.0000,false,1,19012
7290000286877,false,סנו רב לניקוי מתכת,סנו,IL,סנו רב מתכת,יחידה,300.00,יחידה,false,,22.90,0.0763,true,1,19013
7290000286891,false,סנו מגן קריסטל 1 ליטר,"סנו מפעלי ברונוס בע""",IL,סנו מגן קריסטל,ליטרים,1.00,ליטר,false,,21.90,21.9000,true,1,28675
7290000286907,false,סנו מסיר כתמים באירו,סנו מפעלי ברונוס בעמ,IL,סנו מסיר כתמים,מיליליטרים,170.00,"100 מ""ל",false,,24.90,0.1465,true,1,19014
7290000286921,false,"סנוקל רסס וכבס 750 מ""ל",סנו מפעלי ברונוס בעמ,IL,סנוקל רסס כבס,מיליליטרים,750.00,"100 מ""ל",false,,12.90,0.0172,false,1,19016
7290000286945,false,"סנו רהיט אקדח מרסס 500מ""ל","סנו מפעלי ברונוס בע""",IL,סנו רהיט,מיליליטרים,500.00,"100 מ""ל",false,,24.90,0.0498,true,1,19017
7290000287102,false,"סנו שמפו שטיחים אירוסול 600 מ""ל",מיוצר עי קונדיטוריית,IL,סנו שמפו שטיחים,מיליליטרים,600.00,"100 מ""ל",false,,21.90,0.0365,true,1,19019
7290000287195,false,"סנו רהיט ספריי עשיר בווקס להברקה 305 מ""ל",מיוצר עי קונדיטוריית,IL,סנו רהיט,מיליליטרים,300.00,"100 מ""ל",false,,13.90,0.0463,false,1,22361
7290000287355,false,נוזל רצפות סנו סופר פוליש 1 ל,סנו,IL,סנו סופר פוליש 1,ליטרים,1.00,ליטר,false,,21.90,21.9000,true,1,62508
7290000287485,false,סנובון לובר לאסלה 3 יח' * 55 ג',סנו מפעלי ברונו בעמ,IL,סנובון שלישיה לובר,גרמים,165.00,100 גרם,false,,12.90,0.0782,true,1,25521
7290000287492,false,"סנו - סנובון נוזלי לימון 750 מ""ל","איי, בי, אינבוו",IL,סנובון נוזלי,מיליליטרים,750.00,"100 מ""ל",false,,9.90,0.0132,true,1,19027
7290000287621,false,"מנקה אסלות סנו אנטי קאלק 750 מ""ל,",מיוצר עי קונדיטוריית,IL,סנו C.W עם זרבוב,מיליליטרים,750.00,"100 מ""ל",false,,12.90,0.0172,true,1,21867
7290000288017,false,ז'אוול אקונומיקה 1ל'-לימון,"סנו מפעלי ברונוס בע""",IL,אקונומיקה סנו 1,ליטרים,1.00,ליטר,false,,8.50,8.5000,true,1,19033
7290000288024,false,סנו - ז'אוול אקונומיקה בריח לימון 4 ליטר,"סנו מפעלי ברונוס בע""",IL,סנו לימון אקונ,ליטרים,4.00,ליטר,false,,16.90,4.2250,false,1,19034
7290000288031,false,סנו אקונומיקה 4 ליטר תו תקן,"סנו מפעלי ברונוס בע""",IL,אקונומיקה 4 ליטר,ליטרים,4.00,ליטר,false,,13.00,3.2500,true,1,58926
7290000288048,false,סנו זאוול מרסס מונבלאן 1 ליטר,"סנו מפעלי ברונוס בע""",IL,סנו ג'בל תרסיס,ליטרים,1.00,ליטר,false,,18.90,18.9000,false,1,19035
7290000288079,false,סנו - ז'אוול אקונומיקה לימון 2 ליטר,"סנו מפעלי ברונוס בע""",IL,סנו ג'בל 2 ליטר,ליטרים,2.00,ליטר,false,,9.90,4.9500,false,1,19036
7290000288352,false,"סנו K-300 חרקים ונמלים 630מ""ל","סנו מפעלי ברונוס בע""",IL,סנו ק 300-,מיליליטרים,630.00,"100 מ""ל",false,,21.90,0.0348,false,1,19041
7290000288642,false,סנו - מקסימה מרכך כביסה סנסטיב ורוד 4 ליטר,"סנו מפעלי ברונוס בע""",IL,מרכך סנו 4 ליטר,ליטרים,4.00,ליטר,false,,21.90,5.4750,false,1,19049
7290000288840,false,סנו - מים מזוקקים 2 ליטר,החברה הדרומית,IL,מים מזוקקים 2 לי,ליטרים,2.00,ליטר,false,,14.50,7.2500,true,1,19051
7290000289052,false,פוליוקס 4 ליטר בניחוח סחלבים,סנו פוליויקס,IL,סנו פוליוקס 4 לי,ליטרים,4.00,ליטר,false,,39.90,9.9750,false,1,19053
7290000289069,false,סנו - ז'אוול מרסס קצף ניקוי בתוספת אקונומיקה בריח לימון 1 ליטר,"סנו מפעלי ברונוס בע""",IL,סנו ג'בל ספריי,ליטרים,1.00,ליטר,false,,18.90,18.9000,false,1,19054
7290000289380,false,"סנו - ז'אוול לניקוי אסלות לימון 750 מ""ל",סנו JAVEL,IL,סנו ג'בל CW לאסל,מיליליטרים,750.00,"100 מ""ל",false,,14.00,0.0187,true,1,21868
7290000289472,false,סנו סושי שקיות 76*90 50 יח' XXL,מיוצר עי קונדיטוריית,IL,שקיות אשפה סושי טבע,יחידה,0.00,יחידה,false,,20.90,0.0000,true,1,19060
7290000289601,false,סנו ז'אוול בריח לבנדר 2 ל',"סנו מפעלי ברונוס בע""",IL,סנו ג'בל 2 ליטר,ליטרים,2.00,ליטר,false,,9.90,4.9500,false,1,44609
7290000289748,false,"סנו פורטה פלוס מסיר שומנים לתנור 750מ""ל","סנו מפעלי ברונוס בע""",IL,סנו פורטה פלוס,מיליליטרים,750.00,"100 מ""ל",false,,13.90,0.0185,false,1,19062
7290000291857,false,פוליויקס בניחוח GOLDEN SUNRISE,סנו פוליויקס,IL,פוליוקס 2 ליטר,ליטרים,2.00,ליטר,false,,19.90,9.9500,false,1,19068
7290000291956,false,סנו ז'אוול בריח לבנדר 1 ל',סנו,,סנו ג'בל מונט בל,ליטרים,1.00,ליטר,false,,8.50,8.5000,true,1,49968
7290000291963,false,סנו ז'אוול סמיכה לימון 1 ל',סנו JAVEL,IL,סנו ג'בל 1 ליטר,ליטרים,1.00,ליטר,false,,8.50,8.5000,true,1,23258
7290000292137,false,"סנו: נוזל ניקוי וטיפול במוצרי עור 500 מ""",מיוצר עי קונדיטוריית,IL,סנו מנקה עור נוזל,מיליליטרים,500.00,"100 מ""ל",false,,29.90,0.0598,true,1,19072
7290000292311,false,פוליוקס 2 ליטר בניחוח סחלבים,"סנו מפעלי ברונוס בע""",IL,סנו פוליוקס 2 ל',ליטרים,2.00,ליטר,false,,19.90,9.9500,false,1,19075
7290000292533,false,סנו גל לניקוי כללי על בסיס שמן אורנים 1ל,החברה הדרומית,IL,סנו ג'ל ניקוי,ליטרים,1.00,ליטר,false,,15.90,15.9000,true,1,19081
7290000292564,false,"סנו 2000-K דוחה חרקים ללא ריח 750 מ""ל",מיוצר עי קונדיטוריית,IL,סנו K 2000,מיליליטרים,750.00,"100 מ""ל",false,,29.90,0.0399,true,1,19084
7290000292687,false,סנובון לאסלה כחול אפרסק נתלה 55X3ג',מיוצר עי קונדיטוריית,IL,שלישיה סנובון כח,גרמים,165.00,100 גרם,false,,14.90,0.0903,false,1,19087
7290000292915,false,"סנו רסס ונגב אקדח 750מ""ל","סנו מפעלי ברונוס בע""",IL,סנו רסס ונגב+אקד,מיליליטרים,715.00,"100 מ""ל",false,,12.90,0.0180,false,1,19089
7290000293073,false,מרכך כביסה מקסימה ביו לבן 4 ל' סנו,"סנו מפעלי ברונוס בע""",IL,מרכך סנו 4 ליטר,ליטרים,4.00,ליטר,false,,21.90,5.4750,false,1,19093
7290000293516,false,סנו סופג לחות קופסה,"סנו מפעלי ברונוס בע""",IL,סנו סופג לחות קו,גרמים,340.00,100 גרם,false,,31.90,0.0938,true,1,19094
7290000293530,false,סופג לחות ומונע עובש,סנו,IL,סנו סופג לחות מי,גרמים,340.00,100 גרם,false,,15.90,0.0468,true,1,19095
7290000293561,false,"סנו מסיר עובש 750 מ""ל","סנו מפעלי ברונוס בע""",IL,סנו מסיר עובש,מיליליטרים,750.00,"100 מ""ל",false,,13.90,0.0185,false,1,19096
7290000293820,false,"קרמה מן שמפו וג'ל גל רחצה אקטיב בלוק 700מ""ל",גוד פוד פרודקטס S.p,IL,ג'ל רחצה אקטיב קרמה,מיליליטרים,700.00,"100 מ""ל",false,,17.90,0.0256,true,1,106319
7290000293943,false,סנו אנטי קאלק מסיר אבנית וחלודה 1ל',מיוצר עי קונדיטוריית,IL,מרסס אנטי קאלק,ליטרים,1.00,ליטר,false,,19.90,19.9000,true,1,19097
7290000294391,false,סנו ג'ט יכול הכל סחלבים 4 ל',סנו,IL,סופר אקטיב 4 ליט,ליטרים,4.00,ליטר,false,,21.90,5.4750,true,1,19098
7290000294575,false,סנו סושי רב מגבת 63 דפים בגליל,סנו סושי,IL,סנו רב מגבת (63 דפים,יחידה,0.00,יחידה,false,,12.90,0.0000,false,1,19103
7290000294773,false,סנו ז'אוול 4ליטר מונטבלאן קול,"סנו מפעלי ברונוס בע""",IL,סנו ג'בל 4 ליטר,ליטרים,4.00,ליטר,false,,16.90,4.2250,false,1,19105
7290000294780,false,סנו - ז'אוול אקונומיקה סמיכה מבושמת 4 ליטר,"סנו מפעלי ברונוס בע""",IL,סנו ז'אוול סמיכה 4 ל,ליטרים,4.00,ליטר,false,,16.90,4.2250,false,1,19106
7290000295299,false,סנו סושי כריות הפלא רב תכלתיות רביעייה,סנו מפעלי ברונו בעמ,IL,סנו סושי אקטיב ר,יחידה,0.00,יחידה,false,,11.50,0.0000,false,1,23007
7290000295367,false,"מקסימה ז'אוול 2.5ק""ג אבקת כביסה מרכז",סנו מקסימה,IL,סנו מקסימה 5 2 ק,קילוגרמים,2.50,"ק""ג",false,,25.90,10.3600,false,1,19113
7290000295404,false,סנו סושי שקית אשפה חזקות 70*50 60 יח',מיוצר עי קונדיטוריית,IL,שקיות אשפה סושי רחבו,יחידה,0.00,יחידה,false,,24.90,0.0000,true,1,19114
7290000295503,false,סנו סושי שקיות אוכל מתכלות זוג *150 יח',"אשפלסט תעשיות בע""מ",CN,זוג שקיות סושי למזון,יחידה,0.00,יחידה,false,,14.90,0.0000,false,1,19116
7290000295541,false,סנו רב מגבת גמבו 75 דפים בגליל,מיוצר עי קונדיטוריית,IL,סנו רב מגבת ג'מבו (7,יחידה,0.00,יחידה,false,,18.90,0.0000,true,1,19117
7290000295558,false,רדיד אלומיניום סנו סושי זוגי 30X7.5מ',מולינו ניקולי s.p.a,TR,זוג רדיד אלומיניום ק,יחידה,0.00,יחידה,false,,11.50,0.0000,false,1,19118
7290000295572,false,"סנו מנקה אסלות 00 זוג * 750 מ""ל",מיוצר עי קונדיטוריית,IL,זוג מנקה אסלות,ליטרים,1.50,ליטר,false,,19.90,13.2667,true,1,19119
7290000295794,false,כרית מתכת סנו סושי אל חלד 3יח',סנו,,ספוגיות אל חלד זוג,יחידה,0.00,יחידה,false,,13.00,0.0000,true,1,42836
7290000300900,false,טבעול שניצל תירס 8*750גרם רכיבים טבעיים,עיצובים 2020 (4.8),IL,שניצל תירס טבעול,גרמים,750.00,100 גרם,false,,24.90,0.0332,false,1,6466
7290000302027,false,סיגריות טיים רד פקט,דובק,,טיים רגיל פקט,יחידה,0.00,יחידה,false,,295.00,0.0000,false,1,14530
7290000302225,false,נובלס ורג'יניה פילטר,דובק,,נובלס פקט סיגריו,יחידה,0.00,יחידה,false,,295.00,0.0000,false,1,14540
7290000303581,false,פול מצרי A-2 פרי הגליל 560ג',"פרי הגליל בע""""מ",IL,פול מצרי פרי הגליל 5,גרמים,560.00,100 גרם,false,,6.90,0.0123,false,1,11267
7290000303598,false,שעועית לבנה אפויה במיץ עגבניות A2,"פרי הגליל בע""""מ",IL,שעועית ברוטב 570 גרם,גרמים,570.00,100 גרם,false,,6.90,0.0121,false,1,11268
7290000303604,false,חומוס גרגירים A2 פרי גליל 550ג',"פרי הגליל בע""""מ",IL,חומוס שלם פרי הגליל,גרמים,550.00,100 גרם,false,,6.90,0.0125,false,1,11269
7290000305882,false,אס הרינג עם ירקות ברוטב עגבניות 120 גרם,"סטארקיסט פודור בע""מ",IL,אס ירקות עם דגים ברו,גרמים,120.00,100 גרם,false,,6.30,0.0525,true,1,10213
7290000307015,false,אפונת גינה גדול 550 גר A2 פרי גליל,"פרי הגליל בע""""מ",IL,אפונה פרי הגליל 550,גרמים,550.00,100 גרם,false,,6.90,0.0125,false,1,11270
7290000307046,false,אפונת גינה וגזר 550 גר A2 פרי גליל,"פרי הגליל בע""""מ",IL,אפונה וגזר 550 גרם,גרמים,550.00,100 גרם,false,,6.90,0.0125,false,1,11271
7290000307220,false,גרעיני תירס מתוק בואקום פרי הגליל 285 גרם,"פרי הגליל בע""""מ",IL,תירס פרי הגליל 340 ג,גרמים,340.00,100 גרם,false,,5.50,0.0162,false,1,11272
7290000307237,false,גרעיני תירס מתוק 550 ג' פרי הגליל,"פרי הגליל בע""""מ",IL,תירס פרי הגליל 550 ג,גרמים,550.00,100 גרם,false,,6.90,0.0125,false,1,11273
7290000307343,false,שעועית ירוקה חתוכה A2 פרי גליל 550ג',"פרי הגליל בע""""מ",IL,שעועית ירוקה 550 גרם,גרמים,550.00,100 גרם,false,,6.90,0.0125,true,1,11280
7290000307800,false,פול ירוק 800 גרם פרי הגליל,"פרי הגליל בע""""מ",IL,פול פרי גליל,גרמים,800.00,100 גרם,false,,13.90,0.0174,true,1,42864
7290000307985,false,גרעיני תירס מתוק ללא למלח 325 גרם פרי הגליל,פרי הגליל,IL,תירס ללא מלח,גרמים,325.00,100 גרם,false,,5.50,0.0169,false,1,11281
7290000311128,false,מן עוגיות בטעם חמאה 300 גרם,תות ממתקי איכות,IL,מן עוגיות חמאה,גרמים,300.00,100 גרם,false,,7.90,0.0263,true,1,16530
7290000311203,false,וופלים מן בטעם שוקולד 200 גרם,תות ממתקי איכות,IL,וופלים 200 גר שוקו,גרמים,200.00,100 גרם,false,,5.20,0.0260,false,1,40575
7290000311210,false,וופלים מן בטעם לימון 200 גרם,"רוקחמן בע""מ",IL,וופלים 200 גר לימון,גרמים,200.00,100 גרם,false,,5.20,0.0260,false,1,34212
7290000311227,false,ופלים בטעם קפה מן 20,"רוקחמן בע""מ",IL,וופלים 200 גר קפה מן,גרמים,200.00,100 גרם,false,,5.20,0.0260,false,1,56079
7290000311234,false,ופלים בטעם וניל מן 2,"רוקחמן בע""מ",IL,ופל וניל 200 גר מן,גרמים,200.00,100 גרם,false,,5.20,0.0260,false,1,34213
7290000311258,false,מן וופל מצופה שוקולד 250 גרם,"רוקחמן בע""מ",IL,מן וופל מצופה 250 גר,גרמים,250.00,100 גרם,false,,7.50,0.0300,true,1,117119
7290000311272,false,מן-וופלים במילוי חלווה 180 ג,"רוקחמן בע""מ",IL,וופלים מן חלבה,גרמים,180.00,100 גרם,false,,5.20,0.0289,false,1,46145
7290000311357,false,מאגדת מן אגוזים עשיריה 20* 10,"רוקחמן בע""מ",IL,וופל אגוזים עשיריות,גרמים,280.00,100 גרם,false,,12.90,0.0461,true,1,33395
7290000311364,false,מן וופל בטעם שוקולד 10יח אדום,רוקחמן,,וופל מן מארז 10 יח',גרמים,210.00,100 גרם,false,,8.90,0.0424,true,1,111178
7290000311425,false,מאגדת מן וופל מצופה כחול -עשירה 24*10,תות ממתקי איכות,IL,וופל מצופה כחול 10יח,גרמים,200.00,100 גרם,false,,9.50,0.0475,true,1,33396
7290000311432,false,עוגיות גרנולה קינמון ללא תוספת סוכר 200ג,"רוקחמן בע""מ",IL,עוגיות מן גרנולה קינ,גרמים,200.00,100 גרם,false,,10.90,0.0545,true,1,165786
7290000311463,false,מן עוגיות חיטה מלאה חמאה ללא סוכר 200 גרם,"רוקחמן בע""מ",IL,מן עוגיות חמאה ללא ס,גרמים,200.00,100 גרם,false,,10.90,0.0545,true,1,123111
7290000311845,false,עוגיות קמח מלא ללא תוספת סוכר מן 200ג,"רוקחמן בע""מ",IL,עוגיות מן חיטה מלאה,גרמים,200.00,100 גרם,false,,10.90,0.0545,true,1,93536
7290000311869,false,מן-וופלים בטעם שוק ללא תוספת סוכר 180ג,תות ממתקי איכות,IL,וופל ללא סוכר 180 גר,גרמים,180.00,100 גרם,false,,8.90,0.0494,true,1,59704
7290000311876,false,מן-וופלים בטעם וניל ללא תוספת סוכר 180ג,"רוקחמן בע""מ",IL,וופל מן וניל ללא סוכ,גרמים,180.00,100 גרם,false,,8.90,0.0494,true,1,95673
7290000311883,false,"עוגיות גרנולה לל""ס גרנולה 200 גרם",תות ממתקי איכות,IL,מן עוגיות גרנולה ללא,גרמים,200.00,100 גרם,false,,10.90,0.0545,true,1,66694
7290000311890,false,ופל בטעם לימון ללא סוכר 180 גר',"רוקחמן בע""מ",IL,וופל מן לימון ללא סו,גרמים,180.00,100 גרם,false,,8.90,0.0494,true,1,120659
7290000313160,false,עוגיות חברים זהבה ו-3 הדובים שוקו' אסם 250 גר',היינץ צפון אמריקה מק,IL,עוגיות זהבה 3 דובים,גרמים,250.00,100 גרם,false,,7.90,0.0316,true,1,6482
7290000313184,false,עוגיות חברים גן חיות וניל אסם 250 גר',הגביע מוצרי וופלים ב,IL,עוגיות גן חיות,גרמים,250.00,100 גרם,false,,7.90,0.0316,true,1,6483
7290000313290,false,אסם נודלס נודלס איטריות מסולסלות 200גר,תאי פרזידנט פוד בנגק,TH,נודלס א.מסולסלות 200,גרמים,200.00,100 גרם,false,,9.90,0.0495,true,1,6485
7290000315126,false,קנור ציר עוף משחתי 3,יוניליוור ישראל מזון,IL,קנור ציר עוף,גרמים,300.00,100 גרם,false,,27.90,0.0930,true,1,24276
7290000315133,false,קנור ציר בקר משחתי 3,יוניליוור ישראל מזון,IL,קנור ציר בקר,גרמים,300.00,100 גרם,false,,27.90,0.0930,true,1,24277
7290000318127,false,נקניקיות ביס 380 ג' יחיעם,מעדני יחיעם,IL,נקניקיות ביס 380,גרמים,380.00,100 גרם,false,,11.90,0.0313,true,1,11539
7290000318165,false,פסטרמה צלויה על גחלי,מעדני יחיעם,IL,פסטרמה אמיתית צל,קילוגרמים,1.00,"ק""ג",true,,79.90,79.9000,true,1,11541
7290000318189,false,פסטרמה ברביקיו על האש 300 גר' יחיעם,מעדני יחיעם,IL,פסטרמה ברביקיו על הא,גרמים,300.00,100 גרם,false,,25.90,0.0863,true,1,133441
7290000318288,false,פסטרמה חזה הודו בדבש,מעדני יחיעם,IL,חזה הודו בדבש יח,קילוגרמים,1.00,"ק""ג",true,,79.90,79.9000,false,1,11547
7290000318479,false,פרושטו בקר יחיעם 100גר,תאי פרזידנט פוד פאבל,IL,פרשוטו עגל,גרמים,100.00,100 גרם,false,,25.90,0.2590,true,1,11555
7290000318677,false,סלמי סרוולט 150 ג' יחיעם,מעדני יחיעם,IL,סרוולט 150גר יחיעם,גרמים,150.00,100 גרם,false,,25.90,0.1727,true,1,31720
7290000318707,false,סלמי מעושן 500 ג' יחיעם,מעדני יחיעם,IL,סלמי מעושן יחיעם,גרמים,500.00,100 גרם,false,,33.90,0.0678,true,1,11564
7290000318806,false,סלמי סרוולט מעדנ.יחי,מעדני יחיעם,IL,סרוולד יחיעם,קילוגרמים,1.00,"ק""ג",true,,179.90,179.9000,true,1,11566
7290000318851,false,סלמי קוניאק במשקל,מעדני יחיעם,IL,סלמי קוניאק,קילוגרמים,1.00,"ק""ג",true,,89.90,89.9000,false,1,11568
7290000318868,false,סלמי פפרוני במשקל,מעדני יחיעם,IL,סלמי פפרוני,קילוגרמים,1.00,"ק""ג",true,,89.90,89.9000,false,1,11569
7290000318929,false,סלמי צרפתי יחיעם מעד,מעדני יחיעם,IL,סלמי צרפתי,קילוגרמים,1.00,"ק""ג",true,,179.90,179.9000,true,1,11573
7290000318943,false,פסטרמה של פעם 200 גר,תאי פרזידנט פוד פאבל,IL,פסטרמה של פעם 200 ג',גרמים,200.00,100 גרם,false,,21.90,0.1095,true,1,30788
7290000319063,false,כתף בקר מפולפל 150 גרם,מעדני יחיעם,IL,כתף בקר מעושן מפולפל,גרמים,150.00,100 גרם,false,,25.90,0.1727,true,1,105291
7290000319124,false,סלמי סרוולד יחיעם 25,מעדני יחיעם,IL,סרוולד יחיעם,גרמים,250.00,100 גרם,false,,37.90,0.1516,true,1,11578
7290000319131,false,נקניקיות עוף 400 ג' יחיעם,מעדני יחיעם,IL,נקניקיות עוף 400,גרמים,400.00,100 גרם,false,,10.90,0.0273,true,1,11579
7290000319414,false,נקנקיות פרמיום בראטו,מעדני יחיעם,IL,נקניקיות פרימיום ברא,גרמים,280.00,100 גרם,false,,20.90,0.0746,true,1,133460
7290000319520,false,סאלמי צרפתי יחיעם 10,מעדני יחיעם,IL,סלמי צרפתי 100 גר,גרמים,100.00,100 גרם,false,,19.90,0.1990,true,1,11594
7290000319728,false,סלמי איטלקי מפולפל י,מעדני יחיעם,IL,איטלקי מפולפל יח,קילוגרמים,1.00,"ק""ג",true,,79.90,79.9000,false,1,11600
7290000319759,false,סלמי תה יחיעם מעדניה,מעדני יחיעם,IL,סלמי תה יחיעם,קילוגרמים,1.00,"ק""ג",true,,46.90,46.9000,false,1,66615
7290000319803,false,קבנוס קלאסי 125 ג' יחיעם,תאי פרזידנט פוד פאבל,IL,קבנוס קלאסי 125 גרם,גרמים,125.00,100 גרם,false,,13.90,0.1112,true,1,91105
7290000319834,false,קבנוס פפרוני קלאסי 125 ג',תאי פרזידנט פוד פאבל,IL,קבנוס פפרוני קלאסי 1,גרמים,125.00,100 גרם,false,,13.90,0.1112,true,1,91013
7290000334325,false,ציפס למיקרו מארז שלישיה 125 ג' תפוגן,"תעשיות תפוגן בע""מ",IL,תפוגן מארז שלישיה צי,גרמים,380.00,100 גרם,false,,13.90,0.0366,false,1,6491
7290000334745,false,"אמריקאן צ'יפס תפוגן 1.5 ק""ג","תעשיות תפוגן בע""מ",IL,תפוגן אמריקן ציפס 1.,יחידה,1.50,יחידה,false,,24.90,16.6000,true,1,6499
7290000336282,false,"פריגת סיידר צלול 330 מ""ל בקבוק",טמפו משקאות בעמ,IL,סיידר צלול 330 מ,יחידה,330.00,יחידה,false,,7.30,0.0221,true,1,27936
7290000339566,false,מרכך כביסה ורוד 4 ל' בדין,יוניליור ישראל טיפוח,IL,בדין 4 ליטר,ליטרים,4.00,ליטר,false,,19.90,4.9750,false,1,14167
7290000339887,false,"משחת כלים סיף קלין לימון 5 3 ק""ג",אתר ליוור - HPC,IL,משחה 5 3קג דלי.,קילוגרמים,3.50,"ק""ג",false,,27.90,7.9714,false,1,14171
7290000341071,false,בדין - מרכך כביסה בייבי לבן 2 ליטר,יוניליוור ישראל טיפו,IL,בייבי בדין 2 ליט,ליטרים,2.00,ליטר,false,,20.00,10.0000,true,1,14172
7290000342832,false,מרכך כביסה צהוב 4 ל' בדין,אתר ליוור - HPC,IL,בדין 4 ליטר,ליטרים,4.00,ליטר,false,,19.90,4.9750,false,1,14175
7290000342856,false,מרכך כביסה כחול 4 ל' בדין,יוניליור ישראל טיפוח,IL,בדין 4 ליטר,ליטרים,4.00,ליטר,false,,19.90,4.9750,false,1,14176
7290000345048,false,תה ויסוצקי 74 125 גרם,תה ויסוצקי,IL,תה 74 בתפזורת 125 ג,גרמים,125.00,100 גרם,false,,13.00,0.1040,true,1,9302
7290000345055,false,תה ויסוצקי ארל גריי 100 ג',מולינו ניקולי s.p.a,IL,תה עלים ארל גריי 10,גרמים,100.00,100 גרם,false,,14.50,0.1450,true,1,9303
7290000345208,false,תה ויסוצקי קלאסיק מעודן 25X1.0יח',תה ויסוצקי,IL,ויסוצקי קלאסיק 25 שק,גרמים,25.00,100 גרם,false,,6.70,0.2680,true,1,9309
7290000345215,false,תה ויסוצקי קלאסיק 100/1 כחול מעודן,מולינו ניקולי s.p.a,IL,ויסוצקי קלאסיק 100 ש,גרמים,100.00,100 גרם,false,,15.90,0.1590,false,1,9310
7290000345260,false,תה ויסוצקי 25 שקיקים 1.5 גרם,מולינו ניקולי s.p.a,IL,ויסוצקי קלאסיק 25 שק,גרמים,37.50,100 גרם,false,,7.20,0.1920,true,1,9311
7290000345284,false,תה ויסוצקי קלאסיק טעם עשיר 100/1.5יח',מולינו ניקולי s.p.a,IL,ויסוצקי קלאסיק 100 ש,גרמים,150.00,100 גרם,false,,16.90,0.1127,false,1,9313
7290000345291,false,תה ארל גריי 25 שקיקים ויסוצקי,תה ויסוצקי,IL,ארל גריי 25 שקיקים,גרמים,37.50,100 גרם,false,,15.90,0.4240,false,1,9314
7290000345536,false,תה נענע 25 שקיקים 1.5 גרם,מולינו ניקולי s.p.a,IL,תה נענע 25 שקיקים,גרמים,37.50,100 גרם,false,,17.90,0.4773,false,1,9318
7290000346021,false,חליטת קמומיל בבונג גן קסום 50 שקיקים,בית ויסוצקי,IL,תה חליטת קמומיל 50 ש,גרמים,75.00,100 גרם,false,,34.90,0.4653,true,1,9325
7290000346120,false,חליטת קסם הקינמון 25 שקיקים גן קסום,תה ויסוצקי,IL,תה קסם הקינמון 25 שק,גרמים,62.50,100 גרם,false,,18.90,0.3024,false,1,9328
7290000346137,false,חליטת הילולי פירות 25 שקיקים גן קסום,תה ויסוצקי,IL,תה חליטת הילולי פירו,גרמים,62.50,100 גרם,false,,18.90,0.3024,false,1,9329
7290000346144,false,חליטת עינוגי התפוח 25 שקיקים גן קסום,תה ויסוצקי,IL,תה חליטת עינוגי התפו,גרמים,75.00,100 גרם,false,,18.90,0.2520,false,1,9330
7290000346168,false,תה ויסוצקי חליטת שומר הגן הקסום 25יח',תה ויסוצקי,IL,תה חליטת שומר 25 שקי,גרמים,37.50,100 גרם,false,,18.90,0.5040,false,1,9331
7290000346199,false,חליטת פירות היער 25 שקיקים גן קסום,תה ויסוצקי,IL,תה חליטת פירות יער 2,גרמים,67.50,100 גרם,false,,18.90,0.2800,false,1,9333
7290000346205,false,חליטת קמומיל 25 שקיקים הגן קסום,תה ויסוצקי,IL,תה חליטת קמומיל 25 ש,גרמים,37.50,100 גרם,false,,18.90,0.5040,false,1,9334
7290000346212,false,תה בטעם מנטה 25 שקיקים גן קסום,תה ויסוצקי,IL,תה חליטת מנטה 25 שקי,גרמים,50.00,100 גרם,false,,18.90,0.3780,false,1,9335
7290000346229,false,תה הגן הקסום ורד הבר והיביסקוס 25יח',תה ויסוצקי,IL,תה חליטת ורד הבר והי,גרמים,75.00,100 גרם,false,,18.90,0.2520,false,1,9336
7290000346236,false,חליטת לואיזה 25 שקיקים הגן הקסום,תה ויסוצקי,IL,תה חליטת לואיזה - וו,גרמים,50.00,100 גרם,false,,18.90,0.3780,false,1,9337
7290000346960,false,תה ויסוצקי נענע 1.7 גרם 50יח',בית ויסוצקי,IL,תה נענע 50 שקיקים,גרמים,75.00,100 גרם,false,,31.90,0.4253,true,1,9341
7290000347738,false,תה ירוק נענע 25 שקיקים 1.5 גרם,תה ויסוצקי,IL,תה ירוק נענע 25 שקיק,גרמים,37.50,100 גרם,false,,24.90,0.6640,false,1,9345
7290000347752,false,תה ירוק לימונית ולואיזה 25 שקיקים *1.5 ג'' ויסוצקי,תה ויסוצקי,IL,תה ירוק לימונית,גרמים,37.50,100 גרם,false,,24.90,0.6640,false,1,9347
7290000355382,false,עגבניות מרוסקות עם בזיל טל 800 גרם,"מילוז(1989)בע""""מ",IL,עגבניות מרוסקות עם ב,גרמים,800.00,100 גרם,false,,7.20,0.0090,false,1,20533
7290000355399,false,רוטב עגבניות תיבול עדין טל 800 גרם,מילוז(1989),IL,רוטב עגבניות לבי,גרמים,800.00,100 גרם,false,,7.90,0.0099,true,1,26895
7290000355405,false,עגבניות מרוסקות A2.5 ובצל טל וטרי 800 גר',מילוז(1989),IL,עגבניות מרוסקות עם ב,גרמים,800.00,100 גרם,false,,7.20,0.0090,false,1,20535
7290000355412,false,עגבניות מרוסקות A2.5 ושום טל וטרי 800 גר',"מילוז(1989)בע""""מ",IL,עגבניות מרוסקות עם ש,גרמים,800.00,100 גרם,false,,7.20,0.0090,false,1,20536
7290000355481,false,רסק עגבניות BX22 טומטו 600ג' A2,"מילוז(1989)בע""""מ",IL,רוטב עגבניות מרוכז מ,גרמים,600.00,100 גרם,false,,5.50,0.0092,true,1,50572
7290000355498,false,רוטב עגבניות A2 BX28 טומטו 580ג',"מילוז(1989)בע""""מ",IL,רוטב עגבניות,גרמים,600.00,100 גרם,false,,6.50,0.0108,true,1,43184
7290000355757,false,עגבניות מרוסקות טל וטרי 800 גרם,"מילוז(1989)בע""""מ",IL,עגבניות מרוסקות 800,גרמים,800.00,100 גרם,false,,7.20,0.0090,false,1,20540
7290000363011,false,סלמי קוניאק מובחר טירת צבי במשקל,הנסיך- מפעל לייצור ט,IL,קוניאק טירת צבי,קילוגרמים,1.00,"ק""ג",true,,84.90,84.9000,false,1,9521
7290000363400,false,סלמי פפרוני טירת צבי,הנסיך- מפעל לייצור ט,IL,סלמי פפרוני,קילוגרמים,1.00,"ק""ג",true,,84.90,84.9000,false,1,8881
7290000363462,false,סלמי מעושן איטלקי טי,טירת- צבי,IL,סלמי מעושן איטלק,קילוגרמים,1.00,"ק""ג",true,,84.90,84.9000,false,1,9526
7290000363486,false,נקניק תה טירת צבי מע,טירת- צבי,IL,נקניק תה טירת צב,קילוגרמים,1.00,"ק""ג",true,,56.90,56.9000,false,1,9527
7290000363899,false,נקניקיות פיקנטיות טירת צבי 400 גר',טירת- צבי,IL,נקניקיות הודו פיקנטי,גרמים,400.00,100 גרם,false,,11.90,0.0298,true,1,9531
7290000364261,false,דקניקים סלסולי כתף בקר 120 ג' טירת צבי,הנסיך- מפעל לייצור ט,IL,סלסולי כתף בקר,גרמים,120.00,100 גרם,false,,15.90,0.1325,false,1,43885
7290000364278,false,דקניקים סילסולי סלמי איטלקי 120 ג' טירת צבי,הנסיך- מפעל לייצור ט,IL,סלסולי סלמי איטלקי מ,גרמים,120.00,100 גרם,false,,15.90,0.1325,false,1,43886
7290000364285,false,דקניקים סלסולי פסטרמה הודו 120 ג' טירת צבי,הנסיך- מפעל לייצור ט,IL,סלסולי פסטרמה הודו,גרמים,120.00,100 גרם,false,,15.90,0.1325,false,1,43887
7290000364292,false,דקניקים סלסולי פסטרמה הודו על גחלים 120 ג' טירת צבי,הנסיך- מפעל לייצור ט,IL,סלסולי פסטרמה הודו ע,גרמים,120.00,100 גרם,false,,15.90,0.1325,false,1,45942
7290000364803,false,נקניקיות קרנץ אמריקאי 500 גרם,הנסיך- מפעל לייצור ט,IL,נקנקיות אמריקאיו,גרמים,500.00,100 גרם,false,,27.90,0.0558,true,1,9539
7290000364810,false,נקניקיות עגל 500 גרםטירת צבי,הנסיך- מפעל לייצור ט,IL,נקניקיות עגל 500 ג',גרמים,500.00,100 גרם,false,,27.90,0.0558,true,1,9540
7290000364858,false,"נקניקיות עוף טרי 1 ק""ג טירת צבי",הנסיך- מפעל לייצור ט,IL,נקנקיות עוף 1 קג,יחידה,1.00,יחידה,false,,26.90,26.9000,false,1,9541
7290000364872,false,נקניקיות עוף 400 גרםטירת צבי,טיב טירת צבי 2000,IL,נקנקיות עוף טירת,גרמים,400.00,100 גרם,false,,11.90,0.0298,true,1,9542
7290000364957,false,נקניקיות מיני מיני עוף 700 גרםטירת צבי,הנסיך- מפעל לייצור ט,IL,נקנקיות מיני,גרמים,700.00,100 גרם,false,,26.90,0.0384,true,1,9543
7290000365398,false,חזה הודו בדבשטירת צבי,טירת- צבי,IL,פסטרמה דבש ט.צבי,קילוגרמים,1.00,"ק""ג",true,,84.90,84.9000,false,1,9544
7290000365954,false,פסט.על גחלים ט.צבי מ,טירת- צבי,IL,פסטרמה על גחלים,קילוגרמים,1.00,"ק""ג",true,,84.90,84.9000,false,1,9550
7290000367590,false,צמד כפרי סלמי+פסטרמה 800 גרם טירת צבי,טיב טירת צבי 2000,IL,זוג פסטרמה טירת,גרמים,800.00,100 גרם,false,,29.90,0.0374,true,1,9555
7290000369037,false,קוביות בולגרית מתובלות 200 גר,גבינות אמיר ניצן בעמ,IL,סלט קוביות בולגרית 2,גרמים,200.00,100 גרם,false,,15.90,0.0795,true,1,115305
7290000369365,false,בולגרית למריחה עם חציל 200 גר,גבינות אמיר ניצן בעמ,IL,חציל עירוני מעדן בול,גרמים,200.00,100 גרם,false,,13.90,0.0695,true,1,62844
7290000369617,false,כדורי מעדן גבינה בשמן 225 ג' ניצן,גבינות אמיר ניצן בעמ,IL,כדורי מעדן גבינה 150,גרמים,150.00,100 גרם,false,,19.90,0.1327,true,1,115249
7290000369709,false,ניצן חמאה ט.שונים 10,גבינות אמיר ניצן בעמ,IL,ממרח חמאה 100 גרם,גרמים,100.00,100 גרם,false,,13.90,0.1390,true,1,28127
7290000377209,false,בוטנים מטוגנים קליית,"ג'י אנד ג'י בע""מ",IL,בוטנים 200,גרמים,200.00,100 גרם,false,,6.90,0.0345,true,1,14611
7290000377445,false,נש צאנס קלית גת 200 גר',"ג'י אנד ג'י בע""מ",IL,תערובת מנצ'ס,גרמים,200.00,100 גרם,false,,8.50,0.0425,true,1,14614
7290000377452,false,גרעיני אבטיח קלית גת 200 ג',הדקלאים אגודת שיתופי,IL,גרעיני אבטיח 200ח,גרמים,200.00,100 גרם,false,,12.00,0.0600,true,1,14615
7290000408316,false,יוגורט דנונה דל לקטוז 200 גרם,מיוצר עי קונדיטוריית,IL,יוגורט דנונה טבעי 3%,מיליליטרים,200.00,"100 מ""ל",false,,3.50,0.0175,true,1,7666
7290000408354,false,יוגורט עם אורז מצופה שוקולד קקאו 175 ג' דנונה,"שטראוס בריאות בע""מ",IL,דנונה קראנצ' פצפוצים,מיליליטרים,175.00,"100 מ""ל",false,,4.60,0.0263,false,1,7667
7290000412481,false,סנו - מנקה אסלות 00 1 ליטר,מיוצר עי קונדיטוריית,IL,מנקה אסלות 1ליטר,ליטרים,1.00,ליטר,false,,7.90,7.9000,false,1,19128
7290000416021,false,ממרח שוקולד השחר חלבי 500 גר',השחר העולה,IL,ממרח השחר 500 גרם,גרמים,500.00,100 גרם,false,,13.90,0.0278,false,1,19264
7290000416045,false,ממרח שוקולד השחר דלי,השחר העולה תעשייות מ,IL,"ממרח השחר 1 ק""ג",קילוגרמים,1.00,"ק""ג",false,,23.90,23.9000,false,1,19265
7290000416618,false,"ממרח שוקולד השחר פרווה בד""צ 400 גר'",השחר העולה תעשייות מ,IL,ממרח שוקולד השחר פרו,גרמים,400.00,100 גרם,false,,10.60,0.0265,true,1,19266
7290000419107,false,לנדוור מקורי - קפה טחון טורקי 100 גרם,קפה לנדוור בע''מ,IL,קפה טורקי קלוי כחול,גרמים,100.00,100 גרם,false,,7.90,0.0790,false,1,30456
7290000419220,false,לנדוור כחול המקורי קפה טחון טורקי 3*100 גרם 16 יח',קפה לנדוור,IL,מארז קפה לנדוור טחון,גרמים,300.00,100 גרם,false,,18.90,0.0630,false,1,36006
7290000419374,false,לנדוור לבוקר קפה טחון טורקי 3*100 גרם 16 יח',קפה לנדוור,IL,מארז שלישייה קפה שחו,גרמים,300.00,100 גרם,false,,18.90,0.0630,false,1,49701
7290000419893,false,לנדוור חזק - קפה טחון טורקי 100 גרם,מולינו ניקולי s.p.a,IL,קפה לנדוור שחור טחון,גרמים,100.00,100 גרם,false,,7.90,0.0790,false,1,34580
7290000419909,false,לנדוור לבוקר קפה טחון שחור טורקי 100 גרם,מולינו ניקולי s.p.a,IL,קפה לנדוור שחור בטעם,גרמים,100.00,100 גרם,false,,7.90,0.0790,false,1,34977
7290000419923,false,לנדוור קפה אספרסו טחון בואקום 200 גר,קפה לנדוור,IL,אספרסו לנדוור טחון ב,גרמים,200.00,100 גרם,false,,19.90,0.0995,true,1,38801
7290000420325,false,פופ קורן טבעי למיקרוגל 5 יח',Preston farms,US,פופסטאר טבעי 5יח',גרמים,500.00,100 גרם,false,,12.90,0.0258,false,1,18492
7290000420332,false,פופ קורן חמאה למיקרוגל 5יח',פופ סטאר,US,פופסטאר חמאה 5יח',גרמים,500.00,100 גרם,false,,12.90,0.0258,false,1,18493
7290000420417,false,גלילונית שקיות אשפה 50*70 - 60 יח',"איטיליאן פוד, אס.פי.",TH,גלילונית 50X70 עם לש,יחידה,0.00,יחידה,false,,24.00,0.0000,false,1,18494
7290000430102,false,"שקיות קרח 2 ק""ג ""מר אייס""","אייס (קיובס) בע""מ -",IL,"שקיות קרח 2 ק""ג",יחידה,2.00,יחידה,false,,10.00,5.0000,true,1,24427
7290000432335,false,נר זכרון בכוס פאלאס,פאלאס תעשיות נטו (20,CN,נר נשמה 72 שעות,יחידה,0.00,יחידה,false,,5.50,0.0000,true,1,35055
7290000432359,false,נר נשמה בכוס שבועי פ,פאלאס,CN,נר נשמה שבועי,יחידה,0.00,יחידה,false,,9.90,0.0000,true,1,12840
7290000432687,false,נרות שבת מס' 16,,,נרות שבת מס' 16,גרמים,180.00,100 גרם,false,,4.50,0.0250,true,1,168065
7290000442044,false,פמינה תחליב רחצה אינטימי חמוציות 220 מל,פמינה,IL,פמינה חמוציות,מיליליטרים,0.00,"מ""ל",false,,26.90,0.0000,true,1,50398
7290000442310,false,טפטפים בייביסקין משחה לטוסיק מבושם 100,"רצט שקיים בע""מ",IL,בייביסקין קרם שפורפר,גרמים,100.00,100 גרם,false,,10.00,0.1000,true,1,44519
7290000442587,false,"גינקו סאי - קרם רב שימושי 250 מ""ל",כ.צ.ט,IL,קרם רב שימושי,מיליליטרים,220.00,"100 מ""ל",false,,19.90,0.0905,true,1,15708
7290000446547,false,חמאת בוטנים טבעית ללא סוכר 350גר,"בטר אנד דיפרנט בע""מ",IL,חמאת בוטנים טבעית,גרמים,350.00,100 גרם,false,,12.90,0.0369,true,1,46512
7290000446554,false,"חמאת בוטנים טבעית 1 ק""ג בי&די",בטר אנד דיפרנט B&D,IL,חמאת בוטנים טבעית 1,קילוגרמים,1.00,"100 ק""ג",false,,27.90,27.9000,true,1,93800
7290000446714,false,שמן שומשום כבישה קרה,בטר אנד דיפרנט,IL,"שמן שומשום 500 מ""ל",מיליליטרים,500.00,"100 מ""ל",false,,38.90,0.0778,true,1,115185
7290000446745,false,חמאת שקדים 100% טבעי 350ג' בי&די,בטר אנד דיפרנט,IL,חמאת שקדים,גרמים,350.00,100 גרם,false,,42.90,0.1226,true,1,114844
7290000446943,false,פריכיות אורז כוסמת 100ג' בי&די,בטר אנד דיפרנט B&D,IL,פריכיות כוסמת,גרמים,100.00,100 גרם,false,,4.50,0.0450,true,1,114823
7290000449128,false,סיף פנטסטיק לימון ניקוי רב תכליתי 4ל',יוניליוור ישראל טיפו,IL,פנטסטיק 4 ליטר,ליטרים,4.00,ליטר,false,,19.90,4.9750,false,1,14179
7290000450209,false,נתחי טונה פוסידון בשמן 110 ג',"מיוצר עי וליגר בעמ,",IL,טונה פוסידון בשמן 11,גרמים,110.00,100 גרם,false,,6.00,0.0545,true,1,19765
7290000450308,false,נתחי טונה פוסידון במים 110 ג',ויליגר בעמ עבור נטו,IL,טונה פוסידון במי,גרמים,108.00,100 גרם,false,,6.00,0.0556,true,1,19766
7290000453019,false,שמרים טריים לאפייה שקית שמרית 50 ג',"פאקא תעשיות בע""מ",IL,שמרית,גרמים,50.00,100 גרם,false,,4.60,0.0920,false,1,7669
7290000453125,false,שמרית שמרים טריים לאפיה +משפר אפיה 100ג,"פאקא תעשיות בע""מ",IL,שמרית+משפר אפיה,גרמים,100.00,100 גרם,false,,7.90,0.0790,true,1,7670
7290000453408,false,בצק פיצה דק מצונן ומוכן לאפיה שמרית,"פאקא תעשיות בע""מ",FR,בצק פיצה דק מצונן ומ,גרמים,415.00,100 גרם,false,,16.90,0.0407,true,1,112732
7290000453415,false,בצק עלים מצונן ומוכן לאפייה שמרית,"פאקא תעשיות בע""מ",FR,בצק עלים מצונן ומוכן,גרמים,300.00,100 גרם,false,,15.90,0.0530,true,1,112733
7290000453422,false,בצק פילו מצונן ומוכן לאפייה שמרית,"פאקא תעשיות בע""מ",FR,בצק פילו מוכן לאפייה,גרמים,300.00,100 גרם,false,,15.90,0.0530,true,1,112734
7290000453781,false,שמרים יבשים שמרית 125 גרם,"פאקא תעשיות בע""מ",PT,שמרים יבשים,גרמים,125.00,100 גרם,false,,6.30,0.0504,true,1,108348
7290000453798,false,שמרית שמרים יבשים אקטיביים 500 גר',"גי' בי' רכיבים בע""מ",IL,שמרים אקטיבים 500 גר,גרמים,500.00,100 גרם,false,,14.90,0.0298,false,1,105580
7290000453866,false,נטורינה קוקוס לאפייה שמרית 200ג',גרונבאנג- גרונדנסק א,IL,נטורינה קוקוס שמרית,גרמים,200.00,100 גרם,false,,7.60,0.0380,false,1,103149
7290000453880,false,מרגרינה ללא מלח לאפיה ובישול שמרית 200גר,"פאקא תעשיות בע""מ",IL,מרגרינה ללא מלח לאפי,גרמים,200.00,100 גרם,false,,5.90,0.0295,false,1,95557
7290000453897,false,מרגרינה בטעם חמאה שימרית 200 ג',גרונבאנג- גרונדנסק א,IL,מרגרינה בטעם חמאה 20,גרמים,200.00,100 גרם,false,,5.90,0.0295,false,1,95558
7290000461625,false,בייגלה שמיניות מלח בייגל בייגל 400 ג',בייגל את בייגל מזון,IL,בייגלה שמיניות גדולו,גרמים,400.00,100 גרם,false,,8.90,0.0223,true,1,14185
7290000461656,false,בייגלה אחד אחד 400 ג' מקלות,בייגל את בייגל מזון,IL,מקלות בייגל,גרמים,400.00,100 גרם,false,,8.90,0.0223,true,1,14187
7290000461700,false,בייגל גדול גדול 400 גרם,בייגל את בייגל מזון,IL,בייגלה גדול גדול,גרמים,400.00,100 גרם,false,,13.90,0.0348,true,1,14189
7290000461724,false,בייגל גדול גדול שומשום 400 גרם,אתר בייגל - Food,IL,בייגלה שומשום 00,גרמים,400.00,100 גרם,false,,13.90,0.0348,true,1,14190
7290000461793,false,בייגלה ארוך ארוך סידרה ירוקה 200גר,בייגל את בייגל מזון,IL,מקלות מלוחים קטן,גרמים,150.00,100 גרם,false,,6.90,0.0460,false,1,14192
7290000462141,false,סחוג אדום חריף מאוד (מכסה אדום) 150 גרם,קריניסה ויטמין אס אי,IL,סחוג חריף מאוד זהבי,גרמים,150.00,100 גרם,false,,8.90,0.0593,true,1,39242
7290000462172,false,סחוג ירוק חריף מאוד מ.ירוק 150 גרם,קריניסה ויטמין אס אי,IL,סחוג,גרמים,150.00,100 גרם,false,,8.90,0.0593,true,1,7672
7290000467153,false,צבר חומוס סמיר הגדול 400גר,סלטי צבר,IL,חומוס סמיר הגדול,גרמים,400.00,100 גרם,false,,13.90,0.0348,true,1,65201
7290000467320,false,צבר חומוס אבו מרוואן 400גר.,לחמנו,IL,חומוס אבו מרוואן 400,גרמים,400.00,100 גרם,false,,13.90,0.0348,true,1,65202
7290000469638,false,ספריי מריטו לגיהוץ קל 500 מל,בולטון מניטובה,IT,מריטו 500 מל,מיליליטרים,500.00,"100 מ""ל",false,,22.90,0.0458,true,1,8598
7290000474090,false,חלב הומוגני 1% קרטון טרה 1ל',מילקו תעשיות בעמ,IL,חלב טרה הומוגני דל ש,ליטרים,1.00,ליטר,false,,5.86,5.8600,false,1,5761
7290000474502,false,גבינה לבנה 5% 250ג' טרה מהדרין,טרה,IL,גבינה לבנה 250 גר' ט,גרמים,250.00,100 גרם,false,,4.98,0.0199,false,1,5773
7290000474540,false,גבינה טוב טעם 3% טרה 250ג' מהדרין,טרה,IL,גבינה טוב טעם 3% טרה,גרמים,250.00,100 גרם,false,,11.50,0.0460,false,1,5775
7290000480107,false,קוואקר שיבולת שועל פחית 500 גר',וולקרס סנקס לימיטד,GB,קוואקר שיבולת שועל פ,גרמים,500.00,100 גרם,false,,11.90,0.0238,false,1,18042
7290000480442,false,קוואקר שיבולת שועל שקית 500 גר',פריטו ליי FRITO-LAY,IL,שיבולת שועל קוואקר ב,גרמים,500.00,100 גרם,false,,12.90,0.0258,false,1,18051
7290000482033,false,שקיות קוקי ענק בתנור ובמיקרוגל 5 יח,הנסיך- מפעל לייצור ט,IL,שקיות קוקי ענק- 5 יח,יחידה,0.00,יחידה,false,,9.90,0.0000,true,1,8601
7290000482071,false,שקיות צליה קוקי מארז,,,שקיות קוקי,יחידה,0.00,יחידה,false,,19.90,0.0000,true,1,8602
7290000483139,false,מרציפן גולמי המרשלג 100 גרם,"המרשלג פרלינס בע""מ",IL,מרציפן גולמי חלה,גרמים,100.00,100 גרם,false,,8.90,0.0890,true,1,11373
7290000483412,false,קישוט לעוגה המרשלג ט,המרשלג,IL,קישוטים לעוגה,גרמים,60.00,100 גרם,false,,12.00,0.2000,true,1,11839
7290000483641,false,מרציפן חלה המרשלג 75 גרם,"המרשלג פרלינס בע""מ",IL,מרציפן חלה,גרמים,75.00,100 גרם,false,,7.90,0.1053,true,1,11374
7290000484549,false,"כהל 96% לשתיה 750 מ""ל",,IL,גולד כהל 96%,מיליליטרים,750.00,"100 מ""ל",false,,124.90,0.1665,false,1,93640
7290000484747,false,עראק עלית 700 מל 40% כהל,יקב הגליל שווק בעמ,IL,עלית הארק,מיליליטרים,700.00,"100 מ""ל",false,,55.90,0.0799,false,1,97418
7290000490601,false,מאגדת גלידל וניל 8 יח דיאט,הגלידות של פלדמן,IL,מאגדת גלידל דיאט שלג,גרמים,400.00,100 גרם,false,,29.90,0.0747,true,1,28364
7290000490724,false,חטיפי גלידה עינוגים,גלידות פלדמן,,חטיפי גלידה עינוגים,גרמים,360.00,100 גרם,false,,32.90,0.0914,true,1,47726
7290000490762,false,מאגדת גלידל שוקו 8 יח דיאט,הגלידות של פלדמן,IL,מאגדת גלידל שלגוני ש,גרמים,400.00,100 גרם,false,,29.90,0.0747,true,1,27505
7290000493176,false,אבקת רוטב צלי לבשר 22ג' אסם,"אסם תעשיות בע""מ",IL,רוטב צלי באבקה,גרמים,22.00,100 גרם,false,,4.40,0.2000,true,1,6564
7290000493183,false,אבקת רוטב פטריות לבשר-30 גרם,"אסם תעשיות בע""מ",IL,רוטב פטריות באבקה,גרמים,30.00,100 גרם,false,,4.40,0.1467,true,1,6565
7290000497044,false,לחם ברמן אקטיב 750 גר,מאפית י את א ברמן בע,IL,לחם ברמן אקטיב,גרמים,750.00,100 גרם,false,,15.90,0.0212,true,1,67120
7290000497228,false,לחמניה רגילה בשקית ברמן 6יח',מאפית י את א ברמן בע,IL,מארז 6 לחמניות ברמן,גרמים,450.00,100 גרם,false,,11.90,0.0264,true,1,11398
7290000497570,false,לחם דגנים פלוס ברמן 500 גרם,מאפית י את א ברמן בע,IL,לחם דגני קלות ברמן,גרמים,500.00,100 גרם,false,,15.90,0.0318,false,1,28552
7290000498034,false,לחם אי פרי קמח כוסמין מלא 750 גר',מאפית י את א ברמן בע,IL,לחם כוסמין E-FREE,גרמים,750.00,100 גרם,false,,16.90,0.0225,true,1,113435
7290000504025,false,סוכרזית פטריה 300 טבליות,אף.סי תבליני בגליל ב,IL,פטריה 300טבל',גרמים,246.00,100 גרם,false,,8.50,0.0346,true,1,10373
7290000504049,false,סוכרזית קנקן 1200 טבליות,אף.סי תבליני בגליל ב,IL,סוכרזית קנקן,גרמים,984.00,100 גרם,false,,24.50,0.0249,true,1,10375
7290000504209,false,"סוכרזית דיאט טיפ נוזלי 220 מ""ל",אף.סי תבליני בגליל ב,IL,דיאט טיפ ממתיק,יחידה,220.00,יחידה,false,,19.90,0.0905,true,1,10376
7290000504261,false,קלאסי ממתיק דל קלוריות אבקה 65 גרם,סוכרזית Sucrazit,IL,כמו סוכר ממת 140י,גרמים,65.00,100 גרם,false,,25.90,0.3985,true,1,10377
7290000504278,false,סוכרזית - קלאסי פטנט 700 טבליות,אף.סי תבליני בגליל ב,IL,סוכרזית פטנט,גרמים,574.00,100 גרם,false,,17.90,0.0312,true,1,10378
7290000518121,false,מתוק וקל ממתיק 50 שקיות,פתח תקווה,IL,מתוק וקל 50יח,גרמים,50.00,100 גרם,false,,6.50,0.1300,true,1,11841
7290000518152,false,מתוק וקל זהב 25 שקיות,מתוק וקל,IL,מתוק וקל זהב,גרמים,25.00,100 גרם,false,,6.90,0.2760,true,1,17688
7290000518169,false,מתוק וקל טבליות ממתי,פתח תקווה,IL,מתוק וקל 1000 יח,גרמים,820.00,100 גרם,false,,10.90,0.0133,true,1,17689
7290000518176,false,מתוק וקל ענק 250 שקיות,מתוק וקל בעמ,IL,מתוק וקל 250,גרמים,250.00,100 גרם,false,,18.90,0.0756,true,1,17690
7290000518190,false,מתוק וקל סטיביה 100 שקיות,מתוק וקל,IL,מתוק וקל סטיביה 100,יחידה,0.00,יחידה,false,,26.90,0.0000,true,1,100961
7290000518220,false,סוכרה דיאט ממתיק 100 שקיות,פתח תקווה,IL,סוכרה דיאט 100 שקיות,יחידה,0.00,יחידה,false,,25.00,0.0000,true,1,100892
7290000518251,false,מתוק וקל ממתיק זהב 100 שקיות,פתח תקווה,IL,מתוק וקל זהב 100,גרמים,100.00,100 גרם,false,,12.90,0.1290,true,1,17692
7290000518336,false,ממתק צמר גפן מתוק מסיבים תזונתיים,מתוק וקל בעמ,IL,צמר גפן מתוק,גרמים,10.00,100 גרם,false,,5.00,0.5000,true,1,123293
7290000518398,false,"סוכרה דיאט טיפות 150 מ""ל",פתח תקווה,IL,סוכרה דיאט טיפות,יחידה,0.00,יחידה,false,,26.90,0.0000,true,1,101502
7290000518879,false,סוכרה דיאט ממתיק 250 שקיות,מתוק וקל בעמ,IL,סוכרה דיאט 250 שקיות,גרמים,200.00,100 גרם,false,,49.90,0.2495,true,1,64981
7290000521008,false,"יין אדום יבש סגל 750 מ""ל",כרמי צבי - אחים סגל,IL,של סגל אדום יבש,מיליליטרים,750.00,"100 מ""ל",false,,19.90,0.0265,false,1,20782
7290000521015,false,"יין סגל לבן יבש 750מ""ל","מיוצר ע""י כרמי צבי-",IL,סגל לבן יבש,מיליליטרים,750.00,"100 מ""ל",false,,19.90,0.0265,false,1,20783
7290000521022,false,סגל לבן חצי יבש 750 מל פקדון,"מיוצר ע""י כרמי צבי-",IL,יין לבן חצי יבש,יחידה,750.00,יחידה,false,,19.90,0.0265,false,1,20784
7290000522111,false,חלב טרי אורגני 3% 1 ליטר,,,חלב טרי אורגני 3% רמ,ליטרים,1.00,ליטר,false,,12.90,12.9000,false,1,5783
7290000522159,false,חלב הרים טהור-עמיד- קרטון 1 לי 1%,"מחלבות רמת הגולן בע""",IL,חלב הרים טהור עמיד 1,ליטרים,1.00,ליטר,false,,9.90,9.9000,false,1,53429
7290000522166,false,חלב הרים טהור-עמיד- נטול לקטוז 1 לי 3%,"מחלבות רמת הגולן בע""",IL,חלב הרים טהור נטול 1,ליטרים,1.00,ליטר,false,,11.50,11.5000,false,1,57305
7290000522180,false,חלב הרים טהור שוקו 2,,,שוקו עמיד גולן,מיליליטרים,250.00,"100 מ""ל",false,,4.70,0.0188,false,1,104592
7290000522272,false,"שמנת לקפה 10% שומן 500 מ""ל",מחלבות רמת הגולן,IL,שמנת לקפה 10% שומן 5,מיליליטרים,500.00,"100 מ""ל",false,,9.90,0.0198,true,1,68589
7290000523125,false,מלח הארץ הים האדום 250 ג' עדין,חברת מלח הארץ אילת ב,IL,מלח ים 200 גר',גרמים,250.00,100 גרם,false,,5.50,0.0220,true,1,15807
7290000523224,false,מלח הארץ הים האדום 500 ג' עדין,חברת מלח הארץ אילת ב,IL,מלח ים 500 גר',גרמים,500.00,100 גרם,false,,7.90,0.0158,true,1,15808
7290000523514,false,מלח הארץ 50% מכמות הנתרן 250 גרם,חברת מלח הארץ אילת ב,IL,מלח ים מופחת נתרן,גרמים,250.00,100 גרם,false,,10.00,0.0400,true,1,9961
7290000523521,false,מלח ים מועשר ביוד 250 ג' מלח הארץ,חברת מלח הארץ אילת ב,IL,מלח מועשר ביוד,גרמים,250.00,100 גרם,false,,5.90,0.0236,true,1,9962
7290000523804,false,"מלח עדין צנצנת 1 ק""ג מלח הארץ",חברת מלח הארץ אילת ב,IL,מלח הארץ עדין 1קג,קילוגרמים,1.00,"ק""ג",false,,7.50,7.5000,true,1,39667
7290000523811,false,"צנצנת מלח גס 1 ק""ג מלח הארץ",חברת מלח הארץ אילת ב,IL,מלח הארץ גס 1קג,קילוגרמים,1.00,"ק""ג",false,,7.50,7.5000,true,1,39668
7290000525969,false,פרימור סחוט תפוזים טבעי 1ל',"גניר (1992) בע""מ",IL,פרימור סחוט תפוזים 1,ליטרים,1.00,ליטר,false,,15.90,15.9000,false,1,7677
7290000530024,false,תה מעושן רחב זוגלובק,זוגלובק,IL,תה זוגלובק,קילוגרמים,1.00,"ק""ג",true,,49.90,49.9000,false,1,13583
7290000530048,false,נקניק סלמי פפרוני במ,זוגלובק,IL,סלמי פפרוני,קילוגרמים,1.00,"ק""ג",true,,46.90,46.9000,false,1,25542
7290000530062,false,סלמי מעו. איטלקי זוג,זוגלובק,IL,מעושן איטלקי בלו,קילוגרמים,1.00,"ק""ג",true,,72.90,72.9000,true,1,13586
7290000530086,false,נקניק סלמי מעושן 600 ג' זוגלובק,זוגלובק,IL,סלמי מעוש 7000ן,גרמים,610.00,100 גרם,false,,31.90,0.0523,true,1,52050
7290000530109,false,קבנוס זוגי בואקום זוגלובק 180ג',זוגלובק,IL,זוג קבנוס בואקום,גרמים,360.00,100 גרם,false,,28.90,0.0803,true,1,43330
7290000530116,false,נקניק סלמי מעושן בשן 470 ג' זוגלובק,זוגלובק,IL,נקניק בשן,גרמים,485.00,100 גרם,false,,25.90,0.0534,true,1,51962
7290000530178,false,נקניק קוניאק זוגלובק,זוגלובק,IL,נקניק קוניאק זוגלובק,קילוגרמים,1.00,"ק""ג",true,,79.90,79.9000,true,1,13589
7290000530192,false,נקניק סלמי סרוולד במ,זוגלובק,IL,סרבלד זוגלובק,קילוגרמים,1.00,"ק""ג",true,,119.90,119.9000,true,1,13590
7290000530413,false,המבורגר זהב זוגלובק 400 גר',זוגלובק,IL,המבורגר זהב,גרמים,400.00,100 גרם,false,,19.90,0.0497,true,1,13594
7290000530598,false,נקניקיות וינר 500 ג' טרי זוגלובק,זוגלובק,IL,נקנקיות,גרמים,500.00,100 גרם,false,,17.00,0.0340,true,1,13597
7290000530703,false,זוג במארז חרמון הודו + סלמי תה זוגלובק 800 גר',זוגלובק,IL,חרמון כפרית 400+תה 4,גרמים,800.00,100 גרם,false,,26.90,0.0336,true,1,45000
7290000531410,false,פסטרממיה בדבש טהור ב,זוגלובק,IL,פסטרממיה בדבש טה,קילוגרמים,1.00,"ק""ג",true,,79.90,79.9000,false,1,23209
7290000531601,false,סטייק בורגר זהב זוגלובק 400ג',זוגלובק,IL,סטייקבורגר זהב,גרמים,400.00,100 גרם,false,,19.90,0.0497,true,1,43161
7290000531977,false,בורקס גבינה 800 ג' זוגלובק,מאפיית גידרון,IL,בורקס גבינה 800 גר',גרמים,800.00,100 גרם,false,,16.90,0.0211,false,1,13608
7290000532721,false,כתף בקר טורו מצופה פ,זוגלובק,IL,טורו זוגלובק,קילוגרמים,1.00,"ק""ג",true,,109.90,109.9000,false,1,44931
7290000533353,false,"בצק עלים מרודד זוגלובק 1ק""ג",מאפיית אריאל וגידרון,IL,בצק עלים זוגלובק,קילוגרמים,1.00,"ק""ג",false,,19.90,19.9000,false,1,13614
7290000534718,false,תבור-חזה הודו דל שומ,זוגלובק,IL,תבור-חזה הודו דל שומ,קילוגרמים,1.00,"ק""ג",true,,79.90,79.9000,false,1,13621
7290000536743,false,קריספי סטיקס תירס 500 ג' זוגלובק,זוגלובק,IL,קריספי סטיקס תירס,גרמים,500.00,100 גרם,false,,13.90,0.0278,true,1,67703
7290000536774,false,"נקניקיות מן הצומח זוגלובק 1ק""ג בד""צ",זוגלובק,IL,נקניקיות מן הצומח,יחידה,1.00,יחידה,false,,27.90,27.9000,true,1,40405
7290000537566,false,נקניקיות עוף טרי 400 ג' זוגלובק,זוגלובק,IL,נקנקיות עוף טרי,גרמים,400.00,100 גרם,false,,15.90,0.0398,true,1,13643
7290000538709,false,סלמי תה מעושן 200 ג' זוגלובק,זוגלובק,IL,נקניק תה מעושן,גרמים,200.00,100 גרם,false,,12.50,0.0625,true,1,25976
7290000552194,false,קישקע 500 גר' טיבון,טיבון ויל אחזקות בעמ,IL,קישקע 500 גר' טיבון,גרמים,500.00,100 גרם,false,,12.90,0.0258,true,1,19770
7290000554402,false,מלבי&קוקוס ובוטנים 5,"מיוצר ע""י קוד יצרן E",IL,מלבי 5% גד,גרמים,160.00,100 גרם,false,,5.90,0.0369,true,1,20589
7290000554457,false,גבינה צפתית 5% 350 גרם - רבנות,"מחלבות גד בע""מ",IL,צפתית גד 5%,גרמים,350.00,100 גרם,false,,22.90,0.0654,true,1,20590
7290000554471,false,גבינת מוצרלה 22% נקניק 180ג' גד,"מחלבות גד בע""מ",IL,מוצרלה 22%,גרמים,180.00,100 גרם,false,,17.90,0.0994,true,1,20591
7290000554532,false,גבינה צפתית מעודנת במלח ים 5% 200 ג' גד,הנסיך- מפעל לייצור ט,IL,צפתית מעודנת 5% 200ג,גרמים,200.00,100 גרם,false,,14.90,0.0745,true,1,39008
7290000554600,false,מוצרלה מגורדת 18% 300 גרם - רובין,מחלבות גד בעמ,IL,מוצרלה מגורדת 22%,גרמים,300.00,100 גרם,false,,27.90,0.0930,true,1,20593
7290000554624,false,ירח מתוק 3% 150 גרם רובין,"מיוצר ע""י קוד יצרן E",IL,ירח מתוק 3% גד,גרמים,150.00,100 גרם,false,,5.90,0.0393,true,1,20594
7290000554655,false,מוצרלה מעושנת בנקניק,מחלבות גד,IL,מוצרלה מעושנת בנקניק,קילוגרמים,1.00,"ק""ג",true,,89.90,89.9000,true,1,33868
7290000554686,false,לאבנה שמן זית וזעתר 5% 250 גרם - רבנות,מחלבות גד בעמ,IL,לבנה 5% זעתר גד,גרמים,250.00,100 גרם,false,,14.90,0.0596,true,1,20595
7290000554754,false,גבינה מוצרלה כדורקטן,מחלבות גד,IL,מוצרלה במים קטן,קילוגרמים,1.00,"ק""ג",true,,95.90,95.9000,true,1,28166
7290000554792,false,גבינה בולגרית 5% במש,מחלבות גד,IL,בולגרית 5% גד מעודנת,קילוגרמים,1.00,"ק""ג",true,,59.90,59.9000,false,1,20599
7290000554815,false,גליל מוצרלה טבעי במש,מחלבות גד,IL,מוצרלה גד,קילוגרמים,1.00,"ק""ג",true,,85.90,85.9000,false,1,20600
7290000554822,false,גבינת ריקוטה טבעי 5% שומן 250 ג' גד,מחלבות גד בעמ,IL,ריקוטה אורדה 5% גד,גרמים,250.00,100 גרם,false,,14.50,0.0580,true,1,20601
7290000554839,false,שמנת מתוקה קשה בסגנון איטלקי 40% שומן 250 ג' גד,מחלבות גד בעמ,IL,מסקרפונה 40% גד,גרמים,250.00,100 גרם,false,,22.50,0.0900,true,1,20602
7290000554921,false,גבינת ריקוטה איטלקית,מחלבות גד,IL,ריקוטה גד 5%,קילוגרמים,1.00,"ק""ג",true,,59.90,59.9000,false,1,20604
7290000554969,false,גבינת שמנת טבעית גד,מחלבות גד,IL,גבינת שמנת טבעית גד,קילוגרמים,1.00,"ק""ג",true,,47.90,47.9000,true,1,20605
7290000554983,false,גבינה לאבנה גד במשקל,מחלבות גד,IL,לבנה במשקל,קילוגרמים,1.00,"ק""ג",true,,41.90,41.9000,true,1,20607
7290000554990,false,כדורי מוצרלה במים במ,מחלבות גד,IL,מוצרלה גד במים,קילוגרמים,1.00,"ק""ג",true,,95.90,95.9000,true,1,19590
7290000555501,false,פיקדון 30 אגורות,,,פיקדון בק ריק,יחידה,0.00,יחידה,false,,0.30,0.0000,false,1,5514
7290000555502,false,פיקדון שש בק',,,פיקדון שש בק',יחידה,0.00,יחידה,false,,1.80,0.0000,false,1,5854
7290000555503,false,פיקדון ארבע בק',פריגת,,פיקדון ארבע בק',יחידה,0.00,יחידה,false,,1.20,0.0000,false,1,5785
7290000555507,false,פיקדון שתיים עשרה בק,,,פיקדון שתיים עשרה בק,יחידה,0.00,יחידה,false,,3.60,0.0000,false,1,102363
7290000555508,false,פיקדון חמש בק',,,פיקדון חמש בק',יחידה,0.00,יחידה,false,,1.50,0.0000,false,1,138006
7290000560021,false,אדג גל סגול נגד חתכים 198ג',המאפיה של הרמן,US,אדג' ג'ל סגול נגד חת,גרמים,200.00,100 גרם,false,,17.90,0.0895,false,1,18505
7290000560533,false,אדג' ג'ל ירוק לעור רגיל 198גרם,אס.סי ג'ונסון ובניו,US,אדג' ג'ל ירוק לעור ר,גרמים,200.00,100 גרם,false,,17.90,0.0895,false,1,18507
7290000560540,false,אדג' ג'ל כתום לעור רגיש 198גרם,המאפיה של הרמן,US,אדג' ג'ל כתום לעור ר,גרמים,200.00,100 גרם,false,,17.90,0.0895,false,1,18508
7290000561097,false,תערובת פיצוחים מובחר,,,תערובת פיצוחים מובחר,גרמים,150.00,100 גרם,false,,14.90,0.0993,true,1,107214
7290000561189,false,חמוציות חתוכות 200 ג,,,חמוציות חתוכות 200 ג,גרמים,200.00,100 גרם,false,,8.90,0.0445,true,1,107711
7290000561202,false,גרעין חמניה קלוי 200,,,גרעיני חמניה 200 גר,גרמים,200.00,100 גרם,false,,5.80,0.0290,true,1,32530
7290000561233,false,בוטן קלוי 200ג פיצוח,,,בוטן קלוי 200 גרם,גרמים,200.00,100 גרם,false,,7.20,0.0360,true,1,35412
7290000561240,false,גרעין דלעת קלוי 200ג,,,גרעיני דלעת 200 גר,גרמים,200.00,100 גרם,false,,11.90,0.0595,true,1,35409
7290000561295,false,חמוציות ברכז 200 גר',,,חמוציות ברכז 200 גר',גרמים,200.00,100 גרם,false,,13.90,0.0695,true,1,108055
7290000561363,false,גרעין אבטיח קלוי 200,,,גרעיני אבטיח 200 גר,גרמים,200.00,100 גרם,false,,14.90,0.0745,true,1,35414
7290000561561,false,פוסידון מנצ'יס 200ג,,,מנצ'יס 200 גרם,גרמים,200.00,100 גרם,false,,8.20,0.0410,true,1,35415
7290000561578,false,'בוטן אמריקאי 200 גר,,,'בוטן אמריקאי 200 גר,גרמים,200.00,100 גרם,false,,6.00,0.0300,true,1,35416
7290000561585,false,קבוקים 200ג - חממה,,,קבוקים 200 גרם,גרמים,200.00,100 גרם,false,,6.00,0.0300,true,1,35417
7290000561714,false,צנובר 100 גרם,,,צנובר 100 גרם,גרמים,100.00,100 גרם,false,,22.90,0.2290,true,1,35425
7290000561981,false,אגוזי המלך 200 גרם,,,אגוזי המלך 200 גרם,גרמים,200.00,100 גרם,false,,12.90,0.0645,true,1,35419
7290000571126,false,גבינת גאודה+כמון בית,תנובה מרכז שיתופי לש,IL,גבינת גאודה+כמון בית,קילוגרמים,1.00,"ק""ג",true,,109.90,109.9000,false,1,41183
7290000571232,false,גבינת גאודה טבעית פרוס 30% המחלווה 150ג',גבינות משק אחים מאיר,IL,גבינת גאודה 30% בית,גרמים,150.00,100 גרם,false,,23.90,0.1593,true,1,40077
7290000571294,false,גבינת גאודה מעושנת ב,מחלבה בית יצחק,IL,גאודה מעושנת בית יצח,קילוגרמים,1.00,"ק""ג",true,,109.90,109.9000,true,1,53836
7290000571300,false,גבינה גאודה פרוס מעושנת המחלבה 150ג',גבינות משק אחים מאיר,IL,גאודה פרוס מעושנת,גרמים,150.00,100 גרם,false,,23.90,0.1593,true,1,53431
7290000571386,false,יוגורמה יוגורט כבשים 850 גר,גבינות משק אחים מאיר,IL,יוגורט מחלב כבשים 5%,גרמים,850.00,100 גרם,false,,26.90,0.0316,true,1,8886
7290000571843,false,יוגורט עיזים יוגורמה 140 גר,גבינות משק אחים מאיר,IL,יוגורמה עיזים 140 גר,גרמים,140.00,100 גרם,false,,6.00,0.0429,true,1,91035
7290000571935,false,יוגורמה יוגורט כבשים עם גרנולה 140 גר,המחלבה מבית יצחק,IL,יוגורמה כבשים עם גרנ,גרמים,142.00,100 גרם,false,,6.00,0.0423,true,1,117464
7290000572055,false,"חלבה לל""ס וסיבים ואגוז אחווה 400ג'",אחדות ביחר לטחינה חל,IL,חלוה לייט 400 גרם,גרמים,400.00,100 גרם,false,,13.50,0.0338,true,1,26266
7290000572208,false,חלבה חטיף וניל אחווה 100ג',שוורצקוף& הנקל דיסלד,IL,חלבה אחווה וניל 100,גרמים,100.00,100 גרם,false,,2.90,0.0290,false,1,16537
7290000572222,false,חלבה וניל בבלוק אחווה 500ג',שוורצקוף& הנקל דיסלד,IL,חלבה וניל בלוק אחווה,גרמים,500.00,100 גרם,false,,11.50,0.0230,true,1,16539
7290000572321,false,חלבה סנדויץ,אחוה,,חלבה סנדויץ,קילוגרמים,1.00,"ק""ג",true,,32.90,32.9000,true,1,26310
7290000572529,false,חלבה פיסטוק מגש אחווה 400ג',אחדות ביחר לטחינה חל,IL,חלבה פיסטוק אחווה 40,גרמים,400.00,100 גרם,false,,12.50,0.0313,true,1,24489
7290000572536,false,אחווה חלווה ווניל במגש 400 גר,אחדות ביחר לטחינה חל,IL,חלבה אחווה וניל 400,גרמים,400.00,100 גרם,false,,10.90,0.0273,true,1,16540
7290000572543,false,חלבה שוקו וניל אחווה 400ג',אחדות ביחר לטחינה חל,IL,חלבה אחווה שוקו וניל,גרמים,400.00,100 גרם,false,,10.90,0.0273,true,1,16541
7290000572628,false,חטיפי חלווה ללא סוכר בקופסא 250 גרם,שוורצקוף& הנקל דיסלד,IL,חלבה אחווה וניל ללא,גרמים,275.00,100 גרם,false,,13.90,0.0505,true,1,16542
7290000572673,false,אחווה חטיף חלווה ט.שונים 12*25גר,שוורצקוף& הנקל דיסלד,IL,חלבה אורגנית אחווה מ,גרמים,300.00,100 גרם,false,,13.90,0.0463,true,1,16543
7290000600208,false,קובנה סאמנה משפחתית,,,קובנה סאמנה משפחתית,גרמים,700.00,100 גרם,false,,57.90,0.0827,true,1,166875
7290000604343,false,תמר דקל נור 400גר,,,תמרים 400גר',גרמים,400.00,100 גרם,false,,9.90,0.0248,true,1,30422
7290000630526,false,עוף טרי מפורק,תנובה בשר,,עוף טרי מפורק,קילוגרמים,1.00,"ק""ג",true,,19.90,19.9000,false,1,9562
7290000631059,false,כבד לצליה בלבד תפזור,,,כבד לצליה בלבד תפזור,קילוגרמים,1.00,"ק""ג",true,,16.90,16.9000,false,1,9564
7290000632278,false,שניצל עוף טרי,,,שניצל עוף טרי,קילוגרמים,1.00,"ק""ג",true,,39.90,39.9000,false,1,9571
7290000632452,false,כרעיים עוף טרי תפזור,,,כרעיים עוף טרי תפזור,קילוגרמים,1.00,"ק""ג",true,,26.90,26.9000,false,1,9574
7290000632629,false,שווארמה פרגיות,,,שווארמה פרגיות,קילוגרמים,1.00,"ק""ג",true,,64.90,64.9000,false,1,20211
7290000633855,false,כנפיים עוף טרי (ללא,,,כנפיים עוף טרי (ללא,קילוגרמים,1.00,"ק""ג",true,,9.90,9.9000,false,1,9580
7290000640150,false,הודו שלם,,,הודו שלם,קילוגרמים,1.00,"ק""ג",true,,29.90,29.9000,false,1,9585
7290000640945,false,פילה עוף טרי,,,פילה עוף טרי,קילוגרמים,1.00,"ק""ג",true,,37.90,37.9000,false,1,90228
7290000641751,false,חזה הודו טרי,,,חזה הודו טרי,קילוגרמים,1.00,"ק""ג",true,,32.90,32.9000,false,1,9586
7290000642840,false,שוק הודו טרי,,,שוק הודו טרי,קילוגרמים,1.00,"ק""ג",true,,29.90,29.9000,false,1,9588
7290000643243,false,טרי הודו שווארמה נקב,תנובה בשר,,טרי הודו שווארמה נקב,קילוגרמים,1.00,"ק""ג",true,,74.90,74.9000,false,1,9589
7290000643359,false,טרי שוק הודו מפורק ל,,,טרי שוק הודו מפורק ל,קילוגרמים,1.00,"ק""ג",true,,57.90,57.9000,false,1,9590
7290000643946,false,כנף הודו טרי,,,כנף הודו טרי,קילוגרמים,1.00,"ק""ג",true,,13.90,13.9000,false,1,20214
7290000644356,false,גרון הודו טרי,,,גרון הודו טרי,קילוגרמים,1.00,"ק""ג",true,,31.90,31.9000,false,1,9591
7290000644783,false,פילה סלמון מנות בואק,דגי תנובה,NO,פילה סלמון מנות בואק,קילוגרמים,1.00,"ק""ג",true,,84.90,84.9000,true,1,45234
7290000652542,false,פילה אמנון 5-7 תנובה,דגי תנובה,CN,פילה אמנון 5-7 תנובה,קילוגרמים,1.00,"ק""ג",true,,31.90,31.9000,true,1,117126
7290000654546,false,פילה אמנון קפוא 100% דג,תנובה,IL,פילה אמנון 7-9 תנובה,קילוגרמים,1.00,"ק""ג",true,,32.90,32.9000,true,1,118517
7290000655376,false,פילה דניס קפוא תנובה,דגי תנובה,TR,פילה דניס קפוא תנובה,קילוגרמים,1.00,"ק""ג",true,,81.90,81.9000,true,1,99771
7290000659312,false,דגי תנובה פילה סלומון קפוא בוואקום,דגי תנובה,IL,פילה סלמון קפוא,קילוגרמים,1.00,"ק""ג",true,,72.90,72.9000,true,1,9594
7290000663036,false,פילה אמנון קפוא ללא עור 100% דג תנובה,דגי תנובה,IL,פילה אמנון קפוא ללא,קילוגרמים,1.00,"ק""ג",true,,32.90,32.9000,true,1,121301
7290000663135,false,קוביות סלמון 100% דג קפוא 300 גרם,commercial mares de,CL,קוביות סלומון להקפצה,גרמים,300.00,100 גרם,false,,29.90,0.0997,true,1,123510
7290000679440,false,קמיל בלו משחה לתינוק 100 גרם,פישר מעבדות פרמצבטיו,IL,משחה לתינוק קמיל בלו,גרמים,100.00,100 גרם,false,,15.90,0.1590,true,1,21690
7290000684345,false,שלישיית פילטר בריטה קלאסיק,שלישיית פילטר בריטה,,שלישית פילטר ברי,יחידה,0.00,יחידה,false,,89.00,0.0000,false,1,9934
7290000688077,false,"מי עדן 0.500 מ""ל פקק רגיל",מופק ממקור בזלתי עדן,IL,מי עדן 5 0 ליטר.,יחידה,500.00,יחידה,false,,3.00,0.0060,true,1,15993
7290000688084,false,מים מינרלים מי עדן ס,מופק ממקור בזלתי עדן,IL,מי עדן ספורט 5 0.,יחידה,500.00,יחידה,false,,2.70,0.0054,false,1,15994
7290000688374,false,"שישיית מי עדן קטקטים 250 מ""ל","מי עדן בע""מ",IL,מי עדן בייבי שישייה,ליטרים,1.98,ליטר,false,,13.90,7.0202,false,1,15997
7290000688381,false,שישיית מי עדן פקק ספורט 0.5 ליטר,"מי עדן בע""מ",IL,מי עדן שישייה 0.5 ל',ליטרים,3.00,ליטר,false,,12.90,4.3000,false,1,15998
7290000688466,false,מים מינרלים מי עדן ג,מופק ממקור בזלתי עדן,IL,מי עדן ג'ים 750,יחידה,750.00,יחידה,false,,3.20,0.0043,true,1,15999
7290000688503,false,"שישיית מי עדן ג'ים 750 מ""ל","מי עדן בע""מ",IL,מי עדן ספורט שישייה,ליטרים,4.50,ליטר,false,,14.90,3.3111,true,1,16002
7290000692135,false,ספיד סטיק דאו בסיסי ירוק א.פ פרש פאוור,קולגייט פלמוליב,TR,ספיד סטיק לגבר,גרמים,60.00,100 גרם,false,,19.90,0.3317,true,1,8262
7290000692203,false,אגקס נוזל לניקוי כללי 2 ל',הנסיך- מפעל לייצור ט,GR,אג'קס ירוק 2 ליטר,ליטרים,2.00,ליטר,false,,22.90,11.4500,false,1,8263
7290000692210,false,אג'קס ניקוי כללי לוונדר 2ל',הנסיך- מפעל לייצור ט,GR,אג'קס סגול 2 ליטר,ליטרים,2.00,ליטר,false,,22.90,11.4500,false,1,8264
7290000692227,false,נוזל כלים פלמוליב צילינדר קלאסי 1 ליטר,יבואן ומשווק: ש. שסט,GR,פלמוליב לכלים 1ליטר,ליטרים,1.00,ליטר,false,,13.90,13.9000,false,1,8265
7290000692456,false,אג'קס חלונות זוג 750*2 מל ספריי ורפיל,הנסיך- מפעל לייצור ט,GR,אג'קס לחלונות זוג,ליטרים,1.50,ליטר,false,,24.90,16.6000,true,1,8270
7290000803180,false,"מרידול-שטיפת פה דנטלית 400 מ""ל",קולגייט פלמוליב,CH,מרידול שטיפת פה 400מ,מיליליטרים,400.00,"100 מ""ל",false,,32.90,0.0822,true,1,18529
7290000805368,false,מזון כלבים בונזו גור,אף.סי תבליני בגליל ב,FR,"בונזו גורים 3 ק""ג",קילוגרמים,3.00,"ק""ג",false,,47.90,15.9667,false,1,18055
7290000805597,false,מזון כלבים בונזו סני,"ביופט בע""מ",FR,בונזו סניור,קילוגרמים,3.00,"ק""ג",false,,47.90,15.9667,false,1,18056
7290000805900,false,"לה קט עוף 2.85 ק""ג","ביופט בע""מ",FR,"לה קט עוף 2.85 ק""ג",קילוגרמים,2.85,"ק""ג",false,,59.90,21.0175,false,1,18062
7290000805917,false,"לה קט כבד 2.85 ק""ג","ביופט בע""מ",FR,"לה קט כבד 2.85 ק""ג",קילוגרמים,2.85,"ק""ג",false,,59.90,21.0175,true,1,18063
7290000805924,false,מזון חתולים לה קט דג,"ביופט בע""מ",FR,"לה קט דגים 2.85 ק""ג",קילוגרמים,2.85,"ק""ג",false,,59.90,21.0175,false,1,18064
7290000830001,false,אגוזי ברזיל,,,אגוזי ברזיל,קילוגרמים,1.00,"ק""ג",true,,69.00,69.0000,true,1,13403
7290000841557,false,סטרילי טבע-תרכיז לני,,,סטרילי טבע-תרכיז לני,מיליליטרים,500.00,"100 מ""ל",false,,13.50,0.0270,true,1,59905
7290000910697,false,פילה טונה טרי,,,פילה טונה טרי,קילוגרמים,1.00,"ק""ג",true,,185.00,185.0000,false,1,44847
7290000913551,false,פסטרמה כפרית טירת צבי 400 ג',טירת צבי,IL,פסטרמה כפרית 400 גר',גרמים,400.00,100 גרם,false,,21.50,0.0538,true,1,130070
7290001045169,false,פרימור סחוט תפוחי עץ צלול 1 ל',"גניר (1992) בע""מ",IL,פרימור מיץ תפוחים צל,ליטרים,1.00,ליטר,false,,15.90,15.9000,true,1,7680
7290001102015,false,שקית בד בינונית,,,שקית בד בינונית,יחידה,0.00,יחידה,false,,21.90,0.0000,true,1,14881
7290001102022,false,שקית בד גדולה,,,שקית בד גדולה,יחידה,0.00,יחידה,false,,21.90,0.0000,true,1,14882
7290001102039,false,שקית בד קטנה,,,שקית בד קטנה,יחידה,0.00,יחידה,false,,19.90,0.0000,true,1,155858
7290001121054,false,מארז נקניק צמד חמד 7,תאי פרזידנט פוד פאבל,IL,זוג פסטרמה יחיעם,גרמים,700.00,100 גרם,false,,24.90,0.0356,true,1,11605
7290001121238,false,קורנדביף יחיעם 180 ג',מעדני יחיעם,IL,קורנד ביף 180 גר',גרמים,180.00,100 גרם,false,,25.90,0.1439,true,1,42837
7290001121672,false,פסטרמה מעודנת בפפריקה 300 ג' יחיעם,מעדני יחיעם,IL,פסטרמה מעודנת בפפריק,גרמים,300.00,100 גרם,false,,22.90,0.0763,true,1,54882
7290001121849,false,יחיעם פסטרמה הודו טב,מעדני יחיעם,IL,פסטרמה 100% חומרים ט,גרמים,250.00,100 גרם,false,,25.90,0.1036,true,1,59012
7290001121931,false,קבנוס מקסיקני דק 125 גרם יחיעם,יחיעם,,קבנוס מקסיקני דק דק,גרמים,125.00,100 גרם,false,,13.90,0.1112,true,1,54814
7290001123782,false,שווארמה הודו 500 גרם,טיבון ויל,IL,שווארמה הודו,גרמים,500.00,100 גרם,false,,21.90,0.0438,true,1,19797
7290001124536,false,מרק תירס מגיק בכוס 70 גרם,טאט הוי פוד בעמ,SG,מגיק איטריות,גרמים,70.00,100 גרם,false,,5.00,0.0714,false,1,19798
7290001133484,false,פילה סלמון נורבגי ק,לאטי עזרא,NO,פילה סלמון נורבגי,קילוגרמים,1.00,"ק""ג",true,,79.90,79.9000,true,1,112724
7290001136287,false,נקה 7 שמפו לשיער רגיל 750 מל ירוק,"אמיליה קוסמטיקס בע""מ",IL,נקה 7-שמפו רגיל ירו,מיליליטרים,750.00,"100 מ""ל",false,,11.90,0.0159,true,1,21732
7290001136294,false,"שמפו נקה 7 לשיער יבש אדום 750מ""ל","אמיליה קוסמטיקס בע""מ",IL,נקה 7-שמפו יבש אדו,מיליליטרים,750.00,"100 מ""ל",false,,11.90,0.0159,true,1,21733
7290001136362,false,נקה 7 תחליב רחצה אלוורה ארומה ירוק 1 ל',מיוצר בסין.יבוא ושיו,IL,נקה תחליב רחצה ירוק,ליטרים,1.00,ליטר,false,,13.90,13.9000,true,1,18904
7290001136683,false,"מרכך לשיער רגיל ירוק 750 מ""ל נקה 7","אמיליה קוסמטיקס בע""מ",IL,נקה 7-מייצב רגיל ירו,מיליליטרים,750.00,"100 מ""ל",false,,11.90,0.0159,true,1,21740
7290001136973,false,נקה 7 תחליב רחצה ארומה קמומיל לבן 1 ל',טרופיקל דגיל תעשיות,IL,נקה תחליב רחצה לבן ק,ליטרים,1.00,ליטר,false,,13.90,13.9000,true,1,18910
7290001216040,false,טחינה 500 גרם טחינת אל-ארז,דולפין ספא,IL,טחינה אל ארז 0.5קג,יחידה,1.00,יחידה,false,,15.00,15.0000,true,1,33063
7290001216057,false,"טחינה גולמית אל ארז 1 ק""ג",טחינה אל ארז,IL,טחינה אל ארז 1קג,גרמים,500.00,100 גרם,false,,27.90,0.0558,true,1,33064
7290001216231,false,טחינה גולמית שומשום מלא אל ארז 500ג',דולפין ספא,IL,טחינה מלאה אל ארז,גרמים,500.00,100 גרם,false,,15.90,0.0318,true,1,39509
7290001230234,false,סיגריות כאמל סופט חפ,גיי טי אינטרנשיונל,,כאמל סופט,יחידה,0.00,יחידה,false,,31.00,0.0000,false,1,7603
7290001230331,false,סיגריות כאמל בוקס חפ,JTI,,כאמל בוקס,יחידה,0.00,יחידה,false,,31.00,0.0000,false,1,7604
7290001230739,false,כאמל קופסא בודדת כחו,JTI,,כאמל כחול,יחידה,0.00,יחידה,false,,31.00,0.0000,false,1,7605
7290001231233,false,סיגריות וינסטון בוקס,JTI,,וינסטון בוקס,יחידה,0.00,יחידה,false,,32.50,0.0000,false,1,20582
7290001231932,false,ווינסטון כחול בוקס חפיסה,JTI,,וינסטון כחול בוקס,יחידה,0.00,יחידה,false,,32.50,0.0000,false,1,20583
7290001235938,false,סיגריות וינסטון כחול,JTI,,וינסטון כחול ארוך,יחידה,0.00,יחידה,false,,32.50,0.0000,false,1,41443
7290001246900,false,אקופרינד-מסיר שומנים 750 מל,אקופרנד,IL,אקופרנד מסיר שומנים,מיליליטרים,750.00,"100 מ""ל",false,,17.90,0.0239,true,1,115893
7290001246917,false,אקופרינד- מנקה אמבטיות וכיורים 750 מל,אקופרנד,IL,אקופרנד מנקה אמבטיות,מיליליטרים,750.00,"100 מ""ל",false,,15.90,0.0212,true,1,115894
7290001246948,false,מלבין אל אקונומיקה א,אקופרנד,IL,אקופרנד מלבין 2 ליטר,ליטרים,2.00,ליטר,false,,15.90,7.9500,true,1,116222
7290001246962,false,אקופרינד-נוזל כלים תפוז 1 ליטר,פ.פ.ח. שאביט,IL,אקופרנד נוזל כלים תפ,ליטרים,1.00,ליטר,false,,13.90,13.9000,true,1,115179
7290001246979,false,אקופרינד-נוזל כלים 1 ליטר לימון,,,אקופרנד נוזל כלים לי,ליטרים,1.00,ליטר,false,,13.90,13.9000,true,1,114942
7290001246986,false,אקופרינד-נוזל רב תכליתי 1 ליטר,אקופרנד,IL,אקופרנד ניקוי רב תכל,ליטרים,1.00,ליטר,false,,15.90,15.9000,true,1,123004
7290001247068,false,קרטונית נקטר ספרינג תות בננה 1 ליטר,"יפאורה תבורי בע""מ",IL,ספרינג קרטונית תות ב,ליטרים,1.00,ליטר,false,,6.90,6.9000,false,1,16006
7290001247082,false,קרטונית נקטר ספרינג עגבניות 1 ליטר,"יפאורה תבורי בע""מ",IL,ספרינג קרטונית עגבני,ליטרים,1.00,ליטר,false,,6.90,6.9000,false,1,16008
7290001247099,false,קרטונית נקטר ספרינג מנגו 1 ליטר,"יפאורה תבורי בע""מ",IL,ספרינג קרטונית מנגו,ליטרים,1.00,ליטר,false,,6.90,6.9000,false,1,16009
7290001247105,false,קרטונית נקטר ספרינג אפרסק 1 ליטר,"יפאורה תבורי בע""מ",IL,ספרינג קרטונית אפרסק,ליטרים,1.00,ליטר,false,,6.90,6.9000,false,1,16010
7290001247112,false,קרטונית נקטר ספרינג לימונענע 1 ליטר,"יפאורה תבורי בע""מ",IL,ספרינג קרטונית לימונ,ליטרים,1.00,ליטר,false,,6.90,6.9000,false,1,16011
7290001247129,false,נקטר ספרינג תפוזים קרטונית 1 ל',"יפאורה תבורי בע""מ",IL,ספרינג קרטונית תפוזי,ליטרים,1.00,ליטר,false,,6.90,6.9000,false,1,16012
7290001247143,false,נקטר ספרינג תפוחים קרטונית 1 ל',"יפאורה תבורי בע""מ",IL,ספרינג קרטונית תפוחי,ליטרים,1.00,ליטר,false,,6.90,6.9000,false,1,16014
7290001258101,false,גבינת גאודה טבעית במ,מחלבת משק יעקובס,IL,גאודה טבעית יעקבס,קילוגרמים,1.00,"ק""ג",true,,95.00,95.0000,true,1,13714
7290001258118,false,קממבר טבעי יעקבס לקג,גבינות משק יעקבס,IL,גבינת קממברט,קילוגרמים,1.00,"ק""ג",true,,110.00,110.0000,true,1,13715
7290001258149,false,גבינת פקורינו רומנו,משק יעקבס,,פקורינו רומנו צא,קילוגרמים,1.00,"ק""ג",true,,134.90,134.9000,true,1,13716
7290001258170,false,רוקפוא משק יעקבס לקג,גבינות משק יעקבס,,רוקפור צאן יעקבס,קילוגרמים,1.00,"ק""ג",true,,145.00,145.0000,true,1,23646
7290001258309,false,גבינת תום עיזים במשקל-יעקבס,משק יעקבס,,גבינת תום עיזים יעקב,קילוגרמים,1.00,"ק""ג",true,,140.00,140.0000,true,1,28029
7290001258415,false,גבינת רוקפור בואקום,גבינות משק יעקבס,IL,גבינת רוקפור 32%,גרמים,180.00,גרם,false,,26.90,0.1494,true,1,33855
7290001258439,false,גבינת שמנת עז מה במש,גבינות משק יעקבס,IL,גבינת עז מה 5% יעקבס,קילוגרמים,1.00,"ק""ג",true,,67.90,67.9000,true,1,50830
7290001258446,false,משק יעקבס יוגורט כבש,גבינות משק יעקבס,IL,יוגורט כבשים 5%,מיליליטרים,850.00,"100 מ""ל",false,,18.90,0.0222,true,1,42523
7290001258576,false,משק יעקבס גבינה גאוד,גבינות משק יעקבס,IL,גבינת גאודה 28%,גרמים,180.00,גרם,false,,23.90,0.1328,true,1,33854
7290001258590,false,גבינת אורי מנצגו במש,משק יעקבס,IL,אורי מנצ'גו גבינה צה,קילוגרמים,1.00,"ק""ג",true,,140.00,140.0000,true,1,25730
7290001258620,false,גבינת מנצגו בואקום 1,גבינות יעקבס,IL,גבינת מנצ'גו,יחידה,0.00,יחידה,false,,22.90,0.0000,true,1,105932
7290001258668,false,שמנת עיזים למריחה.,גבינות משק יעקבס,IL,גבינת עז מה 5% 250 מ,מיליליטרים,250.00,"100 מ""ל",false,,16.90,0.0676,true,1,41481
7290001258682,false,"יוגורט עיזים באריזה 500 מ""ל",גבינות משק יעקבס,IL,יוגורט עיזים 3% 500,מיליליטרים,500.00,"100 מ""ל",false,,13.90,0.0278,true,1,38138
7290001258729,false,לאבנה עיזים יעקובס 2,גבינות משק יעקבס,IL,"לבנה עיזים 250 מ""ל",גרמים,250.00,100 גרם,false,,16.90,0.0676,true,1,41134
7290001258774,false,גבינת מוצרלה בייבי 150גרם,גבינות משק יעקבס,IL,גבינת מוצרלה 140 גר',גרמים,140.00,100 גרם,false,,11.50,0.0821,true,1,111348
7290001258798,false,פטה כבשים יעקבס 250 גר,גבינות משק יעקבס,IL,גבינת פטה כבשים 250,גרמים,250.00,100 גרם,false,,29.90,0.1196,true,1,52620
7290001258804,false,קשקבל אריזה ווקום 180 גר,גבינות משק יעקבס,IL,גבינת קשקבל 180 גר',גרמים,180.00,100 גרם,false,,26.90,0.1494,true,1,52621
7290001258958,false,גבינת ומוצרלה מגורדת,גבינות משק יעקבס,IL,מוצרלה מגורדת 200 גר,גרמים,200.00,100 גרם,false,,21.90,0.1095,true,1,65016
7290001258972,false,גבינת חלומי בואקום 2,גבינות משק יעקבס,IL,גבינת חלומי 200 גר',גרמים,200.00,100 גרם,false,,21.90,0.1095,true,1,65017
7290001265642,false,שלישיית מעדני לה-קט פטה 3*400 גר,לה -קט,FR,לה קט שלישיה,קילוגרמים,1.20,"ק""ג",false,,19.90,16.5833,true,1,18075
7290001274583,false,גלידל שוקו פקאן נטול,גלידות פלדמן,IL,גלידל שוקו פקאן נטול,מיליליטרים,900.00,"100 מ""ל",false,,22.90,0.0254,true,1,20693
7290001274934,false,מאגדת גלידל פרי למון ליים 8 יח,הגלידות של פלדמן,IL,מאגדת גלידל דיאט קרח,גרמים,640.00,100 גרם,false,,24.90,0.0389,true,1,27499
7290001274941,false,מאגדת גלידל פרי פטל 8 יח דיאט,הגלידות של פלדמן,IL,מאגדת גלידל דיאט קרח,גרמים,640.00,100 גרם,false,,24.90,0.0389,true,1,27500
7290001305058,false,"פלמוליב - נטורלס תחליב רחצה חלב ודבש 500 מ""ל",הנסיך- מפעל לייצור ט,TR,פלמוליב סבון נוזלי ל,מיליליטרים,500.00,"100 מ""ל",false,,14.90,0.0298,false,1,8281
7290001305188,false,פלמוליב כלים שקוף לימון 750 בקבוק חדש,יבואן ומשווק: ש. שסט,GR,פלמוליב לכלים שקוף ל,מיליליטרים,750.00,"100 מ""ל",false,,9.90,0.0132,false,1,8285
7290001327180,false,שטראוס קרמיסימו וניל ציפ 1.33 ליטר,"גלידת שטראוס בע""מ, ר",IL,גלידה קרמיסימו וניל,ליטרים,1.33,ליטר,false,,24.90,18.7218,false,1,8080
7290001327791,false,גלידת קרמיסימו וניל עוגיות חלבי,"גלידת שטראוס בע""מ, ר",IL,קרמיסימו וניל עוגיות,ליטרים,1.33,ליטר,false,,24.90,18.7218,false,1,8087
7290001343845,false,"גרנולה פירות 1 ק""ג - 845 - ורוד שקדיה",הנסיך- מפעל לייצור ט,IL,גרנולה תפוחי עץ קינמ,קילוגרמים,1.00,"ק""ג",false,,19.90,19.9000,true,1,28483
7290001361009,false,עוגת טורט קייבסקי,האי נאם סי או אל.טי.,IL,עוגת טורט קייבסק,גרמים,700.00,100 גרם,false,,76.90,0.1099,true,1,13671
7290001361016,false,עוגת גינגי שכבות בצק,GS עבור נטו מלינדה ס,IL,עוגת דבש גינג'ית,גרמים,600.00,100 גרם,false,,41.90,0.0698,true,1,13672
7290001361054,false,אקלרים פטיסייר (600 ג'),אף.סי תבליני בגליל ב,IL,פחזניות,גרמים,600.00,100 גרם,false,,42.90,0.0715,true,1,13675
7290001361061,false,פחזניות בציפוי שוקולד 600 גרם,"נטלי פלוס בע""מ",IL,פחזניות שוקולד,יחידה,0.00,יחידה,false,,42.90,0.0000,true,1,52921
7290001361078,false,לילות קייב 900 ג',,,עוגת קייב,גרמים,900.00,100 גרם,false,,98.90,0.1099,true,1,13676
7290001361085,false,עוגת נפוליאון 600 גר,אף.סי תבליני בגליל ב,IL,עוגת נפוליאון,גרמים,600.00,100 גרם,false,,41.90,0.0698,true,1,13677
7290001361276,false,כדורי שוקולד 400 גר',נטלי,,כדורי שוקולד,יחידה,0.00,יחידה,false,,28.90,0.0000,true,1,92174
7290001361290,false,עוגת מוצרט נטלי,"נטלי פלוס בע""מ",IL,עוגת מוצרט נטלי,יחידה,1.00,יחידה,false,,98.90,98.9000,true,1,57701
7290001361436,false,פס שמנת סמנטיק 550 גרם,נטלי פלוס בעמ,IL,עוגת עטרת נטלי,גרמים,550.00,100 גרם,false,,41.90,0.0762,true,1,119667
7290001361450,false,עוגת מותק - ריבת חלב 650 ג',,,עוגת מותק ריבת חלב,גרמים,600.00,100 גרם,false,,74.90,0.1248,true,1,57697
7290001361733,false,פס אלפחורס נטלי 550 גרם,נטלי פלוס בעמ,IL,פס אלפחורס נטלי 550,גרמים,550.00,100 גרם,false,,41.90,0.0762,true,1,119666
7290001361894,false,פס טראפלס שוקולד 450 ג',,,פס טראפלס שוקולד,יחידה,0.00,יחידה,false,,34.90,0.0000,true,1,93282
7290001361924,false,פס גבינה פרורוים 500 גר,נטלי,,עוגת פס גבינה נטלי,גרמים,500.00,100 גרם,false,,34.90,0.0698,true,1,90281
7290001361979,false,פס גבינה פירורים ללא סוכר 450 ג',נטלי,,פס גבינה ללא תוספת ס,גרמים,500.00,100 גרם,false,,34.90,0.0698,true,1,59133
7290001407547,false,טחינה גולמית משומשום מלא פי 6 בארכה 500ג',רושדי תעשיות מזון בע,IL,טחינה 100% שומשום,גרמים,500.00,100 גרם,false,,16.90,0.0338,false,1,89910
7290001407592,false,"בארכה טחינה גולמית פי 6 סידן 6*1 ק""ג",,IL,בארכה טחינה גולמית פ,קילוגרמים,1.00,"ק""ג",false,,29.90,29.9000,true,1,122471
7290001407752,false,טחינה גולמית עם פטרוזליה בארכה 500ג',רושדי תעשיות מזון בע,,טחינה עם פטרוזליה,גרמים,500.00,100 גרם,false,,16.90,0.0338,false,1,26998
7290001407769,false,טחינה גולמית שומשום מלא בארכה 500ג',רושדי תעשיות מזון בע,IL,טחינה משומשום מלא,גרמים,500.00,100 גרם,false,,16.90,0.0338,false,1,26999
7290001407813,false,חלבה שאמית פיסטוק בקטנה בארכה 350ג',רושדי תעשיות מזון בע,IL,חלבה שאמית פיסטוק בא,גרמים,350.00,100 גרם,false,,15.90,0.0454,true,1,27376
7290001407844,false,חלווה קלאסית וניל בארכה 350גר,רושדי תעשיות מזון בע,IL,חלבה קלאסית בטעם וני,גרמים,350.00,100 גרם,false,,14.90,0.0426,true,1,27377
7290001407936,false,בארכה-טחינה גולמית מעודנת בקבוק לחיץ 310 ג',רושדי תעשיות מזון בע,IL,טחינה בארכה מעודנת,גרמים,310.00,100 גרם,false,,12.90,0.0416,true,1,96205
7290001419618,false,וופל בלגי עלמה שחור לבן וניל 200ג',"גילרו בע""מ",IL,גילרו ופל בלגי 200ג',גרמים,200.00,100 גרם,false,,3.20,0.0160,true,1,44254
7290001419779,false,וופל שוקו' עלמה קלאסי 200 גר,"גילרו בע""מ",IL,וופל גילרו קלאסי 200,גרמים,200.00,100 גרם,false,,3.20,0.0160,true,1,35981
7290001427019,false,"מיץ תפוזים סחוט 100% 500 מ""ל",קשת מיצים,IL,"מיץ תפוזים 500 מ""ל ק",מיליליטרים,500.00,"100 מ""ל",false,,15.90,0.0318,true,1,123071
7290001427033,false,מיץ תפוחים סחוט טבעי,"פריניב בע""מ",IL,מיץ תפוחים טבעי 1 לי,ליטרים,1.00,ליטר,false,,16.90,16.9000,true,1,31531
7290001427255,false,פריניב מיץ תפוח 1 ליטר פלסטיק,"פריניב בע""מ",IL,קשת-מיץ תפוחים טבעי,ליטרים,1.00,ליטר,false,,17.90,17.9000,true,1,61120
7290001427323,false,מיץ סלק ותפוח פט 1 ליטר חדש,,,קשת-מיץ סלק ותפוחים,ליטרים,1.00,ליטר,false,,21.90,21.9000,true,1,61122
7290001427347,false,מיץ תפוחים סמיט 1ליט,פרי ניב,IL,מיץ תפוחים 100% סחוט,ליטרים,1.00,ליטר,false,,19.90,19.9000,true,1,164445
7290001427392,false,מיץ רימון קשת מיצים,General,IL,מיץ רימון קשת מיצים,מיליליטרים,250.00,"100 מ""ל",false,,11.90,0.0476,true,1,108388
7290001427453,false,מיץ תפוחים פינק ליידי קשת 1 ליטר,פרי ניב,IL,מיץ תפוחים פינק לייד,ליטרים,1.00,ליטר,false,,19.90,19.9000,true,1,120437
7290001436790,false,נקנקיות מרגז מיני אקסטרה חריף ארוז בלדי 500 ג',יוליניבר,IL,בלדי- מרגז מיני חריף,גרמים,500.00,100 גרם,false,,25.90,0.0518,true,1,99678
7290001455456,false,"פילה נסיכת הנילוס פרוס בד""ץ.",,,פילה נסיכת הנילוס פר,קילוגרמים,1.00,"ק""ג",true,,57.90,57.9000,true,1,101002
7290001461457,false,בגט רוסטיק קמח מלא ו,פילסברי,,בגט רוסטיק קמח מלא,יחידה,0.00,יחידה,false,,8.90,0.0000,true,1,119796
7290001468159,false,טופ מותגים ריבת חלב,נאמן,,ריבת חלב נאמן 330 גר,גרמים,330.00,100 גרם,false,,11.90,0.0361,true,1,50865
7290001468319,false,מיץ לימון ליים 200מל,,,מיץ לימון טבעי 0,יחידה,200.00,יחידה,false,,5.60,0.0280,true,1,40799
7290001468326,false,"מיץ לימון טבעי 500 מ""ל",,,מיץ לימון טבעי 0,יחידה,500.00,יחידה,false,,9.90,0.0198,true,1,59267
7290001476208,false,גבינת ברי פקאן במשקל,מחלבות גד,IL,גבינת ברי פקאן גד,קילוגרמים,1.00,"ק""ג",true,,143.90,143.9000,true,1,53256
7290001482094,false,גבינה פרמז'נו משולשים ויליפוד 200ג',זנטי אס. אי לאלין,IT,פרמזנו וילי פוד 200ג,גרמים,200.00,100 גרם,false,,22.90,0.1145,true,1,56343
7290001482384,false,אננס חתוך 227 גרם ויליפוד,וילי פוד,TH,חתיכות אננס בסירופ ק,גרמים,227.00,100 גרם,false,,3.60,0.0159,true,1,17810
7290001482506,false,וילי פוד חומץ בלסמי בדץ 500מל,וילי פוד,IT,חומץ בלסמי 500,יחידה,500.00,יחידה,false,,21.00,0.0420,true,1,34926
7290001491010,false,תה ירוק יסמין 25 שקיקים 1.5 גרם,תה ויסוצקי,IL,תה ירוק יסמין 25 שקי,גרמים,37.50,100 גרם,false,,24.90,0.6640,false,1,9349
7290001491096,false,תה ירוק בתוספת לימונית ולואיזה 50 שקיקים ויסוצקי,תה ויסוצקי,IL,תה ירוק לימונית 50 ש,גרמים,75.00,100 גרם,false,,45.90,0.6120,false,1,9350
7290001507063,false,פתי בר מקמח מלא אורג,השדה מוצרים אורגניים,IL,פתי בר מקמח מלא אורג,גרמים,200.00,100 גרם,false,,8.40,0.0420,true,1,38041
7290001507070,false,פתיבר חרובים אורגני 200 גר,השדה מוצרים אורגניים,IL,פתי בר חרובים מקמח מ,גרמים,200.00,100 גרם,false,,8.40,0.0420,true,1,38051
7290001507179,false,חטיף אובלטים אורגניים עם קימל 100 גר,השדה מוצרים טבעיים ו,IL,אובלטים קימל אורגניי,גרמים,100.00,100 גרם,false,,8.00,0.0800,true,1,38547
7290001515310,false,שש כריות קרצוף יפניות סקוטש ברייט,3m,,שש כריות קרצוף יפניו,יחידה,0.00,יחידה,false,,13.90,0.0000,true,1,27947
7290001515631,false,שלושה ספוגי קרצוף קשיחים ארוכים אדומים,M3,ES,ספוג קירצוף קשיח,יחידה,0.00,יחידה,false,,8.90,0.0000,true,1,18087
7290001552049,false,קוסקוס מרוקאי קפוא 800 גר,מטעמי פאר,IL,קוסקוס מרוקאי צהוב,גרמים,800.00,100 גרם,false,,15.90,0.0199,true,1,56697
7290001566619,false,אגוז מוסקט שלם,,,אגוז מוסקט שלם,גרמים,60.00,100 גרם,false,,8.90,0.1483,true,1,98455
7290001566626,false,כוסברה שלם נווה תבלי,,,כוסברה שלם נווה תבלי,גרמים,80.00,100 גרם,false,,8.90,0.1113,true,1,101033
7290001567708,false,נקנקיות וינר 400 ג' יחיעם,מעדני יחיעם,IL,נקניקיות וינר 400 גר,גרמים,400.00,100 גרם,false,,12.90,0.0323,true,1,95009
7290001567760,false,פסטרמה של פעם 300 ג' יחיעם,מעדני יחיעם,IL,פסטרמה של פעם 300 גר,גרמים,300.00,100 גרם,false,,25.90,0.0863,true,1,96105
7290001567807,false,כתף בקר מעושן 250 ג' יחיעם,מעדני יחיעם,IL,כתף בקר מעושן 250 גר,גרמים,250.00,100 גרם,false,,25.90,0.1036,true,1,96146
7290001567814,false,סלמי מעושן בסגנון איטלקי 300 ג' יחיעם,מעדני יחיעם,IL,סלמי מעושן בסגנון אי,גרמים,300.00,100 גרם,false,,22.90,0.0763,true,1,96225
7290001591949,false,שיפודי פרגיות 100% טיבון ויל 500 גרם,טיבון ויל,IL,שיפודי פרגיות 500 גר,גרמים,500.00,100 גרם,false,,49.90,0.0998,true,1,166194
7290001594025,false,"קוקה קולה זכוכית 350 מ""ל",החברה המרכזית לייצור,IL,בק' קולה 350,יחידה,350.00,יחידה,false,,6.00,0.0171,true,1,5821
7290001594032,false,קוקה קולה דיאט קלאסי 350 מל,החברה המרכזית לייצור,IL,דיאט קולה קלאסיק,יחידה,350.00,יחידה,false,,5.90,0.0169,true,1,5822
7290001594155,false,קוקה קולה 500 מל פקד,החברה המרכזית לייצור,IL,קוקה קולה בקבוק 0.5,מיליליטרים,500.00,"100 מ""ל",false,,6.50,0.0130,false,1,5830
7290001594179,false,פאנטה אורנג 0.5 חייב פקדון,החברה המרכזית לייצור,IL,פאנטה אורנ'ג בקבוק 0,מיליליטרים,500.00,"100 מ""ל",false,,6.50,0.0130,false,1,5832
7290001594230,false,"קינלי סודה בקבוק 250 מ""ל",החברה המרכזית לייצור,IL,קינלי סודה 250,יחידה,250.00,יחידה,false,,3.50,0.0140,false,1,5837
7290001594377,false,פריגת תפוזים 0.5 ליטר חייב בפקדון,מבשלות בירה בינלאומי,IL,פריגת תפוזים 5 0.,יחידה,500.00,יחידה,false,,5.90,0.0118,true,1,5838
7290001594384,false,פריגת אשכוליות 0.5 ליטר חייב בפקדון,מבשלות בירה בינלאומי,IL,פריגת אשכוליות 5,יחידה,500.00,יחידה,false,,5.90,0.0118,true,1,5839
7290001594391,false,פריגת ענבים 0.5 ליטר חייב בפקדון,מבשלות בירה בינלאומי,IL,פריגת ענבים 5 0.,יחידה,500.00,יחידה,false,,5.90,0.0118,true,1,5840
7290001594568,false,"בירה קרלסברג פחית 500 מ""ל",מבשלות בירה בינלאומי,RO,קרלסברג בירה פחית 50,מיליליטרים,500.00,"100 מ""ל",false,,9.00,0.0180,true,1,5847
7290001594575,false,"בירה טובורג פחית 500 מ""ל",מבשלות בירה בינלאומי,IL,"טובורג פחית 500 מ""ל",מיליליטרים,500.00,"100 מ""ל",false,,8.90,0.0178,true,1,5848
7290001594803,false,"בירה טובורג גרין מארז 330X6מ""ל",קרלסברג ישראל,,טובורג גרין שישייה ב,ליטרים,1.98,ליטר,false,,43.90,22.1717,false,1,5853
7290001594810,false,"בירה שחורה מאלטי בקב' מארז 330X6מ""ל",מאלטי,,מאלטי שישיית בקבוק 3,ליטרים,1.98,ליטר,false,,30.40,15.3535,true,1,5855
7290001594858,false,"טובורג רד שישייה בקבוק 330 מ""ל",קרלסברג ישראל,IL,טובורג שישייה בקבוק,ליטרים,1.98,ליטר,false,,35.90,18.1313,false,1,5858
7290001594865,false,"קרלסברג בירה בקבוק 6* 330 מ""ל",קרלסברג ישראל,IL,קרלסברג שישייה בקבוק,ליטרים,1.98,ליטר,false,,34.90,17.6263,false,1,5859
7290001598528,false,לחם כוסמין 100% 450ג' הברון,מאפיית יוסף ברון בעמ,,"לחם כוסמין ""חמשת""",גרמים,500.00,100 גרם,false,,15.90,0.0318,true,1,99784
7290001598573,false,לחמניה כוסמין 100% 315ג' הברון,מאפיית יוסף ברון בעמ,,לחמניות כוסמין 100%,גרמים,315.00,100 גרם,false,,13.90,0.0441,true,1,166630
7290001598580,false,פיתה כוסמין 100% 375ג' הברון,מאפיית יוסף ברון בעמ,,פיתות כוסמין חמישייה,גרמים,372.00,100 גרם,false,,15.90,0.0427,true,1,166629
7290001670057,false,כפיות לבן 100 יחידות,הנמל אריזות ושיווק ב,IL,כפיות חד פעמי- 100 י,יחידה,0.00,יחידה,false,,11.50,0.0000,true,1,34052
7290001670064,false,סכינים חד פעמי לבן 100 יח',בי רייט,CN,סכינים חד פעמי- 100,יחידה,0.00,יחידה,false,,10.90,0.0000,true,1,34053
7290001670071,false,כפות חד פעמי לבן 100 יח',הנמל אריזות ושיווק ב,IL,כפות חד פעמי 100 יח',יחידה,0.00,יחידה,false,,10.90,0.0000,true,1,34054
7290001670224,false,מלית פרג 400 גרם פוליבה,"פוליבה בע""מ",IL,מלית פרג 400 גר,גרמים,400.00,100 גרם,false,,11.50,0.0288,true,1,19275
7290001670354,false,"מפת שולחן סופגת לבן 137X274 ס""מ במיוחד",הנמל,,מפת שולחן סופגת לבן,יחידה,0.00,יחידה,false,,9.50,0.0000,true,1,19277
7290001670408,false,נרות חימום בשקית 50 יח`,לחמנו,CN,נר חימום בשקית 0,יחידה,0.00,יחידה,false,,10.90,0.0000,true,1,92267
7290001670668,false,שקיות הקפאה לקרח הנמ,"איטיליאן פוד, אס.פי.",TR,קרחונית- 12 יח',יחידה,0.00,יחידה,false,,3.90,0.0000,true,1,24411
7290001670842,false,מלית חלווה פוליבה 400 ג',"פוליבה בע""מ",IL,מלית חלבה,גרמים,400.00,100 גרם,false,,10.90,0.0273,true,1,19288
7290001670859,false,מלית דובדבנים פוליבה 400 ג',פוליבה,IL,מלית דבדבנים,גרמים,400.00,100 גרם,false,,12.90,0.0323,true,1,19289
7290001670873,false,"צלחות גדולות לבנות קשיח ח""פ הנמל 66יח'",הנמל אריזות ושיווק ב,IL,"צלחות 1 ק""ג",יחידה,0.00,יחידה,false,,39.90,0.0000,false,1,19291
7290001690987,false,דג פילה הייק ארוז קפוא דלידג,דלידג,,פילה הייק ארוז,קילוגרמים,1.00,"ק""ג",true,,53.90,53.9000,true,1,165017
7290001696620,false,מיקס פיצוחים 350 גר',,,מיקס פיצוחים 350 גר,גרמים,350.00,100 גרם,false,,10.90,0.0311,true,1,35420
7290001696736,false,פקאן סיני 100 גרם,,,פאקן סיני 100 גרם,גרמים,100.00,100 גרם,false,,12.50,0.1250,true,1,35422
7290001696767,false,בוטן קלוי בקליפה,,,בוטן קלוי בקליפה,גרמים,200.00,100 גרם,false,,6.50,0.0325,true,1,35423
7290001696989,false,בוטנת גרעינים שחורים,,,גרעיני חמניה ללא מלח,גרמים,200.00,100 גרם,false,,5.80,0.0290,true,1,59488
7290001709283,false,מהרג'ה- מטבל על בסיס,,IN,מהרג'ה- מטבל על בסיס,100 מל,500.00,100 מל,false,,16.90,0.0338,true,1,167578
7290001709467,false,חטיף הודי מטבעות פאנ,,IN,מהרג'ה מטבעות פאני פ,גרמים,200.00,100 גרם,false,,16.90,0.0845,true,1,166975
7290001710159,false,גולש עגל קפוא ארוז מ,לאטי עזרא גלם ודגים,,גולש עגל קפוא ארוז מ,קילוגרמים,1.00,"ק""ג",true,,42.90,42.9000,true,1,49689
7290001710579,false,שיפודי פרגיות מעדני,,,שיפודי פרגיות מעדני,קילוגרמים,1.00,"ק""ג",true,,75.90,75.9000,true,1,166463
7290001713020,false,שקיות אשפה 25 יחידות 75*85 סנט מוריץ,אסיר פלסט,TR,שקיות אשפה עלמה חזקו,יחידה,0.00,יחידה,false,,7.50,0.0000,true,1,122258
7290001713150,false,סנט מוריץ מתז אקונומיקה Bleach קצף לימון 1 ליטר,"קומפלקס כימיקלים בע""",IL,אקונומיקה קצף ניקוי,ליטרים,1.00,ליטר,false,,9.90,9.9000,true,1,111440
7290001713167,false,סנט מוריץ - מרסס קצף ניקוי 1 ליטר סניטרי אפור,"קומפלקס כימיקלים בע""",IL,קצף לניקוי כלים סניט,ליטרים,1.00,ליטר,false,,9.90,9.9000,true,1,111441
7290001713242,false,עלמה שקיות אשפה 25 יחידות 75*90 עם ידית,אסיר פלסט,TR,שקיות אשפה עם ידיות,יחידה,0.00,יחידה,false,,11.50,0.0000,true,1,122156
7290001713372,false,"תרסיס לניקוי מוצרי עור 400 מ""ל",קומפלקס כימיקלים,IL,ספריי לניקוי וטיפול,מיליליטרים,400.00,"100 מ""ל",false,,18.90,0.0472,true,1,67685
7290001713464,false,עלמה שקיות אשפה 100 יחידות 52*65 עם שרוך,קומפלקס כימיקלים,IL,שקיות אשפה עלמה עם ש,יחידה,0.00,יחידה,false,,19.90,0.0000,true,1,53923
7290001713648,false,מרכך כביסה פיור בייבי ורוד 1 ליטר,"קומפלקס כימיקלים בע""",TR,מרכך כביסה Baby מרוכ,ליטרים,1.00,ליטר,false,,10.90,10.9000,true,1,166184
7290001713815,false,PURE מרכך כביסה בניחוח מלון מפנק 1 ליטר,"קומפלקס כימיקלים בע""",TR,מרכך כביסה בניחוח מל,ליטרים,1.00,ליטר,false,,10.90,10.9000,true,1,123843
7290001713839,false,סנט מוריץ רב מגבת 700 גרם 250 דפים,,,גליל מגבת רב פעמי,גרמים,700.00,100 גרם,false,,15.90,0.0227,true,1,166187
7290001713884,false,עלמה מטליות מיקרופייבר שלישייה לרצפה,קומפלקס כימיקלים,CN,מטליות לריצפה מיקרופ,יחידה,0.00,יחידה,false,,13.90,0.0000,true,1,117925
7290001713891,false,עלמה מיקרופייבר חמישייה לניקוי חמישייה סנט מוריץ,קומפלקס כימיקלים,CN,מטליות מיקרופייבר חמ,יחידה,0.00,יחידה,false,,7.90,0.0000,true,1,109833
7290001713907,false,בלנקו ג'ל אקונומיקה סמיכה 4 ליטר,קומפלקס כימיקלים,IL,אקונומיקה BLANCO ג'ל,ליטרים,4.00,ליטר,false,,11.90,2.9750,true,1,117492
7290001713921,false,אקונומיקה bleach מבושמת 4 ל' סנט מוריץ,"קומפלקס כימיקלים בע""",IL,אקונומיקה מבושמת 4 ל,ליטרים,4.00,ליטר,false,,9.90,2.4750,true,1,121250
7290001720943,false,בצק פילו 500 גר,אופרה,,בצק פילו 500 גר,גרמים,500.00,100 גרם,false,,19.90,0.0398,true,1,15456
7290001780428,false,מאגדת גלידת לייט שוקולד נסטלה 6יח' 312ג',גלידות נסטלה (נגה גל,IL,מאגדת שלגונים לייט ש,גרמים,312.00,100 גרם,false,,26.90,0.0862,true,1,13544
7290001791349,false,אקונומיקה פסגה ריחנית 4ליטר,"סנו מפעלי ברונוס בע""",IL,אקונומיקה ריחנית פסג,ליטרים,4.00,ליטר,false,,12.90,3.2250,false,1,52690
7290001805008,false,מארז 4 פיתות מקמח לב,מאפיית גילי,,פיתות גילי (אחלה) ק,גרמים,500.00,100 גרם,false,,10.00,0.0200,true,1,13483
7290001805039,false,רביעיית פיתות חיטה מ,מאפיית גילי,,פיתות גילי (אחלה) חי,גרמים,400.00,100 גרם,false,,10.90,0.0273,true,1,25662
7290001813454,false,עוגיות חיוכים חגיגה שוקו 900 ג',אפיפית נצרת תעשיות ב,IL,עוגיות חיוכים 00,גרמים,900.00,100 גרם,false,,22.90,0.0254,true,1,10391
7290001813478,false,עוגיות חיוכים חגיגה וניל 900 ג',אפיפית נצרת תעשיות ב,IL,עוגיות חיוכים ונ,גרמים,900.00,100 גרם,false,,22.90,0.0254,true,1,10392
7290001835364,false,פרמיו חטיפי ברווז מובחרים,,CN,פרמיו חטיפי ברווז 10,גרמים,100.00,100 גרם,false,,15.00,0.1500,true,1,167274
7290001865439,false,פמלי לקשרי 1ליטר וניל טהור +משאבה,אף.סי תבליני בגליל ב,IL,פמלי אל סבון ליטר ונ,ליטרים,1.00,ליטר,false,,11.90,11.9000,false,1,28024
7290001865453,false,פמלי לקשרי 1ליטר לבנדר ארומטי+משאבה,מיוצר עי קונדיטוריית,TR,פמלי אל סבון ליטר לב,ליטרים,1.00,ליטר,false,,11.90,11.9000,false,1,28048
7290001865460,false,סבון נוזלי פמלי לקשרי זר פרחים לבנים 1 ל,אינטרקוסמא,IL,פמלי אל סבון ליטר לי,ליטרים,1.00,ליטר,false,,11.90,11.9000,false,1,23146
7290001901670,false,גפילטע פיש גולד ללא סוכר 470 ג הדג המיוח,דג טעים בעמ,IL,גפילטעפיש 4 קציצות ל,גרמים,470.00,100 גרם,false,,19.90,0.0423,true,1,95466
7290001917527,false,פרש וואנס פדים להסרת איפור 80 יח' *3,על בד,IL,פדיות קוסמטיות **1X3,יחידה,0.00,יחידה,false,,19.90,0.0000,true,1,18551
7290001946015,false,אריסה מתוקה 250 גרם,תבליני ביטון מאיר,IL,אריסה של ביטון,גרמים,250.00,100 גרם,false,,11.90,0.0476,true,1,30511
7290001946046,false,עמבה ביטון,תבליני ביטון מאיר,IL,עמבה ביטון,גרמים,400.00,100 גרם,false,,11.90,0.0298,true,1,31059
7290001946077,false,אריסה חריפה 250 גרם,תבליני ביטון מאיר,IL,אריסה חריפה,יחידה,250.00,יחידה,false,,11.90,0.0476,true,1,42378
7290001946114,false,סחוג אדום 150 גר ביט,,IL,סחוג אדום 150 גר ביט,גרמים,150.00,100 גרם,false,,9.50,0.0633,true,1,65392
7290001946237,false,פלפל צ'ומה ביטון,תבליני ביטון מאיר,IL,פלפל צ'ומה ביטון,יחידה,0.00,יחידה,false,,11.90,0.0000,true,1,33393
7290001946299,false,סחוג ירוק תבליני ביט,תבליני ביטון מאיר,IL,סחוג ירוק תבליני ביט,יחידה,250.00,יחידה,false,,11.90,0.0476,true,1,44961
7290001946503,false,שום כתוש ביטון,תבליני ביטון מאיר,IL,שום כתוש ביטון,יחידה,0.00,יחידה,false,,11.90,0.0000,true,1,31347
7290001946725,false,לימון בלאדי ביטון,תבליני ביטון מאיר,IL,לימון בלאדי ביטון,יחידה,250.00,יחידה,false,,11.90,0.0476,true,1,43078
7290001973233,false,"ד""ר פישר - קמיל בלו מילוי מגבונים בדיספנסר 120 יח'","ד""ר פישר Dr fischer",IL,קמיל בלו מגבונים,יחידה,0.00,יחידה,false,,10.00,0.0000,true,1,23941
7290001985007,false,שלגון מצופה שוקו שוקו 60יג',שטראוס,,שלגון שוקו שוקו,גרמים,60.00,100 גרם,false,,4.90,0.0817,true,1,8093
7290001990117,false,שומשום סוגת 100 גרם,האי נאם סי או אל.טי.,IL,שומשום 100 גר סו,גרמים,100.00,100 גרם,false,,4.50,0.0450,true,1,23409
7290001990148,false,"סוכר גולדן קלאסי צנצנת 1ק""ג סוגת",האי נאם סי או אל.טי.,IL,סוכר גולדן קלאסי,יחידה,1.00,יחידה,false,,11.90,11.9000,true,1,10247
7290001990377,false,סוגת שעועית בובס 500 גר,סוגת תעשיות בעמ,IL,שעועית בובס 500,גרמים,500.00,100 גרם,false,,10.90,0.0218,true,1,10248
7290002000136,false,שעווה לחימום במיקרוגל - דבש ופרופוליס,ש. שוורץ (באר שבע) ב,IL,מגע המשי הדבש ש.למיק,גרמים,500.00,100 גרם,false,,20.90,0.0418,true,1,16196
7290002002857,false,ניירות להסרת שיער בשעווה 50 יחידות,"איטיליאן פוד, אס.פי.",IL,מגע המשי נייר הדבש 5,יחידה,0.00,יחידה,false,,24.90,0.0000,true,1,16225
7290002003168,false,קרם ידיים מארז שלישית פנג'ל 3X80-גרם,אינטרקוסמא 1985 במ,IL,מארז שלישית פנג'ל קל,מיליליטרים,300.00,"100 מ""ל",false,,21.90,0.0730,true,1,16226
7290002007029,false,קוקוס טחון 100 ג' הנמל,יבוא ושיווק: הנמל אר,IL,קוקוס 100,גרמים,100.00,100 גרם,false,,3.40,0.0340,false,1,19294
7290002007036,false,כוסמת 500 גרם,הנמל,,כוסמת 500,גרמים,500.00,100 גרם,false,,7.90,0.0158,true,1,19295
7290002007180,false,קמח תירס 500 ג' הנמל,הנמל אריזות ושיווק ב,IL,קמח תירס 500,גרמים,500.00,100 גרם,false,,4.60,0.0092,true,1,19309
7290002007234,false,אבקת סוכר 100 ג' הנמל,"מיוצר וארוז ע""י: ר.ס",IL,אבקת סוכר,גרמים,100.00,100 גרם,false,,1.90,0.0190,true,1,19313
7290002007302,false,סוכריות לקישוט צבע אחיד 100 ג' הנמל,הנמל,,סוכריות מזרה צבע,גרמים,100.00,100 גרם,false,,5.50,0.0550,true,1,19317
7290002007371,false,פירורי לחם הנמל 500 ג',הנמל אריזות ושיווק ב,IL,פרורי לחם 500,גרמים,500.00,100 גרם,false,,5.50,0.0110,true,1,19319
7290002007395,false,דובדבנים מסוכרים 100 ג' הנמל,פוליבה בעמ,IL,דובדבן ע.ציון,גרמים,100.00,100 גרם,false,,7.40,0.0740,true,1,19320
7290002007487,false,צמר פלדה הנמל 100 גר,"איטיליאן פוד, אס.פי.",IL,צמר פלדה 100 גר',גרמים,100.00,גרם,false,,3.90,0.0390,true,1,19325
7290002007500,false,קיסמי שיניים במבוק בחבית 500 יח',הנמל אריזות ושיווק ב,CN,קסמים חבית 500,יחידה,0.00,יחידה,false,,3.90,0.0000,true,1,19326
7290002007715,false,סיר אלומיניום ענק 1 יח' 5.3 ליטר,הנמל,,סיר אלומיניום ענק 5.,יחידה,0.00,יחידה,false,,14.50,0.0000,true,1,92577
7290002007746,false,"צבע מאכל כחול 55 מ""ל הנמל",הנמל אריזות ושיווק ב,IL,צבע מאכל כחול,יחידה,55.00,יחידה,false,,3.00,0.0545,true,1,19329
7290002007821,false,"צבע מאכל אדום 55 מ""ל",ממתקי עלה ייצור שיוו,IL,צבע מאכל אדום,מיליליטרים,55.00,"100 מ""ל",false,,3.00,0.0545,true,1,19331
7290002007852,false,"תמצית אפייה בטעמים שונים 55 מ""ל הנמל",ממתקי עלה יצור ושיוו,IL,תמצית וניל,יחידה,55.00,יחידה,false,,3.20,0.0582,true,1,19332
7290002007890,false,כוסות שתייה קרה 100 יח` 200 PP מל`,אריזות מדף - פלזית,IL,כוסות 100 יח',יחידה,0.00,יחידה,false,,8.90,0.0000,false,1,19334
7290002007975,false,"צלחות קטנות ח""פ הנמל 50 יח'",אריזות מדף - פלזית,IL,צלחות קטנות- 50 יח',יחידה,0.00,יחידה,false,,10.50,0.0000,true,1,19340
7290002007982,false,מזלגות חד פעמי 100 יח',הנמל אריזות ושיווק ב,IL,מזלגות 100 יח',יחידה,0.00,יחידה,false,,10.90,0.0000,true,1,33958
7290002007999,false,"צלחות גדולות ח""פ הנמל 50 יח'",אריזות מדף - פלזית,IL,צלחות גדול חד פעמי-,יחידה,0.00,יחידה,false,,14.90,0.0000,true,1,19341
7290002008057,false,"תמצית אפייה בטעם רום 55 מ""ל הנמל",ממתקי עלה יצור שיווק,IL,תמצית רום,יחידה,55.00,יחידה,false,,3.20,0.0582,true,1,24353
7290002008071,false,עטרות חום 2 מספר הנמל,הנמל אריזות ושיווק ב,IL,עטרות חום מס' 2- 130,יחידה,0.00,יחידה,false,,4.70,0.0000,true,1,19344
7290002008149,false,מדליק פחם מוצק הנמל אריזת 40יח',מ.א.יצור ויבוא מטליו,IL,מדליק פחם-40 יח',יחידה,0.00,יחידה,false,,6.50,0.0000,true,1,19349
7290002008170,false,עטרות חום 3 מספר הנמל,הנמל,IL,עטרות חום מס' 3- 130,יחידה,0.00,יחידה,false,,4.80,0.0000,true,1,19352
7290002008224,false,סוכריות לקישוט צבעונית הנמל 100 ג',ממתקי עלה בעמ,IL,מזרה עגול צנצ',גרמים,60.00,100 גרם,false,,5.50,0.0917,true,1,19355
7290002008507,false,נייר אפייה 50 יח' הנמל,הנמל אריזות ושיווק ב,IL,נייר אפיה- 50 יח',יחידה,0.00,יחידה,false,,8.90,0.0000,true,1,19368
7290002008620,false,"צבע מאכל ירוק 55 מ""ל הנמל",ממתקי עלה יצור שיווק,IL,צבע מאכל ירוק,יחידה,55.00,יחידה,false,,3.00,0.0545,true,1,19372
7290002008651,false,קמח תפוח אדמה 500 ג' הנמל,ר.ס. חברה ליבוא וייצ,IL,"קמח תפו""א 500גר",גרמים,500.00,100 גרם,false,,5.90,0.0118,true,1,19373
7290002008668,false,צמרוני ביוטי עגול קלירי 200 יח',הנמל,TR,צמרונים 200 יח',יחידה,0.00,יחידה,false,,3.90,0.0000,true,1,27363
7290002008743,false,סוכר וניל 10*10 ג' הנמל,"מיוצר וארוז ע""י: ר.ס",IL,סוכר וניל,גרמים,100.00,100 גרם,false,,2.40,0.0240,true,1,27143
7290002008750,false,אבקת אפיה הנמל מארז 10X10 ג',"מיוצר ע""י:ר.ס. חברה",IL,אבקת אפיה הנמל,גרמים,100.00,100 גרם,false,,2.40,0.0240,true,1,33322
7290002008774,false,שומשום הנמל 200 גרם,הנמל אריזות ושיווק ב,IL,שומשום 200,גרמים,200.00,100 גרם,false,,5.50,0.0275,true,1,19374
7290002008835,false,מגן כיריים,מיוצר בסין.יבוא ושיו,CN,מגן כיריים,יחידה,0.00,יחידה,false,,4.90,0.0000,true,1,19375
7290002008989,false,קישקשים קשים לשתיה 225יח הנמל,הנמל אריזות ושיווק ב,CN,קישקשים 225יח,יחידה,0.00,יחידה,false,,9.50,0.0000,true,1,19378
7290002013006,false,פסטרממיה מקסיקנית במ,זוגלובק,IL,פסטרמה מקסיקנית זוגל,קילוגרמים,1.00,"ק""ג",true,,79.90,79.9000,false,1,42587
7290002019787,false,רוטב עגבניות מרוכז מאוד 260 גרם פריניר,פריניר ( הדס 1987) ב,IL,רוטב עגבניות פרי ניר,גרמים,260.00,100 גרם,false,,3.50,0.0135,false,1,11141
7290002019794,false,רוטב עגבניות מרוכז מאוד 100 גרם פריניר,פריניר ( הדס 1987) ב,IL,רוטב עגבניות 100 גר,גרמים,100.00,100 גרם,false,,1.70,0.0170,false,1,11142
7290002026303,false,"גלידת שורטי דולצה דה לצה 150 מ""ל",מוצרי איכות אמריקאיי,IL,בן אנד ג'ריס- גלידת,מיליליטרים,150.00,"100 מ""ל",false,,8.00,0.0533,true,1,99025
7290002026341,false,צ'יפס אריסטו רגיל שקיות רשת,האי נאם סי או אל.טי.,CA,צ'יפס בטטה 500 גר',גרמים,500.00,100 גרם,false,,14.90,0.0298,true,1,92740
7290002026358,false,צ'יפס אריסטו זיג זג שקיות רשת,האי נאם סי או אל.טי.,CA,צ'יפס בטטה זיג זג 50,גרמים,500.00,100 גרם,false,,14.90,0.0298,true,1,92741
7290002026365,false,טבעות בצל אריסטו קראנץ 500 ג',היידי שוקולד בירונטי,IL,טבעות בצל 500 גר',גרמים,500.00,100 גרם,false,,10.90,0.0218,true,1,92742
7290002026402,false,בראנץ אנד קראנץ בלינצס גבינה 350 גרם,מוצרי איכות אמריקאיי,IL,בלינצ'ס גבינה,גרמים,350.00,100 גרם,false,,14.90,0.0426,true,1,60633
7290002026440,false,פרצלס בייגלה בראנץ אנד קראנץ 280 ג',מוצרי איכות אמריקאיי,IL,פרצל חם מהמקפיא,גרמים,280.00,100 גרם,false,,14.90,0.0532,true,1,59707
7290002026587,false,וופל בלגי פרווה בראנץ אנד קראנץ 8 יח',בראנץ' אנד קראנץ Brunch& Crunch,IL,וופל בלגי,גרמים,280.00,100 גרם,false,,14.90,0.0532,true,1,116530
7290002026983,false,"גלידת מוופוריה בטעם שוקולד עם בצק עוגיות 500 ""ל",מוצרי איכות אמריקאיי,IL,גלידת שוקולד בצק עוג,גרמים,500.00,100 גרם,false,,18.90,0.0378,false,1,111074
7290002037125,false,חלה פרוסה ודש 500 גר,מאפית י את א ברמן בע,IL,חלה פרוסה,גרמים,500.00,100 גרם,false,,8.90,0.0178,true,1,11404
7290002037637,false,חליות מתוקות מארז 4יח',מאפית י את א ברמן בע,IL,לחמניות חליות וד,גרמים,400.00,100 גרם,false,,13.50,0.0338,true,1,11420
7290002040019,false,קוסקוס רגיל הנמל 350 גר',"קוסקוס מזון בע""מ",IL,קוסקוס רגיל 350 גר ה,גרמים,350.00,100 גרם,false,,5.50,0.0157,false,1,19380
7290002040064,false,קוסקוס דק הנמל 350 גר',טרופיקל דגיל תעשיות,IL,קוסקוס דק,גרמים,350.00,100 גרם,false,,5.50,0.0157,false,1,19385
7290002040071,false,קוסקוס עבה הנמל 350 גר',"קוסקוס מזון בע""מ",IL,קוסקוס עבה,גרמים,350.00,100 גרם,false,,5.50,0.0157,false,1,19386
7290002040088,false,קוסקוס חיטה מלאה 350 ג',"קוסקוס מזון בע""מ",IL,קוסקוס מלא 350 גר',גרמים,350.00,100 גרם,false,,6.00,0.0171,true,1,19387
7290002041818,false,דאודורנט און מידנייט,General,,רול און מיד נייט,מיליליטרים,50.00,"100 מ""ל",false,,16.90,0.3380,true,1,65040
7290002043065,false,פריכיות אורז חום מלא בציפוי שוקולד מריר בלגי 70 ג',נוהלס,BG,פריכוני אורז חום מלא,גרמים,70.00,100 גרם,false,,8.90,0.1271,true,1,120125
7290002043072,false,פריכוני אורז חום מלא שוקולד חלב 70 גרם,נוהלס,BG,פריכוני אורז חום מלא,גרמים,70.00,100 גרם,false,,8.90,0.1271,true,1,120126
7290002043096,false,פריכוני אורז חום מלא שוקולד לבן 70 גרם,נוהלס,BG,פריכוני אורז חום מלא,גרמים,70.00,100 גרם,false,,8.90,0.1271,true,1,120127
7290002043188,false,ציפס אורז חום מלא צי'לי חריף אקסטרא 60 ג',מימונס אפיה,BG,צ'יפס אורז חום מלא צ,גרמים,60.00,100 גרם,false,,6.90,0.1150,true,1,120137
7290002043218,false,ציפס אורז חום מלא מלח אקסטרא 60 ג',מימונס אפיה,BG,צ'יפס אורז חום מלא מ,גרמים,60.00,100 גרם,false,,6.90,0.1150,true,1,120138
7290002043348,false,ציפס אורז חום מלא צי'ה וקינואה אקסטרא 60 ג',JS. A.F.P Co,BG,צ'יפס אורז חום מלא צ,גרמים,60.00,100 גרם,false,,7.90,0.1317,true,1,120145
7290002043379,false,ציפס אורז חום מלא עדשים שחורות 60 גרם,,BG,צ'יפס אורז חום מלא ע,גרמים,60.00,100 גרם,false,,7.90,0.1317,true,1,120148
7290002043782,false,ציפס אורז חום מלא טקסס ברביקיו אקסטרא 60 ג',מימונס אפיה,BG,צ'יפס אורז חום מלא ט,גרמים,60.00,100 גרם,false,,6.90,0.1150,true,1,120128
7290002050018,false,גרעיני אבטיח 170 גר',זארובי,,גרעיני אבטיח 170 גר',גרמים,170.00,100 גרם,false,,14.90,0.0876,true,1,91236
7290002050025,false,"פרורי לחם מוזהב 1 ק""ג",,,פירורי לחם זהוב 1 קג,קילוגרמים,1.00,"ק""ג",false,,10.90,10.9000,true,1,91038
7290002050032,false,תערובת אגוזים ופיצוח,זארובי,,תערובת אגוזים ופיצוח,גרמים,630.00,100 גרם,false,,57.90,0.0919,true,1,92077
7290002050551,false,אגוז פקאן טבעי,,,אגוז פקאן טבעי,גרמים,180.00,100 גרם,false,,23.90,0.1328,true,1,99580
7290002050575,false,קשיו טבעי,,,קשיו טבעי,גרמים,220.00,100 גרם,false,,22.90,0.1041,true,1,99582
7290002050582,false,לוז טבעי,,,לוז טבעי,גרמים,220.00,100 גרם,false,,19.90,0.0905,true,1,99583
7290002050803,false,מארז סוכריות גומי 60,זארובי,,מארז סוכריות גומי 60,גרמים,600.00,100 גרם,false,,21.90,0.0365,true,1,120475
7290002050872,false,שקד טבעי אמריקאי 240,,,שקד טבעי אמריקאי,גרמים,240.00,100 גרם,false,,21.00,0.0875,true,1,99591
7290002050940,false,ג'עלה פרימיום זארובי,זארובי,,ג'עלה פרימיום זארובי,גרמים,500.00,100 גרם,false,,29.90,0.0598,true,1,168325
7290002050988,false,גרנולה פרימיום זארוב,זארובי,,גרנולה פרימיום זארוב,גרמים,450.00,100 גרם,false,,17.90,0.0398,true,1,168331
7290002053088,false,אטריות ביצים מס 8 200 גר,פ.פ.ח טאביט,PL,איטריות ביצים דקיקות,גרמים,210.00,100 גרם,false,,8.70,0.0414,true,1,45082
7290002053118,false,אוריינט אטריות ביצים מס 14 200 ג',האי נאם סי או אל.טי.,PL,איטריות ביצים מס' 14,גרמים,200.00,100 גרם,false,,8.70,0.0435,true,1,20260
7290002053354,false,נודלס אטריות להקפצה בסגנון סיני 300 גר,טאביט ספ.ז.או.או,PL,איטריות נודלס סיני,גרמים,300.00,100 גרם,false,,13.90,0.0463,true,1,20266
7290002053538,false,נודלס תאילנדי אורינטל 400 גר + 25% תוספת,פ.פ.ח. טאביה ספ זאו.או,PL,נודלס תאילנדי 500גר,גרמים,500.00,100 גרם,false,,10.90,0.0218,true,1,113012
7290002057031,false,זיתים מבוקע פיקנטי A2 יבנה 560 ג',קבוצת יבנה,IL,זיתים מבוקעים 340 גר,גרמים,340.00,100 גרם,false,,8.50,0.0250,true,1,26445
7290002057048,false,זיתים סורי מבוקע A2 יבנה 560ג',קבוצת יבנה,IL,זית סורי מבוקע 340 ג,גרמים,340.00,100 גרם,false,,9.90,0.0291,true,1,26765
7290002057062,false,זיתים ירוק מנזנילנו בינוני יבנה 540ג',קבוצת יבנה,IL,זיתים מנזלינו בינוני,גרמים,540.00,100 גרם,false,,6.90,0.0128,true,1,63968
7290002057093,false,זיתים מנזנילו ירוק A2 יבנה 540ג',קבוצת יבנה,IL,זיתים ירוקים מנזנילו,גרמים,340.00,100 גרם,false,,8.40,0.0247,true,1,32638
7290002057109,false,זיתים מנזנילו ירוק גדול ושום A2 יבנה 540ג',קבוצת יבנה,IL,זיתים מנזנילו גדולים,גרמים,340.00,100 גרם,false,,8.90,0.0262,true,1,31617
7290002057123,false,זיתים ירוקים חרוזית מנזנילו A-2,קבוצת יבנה,IL,זיתים ירוקים נטולי ג,גרמים,275.00,100 גרם,false,,8.20,0.0298,true,1,25665
7290002057161,false,זיתים מרינט גדול מאד A2 יבנה 540ג',קבוצת יבנה,IL,זית מרינד חתוך בחומץ,גרמים,275.00,100 גרם,false,,9.40,0.0342,true,1,44615
7290002057185,false,טבעות זיתים ירוקים 560 ג' יבנה,קבוצת יבנה,IL,טבעות זיתים ירוקים 2,גרמים,275.00,100 גרם,false,,8.20,0.0298,true,1,30992
7290002057352,false,מלפפון במלח 7-9 560 ג' יבנה,קבוצת יבנה מוצרי מזו,IL,מלפפון במלח 7-9 320,גרמים,320.00,100 גרם,false,,6.20,0.0194,true,1,30993
7290002057369,false,מלפפון במלח ‏12‏-‏10‏ 560 ג' יבנה,קבוצת יבנה,IL,מלפפונים במלח 12-10,גרמים,320.00,100 גרם,false,,7.20,0.0225,true,1,26446
7290002057376,false,מלפפון במלח ‏17‏-‏13‏ 560 ג' יבנה,קבוצת יבנה,IL,מלפפון במלח 13-17 32,גרמים,320.00,100 גרם,false,,8.20,0.0256,false,1,27017
7290002057383,false,מלפפון במלח ‏25‏-‏18‏ 560 ג' יבנה,קבוצת יבנה,IL,מלפפון במלח 18-25 32,גרמים,320.00,100 גרם,false,,8.90,0.0278,true,1,27398
7290002057437,false,שיפקונית קבוצת יבנה,קבוצת יבנה,IL,ציפקונית יבנה,גרמים,225.00,100 גרם,false,,8.50,0.0378,true,1,164023
7290002057451,false,מלפפון בחומץ ‏9‏-‏7‏ %‏20‏ 560 ג' יבנה,אף.סי תבליני בגליל ב,IL,מלפפון בחומץ 7-9 290,גרמים,290.00,100 גרם,false,,6.20,0.0214,true,1,49709
7290002057468,false,מלפפון חומץ ‏12‏-‏10‏ 560 ג' יבנה,קבוצת יבנה,IL,מלפפון בחומץ 10-12 2,גרמים,290.00,100 גרם,false,,7.20,0.0248,true,1,34974
7290002057475,false,מלפפונים בחומץ 13-17 קטן A2 יבנה 540ג',קבוצת יבנה,IL,מלפפון בחומץ 13-17 2,גרמים,290.00,100 גרם,false,,8.20,0.0283,true,1,34852
7290002057482,false,מלפפון חומץ ‏25‏-‏18‏ 560 ג' יבנה,קבוצת יבנה,IL,מלפפון בחומץ 18-25 2,גרמים,290.00,100 גרם,false,,8.90,0.0307,true,1,34793
7290002057604,false,שיפקה פלפל חריף A2 יבנה 600ג',קבוצת יבנה,IL,פלפל חריף שיפקה 225,גרמים,225.00,100 גרם,false,,5.90,0.0262,true,1,33967
7290002057611,false,שיפקה צנצנת יבנה 540 גר',קבוצת יבנה,,פלפל חריף צנצנת 325,גרמים,325.00,100 גרם,false,,7.50,0.0231,true,1,68653
7290002057628,false,טבעות זיתים מושחר יבנה 540 גרם,קבוצת יבנה,IL,זיתים טבעות מושחרים,גרמים,275.00,100 גרם,false,,9.40,0.0342,true,1,33964
7290002057703,false,חצילים ‏2‏-‏A‏ יבנה 560 גר',קבוצת יבנה,IL,חצילים במלח 320 גרם,גרמים,320.00,100 גרם,false,,6.50,0.0203,true,1,15809
7290002057864,false,זיתים נובו ענק צנצנת יבנה 540 גר',קבוצת יבנה,,צנצנת זיתים,גרמים,560.00,100 גרם,false,,10.90,0.0195,true,1,64712
7290002057871,false,זית חרוזית צנצנת 540 ג' יבנה,קבוצת יבנה,,טבעות זיתים ירוקים ב,גרמים,340.00,100 גרם,false,,9.50,0.0279,true,1,64713
7290002057888,false,מרינט בחומץ יין (טבעי)צנצנת יבנה,קבוצת יבנה,,זיתים מרינד בחומץ יי,גרמים,340.00,100 גרם,false,,9.50,0.0279,true,1,64714
7290002065555,false,לחמניה אנג'ל ארוכה שקית 6יח,מאפיית שלמה א. אנג'ל,IL,שש לחמניות אנג'ל,גרמים,450.00,100 גרם,false,,10.90,0.0242,true,1,30623
7290002065616,false,לחם שיפון גרעינים 750 ג' אנג'ל,מאפיית שלמה א. אנג'ל,IL,לחם שיפון גרעינים,גרמים,750.00,100 גרם,false,,10.90,0.0145,true,1,40384
7290002075035,false,אובלטים בשקית 500 גר,שוקוטרייד בעמ,IL,אובלטים 500 גר,גרמים,500.00,100 גרם,false,,15.90,0.0318,true,1,22154
7290002075271,false,ריקולה בשקית צמחים 70 גרם,ריקולה,CH,סוכריות ריקולה 75גר,גרמים,70.00,100 גרם,false,,12.90,0.1843,true,1,53097
7290002077268,false,מיני קציצות דג לבישול 500 גרם קהילות,האי נאם סי או אל.טי.,IL,מיני קציצות דג לבישו,גרמים,500.00,100 גרם,false,,21.00,0.0420,true,1,50919
7290002079033,false,לחם דגנים לייט פרוס 500 גר,מאפיית דוידוביץ ובני,IL,לחם דגנים לייט דוידו,גרמים,500.00,100 גרם,false,,13.50,0.0270,true,1,15111
7290002079217,false,מחמצת עם אגוזים שיפון 650 ג',מאפיית דוידוביץ ובני,IL,לחם מחמצת שיפון ואגו,גרמים,500.00,100 גרם,false,,18.90,0.0378,true,1,44203
7290002079316,false,חלה פרוסה רגילה 500,מאפית דוידוביץ ובניו,IL,חלה פרוסה,גרמים,500.00,100 גרם,false,,11.90,0.0238,true,1,15121
7290002079361,false,לחמניות המבורגר חתוך 6+2*60 ג',מאפיית דוידוביץ ובני,IL,לחמניות המבורגר,גרמים,400.00,100 גרם,false,,13.90,0.0348,true,1,15123
7290002079477,false,לחם אחיד פרוס דוידוב,מאפיית דוידוביץ ובני,IL,לחם אחיד פרוס דוידוב,גרמים,750.00,100 גרם,false,,6.90,0.0092,false,1,15125
7290002079613,false,חלה קלועה מתוקה ארוז,מאפיית דוידוביץ ובני,,חלה מתוקה דוידוביץ',גרמים,500.00,100 גרם,false,,10.90,0.0218,true,1,15128
7290002079927,false,לחם דגנים מלא דוידוב,מאפיית דוידוביץ ובני,IL,לחם דגנים מלא דוידוב,גרמים,750.00,100 גרם,false,,12.90,0.0172,true,1,42858
7290002079996,false,לחם אחיד קל פרוס 750 גרם,מאפיית דוידוביץ ובני,IL,לחם אחיד קל פרוס,גרמים,750.00,100 גרם,false,,11.90,0.0159,true,1,15133
7290002096009,false,עוגיות דובשנית חפץ 4,חפץ,,דובשניות חפץ 450 גר,גרמים,450.00,100 גרם,false,,10.90,0.0242,true,1,16553
7290002096498,false,עוגיות דובשנית חפץ 6,דובשנית,IL,"דובשניות חפץ 600 ג""ר",גרמים,600.00,100 גרם,false,,12.90,0.0215,true,1,50816
7290002107071,false,צוריאל פטה עיזים מעודנת גביע 16% 200ג,מחלבת משק צוריאל,IL,פטה עיזים מעודנת,גרמים,200.00,100 גרם,false,,24.90,0.1245,true,1,14890
7290002107491,false,גבינת עזים למריחה טבעי 5% צוריאל 250 ג',מחלבת משק צוריאל,IL,גבינת עיזים 5%,גרמים,250.00,100 גרם,false,,14.90,0.0596,false,1,14903
7290002107743,false,משק צוריאל צפתית מעו,מחלבת משק צוריאל,IL,צפתית צוריאל מעודנת,קילוגרמים,1.00,"ק""ג",true,,57.90,57.9000,false,1,30593
7290002107798,false,גבינה בולגרית מעודנת 5% צוריאל 250ג',מחלבת משק צוריאל,IL,בולגרית מעודנת 5% מש,גרמים,250.00,100 גרם,false,,22.50,0.0900,true,1,14912
7290002109372,false,בורקס פילו אצבעות בולגרי 700 ג' שלושת האופים,שלושת האופים שגמור,IL,בורקס פילו אצבעות גב,גרמים,700.00,100 גרם,false,,19.90,0.0284,true,1,57893
7290002111450,false,גבינת גאודה,,,גבינת גאודה,קילוגרמים,1.00,"ק""ג",true,,95.00,95.0000,true,1,103526
7290002129479,false,פיצה איטלקית דקה 320 ג' שלושת האופים,האי נאם סי או אל.טי.,IT,פיצה איטלקית דקה שלו,גרמים,320.00,100 גרם,false,,13.90,0.0434,false,1,100101
7290002130567,false,דבש טהור מפרחי בר בזכוכית 350 גרם,מכוורת יד מרדכי שטרא,IL,דבש יד מרדכי 350 גרם,גרמים,350.00,100 גרם,false,,16.90,0.0483,false,1,10415
7290002130574,false,דבש טהור מפרחי בר בזכוכית 500 ג' יד מרדכי,מכוורת יד מרדכי שטרא,IL,דבש טהור 500 גר,גרמים,500.00,100 גרם,false,,28.90,0.0578,false,1,10416
7290002132011,false,עוגיות מזרחיות עבאדי 500 גרם,מאפיית יוסף ושמחה עב,IL,מזרחיות עגול,גרמים,400.00,100 גרם,false,,17.90,0.0447,false,1,9360
7290002133070,false,גבינת קשקבל טורקי במ,"מחלבת השומרון בע""מ",IL,קשקבל טורקי בלוק,קילוגרמים,1.00,"ק""ג",true,,129.90,129.9000,false,1,58904
7290002133094,false,גבינת ברינזה צאן במש,"מחלבת השומרון בע""מ",IL,ברינזה צאן,קילוגרמים,1.00,"ק""ג",true,,79.90,79.9000,false,1,11748
7290002133117,false,גבינה בולגרית מעודנת,"מחלבת השומרון בע""מ",IL,בולגרית 5% מעודנת במ,קילוגרמים,1.00,"ק""ג",true,,54.90,54.9000,false,1,33513
7290002133131,false,מחלבת שומרון ריקוטה,מחלבת השומרון,IL,גבינת אורדה בגביע 25,גרמים,250.00,100 גרם,false,,13.50,0.0540,true,1,58914
7290002133148,false,צפתית רכה שומרון במש,"מחלבת השומרון בע""מ",IL,צפתית שומרון טבעית/,קילוגרמים,1.00,"ק""ג",true,,55.90,55.9000,false,1,28946
7290002133162,false,השומרון בולגרית גביע,מחלבת השומרון,IL,בולגרית גביע 5%,גרמים,250.00,100 גרם,false,,19.90,0.0796,true,1,11750
7290002133193,false,בולגרית שומרון מעדני,מחלבת השומרון בעמ,,בולגרית שומרון מעדני,קילוגרמים,1.00,"ק""ג",true,,55.90,55.9000,false,1,16448
7290002133247,false,לבנה עם שמן זית וזעתר 250 גר,מחלבת השומרון,IL,לבנה זעתר 5% - 250 ג,גרמים,250.00,100 גרם,false,,13.50,0.0540,true,1,11752
7290002133506,false,יוגורט של פעם חלב עיזים 400גר,מחלבת השומרון,IL,יוגורט של פעם עיזים,מיליליטרים,400.00,"100 מ""ל",false,,12.50,0.0313,true,1,38283
7290002133520,false,"יוגורט של פעם 400 מ""ל",מחלבת השומרון,IL,יוגורט של פעם 3%,גרמים,400.00,100 גרם,false,,9.90,0.0248,true,1,11753
7290002133537,false,יוגורט של פעם עיזים 180גר,מחלבת השומרון,IL,יוגורט של פעם 3% עיז,גרמים,180.00,100 גרם,false,,6.60,0.0367,true,1,38526
7290002133575,false,יוגורט של פעם חלב כבשים 400גר,מחלבת השומרון,,יוגורט של פעם כבשים,מיליליטרים,400.00,"100 מ""ל",false,,12.50,0.0313,true,1,38507
7290002133612,false,יוגורט יווני אותנטי 180גר,מחלבת השומרון,IL,יוגורט יווני אותנטי,מיליליטרים,180.00,"100 מ""ל",false,,5.90,0.0328,true,1,38528
7290002133643,false,פטה צאן 200 גרם בגביע,מחלבת השומרון,IL,פטה גביע 22%,גרמים,200.00,100 גרם,false,,23.00,0.1150,true,1,11758
7290002133858,false,בולגרית צאן 250 מ`ל השומרון,מחלבת השומרון,IL,בולגרית צאן 18%,גרמים,250.00,100 גרם,false,,22.90,0.0916,true,1,11762
7290002133889,false,בולגרית מעודנת 5% בגביע 250 גר,מחלבת השומרון,IL,בולגרית מעודנת 5%,גרמים,250.00,100 גרם,false,,19.90,0.0796,true,1,33662
7290002133940,false,יוגורט של פעם כבשים 180 גר,מחלבת השומרון,IL,יוגורט של פעם כבשים,מיליליטרים,180.00,"100 מ""ל",false,,6.60,0.0367,true,1,24231
7290002150077,false,פלאפל קפוא 400 גרם ב,"חמים וטעים בע""מ",IL,פלאפל אמיתי 400 גר,גרמים,400.00,100 גרם,false,,15.50,0.0388,true,1,90652
7290002150374,false,"קובה חמוסטה למרק בד""",חמים וטעים,IL,קובה חמוסטה 1 קג חמי,קילוגרמים,1.00,"ק""ג",false,,56.90,56.9000,true,1,112748
7290002150718,false,קרפלך כיסוני בצק במי,"חמים וטעים בע""מ",IL,חמים וטעים-קרפלך תפו,גרמים,400.00,100 גרם,false,,15.50,0.0388,true,1,90626
7290002150732,false,קרפלך כיסוני בצק במי,"חמים וטעים בע""מ",IL,קרפלך בשר 400 גר,גרמים,400.00,100 גרם,false,,15.50,0.0388,true,1,68564
7290002150794,false,סיגרים במילוי בשר 40,"חמים וטעים בע""מ",IL,סיגרים בשר 400 גר,גרמים,400.00,100 גרם,false,,15.50,0.0388,true,1,68565
7290002150817,false,"סיגרים במילוי תפו""א","חמים וטעים בע""מ",IL,"סיגרים תפו""א 400",גרמים,400.00,100 גרם,false,,15.50,0.0388,true,1,68566
7290002150848,false,אגרול סיני 400 גרם,"חמים וטעים בע""מ",IL,אגרול סיני 400 גר,גרמים,400.00,100 גרם,false,,15.50,0.0388,true,1,90366
7290002150862,false,קובה בורגול במילוי ב,"חמים וטעים בע""מ",IL,קובה בשר מטוגן 400 ג,גרמים,400.00,100 גרם,false,,15.50,0.0388,true,1,68567
7290002157953,false,מארז נתחי טונה בהירה בשמן קנולה - 4 יחידות,דיאמנט פוד פרודקט,IL,טונה קנולה 4*140 גר,גרמים,560.00,100 גרם,false,,18.90,0.0337,false,1,97583
7290002157960,false,טונה במים ויליגר רביעיה * 140ג',ויליגר,IL,טונה במים 4*140 גר ו,גרמים,560.00,100 גרם,false,,18.90,0.0337,false,1,97584
7290002190141,false,ריבת חלב בצנצנת 450 גרם,קרלו,IL,ריבת חלב 450 גר',גרמים,450.00,100 גרם,false,,12.90,0.0287,true,1,50981
7290002190516,false,קומידה ממרח ריבת חלב,קרלו,IL,ריבת חלב 500 גר,גרמים,500.00,100 גרם,false,,12.90,0.0258,true,1,17694
7290002195054,false,המבורגר בלדי 400 גרם ארוז,יוליניבר,IL,המבורגר בלדי 400 גר',גרמים,400.00,100 גרם,false,,11.90,0.0298,false,1,41105
7290002195078,false,קבב כבש בלדי קפוא 400 ג',בלדי,IL,קבב כבש בלדי,גרמים,400.00,100 גרם,false,,11.90,0.0298,false,1,49169
7290002195092,false,קבב רומני 400 גרם ארוז,בלדי,IL,קבב רומני בלדי,יחידה,0.00,יחידה,false,,11.90,0.0000,false,1,49810
7290002196105,false,דבש טהור משק לין 500,,,דבש טהור משק לין 500,גרמים,500.00,100 גרם,false,,29.00,0.0580,true,1,13407
7290002196372,false,רוטב סילאן גריל משק,משק דבורים לין,,רוטב סילאן גריל משק,גרמים,390.00,100 גרם,false,,21.90,0.0562,true,1,42614
7290002196495,false,משק לין רוטב דבש ג'ינג'ר פלפל אדום,משק דבורים לין,,רוטב דבש עם זנגביל,יחידה,320.00,יחידה,false,,21.90,0.0684,true,1,24293
7290002196617,false,משק לין רוטב חרדל ודבש,משק דבורים לין,,רוטב חרדל ודבש,יחידה,320.00,יחידה,false,,21.90,0.0684,true,1,37648
7290002196822,false,משק לין רוטב דבש שום לימון ושמו זית,משק דבורים לין,,רוטב דבש שום לימון,יחידה,320.00,יחידה,false,,21.90,0.0684,true,1,24294
7290002196884,false,משק לין רוטב דבש עם בוטנים וקארי,משק דבורים לין,,רוטב דבש עם בוטנים,יחידה,320.00,יחידה,false,,21.90,0.0684,true,1,24295
7290002198031,false,פסטרמה פרגיות ללחמני,זוגלובק,IL,פסטרמה פרגיות ללחמני,קילוגרמים,1.00,"ק""ג",true,,79.90,79.9000,false,1,121077
7290002198055,false,נקניק סרוולד בנוסח א,זוגלובק,IL,סרוולד בנוסח איטלקי,קילוגרמים,1.00,"ק""ג",true,,129.90,129.9000,false,1,164018
7290002211044,false,"סולת חיטה 1 ק""ג טחנת רוט",,IL,סולת 1 קג,קילוגרמים,1.00,"ק""ג",false,,6.50,6.5000,false,1,15818
7290002211112,false,"קמח לבן 1 ק""ג כחול טחנת רוט",,IL,"קמח 1 ק""ג",קילוגרמים,1.00,"ק""ג",false,,4.40,4.4000,false,1,115537
7290002232964,false,פירורים לציפוי פז לל,"תירפז בע""מ",IL,פרורי לחם ללא גלוטן,גרמים,600.00,100 גרם,false,,26.90,0.0448,true,1,106985
7290002232995,false,פירורים לציפוי פז לל,פ.פ.ח. שאביט,IL,פירורי לחם ללא גלוטן,גרמים,600.00,100 גרם,false,,26.90,0.0448,true,1,106986
7290002239185,false,אפונת גינה קפואה פרי גליל 800 גרם,"פרי הגליל בע""""מ",IL,אפונה 800 פרי גל,גרמים,800.00,100 גרם,false,,9.90,0.0124,false,1,11283
7290002239215,false,אפונה וגזר קפוא פרי גליל 800 גרם,"פרי הגליל בע""""מ",IL,אפונה וגזר 800,גרמים,800.00,100 גרם,false,,9.90,0.0124,true,1,11284
7290002239277,false,גזר גמדי קפוא פרי גליל 800ג',"פרי הגליל בע""""מ",IL,גזר גמדי פרי גלי,גרמים,800.00,100 גרם,false,,9.90,0.0124,true,1,11285
7290002239307,false,שעועית צהובה 800 ג ' פרי הגליל,"פרי הגליל בע""""מ",IL,שעועית צהובה,גרמים,800.00,100 גרם,false,,9.90,0.0124,true,1,44524
7290002239369,false,שעועית ירוקה שלמה 800 גרם פרי הגליל,"פרי הגליל בע""""מ",IL,שעועית שלמה 800,גרמים,800.00,100 גרם,false,,9.90,0.0124,true,1,11287
7290002239420,false,תירס גרעינים 800 ג ' פרי הגליל,"פרי הגליל בע""""מ",IL,תירס גרעינים 800,גרמים,800.00,100 גרם,false,,9.90,0.0124,true,1,11289
7290002253006,false,שום כתוש בצנצנת 200 גר דורות,עיצובים 2020 (3.8),IL,שום כתוש טרי 200גר ד,גרמים,200.00,100 גרם,false,,19.90,0.0995,true,1,6592
7290002253105,false,מגשית קוביות שום טרי דורות 80 ג',עיצובים 2020 (3.8),IL,קוביות שום כתוש דורו,גרמים,80.00,100 גרם,false,,14.50,0.1813,false,1,6593
7290002253150,false,בזיליקום טרי קצוץ דורות 70 ג',עיצובים 2020 (3.8),IL,בזיליקום קפוא קצוץ ד,גרמים,70.00,100 גרם,false,,11.00,0.1571,true,1,6594
7290002253167,false,מגשית פטרוזיליה דורות 70 גר,עיצובים 2020 (3.8),IL,פטרוזליה קצוצה דורות,גרמים,70.00,100 גרם,false,,11.00,0.1571,true,1,6595
7290002253181,false,כוסברה טריה קצוצה 70 ג' דורות,עיצובים 2020 (3.8),IL,כוסברה קצוצה דורות,גרמים,70.00,100 גרם,false,,11.00,0.1571,true,1,6597
7290002253198,false,ג'ינג'ר טרי כתוש במגשית 70 ג' דורות,עיצובים 2020 (3.8),IL,ג'ינג'ר טרי כתוש במג,גרמים,90.00,100 גרם,false,,12.00,0.1333,true,1,6598
7290002253235,false,דורות רוטב פסטו 160 גרם,עיצובים 2020 (3.8),IL,רוטב פסטו דורות,גרמים,160.00,100 גרם,false,,12.90,0.0806,true,1,90441
7290002253259,false,דורות רוטב עגבניות בזיליקום 160 גרם,עיצובים 2020 (3.8),IL,רוטב עגבניות בזיליקו,גרמים,160.00,100 גרם,false,,12.90,0.0806,true,1,90443
7290002253310,false,שום צילי חריף קוביות תערובת 80 ג' דורות,עיצובים 2020 (3.8),IL,קוביות שום צילי חריף,גרמים,80.00,100 גרם,false,,14.50,0.1813,false,1,108992
7290002259572,false,ספונטקס - כפפות זוג מס' 6,,,כפפות גומי,יחידה,0.00,יחידה,false,,7.50,0.0000,true,1,16949
7290002259589,false,כפפות,,,כפפות,יחידה,0.00,יחידה,false,,11.90,0.0000,true,1,21303
7290002259640,false,"רדיד אלומניום דיימונד 084- 7.50 מ""ר *0.3",ריינולדס מוצרי צריכה,CN,רדיד אלומיניום,יחידה,0.00,יחידה,false,,12.90,0.0000,true,1,16951
7290002259657,false,דיאמונד רדיד אלומיניום85 22.5*0.3,ריינולדס,US,דיימונד 085,יחידה,0.00,יחידה,false,,21.90,0.0000,true,1,16952
7290002259664,false,רדיד אלומיניום דיימונד גדול 60X0.60מ',ריינולדס מוצרי צריכה,US,רדיד אלומיניום דיימו,יחידה,0.00,יחידה,false,,49.90,0.0000,true,1,16953
7290002278528,false,כרית קרצוף לכלים שבת כלין 2 יח',מ.א ייצור ושיווק מטל,IL,כריות יפניות לשבת,יחידה,0.00,יחידה,false,,7.90,0.0000,true,1,108893
7290002279211,false,חלה מתוקה דוידוביץ,,,חלה מתוקה דוידוביץ,גרמים,500.00,100 גרם,false,,10.90,0.0218,true,1,114356
7290002281382,false,נתחי פילה סלמון קפוא דלידג,דלידג,,נתחי פילה סלמון קפוא,קילוגרמים,1.00,"ק""ג",true,,89.90,89.9000,false,1,108603
7290002281443,false,סטייק דג טונה קפוא עור,בון צון פישארי,VN,סטייק דג טונה,קילוגרמים,1.00,"ק""ג",true,,41.90,41.9000,true,1,109651
7290002291046,false,המבורגר מסעדות קצבייה 4 יח'-480 ג',יוליניבר,IL,המבורגר מסעדות קצביה,גרמים,480.00,100 גרם,false,,22.90,0.0477,true,1,51284
7290002300878,false,צ'דר אנגלי,,,צ'דר אנגלי,קילוגרמים,1.00,"ק""ג",true,,125.00,125.0000,true,1,67468
7290002300885,false,צ'דר אנגלי כתום,,,צ'דר אנגלי כתום,קילוגרמים,1.00,"ק""ג",true,,115.00,115.0000,true,1,67470
7290002304203,false,קונפיטורה ביתית תות לייט 600 גר,ענבי ציון,,קונפיטורה תות שדה לי,גרמים,600.00,100 גרם,false,,22.90,0.0382,true,1,34034
7290002304210,false,קונפיטורה ביתית משמש לייט 600 גר,ענבי ציון,,קונפיטורה משמש לייט,גרמים,600.00,100 גרם,false,,22.90,0.0382,true,1,37254
7290002304227,false,קונפיטורה ביתית דובדבן חמוציות לייט 600,ענבי ציון,,קונפיטורה דובדבן חמו,גרמים,600.00,100 גרם,false,,22.90,0.0382,true,1,28876
7290002304241,false,קונפיטורה ביתית פירות יער לייט 600 גר,ענבי ציון,,קונפיטורה פירות יער,גרמים,600.00,100 גרם,false,,22.90,0.0382,true,1,28877
7290002304609,false,קונפיטורה ביתי ענבי ציון תות 600 גרם,ענבי ציון,IL,קונפיטורה תות שדה 60,גרמים,600.00,100 גרם,false,,17.90,0.0298,true,1,32810
7290002304623,false,קונפיטורה ביתי ענבי ציון פירות יער 600 גר,ענבי ציון,IL,קונפיטורה פירות יער,גרמים,600.00,100 גרם,false,,17.90,0.0298,true,1,31605
7290002304654,false,קונפיטורה ביתי ענבי ציון שזיף 600 גרם,ענבי ציון,IL,קונפיטורה שזיף 600 ג,גרמים,600.00,100 גרם,false,,17.90,0.0298,false,1,31606
7290002304661,false,קונפיטורה ביתי ענבי ציון אוכמניות 600 גרם,ענבי ציון,IL,קונפיטורה אוכמניות 6,גרמים,600.00,100 גרם,false,,17.90,0.0298,false,1,43439
7290002304692,false,קונפיטורה ענבי ציון חמוציות ודובדבן 600,,IL,קונפיטורה ענבי ציון,גרמים,600.00,100 גרם,false,,17.90,0.0298,true,1,100688
7290002317852,false,מוטולה מלפפונים במלח,מוטולה,,מוטולה מלפפונים במלח,גרמים,900.00,100 גרם,false,,23.90,0.0266,true,1,54442
7290002327608,false,קונכיות בצק אופרה,אופרה,,קונכיות בצק אופרה,גרמים,500.00,100 גרם,false,,18.90,0.0378,false,1,15458
7290002327615,false,ג'חנון 900 גר' אופרה,חסון את לוי,,ג'חנון 900 גר' אופרה,גרמים,900.00,100 גרם,false,,14.50,0.0161,true,1,15459
7290002327622,false,ג'חנון 650 גר אופרה,אופרה,,ג'חנון 650 גר אופרה,גרמים,650.00,100 גרם,false,,12.90,0.0198,false,1,15460
7290002327646,false,מלוואח אופרה 700 ג,אופרה,,מלווח אופרה,גרמים,700.00,100 גרם,false,,13.90,0.0199,false,1,15462
7290002327660,false,"בורקס תפו""א אופרה",חסון את לוי,,"בורקס תפו""א אופרה",גרמים,800.00,100 גרם,false,,14.50,0.0181,false,1,15464
7290002327677,false,בורקס גבינה אופרה,אופרה,,בורקס גבינה אופרה,גרמים,800.00,100 גרם,false,,18.90,0.0236,true,1,15465
7290002327684,false,בצק עלים 1 קג אופרה,אופרה,,בצק עלים 1 קג אופרה,קילוגרמים,1.00,"ק""ג",false,,15.90,15.9000,false,1,15466
7290002327691,false,אופרה בורקס מיני תפו,אופרה,,"מיני בורקס תפו""א",גרמים,800.00,100 גרם,false,,15.90,0.0199,false,1,15467
7290002327707,false,אופרה מיני בורקס גבי,אופרה,,מיני בורקס גבינה,גרמים,800.00,100 גרם,false,,18.90,0.0236,true,1,15468
7290002331018,false,"נביעות מים עם פקק ספורט 500מ""ל",נביעות טבע הגליל בעמ,IL,נביעות 5 0.,יחידה,500.00,יחידה,false,,3.00,0.0060,true,1,5869
7290002331025,false,"מים מינרלים נביעות ספורט 500 מ""ל פקדון",נביעות טבע הגליל בעמ,IL,נביעות 0.5 ליטר -,יחידה,500.00,יחידה,false,,2.60,0.0052,true,1,5870
7290002331124,false,מים נביעות בטעם תפוח 0.5 ליטר,נביעות טבע הגליל בעמ,IL,נביעות+ תפוח 0.5 ליט,יחידה,500.00,יחידה,false,,6.00,0.0120,false,1,24320
7290002331155,false,מים נביעות בטעם אפרסק 0.5 ליטר,נביעות טבע הגליל בעמ,IL,נביעות+ אפרסק 0.5 לי,יחידה,500.00,יחידה,false,,6.00,0.0120,false,1,24321
7290002331360,false,"נביעות מים מינרליים טו גו מארז 500X6מ""ל",נביעות,IL,נביעות שישייה 0.5 ל',ליטרים,3.00,ליטר,false,,12.90,4.3000,false,1,5876
7290002331421,false,"מים אישי נביעות מארז שישייה* 755 מ""ל",נביעות,IL,"נביעות שישיה 750 מ""ל",ליטרים,4.50,ליטר,false,,16.90,3.7556,false,1,5877
7290002331483,false,שישיית מים נביעות בייב 330 מל,נביעות טבע הגליל בעמ,IL,שישייה נביעות אישי ב,ליטרים,1.92,ליטר,false,,13.90,7.2396,true,1,63801
7290002331490,false,נביעות מים מינרלים 1 ליטר,נביעות טבע הגליל בעמ,IL,נביעות 1 ליטר,ליטרים,1.00,ליטר,false,,3.50,3.5000,false,1,65239
7290002331711,false,מים נביעות בטעם ענבים 0.5 ליטר,נביעות טבע הגליל בעמ,IL,נביעות+ ענבים 0.5 לי,יחידה,500.00,יחידה,false,,6.00,0.0120,true,1,33112
7290002333098,false,גרגירי חומוס אורגני,אול אורגני,IL,חומוס 500 גרם,גרמים,500.00,100 גרם,false,,10.90,0.0218,true,1,98674
7290002333104,false,בורגול אורגני הרדוף,אול אורגני,IL,בורגול 500 גרם,גרמים,500.00,100 גרם,false,,7.90,0.0158,true,1,17697
7290002333456,false,גריסי פנינה אורגני 500 גר,אול אורגני,IL,גריסי פנינה 500 גרם,גרמים,500.00,100 גרם,false,,9.50,0.0190,true,1,17702
7290002333463,false,הרדוף שעועית מש אורגני 500 ג,אול אורגני,IL,שעועית מש אורגני 500,גרמים,500.00,100 גרם,false,,14.50,0.0290,true,1,29438
7290002333500,false,עדשים אדומים אורגני,אול אורגני,IL,עדשים אדומים 500 גרם,גרמים,500.00,100 גרם,false,,11.90,0.0238,true,1,17703
7290002333678,false,שומשום מלא אורגני 300 גר,אול אורגני,IL,שומשום 300גר',גרמים,500.00,100 גרם,false,,11.90,0.0238,true,1,17704
7290002333838,false,כוסמת אורגני הרדוף 5,אול אורגני,IL,כוסמת 500 גרם,גרמים,500.00,100 גרם,false,,10.90,0.0218,true,1,17707
7290002333951,false,עדשים ירוקים אורגנים 500 גר,אול אורגני,IL,עדשים ירוקים 500גר',גרמים,500.00,100 גרם,false,,11.90,0.0238,true,1,17713
7290002333968,false,עדשים צהובות חצויות אורגני 500 גר,הרדוף,,עדשים צהובות הרדוף,גרמים,500.00,100 גרם,false,,11.90,0.0238,true,1,109226
7290002333982,false,שעועית לבנה אורגנית 500 גר,אול אורגני,IL,שעועית לבנה 500גר',גרמים,500.00,100 גרם,false,,14.50,0.0290,true,1,17715
7290002340003,false,חזרת אדומה פייביש,,,חזרת אדומה פייביש,גרמים,150.00,100 גרם,false,,18.90,0.1260,true,1,5680
7290002345015,false,סינטה דק דק אל גאוצ'ו 250ג' מינוט,"טיבון ויל אחזקות בע""",IL,סינטה דקדק 250 גר,גרמים,250.00,100 גרם,false,,15.90,0.0636,true,1,103323
7290002345022,false,אנטריקוט דק דק אל גאצ'ו 250ג' מינוט,"טיבון ויל אחזקות בע""",IL,אנטריקוט דקדק 250 גר,גרמים,250.00,100 גרם,false,,15.90,0.0636,true,1,103324
7290002345060,false,גבינת מאסדם הולנדי ב,ונדסטאר,NL,גבינת מאסדם מעדניה,קילוגרמים,1.00,"ק""ג",true,,94.90,94.9000,true,1,105513
7290002345282,false,נתחי פילה סלמון קפוא דלידג,דלידג,,נתחי פילה סלמון קפוא,קילוגרמים,1.00,"ק""ג",true,,89.90,89.9000,false,1,104208
7290002345435,false,פילה דג מרלוזה ארגנטינאי,לואוס סולימנו,AR,פילה מרלוזה ארגנטינא,קילוגרמים,1.00,"ק""ג",true,,31.90,31.9000,true,1,105481
7290002348139,false,ארטישוק תחתיות 210 ג' ויליגר,האי נאם סי או אל.טי.,EG,תחתיות ארטישוק 400 ג,גרמים,400.00,100 גרם,false,,9.90,0.0248,true,1,19826
7290002348160,false,תירס גמדי שלם ויליגר 425 ג',גואנגדונג יוזהו פודס,IL,תירס צעיר שלם,גרמים,400.00,100 גרם,false,,6.50,0.0163,true,1,19828
7290002348306,false,'קוקטייל פירות ויליגר 850 ג,,,קוקטייל פירות 850 גר,גרמים,850.00,100 גרם,false,,8.90,0.0105,true,1,19835
7290002353249,false,דיג'ונז רוטב תיבול,מיוצר עי קונדיטוריית,FR,דיג'ונז מייל 345 גר,גרמים,345.00,100 גרם,false,,20.90,0.0606,true,1,101186
7290002353836,false,סרדינים רוברט בשמן זית 115 גרם,קונסרבס פורטוגל נורט,PT,סרדין רוברטס בשמן זי,גרמים,120.00,100 גרם,false,,7.90,0.0658,true,1,19839
7290002360124,false,פומפדור חליטת צמחים ורד הבר והיביסקו חדש,TEEKANNE- POMPADOU,DE,תה צמחים פומפדור 20,גרמים,30.00,100 גרם,false,,15.90,0.5300,true,1,8605
7290002360155,false,חליטת תה פרחי שומר פומפדור 20 שקיקים,TEEKANNE- POMPADOU,DE,תה פומפדור שומר 20 ש,גרמים,40.00,100 גרם,false,,15.90,0.3975,true,1,8607
7290002360278,false,חליטת תה מנטה פומפדור 20 שקיקים,"איטיליאן פוד, אס.פי.",DE,תה פומפדור מינטה,גרמים,45.00,100 גרם,false,,15.90,0.3533,true,1,8611
7290002360285,false,תה פומפדור חליטת צמחים קמומיל 20 שק,TEEKANNE- POMPADOU,DE,חליטת תה קמומיל פומפ,גרמים,30.00,100 גרם,false,,15.90,0.5300,true,1,8612
7290002370161,false,גבינת צ'דר בשלה כתום,ווייקי,GB,גבינת צ'דר בשלה כתום,קילוגרמים,1.00,"ק""ג",true,,99.90,99.9000,true,1,105689
7290002370789,false,גבינת כבשים עם פטריות כמהין במשקל 36% שו,אל פסטור,ES,גבינת כבשים עם פטריו,קילוגרמים,1.00,"ק""ג",true,,177.90,177.9000,true,1,164825
7290002371533,false,דקניקים סלסולי פסטרמה בדבש 120 ג' טירת צבי,הנסיך- מפעל לייצור ט,IL,סילסולי פסטרמה ודבש,יחידה,0.00,יחידה,false,,15.90,0.0000,true,1,63402
7290002371540,false,דקניקים קורנדביף 120 ג' טירת צבי,הנסיך- מפעל לייצור ט,IL,קורנדביף 120 גר',גרמים,120.00,100 גרם,false,,15.90,0.1325,true,1,63403
7290002371939,false,סרוולד בסגנון צרפתי דליקטיב 120 גרם,הנסיך- מפעל לייצור ט,IL,סרוולד צרפתי 120 גר',גרמים,120.00,100 גרם,false,,26.90,0.2242,false,1,63404
7290002374268,false,שמן חמניות מילומור 1 ליטר,שמן תעשיות,IL,שמן חמניות מילומ,ליטרים,1.00,ליטר,false,,10.90,10.9000,false,1,21007
7290002374312,false,"שמן קנולה מילומור 1 ל' עד""ח","נארז ע""י : א.ג. גילר",IL,שמן קנולה מילומו,ליטרים,1.00,ליטר,false,,10.90,10.9000,false,1,21542
7290002374640,false,שמן קנולה פלוס אומגה 3 1 ליטר עץ הזית,שמן תעשיות,IL,שמן קנולה פלוס אומגה,ליטרים,1.00,ליטר,false,,14.90,14.9000,false,1,67942
7290002385196,false,גבינת דיניש בלו במשקל,מחלבות גד,IL,רוקפור מחלבת גד,קילוגרמים,1.00,"ק""ג",true,,135.90,135.9000,true,1,96626
7290002385455,false,גבינה בולגרית 24% במ,דשן,IL,בולגרית 24% גד מעוד,קילוגרמים,1.00,"ק""ג",true,,64.90,64.9000,false,1,98991
7290002385738,false,גבינת מנצ'גו משולשים,מחלבות גד,IL,גבינת מנצ'גו משולשים,קילוגרמים,1.00,"ק""ג",true,,155.90,155.9000,true,1,52413
7290002395409,false,גבינה צהובה 28% נועם,טרה,,גבינה צהובה נעם 28%,קילוגרמים,1.00,"ק""ג",true,,44.79,44.7900,false,1,59725
7290002395416,false,גבינה צהובה נעם 9%,,,גבינה צהובה נעם 9%,קילוגרמים,1.00,"ק""ג",true,,76.90,76.9000,false,1,59894
7290002395423,false,גבינה צהובה 22% נועם,טרה,,גבינה צהובה נעם 22%,קילוגרמים,1.00,"ק""ג",true,,42.58,42.5800,false,1,59726
7290002407034,false,"זית סורי מבוקע ג""השא",ג'השאן,IL,זית סורי מבוקע 800 ג,גרמים,800.00,100 גרם,false,,18.90,0.0236,false,1,9362
7290002407102,false,זית סנטה גדול ג'השאן 800 ג',ג'השאן,IL,זית סנטה גדול 800 גר,גרמים,800.00,100 גרם,false,,18.90,0.0236,false,1,45819
7290002407348,false,"שמן זית כתית מעולה 750 מ""ל ג'השאן",משק משפחת ג'השאן,IL,שמן זית 750 ג'השאן,מיליליטרים,750.00,"100 מ""ל",false,,29.90,0.0399,false,1,23208
7290002410713,false,מעדני הטלה קישקע ממו,לאטי עזרא גלם ודגים,IL,קישקע ממולא 500 גר',גרמים,500.00,100 גרם,false,,10.90,0.0218,true,1,35978
7290002410874,false,רבעי פרגיות ממולאות,לאטי עזרא גלם ודגים,IL,רבעי פרגיות ממולא (מ,קילוגרמים,1.00,"ק""ג",true,,51.90,51.9000,true,1,49839
7290002447214,false,מח עצם,,,מח עצם,קילוגרמים,1.00,"ק""ג",true,,37.90,37.9000,false,1,9619
7290002447405,false,בקר טחון,,,בקר טחון,קילוגרמים,1.00,"ק""ג",true,,65.00,65.0000,false,1,9624
7290002447436,false,כתף עגל טרי,,,כתף עגל טרי,קילוגרמים,1.00,"ק""ג",true,,75.00,75.0000,false,1,9626
7290002447443,false,צלי כתף עגל,,,צלי כתף עגל,קילוגרמים,1.00,"ק""ג",true,,89.90,89.9000,false,1,9627
7290002447450,false,פילה מדומה לקדירה,,,פילה מדומה לקדירה,קילוגרמים,1.00,"ק""ג",true,,79.90,79.9000,false,1,9628
7290002447467,false,אסדו עגל טרי,,,אסדו עגל טרי,קילוגרמים,1.00,"ק""ג",true,,55.00,55.0000,false,1,9629
7290002447474,false,צוואר עגל טרי.,,,צוואר עגל טרי.,קילוגרמים,1.00,"ק""ג",true,,74.90,74.9000,false,1,9630
7290002447481,false,צא'ך עגל טרי,אדום אדום,,צא'ך עגל טרי,קילוגרמים,1.00,"ק""ג",true,,74.90,74.9000,false,1,9631
7290002447498,false,ויסבראטן עגל טרי,אדום אדום,,ויסבראטן עגל טרי,קילוגרמים,1.00,"ק""ג",true,,74.90,74.9000,false,1,9632
7290002447528,false,אווזית לקדירה,אדום אדום,,אווזית לקדירה,קילוגרמים,1.00,"ק""ג",true,,74.90,74.9000,false,1,9633
7290002447542,false,אנטריקוט עגל טרי,אדום אדום,,אנטריקוט עגל טרי,קילוגרמים,1.00,"ק""ג",true,,159.00,159.0000,false,1,9634
7290002447559,false,סינטה עגל טרי,אדום אדום,,סינטה עגל טרי,קילוגרמים,1.00,"ק""ג",true,,129.00,129.0000,false,1,9635
7290002447566,false,אוסובוקו עגל טרי,,,אוסובוקו עגל טרי,קילוגרמים,1.00,"ק""ג",true,,55.00,55.0000,false,1,9636
7290002447573,false,שייטל עגל טרי,אדום אדום,,שייטל עגל טרי,קילוגרמים,1.00,"ק""ג",true,,84.90,84.9000,false,1,9637
7290002447580,false,פילה עגל טרי,אדום אדום,,פילה עגל טרי,קילוגרמים,1.00,"ק""ג",true,,239.00,239.0000,false,1,9638
7290002447597,false,שריר הזרוע,,,שריר הזרוע,קילוגרמים,1.00,"ק""ג",true,,75.00,75.0000,true,1,9639
7290002460060,false,קמח לבן 1קג מן,מן,,קמח לבן 1קג מן,יחידה,1.00,יחידה,false,,3.90,3.9000,false,1,15816
7290002461562,false,מיני מרגז מעדני הטלה,מעדני הטלה,IL,מיני מרגז מעדני הטלה,גרמים,500.00,100 גרם,false,,22.90,0.0458,true,1,64596
7290002475101,false,גפילטע פיש ללא סוכר4,"דג טעים (משווק ע""י א",IL,גפילט פיש ללא סו.,גרמים,575.00,100 גרם,false,,18.50,0.0322,true,1,42916
7290002475170,false,גפילטע פיש מיטל 6 יח,"דג טעים (משווק ע""י א",,קציצות דגים צנצנ,גרמים,670.00,100 גרם,false,,21.90,0.0327,true,1,11385
7290002478157,false,רבעי פרגיות ממולאות,מעדני הטלה,IL,רבעי פרגיות ממולאות,קילוגרמים,1.00,"ק""ג",true,,51.90,51.9000,true,1,112833
7290002479352,false,דבש עמק חפר טהור פרח,מכוורת עמק חפר,IL,דבש עמק חפר טהור פרח,גרמים,350.00,100 גרם,false,,18.50,0.0529,true,1,47318
7290002479925,false,דבש מפרחי הדרים לחיץ 350 גרם,מכוורת עמק חפר,IL,דבש טהור מפרחי בר עמ,גרמים,350.00,100 גרם,false,,21.90,0.0626,true,1,47655
7290002485025,false,סלט חומוס מסעדות בית,"סלטי שמיר 2006 בע""מ",IL,חומוס מסעדות 500גר,גרמים,500.00,100 גרם,false,,13.90,0.0278,true,1,32457
7290002485049,false,סלט חומוס מסבחה ביתי,"סלטי שמיר 2006 בע""מ",IL,סלט חומוס מסבחה 500ג,גרמים,500.00,100 גרם,false,,13.90,0.0278,true,1,32455
7290002485063,false,סלט חומוס אבו גוש בי,"סלטי שמיר 2006 בע""מ",IL,חומוס אבו גוש 500גר,גרמים,500.00,100 גרם,false,,13.90,0.0278,true,1,32456
7290002487364,false,שלושת האופים ב. פילו גבינה זיתים 700 גר לנדא,שלושת האופים שגמור,IL,בורקס פילו גבינה וזי,גרמים,700.00,100 גרם,false,,19.90,0.0284,true,1,50938
7290002488460,false,תמר מג'הול סופר עסיס,,,תמר מג'הול סופר עסיס,גרמים,500.00,100 גרם,false,,24.90,0.0498,true,1,167832
7290002507604,false,פיצת השף מאיטליה 320 גר',האי נאם סי או אל.טי.,IT,פיצת השף מאיטליה 320,גרמים,320.00,100 גרם,false,,14.90,0.0466,true,1,100811
7290002511137,false,פטה עיזים מושבה,מחלבת המושבה,IL,פטה עיזים מושבה,קילוגרמים,1.00,"ק""ג",true,,89.90,89.9000,true,1,65572
7290002511236,false,בולגרית מעודנת מושבה,"מחלבת המושבה בע""מ",IL,בולגרית מעודנת מושבה,קילוגרמים,1.00,"ק""ג",true,,51.90,51.9000,true,1,65835
7290002511281,false,המושבה גבינת ברינזה,"מחלבת המושבה בע""מ",IL,ברינזה צאן מושבה,קילוגרמים,1.00,"ק""ג",true,,99.90,99.9000,true,1,65556
7290002511311,false,גבינת פיקורינו כבשים,,,גבינת פיקורינו כבשים,קילוגרמים,1.00,"ק""ג",true,,159.90,159.9000,true,1,65558
7290002511427,false,אצבעות שוקולד וניל מ,"מחלבת המושבה בע""מ",IL,אצבעות שוקולד וניל מ,קילוגרמים,1.00,"ק""ג",true,,69.90,69.9000,true,1,65557
7290002515364,false,"ד""ר פישר - קמיל בלו אל סבון + מילוי 500 מ""ל",פישר מעבדות פרמצבטיו,IL,קמיל בלו 500 קלא,יחידה,500.00,יחידה,false,,15.90,0.0318,true,1,46975
7290002517269,false,תבלין פלפל שחור שלם 35ג',תות ממתקי איכות,IL,פלפל שחור שלם מיכל ק,גרמים,35.00,100 גרם,false,,9.50,0.2714,true,1,30227
7290002517276,false,תבלין פלפל אנגלי שלם 25ג',תות ממתקי איכות,IL,מיכל קטן פלפל אנגלי,גרמים,25.00,100 גרם,false,,5.50,0.2200,true,1,30586
7290002517337,false,תבלין אורגנו עלים 20 גר',"תבליני טעם וריח בע""מ",IL,עשבי תיבול שקיות,גרמים,30.00,100 גרם,false,,5.90,0.1967,true,1,15860
7290002517375,false,תבלין בזיליקום 30 גר' שק',"תבליני טעם וריח בע""מ",IL,בזיליקום שקית 30 גר',גרמים,30.00,100 גרם,false,,5.90,0.1967,true,1,33689
7290002517603,false,תבלין בזיליקום מיכל 10ג',"תבליני טעם וריח בע""מ",IL,בזיליקום מיכל קטן,גרמים,10.00,100 גרם,false,,5.50,0.5500,true,1,30296
7290002517689,false,תבלין קרי 40 גרם מיכל קטן,תות ממתקי איכות,IL,אבקת קרי במיכל,גרמים,40.00,100 גרם,false,,5.50,0.1375,true,1,30490
7290002517726,false,תבלין מקלות קינמון 15ג',"תבליני טעם וריח בע""מ",IL,מקלות קינמון במיכל,גרמים,15.00,100 גרם,false,,5.50,0.3667,true,1,32599
7290002517733,false,תבלין קצח טעם וריח 4,תות ממתקי איכות,IL,קצח מיכל קטן,גרמים,40.00,100 גרם,false,,5.50,0.1375,true,1,31135
7290002517825,false,תבלין פלפל לבן טחון 40ג',"תבליני טעם וריח בע""מ",IL,פלפל לבן טחון במיכל,גרמים,40.00,100 גרם,false,,9.50,0.2375,true,1,31136
7290002517863,false,תבלין ציפורן טחון 80ג',"תבליני טעם וריח בע""מ",IL,ציפורן טחון,גרמים,40.00,100 גרם,false,,9.50,0.2375,true,1,30439
7290002542780,false,"שישייה בירה סטלה ארטואה בקבוק 330X6 מ""ל",סטלה,BE,שישיה בירה סטלה בק',מיליליטרים,1980.00,"100 מ""ל",false,,29.90,0.0151,false,1,163718
7290002542841,false,"שישייה בירה לף בלונד בקבוק 330X6 מ""ל",לף Leffe,BE,שישיית בירה לף בלונד,ליטרים,1.98,ליטר,false,,44.90,22.6768,false,1,165071
7290002542865,false,"שישייה בירה הוגרדן בקבוק 330X6 מ""ל",הוגרדן,BE,שישיית בירה הוגרדן,ליטרים,1.98,ליטר,false,,44.90,22.6768,false,1,164704
7290002543046,false,קלוגס פרוסטיס דגנים וסוכר 750ג',קלוג מנייופרטורינג א,ES,דגני קלוגס פרוסטיס 7,גרמים,750.00,100 גרם,false,,17.90,0.0239,false,1,8630
7290002543237,false,קלוגס קורן פלקס 750 גרם,קלוגס קומפני אוף גרי,DE,קורנפלקס קלוגס 750 ג,גרמים,750.00,100 גרם,false,,14.90,0.0199,false,1,8639
7290002551003,false,סטארקיסט טונה בשמן בודד 160ג',סטאר קיסט,,טונה סטארקיסט בשמן 1,גרמים,160.00,100 גרם,false,,6.60,0.0412,false,1,10214
7290002603474,false,פיצה רוטב פטריות בטעם כמהין שגב 200 גר,סוילה אס.אר.אל,IT,פוקצ'ה פטריות כמהין,גרמים,200.00,100 גרם,false,,15.90,0.0795,true,1,104651
7290002603498,false,שגב פיצת השף מאיטליה אנטיפסטי,האי נאם סי או אל.טי.,IT,פוקצ'ה אנטיפסטי שף ש,גרמים,220.00,100 גרם,false,,15.90,0.0723,true,1,104653
7290002603672,false,פסטרמה ג'מבו הוד מעד,,,פסטרמה ג'מבו הוד מעד,קילוגרמים,1.00,"ק""ג",true,,69.90,69.9000,true,1,25246
7290002605096,false,פסטרמה רומנית הוד מע,,,פסטרמה רומנית הוד מע,קילוגרמים,1.00,"ק""ג",true,,69.90,69.9000,true,1,89618
7290002612896,false,קוניאק הוד מעדן,,,קוניאק הוד מעדן,קילוגרמים,1.00,"ק""ג",true,,76.90,76.9000,true,1,25346
7290002616146,false,רוטב טריאקי עד העצם,קמיליה,,רוטב טריאקי,יחידה,350.00,יחידה,false,,21.90,0.0626,true,1,17371
7290002619758,false,איטלקי הוד מעדן,,,איטלקי הוד מעדן,קילוגרמים,1.00,"ק""ג",true,,64.90,64.9000,true,1,25347
7290002628064,false,טחון בקר בלדי קפוא 500 ג' /16 יח',יוליניבר,IL,טחון בקר בלדי קפוא 5,גרמים,500.00,100 גרם,false,,19.90,0.0398,true,1,7569
7290002628088,false,טחון הודו קפוא 500 ג,בלדי,,טחון הודו בלדי,גרמים,500.00,100 גרם,false,,9.90,0.0198,true,1,50461
7290002628248,false,שוקיים עוף קפוא בלדי,בלדי,,שוקיים עוף קפוא בלדי,קילוגרמים,1.00,"ק""ג",true,,31.90,31.9000,true,1,51281
7290002628255,false,כרעיים עוף קפוא בלדי,בלדי,,כרעיים עוף קפוא בלדי,קילוגרמים,1.00,"ק""ג",true,,28.90,28.9000,false,1,51282
7290002628293,false,טחון עוף קפוא 500 גרם,בלדי,IL,טחון עוף בלדי 500 גר,גרמים,500.00,100 גרם,false,,9.90,0.0198,true,1,50462
7290002628453,false,פילה מדומה מס' 6 קפו,בלדי,,פילה מדומה מס' 6 קפו,קילוגרמים,1.00,"ק""ג",true,,49.90,49.9000,true,1,7574
7290002628484,false,כנפיים עוף קפוא בלדי,בלדי,,כנפיים עוף קפוא בלדי,קילוגרמים,1.00,"ק""ג",true,,13.90,13.9000,true,1,51283
7290002639534,false,פסטרמה צרפתית הוד מע,,,פסטרמה צרפתית הוד מע,קילוגרמים,1.00,"ק""ג",true,,64.90,64.9000,true,1,27336
7290002651116,false,גחנון חמסי ארוז 1 קג,מעדני הטלה,IL,ג'חנון חמסי,קילוגרמים,1.00,"ק""ג",false,,15.90,15.9000,true,1,49691
7290002651123,false,מלאווח חמסי ארוז 1 ק,חמסי,IL,מלווח חמסי,קילוגרמים,1.00,"ק""ג",false,,15.90,15.9000,true,1,49692
7290002654612,false,סחלב - חלב ישראל 500 גרם,,,תערובת להכנת סחלב,גרמים,400.00,100 גרם,false,,17.50,0.0438,true,1,9902
7290002654667,false,תערובת להכנת עוגת וניל כהאנס 560ג',,,תערובת לעוגת וני,גרמים,560.00,100 גרם,false,,12.90,0.0230,true,1,55751
7290002654674,false,תערובת להכנת עוגת שוקולד כהאנס 560ג',,,תערובת לעוגת שוק,גרמים,560.00,100 גרם,false,,12.90,0.0230,true,1,51452
7290002654681,false,תערובת להכנת כדורי שוקולד 500ג',,IL,כדורי שוקולד 500,גרמים,500.00,100 גרם,false,,13.50,0.0270,true,1,53324
7290002662396,false,רוסטביף כתף הוד מעדו,,,רוסטביף כתף הוד מעדו,קילוגרמים,1.00,"ק""ג",true,,114.90,114.9000,false,1,25350
7290002674221,false,"אקווה פרש משחת שינים משאבה מנטה 100 מ""ל",גלקסו סמית קליין,GB,אקווה פרש משאבה,גרמים,100.00,100 גרם,false,,16.90,0.1690,true,1,16958
7290002674269,false,"אקווה פרש - משחת שיניים מנטה עדין 125 מ""ל",אקווה פרש,,משחת שיניים אקווה פר,גרמים,125.00,100 גרם,false,,8.90,0.0712,true,1,117563
7290002681410,false,פסטרמה נוסטלגיה מתוב,,,פסטרמה נוסטלגיה מתוב,קילוגרמים,1.00,"ק""ג",true,,69.90,69.9000,true,1,25345
7290002688532,false,ירך הודו זכר,,,ירך הודו זכר,קילוגרמים,1.00,"ק""ג",true,,57.90,57.9000,false,1,42729
7290002692393,false,שמן קנולה מועשר1 ליטר-עץ הזית,שמן תעשיות,IL,שמן קנולה ויטמין E,ליטרים,1.00,ליטר,false,,14.90,14.9000,false,1,23519
7290002692768,false,"תרסיס קנולה מופחת קלוריות 200 מ""ל עץ הזית",טרנסומס פוד איי בי,IL,תרסיס שמן קנולה,יחידה,200.00,יחידה,false,,14.90,0.0745,false,1,38561
7290002692775,false,"תרסיס שמן קנולה בטעם חמאה 200 מ""ל עץ הזית",עץ הזית,IL,תרסיס שמן טעם חמאה,מיליליטרים,200.00,"100 מ""ל",false,,14.90,0.0745,false,1,109891
7290002692782,false,"תרסיס שמן זית כתית מעולה עץ הזית 150 מ""ל",י.ב טכנולוגיות אריזה,IL,תרסיס שמן זית,יחידה,200.00,יחידה,false,,14.90,0.0745,false,1,38563
7290002707165,false,קמח 1 קג,,,קמח 1 קג,קילוגרמים,1.00,"ק""ג",false,,4.40,4.4000,false,1,168513
7290002715504,false,מרק עוף מגיק בכוס 70 גרם,טאט הוי פוד בעמ,SG,מרק מג'יק,גרמים,70.00,100 גרם,false,,5.00,0.0714,false,1,19843
7290002715511,false,מרק בשר מגיק בכוס 70 גרם,טאט הוי פוד בעמ,SG,מרק מג'יק,גרמים,70.00,100 גרם,false,,5.00,0.0714,false,1,19844
7290002715528,false,מרק ירקות מגיק בכוס 70 גרם,טאט הוי פוד בעמ,SG,מרק מג'יק,גרמים,70.00,100 גרם,false,,5.00,0.0714,false,1,19845
7290002715580,false,מרק סיני מגיק בכוס 70 גרם,טאט הוי פוד בעמ,SG,מרק מגיק,גרמים,70.00,100 גרם,false,,5.00,0.0714,false,1,19847
7290002730262,false,פלמוליב כלים שקוף קלאסי 750 בקבוק חדש,יבואן ומשווק: ש. שסט,GR,פלמוליב קריסטל,מיליליטרים,750.00,"100 מ""ל",false,,9.90,0.0132,false,1,8292
7290002730521,false,צימרוני אוזניים בלונס בקופסא 200 יח',ספטונה,GR,צמרונים 200יח,יחידה,0.00,יחידה,false,,5.90,0.0000,true,1,8466
7290002730675,false,"קולגייט משחת שיניים אדומה משפחתי 100 מ""ל",קולגייט פלמוליב,PL,משחת שיניים קולגייט,מיליליטרים,100.00,"100 מ""ל",false,,10.90,0.1090,false,1,8296
7290002730811,false,"קולגייט משחת שיניים ג'ל משפחתי 100מ""ל",הנסיך- מפעל לייצור ט,PL,משחת שיניים קולגייט,מיליליטרים,100.00,"100 מ""ל",false,,11.90,0.1190,false,1,8297
7290002730903,false,פלמוליב סבון מוצק ורדים רביעייה * 125 ג',הנסיך- מפעל לייצור ט,TR,סבון פלמוליב מוצ,גרמים,500.00,100 גרם,false,,17.00,0.0340,true,1,8299
7290002730941,false,בלונס צמר גפן פרוס 100גר',הנסיך- מפעל לייצור ט,GR,בלונס צמר גפן,גרמים,100.00,100 גרם,false,,5.90,0.0590,true,1,21927
7290002730958,false,פלמוליב סבון מוצק? ירוק זית רביעייה * 100 ג',הנסיך- מפעל לייצור ט,TR,סבון פלמוליב מוצ,גרמים,400.00,100 גרם,false,,17.00,0.0425,true,1,8302
7290002735007,false,"בצק עלים 1 ק""ג ינון",,,בצק עלים ינון,יחידה,1.00,יחידה,false,,13.90,13.9000,true,1,55238
7290002735021,false,ינון גחנון ארוז 750גר,ג'נרל מילס סאן אדריא,IL,ג'חנון ינון,גרמים,750.00,100 גרם,false,,13.90,0.0185,true,1,5697
7290002735113,false,בורקס גבינה ינון 800 גר,,,בורקס גבינה יינון,גרמים,800.00,100 גרם,false,,16.90,0.0211,true,1,34239
7290002735274,false,ינון גחנון אפוי 600 גר,ג'נרל מילס סאן אדריא,IL,ג'חנון יינון אפוי 60,גרמים,600.00,100 גרם,false,,16.90,0.0282,true,1,26648
7290002750963,false,באגט רוסטיק פילסברי,פילסברי,,באגט רוסטיק,יחידה,0.00,יחידה,false,,8.90,0.0000,true,1,97693
7290002752332,false,"סוכריות מנטוס פירות בגליל, 37.5 גרם",הדקלאים אגודת שיתופי,NL,מנטוס פירות,גרמים,37.50,100 גרם,false,,2.90,0.0773,true,1,14619
7290002752349,false,סוכריות מנטוס מנטה 40יח' בגליל 38ג',פרפטי ואן מלה,NL,מנטוס מנטה,גרמים,37.50,100 גרם,false,,2.90,0.0773,true,1,14620
7290002752493,false,רביעיה סוכריות מנטה 4* 16 ג' טיק טק,פררו,EC,טיק טק רביעיה,גרמים,64.00,100 גרם,false,,9.90,0.1547,true,1,14621
7290002753223,false,רביעייה סוכריות תפוז 4*16 ג' טיק טק,פררו,EC,טיק טק רביעיה,גרמים,64.00,100 גרם,false,,9.90,0.1547,true,1,14623
7290002753995,false,ערכת קישוטי עוגה 150 גר',היינץ צפון אמריקה מק,DE,קישוטי שוקולד,גרמים,150.00,100 גרם,false,,15.90,0.1060,true,1,14626
7290002757139,false,מלוואח 700 גר' שלושת האופים קהילות,שלושת האופים,IL,מלווח שלושת האופים,גרמים,700.00,100 גרם,false,,13.90,0.0199,true,1,119973
7290002757511,false,דלידג קציצות דג לבישול 750 גר קהילות,האי נאם סי או אל.טי.,IL,קציצות דג לבישול,גרמים,750.00,100 גרם,false,,31.90,0.0425,true,1,41067
7290002757535,false,בורקס פילו אצבעות גבינה 700 ג' שלושת האופים,שלושת האופים שגמור,IL,שלושת האופים בורקס פ,גרמים,700.00,100 גרם,false,,19.90,0.0284,true,1,41081
7290002768043,false,"תיאדנט מי-פה ענק פלאוריד 150 מ""ל",טרופיקל דגיל תעשיות,IL,מי פה ענק+פלואור,מיליליטרים,150.00,"100 מ""ל",false,,17.90,0.1193,true,1,18921
7290002768074,false,דרמופון - סבון נוזלי 1 ליטר,"אמיליה קוסמטיקס בע""מ",IL,דרמפון,ליטרים,1.00,ליטר,false,,15.90,15.9000,true,1,18922
7290002768159,false,"בת אורן סבון קצף לאמבט 500 מ""ל",פארק תעשיות עמק חפרמ,IL,בת אורן,מיליליטרים,500.00,"100 מ""ל",false,,15.90,0.0318,true,1,18923
7290002771104,false,קפה אלנח'לה עם הל 500 ג',מולינו ניקולי s.p.a,IL,קפה שחור אלנחלה 500,גרמים,500.00,100 גרם,false,,29.90,0.0598,false,1,7025
7290002771111,false,קפה עם הל 250 ג' אלנח'לה,מולינו ניקולי s.p.a,IL,קפה שחור אלנחלה עם ה,גרמים,250.00,100 גרם,false,,15.90,0.0636,false,1,7026
7290002771128,false,קפה אלנח'לה בלי הל 250 ג',מולינו ניקולי s.p.a,IL,קפה שחור אלנחלה 250,גרמים,250.00,100 גרם,false,,15.90,0.0636,true,1,7027
7290002793311,false,שירות והחלפה מילוי גז 60 סודהסטרים,סודה סטרים,IL,מילוי גז לבלון 60ליט,יחידה,0.00,יחידה,false,,56.90,0.0000,false,1,60108
7290002805151,false,סיף פנטסטיק לרצפות בניחוח סחלבים 4ל',יוניליוור ישראל טיפו,IL,שמפו לרצפות 4 לי,ליטרים,4.00,ליטר,false,,19.90,4.9750,false,1,14195
7290002808398,false,חומץתפוחי עץ טבעי 47,אולד דאץ,US,חומץ תפוחים 5%,יחידה,473.00,יחידה,false,,8.90,0.0188,true,1,23145
7290002808527,false,"חומץ תפוחים טבעי 5% אולד דאצ' 946 מ""ל",אולד דטש,US,חומץ תפוחים,ליטרים,1.00,ליטר,false,,13.90,13.9000,true,1,12888
7290002814016,false,"מסיר שומנים קר מתז סנט מוריץ 750מ""ל","קומפלקס כימיקלים בע""",IL,מסיר שומנים,מיליליטרים,750.00,"100 מ""ל",false,,14.90,0.0199,false,1,15370
7290002814023,false,"אסלונית לניקוי אסלות סנט מוריץ 800 מ""ל","קומפלקס כימיקלים בע""",IL,מבריק אסלות אסלונית,מיליליטרים,750.00,"100 מ""ל",false,,7.90,0.0105,true,1,90979
7290002814054,false,סנט מוריץ מתז אנטרטיק מתז 1 ליטר,"קומפלקס כימיקלים בע""",IL,אנטרטיק במתז 1 ליטר,ליטרים,1.00,ליטר,false,,9.90,9.9000,true,1,111442
7290002814061,false,"ניקוי חלונות סיליקון 750 מ""ל",,,סיליקון חלונות,מיליליטרים,750.00,"100 מ""ל",false,,11.00,0.0147,false,1,15371
7290002814078,false,סנט מוריץ נוזל לניקוי אמבט אנטרטיק 1ל',"קומפלקס כימיקלים בע""",IL,אנטרטיק אסלות,ליטרים,1.00,ליטר,false,,7.90,7.9000,true,1,15372
7290002814290,false,BLANCO קצף אקונומיקה מרוכז 1 ליטר בניחוח לימון,קומפלקס כימיקלים,IL,קצף מרוכז אקונומיקה,ליטרים,1.00,ליטר,false,,9.90,9.9000,true,1,164856
7290002814412,false,סנט מוריץ נוזל כלים 1.6 ליטר לימון ליים 18%,קומפלקס כימיקלים,IL,נוזל כלים 1.5 ליטר ל,ליטרים,1.50,ליטר,false,,9.90,6.6000,true,1,101263
7290002814436,false,סנט מוריץ נוזל כלים 1.6 ליטר לימון 18%,קומפלקס כימיקלים,IL,נוזל כלים 1.5 ליטר ל,ליטרים,1.50,ליטר,false,,9.90,6.6000,true,1,101266
7290002814498,false,"סנט מוריץ - מרסס חומץ לניקוי כללי 750 מ""ל",קומפלקס כימיקלים,TR,נוזל לניקוי כללי בתו,מיליליטרים,750.00,"100 מ""ל",false,,9.90,0.0132,true,1,118810
7290002814528,false,נוזל לניקוי האסלה סנט מוריץ 1 ליטר,"קומפלקס כימיקלים בע""",IL,סנט מוריץ לאסלה,ליטרים,1.00,ליטר,false,,7.00,7.0000,true,1,21778
7290002814542,false,סנט מוריץ שקיות אשפה 75*90 -25 יח',אסיר פלסט,TR,אשפתון סנט מוריץ 90*,יחידה,0.00,יחידה,false,,9.90,0.0000,true,1,117829
7290002814597,false,טורנדו נוזל לפתיחת סתימות 1 ליטר,קומפלקס כימיקלים,IL,טורנדו נוזל לפתיחת ס,ליטרים,1.00,ליטר,false,,13.90,13.9000,true,1,98798
7290002814603,false,"סנט מוריץ - מרסס מסיר שומנים קר מבושם לימון 750 מ""ל","קומפלקס כימיקלים בע""",IL,מסיר שומנים מבושם 75,מיליליטרים,750.00,"100 מ""ל",false,,11.90,0.0159,false,1,103048
7290002814665,false,סנט מוריץ - מרסס מסיר עובש 1 ליטר,קומפלקס כימיקלים,IL,מסיר עובש 1 ליטר סנט,ליטרים,1.00,ליטר,false,,9.90,9.9000,true,1,123508
7290002814719,false,נוזל רצפות סנט מוריץ אסלות מאסק 4 ליטר,קומפלקס כימיקלים,IL,נוזל רצפות 4 ליטר מא,ליטרים,4.00,ליטר,false,,13.90,3.4750,true,1,38366
7290002814870,false,"סנט מוריץ - מרסס מסיר שומנים קר מבושם לוונדר\פרחים 750 מ""ל",קומפלקס כימיקלים,IL,מסיר שומנים בניחוח פ,מיליליטרים,750.00,"100 מ""ל",false,,11.90,0.0159,true,1,110203
7290002814887,false,עלמה מגבונים לחים לרצפה 10 יחידות,,IL,מטליות לחות לניקוי ר,יחידה,0.00,יחידה,false,,9.90,0.0000,true,1,114043
7290002814894,false,קצף אקונומיקה סנט מוריץ לוונדר 1 ליטר,קומפלקס כימיקלים,IL,אקונומיקה קצף ניקוי,ליטרים,1.00,ליטר,false,,9.90,9.9000,true,1,117083
7290002814917,false,סנט מוריץ שמפו רצפות בניחוח לבנדר 4 ליטר,קומפלקס כימיקלים,IL,נוזל לניקוי רצפות 4,ליטרים,4.00,ליטר,false,,13.90,3.4750,true,1,66888
7290002814931,false,סנט מוריץ שמפו רצפות בניחוח פרחים 4 ליטר - מרכז,"קומפלקס כימיקלים בע""",IL,סנט מוריץ לרצפות,ליטרים,4.00,ליטר,false,,14.90,3.7250,true,1,43193
7290002814948,false,סנט מוריץ מגבוני דלי לרצפה 50 יחידות עם חור,קומפלקס כימיקלים,IL,מגבונים לריצפה 50 יח,יחידה,0.00,יחידה,false,,29.90,0.0000,true,1,168290
7290002814986,false,סנט מוריץ מגבונים לניקוי כללי בדלי 400 יחידות בריח לימון,קומפלקס כימיקלים,IL,מגבונים לניקוי כללי,יחידה,0.00,יחידה,false,,21.90,0.0000,true,1,167929
7290002824183,false,גבינה לבנה 5% שומן 500 ג' שטראוס,מיוצר עי קונדיטוריית,IL,גבינת סקי 5% 500 גרם,גרמים,500.00,100 גרם,false,,9.96,0.0199,false,1,7694
7290002824466,false,יוגורט דנונה ביו 0% 200 גרם,"שטראוס בריאות בע""מ",IL,דנונה טבעי 0%,מיליליטרים,200.00,"100 מ""ל",false,,3.50,0.0175,true,1,7695
7290002824640,false,גבינה שטראוס 5% 250 ג',מיוצר עי קונדיטוריית,IL,גבינה סקי 5%,גרמים,250.00,100 גרם,false,,4.98,0.0199,false,1,7697
7290002830184,false,פילה לברק קפוא במשקל.,יושלם,CN,פילה לברק 7-9,קילוגרמים,1.00,"ק""ג",true,,51.90,51.9000,true,1,60318
7290002842002,false,מורנפלייק שיבולת שועל 500 גרם הכנה מהירה,מורנינג פוד,GB,קוואקר אנגלי 500 גרם,גרמים,500.00,100 גרם,false,,11.50,0.0230,true,1,11888
7290002842163,false,טונה לבנה יולה 185 ג,יו.אס.איי וליו קו,TH,טונה יולה בשמן,גרמים,200.00,100 גרם,false,,12.90,0.0645,true,1,11892
7290002842293,false,סרדין מינרבה חריף 120 גרם,יו.אס.איי וליו קו,,סרדינים בשמן חמניות,גרמים,120.00,100 גרם,false,,6.50,0.0542,true,1,11893
7290002842309,false,סרדין מינרבה בשמן 120 גרם,יו.אס.איי וליו קו,,סרדינים מינרבה בשמן,גרמים,82.00,100 גרם,false,,6.50,0.0793,true,1,11894
7290002842415,false,פילה אנשובי אמיתי 50 גרם,יו.אס.איי וליו קו,,פילה אנשובי,גרמים,56.00,100 גרם,false,,6.90,0.1232,true,1,11895
7290002842569,false,משקה קל חמוציות,,,משקה קל חמוציות,ליטרים,1.89,ליטר,false,,21.00,11.1111,true,1,44907
7290002842699,false,יולה מיץ שזיפים יבשים 946 מל,קליפסטאר קונפוריישן,US,מיץ שזיפים יולה ללא,מיליליטרים,946.00,"100 מ""ל",false,,19.90,0.0210,true,1,118547
7290002868996,false,קוטג' 5% מועשר טרה 250ג' מהדרין,טרה,IL,קוט'ג ביו 5% טרה,גרמים,250.00,100 גרם,false,,5.90,0.0236,false,1,21531
7290002871248,false,"בירה טובורג רד חוזר 500 מ""ל",מבשלות בירה בינלאומי,IL,טובורג בירה בקבוק 50,מיליליטרים,500.00,"100 מ""ל",false,,7.60,0.0152,false,1,5891
7290002879145,false,פלרמו פלפל חלפנו פרו,,,פלרמו פלפל חלפנו פרו,גרמים,480.00,100 גרם,false,,14.90,0.0310,true,1,121830
7290002879237,false,טורטיה חטיף צ'יפס תירס צ'ילי 200ג' פלוטקין,דדוש דניאל,,טורטילה ברביקיו/צ'יל,יחידה,0.00,יחידה,false,,11.90,0.0000,true,1,55392
7290002879282,false,ציפס חטיף תירס טבעי סומבררו 200 גרם,אן. וי סנק פוד,BE,סומבררו תירס טבעי 20,גרמים,200.00,100 גרם,false,,11.90,0.0595,true,1,55222
7290002879299,false,מלפפונים גדולים בחומ,דדוש דניאל,PL,מלפפונים כבושים,גרמים,860.00,100 גרם,false,,18.90,0.0220,true,1,11907
7290002879305,false,מלפפונים קטנים בחומץ,דדוש דניאל,PL,מלפפונים קטנים ב,גרמים,680.00,100 גרם,false,,19.90,0.0293,true,1,11908
7290002879435,false,כרוב כבוש גרין ואלי,פרנצוסקה,PL,כרוב כבוש אורבנק 900,גרמים,900.00,100 גרם,false,,15.90,0.0177,true,1,11913
7290002879633,false,וופל בלגי פלוטקין 550 גרם,אן.וי ביסקוויטרי טיז,BE,וופל בלגי 550 גרם,גרמים,550.00,100 גרם,false,,22.90,0.0416,true,1,123399
7290002881261,false,"ליצ'י שלם 565 גרם ""תומר""",זהנגזהו אנגבה,CN,ליצ'י שלם בסירופ קל,גרמים,230.00,100 גרם,false,,9.40,0.0409,true,1,97352
7290002881278,false,לפתן אפרסק חצאים תומ,,,אפרסק חצאים תומר,גרמים,470.00,100 גרם,false,,9.90,0.0211,true,1,168095
7290002881407,false,נודלס אטריות ביצים דק תומר 400ג',אופאל,CN,תומר-אטריות ביצים דק,גרמים,400.00,100 גרם,false,,5.90,0.0148,true,1,65352
7290002881414,false,תומר-אטריות ביציםעבו,אופאל,CN,תומר-אטריות ביציםעבו,גרמים,400.00,100 גרם,false,,6.50,0.0163,true,1,65353
7290002881469,false,עגבניות קצוצות עם זיתים בשמן תומר 340 ג',,,עגבניות מיובשות עם ז,גרמים,200.00,100 גרם,false,,13.00,0.0650,true,1,90591
7290002881506,false,חמאת בוטנים 510 ג' תומר,,,חמאת בוטנים 510 גר',גרמים,510.00,100 גרם,false,,9.90,0.0194,true,1,93997
7290002881513,false,חמאת בוטנים עם שברי בוטנים תמר 510 גר',,,חמאת בוטנים עם שברי,גרמים,510.00,100 גרם,false,,9.90,0.0194,true,1,93992
7290002881865,false,פטריות שמפיניון חתוכות 400 ג' תומר,Prochamp B.V,,פטריות חתוכות תומר,גרמים,230.00,100 גרם,false,,4.90,0.0213,true,1,168347
7290002900313,false,פסטרמה ספרדיתטירת צבי,טירת- צבי,IL,פסטרמה ספרדית טירת צ,קילוגרמים,1.00,"ק""ג",true,,84.90,84.9000,false,1,9662
7290002900566,false,פסטרמה ברביקיו דל שומן טירת צבי 360 ג',הנסיך- מפעל לייצור ט,IL,פסטרמה ברביקיו טירת,גרמים,360.00,100 גרם,false,,31.90,0.0886,true,1,24827
7290002909569,false,דג ברבוניה פילה קפוא 400 ג',דולפין ספא,,פילה ברבונייה 400 גר,גרמים,400.00,100 גרם,false,,21.00,0.0525,true,1,92248
7290002909576,false,בשר בקר טחון לקציצות ולקבב 500 ג' 12 יח',יוליניבר,IL,בשר בקר טחון לקציצות,גרמים,500.00,100 גרם,false,,19.90,0.0398,true,1,92502
7290002909880,false,"פולי סויה - אדממה - 400 גרם (בד""ץ עדה חרדית)",ZHEJIANG,CN,פולי סויה אדממה 400,גרמים,400.00,100 גרם,false,,8.50,0.0213,true,1,97972
7290002921165,false,"הזלין ספריי לניקוי מוצרי עור 400 מ""ל",יוליניבר,DE,הזלין חלב עור,מיליליטרים,400.00,"100 מ""ל",false,,34.90,0.0872,true,1,15863
7290002921226,false,נוזל הזלין קרם לניקו,יעקובי,CH,הזלין קרם בק',יחידה,250.00,יחידה,false,,29.90,0.1196,true,1,15864
7290002921233,false,"קרבונה ניקוי יבש לכתמים שומניים 200 מ""ל",מנדלז סי.אר. פרודקשן,ES,קרבונה כתמים,גרמים,200.00,100 גרם,false,,24.90,0.1245,true,1,15865
7290002921240,false,"שמפוזר מסיר כתים משטיחים קרבונה, 650 מ""ל",קרבונה Carbona,MX,שמפוזר,מיליליטרים,650.00,"100 מ""ל",false,,28.90,0.0445,true,1,15866
7290002921332,false,סבון פלא אסטוניש מסיר כתמים 75גר,יעקובי אסטוניש,,סבון אסטוניש,גרמים,75.00,100 גרם,false,,15.90,0.2120,true,1,15867
7290002921349,false,דבק סופר גלו מארז זוגי,יעקובי סופר גלו,TR,סופר גלו,יחידה,0.00,יחידה,false,,13.90,0.0000,true,1,15868
7290002921516,false,טורבול סופג לחות,יעקובי,,טורבול סופג לחות,יחידה,340.00,יחידה,false,,31.90,0.0938,true,1,15869
7290002922117,false,עוגיות אקלר בטעמים ש,אקלר,,עוגיות בראוניס אקלר,גרמים,400.00,100 גרם,false,,23.90,0.0597,true,1,20647
7290002929512,false,שלושת האופים פלאפל 5,האי נאם סי או אל.טי.,IL,כדורי פלאפל 500 גר,גרמים,500.00,100 גרם,false,,12.90,0.0258,true,1,90804
7290002929536,false,שלושת האופים קובה למ,האי נאם סי או אל.טי.,IL,קובה למרק 600 גר,גרמים,600.00,גרם,false,,12.90,0.0215,true,1,90806
7290002929642,false,טונה וילגר בשמן רביעיה * 140 ג',דיאמנט פוד פרודקט קו,TH,טונה ויליגר בשמן 4*1,גרמים,560.00,100 גרם,false,,18.90,0.0337,false,1,67272
7290002973218,false,מחלבנה פטה יווני 400ג,סולי מאזו,HU,פטה יווני מחלבנה 400,גרמים,400.00,100 גרם,false,,18.50,0.0463,true,1,38705
7290002994794,false,חלה קלה ארוזה אגמי,מאפיית אגמי,,חלה קלה אגמי,גרמים,500.00,100 גרם,false,,13.90,0.0278,true,1,102252
7290003009183,false,"סירופ דיאט תפוחים פריגת 750 מ""ל",סירופ - גבעת חיים,IL,סירופ דיאט תפוחים 75,יחידה,750.00,יחידה,false,,22.90,0.0305,true,1,22716
7290003009312,false,בוטן קלוי קלית גת 200 ג',הדקלאים אגודת שיתופי,IL,בוטן קלוי 200 גר,גרמים,200.00,100 גרם,false,,6.90,0.0345,true,1,14627
7290003009329,false,בוטן אמריקאי קלית גת 200 ג',הדקלאים אגודת שיתופי,IL,בוטן אמריקאי 200,גרמים,200.00,100 גרם,false,,5.90,0.0295,true,1,14628
7290003009336,false,קבוקים מצופים קליית,הדקלאים אגודת שיתופי,IL,קבוקים גת 200 גר,גרמים,200.00,100 גרם,false,,5.90,0.0295,true,1,14629
7290003009596,false,"סירופ דיאט אשכוליות פריגת 750 מ""ל",סירופ - גבעת חיים,IL,סירופ דיאט אשכוליות,יחידה,750.00,יחידה,false,,22.90,0.0305,false,1,21582
7290003009640,false,מיץ סחוט תפוזים 1 ל' פריגת,פריגת מצוננים,IL,פריגת סחוט תפוז 1 לי,ליטרים,1.00,ליטר,false,,16.00,16.0000,false,1,5904
7290003011087,false,אורז בסמטי אלפאנט 1 קג,אלסקה/ טילדה,IN,"אורז בסמטי 1 ק""ג",קילוגרמים,1.00,"ק""ג",false,,9.90,9.9000,true,1,57353
7290003015634,false,ריצפז פרש פסיפלורה 2 ליטר,סנו ריצפז,IL,ריצפז פרש פסיפלורה 2,ליטרים,2.00,ליטר,false,,17.90,8.9500,false,1,25522
7290003015641,false,סנו ריצפז פרש 2 ליטר יסמין,סנו ריצפז,IL,ריצפז פרש יסמין 2 לי,ליטרים,2.00,ליטר,false,,17.90,8.9500,false,1,25462
7290003015917,false,סנומט רולון דוחה יתוש אישי עם אלוורה 50מ,סנומט,,סנומט מגן רול און,יחידה,50.00,יחידה,false,,19.90,0.3980,true,1,22984
7290003026029,false,"ד""ר פישר - קמיל בלו סנסיטיב שמפו אלדמע 500 מ""ל","ד""ר פישר Dr fischer",IL,קמיל בלו שמפו צהוב ס,יחידה,500.00,יחידה,false,,17.90,0.0358,true,1,23930
7290003026036,false,"ד""ר פישר - קמיל בלו סנסיטיב אל סבון עדין לתינוק 1 ליטר","ד""ר פישר Dr fischer",IL,קמיל בלו סנסיטיב ורו,ליטרים,1.00,ליטר,false,,29.90,29.9000,true,1,11791
7290003026234,false,"ד""ר פישר - קמיל בלו תחליב לתינוק 500 מ""ל",פישר מעבדות פרמצבטיו,IL,קמיל תחליב לתינוק הי,יחידה,500.00,יחידה,false,,29.90,0.0598,true,1,21691
7290003026319,false,קמיל בלו סנסטיב משחה לתינוק 120 גרם,"ד""ר פישר Dr fischer",IL,משחה לתינוק דר' פישר,גרמים,120.00,100 גרם,false,,19.90,0.1658,true,1,46976
7290003029181,false,משקה יטבתה שוקו' בקבוק 1ל מהדרין,שטראוס גרופ,IL,שוקו 2% - 1 ליטר,ליטרים,1.00,ליטר,false,,11.80,11.8000,false,1,7709
7290003029372,false,משקה חלב בננה בקבוק 1ל' יוטבתה,שטראוס גרופ,IL,משקה חלב בננה 2% - 1,ליטרים,1.00,ליטר,false,,11.80,11.8000,false,1,7714
7290003029389,false,"משקה חלב בננה פקק ספורט 250 מ""ל יוטבתה",שטראוס גרופ,IL,משקה חלב בננה 2%,מיליליטרים,250.00,"100 מ""ל",false,,5.20,0.0208,true,1,7715
7290003029433,false,"משקה יטבתה שוקו פקק 250 מ""ל מהדרין",שטראוס גרופ,IL,שוקו יטבתה בקבוק 2%,מיליליטרים,250.00,"100 מ""ל",false,,5.20,0.0208,true,1,7719
7290003029532,false,מוקה בקבוק 1 ל' יוטבתה,שטראוס גרופ,IL,מוקה יטבתה 2% - 1 לי,ליטרים,1.00,ליטר,false,,11.80,11.8000,false,1,7725
7290003029792,false,"משקה יטבתה שוקו שקיות מהדרין מארז 225X8מ""ל",שטראוס גרופ,IL,שוקו מארז שמינייה 2%,ליטרים,1.80,ליטר,false,,19.90,11.0556,false,1,21558
7290003029815,false,חלב יוטבתה מועשר 3% בכד 2ל',שטראוס גרופ,IL,חלב יטבתה 3% - 2 ליט,ליטרים,2.00,ליטר,false,,15.20,7.6000,false,1,22198
7290003029907,false,משקה יטבתה אייס קפה 1ליטר,שטראוס גרופ,IL,קפה יטבתה 2% 1 ליטר,ליטרים,1.00,ליטר,false,,11.80,11.8000,false,1,24590
7290003054060,false,אבקת חרדל קולמנס אנגלי 113 גרם,,,אבקת חרדל קולמנס,גרמים,113.00,100 גרם,false,,24.90,0.2204,true,1,11954
7290003054183,false,מסטמכר לחם שיפון מלא 500ג,מרום את קונפינו,DE,לחם שיפון מלא,גרמים,500.00,100 גרם,false,,13.20,0.0264,true,1,11958
7290003054190,false,מסטמכר לחם שיפון עם שלושה דגנים 500ג,מרום את קונפינו,DE,לחם שיפון,גרמים,500.00,100 גרם,false,,13.20,0.0264,true,1,11959
7290003054206,false,מסטמכר לחם שיפון עם זרעי חמניות 500ג,מרום את קונפינו,DE,לחם שיפון,גרמים,500.00,100 גרם,false,,13.20,0.0264,true,1,11960
7290003054213,false,מסטמכר לחם שיפון כפרי 500ג,מרום את קונפינו,DE,לחם שיפון,גרמים,500.00,100 גרם,false,,13.20,0.0264,true,1,11961
7290003054220,false,מסטמכר לחם שיפון פומפרניקל 500ג,מסטמאכר ג'.אמ.בי.הי,DE,לחם שיפון פומפרנ,גרמים,500.00,100 גרם,false,,13.20,0.0264,true,1,11962
7290003054725,false,חרדל אנגלי קולמנט 100 גרם,,,חרדל אנגלי,גרמים,100.00,100 גרם,false,,12.50,0.1250,true,1,11970
7290003069590,false,פילה סול ארוז קפוא 1,דאליאן גואופו אקאטיק,CN,סול ארוז,יחידה,1.00,יחידה,false,,37.90,37.9000,true,1,52944
7290003072804,false,פסטרמה של פעם טירת צ,טירת- צבי,IL,פסטרמה של פעם 200 גר,גרמים,200.00,100 גרם,false,,24.90,0.1245,true,1,112826
7290003072859,false,רוסטביף כתף בקר צלוי,הנסיך- מפעל לייצור ט,IL,רוסטביף 120 גר' טירת,גרמים,120.00,100 גרם,false,,26.90,0.2242,true,1,115344
7290003078042,false,פרג אריסה חריפה 50ג,תבליני הדור השלישי,IL,אריסה פרג,גרמים,250.00,100 גרם,false,,15.90,0.0636,true,1,49350
7290003078066,false,שום כתוש פרג 250 גרם,תבליני הדור השלישי,IL,שום כתוש,גרמים,250.00,100 גרם,false,,15.90,0.0636,true,1,48344
7290003078516,false,פלפל צומה פרג 250 גר,תבליני הדור השלישי,IL,פלפל צ'ומה פרג,גרמים,250.00,100 גרם,false,,15.90,0.0636,true,1,48345
7290003078554,false,תיבול לשניצל מקסיקני שקית 400 גר,תבליני הדור השלישי,IL,פרג-תיבול שניצל מקסי,גרמים,400.00,100 גרם,false,,15.90,0.0398,true,1,43273
7290003078561,false,תיבול לשניצל אמריקאי שקית 400גר,תבליני הדור השלישי,IL,פרג-תיבול לשניצל אמר,גרמים,400.00,100 גרם,false,,15.90,0.0398,true,1,44108
7290003078738,false,לימון בלאדי פרג 250,תבליני הדור השלישי,IL,לימון כבוש פרג,גרמים,250.00,100 גרם,false,,15.90,0.0636,true,1,48341
7290003094585,false,קוויאר אדום גולד 90,,,קוויאר אדום גולד 90,גרמים,90.00,100 גרם,false,,35.90,0.3989,true,1,118620
7290003102396,false,אטבי כביסה ג'מבו 10 יח',,,אטבי כביסה,יחידה,0.00,יחידה,false,,2.90,0.0000,true,1,164004
7290003121083,false,מגיק טעם בשר שקית 85,טאט הוי פוד בעמ,SG,מג'יק בשר שקית,גרמים,85.00,100 גרם,false,,2.80,0.0329,true,1,19852
7290003121090,false,תבשיל מרק בשקית ירק,זנטי אס. אי לאלין,SG,מג'יק ירקות שקית,גרמים,85.00,100 גרם,false,,2.80,0.0329,false,1,19853
7290003121106,false,תבשיל מרק בשקית עוף,"טאט פוד הוי בע""מ",SG,מג'יק עוף שקית,גרמים,85.00,100 גרם,false,,2.80,0.0329,true,1,19854
7290003126712,false,"משק צוריאל יוגורט עיזים 3% ביו 140מ""ל",מחלבת משק צוריאל,IL,יוגורט עיזים מחלב מל,מיליליטרים,140.00,"100 מ""ל",false,,6.20,0.0443,true,1,30124
7290003126958,false,טופו גבינה גוש בואקום צוריאל 300 ג',א.י.ן תעשיות מזון בע,IL,טופו צוריאל 9%,גרמים,300.00,100 גרם,false,,12.00,0.0400,true,1,14957
7290003130399,false,מברשת שיניים לילדים חיות אקווה פרש,גלקסו סמית קליין,IN,מברשת שיניים אקו,יחידה,0.00,יחידה,false,,9.90,0.0000,true,1,58317
7290003140237,false,סילאן לחיץ קליית גת 360 גרם,ליימן מותגים,IL,סילאן לחיץ 360 גר' ק,גרמים,360.00,100 גרם,false,,11.90,0.0331,true,1,68856
7290003141159,false,יוגטה מרשמלו תות וניל 180 גרם,מוטקה החולב,IL,מרשמלו יוגטה,יחידה,0.00,יחידה,false,,8.50,0.0000,true,1,57653
7290003142361,false,הוטפופ מתוק/מלוח 5 שקיות 500 ג',הוט פופ,US,הוטפופ מתוק מלוח,גרמים,500.00,100 גרם,false,,15.00,0.0300,true,1,114231
7290003142477,false,ערמונים קלופים וקלויים 100 גרם,הדקלאים אגודת שיתופי,IL,ערמונים קלופים וקלוי,גרמים,100.00,100 גרם,false,,6.40,0.0640,true,1,56183
7290003143139,false,סילאן תמרים קלית גת 900 ג',"טעמי הגליל בע""מ",IL,סילאן קליית גת 900 ג,גרמים,900.00,100 גרם,false,,14.90,0.0166,true,1,52463
7290003143146,false,ממרח תמרים קליית גת 450 גרם,הדקלאים אגודת שיתופי,IL,ממרח תמרים קליית גת,גרמים,450.00,100 גרם,false,,6.00,0.0133,true,1,52464
7290003143276,false,יוגטה מרשמלו מגולגל( 18בקר'),תות ממתקי איכות,IL,מרשמלו רול 180 גר' י,גרמים,180.00,100 גרם,false,,8.50,0.0472,true,1,63008
7290003143337,false,סילאן טבעי קליית גת 350 גרם בקבוק לחיץ,ליימן מותגים,IL,סילאן טבעי לחיץ 350,גרמים,350.00,100 גרם,false,,14.50,0.0414,false,1,63976
7290003144310,false,תערובת אגוזים וחמוציות קליית גת 150 גרם,ליימן מותגים,IL,תערובת אגוזים וחמוצי,גרמים,150.00,100 גרם,false,,16.50,0.1100,true,1,92534
7290003144419,false,סילאן טבעי קליית גת 710 גרם,ליימן מותגים,IL,סילאן טבעי קליית גת,גרמים,710.00,100 גרם,false,,22.90,0.0323,true,1,93022
7290003145751,false,קשיו קלוי קליית גת 200 גר,הדקלאים אגודת שיתופי,IL,קשיו קלוי 200 גר',גרמים,200.00,100 גרם,false,,18.00,0.0900,true,1,38975
7290003145782,false,צנוברים קלופים 100 ג,הדקלאים אגודת שיתופי,IL,צנובר טבעי 100ג',גרמים,100.00,100 גרם,false,,23.90,0.2390,true,1,42278
7290003145959,false,פקאן טבעי 150 גרם קליית גת,ליימן מותגים,IL,פקאן טבעי 150גר גת,גרמים,150.00,100 גרם,false,,18.90,0.1260,true,1,35833
7290003208579,false,וודקה גריי גוס 1 ליטר,,,וודקה גריי גוס 1ל,ליטרים,1.00,ליטר,false,,145.00,145.0000,false,1,65205
7290003208586,false,"וורמוט מרטיני לבן 750 מ""ל",מרטיני ורוסי,IT,מרטיני ביאנקו,מיליליטרים,750.00,"100 מ""ל",false,,44.90,0.0599,true,1,44640
7290003208609,false,"וורמוט מרטיני אדום מתוק 750 מ""ל",מרטיני ורוסי,IT,מרטיני רוסו,יחידה,750.00,יחידה,false,,44.90,0.0599,true,1,44641
7290003219766,false,שלישית מילוי טורבול,יעקובי,,שלישית מילוי טור,ליטרים,1.02,ליטר,false,,34.90,34.2157,true,1,15872
7290003222094,false,מארז פיתות ביס עבודת,מאפיית טעמי הכפר,IL,פיתה ביס,יחידה,0.00,יחידה,false,,11.90,0.0000,true,1,96667
7290003222742,false,מארז 10 פיתות תמניות,מאפיית המכבים,IL,פיתות עבודת יד,גרמים,500.00,100 גרם,false,,11.90,0.0238,true,1,39961
7290003222797,false,פיתות כוסמין המכבים,מאפיית המכבים,IL,פיתות מקמח כוסמין 10,גרמים,600.00,100 גרם,false,,13.50,0.0225,true,1,100251
7290003227402,false,מידנייט תחליב גוף 275 מל,General,,קרם גוף מיד נייט,מיליליטרים,400.00,"100 מ""ל",false,,28.90,0.0722,true,1,30734
7290003229109,false,פסטרמה בפפריקה 400 גרםטירת צבי,הנסיך- מפעל לייצור ט,IL,פסטרמה בפפריקה,גרמים,400.00,100 גרם,false,,31.90,0.0797,true,1,9667
7290003229116,false,פסטרמה בדבש 400 גרםטירת צבי,הנסיך- מפעל לייצור ט,IL,פסטרמה בדבש טירת,גרמים,400.00,100 גרם,false,,31.90,0.0797,true,1,9668
7290003229123,false,פסטרמה על גחלים 400 גרםטירת צבי,הנסיך- מפעל לייצור ט,IL,פסטרמה גחלים טיר,גרמים,400.00,100 גרם,false,,31.90,0.0797,true,1,9669
7290003229147,false,נקניק סלמי איטלקי טירת צבי 300 ג',הנסיך- מפעל לייצור ט,IL,סלמי איטלקי 300,גרמים,300.00,100 גרם,false,,31.90,0.1063,true,1,9671
7290003229154,false,סלמי קוניאק מובחר טירת צבי 300 ג',הנסיך- מפעל לייצור ט,IL,סלמי קוניאק 300,גרמים,300.00,100 גרם,false,,31.90,0.1063,true,1,9672
7290003229192,false,כתף בקר מעושן טירת צבי 400 ג' צבי,טיב טירת צבי 2000,IL,א.מ. כתף בקר מעושן 4,גרמים,400.00,100 גרם,false,,31.90,0.0797,true,1,9676
7290003229208,false,פסטרמה ספרדית 2% טירת צבי 360 ג',טירת- צבי,IL,פסטרמה ספרדית 360 גר,גרמים,360.00,100 גרם,false,,31.90,0.0886,true,1,22735
7290003229222,false,סלמי תה משובח 300 גרטירת צבי,הנסיך- מפעל לייצור ט,IL,סלמי תה טירת צבי,גרמים,300.00,100 גרם,false,,23.90,0.0797,true,1,46390
7290003287055,false,שיפודי פרגיות בלדי ק,בלדי,IL,שיפודי פרגיות בלדי ק,גרמים,500.00,100 גרם,false,,42.90,0.0858,true,1,50923
7290003287253,false,נקנקיות מרגז בלאדי 500 ג',קרלו,IL,מרגז בלדי קצביה ארוז,גרמים,500.00,100 גרם,false,,26.90,0.0538,true,1,52080
7290003287260,false,נקניקיות צ'וריסוס ארוז קפוא בלדי 600 ג',בלדי,IL,צ'וריסוס קצביה בלדי,גרמים,600.00,100 גרם,false,,26.90,0.0448,false,1,52374
7290003287284,false,קבב ביתי קצביה ארוז 600 ג' - 8 יח',בלדי,IL,קבב ביתי קצביה ארוז,גרמים,600.00,100 גרם,false,,26.90,0.0448,false,1,52068
7290003287314,false,קבב על מקל קינמון קצביה ארוז 520 ג' - 8 יח',בלדי,,קבב על מקל קינמון קצ,גרמים,520.00,100 גרם,false,,25.90,0.0498,true,1,105434
7290003287956,false,בלדי פילה לברק יפני 5-7 בוואקום,בלדי פרטי,,פילה לברק 5-7 בוואקו,קילוגרמים,1.00,"ק""ג",true,,43.90,43.9000,true,1,66572
7290003318100,false,וופל בטעם שוקולד מנעמים 200 ג',מנעמים תעשיות מזון,IL,וופל שוקולד 200,גרמים,250.00,100 גרם,false,,3.50,0.0140,false,1,9372
7290003318131,false,ופל קלאסיק אגוז 200 גרם מנעמים,מנעמים תעשיות מזון,IL,ופל מנעמים אגוזים,גרמים,200.00,100 גרם,false,,3.50,0.0175,false,1,41897
7290003318155,false,וופל טעם לימון מנעמים 200 ג',מנעמים תעשיות מזון,IL,וופל לימון 200 גר,גרמים,250.00,100 גרם,false,,3.50,0.0140,false,1,9373
7290003321155,false,יוגורט בר עם פקאן מצופה שוקולד 183 ג' דנונה,"שטראוס בריאות בע""מ",IL,דנונה קראנצ' שבבי פק,מיליליטרים,175.00,"100 מ""ל",false,,4.60,0.0263,false,1,7738
7290003332007,false,קפה נחלה סובחי 250ג,סובחי נחלה ובניו,,קפה נח'לה אדום 250 ג,גרמים,250.00,100 גרם,false,,13.90,0.0556,true,1,57392
7290003332014,false,קפה נחלה אדום עם הל,קפה נחלה,IL,קפה נח'לה אדום 500 ג,גרמים,500.00,100 גרם,false,,26.90,0.0538,true,1,166990
7290003364107,false,צעצועים שונים 7,General,,צעצועי דורון,יחידה,0.00,יחידה,false,,39.90,0.0000,true,1,46585
7290003364978,false,בייבליידס בקופסה.,,CN,בייבליידס בקופסה.,יחידה,0.00,יחידה,false,,49.90,0.0000,true,1,164627
7290003385881,false,במיה ברוטב עגבניות 600 ג' פרי הגליל,פרי הגליל,IL,במיה ברוטב עגבני,גרמים,600.00,100 גרם,false,,9.90,0.0165,true,1,22989
7290003387205,false,ספיד סטיק - דאודורנט סטיק לגבר רגולר,הנסיך- מפעל לייצור ט,US,ספיד סטיק,גרמים,63.00,100 גרם,false,,19.90,0.3159,false,1,8304
7290003387373,false,ספיד סטיק דאודורנט לגבר- פרש ספורט טלק,הנסיך- מפעל לייצור ט,US,ספיד סטיק סטיק,גרמים,70.00,100 גרם,false,,19.90,0.2843,true,1,8306
7290003387410,false,בלונס פדים להסרת איפור שלישייה,SEPTONA S.A.,GR,בלונס מסיר איפור שלש,יחידה,0.00,יחידה,false,,21.90,0.0000,true,1,8471
7290003400500,false,חטיף הרשי ריזס נאטרייגיס 47 גרם,ליימן מותגים,US,חטיף נאטרייג'ס קרמל,גרמים,47.00,100 גרם,false,,4.50,0.0957,true,1,63350
7290003401369,false,"קרם לחות ועיצוב לשיער חוחובה נטורל 400 מ""ל",מיוצר עי אמיליה קוסמ,IL,קרם לחות ועיצוב לשיע,מיליליטרים,400.00,"100 מ""ל",false,,22.90,0.0572,true,1,18927
7290003401376,false,"קרם לחות ועיצוב לשיער אלוורה נטורל 400 מ""ל",מיוצר עי אמיליה קוסמ,IL,קרם לחות ועיצוב לשיע,מיליליטרים,400.00,"100 מ""ל",false,,22.90,0.0572,true,1,18928
7290003402809,false,חטיף הרשי ריזס שוקולד לבן 39 גר,ליימן מותגים,US,ריזס לבן 39 גר',גרמים,39.00,100 גרם,false,,4.50,0.1154,true,1,110739
7290003411054,false,שקיות צליה גדול דליקטס רוסטי הנמל 5יח`,סאדאת איסטנבול,TR,שקיות לצליה גדול- 5,יחידה,0.00,יחידה,false,,4.60,0.0000,true,1,54269
7290003411238,false,שמרים יבשים נמסים הנ,ברוגמאן גנט,BE,שמרים נמסים 500 גר,גרמים,500.00,100 גרם,false,,13.90,0.0278,true,1,19402
7290003411313,false,הנמל מפה מבד לא ארוג 180*120,שיווק: הנמל אריזות ו,IL,מפות חד פעמי,גרמים,100.00,100 גרם,false,,6.50,0.0650,false,1,56058
7290003411405,false,נר נשמה להבית 24 שעות,מיוצר בסין.יבוא ושיו,CN,נר נשמה 24 שעות בפח,יחידה,0.00,יחידה,false,,1.80,0.0000,true,1,99772
7290003411566,false,צמרוני אזניים עץ הנמ,שוורצקוף& הנקל דיסלד,CN,קיסמי אזניים 200 יח,יחידה,0.00,יחידה,false,,2.30,0.0000,true,1,101090
7290003411573,false,צלחות עמוקות לבן 30 יחידות,אריזות מדף - פלזית,IL,צלחות עמוקות- 30 יח',יחידה,0.00,יחידה,false,,16.90,0.0000,true,1,19409
7290003411689,false,ליפתניות לבן 25 יחידות,הנמל אריזות ושיווק ב,IL,צלחות ליפתן 25 יח',יחידה,0.00,יחידה,false,,4.80,0.0000,true,1,19411
7290003411696,false,"מרקיות לבן ח""פ הנמל 25 יח'",פלסטכים תורכיה,IL,סט מרקיות 25 יח,יחידה,0.00,יחידה,false,,8.90,0.0000,true,1,19412
7290003411702,false,חומוס ענק 500 גר`,יבוא ושיווק: הנמל אר,IL,חומוס ענק,גרמים,500.00,100 גרם,false,,8.90,0.0178,true,1,19413
7290003411726,false,קיסמי שיניים מלחיה הנמל 300יח',הנמל אריזות ושיווק ב,IL,קיסמי שיניים הנמ,יחידה,0.00,יחידה,false,,3.90,0.0000,true,1,19414
7290003411832,false,גרנולה אגוזים 400 ג' הנמל,הנמל/ שבולת בשדה,IL,גרנולה אגוזים 400 גר,גרמים,400.00,100 גרם,false,,11.90,0.0298,true,1,19417
7290003411849,false,גרנולה תמרים ושקדים 400 ג',הנמל/ שבולת בשדה,IL,גרנולה תמרים 400 גרם,גרמים,400.00,100 גרם,false,,11.90,0.0298,true,1,19418
7290003411948,false,צמר גפן הנמל 100 גרם,הנמל,TR,צמר גפן 100 גר הנמל,גרמים,100.00,100 גרם,false,,4.50,0.0450,true,1,59432
7290003411993,false,גפרורים הנמל 10 יחיד,"איטיליאן פוד, אס.פי.",SE,גפרורים,יחידה,0.00,יחידה,false,,2.60,0.0000,true,1,27804
7290003414406,false,הרשי ריזס נטיפי אפייה בוטנים 283 גר',ליימן מותגים,,ריזס נטיפים לאפייה,גרמים,283.00,100 גרם,false,,13.90,0.0491,true,1,90425
7290003423909,false,חטיף הרשי קוקיס קרם לבן 43 גרם,ליימן מותגים,US,חטיף קוקיז אנד קרים,יחידה,0.00,יחידה,false,,4.50,0.0000,true,1,11987
7290003427154,false,"שמן זית כתית מעולה מעודן זיתא 750 מ""ל",זיתא – י.ט.ב תעשיות,IL,"שמן זית זיתא 750 מ""ל",יחידה,750.00,יחידה,false,,32.90,0.0439,false,1,22216
7290003434657,false,אשכולות אגוזי לוז חמ,הום מייד,IL,אשכולות אגוזי לוז חמ,גרמים,120.00,100 גרם,false,,12.90,0.1075,true,1,121871
7290003438006,false,ממרח אולביה פסטו וצנובר איטלקי 190ג',מיוצר עי קונדיטוריית,IL,ממרח פסטו,גרמים,190.00,100 גרם,false,,13.90,0.0732,true,1,8892
7290003438013,false,ממרח זיתים ירוקים אוליביה 190 גרם,אוליביה,IL,ממרח זיתים,גרמים,190.00,100 גרם,false,,13.90,0.0732,true,1,8893
7290003438020,false,ממרח עגבניות מיובשות אוליביה 190 גר,מיוצר עי קונדיטוריית,IL,ממרח עגבניות,גרמים,190.00,100 גרם,false,,13.90,0.0732,true,1,8894
7290003438709,false,ממרח אולביה זיתים שחורים וירוקים 190 ג',גוד פוד פרודקטס S.p,IL,ממרח זיתים שחורים,גרמים,190.00,100 גרם,false,,13.90,0.0732,true,1,8898
7290003438853,false,אוליביה ממרח אריסה חריפה 185 גר ',אוליביה,IL,אריסה חריפה 185 גר',גרמים,185.00,100 גרם,false,,13.90,0.0751,true,1,90628
7290003438990,false,עיטורי עגבניות מיובשות וזיתים אוליביה 280 ג',אוליביה גורמה בעמ,IL,עיטורי עגבניות מיובש,גרמים,220.00,100 גרם,false,,19.90,0.0905,true,1,8903
7290003444009,false,חטיף הרשי ריזס שוקולד חלב 42 גר,ליימן מותגים,US,ריזס שוקולד חלב הרשי,גרמים,42.00,100 גרם,false,,4.50,0.1071,true,1,52256
7290003450602,false,חרדל אמיתי צהוב בקבוק לחיץ 255 גר,היינץ צפון אמריקה מק,US,חרדל אמיתי היינץ,גרמים,255.00,100 גרם,false,,9.90,0.0388,true,1,18118
7290003450725,false,חומץ היינץ בן יין אד,ה.י.היינץ קומפני ל.פ,US,חומץ בן יין,יחידה,355.00,יחידה,false,,11.90,0.0335,true,1,18121
7290003457861,false,סולרו פירות טרופיים פסח 30,"מיוצר ע""י גלידת שטרא",IL,קרטיב סולרו,יחידה,0.00,יחידה,false,,8.90,0.0000,true,1,8114
7290003457991,false,טילון קורנטו וניל עם וופל ואגוזי לוז מסוכרים,"גלידת שטראוס בע""מ, ר",IL,מאגדת קורנטו קלאסיק,יח',6.00,יח',false,,34.90,5.8167,true,1,8119
7290003462612,false,עלי וון טון,,,עלי וון טון,גרמים,250.00,100 גרם,false,,17.90,0.0716,true,1,121035
7290003462629,false,עלי גיוזה,,,עלי גיוזה,גרמים,250.00,100 גרם,false,,17.90,0.0716,true,1,68272
7290003462681,false,אגרול במילוי עוף,,,אגרול במילוי עוף,גרמים,340.00,100 גרם,false,,34.90,0.1026,true,1,121036
7290003462728,false,דים סאם במילוי ירקות,,,דים סאם במילוי ירקות,גרמים,340.00,100 גרם,false,,34.90,0.1026,true,1,121037
7290003514007,false,מנה שקדי מרק מנה 400 גרם,מנה Mana,IL,שקדי מרק מנה,גרמים,400.00,100 גרם,false,,8.90,0.0223,false,1,54574
7290003520572,false,מטריות חרובים שקית בודד (בשרוול 6 שקיות),תופינית,,מארז שש מטריות משוקו,גרמים,45.00,100 גרם,false,,15.90,0.3533,true,1,55892
7290003521074,false,"ד""ר פישר - סרקל מרכך שיער לילדים 1 ליטר",הדקלאים אגודת שיתופי,IL,מרכך סרקל,ליטרים,1.00,ליטר,false,,27.90,27.9000,true,1,11795
7290003521081,false,"ד""ר פישר - סרקל שמפו לילדים 1 ליטר","ד""ר פישר Dr fischer",IL,סרקל שמפו 1 ליטר,ליטרים,1.00,ליטר,false,,27.90,27.9000,true,1,11796
7290003521166,false,"ד""ר פישר - סרקל קרם רוזמרין לילדים 325 מ""ל","ד""ר פישר Dr fischer",IL,סרקל קרם שיער רו,גרמים,325.00,100 גרם,false,,26.90,0.0828,true,1,11797
7290003521197,false,"ד""ר פישר - סרקל תרסיס מתיר קשרים 340 מ""ל",פישר מעבדות פרמצבטיו,IL,סרקל ספריי,מיליליטרים,340.00,"100 מ""ל",false,,26.90,0.0791,true,1,11798
7290003524297,false,אספרגוס שלם לבן בצנצ,צ'אמפהאוס טרידייג קו,CN,אספרגוס לבן שלם 330,גרמים,330.00,100 גרם,false,,9.90,0.0300,true,1,19877
7290003525478,false,סלט טונה ויליגר 160 גרם,"ויליגר, תעשיות בע""מ",IL,סלט טונה ויליגר 160,גרמים,160.00,100 גרם,false,,5.20,0.0325,false,1,19889
7290003527380,false,דובדובן ללא חרצן 680 ג',גולדסטארקפט,,דבדבן מתוק ללא חרצני,יחידה,680.00,יחידה,false,,8.90,0.0131,true,1,56239
7290003550753,false,טונה פוסידון בשמן רביעיה *108 ג',"מיוצר עי וליגר בעמ,",IL,רביעייה טונה פוסידון,גרמים,432.00,100 גרם,false,,21.00,0.0486,false,1,38934
7290003570164,false,מינוט שווארמה פרגית 300 גרם / 20 יחידות,"בלדי בע""מ",IL,מינוט שווארמה פרגית,גרמים,300.00,100 גרם,false,,29.90,0.0997,true,1,106130
7290003570171,false,מינוט שניצל 300 גרם / 20 יחידות,,,מינוט שניצל 300 גר',גרמים,300.00,100 גרם,false,,23.90,0.0797,true,1,106131
7290003571550,false,סטייק טונה אלבקור וואקום בדץ,,,סטייק טונה בוואקום ב,קילוגרמים,1.00,"ק""ג",true,,45.90,45.9000,true,1,103874
7290003578313,false,דובדבנים חמוצים ללא חרצנים 680גר,דל מונטה היילס אס.אי,HR,דובדבן חמוץ ללא חרצנ,גרמים,680.00,100 גרם,false,,9.90,0.0146,true,1,29037
7290003598014,false,כבד אווז בלדי,,,כבד אווז בלדי,קילוגרמים,1.00,"ק""ג",true,,460.00,460.0000,false,1,106260
7290003598038,false,כבד אווז ארוז,,,כבד אווז ארוז,קילוגרמים,1.00,"ק""ג",true,,460.00,460.0000,false,1,104577
7290003598311,false,מינוט סטייק חלק ריאה 300 ג',בלדי,IL,מינוט סטייק 300 גר',יחידה,0.00,יחידה,false,,26.90,0.0000,true,1,102622
7290003598472,false,מנות פילה סלמון נורבגי.,לאטי עזרא,NO,פילה סלמון מנות נורב,קילוגרמים,1.00,"ק""ג",true,,84.90,84.9000,true,1,102472
7290003643004,false,"אורז בסמטי קלאסי 1 ק""ג סוגת",האי נאם סי או אל.טי.,IL,אורז בסמטי קלאסי 1 ק,גרמים,1.00,גרם,false,,12.90,12.9000,false,1,10252
7290003643134,false,סוגת סוכר וניל 10 יח*10 גרם,גוד פוד פרודקטס S.p,IL,סוכר וניל סוגת,גרמים,100.00,100 גרם,false,,2.80,0.0280,false,1,38962
7290003643158,false,קורנפלור 200 גר סוגת,המאפיה של הרמן,IL,קורנפלור 200 גר,גרמים,200.00,100 גרם,false,,3.30,0.0165,true,1,50117
7290003643165,false,קורנפלור 500 גר סוגת,"י. כהן בע""מ",,קורנפלור 500 גר,גרמים,500.00,100 גרם,false,,5.90,0.0118,true,1,52583
7290003643172,false,אבקת סוכר 100 ג' סוגת,א.ל ייצור ושיווק תבל,IL,אבקת סוכר 100 גר,גרמים,100.00,100 גרם,false,,2.20,0.0220,false,1,32967
7290003643387,false,"סוכר לבן בצנצנת 1 ק""ג סוגת",האי נאם סי או אל.טי.,IL,סוכר לבן צנצנת,יחידה,1.00,יחידה,false,,8.40,8.4000,false,1,10257
7290003643646,false,"סוכר דמררה קלאסי בצנצנת סוגת 1 ק""ג",האי נאם סי או אל.טי.,IL,סוכר דמררה צנצנת,גרמים,1.00,100 גרם,false,,11.90,11.9000,false,1,10261
7290003643684,false,אפונה יבשה סוגת 500 גר',האי נאם סי או אל.טי.,IL,אפונה יבשה 500,גרמים,500.00,100 גרם,false,,6.50,0.0130,true,1,10262
7290003643707,false,סוגת גריסים 500 גרם,"סוגת תעשיות בע""מ",IL,גריסים 500,גרמים,500.00,100 גרם,false,,4.90,0.0098,false,1,10264
7290003643714,false,סוגת חומוס 500 גרם,האי נאם סי או אל.טי.,IL,חומוס 500 סוגת,גרמים,500.00,100 גרם,false,,7.90,0.0158,true,1,10265
7290003643738,false,סוגת חיטה 500 גרם,האי נאם סי או אל.טי.,IL,חיטה יבשה 500,גרמים,500.00,100 גרם,false,,4.90,0.0098,false,1,10266
7290003643745,false,סוגת כוסמת 500 גרם,האי נאם סי או אל.טי.,IL,כוסמת סוגת,גרמים,500.00,100 גרם,false,,7.90,0.0158,true,1,10267
7290003643752,false,עדשים ירוקים יבש סוגת 500 גר',האי נאם סי או אל.טי.,IL,עדשים ירוקים,גרמים,500.00,100 גרם,false,,7.90,0.0158,true,1,10268
7290003643769,false,עדשים אדומים יבש סוגת 500 גר',"סוגת תעשיות בע""מ",IL,עדשים אדומים,גרמים,500.00,100 גרם,false,,7.90,0.0158,true,1,10269
7290003643776,false,"פופקורן גרעינים סוגת 500 ג' כשל""פ",האי נאם סי או אל.טי.,IL,פופקורן 500 גר,גרמים,500.00,100 גרם,false,,4.90,0.0098,true,1,10270
7290003643783,false,קוקוס סוגת 100 גרם,האי נאם סי או אל.טי.,IL,קוקוס 100 גר,גרמים,100.00,100 גרם,false,,4.20,0.0420,true,1,10271
7290003643806,false,שעועית לבנה יבשה סוגת 500 ג',האי נאם סי או אל.טי.,IL,שעועית לבנה 500,גרמים,500.00,100 גרם,false,,10.90,0.0218,true,1,10272
7290003643813,false,שעועית אדומה יבשה סוגת 500 גר',האי נאם סי או אל.טי.,IL,שעועית אדומה 500,גרמים,500.00,100 גרם,false,,10.90,0.0218,true,1,10273
7290003643820,false,חומוס ענק יבש סוגת 500 גרם,סוגת תעשיות בעמ,IL,חומוס ענק 500 סו,גרמים,500.00,100 גרם,false,,11.90,0.0238,true,1,31976
7290003648221,false,מקרל בשמן קנולה,,,מקרל בשמן קנולה,קילוגרמים,1.00,"ק""ג",true,,124.90,124.9000,true,1,30407
7290003711154,false,סטייק פריים ריב,אדום אדום,,סטייק פריים ריב,קילוגרמים,1.00,"ק""ג",true,,130.00,130.0000,false,1,58688
7290003713943,false,טרס פסוס מחית צפטולה,"דוידוב סלמון בע""מ",IL,טרז פזוס-מחית צ'יפוט,גרמים,200.00,100 גרם,false,,21.00,0.1050,true,1,102556
7290003715107,false,בוטנים קלופים 400ג',זארובי,IL,בוטנים קלויים 00,גרמים,400.00,100 גרם,false,,11.00,0.0275,true,1,5642
7290003715299,false,מעורב מובחר 350 גרם,זארובי,,פיצוחים מעורב,גרמים,200.00,100 גרם,false,,19.90,0.0995,true,1,5654
7290003715329,false,בוטנים עם קליפה,,,בוטנים עם קליפה,גרמים,350.00,100 גרם,false,,10.90,0.0311,true,1,66249
7290003715411,false,צנובר סיני גדול,זארובי,IL,צנובר 100 גר,גרמים,100.00,100 גרם,false,,26.90,0.2690,true,1,5660
7290003715596,false,אגוזי מלך 300 גר,זארובי,IL,אגוזי מלך 300 גר,גרמים,300.00,100 גרם,false,,28.90,0.0963,true,1,38483
7290003715688,false,שקד מולבן גפרורים 10,זארובי,,שקד מולבן,גרמים,250.00,100 גרם,false,,9.90,0.0396,true,1,28015
7290003715695,false,חמניות מקולפים,זארובי,,חמניות מקולפים,גרמים,100.00,100 גרם,false,,3.50,0.0350,true,1,5669
7290003715701,false,גרעיני דלעת קלוף,זארובי,,גרעיני דלעת קלוף,גרמים,100.00,100 גרם,false,,6.50,0.0650,true,1,34259
7290003715718,false,פיסטוק קלוף 100 גרם,זארובי,,פיסטוק מקולף,גרמים,100.00,100 גרם,false,,19.90,0.1990,true,1,50181
7290003715732,false,שקד גרוס 100 גרם,זארובי,,שקד גרוס 100 גר,גרמים,100.00,100 גרם,false,,9.90,0.0990,true,1,28016
7290003715749,false,אגוזי מלך גרוסים,זארובי,,אגוזי מלך גרוסים,גרמים,100.00,100 גרם,false,,9.90,0.0990,true,1,28017
7290003715824,false,פרג 100 גר',זארובי,,פרג 100 גר',גרמים,100.00,100 גרם,false,,4.90,0.0490,true,1,107799
7290003715831,false,אגוזים טחונים 100גר',זארובי,,אגוזים טחונים 100גר',גרמים,100.00,100 גרם,false,,9.90,0.0990,true,1,30513
7290003726141,false,טופו טבעי 300 גרם רובין,ג'נרל מילס סאן אדריא,IL,טופו טבעי 300 גר,גרמים,300.00,100 גרם,false,,12.90,0.0430,true,1,20615
7290003726615,false,טופו ויילר במרקם קשה,הדקלאים אגודת שיתופי,IL,טופו הבית במרקם קשה-,גרמים,300.00,100 גרם,false,,11.90,0.0397,true,1,111195
7290003726684,false,טופו חומוס בטעם טבעי 300 ג' משק ויילר,הנסיך- מפעל לייצור ט,IL,טופו חומוס בטעם טבעי,גרמים,300.00,100 גרם,false,,12.90,0.0430,true,1,115322
7290003726783,false,טופו שניצל בתוספת תי,משק ויילר,IL,שניצל טופו עם תירס,גרמים,420.00,100 גרם,false,,26.90,0.0640,true,1,167595
7290003726790,false,שניצל טופו טעם פיקנט,משק ויילר,IL,שניצל טופו בטעם פיקנ,גרמים,420.00,100 גרם,false,,26.90,0.0640,true,1,167599
7290003726806,false,שניצל טופו עם ברוקול,משק ויילר,IL,שניצל טופו עם ברוקול,גרמים,420.00,100 גרם,false,,26.90,0.0640,true,1,167630
7290003726868,false,טופו חומוס בתוספת עגבניות מיובשות 300 ג' משק ויילר,משק וואיילר,IL,טופו חומוס בתוספת עג,גרמים,300.00,100 גרם,false,,12.90,0.0430,true,1,165533
7290003744428,false,אובלטים מלוחים דקיקי,,,אובלטים מלוחים דקיקי,גרמים,300.00,100 גרם,false,,10.90,0.0363,true,1,37703
7290003744831,false,אובלטים עם בצל 300 גר',,,אובלטים בצל ברט,גרמים,300.00,100 גרם,false,,10.90,0.0363,true,1,61352
7290003744855,false,אובלטים עם שומשום 300 גר,"ברט בע""מ",,אובלטים מלוחים,גרמים,300.00,100 גרם,false,,10.90,0.0363,true,1,61357
7290003779499,false,גינגר ארוז 200 גרם,"מרינה פטריות הגליל בע""מ",IL,גינג'ר טרי,גרמים,200.00,100 גרם,false,,8.90,0.0445,true,1,46150
7290003781652,false,צלפים במי מלח ויליפוד 350 ג',וילי פוד,TR,צלפים 370 גרם,גרמים,370.00,100 גרם,false,,9.90,0.0268,true,1,30320
7290003781850,false,גבינת קשקבל פרוסות 200 גרם,וילי פוד,IL,גבינת קשקבל פרוסות,גרמים,200.00,100 גרם,false,,19.90,0.0995,true,1,122127
7290003804252,false,תיבולית נוסח הודי קנור 72 גרם,יוניליוור ישראל מזון,IL,תיבולית קנור הודי,גרמים,72.00,100 גרם,false,,10.00,0.1389,false,1,14206
7290003804320,false,תיבולית שום ופטרוזיליה 72 ג' קנור,יוניליוור ישראל מזון,IL,תיבולית שום ופטרוזיל,גרמים,72.00,100 גרם,false,,10.00,0.1389,false,1,14207
7290003804368,false,"תיבולית בזיליקום בד""ץ 72 ג' קנור",יוניליוור ישראל מזון,IL,תיבולית קנור בזי,גרמים,72.00,100 גרם,false,,10.00,0.1389,false,1,14210
7290003804382,false,"תיבולית פטריות בד""ץ 72 ג' קנור",יוניליוור ישראל מזון,IL,תיבולית פטריות,גרמים,72.00,100 גרם,false,,10.00,0.1389,false,1,14212
7290003805501,false,"פתית שוודי חסכוני בד""צ 300 גרם",יוניליוור ישראל מזון,IL,פתית שבדי חסכוני,גרמים,300.00,100 גרם,false,,18.50,0.0617,true,1,25638
7290003805587,false,"פתית חיטה מלאה בד""צ 250 גרם-קופסא",יוניליוור ישראל מזון,IL,פתית חיטה מלאה,גרמים,250.00,100 גרם,false,,18.50,0.0740,true,1,25639
7290003807178,false,"רוטב קנור סויה בסגנון סיני 300 מ""ל",אתר חיפה 778 - Food,IL,רוטב סויה בסגנון סינ,יחידה,300.00,יחידה,false,,12.90,0.0430,true,1,29243
7290003807482,false,קנור רוטב טריאקי מופחת נתרן 370 גרם,יוניליוור ישראל מזון,IL,רוטב טריאקי קנור,יחידה,300.00,יחידה,false,,12.90,0.0430,true,1,29244
7290003864478,false,סרדינים בשמן צמחי ויליפוד 110ג' פתח קל,גולדן פרייז קאנינג א,TH,סרדינים בשמן צמחי 11,גרמים,110.00,100 גרם,false,,4.90,0.0445,true,1,29304
7290003864492,false,סרדינים בשמן צמחי חריף פתח קל ויליפוד 110ג',גולדן פרייז קאנינג א,TH,סרדינים בשמן צמחי פי,גרמים,110.00,100 גרם,false,,4.90,0.0445,true,1,51834
7290003882922,false,עלי גפן ממולאים באורז ויליפוד 400ג',הזה פלאקספו פוד קו ב,CN,עלי גפן ממולאים 400,גרמים,400.00,100 גרם,false,,8.90,0.0223,true,1,17835
7290003893843,false,פילה אמנון בלי עור,איינן צ'דקסין,CN,פילה אמנון בלי עור,קילוגרמים,1.00,"ק""ג",true,,26.90,26.9000,true,1,108420
7290003896141,false,חטיף ספרדי פיקנטי אלמנדוס 200 גרם,הדקלאים אגודת שיתופי,IL,פיצוחים אלפנדוס,גרמים,200.00,100 גרם,false,,8.90,0.0445,true,1,30737
7290003903771,false,קפוצ'ינו פחית עלית 200ג',שטראס קפה בי.וי,IL,קפוצ'ינו פחית 200 גר,גרמים,200.00,100 גרם,false,,24.90,0.1245,true,1,10437
7290003911400,false,אנטריקוט פיטום שלם,,,אנטריקוט פיטום שלם,קילוגרמים,1.00,"ק""ג",true,,189.90,189.9000,false,1,122354
7290003976003,false,אקופרינד-ניקוי אסלות 750 מל,אקופרנד,,אקופרנד ניקוי אסלות,מיליליטרים,750.00,"100 מ""ל",false,,13.90,0.0185,true,1,119772
7290003976027,false,מרכך כביסה מבושם 4 ליטר,אקופרנד,IL,אקופרנד מרכך כביסה פ,ליטרים,4.00,ליטר,false,,29.90,7.4750,true,1,119158
7290003976034,false,אקופרנד מרכך כביסה חבצלת 4 ל נטורפוד,אקופרנד,IL,מרכך כביסה 4 ליטר,ליטרים,4.00,ליטר,false,,29.90,7.4750,true,1,120843
7290003976065,false,אקופרנד מרכך כביסה מרוכז קסם אביבי 1 ליט,אקופרנד,,אקופרנד מרכך כביסה מ,יחידה,0.00,יחידה,false,,18.90,0.0000,true,1,122741
7290003976089,false,גל כביסה למכונה 4 ליטר,,,אקופרנד ג'ל כביסה 4,ליטרים,4.00,ליטר,false,,43.90,10.9750,true,1,114743
7290003976096,false,אקופרינד-גל כביסה מרוכז 1 ליטר,אקופרנד,,אקופרנד ג'ל כביסה מר,ליטרים,1.00,ליטר,false,,19.90,19.9000,true,1,114744
7290003976119,false,אקופרנד נוזל כלים לבנדר ללא 750SLS מל,אקופרנד,IL,אקופרנד נוזל כלים,יחידה,0.00,יחידה,false,,13.90,0.0000,true,1,115483
7290003989539,false,לורנצו רביולי במילוי גבינה,מיוצר עי קונדיטוריית,IL,רביולי גבינה,גרמים,400.00,100 גרם,false,,19.90,0.0497,true,1,7742
7290003989553,false,"פסטה טורטליני פטריות, 400 גרם",מיוצר עי קונדיטוריית,IL,טורטליני פיטריות,גרמים,400.00,100 גרם,false,,19.90,0.0497,true,1,7743
7290004011284,false,ריצ בסיס להכנת קצפת 25% 212מל,ריצ' פרודקטס קורפריי,US,בסיס להכנת קצפת ריץ',מיליליטרים,212.00,"100 מ""ל",false,,7.50,0.0354,true,1,43624
7290004011338,false,"קצפת מתוקה מכונה 250 מ""ל ריץ'",האי נאם סי או אל.טי.,IT,ריץ' קצפת מיכל 22.5%,גרמים,250.00,100 גרם,false,,10.90,0.0436,false,1,43623
7290004011345,false,"קצפת ריצ` פרווה במיכל 250 מ""ל",האי נאם סי או אל.טי.,IT,ר'יצ קצפת פרווה 250,גרמים,250.00,100 גרם,false,,10.90,0.0436,false,1,50831
7290004011819,false,המבורגר ריב אנטריקוט אל גאוצו 360 גרם,האי נאם סי או אל.טי.,IL,המבורגר ריב אנטריקוט,גרמים,360.00,100 גרם,false,,21.90,0.0608,false,1,53171
7290004011826,false,מיני המבורגר ריב אנטריקוט,טיבון ויל אחזקות בעמ,IL,מיני המבורגר ריב אנט,גרמים,320.00,100 גרם,false,,21.90,0.0684,false,1,53172
7290004014407,false,סוכריות M&M בוטנים 46 ג',מרס נדרלנד,US,סוכריות אם אנד אם,גרמים,46.20,100 גרם,false,,4.90,0.1061,true,1,93748
7290004030018,false,"פריניב מיץ לימון סחוט פרי לתיבול 500 מ""ל",הנסיך- מפעל לייצור ט,IL,פרי ניב מיץ לימון 10,ליטרים,0.50,ליטר,false,,6.90,13.8000,true,1,44314
7290004030216,false,פריניב נקטר חמוציות 1ליטר,פריניב בעמ,IL,פרי ניב מיץ חמוציות,ליטרים,1.00,ליטר,false,,12.50,12.5000,true,1,52980
7290004030223,false,פריניב נקטר תפוחים סחוט 1 ליטר,פריניב בעמ,IL,מיץ תפוחים סחוט 1 לי,ליטרים,1.00,ליטר,false,,17.90,17.9000,true,1,59593
7290004030445,false,פריניב סחוט טבעי תפוזים 1ליטר,הנסיך- מפעל לייצור ט,IL,פרי ניב מיץ תפוזים 1,ליטרים,1.00,ליטר,false,,13.50,13.5000,true,1,37956
7290004030544,false,פריניב מיץ לימונדה לואיזה ולמון גראס 1 ליטר,פריניב בעמ,IL,פרי ניב לימונענע 1 ל,ליטרים,1.00,ליטר,false,,12.50,12.5000,true,1,37958
7290004030612,false,פרי ניב מיץ קיוי אגס ללא תוספת סוכר 1ל,הנסיך- מפעל לייצור ט,IL,מיץ קיוי אגס תפוח 1,ליטרים,1.00,ליטר,false,,15.00,15.0000,true,1,65398
7290004030834,false,פריניב מיץ רימונים סחוט 1 ליטר,פריניב בעמ,IL,מיץ רימונים 1 ליטר,ליטרים,1.00,ליטר,false,,23.90,23.9000,true,1,43709
7290004033705,false,הבורגריה – 6 לחמניות המבורגר בשקית,מאפית י את א ברמן בע,IL,הבורגריה 6 לחמניות ה,גרמים,600.00,100 גרם,false,,14.90,0.0248,true,1,123217
7290004033736,false,"עננים לחם לבן בסגנון בריוש עם פרוסות עבות, 500 גרם",מאפית י את א ברמן בע,IL,לחם עננים בסגנון ברי,גרמים,500.00,100 גרם,false,,12.90,0.0258,true,1,165242
7290004046002,false,עוגיות הקסטר תמרים ו,אקסטר,,עוגיות הקסטר תמרים ו,יחידה,0.00,יחידה,false,,22.90,0.0000,true,1,43063
7290004061487,false,טבעות עוף 700 גר,פרסקו,,טבעות עוף 700 גר,גרמים,700.00,100 גרם,false,,13.90,0.0199,true,1,116556
7290004061494,false,נגיסי עוף 700גר,פרסקו,,נגיסי עוף 700גר,גרמים,700.00,100 גרם,false,,13.90,0.0199,true,1,116557
7290004063016,false,מלח שולחן מעולה דק 1,האי נאם סי או אל.טי.,IL,מלח דק 1 קג,יחידה,1.00,יחידה,false,,1.90,1.9000,false,1,15811
7290004063092,false,מלח קריסטלי למדיח כל,"מלח הארץ אילת בע""מ",,מלח למדיח 2קג,קילוגרמים,2.00,"ק""ג",false,,10.90,5.4500,false,1,49041
7290004063115,false,"מלח מטבח עבה להמלחת בשר ובישול 1 ק""ג 1ק""ג",האי נאם סי או אל.טי.,IL,מלח עבה 1 קג,יחידה,1.00,יחידה,false,,1.90,1.9000,false,1,15812
7290004064082,false,מטחנה מלח ים טבעי 250 גרם מלח הארץ,חברת מלח הארץ אילת ב,IL,מטחנה מלח ים טבעי,גרמים,250.00,100 גרם,false,,13.50,0.0540,true,1,95829
7290004064099,false,מטחנה מלח מהרי ההימלאיה 250 ג מלח הארץ,חברת מלח הארץ אילת ב,IL,מטחנה מלח מהרי ההימל,גרמים,250.00,100 גרם,false,,15.90,0.0636,true,1,95830
7290004064105,false,מטחנה מלח עשבי תיבול 250 גר מלח הארץ,חברת מלח הארץ אילת ב,IL,מטחנה מלח ים עשבי תי,גרמים,250.00,100 גרם,false,,15.90,0.0636,true,1,95831
7290004064174,false,"תבלין מלח ההימלאיה דק בצנצנת 1 ק""ג","מלח הארץ אילת בע""מ",IL,מלח הארץ הימלאיה דק,קילוגרמים,1.00,"ק""ג",false,,15.90,15.9000,true,1,103690
7290004064181,false,"תבלין מלח ההימלאיה גס בצנצנת 1 ק""ג",חברת מלח הארץ אילת ב,IL,מלח הארץ הימלאיה גס,קילוגרמים,1.00,"ק""ג",false,,15.90,15.9000,true,1,103691
7290004064280,false,מלח מופחת נתרן בצנצנת מלח הארץ 600 גרם,חברת מלח הארץ אילת ב,IL,מלח מופחת נתרן בצנצנ,גרמים,600.00,100 גרם,false,,15.90,0.0265,true,1,112080
7290004064297,false,"מלח מועשר ביוד בצנצנת מלח הארץ 1 ק""ג","מלח הארץ אילת בע""מ",IL,מלח מועשר ביוד צנצנת,קילוגרמים,1.00,"ק""ג",false,,8.90,8.9000,true,1,111698
7290004064303,false,מלח אטלנטי בצנצנת מלח הארץ 800 גרם,"מלח הארץ אילת בע""מ",IL,מלח אטלנטי בצנצנת 80,גרמים,800.00,100 גרם,false,,18.90,0.0236,true,1,111699
7290004064358,false,"מלח דק זורם בקלות מלח הארץ קרטון 1 ק""ג","מלח הארץ אילת בע""מ",IL,מלח דק זורם בקלות 1,קילוגרמים,1.00,"ק""ג",false,,4.90,4.9000,true,1,114964
7290004064365,false,"מלח דק מועשר ביוד מלח הארץ קרטון 1 ק""ג","מלח הארץ אילת בע""מ",IL,מלח דק מועשר ביוד 1,קילוגרמים,1.00,"ק""ג",false,,5.90,5.9000,true,1,114965
7290004068011,false,יוגורט כבשים בדלי 5% שומן 600 ג' גד,"מיוצר ע""י קוד יצרן M",IL,יוגורט כבשים 600 גר,גרמים,600.00,100 גרם,false,,18.00,0.0300,true,1,57038
7290004068028,false,"יוגורט צזיקי לשתיה 3.5% 500 מ""ל רובין",מיוצר על ידי קוד יצר,IL,יוגורט ציזיקי לשתייה,מיליליטרים,500.00,"100 מ""ל",false,,9.90,0.0198,true,1,59036
7290004068035,false,"איירן יוגורט לשתייה 3% גד 500 מ""ל","מיוצר ע""י קוד יצרן M",IL,"יוגורט איירן 500 מ""ל",מיליליטרים,500.00,"100 מ""ל",false,,7.90,0.0158,true,1,58802
7290004068172,false,"יוגורט עיזים בדלי 5% 600 מ""ל רובין",קוד יצרן MKN,IL,יוגורט עיזים דלי 600,גרמים,600.00,100 גרם,false,,18.00,0.0300,true,1,58990
7290004068509,false,בולגרית 5% גד,,,בולגרית 5% גד,קילוגרמים,1.00,"ק""ג",true,,54.60,54.6000,false,1,103158
7290004068912,false,גבינת פרמזן גרנה פדנ,מחלבות גד,IT,גבינת גרנה פדנו גד,קילוגרמים,1.00,"ק""ג",true,,135.90,135.9000,true,1,115250
7290004078270,false,נוזל כלים פלמוליב צילינדר לימון 1 ליטר,יבואן ומשווק: ש. שסט,GR,פלמוליב לכלים לימון,ליטרים,1.00,ליטר,false,,13.90,13.9000,false,1,8312
7290004078690,false,"אגקס נוזל לניקוי אסלות מרענן 750 מ""ל",הנסיך- מפעל לייצור ט,GR,אג'קס ג'ל לאסלה,יחידה,750.00,יחידה,false,,14.90,0.0199,true,1,8321
7290004078942,false,ליידי ספיד סטיק - דאודורנט ג'ל לאישה 65 גרם,קולגייט פלמוליב,US,ספיד סטיק ג'ל,גרמים,63.00,100 גרם,false,,19.90,0.3159,true,1,8326
7290004091217,false,"גודרס להברקת כלי כסף 125מ""ל",אס סי גונסון פורטוגל,PT,גודרס להברקת כלי כסף,יחידה,144.00,יחידה,false,,21.90,0.1521,true,1,18591
7290004091248,false,וזלין פטרוליום אינטנסיב קאר ג'ל 106 גר',"יוניליוור ארה""ב, ג'ו",US,ווזלין מס 2,גרמים,106.00,100 גרם,false,,16.90,0.1594,true,1,14259
7290004091255,false,"ואזלין פטרוליום ג'ל 225מ""ל","יוניליוור ארה""ב, ג'ו",IL,ואזלין מס 3,גרמים,225.00,100 גרם,false,,22.90,0.1018,true,1,14260
7290004119133,false,כד יוגורט תנובה 6.5% שומן 1.5 ליטר,מיוצר עי קונדיטוריית,IL,יוגורט בכד 7% 1.5 לי,ליטרים,1.50,100 ליטר,false,,18.30,12.2000,true,1,8906
7290004119225,false,יוגורט אננס 3% שומן 150 ג' יופלה,תנובה מרכז שיתופי לש,IL,יופלה אננס ספונטני 3,מיליליטרים,150.00,"100 מ""ל",false,,5.10,0.0340,true,1,8907
7290004119928,false,קרלו מעדן וניל רביעיות גביע 125 1.5%,מחלבת אלון תבור,IL,קרלו וניל 1.5%,גרמים,125.00,100 גרם,false,,3.00,0.0240,true,1,8912
7290004119973,false,קרלו מעדן שוקו רביעיה גביע 125 1.5%,תנובה מרכז שיתופי לש,IL,מעדן קרלו 1.5%,גרמים,125.00,100 גרם,false,,3.00,0.0240,true,1,8913
7290004120061,false,קרלו שוקולד וניל 125,תנובה מרכז שיתופי לש,IL,קרלו מעדן שוניל 1.5%,גרמים,125.00,100 גרם,false,,3.00,0.0240,true,1,8914
7290004120108,false,יופלה דיאט יוגורט דובדבן %0 גביע 150ג',תנובה מרכז שיתופי לש,IL,יופלה דבדבן 0%,מיליליטרים,150.00,"100 מ""ל",false,,5.10,0.0340,true,1,8916
7290004120566,false,גבינה בולגרית פיראוס 24% 250 גרם,תנובה חלב,IL,בולגרית פיראוס 24%,גרמים,250.00,100 גרם,false,,24.50,0.0980,false,1,8929
7290004120573,false,גבינה בולגרית פיראוס 16% 250 גרם,תנובה מרכז שיתופי לש,IL,בולגרית פיראוס 16%,גרמים,250.00,100 גרם,false,,24.50,0.0980,false,1,8930
7290004120634,false,גבינה פיראוס בולגרית 5% 250 גרם,תנובה מרכז שיתופי לש,IL,בולגרית פיראוס 5%,גרמים,250.00,100 גרם,false,,24.50,0.0980,false,1,8931
7290004120832,false,חלב תנובה טרי 3% מהדרין כד 2 ל',תנובה מרכז שיתופי לש,IL,חלב כד 3% מהדרין,ליטרים,2.00,ליטר,false,,12.46,6.2300,false,1,8934
7290004121488,false,יופלה דיאט אפרסק 0% גביע 150 ג',תנובה מרכז שיתופי לש,IL,יופלה אפרסק חטוב 0%,מיליליטרים,150.00,"100 מ""ל",false,,5.10,0.0340,true,1,8938
7290004121525,false,יופלה מאגדת פרי 4 תות 4 אפרסק 3% 8 יח'*150 ג',תנובה מרכז שיתופי לש,IL,מאגדת יופלה אפרסק+תו,מיליליטרים,1200.00,"100 מ""ל",false,,31.90,0.0266,true,1,22114
7290004121754,false,יוגורט עוגת גבינה ותות 3% שומן 150 ג' יופלה,תנובה חלב,IL,יופלה עוגת גבינה ותו,מיליליטרים,150.00,"100 מ""ל",false,,5.10,0.0340,true,1,8945
7290004121839,false,גבינת פטה כבשים 20% 250 ג' פיראוס,תנובה מרכז שיתופי לש,IL,פטה כבשים 20% פיראוס,גרמים,250.00,100 גרם,false,,28.50,0.1140,false,1,8946
7290004121853,false,גבינה בולגרית פיראוס 5% קוביות 200 גרם,תנובה מרכז שיתופי לש,IL,פיראוס קוביות בולגרי,גרמים,200.00,100 גרם,false,,21.90,0.1095,false,1,8947
7290004122119,false,פתיתי פרמזן לפסטה %23 100 ג' השף הלבן,פ.פ.ח. שאביט,IL,פתיתי פרמזן לאפיה 23,גרמים,100.00,100 גרם,false,,12.60,0.1260,true,1,8952
7290004122195,false,"גבינת גוש חלב פרוס 28%, כשרות מהדרין, 200 ג'",תנובה חלב,IL,גוש חלב פרוס 28%,גרמים,200.00,100 גרם,false,,14.60,0.0730,false,1,8953
7290004122270,false,גבינה צהובה פרוס בקופסא %28 200 ג' עמק,תנובה מרכז שיתופי לש,IL,עמק פרוסות 28%,גרמים,200.00,100 גרם,false,,16.90,0.0845,false,1,8954
7290004122348,false,גבינת עמק לייט פרוס בקופסא 200 גרם,תנובה מרכז שיתופי לש,IL,עמק לייט 9%,גרמים,200.00,100 גרם,false,,17.90,0.0895,false,1,8956
7290004122676,false,גבינת חמד לייט 5% פיראוס 250 ג',"תנובה,מחלבת טנא נוגה",IL,גבינת חמד 5% גביע 25,גרמים,250.00,100 גרם,false,,18.90,0.0756,false,1,28522
7290004122683,false,חטיף גבינת אצבעות 28% 172 ג' עמק,תנובה מרכז שיתופי לש,IL,אצבעות חטיף גבינת עמ,גרמים,172.00,100 גרם,false,,16.90,0.0983,false,1,30166
7290004124205,false,יוגורט דיאט תות %0 שומן 150 ג' יופלה,תנובה מרכז שיתופי לש,IL,יופלה תות קליל 0%,מיליליטרים,150.00,"100 מ""ל",false,,5.10,0.0340,true,1,8980
7290004124847,false,"קצפת צמחית השף הלבן 500 מ""ל תנובה",תנובה מרכז שיתופי לש,IL,קצפת צימחית השף הלבן,מיליליטרים,500.00,"100 מ""ל",false,,16.50,0.0330,true,1,23090
7290004125370,false,"שמנת חמוצה מופחתת שומן 9% 200 מ""ל",תנובה מרכז שיתופי לש,IL,שמנת תנובה 9%,גרמים,200.00,100 גרם,false,,3.80,0.0190,true,1,8994
7290004125400,false,"שלי אשל 4.5% תנובה 200מ""ל מהדרין",פארייפאבה אגרואינדוס,IL,שלי אשל 4.5%,מיליליטרים,200.00,"100 מ""ל",false,,1.69,0.0084,false,1,8995
7290004125417,false,"שלי גיל 3% תנובה 200מ""ל מהדרין",תנובה מרכז שיתופי לש,IL,שלי גיל 3%,מיליליטרים,200.00,"100 מ""ל",false,,1.51,0.0076,false,1,8996
7290004125455,false,**תנובה שמנת אורגינל מהדרין 15% 200מל,תנובה מרכז שיתופי לש,IL,שמנת 15%,מיליליטרים,200.00,"100 מ""ל",false,,2.40,0.0120,false,1,8997
7290004125462,false,"שמנת אורגינל 15% מהדרין 500 מ""ל",תנובה מרכז שיתופי לש,IL,שמנת חמוצה 15%,יחידה,500.00,יחידה,false,,6.00,0.0120,false,1,24620
7290004125509,false,"שמנת 15% חצי מנה 100 מ""ל תנובה",תנובה מרכז שיתופי לש,IL,שמנת אורגינל 15%,מיליליטרים,100.00,"100 מ""ל",false,,1.70,0.0170,false,1,8998
7290004125578,false,משקה סויה מעושר בסידן תנובה 1ל',תנובה מרכז שיתופי לש,IL,משקה סויה מועשר 1.6%,ליטרים,1.00,ליטר,false,,9.90,9.9000,false,1,9000
7290004125585,false,משקה סויה וניל תנובה E אלטרנטיב,תנובה מרכז שיתופי לש,IL,משקה סויה וניל 1.45%,ליטרים,1.00,ליטר,false,,10.60,10.6000,false,1,9001
7290004125721,false,"שמנת לבישול 15% שומן 250 מ""ל תנובה",תנובה מרכז שיתופי לש,IL,שמנת לבישול 15%,מיליליטרים,250.00,"100 מ""ל",false,,8.70,0.0348,true,1,9010
7290004125738,false,שמנת מתוקה להקצפה32% 250מל עמיד השף הלבן,תנובה מרכז שיתופי לש,IL,שמנת להקצפה 32%,מיליליטרים,250.00,"100 מ""ל",false,,6.90,0.0276,true,1,9011
7290004125776,false,גבינה צהובה עמק 28% 400 גרם בקופסא,תנובה חלב,IL,עמק פרוס 28% 400 גרם,גרמים,400.00,100 גרם,false,,31.00,0.0775,false,1,22923
7290004126674,false,פרוסות גבינה חצי קשה 9% שומן 200 ג' עמק,תנובה מרכז שיתופי לש,IL,טל העמק לייט 9%,גרמים,200.00,100 גרם,false,,19.90,0.0995,true,1,9020
7290004126759,false,יופלה דיאט פירות יער %0 גביע 150 ג',תנובה חלב,IL,יופלה פירות יער 0%,מיליליטרים,150.00,"100 מ""ל",false,,5.10,0.0340,true,1,9023
7290004127077,false,קוטג' 3% שומן 250 ג' תנובה,מיוצר עי קונדיטוריית,IL,קוט'ג תנובה 3%,גרמים,250.00,100 גרם,false,,5.50,0.0220,false,1,9024
7290004127329,false,קוטג' 5% תנובה 250ג' מהדרין,מיוצר עי קונדיטוריית,IL,קוטג' תנובה 5% 250 ג,גרמים,250.00,100 גרם,false,,5.50,0.0220,false,1,9032
7290004127336,false,קוטג' 9% תנובה 250 ג' הדרין,מיוצר עי קונדיטוריית,IL,קוטג' תנובה 9% 250 ג,גרמים,250.00,100 גרם,false,,5.50,0.0220,false,1,9033
7290004127800,false,גבינה לבנה 5% שומן 500 ג' תנובה,מיוצר עי קונדיטוריית,IL,גבינה לבנה 5% 500 גר,גרמים,500.00,100 גרם,false,,9.96,0.0199,false,1,9035
7290004127817,false,גבינה לבנה 9% שומן 500 ג' תנובה,מיוצר עי קונדיטוריית,IL,גבינה לבנה 9% 500 גר,גרמים,500.00,100 גרם,false,,10.00,0.0200,false,1,9036
7290004127862,false,**תנובה גבינה למריחה מהדרין 5% 750ג,תנובה מרכז שיתופי לש,IL,גבינה 5% 750,גרמים,750.00,100 גרם,false,,14.94,0.0199,false,1,9037
7290004127916,false,גבינה לבנה 0.5% שומן 500 ג' תנובה,תנובה מרכז שיתופי לש,IL,גבינה תנובה 0.5%,גרמים,500.00,100 גרם,false,,10.00,0.0200,false,1,9040
7290004128333,false,לאבנה על בסיס יוגורט %9 שומן 500 ג' פיראוס,תנובה חלב,IL,לבנה פיראוס 9% - 500,גרמים,500.00,100 גרם,false,,20.90,0.0418,false,1,9052
7290004128340,false,קרם גבינת שמנת %5 בטעם טבעי 200 ג' תנובה,תנובה חלב,IL,גבינת קרם 5% טבעית,גרמים,200.00,100 גרם,false,,11.90,0.0595,true,1,9053
7290004128364,false,קרם גבינת שמנת 5% עם זיתים ירוקים 200 ג' תנובה,"תנובה, מחלבת תל יוסף",IL,גבינת קרם 5% זית,גרמים,200.00,100 גרם,false,,11.90,0.0595,true,1,9055
7290004128401,false,גבינת פטה פיראוס במש,תנובה חלב,IL,פטה כבשים20% פיראוס,קילוגרמים,1.00,"ק""ג",true,,119.90,119.9000,true,1,9059
7290004128432,false,פתיתים מיוחדים לפיצה על בסיס גבינה 500 ג',תנובה חלב,IL,פתיתים מיוחדים לפיצה,גרמים,500.00,100 גרם,false,,23.50,0.0470,false,1,33656
7290004129101,false,גבינת שמנת 25% בטעם טבעי 225 ג' נפוליאון,תנובה מרכז שיתופי לש,IL,נפוליאון טבעי 30%,גרמים,225.00,100 גרם,false,,13.90,0.0618,false,1,9071
7290004129156,false,גבינת שמנת25% עם שום שמיר 225 ג' נפוליאון,תנובה מרכז שיתופי לש,IL,נפוליאון שום שמיר 30,גרמים,225.00,100 גרם,false,,13.90,0.0618,false,1,9074
7290004129736,false,יוגורט במתיקות מעודנת 1.5% שומן 200 ג' יופלה,תנובה מרכז שיתופי לש,IL,יופלה במתיקות מעודנת,מיליליטרים,200.00,"100 מ""ל",false,,4.50,0.0225,true,1,9097
7290004129767,false,יופלה לבן טבעי מאגדת 3% 8*150מל,מחלבת אלון תבור,IL,יופלה טבעי 3% שמיניה,מיליליטרים,1200.00,"100 מ""ל",false,,18.40,0.0153,true,1,9098
7290004130794,false,משקה סויה טבעי במתיקות מופחתת 1 ליטר,תנובה מרכז שיתופי לש,IL,משקה סויה מועשר 1.6%,ליטרים,1.00,ליטר,false,,10.60,10.6000,false,1,9112
7290004130916,false,יוגורט 3% פירות יער בשמנת 150 ג' יופלה,תנובה מרכז שיתופי לש,IL,יופלה פירות יער בשמנ,מיליליטרים,150.00,"100 מ""ל",false,,5.10,0.0340,false,1,23089
7290004131074,false,**חלב תנובה טרי מהדרין קרטון 3% 1ל,תנובה מרכז שיתופי לש,IL,חלב 3% טרי בקרטון מה,ליטרים,1.00,ליטר,false,,6.23,6.2300,false,1,9118
7290004131432,false,יוגורט ביו 3% שומן 200 ג' יופלה,מיוצר עי קונדיטוריית,IL,יופלה טבעי 3%,מיליליטרים,200.00,"100 מ""ל",false,,4.00,0.0200,true,1,9130
7290004131456,false,יוגורט ביו 1.5% שומן 200 ג' יופלה,מיוצר עי קונדיטוריית,IL,יופלה טבעי 1.5%,מיליליטרים,200.00,"100 מ""ל",false,,4.00,0.0200,true,1,9131
7290004131814,false,גבינה צפתית 5% מעודנת 200 ג' פיראוס,פארייפאבה אגרואינדוס,IL,גבינת פיראוס צפתית מ,גרמים,200.00,100 גרם,false,,15.90,0.0795,false,1,9143
7290004131845,false,גבינת לאבנה 9% שומן 750 ג' פיראוס,תנובה מרכז שיתופי לש,IL,לאבנה פיראוס 9% 750,גרמים,750.00,100 גרם,false,,23.90,0.0319,false,1,56823
7290004132552,false,משקה סויה לייט בטעם טבעי טרי 1 ליטר,תנובה מרכז שיתופי לש,IL,דיאט סויה טבעי 1.8%,ליטרים,1.00,ליטר,false,,10.60,10.6000,false,1,9168
7290004132712,false,חטיף אצבעות גבינת מוצרלה 20% 172 ג' עמק,תנובה מרכז שיתופי לש,IL,אצבעות גבינת מוצרלה,גרמים,174.00,100 גרם,false,,16.90,0.0971,false,1,9172
7290004132903,false,**תנובה גבינה לבנה בדץ 3% 250ג,תנובה מרכז שיתופי לש,IL,"גבינה 3% בד""צ",גרמים,250.00,100 גרם,false,,5.00,0.0200,false,1,49834
7290004133511,false,יופלה מאגדת לבן 1.5% מעודן 8 יח' * 150 ג',מיוצר עי קונדיטוריית,IL,שמיניית יופלה במתיקו,מיליליטרים,1200.00,"100 מ""ל",false,,21.90,0.0182,true,1,9203
7290004134945,false,יוגורט מוקה 3% שומן 150 ג' יופלה,תנובה מרכז שיתופי לש,IL,יופלה מוקה 3%,מיליליטרים,150.00,"100 מ""ל",false,,5.10,0.0340,true,1,26921
7290004135225,false,מעדן תנובה דיאט שוקולדה 0% 150 גרם,תנובה מרכז שיתופי לש,IL,מעדן דיאט שוקולדה 0%,מיליליטרים,150.00,"100 מ""ל",false,,4.10,0.0273,true,1,27524
7290004135324,false,פיראוס בולגרית מעודנ,תנובה מרכז שיתופי לש,IL,בולגרית 5% מעודנת תנ,קילוגרמים,1.00,"ק""ג",true,,49.90,49.9000,false,1,26681
7290004135614,false,גבינה בולגרית מעודנת 5% 250 ג' פיראוס,תנובה חלב,IL,בולגרית מעודנת 5% תנ,גרמים,250.00,100 גרם,false,,23.90,0.0956,false,1,32161
7290004136598,false,מארז הפסקת אוכל עם קורנפלקס ומשקה חלב עמיד בטעם וניל,פארייפאבה אגרואינדוס,IL,מארז הפסקת אוכל חלב,מיליליטרים,150.00,"100 מ""ל",false,,9.30,0.0620,false,1,30551
7290004136857,false,מעדן גלי פטל 125 גרם,תנובה מרכז שיתופי לש,IL,ג'לי פטל תנובה,גרמים,125.00,100 גרם,false,,2.40,0.0192,true,1,30327
7290004136864,false,ג'לי תנובה אננס עם חתיכות אננס 125מל,תנובה חלב,IL,ג'לי אננס עם חתיכו א,גרמים,125.00,100 גרם,false,,2.80,0.0224,true,1,30328
7290004136871,false,ג'לי תנובה אפרסק עם חתיכות אפרסק 125מל,תנובה מרכז שיתופי לש,IL,ג'לי אפרסק עם חתיכות,גרמים,125.00,100 גרם,false,,2.80,0.0224,true,1,30329
7290004137021,false,"שמנת לבישול 10% עמיד השף הלבן 250 מ""ל",תנובה מרכז שיתופי לש,IL,שמנת לבישול מופחת שו,מיליליטרים,250.00,"100 מ""ל",false,,8.70,0.0348,false,1,33611
7290004137311,false,עמק לייט משפחתית 9% 400ג-ועדת מהדרין,תנובה חלב,IL,עמק לייט 9% 400 גרם,גרמים,400.00,100 גרם,false,,31.90,0.0797,false,1,33183
7290004137809,false,פיראוס לאבנה 5% גביע 250 גרם,"תנובה, מחלבת אלון תב",IL,לאבנה 5% פיראוס,גרמים,250.00,100 גרם,false,,13.00,0.0520,false,1,33494
7290004147051,false,קיסמי שיניים רפואיים 300יח',וולטרס,,קיסמי שיניים צנצ,יחידה,0.00,יחידה,false,,10.90,0.0000,true,1,17908
7290004147150,false,ליפות גב לרחצה + רצו,מיה טריידינג,CN,רצועות מסאז' לגב,יחידה,0.00,יחידה,false,,12.90,0.0000,true,1,17909
7290004147280,false,שקית כביסון,מיה טריידינג,CN,שקית כביסון,יחידה,750.00,יחידה,false,,9.90,0.0132,true,1,30221
7290004147334,false,סוגרן שקיות מזון,מיה טריידינג,CN,סוגרן שקיות,יחידה,0.00,יחידה,false,,7.90,0.0000,true,1,38391
7290004147440,false,קוצץ ציפורניים,,,קוצץ ציפורניים,יחידה,0.00,יחידה,false,,8.90,0.0000,true,1,31044
7290004147457,false,סט פותחן קופסאות,,,סט פותחן קופסאות,יחידה,0.00,יחידה,false,,6.50,0.0000,true,1,30223
7290004152939,false,חרדל דיז'ון עם דבש 3,,,חרדל דיז'ון עם דבש 3,גרמים,340.00,100 גרם,false,,19.90,0.0585,true,1,147848
7290004200930,false,"זיקוק זוג 15 ס""מ בשק",שמחה זה אנחנו,,זוג זיקוקין,יחידה,0.00,יחידה,false,,7.20,0.0000,true,1,21906
7290004219826,false,מלבין קפה הולנדי קומפלטה 400ג',פריזלנד פודס קיוויט,NL,מלבין קפה הולנדי,גרמים,400.00,100 גרם,false,,18.90,0.0472,true,1,17840
7290004221409,false,וובר רוטב חזרת 453 גרם בקבוק לחיץ,ווברס,,רוטב חזרת SANDWICH P,גרמים,454.00,100 גרם,false,,19.90,0.0438,true,1,12920
7290004225278,false,גבינת דנאבלו,נטו מלינדה סיימן,,גבינת דנאבלו,קילוגרמים,1.00,"ק""ג",true,,74.90,74.9000,true,1,57844
7290004225285,false,גבינה בסגנון דנאבלו 100 ג',האי נאם סי או אל.טי.,DK,גבינת דנבלו 100 גר,גרמים,100.00,100 גרם,false,,11.90,0.1190,true,1,62858
7290004225872,false,"ויליגר קרם קוקוס 400 מ""ל",טקרנג פינאפלה אינדוס,TH,"קרם קוקוס 400 מ""ל",מיליליטרים,400.00,"100 מ""ל",false,,6.30,0.0157,true,1,60712
7290004229740,false,גבינה בסגנון פטה 8 ק,מאמן,,גבינה בסגנון פטה 8 ק,קילוגרמים,1.00,"ק""ג",true,,32.90,32.9000,true,1,122982
7290004229931,false,"אורז הבמאי הימליה 1ק""ג",ניו בהארט רייס,,אורז בסמטי 1 קג - הי,קילוגרמים,1.00,"ק""ג",false,,9.90,9.9000,true,1,110897
7290004230081,false,קציצות עוף ברוטב עגבניות שגב 800 גרם,טיבון ויל,IL,קציצות עוף ברוטב עגב,גרמים,800.00,100 גרם,false,,22.90,0.0286,true,1,58195
7290004230340,false,מקלות בורקס פילו תרד ובצל שגב 600 ג,שלושת האופים שגמור,IL,מקלות בורקס פילו תרד,גרמים,600.00,100 גרם,false,,21.00,0.0350,true,1,59127
7290004230364,false,שגב מקלות בורקס פילו גבינה צרפתי 600 גר,שלושת האופים שגמור,IL,מקלות בורקס פילו גבי,גרמים,600.00,100 גרם,false,,21.00,0.0350,true,1,59129
7290004256753,false,עלי לסיגר מרוקאי לפסטיליה 450 גרם,סטאר סנקס,IL,עלי סיגר לפסטילייה,יחידה,0.00,יחידה,false,,13.90,0.0000,true,1,111283
7290004329990,false,שניצל עוף פרוס,בלדי,,שניצל עוף פרוס,קילוגרמים,1.00,"ק""ג",true,,42.90,42.9000,true,1,7597
7290004339005,false,שניצל טופו תירס חלבון אפונה 450 גרם,,IL,שניצל טופו תירס קינו,גרמים,450.00,100 גרם,false,,27.90,0.0620,true,1,166826
7290004339012,false,שניצל עם חלבון אפונה 450 גרם,,IL,שניצל אמיתי עם חלבון,גרמים,450.00,100 גרם,false,,27.90,0.0620,true,1,166827
7290004339173,false,המבורגר קינואה טבע דלי 400 גר,טבע דלי,IL,"בורגר מן הצומח ""טבע",גרמים,400.00,100 גרם,false,,24.90,0.0622,true,1,52491
7290004339401,false,המבורגר אורז עדשים טבע דלי 400 גר,טבע דלי,IL,"בורגר מן הצומח ""טבע",גרמים,400.00,100 גרם,false,,24.90,0.0622,true,1,57127
7290004339425,false,שווארמה מהצומח טבע דלי 350 גר,טבע דלי בעמ,IL,שווארמה מהצומח טבע ד,גרמים,350.00,100 גרם,false,,24.90,0.0711,true,1,61336
7290004339630,false,סייטן טבעי טבע דלי 350 גר,טבע דלי,IL,טבע דלי-סייטן בסגנון,גרמים,350.00,100 גרם,false,,19.90,0.0569,true,1,60474
7290004339692,false,סייטן קפוא ביתי 500 גרם טבע דלי,טבע דלי,IL,סייטן תחליף בשר 500,גרמים,500.00,100 גרם,false,,16.90,0.0338,true,1,92439
7290004339784,false,המבורגר על הגריל טבע דלי 400 גר,טבע דלי,IL,טבע דלי-המבורגר מהצו,גרמים,400.00,100 גרם,false,,24.90,0.0622,true,1,65612
7290004339807,false,המבורגר כוסמת מש מונבט אורז מלא וצ'יה 400גר טבע דלי,טבע דלי בעמ,IL,"המבורגר כוסמת ""טבע ד",גרמים,400.00,100 גרם,false,,24.90,0.0622,true,1,57128
7290004339975,false,קובה בורגול במילוי סטיין אמרנט 400 גר,טבע דלי,IL,סייטן אמרנט קובה בול,גרמים,400.00,100 גרם,false,,27.90,0.0697,true,1,92223
7290004339999,false,שניצלונים סטיין אמרנט 400 גר,טבע דלי,IL,סייטן אמרנט שניצלוני,גרמים,400.00,100 גרם,false,,27.90,0.0697,true,1,92224
7290004479305,false,מסר מילניון עוגיות מזל 160 גרם,,,עוגיות מזל,גרמים,135.00,100 גרם,false,,19.90,0.1474,true,1,61654
7290004480332,false,גבינה גאודה קשה מחלב,מחלבות גד,IL,גאודה בקר משולשים,קילוגרמים,1.00,"ק""ג",true,,119.90,119.9000,true,1,165513
7290004480349,false,גאודה עזים משולשים במשקל,מחלבת אמלטי הולנד,IL,גאודה עיזים משולשים,קילוגרמים,1.00,"ק""ג",true,,135.90,135.9000,true,1,165521
7290004483128,false,גבינת כבשים פטריות כ,,,גבינת כבשים עם כמהין,קילוגרמים,1.00,"ק""ג",true,,215.00,215.0000,true,1,105769
7290004492274,false,בייגלה טבעות מלוחות 400 ג',אתר בייגל - Food,IL,בייגלה טבעות מלוחות,גרמים,400.00,100 גרם,false,,8.90,0.0223,true,1,14267
7290004492762,false,נשנושים תירס ב.בייגל 325 ג',אתר בייגל - Food,IL,נשנושים תירס,גרמים,325.00,100 גרם,false,,13.50,0.0415,false,1,14283
7290004494131,false,יין דלתון קברנה סוביניון גליל,"איי, בי, אינבוו",IL,דלתון גליל קברנה סוב,מיליליטרים,750.00,"100 מ""ל",false,,59.90,0.0799,true,1,15335
7290004494148,false,יין דלתון מרלו 750 מל,"איי, בי, אינבוו",IL,דלתון גליל מרלו,מיליליטרים,750.00,"100 מ""ל",false,,59.90,0.0799,false,1,15336
7290004494179,false,יין דלתון שרדונה 750 מל,"איי, בי, אינבוו",IL,יין דלתון שרדונה,מיליליטרים,750.00,"100 מ""ל",false,,59.90,0.0799,true,1,54189
7290004494315,false,יין כנען מוסקטו דלתון 750 מל,"יקב דלתון בע""מ",,מוסקטו דלתון,מיליליטרים,750.00,"100 מ""ל",false,,37.50,0.0500,true,1,22751
7290004494353,false,"יין עלמה אייבורי 750 מ""ל דלתון","יקב דלתון בע""מ",IL,יין דלתון עלמה לבן,מיליליטרים,750.00,"100 מ""ל",false,,79.90,0.1065,true,1,167188
7290004494377,false,"יין אדום שיראז סדרת דלתון 750 מ""ל","איי, בי, אינבוו",IL,דלתון גליל שיראז,מיליליטרים,750.00,"100 מ""ל",false,,59.90,0.0799,true,1,15339
7290004494599,false,"יין עלמה קרימזון 750 מ""ל דלתון","יקב דלתון בע""מ",IL,עלמה אדום כהה,מיליליטרים,750.00,"100 מ""ל",false,,79.90,0.1065,true,1,31115
7290004494919,false,יין כנען קברנה שיראז 750 מל דלתון,"יקב דלתון בע""מ",IL,כנען קברנה שיראז,מיליליטרים,750.00,"100 מ""ל",false,,37.50,0.0500,true,1,98519
7290004502690,false,וודקה פינלנדיה 1 ליטר,,,פינלנדיה 1 ליטר,ליטרים,1.00,ליטר,false,,89.90,89.9000,true,1,104214
7290004517403,false,סלט איקרה לבנה / אדו,,,סלט איקרה לבנה / אדו,גרמים,250.00,100 גרם,false,,14.90,0.0596,true,1,98799
7290004517465,false,סלט איקרה ורודה,,,סלט איקרה ורודה,גרמים,250.00,100 גרם,false,,14.90,0.0596,true,1,102364
7290004518011,false,מקרל מעושן בוואקום,,,מקרל מעושן בוואקום,קילוגרמים,1.00,"ק""ג",true,,65.00,65.0000,true,1,113904
7290004518158,false,טונה מעושנת,,,טונה מעושנת,קילוגרמים,1.00,"ק""ג",true,,150.00,150.0000,true,1,111548
7290004518226,false,מקרוסקה בוואקום,,,מקרוסקה בוואקום,קילוגרמים,1.00,"ק""ג",true,,100.00,100.0000,true,1,113765
7290004518462,false,סלומון פרוס 100 גר',,,סלומון פרוס 100 גר',יחידה,0.00,יחידה,false,,24.90,0.0000,true,1,113903
7290004518561,false,סלמון מעושן פרוס 200,,,סלמון מעושן פרוס 200,גרמים,200.00,100 גרם,false,,49.90,0.2495,true,1,118158
7290004536039,false,כפפות דלפין זוג ורוד מס8,,,כפפות דלפין,יחידה,0.00,יחידה,false,,7.50,0.0000,true,1,16981
7290004536046,false,ספונטקס - כפפות זוג מס' 9,,,כפפות דלפין,יחידה,0.00,יחידה,false,,7.50,0.0000,true,1,16982
7290004536053,false,7 כפפות דלפין 2 צבעים מס,,,כפפות מס 7,יחידה,0.00,יחידה,false,,11.90,0.0000,true,1,16983
7290004536060,false,כפפות דלפין 2 צבע מס' 8 MAPA,,,כפפות מס 8,יחידה,0.00,יחידה,false,,11.90,0.0000,true,1,16984
7290004536077,false,דלפין 2 צבע מס' 9 MAPA,,,כפפות גומי,יחידה,0.00,יחידה,false,,11.90,0.0000,true,1,16985
7290004536336,false,רפיל ספירה דוחה יתושים 45 לילות,זובלה,IL,ספירה רפיל 45 לילות,יחידה,0.00,יחידה,false,,15.90,0.0000,true,1,99882
7290004554330,false,שלגון אסקימו דובדבן,"מיוצר ע""י גלידת שטרא",IL,קרחון אסקימו דוב,יחידה,0.00,יחידה,false,,2.70,0.0000,true,1,8125
7290004554354,false,גלידת פנטזיה שוקו וניל 1 ל' שטראוס,"גלידת שטראוס בע""מ, ר",IL,גלידת פנטזיה וניל שו,יחידה,900.00,יחידה,false,,23.90,0.0266,true,1,8126
7290004554798,false,"שלגון מטרה פטל,לימון וענבים","מיוצר ע"" גלידת שטראו",IL,שלגון מקס מטרה פ,יחידה,0.00,יחידה,false,,5.50,0.0000,true,1,8131
7290004554903,false,"גלידת פנטזיה שוקו וניל 900 מ""ל שטראוס","גלידת שטראוס בע""מ",IL,פנטזיה פרווה,יחידה,900.00,יחידה,false,,23.90,0.0266,true,1,8132
7290004584306,false,רבעיית גמדים בטעם תות בננה * 100 ג' שטראוס,מיוצר עי קונדיטוריית,IL,סופר גמדים תות בננה,גרמים,400.00,100 גרם,false,,11.10,0.0277,true,1,7749
7290004584351,false,גבינה לבנה סימפוניה עם תוספות 200 ג' חמישית 200,"שטראוס בריאות בע""מ",IL,סימפוניה 5%,גרמים,200.00,100 גרם,false,,11.20,0.0560,false,1,7750
7290004584528,false,יוגורט דנונה ביו טבעי 1.7% 200 גרם,מיוצר עי קונדיטוריית,IL,יוגורט דנונה ביו 1.7,מיליליטרים,200.00,"100 מ""ל",false,,3.50,0.0175,true,1,7752
7290004585907,false,דני ועדן וניל 1.5% 125ג' שטראוס,מיוצר עי קונדיטוריית,IL,דני וניל 1.5%,מיליליטרים,130.00,"100 מ""ל",false,,2.60,0.0200,true,1,7757
7290004603175,false,מלח הארץ מלחייה גס 500 גרם,תעשיות מלח לישראל,IL,מלח גס 500 גר',גרמים,500.00,100 גרם,false,,7.90,0.0158,true,1,63950
7290004639006,false,קוסקוס טוניסאי קפוא 800 גר,מטעמי פאר,IL,קוסקוס קפוא 800 גר',גרמים,800.00,100 גרם,false,,15.90,0.0199,true,1,13460
7290004652890,false,מנצג'ו כבשים,,,מנצג'ו כבשים,קילוגרמים,1.00,"ק""ג",true,,129.00,129.0000,true,1,166191
7290004658847,false,"תירוש כרמל מיץ ענבים אדום, 187 מ""ל",יקבי כרמל,IL,יין תירוש קטן,מיליליטרים,187.00,"100 מ""ל",false,,5.90,0.0316,true,1,109444
7290004658946,false,שרדונה פרייבט קולקשי,"כד בני דרום בע""מ",IL,יין שרדונה C.P,מיליליטרים,750.00,"100 מ""ל",false,,34.90,0.0465,false,1,16130
7290004658953,false,סובניון בלאן לבן יבש 750 מל,"כד בני דרום בע""מ",IL,סוביניון בלאן P.C,מיליליטרים,750.00,"100 מ""ל",false,,34.90,0.0465,false,1,16131
7290004658960,false,יין ארמלד ריזלינג P.C לבן חצי יבש 750 מ,אגודת הכורמים הקואופ,IL,אמרלד ריזלינג PRIVAT,מיליליטרים,750.00,"100 מ""ל",false,,34.90,0.0465,false,1,16132
7290004685010,false,לחם 100% שיפון פלוס לחם הארץ 500 גר',מאפית י את א ברמן בע,IL,לחם הארץ,גרמים,500.00,100 גרם,false,,17.90,0.0358,true,1,55216
7290004685027,false,לחם חיטה מלאה פלוס לחם הארץ 500 גרם,מאפית י את א ברמן בע,IL,לחם חיטה מלאה קל,גרמים,500.00,100 גרם,false,,17.90,0.0358,true,1,55217
7290004685089,false,לחם הארץ לחם חמניות 500 גר',מאפית י את א ברמן בע,IL,לחם הארץ חמניות,גרמים,500.00,100 גרם,false,,17.90,0.0358,true,1,55257
7290004685126,false,לחם פומפרניקל לחם הארץ 750 גרם,מאפית י את א ברמן בע,IL,לחם 5 דגנים הארץ,גרמים,750.00,100 גרם,false,,17.90,0.0239,true,1,22173
7290004685157,false,לחם שיפון 100% 750 גרם לחם הארץ,מאפית י את א ברמן בע,IL,לחם הארץ שיפון 100%,גרמים,750.00,100 גרם,false,,17.90,0.0239,true,1,11432
7290004685201,false,לחם שיפון אגוזים לחם,מאפית י את א ברמן בע,IL,לחם שיפון אגוזים,גרמים,500.00,100 גרם,false,,17.90,0.0358,true,1,25205
7290004685225,false,לחם שיפון פומפרניקל מקמח שיפון,מאפית י את א ברמן בע,IL,לחם שיפון פומפרניקל,גרמים,750.00,100 גרם,false,,17.90,0.0239,true,1,11435
7290004685430,false,לחם כוסמין לחם הארץ,מאפית י את א ברמן בע,IL,לחם הארץ כוסמין 100%,גרמים,500.00,100 גרם,false,,17.90,0.0358,true,1,100466
7290004685447,false,לחמניות כוסמין 6 יחי' 450 גר',מאפית י את א ברמן בע,IL,לחמניות כוסמין שישיי,גרמים,450.00,100 גרם,false,,13.90,0.0309,true,1,113436
7290004685454,false,לחם שיבולת שועל 500 גר'.,מאפית י את א ברמן בע,IL,לחם הארץ 100% שיבולת,גרמים,500.00,100 גרם,false,,18.90,0.0378,true,1,117594
7290004725600,false,גבינה סקנדינבית במשק,תנובה חלב,IL,גבינה סקנדינבית,קילוגרמים,1.00,"ק""ג",true,,79.90,79.9000,false,1,98167
7290004731083,false,כיף אל סבון גנסינג 1 ליטר משאבה,טרופיקל דגיל תעשיות,IL,כיף ג'נסינג 1 ליטר,ליטרים,1.00,ליטר,false,,12.90,12.9000,true,1,55184
7290004731472,false,"אל סבון צבעוני כיף שלישיה* 500 מ""ל",טרופיקל דגיל תעשיות,IL,כיף סבון נוזלי שלישי,ליטרים,1.50,ליטר,false,,19.90,13.2667,true,1,21450
7290004731519,false,"מרכך ומבשם מקסימה למייבש אולטרה פרש 750 מ""ל סנו",סנו מקסימה,IL,סנו מקסימה למייבש,מיליליטרים,750.00,"100 מ""ל",false,,19.90,0.0265,true,1,19138
7290004731557,false,"סנו מקסימה למייבש מאסק 750 מ""ל",סנו מקסימה,IL,סנו מקסימה למייבש,מיליליטרים,750.00,"100 מ""ל",false,,19.90,0.0265,true,1,19139
7290004731564,false,"סנו - מקסימה מרסס למייבש כביסה פריחה כחולה 750 מ""ל",סנו מקסימה,IL,סנו מקסימה ספריי למי,מיליליטרים,750.00,"100 מ""ל",false,,19.90,0.0265,true,1,101346
7290004737719,false,אספרגוס שלם בצנצנת 330 ג' ולי פוד,heze sanqing food,CN,אספרגוס שלם מקולף 33,גרמים,330.00,100 גרם,false,,9.90,0.0300,true,1,17841
7290004737900,false,חלב מרוכז ממותק 397 גרם ויליפוד,יו.איי.בי מאריג'אמפו,LT,חלב מרוכז,גרמים,397.00,100 גרם,false,,9.90,0.0249,true,1,17843
7290004768294,false,פילה אמנון ללא עור קפוא 5-7 בלדי,בלאדי,CN,פילה אמנון 5-7 ללא ע,קילוגרמים,1.00,"ק""ג",true,,28.90,28.9000,false,1,112847
7290004829186,false,קולפן שוויצרי,,,קולפן שוויצרי,יחידה,0.00,יחידה,false,,16.90,0.0000,true,1,97121
7290004861025,false,גבינה בולגרית המושבה,"מחלבת המושבה בע""מ",IL,גבינה בולגרית המושבה,קילוגרמים,1.00,"ק""ג",true,,51.90,51.9000,true,1,65560
7290004861056,false,צפתית 5% - המושבה,"מחלבת המושבה בע""מ",IL,צפתית 5% המושבה,קילוגרמים,1.00,"ק""ג",true,,52.90,52.9000,true,1,65775
7290004861063,false,גבינת קש המושבה במשק,"מחלבת המושבה בע""מ",IL,גבינת קש המושבה במשק,קילוגרמים,1.00,"ק""ג",true,,54.90,54.9000,true,1,67932
7290004861285,false,גבינה טבורוג המושבה,"מחלבת המושבה בע""מ",IL,גבינה טבורוג המושבה,קילוגרמים,1.00,"ק""ג",true,,39.90,39.9000,true,1,31905
7290004861520,false,גבינת שמנת 5% מושבה,"מחלבת המושבה בע""מ",IL,גבינת שמנת 5% מושבה,קילוגרמים,1.00,"ק""ג",true,,34.90,34.9000,true,1,96699
7290004872731,false,טילון אקסטרים וניל 70ג',גלידות נסטלה,IL,אקסטרים וניל,יחידה,0.00,יחידה,false,,6.20,0.0000,true,1,22942
7290004952075,false,חלבה אורגנית שומשום מלא 300 גר,הרדוף,IL,חלבה אורגנית 300גר',גרמים,300.00,100 גרם,false,,19.90,0.0663,true,1,30869
7290004952778,false,טופו מפולי סויה אורגני הרדוף 300 גר,כפר בריא בעמ,IL,טופו אורגני 8.5%,גרמים,300.00,100 גרם,false,,13.90,0.0463,true,1,9452
7290004952785,false,פריכיות אורז וכוסמת דקות אורגני 100 גר ה,פרח תעשיות,IL,פריכיות אורז וכוסמת,גרמים,100.00,100 גרם,false,,11.90,0.1190,true,1,98319
7290004952792,false,פריכיות אורז מלא דק אורגני 100 גר הרדוף,פרח תעשיות,IL,פריכיות אורז מלא דקו,גרמים,100.00,100 גרם,false,,11.90,0.1190,true,1,98320
7290004955762,false,טחינה גולמית 450 גרם זארובי,זארובי,,טחינה 450 גר' זארובי,גרמים,450.00,100 גרם,false,,11.90,0.0264,true,1,119331
7290004977009,false,עמבה הודית סלטי משני,משני,,עמבה 300 גר' משני,גרמים,300.00,100 גרם,false,,12.90,0.0430,true,1,105346
7290004977016,false,ממרח לימון סלטי משני,סלטי משני,,ממרח לימון 300 גר',גרמים,300.00,100 גרם,false,,11.90,0.0397,true,1,105743
7290004982355,false,גבינת צדר טריפל במשק,שבינגטון,GB,גבינת טריפל צ'דר,קילוגרמים,1.00,"ק""ג",true,,140.00,140.0000,true,1,95370
7290004982393,false,גבינה ברס בלו במשקל1,בנוגראן,FR,גבינת ברס בלו,קילוגרמים,1.00,"ק""ג",true,,185.00,185.0000,true,1,49804
7290005000492,false,סיליקון קרם קרם לשי,,,סיליקון קרם קרם לשי,מיליליטרים,500.00,"100 מ""ל",false,,24.90,0.0498,true,1,64196
7290005000508,false,קרם סיליקון לשיער סג,,,קרם סיליקון לשיער סג,מיליליטרים,500.00,"100 מ""ל",false,,24.90,0.0498,true,1,64197
7290005000515,false,קרם סליקון כחול,,,קרם סליקון כחול,מיליליטרים,500.00,"100 מ""ל",false,,24.90,0.0498,true,1,64392
7290005000539,false,"מראה רטוב 200 מ""ל",,,"מראה רטוב 200 מ""ל",מיליליטרים,200.00,"100 מ""ל",false,,19.90,0.0995,true,1,64779
7290005000584,false,קרם לחות אובלפיחה,,,קרם לחות אובלפיחה,מיליליטרים,500.00,"100 מ""ל",false,,24.90,0.0498,true,1,64394
7290005008184,false,"פלמוליב - תחליב רחצה נטורלס שקדים 500 מ""ל",הנסיך- מפעל לייצור ט,TR,פלמוליב סבון נוזלי ש,מיליליטרים,500.00,"100 מ""ל",false,,14.90,0.0298,false,1,8331
7290005008191,false,"פלמוליב סבון נוזלי בניחוח ארומה סגול, 500 מ""ל",הנסיך- מפעל לייצור ט,TR,סבון נוזלי פלמוליב ס,מיליליטרים,500.00,"100 מ""ל",false,,14.90,0.0298,false,1,8332
7290005008436,false,מטליות אוניברסל רב שימושיות 9יח,,IL,מטליות אוניברסל תשיע,יחידה,0.00,יחידה,false,,12.90,0.0000,true,1,20242
7290005041198,false,מעדני הטלה קבב ביתי,לאטי עזרא גלם ודגים,IL,"קבב ביתי 1 ק""ג",קילוגרמים,1.00,"ק""ג",false,,45.90,45.9000,true,1,59903
7290005068058,false,תירס קל מופחת קלוריות 550 ג' פרי הגליל,"פרי הגליל בע""""מ",IL,תירס קל 550 גרם,גרמים,550.00,100 גרם,false,,6.90,0.0125,false,1,11296
7290005068492,false,לקט ירקות מעורבים 700 גרם פרי-גליל,פרי הגליל,IL,לקט ירקות מעורבים 70,גרמים,700.00,100 גרם,false,,9.90,0.0141,true,1,22673
7290005079221,false,גבינה בולגית מעודנת,מחלבת משק צוריאל,IL,בולגרית מעודנת 5% צו,קילוגרמים,1.00,"ק""ג",true,,51.90,51.9000,false,1,64060
7290005079238,false,בולגרית עיזים מעודנת,מחלבת משק צוריאל,IL,בולגרית עיזים מעודנת,קילוגרמים,1.00,"ק""ג",true,,104.90,104.9000,false,1,64054
7290005079603,false,פטה עיזים מעודנת 5%,משק צוריאל,,פטה עיזים מעודנת 5%,קילוגרמים,1.00,"ק""ג",true,,119.00,119.0000,true,1,122626
7290005084355,false,סנסודין משחת שיניים דואל קר פלואוריד 75,גלקסו סמית קליין,GB,סנסודין דואל קר,מיליליטרים,75.00,"100 מ""ל",false,,21.90,0.2920,true,1,15738
7290005111761,false,בונזו ארוחת בריאות 3 קג,"ביופט בע""מ",IL,"בונזו בשר 3 ק""ג",קילוגרמים,3.00,"ק""ג",false,,47.90,15.9667,false,1,18139
7290005113222,false,זיתים קוקטייל וגמבה יבנה 350ג',קבוצת יבנה,IL,מיקס זיתים 340 גרם ל,גרמים,340.00,100 גרם,false,,9.90,0.0291,true,1,33965
7290005169946,false,תה טיבטי קלאסי לימון 90 שקיקים,סודות המזרח,,תה טיבטי בטעם לימון,גרמים,180.00,100 גרם,false,,42.90,0.2383,true,1,26418
7290005174551,false,סלט חומוס עם צנוברים 125 ג' אחלה,מיוצר עי קונדיטוריית,IL,סלט חומוס אחלה א,גרמים,125.00,100 גרם,false,,4.70,0.0376,true,1,7761
7290005174575,false,טחינה אחלה יום יום משובחת 125ג',מיוצר עי קונדיטוריית,IL,סלט טחינה אישי א,גרמים,125.00,100 גרם,false,,4.70,0.0376,true,1,7763
7290005175428,false,"קמח תירס לל""ג ריבארה 500 ג'",וילי פוד,AR,קמח תירס אינסטנט,גרמים,500.00,100 גרם,false,,6.00,0.0120,true,1,17845
7290005175589,false,וילי פוד קמח תירס ללא גלוטן 1קג,וילי פוד,AR,קמח תירס 1 קג,יחידה,1.00,יחידה,false,,9.30,9.3000,true,1,40652
7290005197758,false,עוגיות חיוכים שוקו שוקו 150ג',אפיפית נצרת תעשיות ב,IL,חיוכים שוקו עלית,גרמים,150.00,100 גרם,false,,5.00,0.0333,true,1,10455
7290005199738,false,גומי מאסט בטעם פפרמינט ריח פה נעים פליפטופ 28 ג' עלית,"שטראוס גרופ בע""מ",IL,מסטיק מאסט בטעם פפרמ,גרמים,28.00,100 גרם,false,,4.40,0.1571,false,1,10477
7290005200786,false,תפוצ'יפס שמנת ובצל 50 גרם,"שטראוס פריטו ליי בע""",IL,תפוציפס 50,גרמים,50.00,100 גרם,false,,3.90,0.0780,true,1,10987
7290005201455,false,קפה נמס ארומה קלאסי 200 גרם,"אינסטנטה בע""מ",IL,קפה נמס מגורען ארומה,גרמים,200.00,100 גרם,false,,21.90,0.1095,false,1,10489
7290005201882,false,קפה טורקי עלית 200 גרם,הנסיך- מפעל לייצור ט,IL,קפה טורקי 200,גרמים,200.00,100 גרם,false,,14.90,0.0745,false,1,10494
7290005270000,false,עלי סיגר מרוקאי 500,"חמים וטעים בע""מ",IL,עלי סיגר מרוקאי 500,גרמים,500.00,100 גרם,false,,14.90,0.0298,true,1,15707
7290005287206,false,טונה סטארקיסט בשמן רביעיות 4*160 גר,"סטארקיסט פודור בע""מ",IL,רביעייה טונה בשמן 4x,גרמים,640.00,100 גרם,false,,24.90,0.0389,false,1,18143
7290005287251,false,טונה סטארקיסט במים רביעיות 4*160 גר,"סטארקיסט פודור בע""מ",IL,רביעייה טונה סטארקיס,גרמים,640.00,100 גרם,false,,24.90,0.0389,false,1,21783
7290005287510,false,טונה בשמן עם בפלפל חריף 160 ג' סטארקיסט,תאי יוניון גרופ,TH,טונה סטארקיסט בשמן פ,גרמים,160.00,100 גרם,false,,7.60,0.0475,true,1,59437
7290005287527,false,טונה סטארקיסט בשמן עם לימון 160 גר,"סטארקיסט פודור בע""מ",TH,טונה סטארקיסט בשמן ל,גרמים,160.00,100 גרם,false,,7.60,0.0475,true,1,60011
7290005287534,false,טונה בשמן עישון טבעי 160 ג' סטארקיסט,תאי יוניון גרופ,TH,טונה סטארקיסט בשמן ע,גרמים,160.00,100 גרם,false,,7.60,0.0475,true,1,59975
7290005287657,false,סטארקיסט ממרח טונה 160 ג',"סטארקיסט פודור בע""מ",IL,ממרח טונה סטאר קיסט,גרמים,160.00,100 גרם,false,,7.90,0.0494,true,1,33755
7290005296246,false,"פותח סתימות דריין אאוט 946 מ""ל יעקבי",יוליניבר,US,פותח סתימות,מיליליטרים,946.00,"100 מ""ל",false,,29.90,0.0316,true,1,15880
7290005296260,false,"אסטוניש ספריי רסס ונגב לניקוי כללי 750 מ""ל",יעקובי אסטוניש,GB,אסטוניש רסס נגב,מיליליטרים,750.00,"100 מ""ל",false,,11.90,0.0159,true,1,15881
7290005296857,false,"פוליבוי מרסס לכל סוגי הרהיטים 500 מ""ל",דרמרס DRAMERS,PL,פוליבוי מרסס לכל הרה,מיליליטרים,300.00,"100 מ""ל",false,,14.90,0.0497,true,1,15889
7290005296871,false,נוזל פוליבוי לניקוי,פוליבוי,DE,פוליבוי לרהיטי ע,מיליליטרים,100.00,"100 מ""ל",false,,14.90,0.1490,true,1,15891
7290005296888,false,פוליבוי פוליטור לרהי,פוליבוי,DE,פוליבוי פוליטורה,מיליליטרים,100.00,"100 מ""ל",false,,16.90,0.1690,true,1,15892
7290005326387,false,עגבניות מיובשות בשמן זית אוליביה 280ג',אוליביה,IL,עגבניות מיובשות אולי,גרמים,280.00,100 גרם,false,,19.90,0.0711,true,1,9230
7290005326523,false,ממרח פסטו פטרוזיליה ונענע אוליביה 180 גר,אוליביה,IL,פסטו פטרוזליה ונענע,גרמים,180.00,100 גרם,false,,13.90,0.0772,true,1,90630
7290005326585,false,ממרח אוליביה פסטו בזיליקום 180 ג',"אוליביה גורמה בע""מ",IL,פסטו בזיליקום אוליבי,גרמים,180.00,100 גרם,false,,12.90,0.0717,true,1,106729
7290005326677,false,רוטב ברביקיו אוליביה 350 גר,,IL,רוטב ברביקיו 350 גר',גרמים,350.00,100 גרם,false,,13.90,0.0397,true,1,107129
7290005400155,false,פתיתים כוסמין אפויים,שיבולים בני דרום,IL,פתיתים כוסמין אפויים,גרמים,500.00,100 גרם,false,,15.90,0.0318,true,1,103820
7290005423499,false,"סנו נירוסטה אירוסול 500 מ""ל",מיוצר עי קונדיטוריית,IL,סנו נירוסטה,מיליליטרים,500.00,"100 מ""ל",false,,19.90,0.0398,true,1,19153
7290005423505,false,"אורביטול מי פה להלבנת השיניים 500 מ""ל",קוסמופארם,IL,מי פה אורביטול,מיליליטרים,500.00,"100 מ""ל",false,,19.90,0.0398,true,1,38024
7290005423567,false,מטליות לניקוי כללי בגליל 40 יח' סנו סושי,אסותא תעשיות אלבד בע,IL,מטליות לניקוי כללי צ,יחידה,0.00,יחידה,false,,19.90,0.0000,true,1,19154
7290005423635,false,ריצפז נוזל לניקוי רצפות דוחה חרקים 2 ל',מיוצר עי קונדיטוריית,IL,ריצפז דוחה חרקים,ליטרים,2.00,ליטר,false,,21.90,10.9500,false,1,19155
7290005423734,false,סנו - מקסימה מרכך כביסה אולטרה פרש 4 ליטר,"סנו מפעלי ברונוס בע""",IL,מרכך סנו 4 ליטר,ליטרים,4.00,ליטר,false,,21.90,5.4750,false,1,19156
7290005423833,false,סנו פוליויקס פרקט 2 ליטר,"סנו מפעלי ברונוס בע""",IL,פוליוקס פרקט,ליטרים,2.00,ליטר,false,,19.90,9.9500,true,1,19157
7290005423871,false,אורביטול שלשות משחת שיניים מנטול מרכז,טרופיקל דגיל קוסמטיק,IL,אורביטול שלישיה,גרמים,435.00,100 גרם,false,,19.90,0.0457,true,1,21468
7290005423918,false,סנו - מקסימה מרכך כביסה היפואלרגני אלוורה 4 ליטר,סאנו,IL,מרכך כביסה סנו מקסימ,ליטרים,4.00,ליטר,false,,22.90,5.7250,false,1,19159
7290005424113,false,מטליות רצפה 4 יח' סנו סושי,סנו סושי,IL,סנו סושי מטליות,יחידה,0.00,יחידה,false,,13.00,0.0000,true,1,19161
7290005424311,false,קוטל חרקים זוחלים ומעופפים,מיוצר עי קונדיטוריית,IL,סנו K רב קוטל,מיליליטרים,475.00,"100 מ""ל",false,,21.90,0.0461,true,1,19163
7290005424403,false,"אל סבון כיף אצות ים קטיפתי 1ליטר,",טרופיקל דגיל תעשיות,IL,כיף 1 ליטר אצות ים,ליטרים,1.00,ליטר,false,,12.90,12.9000,true,1,55185
7290005424472,false,אורביטול מי פה להלבנת שיניים 1 ל',אורביטול,IL,מי פה אורביטול 1 ליט,ליטרים,1.00,ליטר,false,,29.90,29.9000,true,1,99146
7290005424700,false,סנו - פורטה פלוס מרסס מסיר שומנים 1 ליטר,סנו,IL,סנו פורטה פלוס 1 ליט,ליטרים,1.00,ליטר,false,,18.90,18.9000,true,1,106595
7290005424755,false,מטליות ריצפז פלוס לחות לניקוי רצפות דוחה תיקנים 10 יח' סנו,סנו מפעלי ברונוס בעמ,IL,מטליות לחות לניקוי ר,יחידה,0.00,יחידה,false,,15.90,0.0000,true,1,106790
7290005424762,false,נוזל רצפות ריצפז ווקס דוחה חרקים 2 ליטר,"סנו מפעלי ברונוס בע""",IL,ריצפז ווקס דוחה,ליטרים,2.00,ליטר,false,,31.90,15.9500,true,1,19167
7290005424847,false,מפיות סנו סושי לבן לאירוח 150יח',מיוצר עי קונדיטוריית,TR,סנו סושי מפיות אירוח,יחידה,0.00,יחידה,false,,7.90,0.0000,true,1,19169
7290005424991,false,"פרש אוטומטיק בניחוח בייבי פאודר 250 מ""ל סנו",החברה הדרומית,IL,פרש אוטומטיק בייבי,מיליליטרים,250.00,"100 מ""ל",false,,14.90,0.0596,true,1,113997
7290005425110,false,"חיטוי משטחים 99.9% מתז מחטא ומשמיד 750 מ""ל","סנו מפעלי ברונוס בע""",IL,סנו חיטוי משטחים 99.,מיליליטרים,750.00,"100 מ""ל",false,,14.90,0.0199,true,1,110053
7290005425127,false,"חיטוי משטחים 99.9% מתז לשומנים ואבנית 750 מ""ל","סנו מפעלי ברונוס בע""",IL,סנו חיטוי וניקוי יסו,מיליליטרים,750.00,"100 מ""ל",false,,14.90,0.0199,true,1,110054
7290005425196,false,"סנו לכביסה מקסימה סנסיטיב 2.5 ק""ג",מיוצר עי קונדיטוריית,IL,סנו מקסימה 5 2 ק,קילוגרמים,2.50,"ק""ג",false,,25.90,10.3600,false,1,19177
7290005425202,false,אבקת כביסה ביו מקסימה לכתמים קשים,"סנו מפעלי ברונוס בע""",IL,סנו מקסימה 5 2 ק,קילוגרמים,2.50,"ק""ג",false,,25.90,10.3600,false,1,19178
7290005425585,false,סנו רהיט מטליות להברקת רהיטים 20יח',טרופיקל דגיל,IL,מטליות סנו רהיט,יחידה,0.00,יחידה,false,,13.90,0.0000,true,1,19180
7290005425646,false,סנו קליר ספריי אקדח לניקוי והברקת חלונות 1ל',"סנו מפעלי ברונוס בע""",IL,סנוקליר נוזל רב תכלי,ליטרים,1.00,ליטר,false,,11.90,11.9000,false,1,19181
7290005425714,false,לשטיחים סנופלוס ספרי,"איי, בי, אינבוו",IL,סנו שמפו שטיחים,מיליליטרים,600.00,"100 מ""ל",false,,23.90,0.0398,true,1,19183
7290005426186,false,סקוטש ענק סנו סושי שלישיה,סנו סושי,IL,סקוטש ענק סושי,יחידה,0.00,יחידה,false,,20.00,0.0000,true,1,44688
7290005426193,false,ספוג הפלא אריזת סנו 6יח',טרופיקל דגיל תעשיות,IL,ספוג פלא סנו סוש,יחידה,0.00,יחידה,false,,11.50,0.0000,false,1,19188
7290005426230,false,מטלית הפלא לרצפה מיקרופייבר סנו 1יח',סנו סושי,CN,סושי סחבה לריצפה,יחידה,0.00,יחידה,false,,11.90,0.0000,false,1,19189
7290005426384,false,"סנומוד מיס מיליון, 150 מ""ל",סנומוד,IL,סנומוד תרסיס,מיליליטרים,150.00,"100 מ""ל",false,,12.90,0.0860,true,1,19193
7290005426803,false,סנו מקסימה מרכך כביסה פצ''ולי סגול 4 ל',סנו מקסימה,IL,מרכך סנו מקסימה,ליטרים,4.00,ליטר,false,,21.90,5.4750,false,1,27732
7290005426964,false,סנובון כחול בריח אפרסק 3 יח' * 55 ג',סנו סנובון,IL,סנובון שלישיה אפ,גרמים,165.00,100 גרם,false,,13.90,0.0842,false,1,19213
7290005427107,false,סנו - סושי מגבות נייר הפלא 6 יחידות,מיוצר עי קונדיטוריית,IL,סושי מגבות הפלא למטב,יחידה,0.00,יחידה,false,,11.90,0.0000,false,1,19218
7290005427725,false,מגבונים ליטופים מארז חמישיה,טרופיקל דגיל קוסמטיק,IL,מגבונים ליטופים מארז,יחידה,0.00,יחידה,false,,18.90,0.0000,false,1,25572
7290005427848,false,מטלית בגליל ורוד 40 יח' סנו סושי,סנו סושי,IL,סנו מטליות בגליל ורו,יחידה,0.00,יחידה,false,,19.90,0.0000,true,1,19240
7290005428852,false,ממחטות טישו צבעוניים סנו סופט 5 יח' *100דף,ישרפייפר,IL,סנו סופט מגבוני טישו,גרמים,650.00,100 גרם,false,,15.90,0.0245,true,1,19252
7290005429279,false,סנו מקסימה קומפקט קומפקט אפקט גאוול 6 ק,סנו מקסימה,IL,סנו מקסימה אפקט ג'או,קילוגרמים,6.00,"ק""ג",false,,49.90,8.3167,false,1,42390
7290005429286,false,"אבקת כביסה מקסימה ביו 6 ק""ג סנו",סנו מקסימה,IL,סנו מקסימה ביו 6 קג,קילוגרמים,6.00,"ק""ג",false,,49.90,8.3167,false,1,42391
7290005430480,false,מטלית הפלא מיקרופייבר סנו סושי,סנו סושי,CN,מטלית הפלא סנו,יחידה,0.00,יחידה,false,,7.50,0.0000,true,1,19256
7290005430602,false,סנו אוקסיגן מסיר כתמים קשים מרסס 750 מל,"סנו מפעלי ברונוס בע""",IL,מסיר כתמים סנו,מיליליטרים,750.00,"100 מ""ל",false,,19.90,0.0265,false,1,19257
7290005430671,false,סנו פוליויקס 2 ליטר +קרמיקה,סנו מפעלי ברונו בעמ,IL,פוליוקס קרמיקה,ליטרים,2.00,ליטר,false,,19.90,9.9500,false,1,19259
7290005430961,false,סנו - מקסימה בד גארד נוזל 1 ליטר,יושלם,,בד גארד נוזל 1 ל,ליטרים,1.00,ליטר,false,,17.50,17.5000,true,1,31510
7290005431159,false,עדן קינוחים תותים בקצפת לייט,עדן קינוחים,IL,תותים בקצפת לייט,גרמים,80.00,100 גרם,false,,6.90,0.0863,true,1,129446
7290005431883,false,עדן קינוחים מלבי חלבי,עדן קינוחים Eden,IL,מלבי חלבי 165 גר',גרמים,165.00,100 גרם,false,,6.90,0.0418,true,1,113867
7290005431906,false,קדאיף עדן קינוחים 82,עדן קינוחים Eden,IL,קדאיף 82 גר',גרמים,82.00,100 גרם,false,,6.90,0.0841,true,1,113869
7290005431913,false,עדן קינוחים עוגת גבינה פירורים,עדן קינוחים Eden,IL,עוגת גבינה פירורים 9,גרמים,92.00,100 גרם,false,,6.90,0.0750,true,1,113870
7290005431920,false,עדן קינוחים עוגת גבינה פירורים לייט,עדן קינוחים Eden,IL,עוגת גבינה פירורים ל,גרמים,78.00,100 גרם,false,,6.90,0.0885,true,1,113871
7290005431937,false,עדן קינוחים טירמיסו,עדן קינוחים Eden,IL,טירמיסו 82 גר',גרמים,82.00,100 גרם,false,,6.90,0.0841,true,1,113872
7290005431968,false,עדן קינוחים מלבי שמנת,עדן קינוחים Eden,IL,מלבי שמנת,גרמים,150.00,100 גרם,false,,7.90,0.0527,true,1,117319
7290005477669,false,דרמפון-ס.נוזלי מועשר בלחות 1 ליטר,"אמיליה קוסמטיקס בע""מ",IL,דרמפון מועשר לחו,ליטרים,1.00,ליטר,false,,15.90,15.9000,true,1,18941
7290005509445,false,כרמית מיני קוקיס בטעם חמאה 600 גרם,כרמית תעשיות ממתקים,IL,מיני קוקיס בטעם חמאה,גרמים,600.00,100 גרם,false,,15.90,0.0265,true,1,14503
7290005559709,false,בורקס פיצה מעדנות 700 ג',"מעדנות בע""מ",IL,בורקס פיצה,גרמים,700.00,100 גרם,false,,24.90,0.0356,false,1,9699
7290005559907,false,פיצה משפחתית גבינה מעדנות 500 גר,מיוצר עי קונדיטוריית,IL,פיצה משפחתית גבינה,גרמים,500.00,100 גרם,false,,19.90,0.0398,false,1,9703
7290005559914,false,פיצה משפחתית זיתים מעדנות 550 גר,מיוצר עי קונדיטוריית,IL,פיצה משפחתית זיתים,גרמים,550.00,100 גרם,false,,19.90,0.0362,false,1,9704
7290005559990,false,בצק פילאס תורכי מעדנות 600 גרם,מיוצר עי קונדיטוריית,IL,בצק פילס תורכי,גרמים,600.00,100 גרם,false,,19.90,0.0332,false,1,9712
7290005569029,false,שיני שום קלופות,חקלאי,IL,שום קלוף 170 גר',גרמים,170.00,100 גרם,false,,8.90,0.0524,true,1,132966
7290005589027,false,לקקן מוצץ / תרנגול 1,,,לקקן מוצץ / תרנגול 1,גרמים,90.00,100 גרם,false,,12.90,0.1433,true,1,120219
7290005589492,false,חיטה מלאה תפוחה בציפ,מפעלי דגן,IL,חיטה מלאה תפוחה בציפ,גרמים,200.00,100 גרם,false,,6.50,0.0325,true,1,91898
7290005589744,false,דגן פיצפוצי אורז מלא,מפעלי דגן,,דגן פיצפוצי אורז מלא,גרמים,200.00,100 גרם,false,,8.50,0.0425,true,1,92460
7290005591761,false,דבש טהור מפרחי בר בלחיץ 400 ג' יד מרדכי,מכוורת יד מרדכי שטרא,IL,דבש יד מרדכי לחיץ טה,גרמים,400.00,100 גרם,false,,27.90,0.0697,false,1,10495
7290005617355,false,מברשת עץ לנעליים,,,מברשת לנעליים,יחידה,0.00,יחידה,false,,7.90,0.0000,true,1,56173
7290005617379,false,יעה נצמד - ז.ס.,Moperia,IT,יעה,יחידה,0.00,יחידה,false,,6.20,0.0000,true,1,55522
7290005617423,false,מטאטא מגן+מקל,,,מטאטא מגן+מקל,יחידה,0.00,יחידה,false,,27.90,0.0000,true,1,64171
7290005617492,false,דלי ידית פלסטיק 12ליטר,,,דלי ידית פלסטיק 12,יחידה,0.00,יחידה,false,,12.00,0.0000,true,1,55544
7290005617645,false,מגב חלון פלסטיק 20 -,ideal houseware,CN,מגב חלון פלסטיק 20,יחידה,0.00,יחידה,false,,4.90,0.0000,true,1,55524
7290005617652,false,מטאטא שיער סוס+מקל,,,מטאטא שיער סוס+מקל,יחידה,0.00,יחידה,false,,43.90,0.0000,true,1,56691
7290005617690,false,מברשת שירותים,ideal houseware,CN,מברשת לשרותים,יחידה,0.00,יחידה,false,,5.40,0.0000,true,1,56112
7290005617850,false,מטאטא מרצדס זהב - ז.,Mascot,IT,מטאטא מרצדס,יחידה,0.00,יחידה,false,,30.00,0.0000,true,1,55525
7290005617898,false,חבל כביסה 20 מטר,,,חבל כביסה 20 מטר,יחידה,0.00,יחידה,false,,12.50,0.0000,true,1,59221
7290005617935,false,מברשת כלים ידית גומי,Ningbo cleaning indu,CN,מברשת כלים ידית גומי,יחידה,0.00,יחידה,false,,10.90,0.0000,true,1,55527
7290005617980,false,מברשת ציפורניים,,,מברשת ציפורניים,יחידה,0.00,יחידה,false,,4.50,0.0000,true,1,55547
7290005651069,false,"לה קט מיקס 2.85 ק""ג","ביופט בע""מ",IL,"לה קט מיקס 2.85 ק""ג",קילוגרמים,2.85,"ק""ג",false,,59.90,21.0175,false,1,18146
7290005651366,false,מזון כלבים בונזו כבד,united pet food,FR,"בונזו כבד 3 ק""ג",קילוגרמים,3.00,"ק""ג",false,,47.90,15.9667,false,1,18147
7290005651427,false,שלישיות מעדני בונזו לכלבים 400X3 גרם,בונזו,FR,שלישיית מעדן בונזו מ,קילוגרמים,1.23,"ק""ג",false,,16.90,13.7398,true,1,18148
7290005658990,false,כעכים מלוחים שיבולת,,,כעכים מלוחים שיבולת,גרמים,300.00,100 גרם,false,,18.90,0.0630,true,1,167624
7290005684418,false,לחם כוסמין אורגני 700 גר,המאפיה של הרמן,IL,לחם כוסמין אורגני,גרמים,600.00,100 גרם,false,,14.90,0.0248,true,1,50655
7290005684487,false,לחמניות כוסמין מקמח 6*70גר,המאפיה של הרמן,IL,לחמניות כוסמין שישיי,גרמים,420.00,100 גרם,false,,12.90,0.0307,true,1,107725
7290005684579,false,לחם מחמצת כוסמין 700 ג',מאפית ברמן,IL,לחם מחמצת כוסמין,גרמים,700.00,100 גרם,false,,14.90,0.0213,true,1,116815
7290005697210,false,סנט מור עיזים גלילי,גלילי,,סנט מור עיזים גלילי,קילוגרמים,1.00,"ק""ג",true,,189.90,189.9000,true,1,109130
7290005697272,false,תום עיזים מונפורט מנות שקיל,גלילי,,גבינת תום עיזים מונפ,קילוגרמים,1.00,"ק""ג",true,,179.90,179.9000,true,1,62865
7290005697289,false,גבינת תום עיזים מורב,גלילי,,גבינת מורבייה עיזים,קילוגרמים,1.00,"ק""ג",true,,179.90,179.9000,true,1,62867
7290005697296,false,תום בורדו עיזים מנות,גלילי,,תום בורדו עיזים מנות,קילוגרמים,1.00,"ק""ג",true,,199.00,199.0000,true,1,90779
7290005697326,false,גבינת פקורינו במשקל,גלילי,,גבינת פיקורינו,קילוגרמים,1.00,"ק""ג",true,,179.90,179.9000,true,1,62869
7290005697333,false,קממבר עיזים מנות שקיל גלילי,גלילי,,קממבר עיזים,קילוגרמים,1.00,"ק""ג",true,,165.90,165.9000,true,1,62870
7290005697340,false,גבינת ברי עיזים טבעי,גלילי,,גבינת ברי עיזים,קילוגרמים,1.00,"ק""ג",true,,165.90,165.9000,true,1,62871
7290005697364,false,גבינת פרובנס עיזים ע,גלילי,,גבינת בוקר פרובנס עי,קילוגרמים,1.00,"ק""ג",true,,175.90,175.9000,true,1,62873
7290005697371,false,טרופלס גבינת קממבר כ,גלילי,,טרופלס גבינת קממבר כ,קילוגרמים,1.00,"ק""ג",true,,179.90,179.9000,true,1,62874
7290005697388,false,גבינת קממבר גלילי במ,גלילי,,קממברט גלילי מנות,קילוגרמים,1.00,"ק""ג",true,,129.00,129.0000,true,1,90780
7290005697395,false,גבינת ברי גלילי במשק,גלילי,,ברי גלילי,קילוגרמים,1.00,"ק""ג",true,,129.00,129.0000,true,1,92128
7290005697494,false,גבינת תום כמהין,מחלבת גלילי,,גבינת תום כמהין,קילוגרמים,1.00,"ק""ג",true,,194.90,194.9000,true,1,103071
7290005697517,false,"יוגורט עיזים טבעי ביו 500 מ""ל",גלילי,IL,יוגורט עיזים טבעי בי,מיליליטרים,500.00,"100 מ""ל",false,,16.90,0.0338,true,1,92773
7290005697524,false,"יוגורט עיזים תמרים ביו 500 מ""ל",גלילי,IL,יוגורט עיזים תמרים ב,מיליליטרים,500.00,"100 מ""ל",false,,17.50,0.0350,true,1,92774
7290005697531,false,"יוגורט עיזים תות ביו 500 מ""ל",גלילי,IL,יוגורט עיזים תות ביו,מיליליטרים,500.00,"100 מ""ל",false,,17.50,0.0350,true,1,92775
7290005697548,false,"יוגורט עיזים פירות יער ביו 500 מ""ל",גלילי,IL,יוגורט עיזים פירות י,גרמים,500.00,100 גרם,false,,17.50,0.0350,true,1,92972
7290005697555,false,יוגורט עיזים טבעי בי,חוות רום,IL,יוגורט עיזים טבעי בי,ליטרים,1.00,ליטר,false,,21.00,21.0000,true,1,94383
7290005697630,false,"יוגורט עיזים ביו תאנים 500 מ""ל",בי או די רגבים,IL,גלילי- יוגורט עיזים,גרמים,500.00,100 גרם,false,,17.50,0.0350,true,1,96373
7290005697708,false,יוגורט עיזים טבעי מחלבת גלילי 1 ליטר,,,יוגורט טבעי 1 ליטר,ליטרים,1.00,ליטר,false,,19.90,19.9000,true,1,168304
7290005697814,false,יוגורט אורגני טבעי 1,חוות רום,,יוגורט טבעי 1 ליטר 3,ליטרים,1.00,ליטר,false,,25.90,25.9000,true,1,168309
7290005733666,false,מגבעות בד/משקפת/מטרי,צעצועי דורון,,טבעות בקופסת לב,יחידה,0.00,יחידה,false,,16.90,0.0000,true,1,46562
7290005733703,false,משחק הרכבה,צעצועי דורון,,משחק הרכבה,יחידה,0.00,יחידה,false,,16.90,0.0000,true,1,68017
7290005733994,false,בייבליידס בקופסה,צעצועי דורון,,בייבליידס בקופסה,יחידה,0.00,יחידה,false,,26.90,0.0000,true,1,46564
7290005734014,false,בובה+ אביזרים,צעצועי דורון,,בובה+ אביזרים,יחידה,0.00,יחידה,false,,26.90,0.0000,true,1,46576
7290005734274,false,כלי רכב צעצועי דורון,צעצועי דורון,,כלי רכב צעצועי דורון,יחידה,0.00,יחידה,false,,26.90,0.0000,true,1,46577
7290005734632,false,משחקים בקופסא - ב,צעצועי דורון,,משחקי קופסא,יחידה,0.00,יחידה,false,,15.00,0.0000,true,1,46566
7290005734663,false,מגוון סטים של כלים לחוף,צעצועי דורון,,סט כלים לים,יחידה,0.00,יחידה,false,,16.90,0.0000,true,1,46567
7290005735974,false,משחקים הרכבה (ימ),צעצועי דורון,,משחקי הרכבה,יחידה,0.00,יחידה,false,,26.90,0.0000,true,1,46591
7290005789380,false,פרשיס קוסמטיקס מגבונים להסרת איפור 54 יח',ווטנאפס,,פרשיס קוסמטיקס להסרת,יחידה,0.00,יחידה,false,,14.90,0.0000,true,1,24852
7290005838002,false,מעדן גבינה ויוגורט בטעם וניל 88 ג' דניאלה,"שטראוס בריאות בע""מ",IL,דניאלה 5%,מיליליטרים,150.00,"100 מ""ל",false,,4.10,0.0273,true,1,7769
7290005838613,false,שטראוס גבינת וניל 3% 125ג,"שטראוס בריאות בע""מ",IL,סקי וניל 3%,גרמים,125.00,100 גרם,false,,3.70,0.0296,false,1,7774
7290005838972,false,גבינת יום יום 5% שטראוס 125ג',מיוצר עי קונדיטוריית,IL,סקי % 3 125 גר,גרמים,125.00,100 גרם,false,,3.10,0.0248,true,1,7776
7290005839078,false,"דנונה יוגורט ביו 3% לבן מארז 150X8מ""ל",מיוצר עי קונדיטוריית,IL,דנונה ביו 3% שמיניה,ליטרים,1.20,ליטר,false,,16.80,14.0000,true,1,7779
7290005839108,false,גבינה לבנה סימפוניה עם תוספות 200 ג'+זיתים 5%,"שטראוס בריאות בע""מ",IL,סימפוניה זיתים 5%,גרמים,200.00,100 גרם,false,,11.20,0.0560,false,1,7780
7290005839313,false,"מילקי טופ שוקולד מגולגל 170 מ""ל",מיוצר עי קונדיטוריית,IL,מילקי טופ 8%,מיליליטרים,130.00,"100 מ""ל",false,,4.60,0.0354,true,1,7782
7290005854569,false,שלגון בננה מצופה שוקולד,שטראוס,,שלגון שוקו בננה,יחידה,0.00,יחידה,false,,4.90,0.0000,true,1,8136
7290005896415,false,"בירה איגל לאגר פרימיום 5% 500 מ""ל פחית","טמפו משקאות בע""מ",IL,בירה איגל פחית 500 מ,מיליליטרים,500.00,"100 מ""ל",false,,5.50,0.0110,true,1,101830
7290005896439,false,"בירה מכבי בקבוק חוזר 500 מ""ל","טמפו משקאות בע""מ",IL,מכבי בירה בקבוק 500,מיליליטרים,500.00,"100 מ""ל",false,,6.20,0.0124,false,1,53380
7290005896620,false,מים מוגז ' סאן בנדטו ' יחידה,אקווה מינרלה סאן בנד,IT,מים סאן בנדטו מו,ליטרים,1.50,ליטר,false,,4.50,3.0000,true,1,20813
7290005896637,false,מים סן בנדטו בודד 1.5 ליטר-,אקווה מינרלה סאן בנד,IT,מים סאן בנדטו 1.5 לי,ליטרים,1.50,ליטר,false,,4.00,2.6667,true,1,146507
7290005930720,false,חמאת גוף מסק שיק ספא,,,חמאת גוף מסק שיק ספא,מיליליטרים,350.00,"100 מ""ל",false,,25.90,0.0740,true,1,51880
7290005930805,false,חמאת גוף אורכיד 350מ,,,חמאת גוף אורכיד 350מ,מיליליטרים,350.00,"100 מ""ל",false,,25.90,0.0740,true,1,51443
7290005938245,false,ממרח פסטו קלאסי פרסקו 220ג' מצונן,מיוצר עי פרסקו חצבה,IL,פסטו קלאסי 220 גר',גרמים,220.00,100 גרם,false,,16.90,0.0768,true,1,53020
7290005938603,false,פרסקו טפנד זיתים שחו,פרסקו חצבה,IL,טפנד זיתים שחורים,גרמים,220.00,100 גרם,false,,16.90,0.0768,true,1,53244
7290005966033,false,"יין הר חרמון לבן 750 מ""ל",יקבי רמת הגולן,IL,הר חרמון לבן,מיליליטרים,750.00,"100 מ""ל",false,,29.90,0.0399,false,1,13764
7290005966088,false,"יין הר חרמון אדום עברית 750 מ""ל",יקבי רמת הגולן,IL,הר חרמון אדום,מיליליטרים,750.00,"100 מ""ל",false,,29.90,0.0399,false,1,13766
7290005966262,false,ירדן גוורצטרמינר,,,ירדן גוורצטרמינר,מיליליטרים,750.00,"100 מ""ל",false,,64.90,0.0865,false,1,13769
7290005966347,false,יין גמלא סובניון בלנק 750 מל,יקבי רמת הגולן,IL,גמלא השמורה סוביניון,מיליליטרים,750.00,"100 מ""ל",false,,49.90,0.0665,true,1,13772
7290005966354,false,"יין סובניון בלנק 2021 750 מ""ל",יקבי רמת הגולן,,ירדן סוביניון בלאן,מיליליטרים,750.00,"100 מ""ל",false,,65.00,0.0867,true,1,98582
7290005966422,false,יין ירדן שרדונה 2020 750 מל,יקבי רמת הגולן,,ירדן שרדונה,מיליליטרים,750.00,"100 מ""ל",false,,65.00,0.0867,true,1,13776
7290005992018,false,"יוגורט עיזים לשתיה 3% 500 מ""ל רובין","מיוצר ע""י קוד יצרן M",IL,יוגורט עיזים,יחידה,500.00,יחידה,false,,13.90,0.0278,true,1,20616
7290005992575,false,בולגרית למריחה 5% 250 גרם - רבנות,מחלבות גד בעמ,IL,בולגרית למריחה 5%,גרמים,250.00,100 גרם,false,,17.90,0.0716,true,1,20622
7290005992735,false,לאבנה טבעית 5% 250 גר' - רבנות,הנסיך- מפעל לייצור ט,IL,לבנה 5% גד 250 גרם,גרמים,250.00,100 גרם,false,,12.00,0.0480,true,1,16832
7290005992858,false,גבינת פטה עיזים במשק,יושלם,IL,פטה עיזים גד 5%,קילוגרמים,1.00,"ק""ג",true,,119.90,119.9000,true,1,48436
7290005992872,false,גבינה צפתית 5% מעודנ,מחלבות גד,IL,צפתית 5% במים גד,קילוגרמים,1.00,"ק""ג",true,,63.90,63.9000,false,1,20628
7290005996009,false,סלמי גלילי מעושן 400 ג' יחיעם,יחיעם,,סלמי גליל מעושן 400,גרמים,400.00,100 גרם,false,,21.90,0.0547,true,1,110777
7290005996078,false,סלמי סרוולט הונגרי 1,מעדני יחיעם,IL,סרוולט הולגרי 125 גר,גרמים,125.00,100 גרם,false,,26.90,0.2152,true,1,115860
7290005996153,false,נקניקיות צרפתיות פרימיום 280 גרם,מעדני יחיעם,IL,נקניקיות צרפתיות פרמ,גרמים,280.00,100 גרם,false,,20.90,0.0746,true,1,114505
7290005996160,false,נקניקיות צוריסו פרימיום 280 גרם,מעדני יחיעם,IL,נקניקיות צוריסו פרימ,גרמים,280.00,100 גרם,false,,20.90,0.0746,true,1,114506
7290005996221,false,פסטרמה של פעם דק דק 120 גרם,מעדני יחיעם,IL,פסטרמה של פעם דק דק,גרמים,120.00,100 גרם,false,,11.90,0.0992,true,1,116724
7290005996238,false,פסטרמה בדבש דק דק 120 גרם,מעדני יחיעם,IL,פסטרמה בדבש דק דק 12,גרמים,120.00,100 גרם,false,,11.90,0.0992,true,1,116725
7290005996276,false,פסטרמה ברביקיו דק דק 120 גרם,מעדני יחיעם,IL,פסטרמה ברביקיו דק דק,גרמים,120.00,100 גרם,false,,11.90,0.0992,true,1,117065
7290006199027,false,מאגדת גלידל וניל מצופה סורבה תות שדה [8],הגלידות של פלדמן,IL,מאגדת גלידל דיאט שלג,גרמים,600.00,100 גרם,false,,29.90,0.0498,true,1,27506
7290006199218,false,מאגדת גלידל אייס מוקה 8 יח דיאט,הגלידות של פלדמן,IL,מאגדת גלידל דיאט שלג,גרמים,400.00,100 גרם,false,,29.90,0.0747,true,1,27507
7290006199942,false,מאגדת גלידל פרי דובדבן 8 יח,הגלידות של פלדמן,IL,מאגדת גלידל דיאט קרח,גרמים,640.00,100 גרם,false,,24.90,0.0389,true,1,32851
7290006229427,false,שישיית מים מינרלים סאן בנדטו 500 מל,סן בנדטו,,סאן בנדטו שישייה 0.5,ליטרים,3.00,ליטר,false,,12.90,4.3000,false,1,20822
7290006229588,false,בירה איגל לאגר פרימיום חזקה 6.3% 500 מל,"טמפו משקאות בע""מ",IL,בירה איגל פחית 500 מ,מיליליטרים,500.00,"100 מ""ל",false,,5.50,0.0110,true,1,101831
7290006241153,false,פקאן סיני 150 ג בשקית קליית גת,"ג'י אנד ג'י בע""מ",IL,פקאן סיני 150 גר,גרמים,200.00,100 גרם,false,,19.00,0.0950,true,1,14666
7290006241191,false,אגוזי מלך קליית גת 150 גר,הדקלאים אגודת שיתופי,US,אגוזי מלך 150 גר,גרמים,200.00,100 גרם,false,,16.50,0.0825,false,1,22843
7290006241214,false,שקד טבעי קלית גת 200 ג',הדקלאים אגודת שיתופי,IL,שקד טבעי 200 גר,גרמים,200.00,100 גרם,false,,16.90,0.0845,true,1,22844
7290006241504,false,פריגת תפוזים קפוא 345 גרם,פריגת מצוננים,IL,תרכיז פריגת תפוזים,מיליליטרים,340.00,"100 מ""ל",false,,12.90,0.0379,true,1,5956
7290006241511,false,"פריגת קפוא לימון נענע 280 מ""ל",היינץ צפון אמריקה מק,IL,תרכיז פריגת לימונענע,מיליליטרים,340.00,"100 מ""ל",false,,12.90,0.0379,true,1,5957
7290006241535,false,תרכיז פריגת קפוא מנג,היינץ צפון אמריקה מק,IL,תרכיז פריגת קפוא מנג,מיליליטרים,340.00,"100 מ""ל",false,,12.90,0.0379,true,1,5959
7290006251107,false,תה ויסוצקי צ'אי מסאלה 25 יח',מולינו ניקולי s.p.a,IL,צ'אי מסאלה 25 שקיקים,גרמים,50.00,100 גרם,false,,18.90,0.3780,true,1,9376
7290006251268,false,תה ירוק תפוח וקינמון 25 שקיקים 1.5 גר,תה ויסוצקי,IL,תה ירוק תפוח וקינמון,גרמים,37.50,100 גרם,false,,24.90,0.6640,false,1,9377
7290006251275,false,תה ירוק סיני 25 שקיקים של 1.5 ג,תה ויסוצקי,IL,תה ירוק סיני 25 שקיק,גרמים,37.50,100 גרם,false,,24.90,0.6640,false,1,9378
7290006251282,false,ניפלאות הקרנברי 25 שקיקים גן קסום,תה ויסוצקי,IL,תה חליטת קרנברי 25 ש,גרמים,75.00,100 גרם,false,,18.90,0.2520,false,1,9379
7290006251343,false,תה חליטה הגן הקסום פסיפלורה מנגו 25 שקיקים,תה ויסוצקי,IL,תה חליטת מנגו ופסיפל,גרמים,62.50,100 גרם,false,,18.90,0.3024,false,1,9381
7290006251374,false,תה ירוק לימונית וגינגר 25 שקיקים ויסוצקי,תה ויסוצקי,IL,תה ירוק לימונית 25 ש,גרמים,25.00,100 גרם,false,,24.90,0.9960,false,1,9383
7290006251589,false,תה ירוק עם עלי נענע 50 שקיקים ויסוצקי,בית ויסוצקי,IL,תה ירוק נענע,גרמים,75.00,100 גרם,false,,45.90,0.6120,false,1,9384
7290006265500,false,פטריות שמפיניון ארוז מרינה,"מרינה פטריות הגליל בע""מ",IL,פטריות שמפניון בסלסל,גרמים,250.00,100 גרם,false,,8.90,0.0356,true,1,41155
7290006265548,false,נבטים סינים מרינה ארוז 360ג',"מרינה פטריות הגליל בע""מ",IL,נבטים סינים,גרמים,360.00,100 גרם,false,,5.90,0.0164,true,1,45530
7290006265890,false,נבטי גרעיני חמניה יח,"מרינה פטריות הגליל בע""מ",IL,נבטי חמניה מרינה,יחידה,0.00,יחידה,false,,8.90,0.0000,true,1,62227
7290006271174,false,ג'חנון לאפיה בתנור מעדנות 700 ג',מיוצר עי קונדיטוריית,IL,ג'חנון מעדנות 700 גר,גרמים,700.00,100 גרם,false,,15.90,0.0227,false,1,9716
7290006271181,false,מעדנות גחנון אפוי 750 גרם,מיוצר עי קונדיטוריית,IL,ג'חנון אפוי 750 גר',גרמים,750.00,100 גרם,false,,22.90,0.0305,false,1,9717
7290006271648,false,"מיני בורקס תפו""א מוזל מעדנות","מעדנות בע""מ",IL,"מיני בורקס תפו""א",גרמים,800.00,100 גרם,false,,23.90,0.0299,false,1,9736
7290006271655,false,מיני בורקס גבינה מוזל מעדנות,מיוצר עי קונדיטוריית,IL,מיני בורקס גבינה,גרמים,800.00,100 גרם,false,,26.50,0.0331,false,1,9737
7290006272072,false,חטיפי פיצה בשקית מעדנות 650ג',"מעדנות בע""מ",IL,חטיפי פיצה,גרמים,650.00,100 גרם,false,,25.90,0.0398,false,1,28266
7290006272430,false,בצק עלים חמאה מעדנות 600 ג',מיוצר עי קונדיטוריית,IL,בצק עלים חמאה,גרמים,600.00,100 גרם,false,,25.90,0.0432,false,1,34678
7290006306296,false,רביולי במילוי גבינה לילדים 400 ג' פסטה נונה,פסטנונה רמת דלטון מר,IL,רביולי גבינה לילדים,יחידה,400.00,יחידה,false,,25.90,0.0647,true,1,47909
7290006306302,false,רביולי במילוי גבינות פרמזן ריקוטה 400 ג' פסטה נונה,דורום תעשיות מזון ופ,IL,רביולי גבינה פרמזן,גרמים,400.00,100 גרם,false,,25.90,0.0647,true,1,21393
7290006306319,false,רביולי במילוי בטטה 400 ג' פסטה נונה,דורום תעשיות מזון ופ,IL,רביולי בטטה,גרמים,400.00,100 גרם,false,,25.90,0.0647,true,1,21394
7290006306326,false,רביולי במילוי פטריות וגבינת פרמזן פסטה נונה 400 ג',דורום תעשיות מזון ופ,IL,רביולי פטריות,גרמים,400.00,100 גרם,false,,25.90,0.0647,true,1,21395
7290006306340,false,ניוקי תפוחי אדמה 400 ג',דורום תעשיות מזון ופ,IL,"ניוקי תפ""א 400",גרמים,340.00,100 גרם,false,,23.90,0.0703,true,1,21397
7290006306357,false,רביולי במילוי גבינת עיזים 400 ג' פסטה נונה,דורום תעשיות מזון ופ,IL,רביולי גבינת עיזים,גרמים,400.00,100 גרם,false,,27.90,0.0697,false,1,21398
7290006322104,false,לחם ריחיים קל פרוס 500 ג',מאפיית דוידוביץ ובני,IL,לחם ריחיים קל פרוס ד,גרמים,500.00,100 גרם,false,,9.50,0.0190,true,1,15151
7290006322111,false,לחמניות רחיים כהה קל,מאפיית דוידוביץ ובני,IL,לחמניות ריחיים,גרמים,400.00,100 גרם,false,,9.90,0.0248,true,1,15152
7290006322128,false,לחמניות קלות 6 יח בחבילה,מאפיית דוידוביץ ובני,IL,שש לחמניות קלות דויד,גרמים,400.00,100 גרם,false,,9.90,0.0248,true,1,15153
7290006322197,false,מארז לחמניות הבית כפ,מאפית דוידוביץ,IL,מארז לחמניות הבית כפ,גרמים,400.00,100 גרם,false,,12.90,0.0323,true,1,57570
7290006322470,false,לחם תשעה דגנים דוידו,מאפיית דוידוביץ ובני,IL,לחם תשעה דגנים דוידו,גרמים,500.00,100 גרם,false,,14.50,0.0290,true,1,25775
7290006322838,false,לחם מקמח מלא דוידובי,מאפיית דוידוביץ ובני,IL,לחם מקמח מלא דוידובי,מיליליטרים,750.00,"100 מ""ל",false,,10.90,0.0145,true,1,57076
7290006322968,false,לחם זיץ ברויט דוידוב,מאפיית דוידוביץ ובני,IL,לחם זיץ ברויט דוידוב,גרמים,1200.00,100 גרם,false,,16.90,0.0141,true,1,66449
7290006362209,false,"יין דרך ארץ קברנה סוביניון 750 מ""ל",המאפיה של הרמן,IL,יין דרך ארץ קברנה סו,מיליליטרים,750.00,"100 מ""ל",false,,29.90,0.0399,true,1,161834
7290006374615,false,מזון מלכות מרוכז במיוחד 5.8% 340גר,יד מרדכי,IL,מזון מלכות יד מרדכי,גרמים,340.00,100 גרם,false,,42.90,0.1262,true,1,10512
7290006374653,false,דש דבש לייט 350 ג' יד מרדכי,שטראוס גרופ,IL,דבש לייט יד מרדכי 35,גרמים,350.00,100 גרם,false,,26.90,0.0769,true,1,10516
7290006374738,false,קונפיטורת יד מרדכי תות 340 גרם,אף.סי תבליני בגליל ב,IL,קונפיטורה תות יד מרד,גרמים,340.00,100 גרם,false,,13.90,0.0409,true,1,10522
7290006376039,false,קוואקר שבולת שועל 500 גרם,,,קוואקר שקית 500 גרם,גרמים,500.00,100 גרם,false,,6.90,0.0138,true,1,92603
7290006376091,false,סודה לשתיה 50 ג',,,סודה לשתייה,גרמים,50.00,100 גרם,false,,2.20,0.0440,true,1,116218
7290006376312,false,"שוקו כיף שקית 1 ק""ג",,,"שוקו כיף שקית 1 ק""ג",קילוגרמים,1.00,"ק""ג",false,,12.90,12.9000,true,1,121980
7290006378828,false,שקיות לגינה 90*,,,שקיות לגינה 90*,יחידה,0.00,יחידה,false,,10.90,0.0000,true,1,12067
7290006449955,false,מלפפון בייבי מארז,"מרינה פטריות הגליל בע""מ",IL,מלפפון בייבי,גרמים,500.00,100 גרם,false,,8.90,0.0178,true,1,53153
7290006461087,false,אנטריקוט אנגוס פיטום,קצביית פרימיום,IL,אנטריקוט אנגוס פיטום,קילוגרמים,1.00,"ק""ג",true,,189.90,189.9000,false,1,117678
7290006461100,false,אנטריקוט פרימיום מוכ,,,אנטריקוט פרימיום מוכ,קילוגרמים,1.00,"ק""ג",true,,199.90,199.9000,false,1,117679
7290006461155,false,פריים ריב פרוס מקוצב,,,פריים ריב פרוס מקוצב,קילוגרמים,1.00,"ק""ג",true,,159.90,159.9000,false,1,164858
7290006461605,false,אסאדו אנגוס מצונן מפ,קצביית פרימיום,IL,אסאדו אנגוס מצונן מפ,קילוגרמים,1.00,"ק""ג",true,,79.90,79.9000,false,1,119053
7290006461698,false,צלי כתף ארגנטינה אית,קצביית פרימיום,IL,צלי כתף לויתן,קילוגרמים,1.00,"ק""ג",true,,99.90,99.9000,false,1,117789
7290006461735,false,בריסקט אנגוס מצונן,,,בריסקט אנגוס מצונן,קילוגרמים,1.00,"ק""ג",true,,59.90,59.9000,false,1,119050
7290006461773,false,שריר מוזות מצונן בוו,,,שריר מוזות מצונן בוו,קילוגרמים,1.00,"ק""ג",true,,69.90,69.9000,false,1,119054
7290006461834,false,קרפציו אנגוס פידלוט,קצביית פרימיום,IL,קרפציו אנגוס,גרמים,100.00,100 גרם,false,,26.90,0.2690,false,1,117687
7290006492432,false,גבינת מוצרלה בייבי 18% 300 ג' גד,מחלבות גד בעמ,IL,מוצרלה בייבי 18%,גרמים,170.00,100 גרם,false,,15.50,0.0912,true,1,20634
7290006492616,false,גבינה בולגרית פרוסות 5% 250 ג' גד,DSH עבור מחלבות גד ב,IL,פרוסות בולגרית מעודנ,גרמים,250.00,100 גרם,false,,27.90,0.1116,true,1,20637
7290006492630,false,גליל גד עז 22% 180 גרם - רבנות,מחלבות גד בעמ,IL,גבינת גליל גד עזים 2,גרמים,180.00,100 גרם,false,,24.50,0.1361,true,1,20639
7290006492647,false,גד מטבעות גבינת עיזים 22% 150 ג',"מיוצר ע""י קוד יצרן t",IL,מטבעות עיזים 150 גרם,גרמים,150.00,100 גרם,false,,24.90,0.1660,true,1,20640
7290006492685,false,לאבנה עיזים 5% 250 גרם - רובין,מחלבות גד בעמ,IL,לבנה עיזים 3%,גרמים,250.00,100 גרם,false,,18.40,0.0736,true,1,21926
7290006492852,false,גבינת עיזים למריחה 5% שומן 250 ג' גד,מחלבות גד,IL,גבינת עיזים 5%,גרמים,250.00,100 גרם,false,,18.00,0.0720,true,1,25688
7290006492913,false,ציזיקי לבנה למריחה בתוספת שום שמיר,מחלבות גד בעמ,IL,לבנה צזיקי 250,גרמים,250.00,100 גרם,false,,13.90,0.0556,true,1,25689
7290006494917,false,טוסו וופל קלאסי במילוי שוקולד 200 גרם,"איטיליאן פוד, אס.פי.",IL,מרמולייט ופל בטעם שו,גרמים,180.00,100 גרם,false,,10.90,0.0606,true,1,18641
7290006496799,false,אריתריטול טהור 800 ג,,,אריתריטול טהור 800 ג,גרמים,800.00,100 גרם,false,,45.90,0.0574,true,1,167961
7290006496997,false,געלה תערובת להעשרת ס,,,געלה תערובת להעשרת ס,יחידה,0.00,יחידה,false,,18.90,0.0000,true,1,164994
7290006511010,false,פרמז'נו שקיל וילי פו,זנטי,IT,פרמז'נו שקיל וילי פו,קילוגרמים,1.00,"ק""ג",true,,115.00,115.0000,true,1,56349
7290006511157,false,"פטריות שלמות ויליפוד 400 גרם בד""ץ",אוקצ'מפס אס.איי אויי,PL,פטריות שמפניון שלמות,גרמים,400.00,100 גרם,false,,7.50,0.0188,false,1,17858
7290006511904,false,גבינת אדם כדורים במשקל,ברגלנדמיל,AT,גבינת אדם כדורים,קילוגרמים,1.00,"ק""ג",true,,69.90,69.9000,true,1,53812
7290006546012,false,שעועית בנוסח מקסיקני בטעם חריף 580 ג' פרי הגליל,"פרי הגליל בע""""מ",IL,צ'ילי חריף בנוסח מקס,גרמים,580.00,100 גרם,false,,6.50,0.0112,false,1,86841
7290006546319,false,"צי'פס סטייק פרי גליל 1.5ק""ג",פרי הגליל,IL,סטייק צי'פס,קילוגרמים,1.50,"ק""ג",false,,16.90,11.2667,true,1,11308
7290006546333,false,ציפס קפוא 700 גרם פרי-גליל,פרי הגליל,IL,ציפס מותג,גרמים,600.00,100 גרם,false,,9.90,0.0165,false,1,27811
7290006546371,false,במיה 600 ג' פרי הגליל,פרי הגליל,IL,במיה פרי גליל,גרמים,600.00,100 גרם,false,,13.90,0.0232,true,1,11309
7290006546388,false,תחתיות ארטישוק קפוא פרי הגליל 400ג',"פרי הגליל בע""""מ",IL,תחתיות ארטישוק פרי ג,גרמים,400.00,100 גרם,false,,13.90,0.0348,true,1,24361
7290006546500,false,צ'יפס זיגזג קפוא פרי גליל 800 ג',פרי הגליל,IL,צ'יפס בזיגזג,גרמים,800.00,100 גרם,false,,11.90,0.0149,true,1,11312
7290006546517,false,צי'פס סטייק קפוא פרי הגליל 800 ג',פרי הגליל,IL,סטייק ציפס 800 גרם,גרמים,800.00,100 גרם,false,,11.90,0.0149,true,1,41339
7290006554017,false,עוגיות מרוקאית 500 ג,"ארקד מוצרי אפיה בע""מ",IL,עוגיות ארקד,גרמים,500.00,100 גרם,false,,18.90,0.0378,false,1,29483
7290006554024,false,עוגיות ביתיות תמרים,"ארקד מוצרי אפיה בע""מ",IL,עוגיות ביתיות תמ,גרמים,500.00,100 גרם,false,,18.90,0.0378,true,1,7340
7290006554031,false,עוגיות ביתיות אגוזים,"ארקד מוצרי אפיה בע""מ",IL,עוגיות ביתיות אג,גרמים,500.00,100 גרם,false,,18.90,0.0378,false,1,20651
7290006554048,false,עוגיות חיתוכיות בטעם,"ארקד מוצרי אפיה בע""מ",IL,עוגיות סנדביץ ריבה א,גרמים,270.00,100 גרם,false,,18.90,0.0700,true,1,49197
7290006554055,false,עוגיות חלבה ביתיות 3,"ארקד מוצרי אפיה בע""מ",IL,עוגיות חלבה ארקד 300,יחידה,0.00,יחידה,false,,18.90,0.0000,true,1,29484
7290006554062,false,עוגיות גרנולה ארקד 2,"ארקד מוצרי אפיה בע""מ",IL,עוגיות גרנולה ארקד 2,גרמים,250.00,100 גרם,false,,18.90,0.0756,true,1,51114
7290006554079,false,עוגיות גרנולה ללא תו,"ארקד מוצרי אפיה בע""מ",IL,עוגיות ארקד גרנולה ל,גרמים,250.00,100 גרם,false,,18.90,0.0756,true,1,55101
7290006554093,false,עוגיות סהרונים ביתיו,"ארקד מוצרי אפיה בע""מ",IL,עוגיות סהרונים ארקד,גרמים,300.00,100 גרם,false,,18.90,0.0630,false,1,29485
7290006554109,false,עוגיות רייף 300 גר א,"ארקד מוצרי אפיה בע""מ",IL,עוגיות רייף ארקד,יחידה,300.00,יחידה,false,,18.90,0.0630,false,1,45616
7290006554123,false,עוגיות פריכות עם שקד,"ארקד מוצרי אפיה בע""מ",IL,עוגיות שקדים ארקד,גרמים,250.00,100 גרם,false,,18.90,0.0756,true,1,49239
7290006554161,false,עוגיות משקפיים קינמו,"ארקד מוצרי אפיה בע""מ",IL,עוגיות משקפיים 250 ג,גרמים,250.00,100 גרם,false,,18.90,0.0756,false,1,64513
7290006554246,false,עוגיות משקפיים עם סו,"ארקד מוצרי אפיה בע""מ",IL,עוגיות משקפיים 250 ג,גרמים,250.00,100 גרם,false,,18.90,0.0756,true,1,68362
7290006554307,false,עוגיות מרוקאית ללא ס,"ארקד מוצרי אפיה בע""מ",IL,עוגיות מרוקאיות ללא,גרמים,300.00,100 גרם,false,,18.90,0.0630,true,1,29486
7290006554345,false,עוגיות תמרים ללא סוכ,"ארקד מוצרי אפיה בע""מ",IL,עוגיות במילוי ממרח ת,גרמים,250.00,100 גרם,false,,18.90,0.0756,false,1,101379
7290006554413,false,עוגיות מרוקאיות ארקד,"ארקד מוצרי אפיה בע""מ",IL,עוגיות מרוקאיות ארקד,יחידה,300.00,יחידה,false,,18.90,0.0630,false,1,39965
7290006554703,false,עוגיות כעכים מלוחים,יצרן 794,IL,כעכים מלוחים 400 גר',גרמים,400.00,100 גרם,false,,18.90,0.0472,false,1,94466
7290006554710,false,עוגיות מקלות מלוחים,יצרן 794,IL,מקלות מלוחים 400 גר',גרמים,400.00,100 גרם,false,,18.90,0.0472,false,1,94467
7290006554727,false,עוגיות מקלות מלוח קצ,יצרן 794,IL,מקלות מלוחים+קצח 400,גרמים,400.00,100 גרם,false,,18.90,0.0472,false,1,94468
7290006559067,false,גבינת בורטה חצי קשה,,,גבינת בורטה בופלו,גרמים,240.00,100 גרם,false,,25.90,0.1079,true,1,110639
7290006559098,false,לבנה בופאלו כדור בשמן זית 250גר,,,לבנה כדורים שמן זית,גרמים,250.00,100 גרם,false,,26.90,0.1076,true,1,51168
7290006559180,false,לבנה בופאלו למריחה 250 גר,,,לבנה בופאלו למריחה 9,גרמים,250.00,100 גרם,false,,19.90,0.0796,true,1,60855
7290006559265,false,גבינת מוצרלה בופאלו,,,מוצרלה די בפאלו 16%,גרמים,250.00,100 גרם,false,,36.90,0.1476,true,1,51170
7290006559340,false,בוקצינו די בופאלו 150 גר,,,גבינת מוצרלה בוקונצי,גרמים,150.00,100 גרם,false,,22.90,0.1527,true,1,51171
7290006559388,false,יוגורט בסגנון יוגורט ביו 5% 850 גר,חוות הבואפלו,,יורט של חוות הבופאלו,גרמים,850.00,100 גרם,false,,21.00,0.0247,true,1,97623
7290006559395,false,יורט בסגנון יוגורט ביו 5% 200 גר,חוות הבואפלו,IL,בופאלו- יוגורט ביו 5,גרמים,200.00,100 גרם,false,,8.90,0.0445,true,1,98268
7290006559456,false,משקה יוגורט פרוביטי טבעי 500גר,,,משקה יוגורט פרוביוטי,מיליליטרים,500.00,"100 מ""ל",false,,19.90,0.0398,true,1,110371
7290006559463,false,משקה יוגורט פרוביטי תות 500גר,,,משקה יוגורט פרוביוטי,מיליליטרים,500.00,"100 מ""ל",false,,19.90,0.0398,true,1,110372
7290006559470,false,יורט בסגנון יוגורט ביו 5% 200 גר,חוות הבואפלו,IL,יורט עם תות 5%,גרמים,200.00,100 גרם,false,,10.00,0.0500,true,1,99759
7290006559593,false,גבינה בופאלו למריחה 250גר,,,גבינה בופאלו למריחה,גרמים,250.00,100 גרם,false,,24.90,0.0996,true,1,51910
7290006559616,false,צפתית בופלו קצח במלי,חוות הבואפלו,IL,צפתית קצח בופאלו 250,גרמים,250.00,100 גרם,false,,24.90,0.0996,true,1,103625
7290006559623,false,ריקוטה די בופאלה 11%שומן 300 גר,,,ריקוטה די בופאלה 11%,גרמים,300.00,100 גרם,false,,23.90,0.0797,true,1,109420
7290006559630,false,צפתית בופלו במליחות,חוות הבואפלו,IL,צפתית בופאלו 250 ג',גרמים,250.00,100 גרם,false,,24.90,0.0996,true,1,103626
7290006559692,false,גבינת בופאלו קדם 5%,,,גבינת בופאלו קדם 5%,גרמים,500.00,100 גרם,false,,27.90,0.0558,true,1,51369
7290006559784,false,גבינת דבקה צרקסית 25,חוות הבואפלו,IL,גבינת דבקה בופלו,גרמים,250.00,100 גרם,false,,23.90,0.0956,true,1,110643
7290006559807,false,בלה מוצרלה די בופאלה,חוות הבואפלו,IL,בלה מוצרלה די בופאלה,גרמים,150.00,100 גרם,false,,23.90,0.1593,true,1,103915
7290006559975,false,גבינת בופאלו עיראקית,,,גבינת בופאלו עיראקית,קילוגרמים,1.00,"ק""ג",true,,129.90,129.9000,true,1,51365
7290006562906,false,פרמיו הודו וכבש לחתולים,פרמיו Premio,,סטיק הודו וכבש פרמיו,גרמים,15.00,100 גרם,false,,7.00,0.4667,true,1,167968
7290006562913,false,סטיק עוף וברווז פרמי,,,סטיק עוף וברווז פרמי,גרמים,15.00,100 גרם,false,,7.00,0.4667,true,1,167969
7290006567048,false,קוסקוס ישראלי מפתול אסם 350ג',"מיוצר ע""י קוד יצרן K",IL,פתיתי קוסקוס ישראלי,גרמים,350.00,100 גרם,false,,8.00,0.0229,false,1,6655
7290006577689,false,צפתית 4% חוות רום,חוות רום,,צפתית 4% חוות רום,יחידה,0.00,יחידה,false,,31.90,0.0000,true,1,28094
7290006577986,false,יוגורט ביו 3.6% אורגני 500 מל,חוות רום,,יוגורט ביו,יחידה,500.00,יחידה,false,,18.90,0.0378,true,1,19739
7290006578600,false,קבינת קומטה גורה פלור במשקל,,FR,גבינת קומטה גורה פלו,קילוגרמים,1.00,"ק""ג",true,,220.00,220.0000,true,1,166291
7290006578655,false,הנרי וויליך גבינת גלוריוס עיזים במשקל,kaasmakerij henri wi,NL,גבינת גלוריס עיזים ה,קילוגרמים,1.00,"ק""ג",true,,199.00,199.0000,true,1,121848
7290006578853,false,הנרי וויליך גבינת טרמנדס כמהין במשקל,kaasmakerij henri wi,NL,גבינת טרמנדס כמהיון,קילוגרמים,1.00,"ק""ג",true,,175.00,175.0000,true,1,121851
7290006618078,false,"אסטוניש מרסס ניקוי יסודי 750 מ""ל",יעקובי אסטוניש,GB,אסטוניש מרסס למטבח,מיליליטרים,750.00,"100 מ""ל",false,,11.90,0.0159,true,1,15903
7290006618085,false,"אסטוניש - מרסס לחדר האמבט עם אקונומיקה 750 מ""ל",יעקובי אסטוניש,GB,אסטוניש מרסס לאמבט,מיליליטרים,750.00,"100 מ""ל",false,,11.90,0.0159,true,1,15904
7290006618146,false,"הפי נוזל הדלקת פחמים 500 מ""ל",תות תעשיות מזון (201,NL,הפי בקבוק מדליק פחמי,מיליליטרים,500.00,"100 מ""ל",false,,16.90,0.0338,true,1,15910
7290006618610,false,שישיית ספוגיות לניקוי כלים חלבי-בשרי,יעקובי,TR,ספוגיות לכלים חלבי ב,יחידה,0.00,יחידה,false,,8.90,0.0000,true,1,25708
7290006618665,false,מטלית גילדה לרכב הפי,סיפי קנג,TW,ג'ילדה לרכב,יחידה,0.00,יחידה,false,,23.90,0.0000,true,1,64824
7290006625960,false,גבינת עיזים ביין ספר,,,גבינת עיזים ביין ספר,קילוגרמים,1.00,"ק""ג",true,,150.00,150.0000,true,1,47300
7290006644817,false,רביעייה שרינק שוופס סודה 1.5 ל',שוופס,,רביעיה סודה שוופס 1.,ליטרים,6.00,ליטר,false,,11.00,1.8333,false,1,16051
7290006652027,false,מארז במבה יום הולדת 15X20 גרם,מיוצר עי קונדיטוריית,IL,מארז 20 במבה,גרמים,300.00,100 גרם,false,,26.60,0.0887,false,1,6677
7290006653765,false,פסטה פרפקטו פטוציני 500ג' אסם,אסם פרפקטו,IT,פסטה פרפקטו פטוצ'יני,גרמים,500.00,100 גרם,false,,7.70,0.0154,false,1,23256
7290006653819,false,פתיתי קוסקוס דק 350 גרם,"מיוצר ע""י קוד יצרן K",IL,קוסקוס דק אסם,גרמים,350.00,100 גרם,false,,8.00,0.0229,false,1,6708
7290006660602,false,מי קוקוס אורגני גרין קוקו קרטונית 1 ליטר,תות תעשיות מזון (201,PH,משקה מי קוקוס אורגני,ליטרים,1.00,ליטר,false,,18.90,18.9000,true,1,109228
7290006664051,false,"אקטימל לבן מארז 100X14 מ""ל",מיוצר עי קונדיטוריית,IL,מארז אקטימל טבעי 1.6,ליטרים,1.40,ליטר,false,,32.00,22.8571,false,1,7833
7290006664402,false,גבינה 5% שומן 750 ג' שטראוס,מיוצר עי קונדיטוריית,IL,גבינת סקי 5% 750 גר',גרמים,750.00,100 גרם,false,,14.94,0.0199,false,1,7852
7290006664532,false,יוגורט עם תות 3% שומן 150 ג' דנונה,מיוצר עי קונדיטוריית,IL,דנונה תות 1.5%,מיליליטרים,150.00,"100 מ""ל",false,,3.60,0.0240,false,1,7861
7290006664655,false,"אקטימל לבן טבעי מארז 100X8 מ""ל",מיוצר עי קונדיטוריית,IL,שמיניה אקטימל טבעי 1,מיליליטרים,800.00,"100 מ""ל",false,,21.10,0.0264,false,1,7871
7290006664693,false,יוגורט עם אפרסק 3% שומן 150 ג' דנונה,מיוצר עי קונדיטוריית,IL,דנונה אפרסק 3%,מיליליטרים,150.00,"100 מ""ל",false,,3.60,0.0240,false,1,7874
7290006664990,false,דנונה ביו מארז חיסכון 1.5% 8 יח' *150 ג',מיוצר עי קונדיטוריית,IL,מארז יוגורט ביו 1.5%,ליטרים,1.20,ליטר,false,,16.80,14.0000,true,1,7892
7290006666307,false,חומוס אורגינל סלטי מ,סלטי משני,,חומוס אורגינל סלטי מ,גרמים,300.00,100 גרם,false,,12.00,0.0400,true,1,19941
7290006666314,false,סלט טחינה משומשום טהור,סלטי משני,,טחינה 300 גרם,גרמים,300.00,100 גרם,false,,12.00,0.0400,true,1,19942
7290006666338,false,סלט טחינה ירוקה עם פטרוזיליה,סלטי משני,,טחינה ירוקה 300 גרם,גרמים,300.00,100 גרם,false,,12.90,0.0430,true,1,19944
7290006666345,false,סלט חצילים במיונז על האש,סלטי משני,,חציל במיונז 300 גרם,גרמים,300.00,100 גרם,false,,18.90,0.0630,true,1,19945
7290006666352,false,חציל בטחינה סלטי משנ,סלטי משני,,חציל בטחינה 300 גרם,גרמים,300.00,100 גרם,false,,18.90,0.0630,true,1,19946
7290006666406,false,סלט חציל טבעי סלטי מ,סלטי משני,,סלט חציל טבעי סלטי מ,גרמים,300.00,100 גרם,false,,18.90,0.0630,true,1,104283
7290006666413,false,סלט כרוב אדום במיונז,סלטי משני,,סלט כרוב שוודי אדום,גרמים,300.00,100 גרם,false,,13.90,0.0463,true,1,19952
7290006666420,false,סלט כרוב קולסלאו בסגנון אמריקאי,סלטי משני,,קולסלו כרוב אמריקאי,גרמים,300.00,100 גרם,false,,14.90,0.0497,true,1,19953
7290006666437,false,סלט טורקי סלטי משני,סלטי משני,,טורקי 300 גרם,גרמים,300.00,100 גרם,false,,14.90,0.0497,true,1,19954
7290006666444,false,סלט עגבניות מטבוחה חריף,סלטי משני,,מטבוחה 300 גרם,גרמים,300.00,100 גרם,false,,18.90,0.0630,true,1,19955
7290006666451,false,סלט עגבניות סלסה חריף,סלטי משני,,סלסה 300 גרם,גרמים,300.00,100 גרם,false,,18.90,0.0630,true,1,105501
7290006666468,false,סלט גזר חריף במיץ לימון,סלטי משני,,גזר חריף בלימון 300,גרמים,300.00,100 גרם,false,,18.90,0.0630,true,1,19957
7290006666475,false,סלט תפוחי אדמה במיונז,סלטי משני,,"תפו""א רוסי 300 גרם",גרמים,300.00,100 גרם,false,,14.90,0.0497,true,1,103964
7290006666499,false,סלט טונה לבנה ברוטב 300 גר,סלטי משני,,סלט טונה לבנה,גרמים,300.00,100 גרם,false,,25.90,0.0863,true,1,23182
7290006666529,false,סלט פלפלים מרוקאי חריף,סלטי משני,,פלפלים מרוקאי חריף מ,גרמים,300.00,100 גרם,false,,18.90,0.0630,true,1,25279
7290006666543,false,סלט קוביות סלק משני,סלטי משני,,סלט קוביות סלק משני,גרמים,300.00,100 גרם,false,,14.90,0.0497,true,1,25281
7290006666567,false,חציל בנוסח מרוקאי 300 גר,סלטי משני,,חציל בנוסח מרוקאי,גרמים,300.00,100 גרם,false,,21.90,0.0730,true,1,103965
7290006666628,false,סלט ביצים סלטי משני,סלטי משני,,סלט ביצים משני,יחידה,0.00,יחידה,false,,27.90,0.0000,true,1,40154
7290006666826,false,סחוג ירוק סלט פלפלים,סלטי משני,,סחוג ירוק 150 גרם,גרמים,150.00,100 גרם,false,,12.50,0.0833,true,1,31779
7290006666833,false,סחוג אדום סלט פלפלים,סלטי משני,,סחוג אדום 150 גרם,גרמים,150.00,100 גרם,false,,12.50,0.0833,true,1,31780
7290006681003,false,גלידה תות לימון סורבה 1.33 ל' קרמיסימו,"גלידת שטראוס בע""מ, ר",IL,קרמיסימו סורבה תות ל,ליטרים,1.33,ליטר,false,,24.90,18.7218,false,1,8141
7290006681065,false,טעמקור אקסטרא לארג,"מיוצר ע""י גלידת שטרא",IL,טעמקור ענק,גרמים,100.00,100 גרם,false,,7.50,0.0750,true,1,8146
7290006681553,false,מארז קרמבו וניל שטראוס 8 יח',"גלידת שטראוס בע""מ",IL,קרמבו וניל שמיניה,יחידה,0.00,יחידה,false,,15.90,0.0000,true,1,8176
7290006681560,false,מארז קרמבו מוקה שטראוס 8 יח',"גלידת שטראוס בע""מ",IL,קרמבו שמיניה,גרמים,200.00,100 גרם,false,,15.90,0.0795,true,1,8177
7290006681577,false,מאגדת קרחון אסקימו לימון דובדובן 10 יח' שטראוס,"מיוצר ע""י גלידת שטרא",IL,מאגדת קרחונים אסקימו,יח',10.00,יח',false,,17.90,1.7900,false,1,8178
7290006704269,false,חסה עגולה יח',"מרינה פטריות הגליל בע""מ",IL,חסה עגולה,יחידה,0.00,יחידה,false,,6.90,0.0000,true,1,98281
7290006704511,false,"תפו""א גמדי אדום למיקרו מרינה 750ג'","מרינה פטריות הגליל בע""מ",IL,"תפ""א למיקרוגל לבן גמ",יחידה,0.00,יחידה,false,,6.90,0.0000,true,1,16490
7290006704542,false,תרד לא שטוף יח ( ניוזילנדי ),"סנפרוסט בע""מ",IL,תרד,גרמים,300.00,100 גרם,false,,9.90,0.0330,true,1,16492
7290006704801,false,מנגולד טרי עלים ארוז,"מרינה פטריות הגליל בע""מ",IL,מנגולד טרי עלים,יחידה,0.00,יחידה,false,,6.90,0.0000,true,1,108958
7290006707369,false,כרעיים עוף ללא אנטיביוטיקה במגש ע.טוב,עוף טוב,,כרעיים פטם במגש טרי,קילוגרמים,1.00,"ק""ג",true,,28.90,28.9000,true,1,68480
7290006707383,false,פטם שוקיים מצונן מגש טרי,עוף טוב,IL,שוקיים ארוז טרי,קילוגרמים,1.00,"ק""ג",true,,29.90,29.9000,true,1,65605
7290006707390,false,שוארמה פרגית ארוז,עוף טוב,,פרגיות טרי במגש,קילוגרמים,1.00,"ק""ג",true,,66.90,66.9000,true,1,68482
7290006707420,false,עוף מצונן ארוז במגש,עוף טוב,,עוף מצונן ארוז במגש,קילוגרמים,1.00,"ק""ג",true,,21.90,21.9000,true,1,56850
7290006707437,false,פטם כנף מצונן טרי במגש,עוף טוב,,כנפיים עוף טרי במגש,קילוגרמים,1.00,"ק""ג",true,,9.90,9.9000,true,1,65069
7290006707468,false,כבד עוף טרי ארוז,עוף טוב,,כבד עוף טרי ארוז,קילוגרמים,1.00,"ק""ג",true,,16.90,16.9000,true,1,66726
7290006707543,false,פילה פטם טרי במגש,עוף טוב,,פילה פטם טרי במגש,קילוגרמים,1.00,"ק""ג",true,,37.90,37.9000,true,1,68479
7290006708137,false,קוקטייל עוף מצונן,עוף טוב,,קוקטייל עוף מצונן,קילוגרמים,1.00,"ק""ג",true,,28.90,28.9000,true,1,90045
7290006708151,false,חזה פרוס דק טרי מצונ,עוף טוב,,חזה פרוס דק טרי מצונ,קילוגרמים,1.00,"ק""ג",true,,39.90,39.9000,true,1,91478
7290006708847,false,חזה עוף חצוי טרי ארוז,עוף טוב,,חזה חצוי טרי ארוז עו,קילוגרמים,1.00,"ק""ג",true,,35.90,35.9000,true,1,106408
7290006712684,false,ספיד סטיק 24/7 סטיק כחול,קולגייט פלמוליב,US,ספיד סטיק כחול,גרמים,51.00,100 גרם,false,,19.90,0.3902,true,1,8356
7290006712981,false,"קולגייט משחת שיניים סמיילס לגילאי 6 50 מ""ל",הנסיך- מפעל לייצור ט,PL,משחת שינים קולגייט ס,מיליליטרים,50.00,"100 מ""ל",false,,10.90,0.2180,true,1,8359
7290006714428,false,רגל עגל פרוס מגש,לאטי עזרא גלם ודגים,IL,רגל עגל פרוס,קילוגרמים,1.00,"ק""ג",true,,39.90,39.9000,true,1,45329
7290006714824,false,עצמות עגל קפוא במגש.,מעדני הטלה,IL,עצמות עגל,קילוגרמים,1.00,"ק""ג",true,,25.90,25.9000,true,1,103583
7290006728364,false,טומהוק סטייק עגלה טר,אדום אדום,,טומהוק סטייק עגלה טר,קילוגרמים,1.00,"ק""ג",true,,159.00,159.0000,false,1,122115
7290006728685,false,אנטריקוט עגלה טרי פר,אדום אדום,,אנטריקוט עגלה טרי פר,קילוגרמים,1.00,"ק""ג",true,,200.00,200.0000,false,1,122116
7290006730077,false,ליקוקים קרחונים להקפ,קלית סיטבון בעמ,IL,ליקוקים קרחונים להקפ,יחידה,0.00,יחידה,false,,12.90,0.0000,true,1,58171
7290006730084,false,פופסים פופלי אייס להקפאה 8יח',"קלית סיטבון בע""מ",IL,שלוק אייס פופ שמיניי,גרמים,800.00,100 גרם,false,,5.90,0.0074,true,1,115674
7290006738615,false,קבב פרימיום זהב 100% בשר זוגלובק 400 ג',זוגלובק,IL,קבב זהב 400 גר'- 8 י,גרמים,400.00,100 גרם,false,,19.90,0.0497,true,1,33409
7290006739131,false,בצק גולמי פילו זוגלובק 500ג',מאפיית אריאל,IL,בצק פילו 500 גר',גרמים,500.00,100 גרם,false,,14.90,0.0298,true,1,65428
7290006739247,false,פסטרמה איטלקית במשקל,זוגלובק,IL,פסטרמה איטלקית,קילוגרמים,1.00,"ק""ג",true,,79.90,79.9000,false,1,50124
7290006739346,false,נקניקיות פרגיות טרי 400 גרם זוגלובק,זוגלובק,IL,נקנקיות פרגיות,גרמים,400.00,100 גרם,false,,16.90,0.0422,true,1,13655
7290006739407,false,שניצל תירס לייט 630 ג' זוגלובק,זוגלובק,IL,שניצל תירס לייט,גרמים,630.00,100 גרם,false,,22.90,0.0363,true,1,45684
7290006739414,false,סלמי קוניאק 300 ג' זוגלובק,זוגלובק,IL,סלמי קוניאק 300 גר',גרמים,300.00,100 גרם,false,,25.90,0.0863,false,1,46912
7290006739421,false,סלמי מעושן איטלקי 300 ג' זוגלובק,זוגלובק,IL,סלמי מעושן איטלקי 30,גרמים,300.00,100 גרם,false,,25.90,0.0863,true,1,43338
7290006739445,false,שניצל תירס קלאסי 750 ג' זוגלובק,זוגלובק,IL,שניצל תירס זוגלובק,גרמים,750.00,100 גרם,false,,22.90,0.0305,false,1,39729
7290006739544,false,כתף בקר 300 ג' זוגלובק,זוגלובק,IL,כתף בקר זוגלובק 300,גרמים,300.00,100 גרם,false,,28.90,0.0963,true,1,43797
7290006741363,false,"בורקס תפו""א זוגלובק בד""צ 800ג'",מאפיית אריאל וגידרון,IL,"בורקס תפו""א זוגלובק",גרמים,800.00,100 גרם,false,,16.90,0.0211,false,1,41494
7290006741387,false,"מלאווח תימני זוגלובק 700 ג' בד""צ",זוגלובק,IL,מלווח זוגלובק,גרמים,700.00,100 גרם,false,,16.90,0.0241,false,1,41493
7290006742162,false,המבורגר מזרחי 400 ג' זוגלובק,זוגלובק,IL,המבורגר מזרחי 400 גר,גרמים,400.00,100 גרם,false,,19.90,0.0497,true,1,30251
7290006742292,false,פסטרמה הודו בדבש 330 ג' זוגלובק,זוגלובק,IL,פסטרממיה בדבש 330 גר,גרמים,330.00,100 גרם,false,,25.90,0.0785,true,1,41253
7290006742315,false,פסטרמה חזה הודו ברביקיו זוגלובק 330 ג',זוגלובק,IL,חזה הודו ברביקיו 330,גרמים,330.00,100 גרם,false,,25.90,0.0785,true,1,41254
7290006748133,false,סלע קברנה סוביניון,General,IL,סלע קברנה סוביניון,יחידה,0.00,יחידה,false,,44.90,0.0000,true,1,121420
7290006764058,false,"נשר בירה לבנה נשר בקבוק חוזר 500 מ""ל","טמפו משקאות בע""מ",IL,נשר בירה לבנה בקבוק,מיליליטרים,500.00,"100 מ""ל",false,,4.90,0.0098,true,1,20838
7290006764065,false,"בירה נשר מאלט בקבוק חוזר 500 מ""ל","טמפו משקאות בע""ם.",IL,בקבוק נשר מאלט חוזר,מיליליטרים,500.00,"100 מ""ל",false,,4.60,0.0092,false,1,20839
7290006764072,false,"גולדסטאר בירה בק חוזר 500 מ""ל","טמפו משקאות בע""מ",IL,גולדסטאר בירה בקבוק,מיליליטרים,500.00,"100 מ""ל",false,,6.70,0.0134,false,1,20840
7290006764096,false,"בירה איגל 500 מ""ל 3.8% בקבוק חוזר","טמפו משקאות בע""מ",IL,בירה איגל 3.8% חוזר,מיליליטרים,500.00,"100 מ""ל",false,,4.90,0.0098,false,1,98074
7290006764478,false,בירה שחורה מאלט בקבו,"טמפו משקאות בע""מ",IL,נשר מאלט בקבוק 330 מ,מיליליטרים,330.00,"100 מ""ל",false,,4.20,0.0127,true,1,103261
7290006764485,false,"בירה נשר מאלט שחורה מארז 330X6מ""ל",טמפו 7.5%,IL,נשר מאלט שישייה בקבו,ליטרים,1.98,ליטר,false,,28.90,14.5960,false,1,20843
7290006764737,false,"בירה נשר מאלט דיאט 500 מ""ל חוזר","טמפו משקאות בע""ם.",IL,בקבוק דיאט נשר מאלט,מיליליטרים,500.00,"100 מ""ל",false,,4.60,0.0092,false,1,20847
7290006765000,false,טורטיות חיטה מלאה 8יח 540 ג',אלקטי קוראבייכיסיגיד,TR,עלי טורטייה בתוספת ס,גרמים,540.00,100 גרם,false,,9.90,0.0183,true,1,62111
7290006775030,false,"עוגה מבית טוב"" 450 גרם שוקו-ציפס",אחדות ביחר לטחינה חל,IL,עוגה שוקו ציפס 450 ג,גרמים,450.00,100 גרם,false,,9.90,0.0220,true,1,35033
7290006775047,false,"עוגה מבית טוב"" 450 גרם שוקולד",אחדות ביחר לטחינה חל,IL,עוגה שוקולד אחוה,גרמים,450.00,100 גרם,false,,9.90,0.0220,true,1,35034
7290006775894,false,אחדות עוגת שיש ללא תוספת סוכר 400 גרם,"אחדות ביח""ר לטחינה ח",IL,עוגת שיש ללא סוכר אח,יחידה,400.00,יחידה,false,,11.50,0.0288,true,1,47245
7290006784018,false,"מילוי מכשיר אוויר 250 מ""ל fashion blablabla סנט מוריץ",סורה קוסמטיקס,TR,מטהר אוויר למכשיר או,מיליליטרים,250.00,"100 מ""ל",false,,9.90,0.0396,true,1,166835
7290006784322,false,"סנט מוריץ לנירוסטה 400מ""ל",,,מבריק נירוסטה סנט מו,מיליליטרים,400.00,"100 מ""ל",false,,17.00,0.0425,true,1,38487
7290006784339,false,"תרסיס לניקוי רהיט סנט מוריץ 300 מ""ל",קומפלקס כימיקלים,IL,תרסיס רהיט 300מל',מיליליטרים,300.00,"100 מ""ל",false,,11.90,0.0397,true,1,43194
7290006784346,false,"תרסיס לניקוי שטיחים סנט מוריץ 630 מ""ל",קומפלקס כימיקלים,IL,קצף לניקוי שטיחים,מיליליטרים,630.00,"100 מ""ל",false,,15.90,0.0252,true,1,43195
7290006784360,false,חלונית סנט מוריץ לניקוי חלונות 1 ליטר,"קומפלקס כימיקלים בע""",IL,חלונית 1ליטר סנט מור,ליטרים,1.00,ליטר,false,,8.50,8.5000,false,1,42679
7290006784407,false,"PURE מבשם כביסה בניחוח מלון בוטיק 500 מ""ל",קומפלקס כימיקלים,TR,פרפקטו מבשם כביסה,מיליליטרים,500.00,"100 מ""ל",false,,12.90,0.0258,true,1,45318
7290006784414,false,"PURE מבשם כביסה בניחוח מלון ספא 500 מ""ל",קומפלקס כימיקלים,TR,פרפקטו מבשם כביסה,יחידה,750.00,יחידה,false,,12.90,0.0172,true,1,45319
7290006784452,false,"PURE - מבשם כביסה מרסס בניחוח מלון רויאל 500 מ""ל",קומפלקס כימיקלים,TR,"מבשם כביסה 500 מ""ל",מיליליטרים,500.00,"100 מ""ל",false,,12.90,0.0258,true,1,163742
7290006784506,false,"אוקסי מסיר כתמים 750 מ""ל",קומפלקס כימיקלים,IL,"מסיר כתמים 750 מ""ל O",מיליליטרים,750.00,"100 מ""ל",false,,10.90,0.0145,true,1,67797
7290006784865,false,סנט מוריץ לניקוי משטחי מטבחים מרוכז ועוצמתי 1ל',קומפלקס כימיקלים,IL,מטבחים 1 ליטר תכשיר,ליטרים,1.00,ליטר,false,,9.90,9.9000,true,1,114904
7290006785633,false,שקית 10 בלונים מיטלי,גמר,,בלונים,יחידה,0.00,יחידה,false,,6.40,0.0000,true,1,68688
7290006788023,false,"שמפו מחייה צבע לשיער צבוע 700 מ""ל קרליין",מיוצר עי : אמיליה קו,IL,שמפו 10 צבוע,מיליליטרים,700.00,"100 מ""ל",false,,12.90,0.0184,false,1,21742
7290006788061,false,"קרליין - מרכך לשיער רגיל 700 מ""ל","אמיליה קוסמטיקס בע""מ",IL,מייצב 10 רגיל,מיליליטרים,700.00,"100 מ""ל",false,,12.90,0.0184,false,1,21751
7290006788429,false,"קרליין - נושם סאן רייס דאודורנט רול און לאישה כתום 75 מ""ל","אמיליה קוסמטיקס בע""מ",IL,רול און קרליין,גרמים,75.00,100 גרם,false,,12.90,0.1720,true,1,24832
7290006788559,false,"טיטניום ICE דאודורנט תרסיס ספריי 180 מ""ל",טיטניום,,טיטניום דאודורנט,מיליליטרים,200.00,"100 מ""ל",false,,15.90,0.0795,true,1,18944
7290006789655,false,"קרליין קרם לחות לבניית תלתלים 400 מ""ל","אמיליה קוסמטיקס בע""מ",IL,קרם לחות 10,מיליליטרים,400.00,"100 מ""ל",false,,18.90,0.0472,true,1,45750
7290006805355,false,תערובת להכנת כדורי שוקולד פילסברי 500ג',הדקלאים אגודת שיתופי,IL,תערובת כדורי שוק,גרמים,500.00,100 גרם,false,,17.90,0.0358,true,1,14688
7290006805850,false,תערובת להכנת פנקייק פילסבורי 500 גר,הדקלאים אגודת שיתופי,IL,תערובת להכנת פנקייקס,גרמים,500.00,100 גרם,false,,17.90,0.0358,true,1,14689
7290006806963,false,חלה מתוקה קלועה אפויה 570ג',פילסברי,,חלה מתוקה קלועה,יחידה,0.00,יחידה,false,,11.90,0.0000,true,1,101986
7290006809032,false,עץ השדה- שמן זית פיק,,,עץ השדה- שמן זית פיק,מיליליטרים,750.00,"100 מ""ל",false,,43.90,0.0585,true,1,66293
7290006809049,false,שמן השדה-שמן ארבקינה,,,שמן השדה-שמן ארבקינה,מיליליטרים,750.00,"100 מ""ל",false,,43.90,0.0585,true,1,66351
7290006809063,false,עץ השדה- שמן זית קור,,,עץ השדה- שמן זית קור,מיליליטרים,750.00,"100 מ""ל",false,,43.90,0.0585,true,1,66294
7290006809087,false,עץ השדה-שמן זית סורי,,,עץ השדה-שמן זית סורי,מיליליטרים,750.00,"100 מ""ל",false,,43.90,0.0585,true,1,68171
7290006809155,false,שמן זית כתית מעולה ק,,,שמן זית כתית מעולה ק,ליטרים,2.00,ליטר,false,,92.90,46.4500,true,1,102817
7290006809162,false,שמן זית 2 ליטר ארבקי,,,שמן זית 2 ליטר ארבקי,ליטרים,2.00,ליטר,false,,92.90,46.4500,true,1,97636
7290006809179,false,שמן זית פיקואל 2 ליט,,,שמן זית פיקואל 2 ליט,ליטרים,2.00,ליטר,false,,92.90,46.4500,true,1,102818
7290006809186,false,שמן זית 2ליטר פח עץ,,,שמן זית 2ליטר פח עץ,ליטרים,2.00,ליטר,false,,92.90,46.4500,true,1,52697
7290006809209,false,שמן זית קורטינה 2 לי,,,שמן זית קורטינה 2 לי,ליטרים,2.00,ליטר,false,,92.90,46.4500,true,1,108393
7290006809223,false,שמן זית סורי 2 ליטר,,,שמן זית סורי 2 ליטר,ליטרים,2.00,ליטר,false,,92.90,46.4500,true,1,105400
7290006809612,false,עץ השדה-ממרח ארטישוק,,,עץ השדה-ממרח ארטישוק,גרמים,230.00,100 גרם,false,,18.90,0.0822,true,1,58649
7290006809643,false,עץ השדה ממרח זית ירו,,,עץ השדה ממרח זית ירו,גרמים,230.00,100 גרם,false,,18.90,0.0822,true,1,56087
7290006809650,false,עץ השדה-ממרח עגבניות,,,עץ השדה-ממרח עגבניות,גרמים,230.00,100 גרם,false,,18.90,0.0822,true,1,53275
7290006809667,false,עץ השדה -ממרח פלפלים,,,עץ השדה -ממרח פלפלים,גרמים,230.00,100 גרם,false,,18.90,0.0822,true,1,53332
7290006809674,false,עץ השדה-פסטו בזיליקו,,,עץ השדה-פסטו בזיליקו,גרמים,230.00,100 גרם,false,,18.90,0.0822,true,1,53276
7290006809698,false,עץ השדה-ממרח לימון כ,,,עץ השדה-ממרח לימון כ,גרמים,230.00,100 גרם,false,,18.90,0.0822,true,1,53278
7290006809711,false,עץ השדה ממרח שום,,,עץ השדה ממרח שום,גרמים,230.00,100 גרם,false,,18.90,0.0822,true,1,106138
7290006809728,false,עץ השדה ממרח סחוג מס,,,עץ השדה ממרח סחוג מס,גרמים,230.00,100 גרם,false,,18.90,0.0822,true,1,107466
7290006855183,false,ברבריא חטיף תמרים שומשום אגוז מלך 30*4,טבעית מוצרים מן הטבע,IL,חטיף בר תמרים אגוזי,גרמים,120.00,100 גרם,false,,16.00,0.1333,true,1,67197
7290006855206,false,ברברי רביעייה תמר קוקוס שקדים 108 גרם,טבעית מוצרים מן הטבע,IL,חטיף בר שזיפים קוקוס,גרמים,120.00,100 גרם,false,,16.00,0.1333,true,1,67198
7290006855244,false,ברבריא חטיף אגוזים שקדים וצימוקים 30*4,טבעית מוצרים מן הטבע,IL,חטיף בר אגוזים שקדים,גרמים,120.00,100 גרם,false,,16.00,0.1333,true,1,67199
7290006866363,false,אשכוליות אדומות טבעי סחוט 1 ל פרימור,"גניר (1992) בע""מ",IL,פרימור מיץ אשכולית א,ליטרים,1.00,ליטר,false,,15.90,15.9000,true,1,27487
7290006884695,false,אמריקן פארם מלפפון ב,,,אמריקן פארם מלפפון ב,מיליליטרים,930.00,"100 מ""ל",false,,18.50,0.0199,true,1,111110
7290006899088,false,תה סרמוני ירוק נענע,תה סרמוני בעמ,,תה סרמוני ירוק נענע,גרמים,40.00,100 גרם,false,,16.90,0.4225,true,1,98418
7290006899187,false,תה סרמוני לימונית לו,תה סרמוני בעמ,,סרמוני תה לימונית ול,גרמים,30.00,100 גרם,false,,16.90,0.5633,true,1,98419
7290006899255,false,תה סרמוני א.גריי 20 שקיות,תה סרמוני בעמ,,תה סרמוני ארל גריי,גרמים,40.00,100 גרם,false,,16.90,0.4225,true,1,98420
7290006899262,false,תה סרמוני גינגר אפרס,תה סרמוני בעמ,IL,תה סרמוני ג'ינג'ר ו,גרמים,40.00,100 גרם,false,,16.90,0.4225,true,1,120241
7290006899354,false,תה סרמוני קמומיל 20 שק`,תה סרמוני בעמ,IL,תה סרמוני קמומיל,גרמים,21.00,100 גרם,false,,16.90,0.8048,true,1,98415
7290006899361,false,תה סרמוני פירות היער,תה סרמוני בעמ,IL,תה סרמוני פירות יער,גרמים,40.00,100 גרם,false,,16.90,0.4225,true,1,98423
7290006908360,false,שקד קלוי 150 גר` פיצ,,,שקד קלוי 150 גר',גרמים,150.00,100 גרם,false,,13.90,0.0927,true,1,91680
7290006908377,false,שקד טבעי 150 גר` פיצ,,,שקד טבעי 150 גר',גרמים,150.00,100 גרם,false,,12.90,0.0860,true,1,91840
7290006908384,false,פיסטוק חלבי 150 גרם,,,פיסטוק קלוי 150 גר',גרמים,150.00,100 גרם,false,,14.90,0.0993,true,1,91681
7290006908391,false,קשיו קלוי 150 גר` פי,,,קשיו קלוי 150 גר',גרמים,150.00,100 גרם,false,,12.50,0.0833,true,1,91682
7290006983152,false,קרוטונים מתובלים למרק 400 ג' אסם,עינת תעשיות מזון אגו,IL,קרוטונים מתובלים למר,גרמים,400.00,100 גרם,false,,18.90,0.0472,true,1,6742
7290006983176,false,אוסם - לחמית שיפון 250 גרם,"אסם תעשיות בע""מ",IL,לחמית שיפון,גרמים,230.00,100 גרם,false,,8.70,0.0378,true,1,6743
7290006983206,false,תערובת להכנת פלפל קלי קלות 180 גרם,"אסם תעשיות בע""מ",IL,פלאפל בקלי קלות 180,גרמים,180.00,100 גרם,false,,9.70,0.0539,true,1,6744
7290006983763,false,עוגת הבית שוקולד 400 גרם אסם.,מיוצר עי קונדיטוריית,IL,עוגת הבית שוקולד,גרמים,400.00,100 גרם,false,,14.50,0.0363,false,1,96189
7290006983770,false,עוגת הבית שיש 400 ג' אסם,מיוצר עי קונדיטוריית,IL,עוגת הבית שיש,גרמים,400.00,100 גרם,false,,14.50,0.0363,false,1,6758
7290006983787,false,עוגת הבית שוקוציפס 400 גרם אסם,מיוצר עי קונדיטוריית,IL,עוגת הבית שוקולד,גרמים,400.00,100 גרם,false,,14.50,0.0363,false,1,6759
7290006983794,false,עוגת הבית תפוז 400 ג' אסם,מיוצר עי קונדיטוריית,IL,עוגת הבית תפוז,גרמים,400.00,100 גרם,false,,14.50,0.0363,false,1,6760
7290006992185,false,"מטרנה - דייסת אורז פרוביוטי כשל""פ 200 גרם",מולינו ניקולי s.p.a,IL,דייסת מטרנה אורז 200,גרמים,200.00,100 גרם,false,,13.90,0.0695,false,1,18154
7290006992192,false,מטרנה דייסלה סולת 200 גרם,מטרנה,IL,דייסת סולת שקית 200,גרמים,200.00,100 גרם,false,,13.90,0.0695,false,1,18155
7290006992208,false,מטרנה דייסלה דגנים מעורבים 200 גרם,מטרנה תעשיות ש.מ,IL,דייסת דגנים 200,גרמים,200.00,100 גרם,false,,13.90,0.0695,false,1,18156
7290006992390,false,"מטרנה - דייסת וניל פרוביוטי כשל""פ 200 גרם",מולינו ניקולי s.p.a,IL,"דייסת וניל 200 בד""צ",גרמים,200.00,100 גרם,false,,13.90,0.0695,true,1,18160
7290006992864,false,"לה קט חתלתולים 2.85 ק""ג",united pet food,FR,לה קט עוף חתלתולים 2,קילוגרמים,2.85,"ק""ג",false,,59.90,21.0175,true,1,54963
7290008000246,false,"פמינה - שטיפה אינטימית מועשר באלוורה 220 מ""ל",פמינה,IL,פמינה מועשר באלוורה,מיליליטרים,220.00,"100 מ""ל",false,,26.90,0.1223,true,1,46351
7290008000796,false,"כצט - סופרמן משחת שיניים לילדים 50 מ""ל",כצט נוביס,IL,סופרמן מ.שיניים,מיליליטרים,50.00,"100 מ""ל",false,,10.90,0.2180,true,1,25621
7290008000826,false,משחת שיניים לילדים כצט ברבי 50 מל,כצט נוביס,IL,משחת שיניים לילדים ב,מיליליטרים,50.00,"100 מ""ל",false,,10.90,0.2180,true,1,25617
7290008101356,false,קריספ פאנקו זהוב 300 גרם,א.ל ייצור ושיווק תבל,IL,קריספ פאנקו זהוב 300,גרמים,300.00,100 גרם,false,,8.90,0.0297,true,1,168334
7290008102469,false,קריספ פירורי לחם זהוב 800 גרם,מימונס,IL,קריספ פירורי לחם זהו,גרמים,800.00,100 גרם,false,,11.90,0.0149,true,1,166777
7290008104050,false,"פמינה - שטיפה אינטימית קלאסית 220 מ""ל",כצט נוביס סעמ,IL,פמינה לרחיצה אינ,מיליליטרים,220.00,"100 מ""ל",false,,19.90,0.0905,true,1,46764
7290008154222,false,שניצלונים עוף טוב 700 גרם,מוצרי עוף טוב (2001),IL,עוף טוב שניצלונים 70,גרמים,700.00,100 גרם,false,,18.90,0.0270,false,1,6785
7290008175173,false,חמאה מפינלנד ללא מלח 200 גרם ויליפוד,ואליו אל.טי.די,FI,חמאה ללא מלח 200 גר,גרמים,200.00,100 גרם,false,,10.90,0.0545,true,1,17868
7290008175692,false,וילי פוד נודלס אטר.ביצים להקפצה בדץ 400ג,פוגיאן לונגאי,CN,איטריות להקפצה,גרמים,400.00,100 גרם,false,,6.90,0.0173,true,1,17872
7290008175760,false,מנצגו חלב כבשים מעדניה שקיל,אלפסטור,ES,גבינת מנצ'גו,קילוגרמים,1.00,"ק""ג",true,,99.90,99.9000,true,1,57870
7290008175777,false,גבינת איברקו חלב ישר,יושלם,ES,איבריקו גבינה קשה וי,קילוגרמים,1.00,"ק""ג",true,,120.00,120.0000,true,1,56350
7290008175814,false,וילי פוד פטריות שמפיניון חתוך בדץ 400ג,"אוקצ'מפ אס, איי אויי",PL,פטריות שמפניון חתוכו,גרמים,400.00,100 גרם,false,,4.90,0.0123,false,1,17873
7290008190909,false,מיני קוקיס שוקו-צ''יפס כרמית 600ג',כרמית תעשיות ממתקים,IL,עוגיות מיני קוקיס כר,גרמים,600.00,100 גרם,false,,15.90,0.0265,true,1,14512
7290008190985,false,כרמית לקקן גלידה 50יח,כרמית תעשיות ממתקים,IL,לקקן גלידה,גרמים,500.00,100 גרם,false,,14.90,0.0298,true,1,22719
7290008254212,false,צלעות טלה,,,צלעות טלה,קילוגרמים,1.00,"ק""ג",true,,199.00,199.0000,false,1,121242
7290008254250,false,שוק טלה חלק קורדרו,,,שוק טלה חלק קורדרו,קילוגרמים,1.00,"ק""ג",true,,109.90,109.9000,false,1,115522
7290008263023,false,פוסילי אורגני מלא אורגני 500 גר,פסטיפיסוי פליצ'טי,IT,פסטה פוסילי קמח מלא,גרמים,500.00,100 גרם,false,,9.90,0.0198,true,1,17726
7290008263030,false,פסטה פנה אורגנית מלאה 500 גר,פסטיפיסוי פליצ'טי,IT,פסטה פנה מקמח מלא,גרמים,500.00,100 גרם,false,,9.90,0.0198,true,1,17727
7290008263054,false,ספגטי אורגני מלא 500 גר,פסטיפיסוי פליצ'טי,IT,ספגטי קמח מלא,גרמים,500.00,100 גרם,false,,9.90,0.0198,true,1,17729
7290008263498,false,פסטה פוסילי אורגנית הרדוף 500 גר,פסטיפיסוי פליצ'טי,IT,פסטה פוסילי קמח לבן,גרמים,500.00,100 גרם,false,,9.90,0.0198,true,1,101143
7290008263535,false,ממרח שוקולד אורגני-הרדוף 350 גר,ברינקרס פוד,NL,ממרח שוקולד אורגני 3,גרמים,350.00,100 גרם,false,,22.90,0.0654,true,1,103266
7290008263597,false,קוואקר אורגני הרדוף 500 גר,אול אורגני,IL,קוואקר אורגני הרדוף,גרמים,500.00,100 גרם,false,,9.90,0.0198,true,1,17737
7290008263641,false,קוואקר אורגני עדין 500 גר,אול אורגני,IL,קוואקר עדין אורגני 5,גרמים,500.00,100 גרם,false,,9.90,0.0198,true,1,31513
7290008263658,false,"משקה סויה ללת""ס אורגני 1 ליטר",ליקואטס,ES,משקה סויה אורגני ללא,ליטרים,1.00,ליטר,false,,10.90,10.9000,true,1,99049
7290008310000,false,אמפנדס במילוי עוף חי,מאפה של חייקה,IL,אמפנדס במילוי עוף חי,גרמים,700.00,100 גרם,false,,45.90,0.0656,true,1,168074
7290008310017,false,אמפנדס מאפה של חייקה,מאפה של חייקה,IL,אמפנדס מאפה של חייקה,גרמים,600.00,100 גרם,false,,45.90,0.0765,true,1,15063
7290008310086,false,בצק לאמפנדס מאפה של,מאפה של חייקה,IL,בצק לאמפנדס מאפה של,גרמים,700.00,100 גרם,false,,33.90,0.0484,true,1,15064
7290008310352,false,חייקה- בצק אפוי לפיצ,,,חייקה- בצק אפוי לפיצ,גרמים,450.00,100 גרם,false,,17.90,0.0398,true,1,97438
7290008310802,false,אמפנדס ירקות במגשית,,,אמפנדס ירקות במגשית,גרמים,650.00,100 גרם,false,,45.90,0.0706,true,1,165307
7290008318518,false,L.L ספרי דאודורנט 187 מל,General,,לאבליין דאודורנט,מיליליטרים,150.00,"100 מ""ל",false,,18.90,0.1260,true,1,63252
7290008318921,false,טל קרם לידיים יבשות 150,General,,קרם ידיים טל,מיליליטרים,100.00,"100 מ""ל",false,,10.90,0.1090,true,1,93557
7290008330107,false,מרכך כביסה סגול 4 ל' בדין,יוניליור ישראל טיפוח,IL,בדין 4 ליטר מרען,ליטרים,4.00,ליטר,false,,19.90,4.9750,false,1,14319
7290008335515,false,אגרול סיני+רוטב 600ג,שלושת האופים,IL,אגרול סיני,גרמים,600.00,100 גרם,false,,12.90,0.0215,true,1,80600
7290008335553,false,קובה בשר וצנובר 600ג שלושת האופים,האי נאם סי או אל.טי.,IL,קובה בשר וצנובר,גרמים,600.00,100 גרם,false,,12.90,0.0215,true,1,80602
7290008335560,false,סיגרים בשר 600 פקנטי,האי נאם סי או אל.טי.,IL,סיגרים בשר,גרמים,600.00,100 גרם,false,,12.90,0.0215,true,1,80603
7290008335577,false,"פסטלים תפו""א 600ג של",האי נאם סי או אל.טי.,IL,"פסטל תפ""א",גרמים,600.00,100 גרם,false,,12.90,0.0215,true,1,90809
7290008335584,false,"סיגרים במילוי תפו""א",האי נאם סי או אל.טי.,IL,"סיגרים תפ""א",גרמים,600.00,100 גרם,false,,12.90,0.0215,true,1,80604
7290008340618,false,סלמון מעושן מצונן דלידג 100 ג',ויליגר תעשיות בעמ,IL,סלמון 100 גר,גרמים,100.00,100 גרם,false,,18.90,0.1890,true,1,52401
7290008343466,false,בצק פילו 500 גרם שלושת האופים,שלושת האופים שגמור,IL,בצק פילו 500 גר',גרמים,500.00,100 גרם,false,,18.90,0.0378,true,1,25250
7290008403238,false,גבינת ברי איסיני במש,איסיני סנט מור,FR,גבינת ברי איסיני,קילוגרמים,1.00,"ק""ג",true,,145.00,145.0000,true,1,93749
7290008403832,false,אולד רוטרדם בקר במשקל,הנרי ויליך,NL,גבינת אולד רוטרדם בק,קילוגרמים,1.00,"ק""ג",true,,165.00,165.0000,true,1,111317
7290008403849,false,אולד רוטרדם עיזים במשקל,הנרי ויליך,NL,גבינת אולד רוטרדם עי,קילוגרמים,1.00,"ק""ג",true,,215.00,215.0000,true,1,111323
7290008403900,false,גבינת גאודה עגבניות וזיתים במשקל,מיוצר עי קונדיטוריית,NL,גאודה עגבניות זיתים,קילוגרמים,1.00,"ק""ג",true,,115.00,115.0000,true,1,119821
7290008403917,false,גבינת גאודה פסטו במשקל,הנרי ויליך,NL,גאודה פסטו ירוק,קילוגרמים,1.00,"ק""ג",true,,140.00,140.0000,true,1,116315
7290008403931,false,גבינת גאודה כמון במשקל,מיוצר עי קונדיטוריית,FR,גאודה כמון,קילוגרמים,1.00,"ק""ג",true,,115.00,115.0000,true,1,120779
7290008408073,false,"EVEN קרם קרטין טיפולי לשיער צבוע/פגום 500 מ""ל",י.שיאון,IL,מים מזוקקים 4 ל',ליטרים,4.00,ליטר,false,,13.90,3.4750,true,1,25850
7290008409049,false,מאמא עוףמיני שניצלים בציפוי שומשום 500 ג,תנובה גליל שותפות מו,IL,מיני מיני שניצלונים,גרמים,500.00,100 גרם,false,,24.90,0.0498,false,1,57205
7290008409124,false,מאמא עוף קפוא שניצל ג'ונגל פריך 700 גרם,תנובה גליל שותפות מו,IL,שניצל ג'ונגל מאמא עו,גרמים,700.00,100 גרם,false,,31.90,0.0456,false,1,9765
7290008409216,false,מאמא עוף קפוא שניצל דק פריך 700 גרם,תנובה גליל,IL,שניצל דק פריך מאמא ע,גרמים,700.00,100 גרם,false,,37.90,0.0541,false,1,39538
7290008409223,false,שניצל דק מתובל 700 גר מאמא עוף,תנובה גליל שותפות מו,IL,שניצל דק מתובל מאמא,גרמים,700.00,100 גרם,false,,37.90,0.0541,false,1,40647
7290008409315,false,מיני מיני דק שניצלונים בציפוי פריך מאמא עוף 500 ג',תנובה גליל,IL,מיני מיני דק שניצלונ,גרמים,500.00,100 גרם,false,,24.90,0.0498,false,1,57203
7290008409407,false,שניצל דק ציפס מאמא עוף 700 ג',תנובה גליל שותפות מו,IL,שניצל דק צ'יפס,גרמים,700.00,100 גרם,false,,37.90,0.0541,false,1,45810
7290008409551,false,שניצל עוף אמיתי בציפוי מעודן 700 ג' מאמא עוף,תנובה גליל שותפות מו,IL,שניצל מעודן,גרמים,700.00,100 גרם,false,,37.90,0.0541,false,1,9784
7290008409582,false,שניצל אמיתי בציפוי ביתי מאמא עוף 700 ג',תנובה גליל שותפות מו,IL,שניצל אמיתי ביתי,גרמים,700.00,100 גרם,false,,37.90,0.0541,false,1,9787
7290008409773,false,קציצות עוף ביתיות מאמא עוף 700 ג',תנובה גליל שותפות מו,IL,קציצות עוף מאמא,גרמים,700.00,100 גרם,false,,28.90,0.0413,false,1,9795
7290008415071,false,חומוס צבר עם טחינה עגול 150ג',לחמנו,IL,חומוס עם טחינה 150 ג,גרמים,150.00,100 גרם,false,,4.80,0.0320,true,1,6791
7290008415514,false,חומוס צבר עם חריף עגול 150ג',לחמנו,IL,חומוס צבר חריף 150גר,גרמים,150.00,100 גרם,false,,4.80,0.0320,true,1,6796
7290008417006,false,פפריקה מתוקה עם שמן,נווה תבלין,,פפריקה מתוקה עם שמן,גרמים,100.00,100 גרם,false,,8.90,0.0890,true,1,33347
7290008417013,false,פפריקה מתוקה גרוסה,נווה תבלין,,פפריקה מתוקה גרוסה,גרמים,100.00,100 גרם,false,,8.90,0.0890,true,1,46345
7290008417020,false,פפריקה חריפה,נווה תבלין,,פפריקה חריפה,גרמים,100.00,100 גרם,false,,8.90,0.0890,true,1,13692
7290008417037,false,פלפל שחור טחון במיכל,נווה תבלין,,פלפל שחור טחון במיכל,גרמים,80.00,100 גרם,false,,8.90,0.1113,true,1,32625
7290008417044,false,פלפל שחור גרוס במיכל,נווה תבלין,,פלפל שחור גרוס במיכל,גרמים,80.00,100 גרם,false,,8.90,0.1113,true,1,32626
7290008417051,false,תבלין פלפל לבן,נווה תבלין,,תבלין פלפל לבן,גרמים,60.00,100 גרם,false,,8.90,0.1483,true,1,32534
7290008417068,false,כמון מזרחי מיכל פלסט,נווה תבלין,,כמון מזרחי מיכל פלסט,גרמים,110.00,100 גרם,false,,8.90,0.0809,true,1,13693
7290008417075,false,כורכום טחון מיכל פלס,נווה תבלין,,כורכום טחון מיכל פלס,גרמים,110.00,100 גרם,false,,8.90,0.0809,true,1,32627
7290008417082,false,חוואג' לקפה מיכל פלס,נווה תבלין,,חוואג' לקפה מיכל פלס,גרמים,110.00,100 גרם,false,,8.90,0.0809,true,1,32628
7290008417099,false,תבלין חווא'ג למרק,נווה תבלין,,תבלין חווא'ג למרק,גרמים,110.00,100 גרם,false,,8.90,0.0809,true,1,13694
7290008417105,false,קינמון טחון,נווה תבלין,,קינמון טחון,גרמים,120.00,100 גרם,false,,8.90,0.0742,true,1,32629
7290008417112,false,תבלין מלח לימון,נווה תבלין,,תבלין מלח לימון,גרמים,130.00,100 גרם,false,,8.90,0.0685,true,1,23181
7290008417129,false,עלי דפנה במיכל פלסטי,נווה תבלין,,עלי דפנה במיכל פלסטי,גרמים,35.00,100 גרם,false,,8.90,0.2543,true,1,33348
7290008417174,false,אבקת שום,נווה תבלין,,אבקת שום,גרמים,110.00,100 גרם,false,,8.90,0.0809,true,1,33349
7290008417198,false,תבלין בצל יבש,נווה תבלין,,תבלין בצל יבש,גרמים,120.00,100 גרם,false,,8.90,0.0742,true,1,32770
7290008417204,false,תבלין לשווארמה,נווה תבלין,,תבלין לשווארמה,גרמים,110.00,100 גרם,false,,8.90,0.0809,true,1,32771
7290008417228,false,תבלין על האש,נווה תבלין,,תבלין על האש,גרמים,110.00,100 גרם,false,,8.90,0.0809,true,1,33351
7290008417235,false,זנגויל טחון מיכל פלס,נווה תבלין,,זנגויל טחון מיכל פלס,גרמים,120.00,100 גרם,false,,8.90,0.0742,true,1,33352
7290008417242,false,תבלין אורגנו,נווה תבלין,,תבלין אורגנו,גרמים,50.00,100 גרם,false,,8.90,0.1780,true,1,35304
7290008417259,false,תבלין לקציצות,נווה תבלין,,תבלין לקציצות,גרמים,110.00,100 גרם,false,,8.90,0.0809,true,1,13695
7290008417266,false,זעתר עם שומשום מיכל,נווה תבלין,,זעתר עם שומשום מיכל,גרמים,110.00,100 גרם,false,,8.90,0.0809,true,1,33353
7290008417273,false,כוסברה ירק / שלם,נווה תבלין,,כוסברה ירק / שלם,גרמים,40.00,100 גרם,false,,8.90,0.2225,true,1,40190
7290008417280,false,אגוז מוסקט - שלם / ט,נווה תבלין,,אגוז מוסקט - שלם / ט,גרמים,60.00,100 גרם,false,,8.90,0.1483,true,1,13696
7290008417389,false,שום גבישי 110 גר,נווה התבלין,,שום גבישי,גרמים,110.00,100 גרם,false,,8.90,0.0809,true,1,35305
7290008417396,false,תבלין טימין,נווה תבלין,,תבלין טימין,גרמים,50.00,100 גרם,false,,8.90,0.1780,true,1,35355
7290008417457,false,תבלין רוזמרין,נווה תבלין,,תבלין רוזמרין,גרמים,60.00,100 גרם,false,,8.90,0.1483,true,1,37298
7290008417464,false,תבלין לעוף,נווה תבלין,,תבלין לעוף,גרמים,110.00,100 גרם,false,,8.90,0.0809,true,1,32773
7290008417488,false,תבלין הל,נווה תבלין,,תבלין הל,יחידה,0.00,יחידה,false,,15.90,0.0000,true,1,32769
7290008417495,false,פלפל אנגלי שלם במיכל,נווה תבלין,,פלפל אנגלי שלם במיכל,גרמים,100.00,100 גרם,false,,8.90,0.0890,true,1,46733
7290008417501,false,תבלין בהרט,נווה תבלין,,תבלין בהרט,גרמים,110.00,100 גרם,false,,8.90,0.0809,true,1,33356
7290008417518,false,תבלין למעורב ירו,נווה תבלין,,תבלין למעורב ירו,גרמים,110.00,100 גרם,false,,8.90,0.0809,true,1,44730
7290008417525,false,תבלין ברביקיו,נווה תבלין,,תבלין ברביקיו,גרמים,120.00,100 גרם,false,,8.90,0.0742,true,1,32631
7290008417532,false,תבלין סומק,נווה תבלין,,תבלין סומק,גרמים,100.00,100 גרם,false,,8.90,0.0890,true,1,33643
7290008417587,false,כמון מזרחי 400 גר',נווה תבלין,,כמון מזרחי 400 גר',גרמים,400.00,100 גרם,false,,20.00,0.0500,true,1,100329
7290008417594,false,כורכום טחון 400 גר,נווה תבלין,,כורכום טחון 400 גר,גרמים,400.00,100 גרם,false,,20.00,0.0500,true,1,100328
7290008417600,false,פפריקה מתוקה 400 ג,נווה תבלין,,פפריקה מתוקה 400 ג,גרמים,400.00,100 גרם,false,,20.00,0.0500,true,1,101452
7290008417617,false,מלח לימון 600 גר,נווה תבלין,,מלח לימון 600 גר,גרמים,600.00,100 גרם,false,,20.00,0.0333,true,1,55343
7290008417624,false,פפריקה מתוקה 400 גר',נווה תבלין,,פפריקה מתוקה 400 גר',גרמים,400.00,100 גרם,false,,20.00,0.0500,true,1,57030
7290008417631,false,פפריקה מתוקה,נווה תבלין,,פפריקה מתוקה,גרמים,100.00,100 גרם,false,,8.90,0.0890,true,1,32632
7290008417648,false,צי'לי מקסיקני,נווה תבלין,,צי'לי מקסיקני,גרמים,110.00,100 גרם,false,,8.90,0.0809,true,1,33357
7290008417655,false,מקלות קינמון במיכל פ,נווה תבלין,,מקלות קינמון במיכל פ,גרמים,110.00,100 גרם,false,,8.90,0.0809,true,1,31853
7290008417730,false,תערובת קינג'ון,נווה תבלין,,תערובת קינג'ון,גרמים,110.00,100 גרם,false,,8.90,0.0809,true,1,33359
7290008417808,false,חילבה שלם,נווה תבלין,,חילבה שלם,יחידה,0.00,יחידה,false,,8.90,0.0000,true,1,40637
7290008417815,false,פפריקה מתוקה מעושנת,נווה תבלין,,פפריקה מתוקה מעושנת,גרמים,90.00,100 גרם,false,,8.90,0.0989,true,1,52296
7290008417822,false,תערובת תיבול טוסקנה,נווה תבלין,,תערובת תיבול טוסקנה,גרמים,100.00,100 גרם,false,,8.90,0.0890,true,1,57380
7290008417853,false,כמון מזרחי שלם 110 ג,נווה תבלין,,כמון מזרחי שלם 110 ג,גרמים,110.00,100 גרם,false,,8.90,0.0809,true,1,101288
7290008417877,false,פילדלפיה תבלין,,,פילדלפיה תבלין,גרמים,100.00,100 גרם,false,,8.90,0.0890,true,1,67786
7290008417969,false,תבלין ציפורן- שלם/טח,נווה תבלין,,תבלין ציפורן- שלם/טח,גרמים,120.00,100 גרם,false,,8.40,0.0700,true,1,33360
7290008417976,false,מקל וניל,נווה תבלין,,מקל וניל,יחידה,0.00,יחידה,false,,19.90,0.0000,true,1,108732
7290008423014,false,פלפל שחור גרוס פרג 1,תבליני הדור השלישי,IL,"פלפל שחור ""פרג""",גרמים,100.00,100 גרם,false,,14.90,0.1490,true,1,108096
7290008423045,false,תבלין לקציצות פרג 10,תבליני הדור השלישי,IL,תבלין לקציצות,גרמים,100.00,100 גרם,false,,16.90,0.1690,true,1,108127
7290008423052,false,ממרח עגבניות מיובשות בשמן זית 250גר,תבליני הדור השלישי,IL,עגבניות מיובשות,גרמים,250.00,100 גרם,false,,15.90,0.0636,true,1,48057
7290008423069,false,תיבול לשניצל וינאי שקית 400 גר,,,תיבול לשניצל,גרמים,400.00,100 גרם,false,,15.90,0.0398,true,1,43268
7290008423168,false,פרג-סומסומיה ממרח בר,,,פרג-סומסומיה ממרח בר,ליטרים,1.00,ליטר,false,,17.00,17.0000,true,1,95758
7290008425155,false,"שמן זית 750 מ""ל",,,"שמן זית 750 מ""ל",מיליליטרים,750.00,"100 מ""ל",false,,59.90,0.0799,true,1,115333
7290008425186,false,זיתים סורים 400 גרם,,,זיתים סורים 400 גרם,גרמים,400.00,100 גרם,false,,22.90,0.0572,true,1,107752
7290008425193,false,זיתים נבאלי 400 גרם,,,זיתים נבאלי,גרמים,400.00,100 גרם,false,,22.90,0.0572,true,1,109634
7290008425490,false,נקטר משמש 1 ליטר אורגני,,IL,נקטר משמש 1 ליטר,ליטרים,1.00,ליטר,false,,21.90,21.9000,true,1,120089
7290008425704,false,נקטר שזיף 1 ליטר אורגני,,IL,נקטר שזיף 1 ליטר,ליטרים,1.00,ליטר,false,,21.90,21.9000,true,1,115290
7290008443616,false,"מרכך לשיער יבש אדום 750 מ""ל נקה 7","אמיליה קוסמטיקס בע""מ",IL,נקה 7-מייצב יבש אדו,מיליליטרים,750.00,"100 מ""ל",false,,11.90,0.0159,true,1,21764
7290008443630,false,"נקה 7 - שמפו מתולתל סגול 750 מ""ל","אמיליה קוסמטיקס בע""מ",IL,נקה 7-שמפו מתולתל ס,מיליליטרים,750.00,"100 מ""ל",false,,11.90,0.0159,true,1,21738
7290008443647,false,"מרכך לשיער מתולתל סגול, 750 מ""ל נקה 7","אמיליה קוסמטיקס בע""מ",IL,נקה 7-מייצב מתולתל ס,מיליליטרים,750.00,"100 מ""ל",false,,11.90,0.0159,true,1,21765
7290008461047,false,"גבינה ברי לרוסטיק ק""",נטו מלינדה סיימן,,גבינת ברי לה רוס,קילוגרמים,1.00,"ק""ג",true,,160.00,160.0000,true,1,27276
7290008461221,false,סרדינים רוברט בשמן חמניות 115 גרם,"רמירז, מטוסינוס",PT,סרדין רוברט בשמן 115,גרמים,115.00,100 גרם,false,,6.90,0.0600,true,1,20046
7290008461238,false,סרדין רוברט בשמן חמניות ופלפל חריף 115 ג',קונסוורס,PT,סרדין רוברט חריף בשמ,גרמים,115.00,100 גרם,false,,6.90,0.0600,true,1,20047
7290008461283,false,גבינה טריפל צדר נני,דאוליי צ'סמייקרס,AO,צ'דר טריפל 200 גר,גרמים,200.00,100 גרם,false,,22.90,0.1145,true,1,100137
7290008462204,false,חרדל דיזיון מקורי 380 גרם,יוניליבר צרפת,FR,חרדל דיזו'ן MAILLE,גרמים,380.00,100 גרם,false,,14.90,0.0392,true,1,20055
7290008462259,false,חרדל דיזיון גרגירים 345 גרם,יוניליוור צרפת,FR,חרדל דיג'ון גרגירים,גרמים,380.00,100 גרם,false,,17.50,0.0461,true,1,20057
7290008462310,false,גבינת סנט מור עיזים,אוריאל,FR,גבינת סנט מור עיזים,קילוגרמים,1.00,"ק""ג",true,,149.90,149.9000,true,1,27032
7290008464130,false,"שישיית בירה גולדסטאר 330 מ""ל UNFILTERED",טמפו,IL,גולדסטאר לא מסונן שי,ליטרים,1.98,ליטר,false,,32.90,16.6162,false,1,58883
7290008464345,false,"בירה גולדסטאר בקבוק 330 מ""ל",פארייפאבה אגרואינדוס,IL,גולדסטאר בק' 330,יחידה,330.00,יחידה,false,,7.00,0.0212,true,1,20861
7290008464468,false,"בירה גולדסטאר פחית 500 מ""ל",פארייפאבה אגרואינדוס,IL,גולדסטאר בירה פחית 5,מיליליטרים,500.00,"100 מ""ל",false,,7.90,0.0158,false,1,20869
7290008464604,false,"בירה היינקן פחית 500מ""ל",טמפו משקאות בע''מ,NL,הייניקן בירה פחית 50,מיליליטרים,500.00,"100 מ""ל",false,,9.50,0.0190,false,1,20875
7290008464611,false,"סודה טמפו בקבוק זכוכית 275 מ""ל",טמפו משקאות בעמ,IL,"סודה 275 מ""ל בקבוק",מיליליטרים,275.00,"100 מ""ל",false,,3.00,0.0109,true,1,107150
7290008464642,false,"סודה גינגר אייל 275 מ""ל","טמפו משקאות בע""מ",IL,"ג'ינג'ר אייל 275 מ""ל",מיליליטרים,275.00,"100 מ""ל",false,,3.90,0.0142,true,1,115324
7290008464697,false,"שישיית בירה מכבי 7.9% 330 מ""ל",טמפו,IL,שישיית מכבי 7.9% אלכ,מיליליטרים,1980.00,"100 מ""ל",false,,32.90,0.0166,false,1,67742
7290008464703,false,"שישיית בקבוקי מכבי 330 מ""ל",בירה מכבי,IL,מכבי שישייה בקבוק 33,ליטרים,1.98,ליטר,false,,32.90,16.6162,false,1,20877
7290008464734,false,"בירה גולדסטאר SLOW BREW מארז 330X6מ""ל",טמפו משקאות בע''מ,IL,גולדסטאר SLOW BREW,ליטרים,1.98,ליטר,false,,34.90,17.6263,false,1,100320
7290008464741,false,"שישייית בירה גולדסטאר כהה 330X6 מ""ל",גולדסטאר,IL,גולדסטאר שישייה בקבו,ליטרים,1.98,ליטר,false,,29.90,15.1010,false,1,20881
7290008464796,false,"בירה היינקין ח""פ בקבוק 330X6מ""ל",היינקן,IL,הייניקן שישייה בקבוק,ליטרים,1.98,ליטר,false,,32.90,16.6162,false,1,20885
7290008466318,false,מיני רוגלך ירושלמי ב,דין שיווק,IL,מיני רוגלך ירושלמי ב,גרמים,300.00,100 גרם,false,,21.00,0.0700,true,1,164269
7290008466707,false,עוגיות פרימיום 200-250 גרם,דין שיווק,IL,עוגיות פרימיום 300 ג,גרמים,300.00,100 גרם,false,,21.90,0.0730,true,1,164268
7290008482486,false,אבקת אינסטנט להכנת מלאבי פרווה 112ג' נאמן,,,אבקת מלבי,גרמים,112.00,100 גרם,false,,7.50,0.0670,true,1,52748
7290008482530,false,תערובת להכנה קלה פנקייק 400 ג',,IL,תערובת לפנקייק,גרמים,400.00,100 גרם,false,,12.90,0.0323,true,1,16071
7290008493413,false,פירורי גריסיני קלאסי מאיר בייגל 200 גרם,מאיר בייגל,IL,פירורי גריסיני 200 ג,גרמים,200.00,100 גרם,false,,6.50,0.0325,true,1,29449
7290008493710,false,פירורי גריסיני זהב מאיר בייגל 200 גרם,מאיר בייגל,IL,פירורי גריסיני זהב 2,גרמים,200.00,100 גרם,false,,6.50,0.0325,true,1,89748
7290008499071,false,אסאדו עגל מנות מצונן,קצביית פרימיום,IL,אסאדו עגל מנות מצונן,קילוגרמים,1.00,"ק""ג",true,,79.90,79.9000,true,1,119574
7290008499088,false,אסאדו עם עצם מנות,,,אסאדו עם עצם מנות,קילוגרמים,1.00,"ק""ג",true,,79.90,79.9000,false,1,119056
7290008499101,false,אוסובקו עגל פרוס אית,קצביית פרימיום,IL,אוסובוקו עגל פרוס בו,קילוגרמים,1.00,"ק""ג",true,,69.90,69.9000,false,1,119057
7290008644112,false,סלט מטבוחה יום יום אחלה 125 ג',"שטראוס גרופ בע""מ",IL,מטבוחה יום יום,גרמים,125.00,100 גרם,false,,4.70,0.0376,true,1,7903
7290008644235,false,עלי בייבי 120 גר' שטראוס,שטראוס בריאות ירקות,IL,לקט עלי בייבי שטראוס,גרמים,120.00,100 גרם,false,,9.90,0.0825,true,1,7906
7290008644945,false,סלט המושבה שטופים שט,שטראוס בריאות ירקות,IL,סלט המושבה שטראוס 45,גרמים,450.00,100 גרם,false,,11.90,0.0264,true,1,7927
7290008670005,false,רקנאטי גליל עליון שרדונה 750 מל,,,רקאנטי שרדונה 2017,מיליליטרים,750.00,"100 מ""ל",false,,49.90,0.0665,true,1,22799
7290008670067,false,יין רקנאטי גליל עליו,רקנאטי,,"רקנאטי קברנה 375 מ""ל",יחידה,375.00,יחידה,false,,35.00,0.0933,true,1,40303
7290008670135,false,רקנאטי גליל עליון סוביניון בלאן 750 מל,רקנאטי,,רקנאטי סובניון בלאן,מיליליטרים,750.00,"100 מ""ל",false,,52.00,0.0693,true,1,19470
7290008670388,false,רקנאטי רוזה 2007 750 מל,רקנאטי,IL,רקנאטי רוזה 2006,יחידה,750.00,יחידה,false,,65.90,0.0879,true,1,28281
7290008670739,false,רקנאטי גרי דה מרסלאן,,,רקנאטי גרי דה מרסלאן,מיליליטרים,750.00,"100 מ""ל",false,,90.00,0.1200,true,1,106120
7290008670913,false,רקנאטי גליל עליון קברנה סובניון 750 מל,רקנאטי,IL,רקנאטי גליל עליון קב,מיליליטרים,750.00,"100 מ""ל",false,,49.90,0.0665,true,1,106116
7290008670920,false,יין רקנאטי גליל עליון מרלו 750 מל,,,רקנאטי גליל עליון מר,מיליליטרים,750.00,"100 מ""ל",false,,49.90,0.0665,true,1,106117
7290008670937,false,רקנאטי גליל עליון שיראז 2017 750 מל,,,רקנאטי סירה 2018,מיליליטרים,750.00,"100 מ""ל",false,,49.90,0.0665,true,1,116333
7290008679411,false,כפפות הנדי לבית ולמטבח S,,,כפפות,יחידה,0.00,יחידה,false,,8.00,0.0000,true,1,7121
7290008679428,false,כפפות הנדי לבית למטבח בינוני,רנמארק,TH,כפפות גומי,יחידה,0.00,יחידה,false,,8.00,0.0000,true,1,7122
7290008679435,false,כפפות הנדי לבית גדול,,,כפפות,יחידה,0.00,יחידה,false,,8.00,0.0000,true,1,7123
7290008679442,false,כפפות הנדי רגישות במ,,,כפפות רגישות במי,יחידה,0.00,יחידה,false,,8.00,0.0000,true,1,7124
7290008679459,false,כפפות הנדי רגישות במיוחד בינוני,רנמארק,TH,כפפות רגישות במי,יחידה,0.00,יחידה,false,,8.00,0.0000,true,1,7125
7290008679466,false,כפפות הנדי רגישות גדול,,,כפפות רגישות במי,יחידה,0.00,יחידה,false,,8.00,0.0000,true,1,7126
7290008679992,false,כפפות אצבעות מחו,,,כפפות אצבעות מחו,יחידה,0.00,יחידה,false,,13.90,0.0000,true,1,7133
7290008690713,false,פריגת אושן ספריי חמוציות 1ל',מבשלות בירה בינלאומי,IL,חמוציות אושן ספריי פ,ליטרים,1.00,ליטר,false,,12.90,12.9000,true,1,6047
7290008693134,false,מעדן גבינה ויוגורט בטעם תות 5% שומן 88 ג' דניאלה,"שטראוס בריאות בע""מ",IL,דניאלה תות שדה 5%,מיליליטרים,150.00,"100 מ""ל",false,,4.10,0.0273,true,1,7972
7290008713900,false,לחם שיפון עגול 750 ג' אנג'ל,מאפיית אנג'ל אורנים,IL,לחם שיפון עגול 750 ג,גרמים,750.00,100 גרם,false,,10.90,0.0145,true,1,37414
7290008745239,false,תפוציפס אקסטרא טבעי 50 גרם,"שטראוס פריטו ליי בע""",IL,תפוציפס 50 גר,גרמים,50.00,100 גרם,false,,3.90,0.0780,true,1,10992
7290008747547,false,תפוציפס קראנץ טבעי 200 גרם,"שטראוס פריטו ליי בע""",IL,תפוציפס טבעי,גרמים,200.00,100 גרם,false,,10.90,0.0545,false,1,10994
7290008750264,false,מסטיק מאסט LL פליפ.דובדבן מגדים 28 גר,"שטראוס גרופ בע""מ",IL,מסטיק מאסט בטעם דובד,גרמים,28.00,100 גרם,false,,4.40,0.1571,false,1,10615
7290008752244,false,תפוצ'יפס אקסטרא גריל 50 גרם,"שטראוס פריטו ליי בע""",IL,תפוציפס גריל,גרמים,50.00,100 גרם,false,,3.90,0.0780,true,1,11007
7290008753111,false,תפוציפס אקסטרא מקסיקני 50 סטרים,"שטראוס פריטו ליי בע""",IL,תפוציפס 50 גר,גרמים,50.00,100 גרם,false,,3.90,0.0780,true,1,11017
7290008753364,false,דוריטוס גריל עלית 55 ג',שטראוס פריטו ליי בע,IL,דוריטוס גריל,גרמים,55.00,100 גרם,false,,2.90,0.0527,true,1,11022
7290008753371,false,דוריטוס נאצו מקסיקני 55 גר,שטראוס,IL,דוריטוס נאצ'ו,גרמים,55.00,100 גרם,false,,2.90,0.0527,true,1,11023
7290008753388,false,דוריטוס טבעי עלית 55 ג',עלית,IL,דוריטוס טבעי,גרמים,55.00,100 גרם,false,,2.90,0.0527,true,1,11024
7290008754040,false,ממרח פרה שוקולד 850 גר - מגדים,שטראוס גרופ,IL,ממרח שוקולד פרה פרוו,גרמים,850.00,100 גרם,false,,18.90,0.0222,true,1,60444
7290008754415,false,גומי מאסט בטעם ספירמינט עדין פליפטופ 28 ג' עלית,"שטראוס גרופ בע""מ",IL,מסטיק מאסט בטעם מנטה,גרמים,28.00,100 גרם,false,,4.40,0.1571,false,1,24553
7290008754422,false,גומי מאסט בטעם פפרמינט קלאסי פליפטופ 28 ג' עלית,"שטראוס גרופ בע""מ",IL,מסטיק מאסט בטעם מנטה,גרמים,28.00,100 גרם,false,,4.40,0.1571,false,1,24554
7290008757003,false,"שוופס ג'ינג'ר 250 מ""ל זכוכית",שוופס,,שוופס גינגר אייל 250,יחידה,250.00,יחידה,false,,5.90,0.0236,true,1,16056
7290008757010,false,"שוופס ביטר למון 250 מ""ל זכוכית",מיוצר עי קונדיטוריית,IL,שוופס 250 ביטר,יחידה,250.00,יחידה,false,,5.90,0.0236,true,1,16057
7290008757027,false,"שוופס טוניק 250 מ""ל זכוכית",מיוצר עי קונדיטוריית,IL,טוניק 250 שוופס,יחידה,250.00,יחידה,false,,5.90,0.0236,true,1,16058
7290008757034,false,"שוופס סודה זכוכית 250 מ""ל",יפאורה תבורי בעמ,IL,סודה שוופס 250 מ,יחידה,250.00,יחידה,false,,3.20,0.0128,true,1,16059
7290008757980,false,נקטר ספרינג רימונים קרטונית 1 ל',"יפאורה תבורי בע""מ",IL,ספרינג רימונים קרטונ,ליטרים,1.00,ליטר,false,,6.90,6.9000,false,1,16067
7290008775816,false,ערגליות שוקו חדש12*300גרם 2020,מיוצר עי קונדיטוריית,IL,ערגליות שוקו 300,גרמים,300.00,100 גרם,false,,10.60,0.0353,false,1,6818
7290008775823,false,אסם ערגליות תות שדה 300 גרם,מיוצר עי קונדיטוריית,IL,ערגליות תות שדה,גרמים,300.00,100 גרם,false,,10.60,0.0353,false,1,6819
7290008784009,false,גומיות משרד,,,גומיות משרד,יחידה,0.00,יחידה,false,,7.90,0.0000,true,1,61479
7290008784542,false,ספוג רחצה קויוטה מסג,סודובסקי,IL,קויוטה מסג',יחידה,0.00,יחידה,false,,7.00,0.0000,true,1,35906
7290008784603,false,ספוג איפור,,,ספוג איפור,יחידה,0.00,יחידה,false,,8.90,0.0000,true,1,40705
7290008801010,false,"יין קברנה סוביניון מרלו פרייוט קולקשן 750 מ""ל",אגודת הכורמים הקאופו,IL,קברנה סוביניון מרלו,מיליליטרים,750.00,"100 מ""ל",false,,34.90,0.0465,false,1,16134
7290008801089,false,"קברנה סוביניון אדום יבש 375 מ""ל",יקבי כרמל,IL,פ. קולקשיין קברנה סו,מיליליטרים,375.00,"100 מ""ל",false,,18.90,0.0504,true,1,112298
7290008801119,false,סלקטד סוביניון בלאן לבן יבש 750 מל,אגודת הכורמים הקואופ,IL,סלקטד סוביניון בלאן,מיליליטרים,750.00,"100 מ""ל",false,,29.90,0.0399,false,1,16136
7290008801157,false,מרלו סלקטד כרמל מזרחי 750 מל,כרמל מזרחי,IL,סלקטד מרלו,מיליליטרים,750.00,"100 מ""ל",false,,29.90,0.0399,false,1,16138
7290008801522,false,יין קינג דויד קונקורד אדום מתוק 750 מל,אגודת הכורמים הקואופ,IL,קונקורד KING DAVID,מיליליטרים,750.00,"100 מ""ל",false,,19.90,0.0265,true,1,16146
7290008801546,false,"יין קינג דויד מוסקט מתוק לבן 750 מ""ל",אגודת הכורמים הקואופ,IL,מוסקט KING DAVID לבן,מיליליטרים,750.00,"100 מ""ל",false,,19.90,0.0265,true,1,104503
7290008801843,false,קברנה סוביניון אדום יבש 750 מל סלקטד,"כד בני דרום בע""מ",IL,סלקטד קברנה סוביניון,מיליליטרים,750.00,"100 מ""ל",false,,29.90,0.0399,false,1,16150
7290008801850,false,סלקטד אמרלד ריזלינג לבן חצי יבש 750 מל,אגודת הכורמים הקואופ,IL,סלקטד אמרלד ריזלינג,מיליליטרים,750.00,"100 מ""ל",false,,29.90,0.0399,true,1,16151
7290008802291,false,"יין מרלו פרייוט קולקשן 750 מ""ל",אגודת הכורמים הקואופ,IL,מרלו PRIVATE COLLECT,מיליליטרים,750.00,"100 מ""ל",false,,34.90,0.0465,false,1,16153
7290008802512,false,"יין וינו אדום יבש 750 מ""ל","כד בני דרום בע""מ",IL,וינו יין אדום,מיליליטרים,750.00,"100 מ""ל",false,,19.90,0.0265,true,1,16155
7290008802895,false,יין קברנה סוביניון פרייוט קולקשן,אגודת הכורמים הקאופו,IL,קברנה סוביניון PRIVA,מיליליטרים,750.00,"100 מ""ל",false,,34.90,0.0465,false,1,16157
7290008803090,false,"יין מרלו קולקשיין הסדרה האזורית כרמל 750 מ""ל",אגודת הכורמים הקואופ,IL,מרלו גלילי עליון הסד,מיליליטרים,750.00,"100 מ""ל",false,,50.00,0.0667,false,1,16158
7290008804189,false,יין קברנה סוביניון הסדרה האזורית גליל עליון,אגודת הכורמים הקואופ,IL,קברנה סוביניון גליל,מיליליטרים,750.00,"100 מ""ל",false,,50.00,0.0667,false,1,16168
7290008804332,false,שיראז אדום יבש פריווט קולקשיין 750מל,אגודת הכורמים הקואופ,IL,"שיראז 750 מ""ל .P.C",מיליליטרים,750.00,"100 מ""ל",false,,34.90,0.0465,false,1,25103
7290008806305,false,פצפצים תות בננה בציפ,"מיוצר ע"" גלידת שטראו",IL,שלגון פצפצים,יחידה,0.00,יחידה,false,,6.50,0.0000,true,1,8210
7290008806961,false,גלידה שוקולד שבבי שוקולד פרה 1.33 ל' קרמיסימו,"גלידת שטראוס בע""מ, ר",IL,גלידה קרמיסימו שוקול,ליטרים,1.33,ליטר,false,,24.90,18.7218,false,1,8235
7290008806985,false,נישנושים גלידה שוקו וניל בציפוי שוקולד 60 יח' קרמיסימו,"גלידת שטראוס בע""מ",IL,קרמיסימו נשנושים 60,גרמים,630.00,100 גרם,false,,49.90,0.0792,false,1,8237
7290008807012,false,"יין טבע מוסקט חצי יבש 750 מ""ל",בנימינה Binyamina,IL,מוסקט טבע בנימינה,מיליליטרים,750.00,"100 מ""ל",false,,21.90,0.0292,false,1,19479
7290008807029,false,"יין טבע אמרלד ריזלינג 750 מ""ל",יקבי בינימינה,IL,בנימינה אמרלד ריזלינ,מיליליטרים,750.00,"100 מ""ל",false,,21.90,0.0292,false,1,19480
7290008807289,false,יין קיסריה,בנימינה Binyamina,IL,יין קיסריה,מיליליטרים,750.00,"100 מ""ל",false,,15.90,0.0212,false,1,19490
7290008807302,false,"ליקר שוקולד 700 מ""ל",אליעז בנימינה,IL,ליקר שוקולד,יחידה,700.00,יחידה,false,,49.90,0.0713,true,1,19491
7290008807319,false,ליקר בנימינה וישיניא,אליעז בנימינה,IL,ליקר וישניאק,יחידה,700.00,יחידה,false,,49.90,0.0713,true,1,19492
7290008807449,false,יין יוגב סובניון בלא,בנימינה Binyamina,IL,יין שרדונה 750מל,מיליליטרים,750.00,"100 מ""ל",false,,36.90,0.0492,true,1,21619
7290008807487,false,יין יוגב קברנה סובינ,יקבי בנימינה,,יוגב קברנה מרלו,יחידה,750.00,יחידה,false,,36.90,0.0492,true,1,19497
7290008807562,false,ליקר בנימינה לימונצל,בנימינה Binyamina,IL,ליקר לימונצ'לו,יחידה,700.00,יחידה,false,,49.90,0.0713,true,1,92504
7290008807654,false,יין רזרב סובניון בלא,יקבי בנימינה,,יין רזרב סובניון בלא,מיליליטרים,750.00,"100 מ""ל",false,,49.90,0.0665,true,1,89759
7290008835091,false,צלי כתף מס' 5 מוכשר,,,צלי כתף מס' 5 מוכשר,קילוגרמים,1.00,"ק""ג",true,,74.90,74.9000,false,1,166197
7290008835343,false,לשון בקר מוכשר ארגנט,,,לשון בקר מוכשר ארגנט,קילוגרמים,1.00,"ק""ג",true,,39.90,39.9000,false,1,166199
7290008835954,false,"פילה אמנון 5-7 וואקום בד""ץ.",היינאן קשינגטאי,CN,פילה אמנון 5-7 וואקו,קילוגרמים,1.00,"ק""ג",true,,21.90,21.9000,false,1,116572
7290008835992,false,פילה נסיכת הנילוס קפוא בלדי,,,פילה נסיכת הנילוס פר,קילוגרמים,1.00,"ק""ג",true,,57.90,57.9000,true,1,118761
7290008836494,false,יקבי אפרת תירוש טבעי אדום 1 ליטר,יקב טפרברג 1870 בעמ,IL,מיץ ענבים 1 ליטר,ליטרים,1.00,ליטר,false,,13.90,13.9000,true,1,63862
7290008841634,false,קשיו חריף מתוק 200 גרם זארובי,זארובי,,קשיו קלוי בטעם חריף,גרמים,200.00,100 גרם,false,,16.90,0.0845,true,1,163743
7290008846219,false,שמן זית כתית מעולה 750 מל,האי נאם סי או אל.טי.,IL,שמן זית כתית מעולה ח,יחידה,750.00,יחידה,false,,39.90,0.0532,false,1,10029
7290008849470,false,ממרח פלפל ציומה אוליביה 190 גר,אוליביה גורמה בעמ,IL,ממרח פלפל צ'ומה,גרמים,185.00,100 גרם,false,,13.90,0.0751,true,1,9246
7290008849586,false,רוטב ריבת בצל לעוף אוליביה 310 גר,אוליביה,IL,רוטב ריבת בצל לעוף,גרמים,310.00,100 גרם,false,,13.90,0.0448,true,1,9254
7290008849609,false,רוטב לעוף שום דבש אוליביה 330 גרם,אוליביה גורמה (1996),IL,רוטב שום ודבש לעוף,גרמים,330.00,100 גרם,false,,13.90,0.0421,true,1,9255
7290008849661,false,אוליביה ממרח עגבניות מיובשות פיקנטי 180 גרם,טרופיקל דגיל תעשיות,IL,ממרח עגבניות מיובשות,גרמים,180.00,100 גרם,false,,12.90,0.0717,true,1,106725
7290008849739,false,רוטב סויה אמיתי אוליביה 310 גרם,אוליביה,IL,רוטב סויה קלאסי אולי,יחידה,290.00,יחידה,false,,13.90,0.0479,true,1,9261
7290008849753,false,רוטב טריאקי אוליביה 300 גרם,מיוצר עי קונדיטוריית,IL,רוטב טריאקי עשיר אול,יחידה,300.00,יחידה,false,,13.90,0.0463,true,1,9263
7290008849777,false,אוליביה רוטב צילי מתוק 350 גרם,אוליביה,IL,רוטב צילי מתוק,גרמים,350.00,100 גרם,false,,13.90,0.0397,true,1,9265
7290008849838,false,טפנד זיתים אוליביה 190 גר',"אוליביה גורמה בע""מ",IL,טפנד זיתים -אוליביה,גרמים,190.00,100 גרם,false,,12.90,0.0679,true,1,106727
7290008849845,false,ממרח אוליביה אריסה פיקנטי 180 ג',"אוליביה גרומה בע""מ",IL,אריסה פיקנטית אוליבי,גרמים,185.00,100 גרם,false,,12.90,0.0697,true,1,106728
7290008855136,false,"ניוקי תפו""א 450 גרם",,,"ניוקי תפו""א",גרמים,450.00,100 גרם,false,,27.90,0.0620,true,1,109799
7290008855204,false,רביולי צאן 450 גרם,,,רביולי צאן,גרמים,450.00,100 גרם,false,,39.90,0.0887,true,1,109696
7290008855228,false,רביולי תרד וריקוטה פ,,,רביולי תרד וריקוטה פ,גרמים,450.00,100 גרם,false,,37.90,0.0842,true,1,109697
7290008855297,false,רביולי פרמזן,,,רביולי פרמזן,גרמים,450.00,100 גרם,false,,37.90,0.0842,true,1,111990
7290008855419,false,רוטב עגבניות 250 גר,,,רוטב עגבניות,גרמים,250.00,100 גרם,false,,24.90,0.0996,true,1,111991
7290008855426,false,רוטב אלפרדו שמנת 250 גרם,,,רוטב שמנת פטריות,גרמים,250.00,100 גרם,false,,32.90,0.1316,true,1,109699
7290008855433,false,רוטב פסטו 250 גר,,,רוטב פסטו,גרמים,250.00,100 גרם,false,,33.90,0.1356,true,1,109800
7290008855440,false,רוטב שמנת ועגבניות 250 גר,,,רוטב שמנת ועגבניות,גרמים,250.00,100 גרם,false,,32.90,0.1316,true,1,109801
7290008855457,false,רוטב פטריות 250 גר,,,רוטב פטריות,מיליליטרים,250.00,"100 מ""ל",false,,32.90,0.1316,true,1,111992
7290008855518,false,רביולי תרד קפוא 450 גרם,,,רביולי תרד חלבי,גרמים,450.00,100 גרם,false,,37.90,0.0842,true,1,109803
7290008855532,false,רביולי מוצרלה,,,רביולי מוצרלה,גרמים,500.00,100 גרם,false,,38.90,0.0778,true,1,112286
7290008855563,false,רביולי פורמגו 450 גרם,,,רביולי פורמג'ו,גרמים,450.00,100 גרם,false,,38.90,0.0864,true,1,109804
7290008855587,false,רביולי ריקוטה,,,רביולי ריקוטה,גרמים,500.00,100 גרם,false,,37.90,0.0758,true,1,118880
7290008855617,false,רביולי ערמונים,,,רביולי ערמונים,גרמים,450.00,100 גרם,false,,41.90,0.0931,true,1,118124
7290008855754,false,רביולי ארטישוק לה פס,,,רביולי ארטישוק לה פס,גרמים,450.00,100 גרם,false,,38.90,0.0864,true,1,119854
7290008881005,false,שמן זית ארבקינה פח 2,קיבוץ מגל,IL,שמן ארבקינה פח 2 ליט,ליטרים,2.00,ליטר,false,,94.90,47.4500,true,1,117306
7290008881043,false,שמן לצ'ינו פח 2 ליטר,,,שמן לצ'ינו פח 2 ליטר,ליטרים,2.00,ליטר,false,,94.90,47.4500,true,1,119798
7290008881050,false,שמן זית קורינייקי פח,קיבוץ מגל,IL,שמן קורינייקי פח 2 ל,ליטרים,2.00,ליטר,false,,94.90,47.4500,true,1,116439
7290008881203,false,שמן זית 2 ליטר מסיק,יושלם,,שמן זית פח 2 ליטר,ליטרים,2.00,ליטר,false,,94.90,47.4500,true,1,45637
7290008881227,false,"שמן הבית מסיק 750 מ""",עדן בריאות טבע מרקט,,"שמן הבית מסיק 750 מ""",יחידה,750.00,יחידה,false,,46.90,0.0625,true,1,39396
7290008881265,false,שמן זית קורטינה קיבו,יושלם,,שמן זית קורטינה קיבו,מיליליטרים,750.00,"100 מ""ל",false,,46.90,0.0625,true,1,39397
7290008881289,false,שמן זית לצ'ינו 750 מ,,,שמן זית לצ'ינו 750 מ,מיליליטרים,750.00,"100 מ""ל",false,,59.90,0.0799,true,1,116438
7290008881296,false,שמן זית קורינייקי ק,מסיק קיבוץ מגל,IL,שמן זית קורינייקי ק,מיליליטרים,750.00,"100 מ""ל",false,,46.90,0.0625,true,1,39400
7290008881494,false,"שמן ארבקינה 750 מ""ל",מסיק קיבוץ מגל,,"שמן ארבקינה 750 מ""ל",מיליליטרים,750.00,"100 מ""ל",false,,46.90,0.0625,true,1,98006
7290008888806,false,שתייה קלה,,,שתייה קלה,יחידה,0.00,יחידה,false,,0.00,0.0000,true,1,102481
7290008909853,false,קוקה קולה זירו בקבוק 500מל,פארייפאבה אגרואינדוס,IL,קוקה קולה ZERO בקבו,מיליליטרים,500.00,"100 מ""ל",false,,6.50,0.0130,false,1,32549
7290008909884,false,"קוקה קולה זירו 350 מ""ל בקבוק זכוכית",החברה המרכזית לייצור,IL,קוקה קולה 350 בקבוק,יחידה,350.00,יחידה,false,,5.90,0.0169,true,1,44297
7290008921015,false,יין תשבי קברנה סירה,"יקבי הבארון בע""מ",,תשבי קברנה סירה,מיליליטרים,750.00,"100 מ""ל",false,,29.90,0.0399,true,1,20959
7290008921022,false,יין פרנץ ריזלינג 750,"יקבי הבארון בע""מ",,תשבי פרנץ' ריזלינג,מיליליטרים,750.00,"100 מ""ל",false,,29.90,0.0399,true,1,20960
7290008921060,false,"יין מוסקט ויונייה 750 מ""ל",יקבי תישבי,IL,מוסקט ויונייה 2018.,מיליליטרים,750.00,"100 מ""ל",false,,29.90,0.0399,true,1,110065
7290008921077,false,יין תשבי מלבק 750 מל,יקב התשבי,IL,תשבי מלבק,מיליליטרים,750.00,"100 מ""ל",false,,39.90,0.0532,true,1,115343
7290008921084,false,יין תשבי רובי קברנה,,,רובי קברנה תשבי,מיליליטרים,750.00,"100 מ""ל",false,,39.90,0.0532,true,1,123400
7290008921121,false,יין תשבי סוביניון בל,יקבי הבארון – תשבי,IL,יין תישבי סוביניון ב,מיליליטרים,750.00,"100 מ""ל",false,,39.90,0.0532,true,1,109115
7290008921152,false,יין תישבי אסטייט רוב,יקבי הבארון – תשבי,,תישבי- רובי קברנה 20,מיליליטרים,750.00,"100 מ""ל",false,,99.90,0.1332,true,1,68761
7290008921169,false,יין תשבי קברנה סובינ,"יקבי הבארון בע""מ",,תשבי קברנה סוביניון,מיליליטרים,750.00,"100 מ""ל",false,,39.90,0.0532,true,1,20961
7290008921176,false,יין תשבי ויניארדס מר,"יקבי הבארון בע""מ",,יין תשבי מרלו,יחידה,750.00,יחידה,false,,39.90,0.0532,true,1,20962
7290008921213,false,יין תשבי אסטייט ויונ,יקבי תישבי,IL,יין תשבי ויוניה לבן,מיליליטרים,750.00,"100 מ""ל",false,,45.00,0.0600,true,1,81100
7290008921251,false,יין קברנה פרנק 750 מ,יושלם,,קברנה פרנק תשבי,מיליליטרים,750.00,"100 מ""ל",false,,39.90,0.0532,true,1,65306
7290008921275,false,יין תשבי שיראז 750 מ,יושלם,,תישבי שיראז 2008,יחידה,750.00,יחידה,false,,39.90,0.0532,true,1,42135
7290008921299,false,יין פטיט וורדו תישבי,,,יין פטיט וורדו תישבי,מיליליטרים,750.00,"100 מ""ל",false,,39.90,0.0532,true,1,92902
7290008921312,false,קברנה סוביניון אסטיי,יקבי הבארון – תשבי,,קברנה סוביניון א,יחידה,750.00,יחידה,false,,69.90,0.0932,true,1,20963
7290008921329,false,"מרלו אסטייט 750 מ""ל",יקבי הבארון – תשבי,,תשבי אסטייט מרלו,מיליליטרים,750.00,"100 מ""ל",false,,69.90,0.0932,true,1,20964
7290008921336,false,יין שרדונה אסטייט 7,"יקבי הבארון בע""מ",,תשבי אסטייט שרדו,יחידה,750.00,יחידה,false,,45.00,0.0600,true,1,20965
7290008921442,false,יין תישבי אסטייט מלב,יושלם,,תשבי מלבק 2009,מיליליטרים,750.00,"100 מ""ל",false,,85.00,0.1133,true,1,58166
7290008921459,false,יין שיראז אסטייט 750,יקב תישבי יקבי הברון,,תשביאסטייט שיראז,יחידה,750.00,יחידה,false,,69.90,0.0932,true,1,100729
7290008921473,false,יין תישבי אסטייט עמק,יקבי הבארון – תשבי,,תישבי אסטייט- קברנה,מיליליטרים,750.00,"100 מ""ל",false,,90.00,0.1200,true,1,68760
7290008921541,false,קברנה מרלו אסטייט 75,,,תשבי קברנה מרלו 2014,מיליליטרים,750.00,"100 מ""ל",false,,69.90,0.0932,true,1,118270
7290008921602,false,תשבי פטיט ורדו אסטיי,יקב התשבי,IL,תשבי פטיט ורדו אסטיי,מיליליטרים,750.00,"100 מ""ל",false,,69.90,0.0932,true,1,122154
7290008921633,false,יין אסטיין פינק סובי,יקבי הבארון,IL,פינק סוביניון תשבי,מיליליטרים,750.00,"100 מ""ל",false,,45.00,0.0600,true,1,111350
7290008921688,false,יין תישבי פטיט סירה,,,יין פטיט סירה תשבי,מיליליטרים,750.00,"100 מ""ל",false,,99.90,0.1332,true,1,118740
7290008921718,false,תישבי גוורצטרימנר,יקב תשבי,,תשבי גוורצטרמינר,מיליליטרים,750.00,"100 מ""ל",false,,45.00,0.0600,true,1,51144
7290008921732,false,יין תשבי אסטייט רוזה,,,יין תשבי רוזה,מיליליטרים,750.00,"100 מ""ל",false,,39.90,0.0532,true,1,167730
7290008940153,false,גבינת פילדלפיה במשקל,,,גבינת פילדלפיה במשקל,קילוגרמים,1.00,"ק""ג",true,,69.90,69.9000,true,1,165435
7290008945172,false,גלילונית שקיות אשפה 52*65 40 יח',"קינג באג בע""מ",TH,גלילונית לפח מטבח 40,יחידה,0.00,יחידה,false,,15.90,0.0000,true,1,18659
7290008945202,false,גלילונית ש.אשפה ענק 50 90X75יח' 2020,קילט ניהול פרוייקטים,IL,גלילונית לאשפה משרדי,יחידה,0.00,יחידה,false,,14.90,0.0000,true,1,18660
7290008961585,false,כוסמת פוסולסקי דבור 800 גר,,IL,כוסמת 800 גר,גרמים,800.00,100 גרם,false,,12.90,0.0161,true,1,115967
7290008975780,false,מזון כלבים בונזו גזע,"ביופט בע""מ",IL,בונזו בשר 3 קג,קילוגרמים,4.00,"ק""ג",false,,47.90,11.9750,false,1,18186
7290008981279,false,זעתר אלנח'לה צנצנת 100ג',,,זעתר עם שומשום נח'לה,גרמים,100.00,100 גרם,false,,9.90,0.0990,true,1,7028
7290008981538,false,זעתר עם שומשום אלנחלה 250 גרם צנצנת,,,זעתר עם שומשום 250 ג,גרמים,250.00,100 גרם,false,,18.90,0.0756,true,1,120387
7290008989091,false,פירכיות אורז מארז 100X3ג',"בטר אנד דיפרנט בע""מ",IL,פריכיות אורז,גרמים,310.00,100 גרם,false,,12.90,0.0416,true,1,114845
7290008989473,false,ממרח חרובים טעם שוקו' 350ג' בי&די,"בטר אנד דיפרנט בע""מ",IL,ממרח חרובים בטעם שוק,גרמים,350.00,100 גרם,false,,12.90,0.0369,true,1,64991
7290008989671,false,"ציפוי עדיף לשניצל פריך לל""ג 200 גר' B&D",בטר אנד דיפרנט,IL,ציפוי עדיף פריך גס ל,גרמים,250.00,100 גרם,false,,9.90,0.0396,true,1,100381
7290010002696,false,אקסטרה ציפס אורז חום מלא שמנת בצל 60 גרם,,BG,אקסטרה צ'יפס אורז חו,גרמים,60.00,100 גרם,false,,6.90,0.1150,true,1,166779
7290010003075,false,פפריקה מרוקאית מתוקה 400 גרם,א.ל ייצור ושיווק תבל,IL,פפריקה מרוקאית מתוקה,גרמים,400.00,100 גרם,false,,25.90,0.0647,true,1,121596
7290010023141,false,תה לימונענע הגן הקסום 25 שיקיקים,תה ויסוצקי,IL,תה חליטת לימון ונענע,גרמים,50.00,100 גרם,false,,18.90,0.3780,false,1,9402
7290010032303,false,דבש פרחי הדר 500 גרם מכוורת צוקרמן,,,דבש 500 גר' פרחי הדר,גרמים,500.00,100 גרם,false,,25.90,0.0518,true,1,68101
7290010032310,false,דבש פרחי בר 500 גרם מכוורת צוקרמן,,,דבש 500 גר' פרחי בר,גרמים,500.00,100 גרם,false,,25.90,0.0518,true,1,68100
7290010032327,false,דבש אקליפטוס 500 גרם מכוורת צוקרמן,,,דבש 500 גר' אקליפטוס,גרמים,500.00,100 גרם,false,,25.90,0.0518,true,1,68102
7290010032334,false,דבש זעתר 500 גרם מכוורת צוקרמן,,,דבש 500 גר' זעתר,גרמים,500.00,100 גרם,false,,25.90,0.0518,true,1,68103
7290010032341,false,דבש אשל 500 גרם מכוורת צוקרמן,,,דבש 500 גר' אשל,גרמים,500.00,100 גרם,false,,25.90,0.0518,true,1,68104
7290010032358,false,דבש דרדר 500 גרם מכוורת צוקרמן,,,דבש 500 גר' דרדר,גרמים,500.00,100 גרם,false,,25.90,0.0518,true,1,68105
7290010032365,false,דבש שיזף 500 גרם מכוורת צוקרמן,,,דבש 500 גר' שיזף,גרמים,500.00,100 גרם,false,,25.90,0.0518,true,1,92620
7290010032372,false,דבש אבוקדו 500 גרם מכוורת צוקרמן,,,דבש 500 גר' אבוקדו,גרמים,500.00,100 גרם,false,,25.90,0.0518,true,1,91942
7290010032419,false,"דבש פרחי בר 1 ק""ג מכוורת צוקרמן",,,"דבש 1 ק""ג פרחי בר",קילוגרמים,1.00,"ק""ג",false,,49.90,49.9000,true,1,68109
7290010032426,false,"דבש אקליפטוס 1 ק""ג מכוורת צוקרמן",,,"דבש 1 ק""ג אקליפטוס",קילוגרמים,1.00,"ק""ג",false,,49.90,49.9000,true,1,68110
7290010032440,false,"דבש אשל 1 ק""ג מכוורת צוקרמן",,,"דבש 1 ק""ג אשל",קילוגרמים,1.00,"ק""ג",false,,49.90,49.9000,true,1,68112
7290010032457,false,"דבש דרדר 1 ק""ג מכוורת צוקרמן",,,"דבש 1 ק""ג דרדר",קילוגרמים,1.00,"ק""ג",false,,49.90,49.9000,true,1,68113
7290010032471,false,"דבש אבוקדו 1 ק""ג מכוורת צוקרמן",,,"דבש 1 ק""ג אבוקדו",קילוגרמים,1.00,"ק""ג",false,,49.90,49.9000,true,1,68115
7290010065059,false,פרינוק - ג'וניור פירות מעורבים 190 גרם,פרינוק,CZ,מחית פרינוק 190 גרם,גרמים,190.00,100 גרם,false,,6.50,0.0342,true,1,30953
7290010065073,false,מחית פרינוק גוניור ת,פרינוק,,מחית פרינוק 190 גרם,גרמים,190.00,100 גרם,false,,6.50,0.0342,true,1,117365
7290010065332,false,פרינוק - ג'וניור פתוחי עץ ובננה 190 גרם,פרוטה פודווין איי.אס,CZ,"פרינוק גוניור תפ""ע ב",גרמים,760.00,100 גרם,false,,6.50,0.0086,true,1,7269
7290010065349,false,פרינוק גרבר גוניור סלט פירות 190 גר',פרוטה פודווין איי.אס,CZ,פרינוק גו'ניור סלט פ,גרמים,190.00,100 גרם,false,,6.50,0.0342,true,1,7270
7290010066025,false,טונה בשמן פילטונה 158גרם,,,טונה פיל טונה בשמן,גרמים,112.00,100 גרם,false,,5.90,0.0527,false,1,111206
7290010066513,false,נתחי טונה בשמן צמחי רביעיה *158ג' פילטונה,תעשיות פילטונה,IL,פיל טונה רביעיה בשמן,גרמים,632.00,100 גרם,false,,22.90,0.0362,false,1,60981
7290010066575,false,נתחי טונה במים רביעיה *158ג' פילטונה,תעשיות פילטונה,IL,פיל טונה רביעיה במים,גרמים,632.00,100 גרם,false,,22.90,0.0362,false,1,60979
7290010066582,false,נתחי טונה בשמן קנולה רביעיה * 158 ג' פילטונה,תעשיות פילטונה,IL,פיל טונה רביעיה בשמן,גרמים,632.00,100 גרם,false,,22.90,0.0362,false,1,60982
7290010066599,false,רביעיית נתחי טונה בשמן זית פילטונה 158X4 גרם,תעשיות פילטונה,IL,פיל טונה רביעיה בשמן,גרמים,632.00,100 גרם,false,,27.90,0.0441,true,1,60983
7290010066957,false,נתחי טונה קטנה בשמן צמחי 960ג' פרינס,,,טונה פרינס 960 גר בש,גרמים,960.00,100 גרם,false,,26.90,0.0280,true,1,99173
7290010092031,false,נס קפה-עוגיות מרוקאי,,,נס קפה-עוגיות מרוקאי,גרמים,450.00,100 גרם,false,,16.90,0.0376,true,1,93874
7290010092093,false,עוגיות שחר,שחר המתוקה,,עוגיות שחר,יחידה,0.00,יחידה,false,,14.90,0.0000,false,1,56808
7290010092604,false,רול תמר וקינמון נס ב,,,רול תמר וקינמון נס ב,גרמים,500.00,100 גרם,false,,25.90,0.0518,true,1,167622
7290010116980,false,אבקת שוקולית שקית עלית 850 ג',הנסיך- מפעל לייצור ט,IL,שוקולית 850 גרם,גרמים,850.00,100 גרם,false,,17.90,0.0211,false,1,29699
7290010117857,false,דוריטוס חריף אש 55 ג' עלית,עלית,IL,דוריטוס חריף אש,גרמים,55.00,100 גרם,false,,2.90,0.0527,true,1,26567
7290010117970,false,סבבה בוטנים קלויים מצופים - אריזה אישית,"שטראוס פריטו ליי בע""",IL,בוטנים אמריקאים עלית,גרמים,50.00,100 גרם,false,,1.90,0.0380,true,1,54670
7290010119240,false,מארז תפוצ'יפס בטעם טבעי 12 יחידות,שטראוס פריטו ליי (מל,IL,תפוציפס טבעי 12יח מא,גרמים,216.00,100 גרם,false,,16.50,0.0764,true,1,31830
7290010119950,false,דוריטוס חמוץ חריף 55 גרם-סטריפ,שטראוס גרופ,,דוריטוס חמוץ מתוק,גרמים,55.00,100 גרם,false,,2.90,0.0527,true,1,11044
7290010124190,false,שניצל בקר מלינסה 250 ג' אל מטאדור,בלדי,IL,שניצל בקר מליסה 250,גרמים,250.00,100 גרם,false,,11.90,0.0476,true,1,111360
7290010124213,false,סינטה בקר דק דק אל מטאדור 250 ג',בלאדי,IL,סינטה בקר דק דק 250,גרמים,250.00,100 גרם,false,,16.90,0.0676,true,1,111361
7290010124503,false,שומן כבש מעובד ארוז בלדי 200גר,בלדי,IL,שומן כבש בלדי 200 גר,גרמים,200.00,100 גרם,false,,12.90,0.0645,true,1,52550
7290010161669,false,אדם פרימייר דאודורנט ספריי 200 מל,זוהר קוסמטיקס,IL,דאודורנט אדם פרמייר,מיליליטרים,200.00,"100 מ""ל",false,,14.90,0.0745,true,1,94878
7290010163069,false,צנובר 100 גרם ששון הקולה,"דין שיווק וקלייה בע""",IL,צנובר גדול 100 גר,גרמים,100.00,100 גרם,false,,22.90,0.2290,true,1,67798
7290010173068,false,"יין חרמון גליל קברנה אדום יבש 750מ""ל","כד בני דרום בע""מ",IL,הרי גליל קברנה סובינ,מיליליטרים,750.00,"100 מ""ל",false,,31.90,0.0425,false,1,13796
7290010173174,false,"יין אלון 2019 750 מ""ל הרי גליל",יקבי רמת הגולן,IL,יין הרי גליל אלון 20,מיליליטרים,750.00,"100 מ""ל",false,,50.00,0.0667,false,1,53079
7290010173181,false,יין אלה הרי גליל 750 מל,יקבי רמת הגולן,IL,יין גליל אלה 2019,מיליליטרים,750.00,"100 מ""ל",false,,50.00,0.0667,false,1,55735
7290010182985,false,חלאבלין דאודורנט סטיק 72 שעות כחול,חלאבין,IL,דאודורנט לאבלין סטיק,מיליליטרים,50.00,"100 מ""ל",false,,23.90,0.4780,true,1,110926
7290010192038,false,שורש פטרוזיליה ארוז,,,שורש פטרוזליה.,יחידה,0.00,יחידה,false,,4.90,0.0000,true,1,58428
7290010195268,false,פופקורן פופסטאר חמישייה מופחת שומן טבעי,פופ סטאר,US,פופסטאר מופחת שומן ט,גרמים,425.00,100 גרם,false,,12.90,0.0304,false,1,48658
7290010195275,false,פופקורן פופסטאר חמישייה מובחר שומן חמאה,פופ סטאר,US,פופסטאר מופחת שומן ח,גרמים,425.00,100 גרם,false,,12.90,0.0304,false,1,48659
7290010196678,false,שקיות ענק לצליה בתנור קוקי 2*5 יח,קיטים,,שקיות קוקי ענק 10 יח,יחידה,0.00,יחידה,false,,17.90,0.0000,true,1,8725
7290010228201,false,עוגיות נשיקות מרנג 80ג',יוסיפוב יעקב,,נשיקות מרנג,גרמים,300.00,100 גרם,false,,23.90,0.0797,true,1,39244
7290010237548,false,"פפסי מקס דל קלוריות 500 מ""ל בקבוק",טמפו משקאות בעמ,IL,פפסי מקס 0.5 ליטר,יחידה,500.00,יחידה,false,,4.00,0.0080,false,1,29933
7290010237562,false,משקה פפסי מרינדה קוו,"טמפו משקאות בע""מ",IL,מירינדה בקבוק 0.5 ל',מיליליטרים,500.00,"100 מ""ל",false,,4.50,0.0090,false,1,45972
7290010237784,false,בירה שנדי בתוספת משקה לימון ליים - שישייה,"טמפו משקאות בע""מ",IL,מכבי שנדי שישייה בקב,יחידה,1.98,יחידה,false,,31.90,16.1111,false,1,29935
7290010237890,false,"בירה הייניקן בקבוק 500 מ""ל חוזר",טמפו משקאות בע''מ,IL,הייניקן בירה בקבוק 5,מיליליטרים,500.00,"100 מ""ל",false,,8.00,0.0160,true,1,20937
7290010259359,false,וילי פוד נודלס אטר.ביצים להקפצה בדץ 200ג,פוג'יאן לונגהאי אנלי,CN,אטריות נודלס ביצים מ,גרמים,200.00,100 גרם,false,,4.40,0.0220,true,1,52517
7290010259366,false,וילי פוד נודלס אטר.ביצים מסולסל בדץ 200ג,פוג'יאן לונגהאי אנלי,CN,אטריות נודלס ביצים מ,גרמים,200.00,100 גרם,false,,4.40,0.0220,true,1,52518
7290010259823,false,מנת השף מרק עם נודלס טעם עוף בדץ 70ג,נמצ'או(תאילנד) בעמ,TH,מנת השף מרק נודלס טע,גרמים,70.00,100 גרם,false,,4.90,0.0700,true,1,58846
7290010259830,false,מרק עם נודלס סיני פיקנטי מנת השף 70 גר,נמצ'או(תאילנד) בעמ,TH,מנת השף מרק עם נודלס,גרמים,70.00,100 גרם,false,,4.90,0.0700,true,1,58847
7290010259847,false,מנת השף מרק עם נודלס טעם תירס בדץ 70ג,יוליניבר,TH,מנת השף מרק עם נודלס,גרמים,70.00,100 גרם,false,,4.90,0.0700,true,1,58848
7290010259854,false,מרק עם נודלס טעם פטריות מנת השף 70 גר,נמצ'או(תאילנד) בעמ,TH,מנת השף מרק נודלס פט,גרמים,70.00,100 גרם,false,,4.90,0.0700,true,1,58849
7290010259861,false,מנת השף מרק עם נודלס בטעם ירקות בדץ 70ג,יוליניבר,TH,מנת השף מרק נודלס יר,גרמים,70.00,100 גרם,false,,4.90,0.0700,true,1,58850
7290010259991,false,וילי פוד צנימים בדץ 250ג,וילי פוד,PT,צנימים 250 גרם,גרמים,250.00,100 גרם,false,,6.90,0.0276,true,1,60776
7290010300211,false,מפת דובדבן ניילון 24 מטר,,,מפת דובדבן ניילון 24,יחידה,0.00,יחידה,false,,16.90,0.0000,true,1,62695
7290010300471,false,חוט דנטלי ושעווה מנטה קלין 50 מטר,,,חוט דנטלי עם שעווה 5,יחידה,0.00,יחידה,false,,9.90,0.0000,true,1,116749
7290010300488,false,קיסמים וחוט דנטלי דנטה קלין 40 יח',,,קיסם+חוט דנטלי 40 יח,יחידה,0.00,יחידה,false,,9.00,0.0000,true,1,62313
7290010300594,false,אבקת גלטין טהור 28 גר,,,ג'לטין טהור,גרמים,28.00,100 גרם,false,,10.90,0.3893,true,1,56270
7290010300747,false,קיסמים דנטליים 200 יח',,CN,קיסמים דנטליים 200 י,יחידה,0.00,יחידה,false,,9.00,0.0000,true,1,53281
7290010300860,false,אציטון נאמן לאורך זמ,,,אציטון 100 גר',מיליליטרים,100.00,"100 מ""ל",false,,3.30,0.0330,true,1,43647
7290010328093,false,ממרח חלווה אחווה 400 ג' מהדרין,אחדות בית חרושת לטחי,IL,ממרח חלבה אחוה 400 ג,גרמים,400.00,100 גרם,false,,11.90,0.0298,true,1,27082
7290010328178,false,חלבה מסולסלת שערות אחוה 250 ג',אחדות ביחר לטחינה חל,IL,חלבה אחוה מסולסלת 25,גרמים,250.00,100 גרם,false,,11.90,0.0476,true,1,33276
7290010328246,false,טחינה גולמית שומשום מלא אחווה 500 ג',"אחדות ביח""ר לטחינה ח",IL,טחינה משומשום מלא אח,גרמים,500.00,100 גרם,false,,10.90,0.0218,false,1,35867
7290010328253,false,טחינה משומשום טבעי 500 גר מהדרין,"אחדות ביח""ר לטחינה ח",IL,טחינה שומשום טבעי אח,גרמים,500.00,100 גרם,false,,10.90,0.0218,false,1,38075
7290010328468,false,אחווה חטיפי מיני חלווה ב- 3 טעמים 18 יח,שוורצקוף& הנקל דיסלד,IL,חטיפי מיני חלבה,גרמים,216.00,100 גרם,false,,10.90,0.0505,true,1,60244
7290010328505,false,אחווה חטיפי מיני חלווה ללא סוכר 15 יח,אחדות ביחר לטחינה חל,IL,חטיפי מיני חלבה ללא,גרמים,150.00,100 גרם,false,,10.90,0.0727,true,1,63821
7290010328710,false,קצפיות במגש -אחווה,אחדות ביחר לטחינה חל,IL,קצפיות אחוה,גרמים,180.00,100 גרם,false,,9.90,0.0550,true,1,92894
7290010328734,false,ממרח טחינה עם סילאן משומשום מלא,אחדות ביחר לטחינה חל,IL,ממרח טחינה עם סילאן,גרמים,400.00,100 גרם,false,,11.90,0.0298,true,1,95899
7290010328819,false,"ממרח טחינה עם שוקולד לל""ס 400 ג' אחדות!.",אחדות ביחר לטחינה חל,IL,ממרח טחינה שוקולד לל,גרמים,400.00,100 גרם,false,,11.90,0.0298,true,1,98228
7290010329854,false,עוגיות מיני קוקיס בטעם חמאה ללא תוספת סוכר,כרמית,,מיני קוקיס חמאה ללא,גרמים,700.00,100 גרם,false,,21.90,0.0313,true,1,33503
7290010373055,false,"ערק זחלאווי אלליאלי 500 מ""ל",אלנמרוד,,ערק זחלאווי אלליאלי5,יחידה,500.00,יחידה,false,,64.90,0.1298,true,1,26514
7290010471669,false,יוגורט תות עם קורנפלקס מצופה שוקולד ללא גלוטן 3.9%,"שטראוס בריאות בע""מ",IL,דנונה קראנצ יוגורט ת,גרמים,175.00,100 גרם,false,,4.60,0.0263,true,1,8032
7290010472307,false,מארז 8 יחידות משקה גמדים בטעם תות בננה,מיוצר עי קונדיטוריית,IL,גמדים לשתיה תות בננה,מיליליטרים,800.00,"100 מ""ל",false,,20.00,0.0250,true,1,8056
7290010513727,false,פנקו פרורי לחם 200 גרם (קינגדאו),קינגדאו גוניון פודס,CN,פנקו מזרח ומערב,גרמים,200.00,100 גרם,false,,7.00,0.0350,true,1,61119
7290010535057,false,גליל נייר דבק 9 מטר+,,,גליל נייר דבק 9 מטר+,יחידה,0.00,יחידה,false,,19.90,0.0000,true,1,23674
7290010535361,false,מברשת רחצה לגב,,,מברשת רחצה לגב,יחידה,0.00,יחידה,false,,17.90,0.0000,true,1,46940
7290010535460,false,מאפינס 50 יח,,,מאפינס 50 יח,יחידה,0.00,יחידה,false,,10.90,0.0000,true,1,95465
7290010535682,false,מטלית מיקרו פייבר,,,מטלית מיקרו פייבר,יחידה,0.00,יחידה,false,,8.90,0.0000,true,1,111354
7290010535699,false,חוט דנטאלי 50 מטר רפ,מיה טריידינג,CN,חוט דנטלי סוג א 50 מ,יחידה,0.00,יחידה,false,,9.90,0.0000,true,1,57435
7290010535910,false,סקוטץ קוצים 2 יח',,,סקוטץ קוצים 2 יח',יחידה,0.00,יחידה,false,,9.00,0.0000,true,1,38393
7290010546053,false,מנדל גרנולה בריאות קלויה ללא סוכר 400 גר,מנדל טי אמ סחר,IL,מנדל גרנולה-ללא סוכר,גרמים,400.00,100 גרם,false,,18.90,0.0472,true,1,60286
7290010546152,false,גרנולה קלויה בתוספת אגוזים ותמרים 400 ג',יוליניבר,IL,מנדל גרנולה-אגוזים ו,גרמים,400.00,100 גרם,false,,18.90,0.0472,true,1,60288
7290010546169,false,"גרנולה בטעם ""דינמי"" בתוספת שקדים וצימוק",מנדל טי אמ סחר,IL,מנדל גרנולה-שקדים וצ,גרמים,400.00,100 גרם,false,,18.90,0.0472,true,1,60289
7290010546336,false,מנדל גרנולה בסילאן ללא תוספת סוכר 400 גר,מנדל,,גרנולה ודגנים ללא תו,גרמים,400.00,100 גרם,false,,18.90,0.0472,true,1,92322
7290010546558,false,גרנולה חלבה תמרים מנדל 400 גר,מנדל טי אמ סחר,IL,גרנולה חלבה תמרים 40,גרמים,400.00,100 גרם,false,,18.90,0.0472,true,1,103814
7290010546565,false,גרנולה שוקולד מנדל 400 גר,מנדל,,גרנולה שוקולד 400 גר,גרמים,400.00,100 גרם,false,,18.90,0.0472,true,1,103815
7290010546633,false,מנדל גרנולה חמאת בוטנים מעושר בחלבון 350,מנדל,IL,גרנולה חמאת בוטנים מ,גרמים,350.00,100 גרם,false,,18.90,0.0540,true,1,120364
7290010548514,false,עשבי תיבול לבישול איטלקי 70 גרם קפוא,עיצובים 2020 (3.8),IL,עשבי תיבול לבישול אי,גרמים,70.00,100 גרם,false,,11.00,0.1571,true,1,30179
7290010561445,false,פיתות ללא גלוטן - 5 יח',אשבל מזון פונקציונלי,IL,ברילי פיתות,גרמים,420.00,100 גרם,false,,19.90,0.0474,true,1,119322
7290010561643,false,"ברילי פירורי לחם לל""ג 250 גרם",אשבל מזון פונקציונלי,IL,ברילי פירורי לחם,גרמים,250.00,100 גרם,false,,19.90,0.0796,true,1,123389
7290010587469,false,"יין טוליפ קברנה סוביניון 750 מ""ל",יקב טוליפ,,טוליפ קברנה סוביניון,מיליליטרים,750.00,"100 מ""ל",false,,65.00,0.0867,true,1,105202
7290010587476,false,"יין טוליפ מרלו 750 מ""ל",יקב טוליפ,,טוליפ מרלו 2017,מיליליטרים,750.00,"100 מ""ל",false,,59.90,0.0799,true,1,105204
7290010587490,false,יין אספרסו וויט טולי,יקב טוליפ,,טוליפ אספרו וויט 202,מיליליטרים,750.00,"100 מ""ל",false,,70.00,0.0933,true,1,167579
7290010587889,false,"יין טוליפ סירה רזרב 750 מ""ל",יקב טוליפ,,יין טוליפ סירה רזרב,מיליליטרים,750.00,"100 מ""ל",false,,99.90,0.1332,true,1,109446
7290010589081,false,חטיפי בריאות,,,חטיפי בריאות,גרמים,200.00,100 גרם,false,,23.90,0.1195,true,1,123787
7290010589159,false,עוגיות שקדים 250 גר',,,עוגיות שקדים 250 גר',גרמים,250.00,100 גרם,false,,24.90,0.0996,true,1,123786
7290010589227,false,כדורי שוקולד טעם שוק,וישם דברי מתיקה,IL,כדורי וופר שבבי וופר,גרמים,400.00,100 גרם,false,,29.90,0.0747,true,1,97951
7290010627004,false,טחינה גולמית מסורתית ירושלים 500 ג',"בראשית ירושלים בע""מ",IL,טחינה ירושלים 500 גר,גרמים,500.00,100 גרם,false,,14.90,0.0298,true,1,96033
7290010627844,false,טחינה גולמית שומשום מלא ירושלים 500גרם,"בראשית ירושלים בע""מ",IL,טחינה ירושלים 500 מל,גרמים,500.00,100 גרם,false,,14.90,0.0298,true,1,97011
7290010632640,false,מוצץ גומי בליסטר 3יח,B.R Works,IN,מוצץ גומי 3יח בנוני,יחידה,0.00,יחידה,false,,12.90,0.0000,true,1,121638
7290010632787,false,צימרוני אוזניים עץ 300יח',הדקלאים אגודת שיתופי,CN,צימרוני אוזניים 300י,יחידה,0.00,יחידה,false,,4.20,0.0000,true,1,68324
7290010650019,false,עולש אנדיב בלגי חוות,חוות פטריות תקוע,IL,אנדיב בלגי,גרמים,150.00,100 גרם,false,,13.90,0.0927,true,1,47179
7290010650033,false,בצלצלי שאלוט תקוע אר,חוות פטריות תקוע,IL,בצלצלי שאלוט 350 גר',גרמים,350.00,100 גרם,false,,14.90,0.0426,true,1,52037
7290010650040,false,פטריות שיטאקי תקוע א,"פנטה אמפאק בע""מ",IL,פטריות שיטאקי טרי או,גרמים,100.00,100 גרם,false,,11.90,0.1190,true,1,61555
7290010650064,false,פטריות יער מיובשות ת,חוות תקוע,IL,פטריות יער מיובשות 2,גרמים,20.00,100 גרם,false,,6.40,0.3200,true,1,32000
7290010650088,false,פטריות שמפיניון מיובש,קרלו,IL,פטריות שמפיניון מיוב,גרמים,25.00,100 גרם,false,,8.40,0.3360,true,1,32002
7290010650101,false,עגבניות מיובשות יח,חוות פטריות תקוע,IL,עגבניות מיובשות,גרמים,100.00,100 גרם,false,,8.40,0.0840,true,1,11213
7290010650194,false,זנגוויל תאילנדי תקוע,"פסח בא בע""מ",IL,זנגוויל ארוז מגשית,גרמים,250.00,100 גרם,false,,8.90,0.0356,true,1,61771
7290010650231,false,פטריות מאיטאקי מיובש,קרלו,IL,פטריות מאי- טאקי יבש,גרמים,20.00,100 גרם,false,,9.40,0.4700,true,1,35979
7290010650255,false,לקט פטריות מיובשות ל,קרלו,IL,לקט פטריות מיובשות ל,גרמים,25.00,100 גרם,false,,11.90,0.4760,true,1,46510
7290010650279,false,לקט פטריות מיובשות ל,חקלאי,IL,לקט פטריות מיובשות ל,גרמים,25.00,100 גרם,false,,11.90,0.4760,true,1,46511
7290010650286,false,ברוקולי מיני תקוע,,,בייבי ברוקולי,גרמים,350.00,100 גרם,false,,12.90,0.0369,true,1,94059
7290010650293,false,בצלצלי שאלוט מקולף ת,,,שאלוט קלוף ארוז,גרמים,250.00,100 גרם,false,,12.90,0.0516,true,1,61586
7290010650354,false,שורש כורכום טרי ארוז,פסטה לנסי,IL,כורכום טרי,גרמים,120.00,100 גרם,false,,14.90,0.1242,true,1,62102
7290010650415,false,עגבניות לחות במגשית 200 גר,חוות תקוע,IL,עגבניות לחות מגשית,גרמים,200.00,100 גרם,false,,9.40,0.0470,true,1,61578
7290010650538,false,פינוקי בטטה סגולה 150 גר,,,תירס סופר מתוק,גרמים,550.00,100 גרם,false,,18.90,0.0344,true,1,61582
7290010650576,false,פטריות שנוקי טרי ארו,"פנטה אמפאק בע""מ",IL,פטריות שינוקי,גרמים,150.00,100 גרם,false,,9.90,0.0660,true,1,61691
7290010650590,false,ריזוטו פטריות מיובשו,קרלו,IL,ריזוטו פטריות,גרמים,275.00,100 גרם,false,,15.90,0.0578,true,1,61947
7290010650668,false,למון גראס -חוות תקוע,חקלאי,IL,למון גראס -חוות תקוע,יחידה,0.00,יחידה,false,,10.90,0.0000,true,1,63530
7290010650767,false,אנדיב אדום 220 גרם,פמילי,IL,אנדיב אדום ארוז,יחידה,0.00,יחידה,false,,19.90,0.0000,true,1,92070
7290010650798,false,תבשיל בורגול ופטריות,קרלו,IL,לקט בורגול ופטריות,גרמים,310.00,100 גרם,false,,13.90,0.0448,true,1,108383
7290010650828,false,פטריות שימגי לבן תקו,עינת תעשיות מזון אגו,IL,פטריות שימג'י לבן,יחידה,0.00,יחידה,false,,10.90,0.0000,true,1,107885
7290010650903,false,עגבניות לחות תקוע או,חקלאי,TR,עגבניות לחות עם אורג,גרמים,200.00,100 גרם,false,,9.40,0.0470,true,1,114764
7290010650927,false,עגבניות לחות תקוע בז,חקלאי,TR,עגבניות לחות עם בזיל,גרמים,200.00,100 גרם,false,,9.40,0.0470,true,1,114766
7290010650996,false,פטריות שימגי חום תקו,שנגחאי פינק פוד קומפ,IL,פטריות שימג'י חום,גרמים,150.00,100 גרם,false,,10.90,0.0727,true,1,122468
7290010657292,false,צלפים בחומץ צנצנת 35,פ.ח סאנצאס,ES,צלפים בחומץ,גרמים,370.00,100 גרם,false,,12.50,0.0338,true,1,108996
7290010657315,false,עלי גפן ממולאים 400 ג' סטאר פוד,,,עלי גפן ממולאים סטאר,גרמים,400.00,100 גרם,false,,9.40,0.0235,true,1,55642
7290010657506,false,סרדין קזבלנקה בשמן ז,יוניון דה פחריס,MA,סרדין קזבלנקה בשמן ז,גרמים,125.00,100 גרם,false,,5.60,0.0448,true,1,30969
7290010657551,false,סרדינים ברוטב עגבניו,יוניון דה פחריס,MA,סרדין קזבלנקה ברוטב,יחידה,0.00,יחידה,false,,4.40,0.0000,true,1,51744
7290010657681,false,פילה מקרל בשמן צמחי 125 ג קזבלנקה,יוניון דה פחריס,,פילה מקרל בשמן צמחי,גרמים,125.00,100 גרם,false,,7.90,0.0632,true,1,34127
7290010657698,false,פילה מקרל פלפל חריף 125 ג קזבלנקה,יוניון דה פחריס,,פילה מקרל עם פלפל חר,גרמים,125.00,100 גרם,false,,8.50,0.0680,true,1,53395
7290010657704,false,פילה מקרל בשמן זית 125 ג קזבלנקה,יוניון דה פחריס,,פילה מקרל בשמן זית,גרמים,125.00,100 גרם,false,,9.40,0.0752,true,1,34129
7290010657728,false,אמנדה סטר פוד כבד דג שיבוט 115גר,,,כבד דג שיבוט בשמן הד,גרמים,120.00,100 גרם,false,,11.90,0.0992,true,1,119822
7290010657834,false,"ראניה סטר פוד מי ורדים 510 מ""ל",אלימאד פוד,BE,מי ורדים 400 גר',יחידה,400.00,יחידה,false,,16.90,0.0422,true,1,35884
7290010657902,false,בצלצלי פנינה סטאר פו,לוקסאפרס,ES,בצלצלי פנינה סטאר פו,גרמים,400.00,100 גרם,false,,9.90,0.0248,true,1,42920
7290010657940,false,"שמן שומשום 200 מ""ל",,,"שמן שומשום 200 מ""ל",מיליליטרים,200.00,"100 מ""ל",false,,14.90,0.0745,true,1,167727
7290010672844,false,חלה קלועה אפויה פילסברי,פילסברי,,חלה קלועה רגילה ח.א,יחידה,0.00,יחידה,false,,11.90,0.0000,true,1,100908
7290010748518,false,"סרקל פורטה שמפו לילדים 750 מ""ל","ד""ר פישר Dr fischer",IL,סרקל פורטה שמפו 750,מיליליטרים,750.00,"100 מ""ל",false,,26.90,0.0359,true,1,21714
7290010748860,false,"ד""ר פישר - אפקטיב קר קרם ידיים אינטנסיב 150 מ""ל",פישר מעבדות פרמצבטיו,IL,קרם ידיים וציפורניים,מיליליטרים,150.00,"100 מ""ל",false,,16.90,0.1127,true,1,41210
7290010748877,false,קרם גוף אפקטיב קר לעור עדין סנסטי 700 מל,פישר מעבדות פרמצבטיו,IL,קרם גוף אפקטיב לעור,מיליליטרים,700.00,"100 מ""ל",false,,32.90,0.0470,true,1,49894
7290010748884,false,קרם גוף אינטנסיב Intensive לעור יבש במיוחד,פישר מעבדות פרמצבטיו,IL,ק.גוף אפקטיב קר יבש,מיליליטרים,700.00,"100 מ""ל",false,,32.90,0.0470,true,1,41211
7290010748891,false,קרם גוף מולטי ויטמין Multi vitamin לעור רגיל- יבש,פישר מעבדות פרמצבטיו,IL,ק.גוף אפקטיב קר רגיל,מיליליטרים,700.00,"100 מ""ל",false,,32.90,0.0470,true,1,46972
7290010757893,false,"בורקס תפו""א ללא גלוטן פרווה - מוקפא",מאפיית ישראל חיפה,IL,"בורקס תפ""א ללא גלוטן",גרמים,500.00,100 גרם,false,,19.90,0.0398,true,1,166794
7290010757930,false,מלאווח ללא גלוטן פרווה - מוקפא,מאפיית ישראל חיפה,IL,מלאווח ללא גלוטן 500,גרמים,500.00,100 גרם,false,,19.90,0.0398,true,1,166798
7290010757961,false,ג'חנון ל.גלוטן אריאל,מאפיית ישראל חיפה,IL,ג'חנון ללא גלוטן 450,גרמים,450.00,100 גרם,false,,19.90,0.0442,true,1,166801
7290010766185,false,רוטב פסטה בזיליקום ע.תיבול אוליביה 420ג',אוליביה,IL,רוטב לפסטה עגבניות ו,יחידה,0.00,יחידה,false,,13.90,0.0000,true,1,49723
7290010766697,false,רוטב שקשוקה אוליביה 415 גר,אוליביה,IL,רוטב שקשוקה,גרמים,415.00,100 גרם,false,,13.90,0.0335,true,1,31885
7290010766734,false,רוטב פיצה אוליביה אסם 430 ג',אוליביה,IL,רוטב פיצה 415 גר',גרמים,415.00,100 גרם,false,,13.90,0.0335,true,1,34097
7290010766949,false,ממרח תחתיות ארטישוק 180ג' אוליביה,אוליביה,IL,ממרח תחתיות ארטישוק,גרמים,180.00,100 גרם,false,,13.90,0.0772,true,1,44421
7290010766956,false,אוליביה ממרח פלפלים מתוקים אדומים 180 גר,אוליביה,IL,ממרח פלפלים קלויים א,גרמים,180.00,100 גרם,false,,13.90,0.0772,true,1,44422
7290010777013,false,צלחות פבלובה מרנג220,אקלר,IL,צלחת מרנג,גרמים,100.00,100 גרם,false,,28.90,0.2890,true,1,65675
7290010778058,false,פטוציני לבן/ טריקולו,פסטה דיאורו,IL,פסטה פטוצ'יני טריה,גרמים,500.00,100 גרם,false,,19.90,0.0398,true,1,57576
7290010778065,false,"ניוקי תפו""א פסטה טרי",פסטה דיאורו,IL,"ניוקי תפו""א פסטה טרי",גרמים,500.00,100 גרם,false,,19.90,0.0398,true,1,57577
7290010778089,false,טורטליני גבינה,פסטה דיאורו,IL,טורטליני גבינה,יחידה,0.00,יחידה,false,,36.90,0.0000,true,1,65143
7290010778096,false,קנלוני ריקוטה תרד,,,קנלוני ריקוטה תרד,גרמים,500.00,100 גרם,false,,34.90,0.0698,true,1,103779
7290010778119,false,רוטב לפסטה עגבניות,פסטה דיאורו,IL,רוטב לפסטה עגבניות,גרמים,240.00,100 גרם,false,,15.90,0.0663,true,1,57578
7290010778126,false,"רוטב פסטו ""פסטה ד'יא",פסטה דיאורו,IL,"רוטב פסטו ""פסטה ד'יא",גרמים,220.00,100 גרם,false,,23.90,0.1086,true,1,57687
7290010778157,false,ריביולי ריקוטה תרד,פסטה דיאורו,IL,ריביולי ריקוטה תרד,גרמים,500.00,100 גרם,false,,31.90,0.0638,true,1,57579
7290010778164,false,ריביולי ריקוטה ופטרי,פסטה דיאורו,IL,ריביולי ריקוטה ופטרי,גרמים,500.00,100 גרם,false,,31.90,0.0638,true,1,57580
7290010778171,false,ריביולי בטטה,פסטה דיאורו,IL,ריביולי בטטה,גרמים,500.00,100 גרם,false,,31.90,0.0638,true,1,57581
7290010778188,false,ריביולי 4 גבינות,פסטה דיאורו,IL,ריביולי 4 גבינות,גרמים,500.00,100 גרם,false,,31.90,0.0638,true,1,57582
7290010778201,false,רוטב לפסטה שמנת אלפר,פסטה דיאורו,IL,רוטב לפסטה שמנת אלפר,גרמים,240.00,100 גרם,false,,21.90,0.0912,true,1,57583
7290010778218,false,רוטב לפסטה שמנת ופטר,פסטה דיאורו,IL,רוטב לפסטה שמנת ופטר,גרמים,240.00,100 גרם,false,,21.90,0.0912,true,1,57584
7290010778225,false,רוטב לפסטה שמנת עגבנ,פסטה דיאורו,IL,רוטב לפסטה שמנת עגבנ,גרמים,240.00,100 גרם,false,,21.90,0.0912,true,1,57585
7290010778256,false,ריביולי ריקוטה פרמזן,פסטה דיאורו,IL,ריביולי ריקוטה פרמזן,גרמים,500.00,100 גרם,false,,31.90,0.0638,true,1,57586
7290010778263,false,ריביולי גבינות צאן,פסטה דיאורו,IL,ריביולי גבינות צאן,גרמים,500.00,100 גרם,false,,31.90,0.0638,true,1,57587
7290010778300,false,ריביולי מוצרלה,פסטה דיאורו,IL,ריביולי מוצרלה,גרמים,500.00,100 גרם,false,,31.90,0.0638,true,1,57790
7290010778324,false,ניוקי בטטה פסטה טריה,פסטה דיאורו,IL,ניוקי בטטה פסטה טריה,גרמים,500.00,100 גרם,false,,19.90,0.0398,true,1,57588
7290010778485,false,רוטב לפסטה שמנת בטטה,פסטה דיאורו,IL,רוטב לפסטה שמנת בטטה,גרמים,240.00,100 גרם,false,,21.90,0.0912,true,1,57589
7290010778492,false,רוטב לפסטה שמנת ותרד,פסטה דיאורו,IL,רוטב לפסטה שמנת ותרד,גרמים,240.00,100 גרם,false,,21.90,0.0912,true,1,57590
7290010778553,false,ניוקי סלק ממולא גבינ,פסטה דיאורו,IL,ניוקי סלק ממולא גבינ,גרמים,500.00,100 גרם,false,,31.90,0.0638,true,1,101001
7290010778683,false,ניוקי מעורב,פסטה דיאורו,IL,ניוקי מעורב,גרמים,500.00,100 גרם,false,,19.90,0.0398,true,1,100999
7290010778690,false,קפלצ'ו ריקוטה וסלק,,,קפלצ'ו ריקוטה וסלק,גרמים,500.00,100 גרם,false,,34.00,0.0680,true,1,101000
7290010791538,false,שימורי עוף גורמה לה קט 85 ג',מנדלז סי.אר. פרודקשן,TH,לה קט עוף גורמה 85 ג,גרמים,85.00,100 גרם,false,,5.50,0.0647,true,1,28586
7290010791545,false,שימורי כבד גורמה להקט 85 ג',"הייקיו, תאילנד",TH,לה קט דליקטס פטה כבד,גרמים,85.00,100 גרם,false,,5.50,0.0647,true,1,28746
7290010791552,false,שימורי טונה גורמה לה קט 85 ג',"הייקיו, תאילנד",TH,לה קט דליקטס טונה,גרמים,85.00,100 גרם,false,,5.50,0.0647,true,1,29383
7290010791576,false,מזון חתולים דליקטס מ,"הייקיו, תאילנד",TH,לה קט דליקטס דגי אוק,גרמים,85.00,100 גרם,false,,5.50,0.0647,true,1,28587
7290010791583,false,לה קט דליקטס דגי אוקיינוס וטונה,מנדלז סי.אר. פרודקשן,TH,לה קט דליקטס דגי אוק,גרמים,85.00,100 גרם,false,,5.50,0.0647,true,1,28748
7290010791644,false,בונזו גוי מקלוני עוף,בונזו,,בונזו גו'י מקלוני עו,גרמים,90.00,100 גרם,false,,17.00,0.1889,true,1,63280
7290010814251,false,שלשות שוקולד חלב 85 גר*3 בלמינט*18 בקרט בדצ,כרמית תעשיות ממתקים,IL,שלישיה שוקולד חלב כר,גרמים,255.00,100 גרם,false,,10.90,0.0427,true,1,53218
7290010814701,false,שוקולד חלב ללא תוספת סוכר וסטהיים,כרמית תעשיות ממתקים,IL,שוקולד חלב ללא תוספת,גרמים,85.00,100 גרם,false,,5.90,0.0694,true,1,26946
7290010822430,false,מים סן בנדטו 1ל זכוכ,טמפו 7.5%,,מים סאן בנדטו 1ל',ליטרים,1.00,ליטר,false,,8.00,8.0000,true,1,47365
7290010838219,false,ממתיק על בסיס צמח הסטיביה - שקיות,תות ממתקי איכות,IL,מרמולייט סטיביה 100ש,יחידה,0.00,יחידה,false,,28.90,0.0000,true,1,53636
7290010838424,false,ג'ל לניקוי מתקדם בניחוח רענן - מארז זוג,"איטיליאן פוד, אס.פי.",NL,טואלט דאק * 750זוג *,ליטרים,1.50,ליטר,false,,17.90,11.9333,false,1,18836
7290010838431,false,ג'ל לניקוי מתקדם בניחוח ים - מארז זוג,מיוצר עי קונדיטוריית,NL,טואלט דאק * 750זוג *,ליטרים,1.50,ליטר,false,,17.90,11.9333,false,1,18837
7290010849529,false,יין למברוסקו די לואיג'י ביאנקו,פארייפאבה אגרואינדוס,IT,למברוסקו די לואיג'י,מיליליטרים,750.00,"100 מ""ל",false,,24.90,0.0332,true,1,68184
7290010883356,false,כפפות אלוורה רב שימושיות מרופדות גדול L,סנו סושי,CN,סנו סושי זוג כפפות א,יחידה,0.00,יחידה,false,,9.90,0.0000,true,1,29301
7290010883363,false,כפפות אלוורה רב שימושיות מרופדות קטן S,האי נאם סי או אל.טי.,CN,סנו סושי זוג כפפות א,יחידה,0.00,יחידה,false,,9.90,0.0000,true,1,29302
7290010883370,false,כפפות אלוורה רב שימושיות מרופדות בינוני M,האי נאם סי או אל.טי.,CN,סנו סושי זוג כפפות א,יחידה,0.00,יחידה,false,,9.90,0.0000,true,1,29303
7290010922949,false,תות שדה קפוא בלדי 250 גרם,,IL,תות שדה קפוא 250 גר',גרמים,250.00,100 גרם,false,,8.90,0.0356,true,1,122529
7290010945306,false,טרה חלב בקרטון 2 ליט,טרה,IL,חלב 2 ליטר מהדרין,ליטרים,2.00,ליטר,false,,12.46,6.2300,false,1,23120
7290010945450,false,גבינה לבנה 3% 250 גר מועשר בסידן וויטמין,טרה,IL,גבינה לבנה 3% 250 גר,גרמים,250.00,100 גרם,false,,4.98,0.0199,false,1,23125
7290010945481,false,גבינה לבנה 5% שומן 500 ג' טרה,טרה,IL,גבינה לבנה 5% 500 גר,גרמים,500.00,100 גרם,false,,9.96,0.0199,false,1,23126
7290010970216,false,חומץ טעמים בלסמי 500,טעמים,IL,חומץ בלסמי איטלקי,מיליליטרים,500.00,"100 מ""ל",false,,19.90,0.0398,true,1,66809
7290010970230,false,חומץ טעמים פירות הד,יושלם,IL,חומץ פירות הדר,מיליליטרים,500.00,"100 מ""ל",false,,17.90,0.0358,true,1,90216
7290010970261,false,טעמים-חומץ תפוחי עץ,יושלם,IL,טעמים-חומץ תפוחי עץ,מיליליטרים,500.00,"100 מ""ל",false,,12.90,0.0258,true,1,66599
7290010970650,false,קרם בלסמי חומץ מצומצם ממודנה איטליה 250,טעמים,,קרם מצומצם מחומץ בלס,מיליליטרים,250.00,"100 מ""ל",false,,29.90,0.1196,true,1,118367
7290010970704,false,ממרח זיתים ירוקים 180 גרם,טעמים,,ממרח זיתים ירוק איטל,גרמים,180.00,100 גרם,false,,13.90,0.0772,true,1,102748
7290010970711,false,פסטו בזיליקום א-לה ג'נובזה,טעמים,IL,ממרח פסטו איטלקי,גרמים,180.00,100 גרם,false,,13.90,0.0772,true,1,102749
7290010970728,false,ממרח עגבניות מיובשות 180 גרם,טעמים,,ממרח עגבניות מיובשות,גרמים,180.00,100 גרם,false,,13.90,0.0772,true,1,102750
7290010970735,false,ממרח ארטישוק איטלקי,טעמים,,ממרח ארטישוק איטלקי,גרמים,180.00,100 גרם,false,,13.90,0.0772,true,1,102751
7290011015862,false,"פריגת סירופ דיאט לימונענע 750 מ""ל",סירופ - גבעת חיים,IL,סירופ דיאט לימון נענ,יחידה,750.00,יחידה,false,,22.90,0.0305,true,1,42065
7290011015985,false,"סירופ דיאט אננס פריגת 750 מ""ל",סירופ - גבעת חיים,IL,סירופ דיאט אננס 750,מיליליטרים,750.00,"100 מ""ל",false,,22.90,0.0305,true,1,55815
7290011017866,false,קוקה קולה קלאסי בפחית,החברה המרכזית לייצור,IL,קוקה קולה פחית,מיליליטרים,330.00,"100 מ""ל",false,,5.50,0.0167,false,1,56035
7290011017873,false,"קוקה קולה זירו פחית 330 מ""ל",החברה המרכזית לייצור,IL,קוקה קולה זירו פחית,מיליליטרים,330.00,"100 מ""ל",false,,5.00,0.0152,true,1,58674
7290011017880,false,דיאט קוקה קולה פחית סליק 330מל,החברה המרכזית לייצור,IL,דיאט קולה פחית 330,מיליליטרים,330.00,"100 מ""ל",false,,5.00,0.0152,false,1,59203
7290011018184,false,"אייס תה FUZE TEAאפרסק 500 מ""ל",מבשלות בירה בינלאומי,IL,FUZE tea אפרסק 0.5 ל,מיליליטרים,500.00,"100 מ""ל",false,,6.90,0.0138,true,1,55399
7290011018214,false,"פיוז תה מנגו אננס 500מ""ל",פארייפאבה אגרואינדוס,IL,FUZE tea מנגו אננס 0,מיליליטרים,500.00,"100 מ""ל",false,,6.90,0.0138,true,1,55402
7290011018252,false,FUZE tea מנגו אננס 1,,,FUZE tea מנגו אננס 1,ליטרים,1.50,ליטר,false,,7.20,4.8000,false,1,55367
7290011018368,false,"שישיית בירה ויינשטפן 330 מ""ל","ויינשטפן, ת.ד 1155 פ",DE,שישיה בירה ויינשטפן,ליטרים,1.98,ליטר,false,,69.90,35.3030,false,1,58569
7290011018443,false,"פנטה אורנג פחית סליק 330 מ""ל",החברה המרכזית לייצור,IL,פאנטה אורנ'ג פחית,מיליליטרים,330.00,"100 מ""ל",false,,5.50,0.0167,true,1,59171
7290011018924,false,"מארז פחיות דיאט קוקה קולה שישייה 330 מ""ל",החברה המרכזית לייצור,IL,מארז שישיית פחיות די,ליטרים,1.98,ליטר,false,,22.90,11.5657,false,1,59697
7290011026066,false,"ד""ר פישר - סרקל שמפו + מרכך לילדים 1 ליטר","ד""ר פישר Dr fischer",IL,סרקל שמפו+מרכך 1 ליט,ליטרים,1.00,ליטר,false,,27.90,27.9000,true,1,23999
7290011026301,false,"ד""ר פישר - שמפו לשיער כסוף 400 מ""ל","ד""ר פישר Dr fischer",IL,"שמפו לשיער כסוף ד""ר",גרמים,400.00,100 גרם,false,,18.90,0.0472,true,1,96052
7290011026523,false,שמפו לתינוק לפני השינה Senstive עם לבנדר וקמומיל,"ד""ר פישר Dr fischer",IL,קמיל בלו סנסיטיב שמפ,מיליליטרים,500.00,"100 מ""ל",false,,19.90,0.0398,true,1,21731
7290011026530,false,אל סבון לתינוק קמיל בלו סנסטיב לפני השינה,פישר מעבדות פרמצבטיו,IL,אל סבון לתינוק לפני,מיליליטרים,500.00,"100 מ""ל",false,,19.90,0.0398,true,1,21716
7290011064020,false,בולגרית למריחה בטעמים 200 גר,גבינות אמיר ניצן בעמ,IL,בולגרית בעיר עם תוספ,גרמים,200.00,100 גרם,false,,13.90,0.0695,true,1,115224
7290011064075,false,מעדן לאבנה ניצן אבו גוש 200 ג',גבינות אמיר ניצן בעמ,IL,לאבנה אבו גוש 200 גר,גרמים,200.00,100 גרם,false,,13.90,0.0695,true,1,115251
7290011064099,false,טאפס פלפלוני שרי ממולאים במעדן גבינה,גבינות אמיר ניצן בעמ,IL,ניצן-טאפס שכונתי פלפ,גרמים,125.00,100 גרם,false,,21.90,0.1752,true,1,55179
7290011081492,false,גלידה בטעם שלושה שוקולדים 1.33ל' קרמיסימו,"גלידת שטראוס בע""מ, ר",IL,קרמיסימו שלושה שוקול,ליטרים,1.33,ליטר,false,,24.90,18.7218,false,1,28926
7290011081690,false,קרמיסימו פרווה שוקו ציפ+וניל ציפ 1.33ל,"גלידת שטראוס בע""מ, ר",IL,קרמיסימו פרווה שוקו,ליטרים,1.33,ליטר,false,,24.90,18.7218,false,1,32329
7290011091125,false,תבלין לסטייק 120 גרם,תבליני הדור השלישי,IL,תבלין לסטייק,גרמים,120.00,100 גרם,false,,14.90,0.1242,true,1,108071
7290011091132,false,תבלין קארי הודי 120גר,תבליני הדור השלישי,IL,קארי הודי,גרמים,120.00,100 גרם,false,,14.90,0.1242,true,1,108072
7290011091149,false,קייטג'ון 150 גרם,תבליני הדור השלישי,IL,קייטג'ון 150 גרם,גרמים,150.00,100 גרם,false,,14.90,0.0993,true,1,164639
7290011091170,false,פרג כוסברה ירוקה 40 גרם,תבליני פרג,,כוסברה,גרמים,20.00,100 גרם,false,,12.90,0.6450,true,1,108112
7290011091231,false,עלי דפנה ופלפל אנגלי,תבליני פרג,,עלי דפנה,גרמים,40.00,100 גרם,false,,13.90,0.3475,true,1,108114
7290011091262,false,פרג תבלין אורגנו 40ג,תבליני הדור השלישי,IL,אורגנו,גרמים,40.00,100 גרם,false,,13.90,0.3475,true,1,108116
7290011091323,false,זעתר בלאדי פרג 150 ג,תבליני הדור השלישי,IL,זעתר בלאדי,גרמים,150.00,100 גרם,false,,14.90,0.0993,true,1,108073
7290011091347,false,תערובת גריל עוף 120,תבליני הדור השלישי,IL,גריל עוף,גרמים,120.00,100 גרם,false,,14.90,0.1242,true,1,108074
7290011091354,false,תבלין לשווארמה ופרגיות,תבליני הדור השלישי,IL,תבלין לשווארמה,גרמים,120.00,100 גרם,false,,14.90,0.1242,true,1,108075
7290011091361,false,תבלין לדגים 120 גרם,תבליני הדור השלישי,IL,תבלין לדגים,גרמים,120.00,100 גרם,false,,14.90,0.1242,true,1,108076
7290011091392,false,תבלין בהרט לקובה 100 גרם,תבליני הדור השלישי,IL,בהרט לקובה,גרמים,100.00,100 גרם,false,,16.90,0.1690,true,1,108100
7290011091408,false,תבליין חוויג מרק 120,תבליני הדור השלישי,IL,חוויג' למרק,גרמים,120.00,100 גרם,false,,14.90,0.1242,true,1,108077
7290011091453,false,כוסברה טחונה 100 גרם,תבליני פרג,,כוסברה טחון,גרמים,100.00,100 גרם,false,,14.90,0.1490,true,1,108079
7290011091460,false,כורכום טחון 150 גרם,תבליני הדור השלישי,IL,כורכום,גרמים,150.00,100 גרם,false,,14.90,0.0993,true,1,108080
7290011091477,false,מלח לימון 200 גרם,תבליני הדור השלישי,IL,מלח לימון,גרמים,200.00,100 גרם,false,,14.90,0.0745,true,1,108081
7290011091507,false,פלפל שחור טחון 120 גרם,תבליני הדור השלישי,IL,פלפל שחור טחון,גרמים,100.00,100 גרם,false,,14.90,0.1490,true,1,108101
7290011091514,false,פרג פפריקה מתוקה בשמן 120ג,תבליני הדור השלישי,IL,פפריקה מתוקה בשמן,גרמים,120.00,100 גרם,false,,14.90,0.1242,true,1,108084
7290011091521,false,פרג תבלין כמון טחון 120ג,תבליני הדור השלישי,IL,כמון טחון,גרמים,120.00,100 גרם,false,,14.90,0.1242,true,1,108085
7290011091576,false,פרג זנגביל טחון 100ג,תבליני הדור השלישי,IL,זנגביל טחון,גרמים,100.00,100 גרם,false,,14.90,0.1490,true,1,108086
7290011091590,false,פפריקה חריפה 150 גרם,תבליני הדור השלישי,IL,פפריקה חריפה,גרמים,150.00,100 גרם,false,,14.90,0.0993,true,1,108087
7290011091606,false,פפריקה מתוקה 150 גרם פרג,תבליני הדור השלישי,IL,פפריקה מתוקה,גרמים,150.00,100 גרם,false,,14.90,0.0993,true,1,108088
7290011091651,false,שום גבישי פרג 150 גר,תבליני הדור השלישי,IL,שום גבישי,גרמים,150.00,100 גרם,false,,14.90,0.0993,true,1,108091
7290011091958,false,צילי מקסיקני 80 גרם,תבליני הדור השלישי,IL,צ'ילי מקסיקני,גרמים,80.00,100 גרם,false,,14.90,0.1863,true,1,108092
7290011115159,false,נקה 7-סבון מוצק לחות פרחים- רביעייה * 100 ג',גליל כימיכלים,IL,נקה 7 לחות - סבון מו,גרמים,400.00,100 גרם,false,,11.90,0.0298,true,1,37419
7290011115166,false,נקה 7 ארומה סבון נוזלי לבנדר 1 ל',טרופיקל דגיל תעשיות,IL,נקה תחליב רחצה סגול,ליטרים,1.00,ליטר,false,,13.90,13.9000,true,1,34069
7290011115241,false,אל סבון ארומטי מוצק ורוד ורד ויסמין - מארז רביעיה,"גליל כימיכלים בע""מ",IL,נקה 7 ארומה - סבון מ,גרמים,400.00,100 גרם,false,,11.90,0.0298,true,1,31558
7290011115272,false,אל סבון מוצק מועשר בקרם לחות צמחים - מארז רביעיה,קוסמופארם בע''מ,IL,נקה 7 לחות - סבון מו,גרמים,400.00,100 גרם,false,,11.90,0.0298,true,1,30656
7290011115401,false,אל סבון ארומטי מוצק צהוב קמומיל - רביעייה,נקה 7,IL,נקה 7 ארומה - סבון מ,גרמים,400.00,100 גרם,false,,11.90,0.0298,true,1,39802
7290011115418,false,נוזל כלים נקה סופר7 לימון 1.5 ליטר,נקה 7,,סופר 7-ס.נוז' לכלים,ליטרים,1.50,ליטר,false,,12.90,8.6000,true,1,38496
7290011126209,false,תה הגן הקסום תפוח וקינמון - סיידר 25 שקיקים,תה ויסוצקי,IL,תה חליטת תפוח וקינמו,גרמים,55.00,100 גרם,false,,18.90,0.3436,false,1,26687
7290011126452,false,חליטת קמומיל ונענע 25 שקיקים גן קסום,תה ויסוצקי,IL,תה חליטת קמומיל ונענ,גרמים,37.50,100 גרם,false,,18.90,0.5040,false,1,31809
7290011126469,false,חליטת קמומיל ודבש 25 שקיקים גן קסום,תה ויסוצקי,IL,תה חליטת קמומיל ודבש,גרמים,37.50,100 גרם,false,,18.90,0.5040,false,1,31810
7290011126940,false,תה ירוק ויסוצקי בתוספת מרווה 25 שקיקים,ויסוצקי ירוק,IL,תה ירוק בתוספת מרווה,גרמים,37.50,100 גרם,false,,24.90,0.6640,false,1,37388
7290011126957,false,תה ירוק ויסוצקי ארל גריי 25 שקיקים,ויסוצקי ירוק,IL,תה ירוק ארל גריי 25,גרמים,37.50,100 גרם,false,,24.90,0.6640,false,1,37389
7290011131371,false,מוזלי קראנצ'י שקדים ואגוזים,ויטליאה ניקולה דו,MK,מוזלי קרנצ'י שקדים ו,קילוגרמים,1.00,"ק""ג",false,,24.90,24.9000,true,1,31019
7290011131395,false,"מיזלי קראנץ 30% פירות 1 ק""ג",ויטליאה ניקולה דו,MK,מוזלי קרנצ'י 30% פיר,קילוגרמים,1.00,"ק""ג",false,,24.90,24.9000,true,1,31020
7290011131654,false,מוזלי קראנצ'י ביג מיקס עם פירות ואגוזים,ויטליה ניקולא דו,MK,"מיזלי 1 ק""ג ביג מיקס",קילוגרמים,1.00,"ק""ג",false,,24.90,24.9000,true,1,67853
7290011132507,false,"סודה סן בנדטו מוגז עדין 500מ""ל",פארייפאבה אגרואינדוס,IT,סאן בנדטו מוגז 0.5ל,מיליליטרים,500.00,"100 מ""ל",false,,2.50,0.0050,true,1,103394
7290011132552,false,רביעיית בירה פאולנר 330 מל בקבוק,פאולנר Paulaner,,פאולנר רביעיה בקבוק,יחידה,1.32,יחידה,false,,35.90,27.1970,false,1,43314
7290011132583,false,"מארז פפסי מקס 500 מ""ל*6 יח' בקבוק","טמפו משקאות בע""מ",IL,פפסי מקס שישייה 0.5,ליטרים,3.00,ליטר,false,,19.90,6.6333,false,1,122134
7290011133368,false,בירה שנדי בתוספת משקה תפוח - שישייה,מכבי שנדי,IL,שנדי תפוח שישיה 330,יחידה,1.98,יחידה,false,,31.90,16.1111,false,1,39067
7290011133375,false,בירה שנדי בתוספת משקה אפרסק - שישייה,"טמפו משקאות בע""מ",IL,שנדי אפרסק שישיה 330,ליטרים,1.98,ליטר,false,,31.90,16.1111,false,1,39079
7290011133634,false,"פפסי מקס פחית צרה מארז שישייה 330 מ""ל","טמפו משקאות בע""מ",IL,פפסי פחית צרה שישייה,ליטרים,1.98,ליטר,false,,18.90,9.5455,true,1,113401
7290011148959,false,פלפל טינקרבל יח שמיטה,"מרינה פטריות הגליל בע""מ",IL,פלפל טינקרבל,יחידה,0.00,יחידה,false,,8.90,0.0000,true,1,55439
7290011153885,false,נייר אכיל ממותג דיסני,גילרוי,,נייר אכיל לעוגות,יחידה,0.00,יחידה,false,,18.40,0.0000,true,1,89682
7290011154028,false,תרכיז תפוחים 1.2 ליט,טעמי הגליל,IL,תרכיז תפוחים 1.2 ליט,ליטרים,1.20,ליטר,false,,54.90,45.7500,true,1,115672
7290011154035,false,"תרכיז תפוחים סחוט טעמי הגליל 500 מ""ל",טעמי הגליל,IL,תרכיז תפוחים סחוט טע,מיליליטרים,500.00,"100 מ""ל",false,,22.90,0.0458,true,1,115724
7290011154080,false,"תרכיז תפוחים צלול טעמי הגליל 500 מ""ל",טעמי הגליל,IL,תרכיז תפוחים צלול טע,מיליליטרים,500.00,"100 מ""ל",false,,22.90,0.0458,true,1,115725
7290011174866,false,צ'יפס בטטה 700 גרם פרי הגליל,פרי הגליל,IL,צ'יפס בטטה 700גר פרי,גרמים,700.00,100 גרם,false,,14.90,0.0213,true,1,105024
7290011174897,false,אפונה עדינה פרי הגליל 600ג',פרי הגליל בעמ,IL,אפונה עדינה 600 גר,גרמים,600.00,100 גרם,false,,13.90,0.0232,true,1,30262
7290011194215,false,מעדן גבינה ויוגורט בטעם בננה 5% שומן 88 ג' דניאלה,"שטראוס בריאות בע""מ",IL,דניאלה בננה 5%,מיליליטרים,150.00,"100 מ""ל",false,,4.10,0.0273,true,1,29662
7290011194246,false,קוטג שטראוס 5% עם סידן 250ג,מיוצר עי קונדיטוריית,IL,קוטג' שטראוס 5%,גרמים,250.00,100 גרם,false,,6.00,0.0240,false,1,22791
7290011210564,false,יין יוגב קברנה סוביניון פטי ורדו,בנימינה Binyamina,IL,יוגב קברנה פטיט וורד,יחידה,750.00,יחידה,false,,36.90,0.0492,true,1,35173
7290011223038,false,עלים לקרמשניט - בונומי 300גרם,בונומי ס.פ.א,IT,עלים לקרמשניט - בונו,גרמים,300.00,100 גרם,false,,16.00,0.0533,true,1,45095
7290011223045,false,בונומי בישקוטים 200 גרם,בונומי ס.פ.א,IT,בישקוטים בונומי 200ג,גרמים,200.00,100 גרם,false,,7.50,0.0375,true,1,45214
7290011223229,false,"טואלט דאק ג'ל לאסלה טיפות טל רעננות 55 מ""ל","איטיליאן פוד, אס.פי.",IT,ט.ד ג'ל אסלה טיפות ט,מיליליטרים,55.00,"100 מ""ל",false,,10.90,0.1982,true,1,24506
7290011223243,false,"טואלט דאק ג'ל לאסלה בניחוח לבנדר 55 מ""ל","איטיליאן פוד, אס.פי.",IT,ט.ד ג'ל אסלה ניחוח ל,מיליליטרים,55.00,"100 מ""ל",false,,10.90,0.1982,true,1,29921
7290011233068,false,עוגת אגוזים/הונגרי,,,עוגת אגוזים/הונגרי,יחידה,0.00,יחידה,false,,39.90,0.0000,true,1,107202
7290011233082,false,עוגה של ענת טרלובסקי,,,עוגה של ענת טרלובסקי,יחידה,0.00,יחידה,false,,39.90,0.0000,true,1,62976
7290011233099,false,העוגיות של ענת,,,העוגיות של ענת,גרמים,330.00,100 גרם,false,,39.90,0.1209,true,1,62977
7290011249212,false,וופל עלמה בלגי לימון 200 גר' ללא סוכר,"גילרו בע""מ",IL,וופל גילרו 200 גר' ב,גרמים,200.00,100 גרם,false,,3.20,0.0160,true,1,53468
7290011249250,false,עלמה גביעי גלידה אמריקאי 24 יח',"גילרו בע""מ",IL,גביעיי גלידה אמריקאי,יחידה,0.00,יחידה,false,,9.50,0.0000,true,1,53412
7290011249748,false,רולים גלילי ופל במילוי קרם שוקולד 100 ג' עלמה,"גילרו בע""מ",IL,רולים גלילי וופל בטע,גרמים,100.00,100 גרם,false,,3.50,0.0350,true,1,66503
7290011249755,false,רולים גלילי ופל במילוי קרם אגוזים 100 ג' עלמה,"גילרו בע""מ",IL,רולים אגוזים 100 גר',גרמים,100.00,100 גרם,false,,3.50,0.0350,true,1,67262
7290011312381,false,פטריות חורש למנגל 320 ג',"מרינה פטריות הגליל בע""מ",IL,סטייק פורטובלה,יחידה,0.00,יחידה,false,,14.90,0.0000,true,1,94225
7290011343002,false,שמן זית קורנייקי 750,,,שמן זית קורנייקי 750,מיליליטרים,750.00,"100 מ""ל",false,,45.90,0.0612,true,1,55369
7290011343019,false,שמן זית שמן הבית 750,,,שמן זית שמן הבית 750,מיליליטרים,750.00,"100 מ""ל",false,,45.90,0.0612,true,1,55371
7290011343033,false,שמן זית לצינו 750 מל,,,שמן זית לצ'ינו 750מל,מיליליטרים,750.00,"100 מ""ל",false,,45.90,0.0612,true,1,55370
7290011343064,false,"שמן זית סורי 750 מ""ל",,,ארץ גשום- שמן סורי,מיליליטרים,750.00,"100 מ""ל",false,,45.90,0.0612,true,1,105660
7290011343170,false,שמן זית פיקואל גשור 750 מל,,,ארץ גשום- שמן פיקואל,מיליליטרים,750.00,"100 מ""ל",false,,45.90,0.0612,true,1,105661
7290011343187,false,שמן זית קורטינה ארץ גשור 750 מל,,,ארץ גשום- שמן קורטינ,מיליליטרים,750.00,"100 מ""ל",false,,45.90,0.0612,true,1,105662
7290011343194,false,"שמן זית ארבקינה 750 מ""ל",,,"שמן זית 750 מ""ל",יחידה,0.00,יחידה,false,,45.90,0.0000,true,1,66515
7290011343316,false,שמן זית ברנע ארץ גשור 750 מל,,,ארץ גשור- שמן ברנע,מיליליטרים,750.00,"100 מ""ל",false,,45.90,0.0612,true,1,105663
7290011379018,false,מארז משפחתי שמפיניון 500 ג' מרינה,מרינה פטריות,IL,מארז פטריות צמד חמד,גרמים,500.00,100 גרם,false,,15.90,0.0318,true,1,43350
7290011379025,false,"פלפל צ'ילי ""מרינה""","מרינה פטריות הגליל בע""מ",IL,"פלפל צ'ילי ""מרינה""",יחידה,0.00,יחידה,false,,5.90,0.0000,true,1,43910
7290011392055,false,אקווה פרש מב.פלקס שלישיות בבליסטר,,,מברשת שיניים פלקס של,יחידה,0.00,יחידה,false,,10.90,0.0000,true,1,112196
7290011424329,false,זרעים אכיניצאה,,,זרעים אכיניצאה,יחידה,0.00,יחידה,false,,5.90,0.0000,true,1,120266
7290011424336,false,זרעים בזיליקום,,,זרעים בזיליקום,יחידה,0.00,יחידה,false,,5.90,0.0000,true,1,120267
7290011424466,false,זרעים מיקס חמניות נו,,,זרעים מיקס חמניות נו,יחידה,0.00,יחידה,false,,5.90,0.0000,true,1,120279
7290011424503,false,זרעים מיקס ציניות,,,זרעים מיקס ציניות,יחידה,0.00,יחידה,false,,5.90,0.0000,true,1,120283
7290011424510,false,זרעים מלון,,,זרעים מלון,יחידה,0.00,יחידה,false,,5.90,0.0000,true,1,120284
7290011424749,false,זרעים אורגניים-גזר,,,זרעים גזר,יחידה,0.00,יחידה,false,,5.90,0.0000,true,1,120306
7290011424763,false,זרעים מיקס בזיל,,,זרעים מיקס בזיל,יחידה,0.00,יחידה,false,,5.90,0.0000,true,1,120308
7290011424800,false,זרעים אורגניים-ציפור,,,זרעים ציפורני חתול,יחידה,0.00,יחידה,false,,5.90,0.0000,true,1,120312
7290011438142,false,"משקה יטבתה אייס קפה בבקבוק אישי 350 מ""ל",שטראוס גרופ,IL,משקה אייס קפה 2%,מיליליטרים,350.00,"100 מ""ל",false,,6.30,0.0180,true,1,28872
7290011447304,false,מטרנה פרימיום חלבי שלב 3 700 גרם חיסכון,מטרנה תעשיות ש.מ,IL,מטרנה שלב 3 חלבי 700,גרמים,700.00,100 גרם,false,,60.00,0.0857,false,1,32536
7290011447748,false,"סופר-קט בטעם אוקיאנוס וטונה 3 ק""ג",מעברות,IL,"סופר קט 3 ק""ג דגי או",יחידה,3.00,יחידה,false,,52.90,17.6333,true,1,32230
7290011447908,false,"סופר-קט בטעם עוף כבד 3 ק""ג",סופר קט,IL,"סופר קט 3 ק""ג עוף כב",יחידה,3.00,יחידה,false,,52.90,17.6333,true,1,32231
7290011459031,false,נופר כחול לבן 10אטבי כביסה,cossato,IT,נופר-אטבי כביסה,יחידה,0.00,יחידה,false,,5.90,0.0000,true,1,56151
7290011459123,false,מברשת מגהץ סגורה מינ,Ningbo cleaning indu,CN,מברשת מגהץ סגורה מינ,יחידה,0.00,יחידה,false,,5.90,0.0000,true,1,55529
7290011459253,false,מגב שטיפה איכותי 55,,,מגב פלסטיק איכותי,יחידה,0.00,יחידה,false,,20.00,0.0000,true,1,56119
7290011459307,false,מגב קליק (פטנט) 40,רפקו,IL,מגב פטנט,יחידה,0.00,יחידה,false,,23.90,0.0000,true,1,55549
7290011459314,false,מטאטא לקה - ז.ס.,Mascot,IT,מטאטה לקה,יחידה,0.00,יחידה,false,,19.90,0.0000,true,1,56120
7290011459352,false,מגב שטיפה - ז.ס.,Atlas Kaya,TR,מגב שטיפה,יחידה,0.00,יחידה,false,,16.90,0.0000,true,1,55550
7290011459437,false,מברשת כלים,,,מברשת כלים,יחידה,0.00,יחידה,false,,5.90,0.0000,true,1,55531
7290011459512,false,מברשת שירותים כפולה,,,מברשת שירותים כפולה,יחידה,0.00,יחידה,false,,11.50,0.0000,true,1,55551
7290011459536,false,מנקה אבק נוצות מפואר,ideal houseware,CN,מנקה אבק נוצות מפואר,יחידה,0.00,יחידה,false,,15.00,0.0000,true,1,56115
7290011459642,false,סט קולבים 6 יח',,,סט קולבים 6 יח',יחידה,0.00,יחידה,false,,12.00,0.0000,true,1,56122
7290011459666,false,יעה + מקל מתקפל,,,יעה + מקל מתקפל,יחידה,0.00,יחידה,false,,17.50,0.0000,true,1,56175
7290011459741,false,מברשת לניקוי בקבוקים,,,מברשת לניקוי בקבוקים,יחידה,0.00,יחידה,false,,5.00,0.0000,true,1,56176
7290011459772,false,מופ נסחט + מקל טלסקופי,,,מופ נסחט+מקל טלסקופי,יחידה,0.00,יחידה,false,,38.90,0.0000,true,1,56177
7290011459871,false,סומו מקרופייבר רצפה,,,סומו מקרופייבר רצפה,יחידה,0.00,יחידה,false,,17.90,0.0000,true,1,102430
7290011464295,false,מלפפון חמוץ,,,מלפפון חמוץ,קילוגרמים,1.00,"ק""ג",false,,34.00,34.0000,true,1,106341
7290011473006,false,קינואה אורגנית תבואו,ארוז ע' תבואות,BO,קינואה אורגנית 500 ג,גרמים,500.00,100 גרם,false,,14.90,0.0298,true,1,56164
7290011473051,false,קוואקר עבה אורגני 500 גר,ארוז ע' תבואות,GB,קוואקר אורגני תבואות,גרמים,500.00,100 גרם,false,,10.00,0.0200,true,1,58417
7290011473068,false,אורז פרא מעורב אורגני 500 גרם,תבואות,IL,אורז פרא מעורב אורגנ,גרמים,500.00,100 גרם,false,,16.90,0.0338,true,1,57144
7290011473082,false,אורז בסמטי מלא אורגני 500 גר,תבואות,IN,תבואות-אורז בסמטי מל,גרמים,500.00,100 גרם,false,,11.90,0.0238,true,1,59269
7290011473099,false,אורז עגול מלא אורגני 500 גר,תבואות,IT,אורז עגול מלא אורגני,מיליליטרים,500.00,"100 מ""ל",false,,9.90,0.0198,true,1,59242
7290011473129,false,גרעיני חמניות קלוף אורגני 300 גרם,תבואות,,תבואות חמניות קלופות,גרמים,300.00,100 גרם,false,,10.90,0.0363,true,1,59657
7290011473136,false,גרעיני דלעת קלוף אורגני 300 גרם,אורז ע'י,CN,גרעיני דלעת קלופים 3,גרמים,300.00,100 גרם,false,,16.90,0.0563,true,1,59518
7290011473143,false,קוסקוס אורגני 500 גרם,תבואות,,קוסקוס מלא אורגני,גרמים,500.00,100 גרם,false,,11.90,0.0238,true,1,58274
7290011473150,false,שומשום מלא אורגני 400 גרם,תבואות,BO,תבואות שומשום מלא או,גרמים,400.00,100 גרם,false,,12.90,0.0323,true,1,61595
7290011473181,false,עדשים שחורים אורגני 500 גרם תבאות,ארוז ע' תבואות,CA,עדשים שחורות אורגני,יחידה,0.00,יחידה,false,,15.00,0.0000,true,1,56099
7290011473198,false,עדשים חומים אורגני 500 גרם,,,תבואות עדשים חומים א,גרמים,500.00,100 גרם,false,,11.90,0.0238,true,1,59658
7290011473204,false,עדשים ירוקים אורגני 500 גרם,ארוז ע' תבואות,TR,תבואות עדשים ירוקות,גרמים,500.00,100 גרם,false,,11.90,0.0238,true,1,54580
7290011473211,false,עדשים אדומים אורגני 500 גרם,אורז ע'י,CN,עדשים אדומות אורגניו,גרמים,500.00,100 גרם,false,,11.90,0.0238,true,1,59919
7290011473228,false,אפונה ירוקה אורגנית 500 גרם,תבואות,,אפונה ירוקה אורגנית,גרמים,500.00,100 גרם,false,,10.00,0.0200,true,1,58717
7290011473242,false,פשתן זרעים אורגני 500 גרם,ארוז ע' תבואות,US,תבואות-פשתן אורגני,גרמים,500.00,100 גרם,false,,10.50,0.0210,true,1,59270
7290011473259,false,פשתן טחון אורגני 350 גר,תבואות,CN,תבואות פשתן טחון אור,גרמים,350.00,100 גרם,false,,11.90,0.0340,true,1,61596
7290011473273,false,בורגול אורגני 500 גרם,תבואות,TR,בורגול אורגני 500 גר,גרמים,500.00,100 גרם,false,,8.90,0.0178,true,1,58952
7290011473280,false,חומוס אורגני תבואות,תבואות,IL,חומוס אורגני תבואות,גרמים,500.00,100 גרם,false,,10.90,0.0218,true,1,57657
7290011473297,false,גריסי פנינה אורגני 500 גרם,אורז ע'י,IT,גריסי פנינה אורגניים,גרמים,500.00,100 גרם,false,,10.00,0.0200,true,1,59920
7290011473310,false,פולי אזוקי אורגני 500 גרם,תבואות,CN,פולי אזוקי 500 גר' ת,גרמים,500.00,100 גרם,false,,12.90,0.0258,true,1,59489
7290011473327,false,שעועית מש אורגנית 500 גרם,ארוז ע' תבואות,CN,שעועית מש 500 גר',גרמים,500.00,100 גרם,false,,13.50,0.0270,true,1,58953
7290011473334,false,שעועית לבנה אורגנית 500 גרם,ארוז ע' תבואות,CN,שעועית לבנה אורגנית,גרמים,500.00,100 גרם,false,,11.90,0.0238,true,1,60183
7290011473341,false,שעועית אדומה 500 גרם תבואות,תבואות,,שעועית אדומה אורגנית,גרמים,500.00,100 גרם,false,,12.90,0.0258,true,1,58947
7290011473358,false,שעועית שחורה אורגנית 500 גרם,תבואות,US,תבואות שעועית שחורה,גרמים,500.00,100 גרם,false,,11.00,0.0220,true,1,59824
7290011473396,false,חיטת כוסמין אורגנית 500 גרם תבואות,תבואות,,חיטת כוסמין אורגנית,גרמים,500.00,100 גרם,false,,10.90,0.0218,true,1,89545
7290011473402,false,קמח כוסמין מלא אורגני 500 גרם,תבואות מוצרי מזון או,IT,קמח כוסמין מלא אורגנ,גרמים,500.00,100 גרם,false,,11.90,0.0238,true,1,53336
7290011473433,false,תבואת בר כוסמת אורגנ,אורז ע'י,CN,כוסמת אורגנית 500 גר,גרמים,500.00,100 גרם,false,,9.90,0.0198,true,1,59921
7290011473440,false,גרעיני שיבולת שועל אורגני 500 גרם תבואות,תבואות,,גרעיני שיבולת שועל א,גרמים,500.00,100 גרם,false,,10.90,0.0218,true,1,62884
7290011473457,false,שומשום שחו אורגני 400 גרם,,,שומשום שחור אורגני 4,גרמים,400.00,100 גרם,false,,13.90,0.0348,true,1,60643
7290011473464,false,סובין שיבולת שועל אורגנית,אורז ע'י,GB,סובין שיבולת שועל או,גרמים,400.00,100 גרם,false,,12.90,0.0323,true,1,60644
7290011473471,false,אורז בסמטי לבן אורגני 500 גרם,תבואות,IN,אורז בסמטי לבן אורגנ,גרמים,500.00,100 גרם,false,,11.90,0.0238,true,1,67697
7290011473563,false,פולי קקאו שלמים אורגני 200 גרם,תבואות,,פולי קקאו שלמים אורג,גרמים,200.00,100 גרם,false,,21.90,0.1095,true,1,101826
7290011473570,false,קמח חומוס טבעי 500 גרם תבואות,תבואות מוצרי מזון או,IL,קמח חומוס טבעי 500 ג,גרמים,500.00,100 גרם,false,,12.90,0.0258,true,1,58747
7290011473587,false,נבט חיטה טבעי 250 גרם,אורז ע'י,IL,נבט חיטה 250 גר',גרמים,250.00,100 גרם,false,,7.90,0.0316,true,1,56998
7290011473594,false,"טחינה אורגנית 1 ק""ג תבואות",,,"טחינה אורגנית 1 ק""ג",קילוגרמים,1.00,"ק""ג",false,,29.90,29.9000,true,1,67698
7290011473617,false,טיב הטבע ציה טבעי 300 גרם תבואות,תבואות,MX,זרעי צ'יה 300 גר',גרמים,300.00,100 גרם,false,,16.90,0.0563,true,1,89499
7290011473624,false,"טחינה אורגנית מלאה 1 ק""ג תבואות",,,טחינה מלאה אורגנית 1,קילוגרמים,1.00,"ק""ג",false,,29.90,29.9000,true,1,67078
7290011473648,false,"סוכר דמררה אורגני 1 ק""ג",תבואות,BR,תבואות-סוכר דמררה או,קילוגרמים,1.00,"ק""ג",false,,10.90,10.9000,true,1,56100
7290011473655,false,"סוכר קנים אורגני 1 ק""ג",ארוז ע' תבואות,BR,סוכר קנים אורגני 1קג,קילוגרמים,1.00,"ק""ג",false,,9.90,9.9000,true,1,56068
7290011473679,false,"חיטה מלאה אורגנית 1 ק""ג",,,תבואות-חיטה מלאה אור,קילוגרמים,1.00,"ק""ג",false,,12.50,12.5000,true,1,61012
7290011473723,false,הימליה דק שקית 1 קילו תבואות,,,מלח הימליה דק,קילוגרמים,1.00,"ק""ג",false,,14.90,14.9000,true,1,95741
7290011473730,false,"אורז פרא מעורב טבעי 1 ק""ג תבואות",אינפוסה רובי,IL,תבואות-אורז פרא מעור,קילוגרמים,1.00,"ק""ג",false,,17.50,17.5000,true,1,61657
7290011473860,false,שמרי בירה-אבקה טבעי 250 גר,תבואות,FR,שמרי בירה אבקה 250 ג,גרמים,250.00,100 גרם,false,,22.90,0.0916,true,1,93105
7290011473891,false,עדשים צהובים אורגני 500 גרם,תבואות,TR,עדשים צהוב אורגני 50,גרמים,500.00,100 גרם,false,,11.90,0.0238,true,1,58948
7290011473952,false,קוואקר מהיר הכנה טבעי 400 גר,ארוז ע' תבואות,GB,קוואקר מהיר הכנה,גרמים,400.00,100 גרם,false,,6.90,0.0173,true,1,56194
7290011473969,false,קינואה טריו אורגנית 500 גרם,תבואות,BO,תבואות קינואה טריו א,גרמים,500.00,100 גרם,false,,21.90,0.0438,true,1,61597
7290011473983,false,תערובת קטניות אורגני,תבואות,,תערובת קטניות אורגני,גרמים,500.00,100 גרם,false,,14.90,0.0298,true,1,56195
7290011474003,false,שמן קוקוס אורגני כתית 300 גר תבואות,אדמג'י לוקומנג'י,,שמן קוקוס כתית אורגנ,מיליליטרים,300.00,"100 מ""ל",false,,18.90,0.0630,true,1,96280
7290011474010,false,"קמח כוסמין לבן טבעי 1 ק""ג תבואות",תבואות,IT,"קמח כוסמין 1 ק""ג תבו",קילוגרמים,1.00,"ק""ג",false,,14.90,14.9000,true,1,113271
7290011474058,false,ספגטי כוסמין אורגני 500 גר,תבואות,,ספגטי כוסמין אורגני,גרמים,500.00,100 גרם,false,,18.90,0.0378,true,1,56219
7290011474072,false,פוזילי כוסמין אורגני 500 גר,תבואות,,פסטה כוסמין אורגני פ,גרמים,500.00,100 גרם,false,,18.90,0.0378,true,1,60568
7290011474133,false,תערובת למגדרה אורגני,תבואות,,מג'דרה אורגנית 500 ג,גרמים,500.00,100 גרם,false,,15.00,0.0300,true,1,60184
7290011474249,false,ממרח שקדים טבעי 300 גרם,גי' אנד גי' בעמ,IL,ממרח שקדים,גרמים,300.00,100 גרם,false,,27.90,0.0930,true,1,95742
7290011474256,false,מלח הימליה גס שקית 1 קילו תבואות,תבואות,,הימליה מלח גס שקית 1,קילוגרמים,1.00,"100 ק""ג",false,,14.90,14.9000,true,1,101504
7290011474331,false,"קמח כוסמין מלא טבעי 1 ק""ג תבואות",תבואות,,קמח כוסמין מלא טבעי,קילוגרמים,1.00,"ק""ג",false,,13.90,13.9000,true,1,92480
7290011474362,false,קמח עדשים אורגני 500 גרם תבואות,תבואות,TR,תבואות-קמח עדשים אור,גרמים,500.00,100 גרם,false,,12.90,0.0258,true,1,65840
7290011474386,false,קוואקר אורגני דק 500 גרם,תבואות,,קוואקר אורגני דק 500,גרמים,500.00,100 גרם,false,,10.00,0.0200,true,1,67700
7290011474447,false,קוואקר עבה טבעי 500 גרם תבאות,תבואות,,קוואקר עבה טבעי,גרמים,400.00,100 גרם,false,,6.50,0.0163,true,1,56196
7290011474478,false,גרעיני ציה אורגניים 300 גרם,תבואות,MX,זרעי צ'ייה 300 גר',גרמים,300.00,100 גרם,false,,18.90,0.0630,true,1,59519
7290011474577,false,פולי קקאו גרוס נא אורגני 200 גרם,תבואות,,פולי קקאו גרוס אורגנ,גרמים,200.00,100 גרם,false,,21.90,0.1095,true,1,97594
7290011474591,false,פנה כוסמין מלא אורגני 500 גרם,,,פסטה כוסמין אורגני פ,גרמים,500.00,100 גרם,false,,18.90,0.0378,true,1,60569
7290011474676,false,קדרה אפריקאית אורגנית 500 גרם תבואות,תבואות,IL,קדרה אפריקאית אורגני,גרמים,500.00,100 גרם,false,,14.90,0.0298,true,1,56197
7290011474706,false,פתיתי שפע טבעי 200 גרם תבואות,,,תבואות פתיתי שפע,גרמים,200.00,100 גרם,false,,7.50,0.0375,true,1,61598
7290011474713,false,שבבי סויה טבעי 200 גרם תבואות,,,תבואות שבבי סויה,גרמים,200.00,100 גרם,false,,7.50,0.0375,true,1,61599
7290011474843,false,גוגי ברי טבעי 200 גר,,CN,גוג'י ברי 200 גר',גרמים,200.00,100 גרם,false,,19.90,0.0995,true,1,66825
7290011474898,false,סוכר קוקוס אורגני 300 גרם תבואות,תבואות,,תבואות-סוכר קוקוס או,גרמים,300.00,100 גרם,false,,13.90,0.0463,true,1,67432
7290011480509,false,פטרוזיליה מהדרין ב.שדה,,,פטרוזיליה כשר,יחידה,0.00,יחידה,false,,5.90,0.0000,true,1,108743
7290011480516,false,שמיר טרי מהדרין ארוז,,,שמיר כשר ארוז,יחידה,0.00,יחידה,false,,5.90,0.0000,true,1,117340
7290011480523,false,נענע מהדרין ב.שדה,,,נענע כשר,יחידה,0.00,יחידה,false,,5.90,0.0000,true,1,108744
7290011480530,false,כוסברה מהדרין ב.שדה,חקלאי,IL,כוסברה מהדרין,יחידה,0.00,יחידה,false,,5.90,0.0000,true,1,108745
7290011480547,false,בצל ירוק מהדרין,,,בצל ירוק מהדרין,יחידה,0.00,יחידה,false,,5.90,0.0000,true,1,108746
7290011480554,false,סלרי מהדרין ב.שדה,,,סלרי מהדרין,יחידה,0.00,יחידה,false,,5.90,0.0000,true,1,108747
7290011480578,false,חסה ערבית מהדרין,,,חסה מהדרין,יחידה,0.00,יחידה,false,,6.90,0.0000,true,1,108740
7290011480585,false,כרוב לבן שלם מהדרין,,,כרוב לבן שלם מהדרין,יחידה,0.00,יחידה,false,,15.90,0.0000,true,1,119695
7290011482015,false,"רכז רימונים 500 מ""ל",לבריאות,,"רכז רימונים 500 מ""ל",מיליליטרים,500.00,"100 מ""ל",false,,24.90,0.0498,true,1,63596
7290011482145,false,"מי ורדים 250 מ""ל",לבריאות,,"מי ורדים 250 מ""ל",מיליליטרים,250.00,"100 מ""ל",false,,13.90,0.0556,true,1,63471
7290011498177,false,ממרח שקד לבן 700 גרם,שקד תבור,IL,ממרח שקד לבן 700 גר,גרמים,700.00,100 גרם,false,,59.90,0.0856,true,1,95614
7290011498221,false,גרוסליין - סילאן טבעי 900 גרם,אלמנדוס,IL,סילאן תמרים טבעי 900,גרמים,900.00,100 גרם,false,,15.90,0.0177,true,1,101515
7290011498351,false,ממרח אילסר אגוזי לוז,שקד תבור,IL,חמאת אגוזי לוז,גרמים,200.00,100 גרם,false,,24.90,0.1245,true,1,95774
7290011498368,false,ממרח פיסטוק אלת הבטנ,שקד תבור,,מחית פיסטוק טבעי 200,גרמים,200.00,100 גרם,false,,39.90,0.1995,true,1,95775
7290011498405,false,שמן קוקוס אורגני 350,שקד תבור,,שמן קוקוס אורגני 100,מיליליטרים,350.00,"100 מ""ל",false,,19.90,0.0569,true,1,95613
7290011498412,false,חמאת קקאו אורגני 200,שקד תבור,,חמאת קקאו 200 גרם,גרמים,200.00,100 גרם,false,,22.90,0.1145,true,1,98091
7290011498450,false,אבקת קקאו אורגנית 250 גרם,שקד תבור,IL,אבקת קקאו אורגנית 25,גרמים,250.00,100 גרם,false,,22.90,0.0916,true,1,115681
7290011498504,false,ממרח חלבה עשירה 350 גר,שקד תבור,,ממרח חלבה עשיר 350 ג,גרמים,350.00,100 גרם,false,,12.90,0.0369,true,1,115136
7290011498511,false,ממרח חלבה מלאה 350 גר,שקד תבור,,ממרח חלבה מלאה 350 ג,גרמים,350.00,100 גרם,false,,12.90,0.0369,true,1,115195
7290011498740,false,ממרח שקד מלא כבישה ק,"אלמונדס בע""מ",IL,ממרח שקדים מלא 300 ג,גרמים,300.00,100 גרם,false,,29.90,0.0997,true,1,63010
7290011498801,false,מרציפן פרימיום 65% 200 גרם,"אלמנדוס בע""מ",IL,מרציפן פרימיום 65%,גרמים,200.00,100 גרם,false,,23.90,0.1195,true,1,115120
7290011498870,false,חטיף תמרים במילוי חמאת שקדים 150 גרם,"אלמנדוס בע""מ",IL,מארז חטיפי תמר במילו,גרמים,150.00,100 גרם,false,,14.90,0.0993,true,1,115138
7290011498887,false,חטיף תמרים במילוי חמאת קוקוס 150 גרם,"אלמנדוס בע""מ",IL,מארז חטיפי תמר במילו,גרמים,150.00,100 גרם,false,,14.90,0.0993,true,1,115139
7290011498894,false,חטיף תמרים במילוי חמאת בוטנים 150 גרם,שקד תבור,IL,מארז חטיפי תמר במילו,גרמים,150.00,100 גרם,false,,14.90,0.0993,true,1,115140
7290011498900,false,חטיף תמר במילוי חמאת שקד מצופה 150 גרם,"אלמנדוס בע""מ",IL,מארז חטיפי תמר במילו,גרמים,150.00,100 גרם,false,,16.90,0.1127,true,1,115156
7290011498917,false,חטיף תמר במילוי חמאת קוקוס מצופה 150 גרם,שקד תבור,IL,מארז חטיפי תמר במיל,גרמים,150.00,100 גרם,false,,16.90,0.1127,true,1,115196
7290011498955,false,חמאת בוטנים שקד תבור,שקד תבור,IL,חמאת בוטנים טבעית,גרמים,300.00,100 גרם,false,,10.90,0.0363,true,1,95621
7290011498962,false,ממרח שקד לבן כבישה ק,"אלמונדס בע""מ",IL,ממרח שקד לבן 300 גר,גרמים,300.00,100 גרם,false,,29.90,0.0997,true,1,63011
7290011498986,false,חטיפי תמר במילוי ח.קשיו מ.שוקולד 150 גרם,שקד תבור,,מארז חטיפי תמר במילו,גרמים,150.00,100 גרם,false,,16.90,0.1127,true,1,95622
7290011498993,false,חמאת קשיו לבן 300 גרם,שקד תבור,,ממרח קשיו לבן,גרמים,300.00,100 גרם,false,,27.90,0.0930,true,1,95623
7290011499051,false,פטה כבשים מסורתית 20% בגביע 250 גרם - רובין,MKN עבור מחלבות גד ב,IL,פטה כבשים גביע גד 25,גרמים,250.00,100 גרם,false,,27.90,0.1116,true,1,26535
7290011499105,false,בולגרית מסורתית 5% 250 גרם -רבנות,ג'נרל מילס סאן אדריא,IL,בולגרית 5% 250גר,גרמים,250.00,100 גרם,false,,23.90,0.0956,true,1,27996
7290011499112,false,בולגרית מסורתית 16% 250 גרם - רבנות,"מיוצר ע""י dsh",IL,בולגרית 16% 250גר,גרמים,250.00,100 גרם,false,,23.90,0.0956,true,1,28097
7290011499129,false,בולגרית מעודנת קוביות קטנות 5% 200 גרם - רבנות,קוד יצרן DSH,IL,קוביות בולגרית מעודנ,גרמים,200.00,100 גרם,false,,23.90,0.1195,true,1,29966
7290011499303,false,פטה עיזים מעודנת 5% בגביע 250 גרם - רבנות,ג'נרל מילס סאן אדריא,IL,בולגרית מעודנת עיזים,גרמים,250.00,100 גרם,false,,31.00,0.1240,true,1,33666
7290011499327,false,גבינה בולגרית מעודנת 5% 250 גרם - רבנות,מיוצר על ידי DSH עבו,IL,בולגרית מעודנת חלב ב,גרמים,250.00,100 גרם,false,,23.90,0.0956,true,1,33668
7290011499341,false,קשקבל בוואקום 26% 200 גרם - רבנות,הנסיך- מפעל לייצור ט,IL,קאשקבל 22% 200 גרם ג,גרמים,200.00,100 גרם,false,,27.90,0.1395,true,1,34740
7290011499365,false,גד חלומי 24% 200 גרם רובין,"מחלבות גד בע""מ",IL,גבינת חלומי 24% 200,גרמים,200.00,100 גרם,false,,22.90,0.1145,true,1,34284
7290011499419,false,גבינה במרקם שמנת בטעם טבעי 5% ניו יורק,מחלבות גד,IL,גבינת קרם שמנת ניו י,גרמים,200.00,100 גרם,false,,12.90,0.0645,true,1,39298
7290011499525,false,גד לאבנה דרוזית 9% 500 ג',מחלבות גד בעמ,IL,לאבנה 9% גד,גרמים,500.00,100 גרם,false,,21.00,0.0420,true,1,40569
7290011499624,false,שמנת 30% ניו יורק טבעי 200 גרם רבנות,מחלבות גד,IL,גבינת שמנת בטעם טבעי,גרמים,200.00,100 גרם,false,,13.90,0.0695,true,1,44644
7290011499846,false,גבינת ריקוטה פרסקה 9% 300 ג' גד,מחלבות גד בעמ,IL,ריקוטה פרסקה גד,גרמים,300.00,100 גרם,false,,18.90,0.0630,true,1,47273
7290011515683,false,מעדן קפוא אקסטרים Extreme בטעם וניל - 6 יח',תות תעשיות מזון (201,IL,מאגדת טילון אקסטרים,גרמים,432.00,100 גרם,false,,32.00,0.0741,true,1,28645
7290011515911,false,שלגונים מופחתי קלוריות בטעם ריבת חלב - 6 יח',גלידות נסטלה (נגה גל,IL,מאגדת שלגון לייט ריב,גרמים,312.00,100 גרם,false,,26.90,0.0862,true,1,38124
7290011517588,false,LL-R נצנצים קרם גוף 275 מל',,,קרם גוף לאב ליין,מיליליטרים,275.00,"100 מ""ל",false,,28.90,0.1051,true,1,102683
7290011518561,false,"אקטימל תות משפחתי מארז 14X100מ""ל",מיוצר עי קונדיטוריית,IL,אקטימל תות 1.5% מארז,ליטרים,1.40,ליטר,false,,32.00,22.8571,false,1,26877
7290011524555,false,שעועית לבנה אפויה 800 ג' פרי הגליל,"פרי הגליל בע""""מ",IL,שעועית לבנה מבושלת 8,גרמים,800.00,100 גרם,false,,11.90,0.0149,true,1,44821
7290011524968,false,פולי סויה מוקפאים Green & Fresh,גרין אנד פרש Green & Fresh,IL,"פולי סויה 1 ק""ג פרי",קילוגרמים,1.00,"ק""ג",false,,14.50,14.5000,true,1,110842
7290011525323,false,אל סבון טיפולי לתינוק קמיל בלו סנסטיב שיבולת שועל,"ד""ר פישר Dr fischer",IL,קמיל בלו סנסטיב,יחידה,500.00,יחידה,false,,19.90,0.0398,true,1,52124
7290011525712,false,"קמיל בלו סנסיטיב אל סבון לפני השינה, 1 ליטר","ד""ר פישר Dr fischer",IL,קמיל בלו סנסיטיב אל,ליטרים,1.00,ליטר,false,,29.90,29.9000,true,1,47471
7290011530358,false,שייק איט 450 גרם friday מיקס פירות קפוא,"הבו-קדו בע""מ",IL,שייק איט כתום,גרמים,450.00,100 גרם,false,,29.90,0.0664,true,1,119733
7290011530471,false,"פולי סויה - אדממה 1 ק""ג בד""צ",,CN,"פולי סויה אדממה 1 ק""",קילוגרמים,1.00,"ק""ג",false,,16.90,16.9000,true,1,119124
7290011530488,false,שייק איט 450 גר saturday מיקס פירות קפוא,"הבו-קדו בע""מ",IL,שייק איט,גרמים,450.00,100 גרם,false,,29.90,0.0664,true,1,119817
7290011530525,false,מיקס פירות קפואים שייק איט צהוב - 3*150 ג',"הבו-קדו בע""מ",IL,שייק איט צהוב Tuesda,גרמים,150.00,100 גרם,false,,29.90,0.1993,true,1,117020
7290011530532,false,מיקס פירות קפואים שייק איט ירוק - 3*150 ג',"הבו-קדו בע""מ",IL,שייק איט ירוק monday,גרמים,150.00,100 גרם,false,,29.90,0.1993,true,1,117021
7290011530549,false,מיקס פירות קפואים שייק איט ורוד - 3*150 ג',"הבו-קדו בע""מ",IL,שייק איט ורוד Sunday,גרמים,150.00,100 גרם,false,,29.90,0.1993,true,1,117022
7290011530730,false,מיקס פירות קפואים שייק איט חום - 3*150 ג',"הבו-קדו בע""מ",IL,שייק איט חום Thursda,גרמים,150.00,100 גרם,false,,29.90,0.1993,true,1,117023
7290011530747,false,מיקס פירות קפואים שייק איט סגול - 3*150 ג',"הבו-קדו בע""מ",IL,שייק איט יום רביעי,גרמים,150.00,100 גרם,false,,29.90,0.1993,true,1,117024
7290011530945,false,קרפציו עגל 210 גרם קפוא,בלדי,IL,קרפציו עגל 210 גר' ב,גרמים,210.00,100 גרם,false,,36.90,0.1757,true,1,114369
7290011570088,false,ממרח ריבת חלב לייט ללא תוספת סוכר,קרלו,IL,ריבת חלב לייט 400 גר,גרמים,400.00,100 גרם,false,,17.90,0.0447,true,1,39408
7290011570507,false,"קמח נטול גלוטן כרגיל 1 ק""ג",אשבל -מזון פונקציונל,IL,קמח נטול גלוטן 450 ג,גרמים,450.00,100 גרם,false,,17.90,0.0398,true,1,66772
7290011570644,false,קמח כרגיל נטול גלוטן ללחם 500 גרם,אשבל מזון פונקציונאל,IL,קמח לחם כרגיל ללא גל,גרמים,500.00,100 גרם,false,,17.90,0.0358,true,1,90702
7290011570781,false,תערובת להכנת עוגה בטעם וניל ללא גלוטן,אשבל -מזון פונקציונל,IL,קמח כרגיל ללא גלוטן,גרמים,450.00,100 גרם,false,,17.90,0.0398,true,1,97692
7290011570798,false,תערובת להכנת עוגה בטעם שוקולד ללא גלוטן,אשבל -מזון פונקציונל,IL,קמח כרגיל ללא גלוטן,גרמים,450.00,100 גרם,false,,17.90,0.0398,true,1,97815
7290011570934,false,תערובת להכנת פנקייק ללא גלוטן 500 ג',אשבל מזון פונקציונאל,IL,תערובת להכנת פנקייק,גרמים,400.00,100 גרם,false,,17.90,0.0447,true,1,106845
7290011575007,false,"הפי מרסס שומר ברק למקלחון 750 מ""ל",יעקובי הפי,DE,הפי לאמבט ולמקלחון,מיליליטרים,750.00,"100 מ""ל",false,,19.90,0.0265,true,1,29237
7290011575250,false,הפי ספוג מבריק נעליים,יעקבי - הפי Hepi,ES,מבריק נעליים יעקבי,יחידה,0.00,יחידה,false,,10.90,0.0000,true,1,33849
7290011575281,false,דבק מגע שפורפרת מקצ,יעקובי,,דבק מגע מקצועי,יחידה,0.00,יחידה,false,,11.90,0.0000,true,1,35698
7290011575342,false,דבק אפוקסי,יעקובי,,דבק אפוקסי,גרמים,30.00,100 גרם,false,,23.00,0.7667,true,1,111217
7290011575526,false,מטלית מיקרופייבר לרצ,סי.פי.קנג,,מטלית מיקרופייבר לרצ,יחידה,500.00,יחידה,false,,13.90,0.0278,true,1,33840
7290011575755,false,סופר גלו ג'ל - לוקטייט,יעקבי- סופר גלו Super Glue,DE,סופר גלו ג'ל,יחידה,0.00,יחידה,false,,11.90,0.0000,true,1,101995
7290011575809,false,הפי נוצץ ספריי הגרטי- מבריק כלי כסף,יעקובי הפי,NL,הפי מבריק כסף ספריי,מיליליטרים,200.00,"100 מ""ל",false,,24.90,0.1245,true,1,38215
7290011587697,false,ממרח עגבניות מיובשות פסטו תומר 340 ג',Sunto gida sun ve ti,TR,תומר-עגבניות מיובשות,גרמים,340.00,100 גרם,false,,12.90,0.0379,true,1,100476
7290011587840,false,עגבניות קצוצות בשמן 340 גר,,,תומר-עגבניות מיובשות,גרמים,200.00,100 גרם,false,,13.00,0.0650,true,1,64288
7290011598211,false,"סנו - אנטי קאלק מרסס ניקוי כללי 4 ב-1 700 מ""ל",מיוצר עי קונדיטוריית,IL,סנו אנטי קאלק 4 באחד,מיליליטרים,700.00,"100 מ""ל",false,,18.90,0.0270,false,1,39447
7290011598365,false,מטליות מקרופייבר מקצועיות 4 יח' סנו סושי,סנו סושי,IL,מטליות סנו סושי מיקר,יחידה,0.00,יחידה,false,,15.90,0.0000,true,1,27733
7290011598372,false,מטלית מיקרופייבר פרופשיונל לרצפה סנו סושי,סנו מפעלי ברונוס.,CN,מטלית מיקרופייבר לרצ,יחידה,0.00,יחידה,false,,11.90,0.0000,true,1,29260
7290011598402,false,סנו מקסימה מרכך כביסה וויט מילק 4 ליטר,סנו מקסימה,IL,מרכך סנו מקסימה 4 לי,ליטרים,4.00,ליטר,false,,21.90,5.4750,false,1,28386
7290011607180,false,"אבקת כביסה קולון 101 1.25 ק""ג",ריקט בנקיזר ( ניר אי,IL,קולון 101 1.25קג',יחידה,1.25,יחידה,false,,11.90,9.5200,false,1,27728
7290011607197,false,"אבקת כביסה קולון 101 5 ק""ג",רקיט בנקיזר,IL,קולון 101 5קג',קילוגרמים,5.00,"ק""ג",false,,39.90,7.9800,false,1,93777
7290011615277,false,"עלי טורטיוה קמח חיטה 25ס""מ 12יח' ויליפוד 840 ג'",מוטלוקל גידה סאנאי ט,TR,טורטיה וילי פוד 840ג,גרמים,840.00,100 גרם,false,,14.90,0.0177,true,1,41197
7290011615406,false,בולגרית בקוביות בשמן ותבלינים הבולגריה 325 ג' קוליוס,"קוליוס אס. איי, גריק",GR,בולגרית בקוביות,גרמים,325.00,100 גרם,false,,15.90,0.0489,true,1,63756
7290011618025,false,בייבי ביס הוט קידס נגיסי אורז לתינוק,גואנז'ו יונג וואנט פ,CN,נגיסי אורז לתינוקות,גרמים,50.00,100 גרם,false,,13.90,0.2780,true,1,48959
7290011618124,false,בייבי ביס חטיף אורז בטעם ירקות,גואנז'ו יונג וואנט פ,CN,נגיסי אורז לתינוקות,גרמים,50.00,100 גרם,false,,13.90,0.2780,true,1,31156
7290011622664,false,כתמטמינים - חטיף אצבעות טחינה אורז ותירס 45 גרם,אלס נוטרישן,IL,כתמטמינים טחינה 45 ג,גרמים,45.00,100 גרם,false,,6.90,0.1533,true,1,103816
7290011622756,false,ביסקוויטמינים פלוס בטעם שוקולד 150 גרם,אלס נוטרישן,IL,ביסקוויטמינים פלוס ש,גרמים,150.00,100 גרם,false,,15.90,0.1060,true,1,117084
7290011622763,false,ביסקוויטמינים פלוס בטעם וניל 150 גרם,מולינו ניקולי s.p.a,IL,ביסקוויטמינים פלוס ו,גרמים,150.00,100 גרם,false,,15.90,0.1060,true,1,115622
7290011622770,false,אצבעונים - פלוס בטעם וניל 130 גרם,,IL,אצבעונים פלוס,גרמים,130.00,100 גרם,false,,21.90,0.1685,true,1,117584
7290011695163,false,"מלח הימלאיה קריסטל שקית 1 ק""ג",,,מלח הימליה קריסטל 1,קילוגרמים,1.00,"ק""ג",false,,14.90,14.9000,true,1,40827
7290011695477,false,דבש טבעי מפרחי שדה,,,דבש טבעי מפרחי שדה,גרמים,350.00,100 גרם,false,,22.90,0.0654,true,1,55851
7290011695651,false,צנימים עגולים 300 גרם נאמן,S.P.A ניולט,IL,צנימים עגולים,גרמים,300.00,100 גרם,false,,10.90,0.0363,true,1,42127
7290011695712,false,חמאת בוטנים עם שברי 510 ג' NEEMAN,נאמן,,חמאת בוטנים נאמן קרמ,גרמים,510.00,100 גרם,false,,11.90,0.0233,true,1,44656
7290011695972,false,טוסטים מלבנים בטעמים 100 גרם,,,טוסטים טעימים 100 גר,יחידה,100.00,יחידה,false,,7.50,0.0750,true,1,44625
7290011717001,false,לחם בריאות 700 גרם,ג.א.ל שרותי ארוחות,,לחם בריאות,גרמים,650.00,100 גרם,false,,13.90,0.0214,true,1,31575
7290011723101,false,טחינה הר ברכה 1 ליטר,הר ברכה תעשיות,,טחינה הר ברכה 950 גר,גרמים,950.00,100 גרם,false,,34.90,0.0367,true,1,65303
7290011723200,false,טחינה הר ברכה 100% שומשום טהור 500 גר,טחינה הר ברכה בעמ,IL,טחינה הר ברכה 450 גר,גרמים,450.00,100 גרם,false,,17.90,0.0398,true,1,65304
7290011728007,false,נאצוס תירס טבעי טרז פזוס 180 גרם,,IL,נאצ'וס תירס 180 גר',גרמים,180.00,100 גרם,false,,18.90,0.1050,true,1,102626
7290011728298,false,חליפניו קיץ ירוק חריף 210 גר,"דוידוב סלמון בע""מ",IL,חלפניו ירוק פרוס עם,גרמים,195.00,100 גרם,false,,24.90,0.1277,true,1,107581
7290011728731,false,טורטיה קפואה מכוסמין,"דוידוב סלמון בע""מ",IL,טורטיה כוסמין 6 יח',גרמים,325.00,100 גרם,false,,15.90,0.0489,true,1,111280
7290011728755,false,פלפל ארבול שלם מיובש,,,פלפל ארבול שלם מיובש,גרמים,40.00,100 גרם,false,,9.90,0.2475,true,1,107587
7290011728779,false,פלפל גואחילו שלם מיו,,,פלפל גואחילו שלם מיו,גרמים,40.00,100 גרם,false,,9.90,0.2475,true,1,107589
7290011728915,false,קמח תירס מינסה ללג ו,טרס פזוס,IL,קמח תירס מינסה ללא ג,גרמים,400.00,100 גרם,false,,15.90,0.0398,true,1,111281
7290011743833,false,"משחת שיניים סנסודיין פרונאמל 75 מ""ל",גלקסו סמית קליין,GB,סנסודיין פרונאמל 75מ,מיליליטרים,75.00,"100 מ""ל",false,,25.90,0.3453,true,1,31715
7290011744892,false,"אקווה פרש - משחת שיניים ילדים ג'וניור 6+ 50 מ""ל",גלקסו סמית קליין,SK,א. פרש משחת ילדים ג',גרמים,50.00,100 גרם,false,,15.90,0.3180,true,1,40913
7290011745707,false,משחת שיניים פרונמל Pro namel לילדים לגילאי 6-12,גלקסו סמית קליין,SK,סנסודיין פרונאמל ילד,מיליליטרים,50.00,"100 מ""ל",false,,15.90,0.3180,true,1,40667
7290011765118,false,קרמה MEN קצף גילוח דליקט 200 מל,"אביאפ, איסטנבול, תור",TR,קרמה קצף גילוח ירוק,מיליליטרים,200.00,"100 מ""ל",false,,12.90,0.0645,true,1,56944
7290011765415,false,"כיף - בוב ספוג מרכך שיער 750 מ""ל",קוסמופארם,IL,מרכך כיף בוב ספוג 75,מיליליטרים,750.00,"100 מ""ל",false,,11.90,0.0159,true,1,30705
7290011765613,false,סנו מסיר עובש בניחות לימון מתז 1 ל',סנו,IL,סנו מסיר עובש בניחוח,ליטרים,1.00,ליטר,false,,17.90,17.9000,true,1,110050
7290011800840,false,טחינה בלאדי רפי כהן 400 ג' צבר,רפי כהן / צבר,IL,טחינה לבנה רפי,גרמים,400.00,100 גרם,false,,15.90,0.0398,true,1,40355
7290011830007,false,סוכר קנים אורגני חום 1 קג,השדה מוצרים אורגניים,IN,"סוכר חום אורגני 1 ק""",קילוגרמים,1.00,"ק""ג",false,,11.90,11.9000,true,1,41549
7290011830144,false,פתיתים כוסמין לחם השדה 500 גר,השדה מוצרים טבעיים ו,,פתיתי כוסמין אורגניי,גרמים,400.00,100 גרם,false,,16.90,0.0422,true,1,112288
7290011830151,false,פירורי לחם אורגניים השדה 200 גר,"חטיפים מן הטבע בע""""מ",,פירורי לחם אורגניים,גרמים,200.00,100 גרם,false,,10.90,0.0545,true,1,102268
7290011830168,false,פירורי לחם כוסמין אורגניים 200 גר,השדה מוצרים טבעיים ו,,פירורי לחם אורגניים,גרמים,200.00,100 גרם,false,,12.90,0.0645,true,1,98102
7290011830236,false,בייגלה מקמח כוסמין +מלח 200 גרם השדה,השדה מוצרים אורגניים,,בייגלה כוסמין אורגני,גרמים,200.00,100 גרם,false,,15.90,0.0795,true,1,98097
7290011830243,false,אטריות אורג. ללא גלוטן מאורז תאילנדי 250,דולפין ספא,CN,אטריות אורגניות מאור,גרמים,250.00,100 גרם,false,,14.90,0.0596,true,1,39926
7290011830267,false,אטריות אורגניות ללא גלוטן מאורז מלא 250,השדה מוצרים אורגניים,CN,אטריות אורגניות מאור,גרמים,250.00,100 גרם,false,,14.90,0.0596,true,1,39928
7290011830274,false,אטריות אורגניות ללא גלוטן מאורז שחור 250,השדה מוצרים טבעיים ו,CN,נודלס אורז שחור,גרמים,250.00,100 גרם,false,,16.90,0.0676,true,1,39929
7290011830366,false,טליאטלה מקמח דורום 5 צבעים אורגני 500 גר,השדה מוצרים טבעיים ו,IT,פסטה אורגנית מקמח דו,גרמים,500.00,100 גרם,false,,25.90,0.0518,true,1,116099
7290011830373,false,פפרדלה מקמח דורום 5 צבעים אורגני 500 גרם,השדה מוצרים טבעיים ו,IT,פסטה אורגנית מקמח דו,גרמים,500.00,100 גרם,false,,25.90,0.0518,true,1,116100
7290011830564,false,ביסקוויט פתי בר כוסמין אורגני,השדה מוצרים אורגניים,IL,פתיבר כוסמין אורגני,גרמים,200.00,100 גרם,false,,11.90,0.0595,true,1,98098
7290011830991,false,חטיף בוטנים ציקי מאנ,השדה מוצרים טבעיים ו,,חטיף צ'קי מאנקי,גרמים,60.00,100 גרם,false,,6.50,0.1083,true,1,101277
7290011876388,false,מאמא עוף קציצות עוף ובקר 600 גרם,תנובה גליל שותפות מו,IL,קציצות בקר ועוף 600,גרמים,600.00,100 גרם,false,,28.90,0.0482,false,1,57133
7290011877088,false,"רדיד אלומיניום רוחב 30 ס""מ, 18 מיקרון - מארז זוג",בורסה פאזרי,TR,סנו סושי צמד רדידי א,יחידה,0.00,יחידה,false,,16.90,0.0000,true,1,53737
7290011877095,false,"סנו סושי צמד רדידי אלומיניום רחב 45 ס""מ",בורסה פאזרי,TR,זוג רדיד אלומיניום ס,יחידה,0.00,יחידה,false,,22.00,0.0000,true,1,54304
7290011877835,false,סנו סושי אריזות ואקום לאחסון 2 יח XXL,מיוצר עי קונדיטוריית,TR,סנו סושי אריזות ואקו,יחידה,0.00,יחידה,false,,23.90,0.0000,true,1,33413
7290011877859,false,סנו אינסטלטור חדש פותח סתימות 200ג',מיוצר עי קונדיטוריית,IL,סנו אינסטלטור,מיליליטרים,200.00,"100 מ""ל",false,,13.90,0.0695,true,1,34576
7290011877866,false,אבקת כביסה סנו מקסימה בניחוח Musk,"איי, בי, אינבוו",IL,"מקסימה 6 ק""ג מאסק",קילוגרמים,6.00,"ק""ג",false,,49.90,8.3167,false,1,42392
7290011878351,false,תמרים מגהול 400 גרם אורגני,,,תמרים מג'הול 400 גרם,גרמים,400.00,100 גרם,false,,27.90,0.0697,true,1,103240
7290011878375,false,תמרים דקל נור 400 גרם,,,תמרים דקל נור 400 גר,גרמים,400.00,100 גרם,false,,16.90,0.0422,true,1,100877
7290011878511,false,יוגורט עיזים ביו נא,,,יוגורט עיזים ביו נא,גרמים,250.00,100 גרם,false,,11.90,0.0476,true,1,109632
7290011923013,false,דובדבן חמוץ אורגני קפוא 300 גרם,,RS,דובדבן חמוץ אורגני ק,גרמים,300.00,100 גרם,false,,24.90,0.0830,true,1,122428
7290011923112,false,גבינת גוש בסגנון פטה יוונית טבעוני 200 ג,,GR,גוש בסגנון פטה יווני,גרמים,200.00,100 גרם,false,,17.50,0.0875,true,1,164107
7290011923273,false,טופו אורגני 300 גרם ליב,א.י.ן תעשיות מזון בע,IL,טופו אורגני ליב,גרמים,300.00,100 גרם,false,,13.90,0.0463,true,1,61733
7290011931162,false,סוכרלייט ממתיק נוזלי על בסיס סוכרלוז,אף.סי תבליני בגליל ב,IL,סוכרלייט נוזלי,יחידה,220.00,יחידה,false,,28.90,0.1314,true,1,32484
7290011947309,false,זיתים מצוננים סורי מבוקע ולימון כבוש זיתא 230 ג',זיתא – י.ט.ב תעשיות,IL,זית סורי מבוקע עם לי,גרמים,220.00,100 גרם,false,,12.90,0.0586,true,1,61917
7290011947316,false,זיתא זיתי קלמטה בשמן זית כתית מעולה 215ג,זיתא - י.ט.ב תעשיות,IL,זיתים קלמטה זיתא,יחידה,0.00,יחידה,false,,12.90,0.0000,true,1,68563
7290011947781,false,מיקס זית ירוק וזית קלמטה ללא גלעין עם שמן זית 190 ג',זיתא - י.ט.ב תעשיות,IL,מיקס זית ירוק וזית ק,גרמים,190.00,100 גרם,false,,12.90,0.0679,true,1,119654
7290011947798,false,זית קלמטה ללא גלעין עם שמן זית כתית 190 ג',זיתא - י.ט.ב תעשיות,IL,זית קלמטה ללא גלעין,גרמים,190.00,100 גרם,false,,12.90,0.0679,true,1,119655
7290011947866,false,מיקס זיתים בפח זיתא 440גר,זיתא - י.ט.ב תעשיות,GR,מיקס זיתים זיתא בפח,גרמים,250.00,100 גרם,false,,19.90,0.0796,true,1,121148
7290011947873,false,זית קלמטה בפח זיתא 250 ג',זיתא - י.ט.ב תעשיות,GR,זיתים קלמטה בפח זיתא,גרמים,250.00,100 גרם,false,,19.90,0.0796,true,1,121149
7290011964344,false,תבלין שום גבישי 120 ג',"תבליני טעם וריח בע""מ",IL,שום גבישי מיכל גדול,גרמים,120.00,100 גרם,false,,9.50,0.0792,true,1,32932
7290011964542,false,תבלין פפריקה מתוקה 400ג',"תבליני טעם וריח בע""מ",IL,פפריקה מתוקה 400 גר,גרמים,400.00,100 גרם,false,,23.90,0.0597,true,1,34042
7290011964566,false,תערובת גריל לעוף 400,"תבליני טעם וריח בע""מ",IL,גריל עוף 400 גר' במי,גרמים,400.00,100 גרם,false,,23.90,0.0597,true,1,40133
7290011964573,false,פלפל שחור טחון 400 גרם,תבליני טעם וריח,,פלפל שחור טחון 400 ג,גרמים,400.00,100 גרם,false,,25.90,0.0647,true,1,116982
7290011964597,false,תבלין כמון טחון 400גר,"תבליני טעם וריח בע""מ",IL,כמון טחון 400 גר',גרמים,400.00,100 גרם,false,,23.90,0.0597,true,1,43207
7290011964603,false,כורכום טחון 400 גר ב,"תבליני טעם וריח בע""מ",IL,כורכום טחון 400 גר',יחידה,0.00,יחידה,false,,23.90,0.0000,true,1,42002
7290011964658,false,מלח לימון מיכל פלסטי,"תבליני טעם וריח בע""מ",IL,מלח לימון מיכל פלסטי,גרמים,170.00,100 גרם,false,,9.50,0.0559,true,1,38670
7290011964689,false,תבלין תיבול על האש ללא מונוס' 100ג',"תבליני טעם וריח בע""מ",IL,תערובת תיבול על האש,גרמים,100.00,100 גרם,false,,9.50,0.0950,true,1,44982
7290011964702,false,תבלין תיבול לשווארמה ללא מונוסו' 100ג',"תבליני טעם וריח בע""מ",IL,תערובת תיבול לשווארמ,גרמים,100.00,100 גרם,false,,9.50,0.0950,true,1,44990
7290011971694,false,ספגטי טריקולור מסמולינת דורום אורגני 500,פסטיפיסוי פליצ'טי,IT,ספגטי טריקולור דורום,יחידה,0.00,יחידה,false,,13.90,0.0000,true,1,99411
7290011996000,false,טעם אסיה אטריות עגבניות 454 ג',פוקולוקו,CN,איטריות עגבניות,גרמים,454.00,100 גרם,false,,8.50,0.0187,true,1,32618
7290011996017,false,טעם אסיה אטריות תרד 454 ג',xiaman vingsheny,CN,איטריות תרד,גרמים,454.00,100 גרם,false,,8.50,0.0187,true,1,32619
7290011996031,false,טעם אסיה אטריות בצים 454 ג',מזרח מערב,CN,איטריות ביצים,גרמים,454.00,100 גרם,false,,8.50,0.0187,true,1,32620
7290011996062,false,אורז לבן עגול מתאים להכנת סושי,טעמי אסיה Taste of Asia,ES,אורז לסושי 1 קג',יחידה,1.00,יחידה,false,,12.90,12.9000,true,1,31808
7290011996086,false,"רוטב צ''ילי חריף 700 מ""ל",טעמי אסיה Taste of Asia,TH,רוטב צ'ילי חריף 700,יחידה,700.00,יחידה,false,,10.90,0.0156,true,1,32013
7290011996093,false,רוטב צ'ילי מתוק 300,טעמי אסיה Taste of Asia,,רוטב צ'ילי מתוק 300,יחידה,300.00,יחידה,false,,7.90,0.0263,true,1,32855
7290011996109,false,"רוטב צ''ילי מתוק 700 מ""ל",טעמי אסיה Taste of Asia,TH,רוטב צ'ילי מתוק 700,יחידה,700.00,יחידה,false,,9.90,0.0141,true,1,32014
7290011996123,false,אצות ים נורי גולד 10 דפים כשר,טעמי אסיה Taste of Asia,CN,אצות ים נורי גולד 10,גרמים,25.00,100 גרם,false,,10.90,0.4360,true,1,32227
7290011996130,false,אצות ים קלויות נורי לסושי - 10 דפים,טעמי אסיה Taste of Asia,CN,אצות ים נורי 10 דפים,גרמים,25.00,100 גרם,false,,10.90,0.4360,true,1,32228
7290011996178,false,"רוטב סויה בסגנון יפני 280 מ""ל",guangdong good taste,CN,רוטב סויה בסגנון יפנ,יחידה,280.00,יחידה,false,,9.90,0.0354,true,1,34863
7290011996185,false,"חומץ אורז לבן (לסושי) 250 מ""ל",טעמי אסיה Taste of Asia,CN,חומץ אורז לבן לסושי,יחידה,250.00,יחידה,false,,7.90,0.0316,true,1,33326
7290011996222,false,נוזל אגוזי קוקוס ללא,טעמי אסיה Taste of Asia,TH,נוזל אגוזי קוקוס 400,גרמים,400.00,100 גרם,false,,5.90,0.0148,true,1,33907
7290011996277,false,מחצלת עגולה לגלגול סושי,טעמי אסיה Taste of Asia,CN,מחצלת עגולה לסושי,יחידה,0.00,יחידה,false,,5.90,0.0000,true,1,34327
7290011996284,false,"כלי לאידוי סטימר במבוק ""8",טעמי אסיה Taste of Asia,CN,"סטימר 8""",יחידה,0.00,יחידה,false,,21.90,0.0000,true,1,34665
7290011996291,false,כלי לאידוי קוטר 10,טעמי אסיה Taste of Asia,CN,"סטימר 10""",יחידה,0.00,יחידה,false,,28.90,0.0000,true,1,34331
7290011996307,false,כלי לאידוי קוטר 12,fuzhou jingihgyun,CN,"סטימר 20""",יחידה,0.00,יחידה,false,,36.90,0.0000,true,1,34332
7290011996482,false,מקלות לסושי,,,מקלות לסושי,יחידה,0.00,יחידה,false,,4.90,0.0000,true,1,44462
7290011996499,false,אטריות אורז דקות טעם וריח 400ג',fujian longhai,CN,מקלוני אורז דקים,גרמים,400.00,100 גרם,false,,7.90,0.0198,true,1,42892
7290011996512,false,"טעם אסיה טעם אסיה אטריות אורז 3מ""מ 400ג'",טעמי אסיה Taste of Asia,TH,"מקלוני אורז 3 מ""מ 40",גרמים,400.00,100 גרם,false,,8.90,0.0223,true,1,39872
7290011996529,false,אטריות אורז 5 מ''מ טעם אסיה 400 גרם,טעמי אסיה Taste of Asia,TH,"מקלוני אורז 5 מ""מ 40",גרמים,400.00,100 גרם,false,,8.90,0.0223,true,1,38246
7290011996550,false,טעם אסיה רוטב הויסין 240 ג',k.r.s. spicy food,TH,רוטב הוי סין,גרמים,240.00,100 גרם,false,,13.90,0.0579,true,1,37442
7290011996581,false,"רוטב חמוץ מתוק 300 מ""ל",טעמי אסיה Taste of Asia,TH,רוטב חמוץ מתוק 300 מ,יחידה,300.00,יחידה,false,,9.90,0.0330,true,1,34445
7290011996604,false,"רוטב פאד תאי 300 מ""ל",טעמי אסיה Taste of Asia,TH,"רוטב פאד תאי 300 מ""ל",גרמים,366.00,100 גרם,false,,13.90,0.0380,true,1,35766
7290011996642,false,טעם אסיה שומשום שחור קלוי 100גר,טעמי אסיה Taste of Asia,CN,שומשום שחור קלוי,גרמים,100.00,100 גרם,false,,11.90,0.1190,true,1,32624
7290011996703,false,טעם אסיה אצות וקאמה 100גר,טעמי אסיה Taste of Asia,,אצות וואקאמה מיובשות,גרמים,100.00,100 גרם,false,,18.90,0.1890,true,1,34667
7290011996741,false,"חומץ אורז לסושי כשר 500 מ""ל",טעמי אסיה Taste of Asia,,חומץ אורז לסושי 500,יחידה,500.00,יחידה,false,,11.50,0.0230,true,1,43248
7290011996758,false,מזרח מערב קמח טמפורה כשר 500ג',טעמי אסיה Taste of Asia,CN,קמח טמפורה,גרמים,500.00,100 גרם,false,,9.90,0.0198,true,1,43091
7290011996765,false,וואסבי שפורפרת 43 גר,טעמי אסיה Taste of Asia,CN,משחת וואסבי,גרמים,43.00,100 גרם,false,,9.00,0.2093,true,1,39529
7290011996789,false,פנקו פירורי לחם בסגנון יפני,טעמי אסיה Taste of Asia,CN,פנקו יפני,גרמים,200.00,100 גרם,false,,7.90,0.0395,true,1,40282
7290011996802,false,אבקת ווסאבי 70ג' טעמי אסיה,טעמי אסיה Taste of Asia,CN,אבקת ווסבי 70 ג',גרמים,70.00,100 גרם,false,,14.90,0.2129,true,1,39098
7290011996819,false,מזרח מערב אטריות שעועית 250ג,טעמי אסיה Taste of Asia,CN,איטריות שעועית בסגנו,גרמים,250.00,100 גרם,false,,3.90,0.0156,true,1,39096
7290011996888,false,רוטב טריאקי 300 כשר,טעמי אסיה Taste of Asia,TH,רוטב טריאקי 300ג',גרמים,365.00,100 גרם,false,,9.90,0.0271,true,1,37444
7290012001994,false,חרדל דיז'ון גרעינים 350 ג' ריין דיזון,ריין דיז'ון reine dijon,FR,חרדל דיג'ון גרעינים,גרמים,350.00,100 גרם,false,,11.90,0.0340,true,1,43875
7290012022203,false,קליליות חיטה מלאה די,דילייט 2005,IL,קליליות חיטה מלאה,גרמים,100.00,100 גרם,false,,13.50,0.1350,true,1,54408
7290012022227,false,קליליות חיטה טעם טבעי,דילייט 2005,IL,קליליות חיטה,גרמים,60.00,100 גרם,false,,11.50,0.1917,true,1,54406
7290012022272,false,פריכיות קליליות קידס,דילייט 2005,IL,קליליות קידס 30 גר,גרמים,30.00,100 גרם,false,,10.70,0.3567,true,1,91056
7290012046131,false,מטליות לניקוי וחיטוי כללי סופט קלין 400 יח',,,מטליות לניקוי כללי 4,יחידה,0.00,יחידה,false,,21.90,0.0000,true,1,116178
7290012046155,false,מטליות לחות לניקוי רצפות 50 יח,,,50 יח' מטליות לחות ל,יחידה,0.00,יחידה,false,,27.90,0.0000,true,1,117619
7290012046193,false,סקושט ברייט ספוג קרצ,M3,ES,סקוטש ברייט תשעה ספו,יחידה,0.00,יחידה,false,,13.90,0.0000,true,1,166177
7290012052200,false,גרנולה רפאל - אגוזים זרעים ופירות,רפאלס,IL,גרנולה רפאל זרעים,יחידה,800.00,יחידה,false,,27.90,0.0349,true,1,46682
7290012052224,false,גרנולה רפאל - חלבה תמרים ושקדים,רפאלס,IL,רפאל-חלבה תמרים ושקד,יחידה,800.00,יחידה,false,,27.90,0.0349,true,1,45771
7290012052231,false,גרנולה רפאל - פירות יער וקשיו,רפאלס,,גרנולה רפאל חמוציות,יחידה,800.00,יחידה,false,,27.90,0.0349,true,1,46683
7290012052323,false,מוזלי עם פירות יבשים ושקדים ללא תוספת סוכר,רפאלס,IL,מוזלי תענוג מיקס לא,קילוגרמים,1.00,"10 ק""ג",false,,22.90,22.9000,true,1,109107
7290012052330,false,"גרנולה תענוג חלווה 1 ק""ג",רפאלס,IL,"גרנולה תענוג 1 ק""ג",קילוגרמים,1.00,"ק""ג",false,,22.90,22.9000,true,1,109108
7290012052385,false,מוזלי עם חמוציות ושקדים ללא תוספת סוכר,רפאלס,IL,גרנולה רפאל שקדים ופ,גרמים,800.00,100 גרם,false,,27.90,0.0349,true,1,57372
7290012052477,false,צ'וקולומומו - מיקס זרעים לסלט - עשבי תיבול,רפאלס,IL,תערובת תיבול לסלט צו,גרמים,250.00,100 גרם,false,,15.90,0.0636,true,1,57595
7290012116032,false,כיף פיות מרכך לסירוק קל 750 מל,טרופיקל דגיל תעשיות,IL,פיות מרכך שיער 750מל,מיליליטרים,750.00,"100 מ""ל",false,,11.90,0.0159,true,1,45134
7290012116063,false,"כיף אל סבון פיות בתמציות קמומיל 750 מ""ל",טרופיקל דגיל תעשיות,IL,פיות אל סבון קמומיל,גרמים,750.00,100 גרם,false,,11.90,0.0159,true,1,45135
7290012116261,false,סנו מדיק ג'ל לניקוי ידיים אלוורה 500 מל,גוד פוד פרודקטס S.p,IL,ג'ל ניקוי ידיים 500,מיליליטרים,500.00,"100 מ""ל",false,,15.90,0.0318,true,1,115519
7290012116360,false,פוליויקס לטיפול ברצפות גרניט פורצלן וקרמיקה,"מפעלי סנו ברונוס בע""",IL,פוליוקס פורצלן סנו 2,ליטרים,2.00,ליטר,false,,19.90,9.9500,false,1,34342
7290012116537,false,"סנו מקסימה אבקת כביסה 2.5 ק""ג מאסק",טרופיקל דגיל תעשיות,IL,סנו מקסימה אבקת כביס,קילוגרמים,2.50,"ק""ג",false,,25.90,10.3600,false,1,38107
7290012116612,false,אורביטול מברשת שיניים מארז 4 יח',ג'נרל מילס סאן אדריא,CN,מברשת שיניים רביעייה,יחידה,0.00,יחידה,false,,12.90,0.0000,true,1,105249
7290012116735,false,סנו סופט גמבו נייר טואלט 24 גל 900מ קומפ,סנו מפעלי ברונוס בעמ,IL,נייר טואלט סופט ג'מב,גרמים,4300.00,100 גרם,false,,47.90,0.0111,false,1,56744
7290012117091,false,אבקת -כביסה סנו מקסימה סנסיטיב 6 קג,סנו מקסימה,IL,"סנו מקסימה 6 ק""ג סנס",קילוגרמים,6.00,"ק""ג",false,,49.90,8.3167,false,1,42393
7290012117275,false,נוזל רב תכליתי לניקוי ולהברקה מילוי,טרופיקל דגיל תעשיות,IL,סנו קליר מילוי 750 מ,מיליליטרים,750.00,"100 מ""ל",false,,7.90,0.0105,true,1,41456
7290012117350,false,סנו ריצפז פרש 2 ליטר לילך לבנדר,"סנו מפעלי ברונוס בע""",IL,ריצפז פרש לילך 2ל,ליטרים,2.00,ליטר,false,,17.90,8.9500,false,1,39714
7290012117411,false,שמפו וג'ל רחצה לגבר רויבוס Rooibos,החברה הדרומית,IL,קרמה מן ג'ל רחצה במב,מיליליטרים,700.00,"100 מ""ל",false,,17.90,0.0256,true,1,40196
7290012117435,false,"קרמה - שמפו וג'ל רחצה 2 ב-1 אלוורה 700 מ""ל",טרופיקל דגיל תעשיות,IL,קרמה מן ג'ל רחצה אלו,מיליליטרים,700.00,"100 מ""ל",false,,17.90,0.0256,true,1,41904
7290012117534,false,סנו - מקסימה מרכך כביסה מרוכז קול 1 ליטר,"סנו מפעלי ברונוס בע""",IL,מרכך מרוכז קול 1ל,ליטרים,1.00,ליטר,false,,16.90,16.9000,true,1,42165
7290012117541,false,מרכך כביסה מקסימה קומפקט צהוב 1 ל' סנו,החברה הדרומית,IL,מרכך מרוכז סנו זן 1ל,ליטרים,1.00,ליטר,false,,16.90,16.9000,true,1,42166
7290012117558,false,מרכך כביסה קומפקט מאסק ורוד סנו מקסימה 1 ל',"סנו מפעלי ברונוס בע""",IL,מרכך סנו מרוכז פי4 מ,ליטרים,1.00,ליטר,false,,16.90,16.9000,false,1,42336
7290012117565,false,כפפות סנו סושי לטקס S אריזת 100יח',סנו סושי,IL,כפפות סושי S לטקס,יחידה,0.00,יחידה,false,,29.90,0.0000,true,1,45751
7290012117732,false,סנו - מקסימה מרכך כביסה קול שחור 4 ליטר,"סנו מפעלי ברונוס בע""",IL,מרכך סנו 4ל COOL,ליטרים,4.00,ליטר,false,,21.90,5.4750,false,1,41598
7290012117916,false,סנו אינסטלאטור פותח סתימות נוזלי 1 ל',"סנו מפעלי ברונוס בע""",IL,סנו אינסטלטור נוזלי,ליטרים,1.00,ליטר,false,,24.90,24.9000,true,1,49807
7290012129728,false,מגבונים לחים פרשיס ללא בישום חמישייה,,IL,פרשיס חמישייה מגבוני,יחידה,0.00,יחידה,false,,19.90,0.0000,true,1,67694
7290012129742,false,מגבונים פרשיס מבושם 72 יח' * חמישיה,,IL,פרשיס חמישייה מגבוני,יחידה,0.00,יחידה,false,,19.90,0.0000,true,1,67695
7290012139482,false,בונזו עצם לחוצה מעוש,PINGYANG LELE PET PR,CN,חטיף בונזו ג'וי-עצם,גרמים,160.00,100 גרם,false,,21.90,0.1369,true,1,45820
7290012139499,false,עצם בציפוי פירורי עו,בונזו,,עצם בציפוי פירורי עו,גרמים,165.00,100 גרם,false,,21.90,0.1327,true,1,45821
7290012139567,false,בונזו גוי ביסקוויט ע,בונזו,,בונזו ביסקוויט עוף,גרמים,90.00,100 גרם,false,,17.00,0.1889,true,1,45688
7290012151538,false,אקונומיקה 4ליטר פולי,,,אקונומיקה 4ליטר פולי,ליטרים,4.00,ליטר,false,,10.90,2.7250,true,1,37438
7290012159411,false,לבבות דקל חתוך לינה 400 גרם,יושלם,IL,לבבות דקל חתוך,גרמים,220.00,100 גרם,false,,7.90,0.0359,true,1,47423
7290012173141,false,מיקס חמוציות פקאן,זארובי,,מיקס חמוציות פקאן,גרמים,170.00,100 גרם,false,,10.00,0.0588,true,1,45081
7290012173189,false,אגוז פקאן טבעי 150 גרם זארובי,זארובי,,אגוז פקאן,יחידה,150.00,יחידה,false,,18.90,0.1260,true,1,47660
7290012173271,false,זארובי-שקד טבעי 350ג,,IL,זארובי-שקד טבעי 350ג,גרמים,350.00,100 גרם,false,,28.90,0.0826,true,1,66387
7290012173301,false,זארובי-פיסטוק קלוי 3,זארובי,,זארובי-פיסטוק קלוי 3,גרמים,300.00,100 גרם,false,,28.90,0.0963,true,1,66868
7290012173325,false,בוטנים קלופים 350 גר,זארובי,,בוטנים קלופים 350 גר,גרמים,350.00,100 גרם,false,,15.50,0.0443,true,1,66889
7290012173493,false,תערובת אגוזים בקופסא 300 גרם,זארובי,IL,תערובת אגוזים ושקדים,גרמים,300.00,100 גרם,false,,26.90,0.0897,true,1,165875
7290012173615,false,פקאן סיני 150 גר',זארובי,IL,פקאן סיני 150 גר',גרמים,150.00,100 גרם,false,,18.90,0.1260,false,1,53343
7290012173820,false,זארובי-פיסטוק קלוי,,IL,זארובי-פיסטוק קלוי,גרמים,150.00,100 גרם,false,,14.90,0.0993,true,1,64165
7290012173837,false,זארובי-קשיו קלוי,,IL,זארובי-קשיו קלוי,גרמים,170.00,100 גרם,false,,14.90,0.0876,true,1,64166
7290012173844,false,שקד קלוי 170 גרם זארובי,,,זארובי-שקד קלוי,גרמים,170.00,100 גרם,false,,14.90,0.0876,true,1,64167
7290012173882,false,גרענים שחורים זארובי 150ג',זארובי,IL,זארובי-גרעינים שחורי,גרמים,350.00,100 גרם,false,,10.90,0.0311,true,1,66869
7290012173905,false,פיצוחים מעורב פרימיו,,,פיצוחים מעורב פרימיו,גרמים,350.00,100 גרם,false,,27.90,0.0797,true,1,65475
7290012193125,false,ממתיק על בסיס סוכרלוז - טבליות,מיוצר עי קונדיטוריית,CN,מרמולייט סוכרלוז 150,גרמים,123.00,100 גרם,false,,26.90,0.2187,true,1,35004
7290012226014,false,נקניקיות וינר זוגלובק 800 גרם,זוגלובק,IL,נקניקיות וינר 800 גר,גרמים,800.00,100 גרם,false,,22.90,0.0286,true,1,43196
7290012226120,false,*מבצע* זוגלובק קבנוס,זוגלובק,IL,קבנוס 135 גר',גרמים,135.00,100 גרם,false,,10.00,0.0741,true,1,45244
7290012226922,false,קבנוס בטעם שום 135 ג' זוגלובק,זוגלובק,IL,קבנוס עם שום,גרמים,135.00,100 גרם,false,,10.00,0.0741,true,1,47171
7290012226991,false,"נקניקיות עוף באריזת ג''מבו 1.5 ק""ג זוגלובק",זוגלובק,IL,נקניקיות ג'מבו,קילוגרמים,1.50,"ק""ג",false,,28.90,19.2667,true,1,161113
7290012227172,false,חרמן הודו בדבש וברביקיו זוג במארז 600 ג' זוגלובק,זוגלובק,IL,מארז זוג פסטרמה זוגל,גרמים,600.00,100 גרם,false,,26.90,0.0448,true,1,54483
7290012227325,false,סלמי דק דק מעושן איטלקי 120 ג' זוגלובק,זוגלובק,IL,סלמי מעושן דק דק 120,גרמים,120.00,100 גרם,false,,13.90,0.1158,true,1,104534
7290012227400,false,נקניקיות עוף זוגלובק 800 גרם,זוגלובק,IL,נקניקיות עוף 800 גר',גרמים,800.00,100 גרם,false,,22.90,0.0286,true,1,59882
7290012227912,false,קבנוס עודן 135 ג' זוגלובק,זוגלובק,IL,קבנוס מעודן 135 גר',גרמים,135.00,100 גרם,false,,10.00,0.0741,true,1,101292
7290012227974,false,פסטרמה הודו בדבש טהור דק דק דק,זוגלובק,IL,פסטרמה בדבש 120 גר',גרמים,120.00,100 גרם,false,,13.90,0.1158,true,1,104535
7290012227998,false,פסטרמה דק דק חזה בקר 120 ג' זוגלובק,זוגלובק,IL,חזה בקר 120 גר' דק ד,גרמים,120.00,100 גרם,false,,13.90,0.1158,true,1,104537
7290012228261,false,נקנקיות קנקרס הודו ועוף ריינהולד'ס זוגלובק 300 ג',זוגלובק,IL,נקניקיות בוקוורסט הו,גרמים,300.00,100 גרם,false,,19.90,0.0663,true,1,100044
7290012228278,false,נקנקיות בוקוורסט עוף ובקר ריינהולד'ס 310 ג' זוגלובק,זוגלובק,IL,נקניקיות בוקוורסט הו,גרמים,310.00,100 גרם,false,,19.90,0.0642,true,1,100045
7290012228704,false,"ריינהולדס נקניקיות סוסג' ספרדית חריפה, 310 ג'",זוגלובק,IL,נקניקיות סוסג' ספרדי,גרמים,310.00,100 גרם,false,,18.90,0.0610,true,1,109156
7290012245275,false,"גולד ציפס בטטה קריספי 1 ק""ג",אגריסטו,BE,גולד צ'יפס בטטה קריס,קילוגרמים,1.00,"ק""ג",false,,28.90,28.9000,true,1,121760
7290012245312,false,"צ'יפס אמריקאי 1.5 ק""ג גולד שארית",יוליניבר,IL,צ'יפס גולד אמריקאי 1,גרמים,1500.00,100 גרם,false,,19.90,0.0133,true,1,109484
7290012245329,false,"צ'יפס קלאסי 1.5 ק""ג גולד שארית",יוליניבר,IL,צ'יפס גולד קלאסי 1.5,גרמים,1500.00,100 גרם,false,,19.90,0.0133,true,1,109486
7290012256004,false,כף אובלית,,,כף אובלית,יחידה,0.00,יחידה,false,,11.90,0.0000,true,1,61677
7290012256011,false,תרבד עץ,,,תרבד עץ,יחידה,0.00,יחידה,false,,11.90,0.0000,true,1,63197
7290012256028,false,מרית מחורצת,,,מרית מחורצת,יחידה,0.00,יחידה,false,,11.90,0.0000,true,1,61683
7290012309366,false,"דין שיווק וקליה אורז בסמטי 5 ק""ג",,IN,אורז בסמטי 5 קג שקדי,קילוגרמים,5.00,"ק""ג",false,,44.90,8.9800,true,1,107088
7290012309939,false,חלבה מסולסלת דין שיווק 500 ג',אף.סי תבליני בגליל ב,IL,חלבה מסולסלת 500 גר,גרמים,500.00,100 גרם,false,,14.90,0.0298,true,1,66050
7290012313073,false,מיקס זיתים מגולענים 560 ג' יבנה,קבוצת יבנה,IL,מיקס חרוזית יבנה,גרמים,275.00,100 גרם,false,,10.90,0.0396,true,1,165309
7290012313141,false,מלפפון פרוס במלח A2 ק.יבנה 540ג',אף.סי תבליני בגליל ב,IL,פרוסות מלפפונים במלח,גרמים,320.00,100 גרם,false,,5.90,0.0184,true,1,60358
7290012313240,false,יבנה זיתים מיקס ירוק וקלמטה 560 גר',קבוצת יבנה,,מיקס זיתים וקלמטה יב,גרמים,340.00,100 גרם,false,,10.90,0.0321,true,1,118508
7290012313547,false,זית קלמטה חומץ יין י,קבוצת יבנה,,זית קלמטה יבנה,גרמים,340.00,100 גרם,false,,9.40,0.0276,true,1,92103
7290012352010,false,קרם לחות מזינה עם שמן ארגן מרוקאי לשיער יבש מאוד ופגום,נטורל פורמולה Natural Formula,IL,קרם לחות + שמן לשיער,מיליליטרים,400.00,"100 מ""ל",false,,25.90,0.0647,true,1,44223
7290012367717,false,קרם ידיים וציפורניים Intensive relief לעור יבש ומגורה,פישר מעבדות פרמצבטיו,IL,קרם ידיים אפקטיב 150,גרמים,100.00,100 גרם,false,,16.90,0.1690,true,1,68241
7290012367908,false,שמן טיפולי לתינוק בתוספת אלוורה Kamil Blue Sensitive,"ד""ר פישר Dr fischer",IL,קמיל בלו סנסיטיב שמן,מיליליטרים,200.00,"100 מ""ל",false,,15.90,0.0795,true,1,96014
7290012404955,false,ספרינג קולקשן נקטר חמוציות 1.25 ל',"יפאורה תבורי בע""מ",IL,ספרינג Collection נק,ליטרים,1.25,ליטר,false,,12.90,10.3200,true,1,45882
7290012404993,false,ספרינג נקטר חמוציות דיאט קולקשיין 1.25ל,"יפאורה תבורי בע""מ",IL,נקטר דיאט חמוציות ספ,ליטרים,1.25,ליטר,false,,12.90,10.3200,true,1,45884
7290012413636,false,תה ירוק צאי מסאלה 25 שקיקים 1.5 גרם,ויסוצקי ירוק,IL,תה ירוק צ'אי מסאלה 2,גרמים,37.50,100 גרם,false,,24.90,0.6640,false,1,50237
7290012413643,false,תה ירוק קמומיל 25 שקיקים ויסוצקי,ויסוצקי ירוק,IL,תה ירוק קמומיל,גרמים,37.50,100 גרם,false,,24.90,0.6640,false,1,56444
7290012470226,false,קולף ירקות,,,קולף ירקות,יחידה,0.00,יחידה,false,,10.90,0.0000,true,1,122984
7290012470264,false,דוקרן גבינות ודגים,מיה טריידינג,CN,דוקרן גבינות ודגים,יחידה,0.00,יחידה,false,,8.50,0.0000,true,1,41914
7290012470301,false,תחתיות נייר מלבן גדו,,,תחתיות נייר מלבן גדו,יחידה,0.00,יחידה,false,,9.90,0.0000,true,1,42180
7290012470493,false,כובע רחצה 2 שכבות ענ,מיה טריידינג,CN,כובע רחצה 2 שכבות,יחידה,0.00,יחידה,false,,12.90,0.0000,true,1,42371
7290012470684,false,גומיות לקוקו,,,גומיות לקוקו,יחידה,0.00,יחידה,false,,5.90,0.0000,true,1,110892
7290012475306,false,מיץ תפוזים אורגני גרין פילד 1 ליטר,,TR,גרין פילד מיץ תפוזים,ליטרים,1.00,1000ליטר,false,,19.00,19.0000,true,1,164037
7290012475399,false,מיץ שזיפים גרין פילד אורגני 1 ליטר,גוקנור,TR,מיץ שזיפים אורגני 1,ליטרים,1.00,ליטר,false,,16.00,16.0000,true,1,46260
7290012522581,false,טבעול שניצל תירס ללא גלוטן טבעול 664 גרם,עיצובים 2020 (4.8),IL,שניצל תירס ללא גלוטן,גרמים,664.00,100 גרם,false,,25.90,0.0390,false,1,52048
7290012525452,false,טילון אקסטרים נוק אאוט שוקו וניל 70ג',גלידות נסטלה (נגה גל,IL,טילון שוקו וניל 70 ג,יחידה,0.00,יחידה,false,,6.20,0.0000,true,1,39638
7290012547263,false,מעדן דבש לייט 350 גרם,,,מעדן דבש ללא סוכר,גרמים,350.00,100 גרם,false,,24.90,0.0711,true,1,40774
7290012561313,false,בצל קצוץ מטוגן דורות,עיצובים 2020 (3.8),IL,בצל מטוגן דורות 400,גרמים,400.00,100 גרם,false,,21.00,0.0525,true,1,114337
7290012561337,false,כורכום טרי כתוש קפוא דורות 70 גר,גוד פוד פרודקטס S.p,IL,כורכום טרי כתוש דורו,גרמים,70.00,100 גרם,false,,12.00,0.1714,true,1,112230
7290012561405,false,בצל חצי מטוגן דורות 180 גרם,עיצובים 2020 (3.8),IL,בצל חצי מטוגן דורות,גרמים,180.00,100 גרם,false,,11.50,0.0639,true,1,41308
7290012588242,false,"מים מינרלים מיי וואטר כדורגל מארז 500X6מ""ל",נרה קריטיס אס איי בא,GR,מים מינרלים כדורגל 5,מיליליטרים,3000.00,"100 מ""ל",false,,13.90,0.0046,false,1,105361
7290012594014,false,לחם שיפון פרוס,מאפיית רפאל,,לחם שיפון כפרי,גרמים,650.00,100 גרם,false,,14.90,0.0229,true,1,61815
7290012594038,false,לחם פרנץ טוסט,מאפיית רפאל,IL,לחם פרנץ טוסט,גרמים,500.00,100 גרם,false,,10.90,0.0218,true,1,164348
7290012602627,false,דבש פרחי בר חוף הכרמל 640 ג',,,דבש יערה 500 גר',גרמים,500.00,100 גרם,false,,29.90,0.0598,true,1,98885
7290012637230,false,חליטה צ'אי מנאלי,General,IL,חליטה צ'אי מנאלי,גרמים,80.00,100 גרם,false,,34.90,0.4362,true,1,119260
7290012637254,false,צנצנת סיידר תפוחים,General,IL,חליטה סיידר תפוחים,גרמים,250.00,100 גרם,false,,34.90,0.1396,true,1,117418
7290012637261,false,צנצנת טרופיקנה,General,IL,חליטה טרופיקנה,גרמים,80.00,100 גרם,false,,34.90,0.4362,true,1,119266
7290012637278,false,צנצנת תה שחור,General,IL,חליטת תה שחור,גרמים,50.00,100 גרם,false,,34.90,0.6980,true,1,119259
7290012637315,false,אבקת משקה סחלב,,,אבקת משקה סחלב,גרמים,500.00,100 גרם,false,,34.90,0.0698,true,1,119262
7290012637322,false,צנצנת פירות יער,General,IL,חליטה פירות יער,גרמים,80.00,100 גרם,false,,34.90,0.4362,true,1,117411
7290012637339,false,צנצנת גינגר לימון ודבש,General,IL,חליטה ג'ינג'ר לימון,גרמים,80.00,100 גרם,false,,34.90,0.4362,true,1,117412
7290012637353,false,צנצנת כורכום הדרים,General,IL,חליטה כורכום הדרים,גרמים,80.00,100 גרם,false,,34.90,0.4362,true,1,119261
7290012637469,false,צנצנת חליטת תה בדואי,General,IL,צנצנת חליטת תה בדואי,גרמים,80.00,100 גרם,false,,34.90,0.4362,true,1,119263
7290012637476,false,צנצנת חליטת תה ירוק,General,IL,צנצנת חליטת תה ירוק,גרמים,80.00,100 גרם,false,,34.90,0.4362,true,1,119264
7290012637483,false,צנצנת חליטת תה לואיז,General,IL,צנצנת חליטת תה לואיז,גרמים,80.00,100 גרם,false,,34.90,0.4362,true,1,119265
7290012637582,false,תה ירוק יסמין,,,תה ירוק יסמין,גרמים,80.00,100 גרם,false,,34.90,0.4362,true,1,165200
7290012637599,false,תה קמומיל,,,תה קמומיל,גרמים,80.00,100 גרם,false,,34.90,0.4362,true,1,165202
7290012642807,false,פלפלים ירוקים חריפים כבושים שלמים,תומר,,פלפלים ירוקים חריפים,גרמים,540.00,100 גרם,false,,9.90,0.0183,true,1,109522
7290012642852,false,פלפל אדום על האש 520 גר,,IL,תומר-פלפל אדום קלוי,גרמים,330.00,100 גרם,false,,9.90,0.0300,true,1,57226
7290012642876,false,פלפלונים מעורב צבעוני בחומץ חריף6X,יושלם,,תומר-פלפלונים מעורבי,גרמים,290.00,100 גרם,false,,9.90,0.0341,true,1,103333
7290012645020,false,"יוגורט עיזים טבעי חלב הארץ 500 מ""ל",חלב הארץ,IL,יוגורט עיזים טבעי 5,מיליליטרים,500.00,"100 מ""ל",false,,11.90,0.0238,true,1,50319
7290012645051,false,יוגורט עיזים בגביע 350 גרם,חלב הארץ,IL,יוגורט עיזים 350 גר,גרמים,350.00,100 גרם,false,,11.50,0.0329,true,1,116147
7290012645112,false,"יוגורט עיזים בדלי חלב הארץ 750מ""ל",מחלבות סוסיא,IL,יוגורט עיזים בדלי -,גרמים,750.00,100 גרם,false,,18.90,0.0252,true,1,97899
7290012645129,false,"יוגורט כבשים בדלי חלב הארץ 750מ""ל",מחלבות סוסיא,IL,יוגורט כבשים בדלי -ח,גרמים,750.00,100 גרם,false,,18.90,0.0252,true,1,97900
7290012645181,false,לאבנה עיזים 5% חלב הארץ 200 גרם,חלב הארץ,IL,לאבנה עיזים 5%,גרמים,200.00,100 גרם,false,,12.90,0.0645,true,1,133168
7290012645297,false,סוסיא יוגורט עיזים ביו 2.8% ט.טבעי 150מל,מחלבות סוסיא,IL,יוגורט מחלב עיזים,גרמים,150.00,100 גרם,false,,5.30,0.0353,true,1,66375
7290012645389,false,יוגורט עיזים טבעי חלב הארץ 1 ל',מחלבות סוסיא,IL,יוגורט עיזים טבעי 1,ליטרים,1.00,ליטר,false,,21.90,21.9000,true,1,54825
7290012665059,false,קובה למרק 400 גרם,"חמים וטעים בע""מ",IL,קובה למרק 400 גר,גרמים,400.00,100 גרם,false,,15.50,0.0388,true,1,68568
7290012697241,false,"סוכרזית מצמח הסטיוויה נוזל 220 מ""ל",אף.סי תבליני בגליל ב,IL,סוכרזית מצמח הסטיווי,יחידה,0.00,יחידה,false,,29.90,0.0000,true,1,53916
7290012697388,false,סוכרזית מצמח הסטיוויה כפית לכפית 100 גר,סוכרזית Sucrazit,IL,סוכרזית סטיוויה כפית,גרמים,100.00,100 גרם,false,,33.90,0.3390,true,1,53613
7290012724817,false,נענע יח בשקית,"מרינה פטריות הגליל בע""מ",IL,נענע בשקית,יחידה,0.00,יחידה,false,,3.90,0.0000,true,1,108959
7290012724824,false,שמיר יח בשקית,"מרינה פטריות הגליל בע""מ",IL,שמיר בשקית,יחידה,0.00,יחידה,false,,3.90,0.0000,true,1,108960
7290012724831,false,כוסברה יח בשקית,"מרינה פטריות הגליל בע""מ",IL,כוסברה בשקית,יחידה,0.00,יחידה,false,,3.90,0.0000,true,1,108961
7290012724848,false,פטרוזיליה יח בשקית,"מרינה פטריות הגליל בע""מ",IL,פטרוזליה בשקית,יחידה,0.00,יחידה,false,,3.90,0.0000,true,1,108962
7290012759031,false,ממה-חטיף אנרגיה בננה,ממה חטיפי אנרגיה,,ממה-חטיף אנרגיה בננה,גרמים,50.00,100 גרם,false,,7.50,0.1500,true,1,50479
7290012759475,false,חטיף אנרגיה קינואה א,ממה חטיפי אנרגיה,,חטיף קינואה אננס 30,גרמים,30.00,100 גרם,false,,6.90,0.2300,true,1,97320
7290012759673,false,חטיפי בראוניז חמאת ב,ממה חטיפי אנרגיה,IL,עוגיות בראוניז חמאת,גרמים,240.00,100 גרם,false,,24.90,0.1037,true,1,110004
7290012759727,false,חטיף בראוניז פקאן ופ,ממה חטיפי אנרגיה,IL,חטיף בראוניז 50 גר',גרמים,50.00,100 גרם,false,,7.90,0.1580,true,1,111709
7290012759789,false,טראפלס שוקולד פקאן,,IL,טראפלס שוקולד פקאן,גרמים,280.00,100 גרם,false,,31.90,0.1139,true,1,121878
7290012759949,false,מארז חטיף חלבון תמר,ממה,IL,חטיף אישי חלבון תמר,גרמים,50.00,100 גרם,false,,9.90,0.1980,true,1,119273
7290012759956,false,מארז חטיף חלבון תמר,ממה,IL,חטיף אישי חלבון תמר,גרמים,50.00,100 גרם,false,,9.90,0.1980,true,1,119274
7290012803055,false,סוכרלוז מרמולייט- 100שקיות אישיות,תות ממתקי איכות,IL,מרמולייט סוכרלוז 100,גרמים,100.00,100 גרם,false,,22.90,0.2290,true,1,39680
7290012803314,false,ממתיק על בסיס סוכרלוז - טבליות,מיוצר עי קונדיטוריית,IL,מרמולייט סוכרלוז 300,גרמים,246.00,100 גרם,false,,34.90,0.1419,true,1,42003
7290012803321,false,מרמולייט סוכרלוז 200 שקיות אישיות,מרמולייט,IL,מרמולייט סוכרלוז 200,גרמים,200.00,100 גרם,false,,36.90,0.1845,true,1,42004
7290012803451,false,שוקולד מריר מעולה 62% ללא תוספת סוכר,טוסו tusso,TR,טוסו שוקולד מריר מעו,גרמים,100.00,100 גרם,false,,12.90,0.1290,true,1,63134
7290012803765,false,שוקולד מריר ללא תוספת סוכר,אלטינמארקה גידה סאן,TR,טוסו שוקולד מריר 100,גרמים,100.00,100 גרם,false,,12.90,0.1290,true,1,53083
7290012803789,false,שוקולד מריר עם אגוזים ללא תוספת סוכר,האי נאם סי או אל.טי.,TR,טוסו שוקולד מריר עם,גרמים,100.00,100 גרם,false,,12.90,0.1290,true,1,53086
7290012803796,false,שוקולד חלב עם אגוזים ללא תוספת סוכר,אלטינמארקה גידה סאן,TR,טוסו שוקולד חלב עם א,גרמים,100.00,100 גרם,false,,12.90,0.1290,true,1,53087
7290012823374,false,מטליות לניקוי כללי אנטי קאלק,מיוצר עי קונדיטוריית,IL,מגבונים אנטי קאלק,יחידה,0.00,יחידה,false,,12.90,0.0000,true,1,44501
7290012823381,false,מרכך כביסה מקסימה סנסיטיב מרוכז ורוד 1 ל' סנו,"סנו מפעלי ברונוס בע""",IL,מרכך מרוכז סנסיטיב 1,ליטרים,1.00,ליטר,false,,16.90,16.9000,true,1,43687
7290012823398,false,מטליות חד פעמיות לניקוי הרצפה בניחוח מרכך כביסה 10יח' סנו,סנו מפעלי ברונו בעמ,IL,ריצפז מטליות לחות לנ,יחידה,0.00,יחידה,false,,12.90,0.0000,true,1,102492
7290012823541,false,סנו ריצפז פרש מטליות לחות לריצפה ענק,"סנו מפעלי ברונוס בע""",IL,מטליות ריצפז פרש,יחידה,0.00,יחידה,false,,12.90,0.0000,true,1,42908
7290012823558,false,סנו סושי מטליות לחות לריצפה ענק 10 יח,סנו מפעלי ברונוס בעמ,IL,מטליות לחות לריצפה ס,יחידה,0.00,יחידה,false,,11.90,0.0000,false,1,44020
7290012823565,false,מטליות ענק לחות 10 יח לרצפה עם כריות הגנ,דינאמיק תעשיות,IL,מטלית פוליוקס פרקט,יחידה,0.00,יחידה,false,,14.90,0.0000,true,1,45205
7290012823589,false,ריצפז פרש בניחוח לימון מרענן,סנו פרש Fresh,IL,ריצפז לימון 2 ליטר,ליטרים,2.00,ליטר,false,,17.90,8.9500,false,1,47159
7290012823602,false,נייר טואלט סופט סילק לבן 32 גלילים סנו,טרופיקל דגיל תעשיות,IL,נייר טואלט סופט סילק,גרמים,1950.00,100 גרם,false,,32.90,0.0169,false,1,47248
7290012823923,false,מרכך כביסה סופר מרוכז פרפיום גולדן סנרייז,סנו מפעלי ברונוס בעמ,IL,מרכך כביסה מרוכז פרפ,מיליליטרים,750.00,"100 מ""ל",false,,16.90,0.0225,true,1,45331
7290012823947,false,"סנו - מרכך כביסה מרוכז פרפיום קריסטל נואר 750 מ""ל",מיוצר עי קונדיטוריית,IL,מקסימה פרפיום מרכך כ,מיליליטרים,750.00,"100 מ""ל",false,,16.90,0.0225,true,1,45601
7290012871054,false,חיטה תפוחה מתוקה שלווה,מפעלי דגן,,דגן-חיטה מלאה תפוחה,גרמים,220.00,100 גרם,false,,6.50,0.0295,true,1,93292
7290012871061,false,חטיף תירס פופ מתוק ד,מפעלי דגן,IL,דגן תירס פופ מתוק 15,גרמים,150.00,100 גרם,false,,6.50,0.0433,true,1,92612
7290012871382,false,דגן שלווה מלאה תפוחה,מפעלי דגן,,דגן שלווה מלאה תפוחה,גרמים,150.00,100 גרם,false,,6.90,0.0460,true,1,112251
7290012871412,false,שלווה חיטה בציפוי קק,מפעלי דגן,,שלווה חיטה בציפוי קק,גרמים,200.00,100 גרם,false,,7.50,0.0375,true,1,164563
7290012871429,false,פצפוצי כוסמת קלוי בת,מפעלי דגן,,פצפוצי כוסמת קלוי בת,גרמים,200.00,100 גרם,false,,9.90,0.0495,true,1,112402
7290012871436,false,דגנים מלאים 5 תפוחים,מפעלי דגן,IL,דגן 5 דגנים מלאים דב,גרמים,220.00,100 גרם,false,,8.90,0.0405,true,1,92613
7290012884986,false,תפוגן ציפס לתנור עד 4% שומן 1.5 קג,"תעשיות תפוגן בע""מ",IL,צ'יפס לתנור 4% שומן,קילוגרמים,1.50,"ק""ג",false,,24.90,16.6000,true,1,60006
7290012901355,false,דודלס ארוחת אטריות עם גבינה 206 גרם,האי נאם סי או אל.טי.,US,פסטה גבינה לבן,גרמים,206.00,100 גרם,false,,10.90,0.0529,true,1,68591
7290012911088,false,"רוטב סויה בהירה 500 מ""ל",טעמי אסיה Taste of Asia,TH,רוטב סויה בהירה 500מ,יחידה,500.00,יחידה,false,,11.50,0.0230,true,1,44748
7290012911156,false,"רוטב טריאקי שומשום 300 מ""ל",טעמי אסיה Taste of Asia,TH,רוטב טריאקי שומשום,יחידה,300.00,יחידה,false,,11.00,0.0367,true,1,44579
7290012911187,false,מיסו בהיר-מחית פולי סויה,טעמי אסיה Taste of Asia,,מיסו בהיר,גרמים,500.00,100 גרם,false,,10.90,0.0218,true,1,45144
7290012911224,false,יין אורז סאקה,ningbo yimin,CN,"סאקה 750 מ""ל",יחידה,750.00,יחידה,false,,19.90,0.0265,true,1,43929
7290012911262,false,"מירין משובח 500 מ""ל",פוקולוקו,CN,"מירין 500 מ""ל",יחידה,500.00,יחידה,false,,17.90,0.0358,true,1,49884
7290012911293,false,דפי אורז ללא גלוטן 300 ג',טעמי אסיה Taste of Asia,VN,דפי אורז 300גר,גרמים,300.00,100 גרם,false,,11.90,0.0397,true,1,43707
7290012911415,false,ממרח קארי ירוק 400גר,קיי אר אס ספייסי פוד,TH,ממרח קארי ירוק 400גר,גרמים,400.00,100 גרם,false,,17.90,0.0447,true,1,50104
7290012911422,false,ממרח קארי אדום 400גר,טעמי אסיה Taste of Asia,TH,ממרח קארי אדום 400גר,גרמים,400.00,100 גרם,false,,17.90,0.0447,true,1,50105
7290012911439,false,ממרח קארי צהוב 400גר,טעמי אסיה Taste of Asia,TH,ממרח קארי צהוב 400גר,גרמים,400.00,100 גרם,false,,17.90,0.0447,true,1,50106
7290012911477,false,קרם קוקוס גולד 400 ג,טעמי אסיה Taste of Asia,TH,"קרם קוקוס 400 מ""ל",יחידה,400.00,יחידה,false,,7.90,0.0198,true,1,48373
7290012911583,false,רצועות דלעת כבושה-קנפיו,טעמי אסיה Taste of Asia,CN,קנפיו רצועות דלעת כב,גרמים,100.00,100 גרם,false,,8.90,0.0890,true,1,49885
7290012911644,false,רוטב סריראצ'ה- רוטב צ'ילי חריף,טעמי אסיה Taste of Asia,,סריראג'ה-צ'ילי חריף,גרמים,435.00,100 גרם,false,,23.90,0.0549,true,1,50229
7290012911651,false,"מקלוני אורז 10 מ""מ Rice stick",טעמי אסיה Taste of Asia,TH,"מקלוני אורז 10 מ""מ",גרמים,400.00,100 גרם,false,,8.90,0.0223,true,1,50796
7290012911675,false,פטריות שיטאקה מיובשות,טעמי אסיה Taste of Asia,IL,פטריות שטאקה 85 גר',גרמים,85.00,100 גרם,false,,17.90,0.2106,true,1,52083
7290012911729,false,ג'ינג'ר ורוד לסושי 250ג',טעמי אסיה Taste of Asia,CN,ג'נג'ר ורוד לסושי 25,גרמים,250.00,100 גרם,false,,7.90,0.0316,true,1,54354
7290012911804,false,"שמן שומשום כשר 150 מ""ל",טעמי אסיה Taste of Asia,SG,"שמן שומשום 150מ""ל",יחידה,150.00,יחידה,false,,13.90,0.0927,true,1,61138
7290012911866,false,דפי אורז מרובעים ללא,טעמי אסיה Taste of Asia,VN,"דפי אורז 22*22 ס""מ",גרמים,300.00,100 גרם,false,,11.90,0.0397,true,1,56161
7290012911941,false,רוטב צ'ילי מתוק ללא תוספת סוכר,טעמי אסיה Taste of Asia,TH,רוטב צ'ילי מתוק 700מ,מיליליטרים,700.00,"100 מ""ל",false,,14.00,0.0200,true,1,56422
7290012911965,false,ג'ינג'ר לסושי ללא צבע כשר 250ג',טעמי אסיה Taste of Asia,CN,ג'ינג'ר לסושי ללא צב,גרמים,150.00,100 גרם,false,,7.90,0.0527,true,1,59428
7290012921025,false,"בירה מלכה בהירה 330 מ""ל","בירה מלכה בע""מ",IL,בירה מלכה,מיליליטרים,330.00,"100 מ""ל",false,,13.90,0.0421,true,1,59103
7290012921032,false,"בירה מלכה אדמונית 330 מ""ל","איי, בי, אינבוו",IL,מלכה אדמונית בירה,מיליליטרים,330.00,"100 מ""ל",false,,13.90,0.0421,true,1,60352
7290012921049,false,בירה מלכה כהה בסגנון,"בירה מלכה בע""מ",IL,בירה מלכה כהה,מיליליטרים,330.00,"100 מ""ל",false,,13.90,0.0421,true,1,59104
7290012921056,false,מלכה בוטיק בירה חיטה,מבשלת בירה ישראלית,IL,בירה מלכה חיטה,מיליליטרים,330.00,"100 מ""ל",false,,13.90,0.0421,true,1,59105
7290012921070,false,"בירה מלכה אדמונית 750 מ""ל","בירה מלכה בע""מ",IL,בירה מלכה אדמונית,מיליליטרים,330.00,"100 מ""ל",false,,29.90,0.0906,true,1,118469
7290012921087,false,"בירה מלכה בהירה 750 מ""ל","בירה מלכה בע""מ",IL,בירה מלכה בהירה 750,מיליליטרים,750.00,"100 מ""ל",false,,29.90,0.0399,true,1,118470
7290012938405,false,דיימונד רדיד אלומיניום עבה במיוחד 7 מטר,ריינולדס,US,רדיד אלומיניום עבה ב,יחידה,0.00,יחידה,false,,21.90,0.0000,true,1,43657
7290012938580,false,"סנסודיין משחת שיניים להלבנה עדינה 75 מ""ל",גלקסוסמית'קליין קונס,GB,סנסודיין הלבנה עדינה,מיליליטרים,75.00,"100 מ""ל",false,,21.90,0.2920,true,1,49020
7290012938597,false,"סנסודיין משחת שיניים רפיד רליף 75 מ""ל","סמיתקליין ביצ'ם בע""מ",SK,סנסודיין רפיד רליף,גרמים,75.00,100 גרם,false,,25.90,0.3453,true,1,47219
7290012938740,false,"משחת שיניים פרש מינט מנטה 75מ""ל סנסודיין",גלקסו סמית קליין,GB,"סנסודיין מנטה 75 מ""ל",מיליליטרים,75.00,"100 מ""ל",false,,21.90,0.2920,true,1,55125
7290012938924,false,אקוהפרש מי פה ללא אלכוהול 500 מל,מולינו ניקולי s.p.a,GB,אקווה פרש מי פה 500,מיליליטרים,500.00,"100 מ""ל",false,,19.90,0.0398,true,1,56032
7290012962493,false,"אטב איטלקי מחוזק 36 יחידות ""הוסטס""",,,אטב איטלקי מחוזק,יחידה,0.00,יחידה,false,,10.90,0.0000,true,1,68380
7290012983153,false,סילאן טבעי בקבוק לחיץ תמר כנרת 400 גר,מנדלז סי.אר. פרודקשן,IL,סילאן טבעי לחיץ 400,גרמים,400.00,100 גרם,false,,15.90,0.0398,true,1,65047
7290012983160,false,סילאן בקבוק לחיץ 400 גרם,"חצר כנרת מוצרי תמר אגש""ח",IL,סילאן לחיץ 400 גרם,גרמים,400.00,100 גרם,false,,11.50,0.0288,true,1,91666
7290012996450,false,מרכך כביסה מרוכז פרחי אביב הפי 1 ליטר,יעקובי הפי,BE,מרכך מרוכז הפי,ליטרים,1.00,ליטר,false,,14.90,14.9000,true,1,44059
7290012996610,false,הפי טבליות לניקוי אסלה 400 ג',ג'נרל מילס סאן אדריא,DE,טבליות אסלה יעקבי,גרמים,400.00,100 גרם,false,,12.90,0.0323,true,1,46599
7290012996672,false,סבון אסלה + בושם ל24 שעות ביום הפי,יוליניבר,IT,סבון אסלה+בושם,יחידה,80.00,יחידה,false,,9.90,0.1238,true,1,47364
7290012996702,false,הפי ג'ל דוחה עש ומבשם לארון הבגדים,יעקבי - הפי Hepi,IT,שקיות בד רחניות לבגד,יחידה,0.00,יחידה,false,,10.90,0.0000,true,1,47252
7290013027399,false,לחם קמח מלא קל בתוספת שיפון 750 ג' אנג'ל,מאפיית שלמה א. אנג'ל,IL,לחם אנג'ל 100 בתוספת,גרמים,750.00,100 גרם,false,,15.90,0.0212,true,1,46462
7290013038432,false,מים מזוככים אקווה נובה,אקווה נובה Aqua Nova,IL,מים אקווה נובה 2ל,ליטרים,2.00,ליטר,false,,4.29,2.1450,true,1,146654
7290013083661,false,תרכובת מזון המשך לפעוטות שלב 1 Extra Care,מטרנה תעשיות ש.מ,IL,מטרנה אקסטרה קר שלב,גרמים,700.00,100 גרם,false,,59.90,0.0856,false,1,44991
7290013083678,false,תרכובת מזון המשך לפעוטות שלב 2 Extra Care,מולינו ניקולי s.p.a,IL,מטרנה אקסטרה קר שלב,גרמים,700.00,100 גרם,false,,59.90,0.0856,false,1,44992
7290013083685,false,תרכובת מזון המשך לפעוטות שלב 3 Extra Care,מטרנה תעשיות ש.מ,IL,מטרנה אקסטרה קר שלב,גרמים,700.00,100 גרם,false,,59.90,0.0856,false,1,44993
7290013083999,false,חול יורוקיטי קריסטלי 3.8 ל',קינדאו,CN,חול חתולים קריסטלי י,יחידה,3.80,יחידה,false,,32.90,8.6579,true,1,46670
7290013117212,false,בורקס פילו במילוי גבינה מעדנות 600 גר,מיוצר עי קונדיטוריית,IL,בורקס פילו מילוי גבי,גרמים,600.00,100 גרם,false,,19.90,0.0332,false,1,42494
7290013117229,false,"בורקס פילו במילוי תפו""א מעדנות 600 גר",מיוצר עי קונדיטוריית,IL,"בורקס פילו מילוי תפ""",גרמים,600.00,100 גרם,false,,19.90,0.0332,false,1,42495
7290013117236,false,בורקס פילו פיצה מעדנות 600 ג',מיוצר עי קונדיטוריית,IL,בורקס פילו פיצה מעדנ,גרמים,600.00,100 גרם,false,,19.90,0.0332,false,1,42496
7290013117243,false,בורקס פילו בולגרית מעדנות 600 ג',מיוצר עי קונדיטוריית,IL,בורקס פילו בולגרית מ,גרמים,600.00,100 גרם,false,,19.90,0.0332,false,1,42497
7290013117410,false,בצק פריך מרודד למאפים מתוקים 900 ג' מעדנות,מיוצר עי קונדיטוריית,IL,בצק פריך מתוק מעדנות,גרמים,900.00,100 גרם,false,,21.90,0.0243,false,1,47119
7290013117427,false,בצק פריך מרודד למאפים מלוחים 900 ג' מעדנות,מיוצר עי קונדיטוריית,IL,בצק פריך מלוח מעדנות,גרמים,900.00,100 גרם,false,,19.90,0.0221,false,1,47120
7290013117526,false,מעדנות בצק שמרים למאפים מתוקים 900 גרם,"מעדנות בע""מ",IL,בצק שמרים למאפים מתו,גרמים,900.00,100 גרם,false,,19.90,0.0221,false,1,48355
7290013121028,false,לחם לבן ללא גלוטן 500 גר קפוא,אביב קונדיטוריה מעול,IL,לחם לבן ללא גלוטן גר,יחידה,0.00,יחידה,false,,17.90,0.0000,true,1,59253
7290013121035,false,לחם פשתן ללא גלוטן 500 גר קפוא,אביב קונדיטוריה מעול,IL,גרין ליין-לחם פשתן,גרמים,500.00,100 גרם,false,,19.90,0.0398,true,1,59254
7290013121042,false,לחם איטלקי ללא גלוטן 500 גר קפוא,אביב קונדיטוריה מעול,IL,גרין לייט-לחם איטלקי,גרמים,500.00,100 גרם,false,,19.90,0.0398,true,1,60820
7290013121103,false,רביעיית שליש בגט ללא גלוטן 400 גר,אביב קונדיטוריה מעול,IL,רביעיית שליש בגט ללא,יחידה,0.00,יחידה,false,,17.90,0.0000,true,1,59255
7290013121110,false,רביעיית לחמניות בורגר ללא גלוטן 350 ג,אביב קונדיטוריה מעול,IL,גרין לייט-לחמניות בו,גרמים,350.00,100 גרם,false,,15.90,0.0454,true,1,60821
7290013121127,false,לחמניות מיני ללא גלוטן 420 גר קפוא,אביב קונדיטוריה מעול,IL,לחמניות מיני ללא גלו,יחידה,0.00,יחידה,false,,17.90,0.0000,true,1,59256
7290013121134,false,בייגל ללא גלוטן 430 גר קפוא,אביב קונדיטוריה מעול,IL,גרין ליין-בייגל אמרי,יחידה,0.00,יחידה,false,,19.90,0.0000,true,1,61791
7290013121158,false,רביעיית לחמניות סנדויץ 460 גר קפוא,אביב קונדיטוריה מעול,IL,גרין ליין-לחמניות רב,גרמים,460.00,100 גרם,false,,17.90,0.0389,true,1,59257
7290013121165,false,שישיית לחמניות ללא גלוטן 460 גר קפוא,אביב קונדיטוריה מעול,IL,שישיות לחמניות נקניק,יחידה,0.00,יחידה,false,,17.90,0.0000,true,1,59258
7290013121189,false,לחמניות כפריות רביעי,,,לחמניות כפריות רביעי,גרמים,400.00,100 גרם,false,,24.90,0.0622,true,1,168660
7290013121684,false,כדורי שוקולד ללא גלוטן 400 גר,אביב קונדיטוריה מעול,IL,כדורי שוקולד,גרמים,500.00,100 גרם,false,,23.90,0.0478,true,1,61339
7290013121691,false,שלישיית לאפות ללא גלוטן 240 גר,"גרין לייט פוד בע""מ",IL,שלישיית לאפות גרין ל,יחידה,0.00,יחידה,false,,15.90,0.0000,true,1,109324
7290013121769,false,רביעיית שליש באגט ללא תוספת סוכר וללא גלוטן,אביב קונדיטוריה מעול,IL,גרין ליין-לחמניות רב,גרמים,400.00,100 גרם,false,,17.90,0.0447,true,1,62927
7290013121776,false,לחם כפרי ללא תוספת סוכר וללא גלוטן,אביב קונדיטוריה מעול,IL,לחם כפרי ללא גלוטן ג,יחידה,0.00,יחידה,false,,21.90,0.0000,true,1,59259
7290013144171,false,תערובת עוגת שוקולד מימונס 560 ג',מיוצר עי קונדיטוריית,IL,תערובת עוגת שוקולד,יחידה,0.00,יחידה,false,,17.50,0.0000,true,1,102887
7290013144195,false,תערובת כדורי שוקולד מימונס 500 ג',מיוצר עי קונדיטוריית,IL,תערובת כדורי שוקולד,יחידה,0.00,יחידה,false,,17.50,0.0000,true,1,102888
7290013144232,false,פודינג בטעם וניל מימונס 80 ג',מיוצר עי קונדיטוריית,IL,פודינג וניל 80 גר',גרמים,80.00,100 גרם,false,,5.60,0.0700,true,1,102889
7290013144270,false,מימונס קרם פטיסייר 100 גםר,מיוצר עי קונדיטוריית,IL,קרם פטיסייר 100 גר',גרמים,100.00,100 גרם,false,,10.60,0.1060,true,1,102891
7290013144317,false,גלילית וופל למילוי מימונס 18 יח',הגביע מוצרי וופלים ב,IL,ג'וני גלילית וופל למ,יחידה,0.00,יחידה,false,,21.90,0.0000,true,1,102899
7290013144393,false,"תמצית בטעם וניל מימונס 50 מ""ל",מיוצר עי קונדיטוריית,IL,תמצית אפיה בטעם וניל,מיליליטרים,50.00,"100 מ""ל",false,,4.90,0.0980,true,1,102901
7290013144409,false,"תמצית בטעם רום מימונס 50 מ""ל",מיוצר עי קונדיטוריית,IL,תמצית אפיה בטעם רום,מיליליטרים,50.00,"100 מ""ל",false,,4.90,0.0980,true,1,102902
7290013144416,false,"תמצית בטעם שקדים מימונס 50 מ""ל",מיוצר עי קונדיטוריית,IL,תמצית אפיה בטעם שקדי,מיליליטרים,50.00,"100 מ""ל",false,,4.90,0.0980,true,1,102903
7290013144522,false,צבע מאכל ירוק מימונס 50 ג',מיוצר עי קונדיטוריית,IL,צבע מאכל ירוק,גרמים,50.00,100 גרם,false,,4.00,0.0800,true,1,102905
7290013144539,false,צבע מאכל אדום מימונס 50 ג',מיוצר עי קונדיטוריית,IL,צבע מאכל אדום,גרמים,50.00,100 גרם,false,,4.00,0.0800,true,1,102906
7290013144614,false,"סירופ מייפל אמיתי 100% מימונס 236 מ""ל",הנסיך- מפעל לייצור ט,CA,סירופ מייפל אמיתי 10,יחידה,0.00,יחידה,false,,29.90,0.0000,true,1,102908
7290013144751,false,מימונס סירופ בטעם מייפל 500 מל,מימונס אפייה,IL,סירופ בטעם מייפל 500,גרמים,500.00,100 גרם,false,,13.90,0.0278,true,1,102909
7290013144805,false,אבקת אייס קפה דיאט 320 גרם מימונס,מימונס אפייה,IL,אייס קפה דיאט 245 גר,גרמים,245.00,100 גרם,false,,19.90,0.0812,true,1,167529
7290013144911,false,מימונס מיקס שוקולד צ'יפס מריר וחלב 250 גרם,מימונס אפייה,IL,מיקס שוקולד צ'יפס מר,גרמים,250.00,100 גרם,false,,14.90,0.0596,true,1,167638
7290013145017,false,אגוז מלך קלוף מימונס 100 גר',מימונס אפייה,IL,אגוז מלך קלוף 100 גר,גרמים,100.00,100 גרם,false,,12.90,0.1290,true,1,104801
7290013145024,false,אגוז מלך טחון מימונס 100 ג',מימונס אפייה,IL,אגוז מלך טחון,יחידה,0.00,יחידה,false,,13.90,0.0000,true,1,102917
7290013145031,false,אגוזי לוז מסוכרים מימונס 100 ג',מיוצר עי קונדיטוריית,IL,אגוזי לוז מסוכרים 10,גרמים,100.00,100 גרם,false,,14.90,0.1490,true,1,104229
7290013145048,false,צנוברים מימונס 100 ג',מימונס,,צנוברים 100 גר',גרמים,100.00,100 גרם,false,,27.90,0.2790,true,1,103664
7290013145055,false,פרג שלם מימונס 100 גר',מימונס אפייה,IL,פרג שלם,יחידה,0.00,יחידה,false,,6.50,0.0000,true,1,102918
7290013145093,false,שקד מולבן גרוס מימונס 100 גר',מימונס אפייה,IL,שקד מולבן גרוס 100 ג,גרמים,100.00,100 גרם,false,,13.90,0.1390,true,1,105398
7290013145109,false,שקד מולבן טחון מימונס 100 גר',מימונס אפייה,IL,שקד מולבן טחון,יחידה,0.00,יחידה,false,,13.90,0.0000,true,1,102919
7290013145116,false,שקד מולבן מקלות מימונס 100 גר',מימונס אפייה,IL,שקד מולבן מקלות,יחידה,0.00,יחידה,false,,13.90,0.0000,true,1,102920
7290013145123,false,שקד מולבן פרוס מימונס 100 גר',מימונס אפייה,IL,שקד מולבן פרוס 100 ג,גרמים,100.00,100 גרם,false,,13.90,0.1390,true,1,103665
7290013145161,false,פקאן מסוכר מימונס 100 ג',מימונס אפייה,IL,פקאן מסוכר 100 גר',גרמים,100.00,100 גרם,false,,16.90,0.1690,true,1,103371
7290013145178,false,קוקוס טחון לבן מימונס 100 ג',מימונס אפייה,IL,קוקוס טחון לבן 100 ג,גרמים,100.00,100 גרם,false,,4.70,0.0470,true,1,105928
7290013145192,false,שומשום מימונס 100 ג',מימונס אפייה,IL,שומשום 100 גר',גרמים,100.00,100 גרם,false,,5.50,0.0550,true,1,105929
7290013145246,false,גרעין חמניות מקולף 100 גרם,מימונס אפייה,IL,גרעין חמנייה קלוף,יחידה,0.00,יחידה,false,,5.50,0.0000,true,1,104805
7290013145390,false,מימונס שוקולד צ'יפס מהדרין 250 גר,אינטרגטה תעשיות מזון,IL,שוקולד צ'יפס 250 גר',גרמים,250.00,100 גרם,false,,8.90,0.0356,true,1,102921
7290013145406,false,שוקולד צ'יפס לבן מימונס 250 גר',אינטרגטה תעשיות מזון,IL,שוקולד צ'יפס לבן 250,גרמים,250.00,100 גרם,false,,8.90,0.0356,true,1,102922
7290013145437,false,שוקולד מריר מעולה ציפס מימונס 250 ג',הנסיך- מפעל לייצור ט,IL,שוקולד צ'יפס אמיתי 4,גרמים,250.00,100 גרם,false,,14.50,0.0580,true,1,110392
7290013145451,false,אבקת קקאו מימונס 150 ג',מיוצר עי קונדיטוריית,IL,קקאו דל שומן 150 גר',גרמים,150.00,100 גרם,false,,8.90,0.0593,true,1,103175
7290013145567,false,מיני מיני עדשים מימונס 90 ג',מיוצר עי קונדיטוריית,IL,סוכריות מיני מיני עד,גרמים,90.00,100 גרם,false,,10.90,0.1211,true,1,103352
7290013145628,false,סוכריות צבעוניות לקישוט מימונס 200 ג',א.ל ייצור ושיווק תבל,IL,סוכריות צבעוניות לקי,גרמים,200.00,100 גרם,false,,8.90,0.0445,true,1,102923
7290013145710,false,דובדבנים מסוכרים מימונס 100 ג',מיוצר עי קונדיטוריית,IL,דובדבנים מסוכרים,יחידה,0.00,יחידה,false,,8.90,0.0000,true,1,102924
7290013145840,false,סוכר וניל מימונס 10* 10 ג',מיוצר עי קונדיטוריית,IL,סוכר וניל 10 יח' בצל,יחידה,0.00,יחידה,false,,2.50,0.0000,true,1,102925
7290013145857,false,מימונס אבקת אפיה 10* 10ג',מימונס אפייה,IL,אבקת אפיה 10 יח' בצל,יחידה,0.00,יחידה,false,,2.50,0.0000,true,1,102926
7290013145864,false,ג'לטין טהור מימונס 28 ג',א.ל ייצור ושיווק תבל,IL,ג'לטין טהור אבקה,גרמים,28.00,100 גרם,false,,11.90,0.4250,true,1,102927
7290013145901,false,סודה לשתיה מימונס 100 ג',מימונס אפייה,IL,סודה לשתיה 100 גר',גרמים,100.00,100 גרם,false,,1.90,0.0190,true,1,105930
7290013145918,false,אבקת סוכר מימונס 100 גר',א.ל. ייצור ושיווק תב,IL,אבקת סוכר 100 גר',גרמים,100.00,100 גרם,false,,1.90,0.0190,true,1,103353
7290013145949,false,אבקת סוכר באריזת פטנט 250גר,מיוצר עי קונדיטוריית,IL,אבקת סוכר בפלסטיק,גרמים,250.00,100 גרם,false,,15.90,0.0636,true,1,102928
7290013145956,false,שמרים יבשים בוואקום מימונס 500 ג',הנסיך- מפעל לייצור ט,CN,שמרים יבשים בוואקום,גרמים,500.00,100 גרם,false,,14.90,0.0298,true,1,102929
7290013145963,false,שמרים יבשים בוואקום מימונוס 125 ג',מימונס אפייה,CN,שמרים יבשים 125 גר',גרמים,125.00,100 גרם,false,,5.90,0.0472,true,1,104806
7290013145970,false,קורנפלור מימונס בשקית 200 ג',א.ל ייצור ושיווק תבל,IL,קורנפלור בשקית 200 ג,גרמים,200.00,100 גרם,false,,3.90,0.0195,true,1,103313
7290013146199,false,מלית קרם נוגט 350 גרם מימונס,הנסיך- מפעל לייצור ט,IL,קרם נוגט 350 גר',גרמים,350.00,100 גרם,false,,14.90,0.0426,true,1,110839
7290013146403,false,סירופ בטעם קרמל מלוח מימונס 500 גרם,מימונס אפייה,IL,מימונס סירופ בטעם קר,גרמים,500.00,100 גרם,false,,15.90,0.0318,true,1,112756
7290013146656,false,כוכבים תכלת ירוק לבן לקישוט 60 גרם,"מימונס אפיה בע""מ",IL,כוכבים תכלת ירוק לבן,גרמים,60.00,100 גרם,false,,11.90,0.1983,true,1,116509
7290013146663,false,סוכריות קונפטי לקישוט מימונס 55 ג',"מימונס אפיה בע""מ",IL,אטריות צבעוניות לקיש,גרמים,55.00,100 גרם,false,,11.90,0.2164,true,1,116510
7290013146670,false,סוכריות לב סגול ורוד לבן לקישוט 60 גרם,"מימונס אפיה בע""מ",IL,סוכריות לב סגול ורוד,גרמים,60.00,100 גרם,false,,11.90,0.1983,true,1,116511
7290013146724,false,אבקת אייס קפה 350 גרם מימונס,מימונס אפייה,IL,אייס קפה 350 גר' מימ,גרמים,350.00,100 גרם,false,,16.90,0.0483,true,1,164548
7290013151575,false,ערמונים 100 גר',,,ערמונים 100 גר',גרמים,100.00,100 גרם,false,,5.50,0.0550,true,1,118777
7290013151636,false,פילה סרדין בשמן זית,יוניון דה פחריס,,פילה סרדין בשמן זית,גרמים,90.00,100 גרם,false,,9.90,0.1100,true,1,96537
7290013153418,false,פריגת סחוט לימונענע 1ל',פריגת מצוננים,IL,פריגת סחוט לימונענע,ליטרים,1.00,ליטר,false,,16.00,16.0000,true,1,93227
7290013153579,false,משקה בטעם אפרסק מרוכז קפוא,פריגת מצוננים,IL,פריגת אפרסק קפוא 350,גרמים,350.00,100 גרם,false,,12.90,0.0369,true,1,100806
7290013181015,false,"צלחות עגולות עלי דקל קוטר 25 ס""מ",תבניכל,,צלחות עגולות גדולות,יחידה,0.00,יחידה,false,,12.90,0.0000,true,1,52471
7290013181060,false,צלחת עגולה קטנה,,,צלחת עגולה קטנה,יחידה,0.00,יחידה,false,,7.90,0.0000,true,1,109184
7290013181121,false,כפיות מעץ,,,כפיות מעץ,יחידה,0.00,יחידה,false,,9.90,0.0000,true,1,52475
7290013181206,false,"צלחות מרובעות עלי דקל 25*25 ס""מ",תבניכל,,צלחת מרובעת גדולה,יחידה,0.00,יחידה,false,,12.90,0.0000,true,1,52477
7290013181251,false,כפות מעץ מתכלה - מארז 25 יח',תבניכל,,"כפות מעץ לבנה 20 ס""מ",יחידה,0.00,יחידה,false,,9.90,0.0000,true,1,65710
7290013181268,false,סכינים מעץ מתכלה - מארז 25 יח',תבניכל,,סכינים מעץ,יחידה,0.00,יחידה,false,,9.90,0.0000,true,1,66012
7290013181367,false,צלחת חד פעמית מלבנית אקולוגי מתכלה 10 יח,,,צלחת מלבנית גדולה 24,יחידה,0.00,יחידה,false,,17.90,0.0000,true,1,101610
7290013181398,false,מגש הגשה אובאלי עלי,,,מגש הגשה אובלי 3 יח',יחידה,0.00,יחידה,false,,11.90,0.0000,true,1,105230
7290013181442,false,קערת הגשה עמוקה עלי,,,קערת הגשה עמוקה עלי,יחידה,0.00,יחידה,false,,11.90,0.0000,true,1,108531
7290013185006,false,לחם בריאות משהו משהו,,,לחם בריאות משהו משהו,גרמים,700.00,100 גרם,false,,13.90,0.0199,true,1,117815
7290013185914,false,לחם בריאות מחמצת כוס,מאפיית רפאל,IL,לחם בריאות מחמצת כוס,גרמים,600.00,100 גרם,false,,16.90,0.0282,true,1,164347
7290013267665,false,מאגדת מיני סולרו פירות טרופי 6 יח' 354 ג',"מיוצר ע""י גלידת שטרא",IL,מאגדת מיני סולרו פיר,גרמים,354.00,100 גרם,false,,25.90,0.0732,true,1,52074
7290013268020,false,סנו - מקסימה מרכך כביסה מרוכז אולטרה פרש 1 ליטר,"סנו מפעלי ברונוס בע""",IL,מרכך מרוכז א. פרש 1ל,ליטרים,1.00,ליטר,false,,16.90,16.9000,true,1,44378
7290013268037,false,סנו מקסימה מרכך כביסה פצ''ולי מרוכז סגול 1 ל',"איי, בי, אינבוו",IL,מרכך כביסה מרוכז פצ',ליטרים,1.00,ליטר,false,,16.90,16.9000,true,1,43876
7290013268242,false,תרכיז ריחני לניקוי רצפות בריח מלון מפנק ריצפז פרש,"סנו מפעלו ברונוס בע""",IL,ריצפז פרש הום מלון מ,ליטרים,2.00,ליטר,false,,21.90,10.9500,false,1,114199
7290013268372,false,פוליויקס פרקט בתוספת שמן אורגן 2 ל',סנו פוליויקס,IL,פוליווקס פרקט בתוספת,ליטרים,2.00,ליטר,false,,19.90,9.9500,true,1,117830
7290013268563,false,"קרמה - דאודורנט ספריי לגבר ללא אלומיניום כחול קול 200 מ""ל",מיוצר עי אמיליה קוסמ,IL,דאודורנט ספריי קרמה,מיליליטרים,200.00,"100 מ""ל",false,,14.90,0.0745,true,1,51317
7290013268839,false,סנו פוליויקס פרקט בריח מלון חלומי,סנו פוליויקס,IL,פוליויקס פרקט בניחוח,ליטרים,2.00,ליטר,false,,19.90,9.9500,true,1,106510
7290013268891,false,מסיר כתמים ג'ל אוקסיג'ן ללא אקונומיקה,"סנו מפעלי ברונוס בע""",IL,ג'ל אוקסיג'ן 3 ליטר,ליטרים,3.00,ליטר,false,,29.90,9.9667,true,1,50463
7290013268907,false,ג'ל כביסה ביו בטמפרטורות נמוכות,"סנו מפעלי ברונוס בע""",IL,ג'ל כביסה ביו 3 ליטר,ליטרים,3.00,ליטר,false,,31.90,10.6333,true,1,47158
7290013268914,false,סנו מקסימה ג'ל כביסה סמארט 3 ל',סנו מקסימה,IL,ג'ל כביסה 3 ליטר סמא,ליטרים,3.00,ליטר,false,,31.90,10.6333,true,1,102963
7290013268983,false,מרכך כביסה סופר מרוכז בבישום עוצמתי סנו מקסימה 1 ל',"סנו מפעלי ברונוס בע""",IL,מרכך מרוכז 1 ליטר JO,ליטרים,1.00,ליטר,false,,16.90,16.9000,false,1,123347
7290013268990,false,סנו - מקסימה מרכך כביסה מרוכז ביו 1 ליטר,"סנו מפעלי ברונוס בע""",IL,מרכך מרוכז מקסימה 1,ליטרים,1.00,ליטר,false,,16.90,16.9000,true,1,47163
7290013269003,false,מרכך כביסה סופר מרוכז בייבי לתינוקות ולעור רגיש,"סנו מפעלי ברונוס בע""",IL,מרכך מרוכז מקסימה בי,ליטרים,1.00,ליטר,false,,18.90,18.9000,true,1,47164
7290013269096,false,מטליות לחות לטיפול במוצרי עור,מיוצר עי קונדיטוריית,IL,מטליות לניקוי עור,יחידה,0.00,יחידה,false,,14.90,0.0000,true,1,61795
7290013269157,false,"מרכך ומבשם מקסימה למייבש לבנדר 750 מ""ל סנו",סנו מקסימה,,מקסימה למייבש לבנדר,מיליליטרים,750.00,"100 מ""ל",false,,19.90,0.0265,true,1,49415
7290013269263,false,ג'ל כביסה מרוכז מקסימה בבישום קריסטל נואר,סנו מפעלי ברונוס בעמ,IL,ג'ל כביסה קריסטל 3 ל,ליטרים,3.00,ליטר,false,,31.90,10.6333,true,1,50594
7290013269287,false,סנו - מקסימה ג'ל כביסה מרוכז מאסק 3 ליטר,"סנו מפעלי ברונוס בע""",IL,ג'ל כביסה מאסק 3 ליט,ליטרים,3.00,ליטר,false,,31.90,10.6333,true,1,52262
7290013269638,false,ספוג הפלא אקסטרה Extra- מארז 6 יח',החברה הדרומית,IL,ספוג הפלא EXTRA,יחידה,0.00,יחידה,false,,12.90,0.0000,true,1,58930
7290013269645,false,מטליות לחות לניקוי הרצפה בניחוח מאסק ריצפז פרש,סנו מפעלי ברונוס בעמ,IL,מטליות רצפז פרש,יחידה,0.00,יחידה,false,,12.90,0.0000,true,1,60386
7290013269652,false,פולייויקס גרניט פורצלן בניתוח מאסק 2 ל',סנו פוליויקס,IL,פוליווקס פורצלן מסק,ליטרים,2.00,ליטר,false,,19.90,9.9500,true,1,53877
7290013269669,false,ריצפז בניחוח פנטזיה לניקוי הרצפה,"סנו מפעלי ברונוס בע""",IL,ריצפז פנטזיה 3 ליטר,ליטרים,3.00,ליטר,false,,12.90,4.3000,true,1,53878
7290013269690,false,סנובון ג'ל לניקוי האסלה בניחוח לימון,Nicolas polandמשווק,PL,ג'ל אסלה סנובון לימו,מיליליטרים,55.00,"100 מ""ל",false,,7.90,0.1436,true,1,53345
7290013269751,false,מטליות לחותריצפז פרש לניקוי ריצפה בניחות מלון בוטיק 10 יח' סנו,טרופיקל דגיל תעשיות,IL,ריצפז מטליות לחות לנ,יחידה,0.00,יחידה,false,,12.90,0.0000,true,1,108927
7290013269850,false,סנו - סושי נייר אפיה אקולוגי 50 יח',מולינו ניקולי s.p.a,IL,סושי נייר אפיה 50 יח,יחידה,0.00,יחידה,false,,14.90,0.0000,true,1,48504
7290013276124,false,"בירה נגב אמבר אייל 330 מ""ל","איי, בי, אינבוו",IL,נגב אמבר אייל בירה,מיליליטרים,330.00,"100 מ""ל",false,,13.90,0.0421,true,1,93045
7290013284310,false,רוטב פסטה לילדים 240 גרם פריניר,פריניר ( הדס 1987) ב,IL,רוטב פסטה לילדים,גרמים,240.00,100 גרם,false,,4.60,0.0192,true,1,68008
7290013310675,false,מטלית הפלא לרצפות שלישיה UNISUN 50X80,,,מטלית הפלא לרצפות של,יחידה,0.00,יחידה,false,,19.90,0.0000,true,1,94506
7290013358356,false,מאסטר שף פירורי לחם מוזהבים 320 גרם,מנה י.א בעמ,IL,מנה פירורי לחם מוזהב,גרמים,350.00,100 גרם,false,,6.90,0.0197,true,1,54082
7290013358363,false,פירורי לחם פנקו מזוהבים מאסטר שף מנה 300 ג',קריניציה ויטמינה אס,IL,פירורי לחם פנקו מוזה,גרמים,300.00,100 גרם,false,,9.90,0.0330,true,1,54083
7290013358370,false,פירורי לחם פנקו מוזהבים שום 300 גרם מנה,"מיוצר ע""י מנה י.א בע",IL,פרורי לחם פנקו בטעם,גרמים,300.00,100 גרם,false,,9.90,0.0330,true,1,54084
7290013358417,false,מנה אסייאתי רוטב טריאקי 300 מל מאסטר שף,קריניציה ויטמינה אס,TH,רוטב טריאקי מנה,מיליליטרים,300.00,"100 מ""ל",false,,9.90,0.0330,true,1,90792
7290013358431,false,מאסטר שף קרוטונים לסלט עגבניות ובזיליקום,עינת תעשיות מזון אגו,IL,מנה קרוטונים לסלט בת,גרמים,200.00,100 גרם,false,,12.90,0.0645,true,1,61401
7290013358462,false,"מיני קרוטונים למרק בתיבול שום, בצל ופטרוזיליה","עינת תעשיות מזון, אג",IL,מיני קרוטונים למרק ש,גרמים,350.00,100 גרם,false,,18.90,0.0540,true,1,61404
7290013358486,false,מאסטר שף פירורי לחם ללא צורך בביצה 300 ג,"מיוצר ע""י מנה י.א בע",IL,פירורי לחם מנה ללא ב,גרמים,300.00,100 גרם,false,,7.90,0.0263,true,1,67112
7290013358509,false,"מיקסלט גרעינים, קטניות ואגוזים",בטר אנד דיפרנט,IL,מנה מיקס סלט 200גר,גרמים,200.00,100 גרם,false,,14.90,0.0745,true,1,65997
7290013358516,false,"מיקסלט חמוציות, גרעינים, קטניות ואגוזים",המאפיה של הרמן,IL,מנה מיקסלט עם חמוציו,גרמים,200.00,100 גרם,false,,14.90,0.0745,true,1,65998
7290013358523,false,מאסטר שף שבבי בצל מטוגן 150 גרם,קריניציה ויטמינה אס,NL,שבבי בצל מנה,גרמים,150.00,100 גרם,false,,12.90,0.0860,true,1,66777
7290013358530,false,מאסטר שף אסייאתי רוטב צ'ילי מתוק 700 מל,קריניציה ויטמינה אס,TH,רוטב צ'ילי מתוק מנה,מיליליטרים,700.00,"100 מ""ל",false,,12.90,0.0184,true,1,90646
7290013358547,false,מאסטר שף אסייאתי רוטב צ'ילי חריף 700 מל,קי.אר.אס. ספייסי פוד,TH,רוטב צ'ילי חריף מנה,מיליליטרים,700.00,"100 מ""ל",false,,12.90,0.0184,true,1,90731
7290013358578,false,מנה אסייאתי אטריות אורז רחבות 400 ג מ.שף,ליינג טונג רייס פלוו,TH,איטריות אורז רחבות מ,גרמים,400.00,100 גרם,false,,7.90,0.0198,true,1,90732
7290013358585,false,מנה אסייאתי נודלס ביצים להקפצה 400 מ.שף,הנסיך- מפעל לייצור ט,CN,נודלס ביצים להקפצה מ,גרמים,400.00,100 גרם,false,,7.90,0.0198,true,1,91085
7290013358806,false,פריכיות אורז מאורז חום מלא עם מלח,מנה Mana,IL,מאגדת פרכיות עם מלח,גרמים,264.00,100 גרם,false,,12.90,0.0489,true,1,62956
7290013358837,false,מנה מאגדת פריכיות אורז ללא מלח 264 גר,Mana,,מאגדת פריכיות אורז ל,גרמים,264.00,100 גרם,false,,12.90,0.0489,true,1,100883
7290013361981,false,צ'יפס קפוא חתוך פרי הגליל,"פרי הגליל בע""""מ",IL,"צ'יפס 2 ק""ג פרי גליל",קילוגרמים,2.00,"ק""ג",false,,21.90,10.9500,true,1,65606
7290013361998,false,"סטייק צ'יפס 2 ק""ג פרי הגליל","פרי הגליל בע""""מ",IL,"סטייק צ'יפס 2 ק""ג פר",קילוגרמים,2.00,"ק""ג",false,,21.90,10.9500,true,1,65607
7290013366047,false,כרובית פיורטי (כרובית+ברוקולי),כרמלים,IL,כרובית פיורטי 500 גר,גרמים,500.00,100 גרם,false,,21.90,0.0438,true,1,114413
7290013366085,false,תירס סופר סוויט ארוז,כרמל יבולים,IL,תירס מקולף מתוק במיו,יחידה,0.00,יחידה,false,,19.90,0.0000,true,1,91856
7290013366108,false,אספרגוס בשקית יחידה,כרמל יבולים,IL,אספרגוס 400 גר' כרמל,גרמים,400.00,100 גרם,false,,32.90,0.0822,true,1,108795
7290013366153,false,ברוקומיני 300 גרם,,,ברוקומיני 300 גר',גרמים,300.00,100 גרם,false,,22.90,0.0763,true,1,117140
7290013366221,false,נבטי חמנייה כרמל יבו,שחף שיווק,IL,נבטי חמניה,יחידה,0.00,יחידה,false,,9.50,0.0000,true,1,42828
7290013366252,false,נבטוטי קטניות כרמל י,כרמלים,IL,נבטוטי קטניות כרמל י,יחידה,0.00,יחידה,false,,8.90,0.0000,true,1,43674
7290013366634,false,כרמל יבולים חסה סלנו,שמיניית מעדן חלב שוק,IL,חסה SALANOVA,יחידה,0.00,יחידה,false,,12.90,0.0000,true,1,42914
7290013366641,false,רוקלה כרמל יבולים,שמן שאן,IL,רוקלה כרמל יבולים,יחידה,0.00,יחידה,false,,12.90,0.0000,true,1,45759
7290013366658,false,חסה סלנובה עלים חתוך,כרמל יבולים,IL,עלי חסה סלנובה,יחידה,0.00,יחידה,false,,12.90,0.0000,true,1,46635
7290013366665,false,חסה גמביט קראנצ'ית ב,,,חסה גמביט,יחידה,0.00,יחידה,false,,12.90,0.0000,true,1,162909
7290013366719,false,פאק צ'וי כרמל יבולם,חקלאי,IL,פאק צ'וי כרמל יבולם,יחידה,0.00,יחידה,false,,12.90,0.0000,true,1,67715
7290013366726,false,עלי קייל שחור,"שניב תעשיות נייר בע""",IL,עלי קייל,גרמים,260.00,100 גרם,false,,13.50,0.0519,true,1,64145
7290013381088,false,עמבה הודית נאמן 500 גר',נאמן,IL,עמבה הודית,גרמים,500.00,100 גרם,false,,9.90,0.0198,true,1,116415
7290013381323,false,לימונלה מיץ לימון,נאמן,,מיץ לימון 1 ליטר,ליטרים,1.00,ליטר,false,,16.00,16.0000,true,1,60642
7290013381361,false,שטחון לציפוי ואחסנה צבעוני,אלפא Alfa,,משטח לציפוי ואחסנה,יחידה,0.00,יחידה,false,,8.90,0.0000,true,1,53049
7290013381576,false,רוזטה תרכיז שקדים 1 ליטר,,,תרכיז שקדים רוזטה 1,ליטרים,1.00,ליטר,false,,19.90,19.9000,true,1,54393
7290013381675,false,"סירופ למלבי נאמן 750מ""ל",,,סירופ מלבי 750 מל,מיליליטרים,750.00,"100 מ""ל",false,,17.90,0.0239,true,1,63396
7290013382382,false,קומקום נירוסטה נשלף.,,,קומקום נירוסטה נשלף,יחידה,0.00,יחידה,false,,79.90,0.0000,true,1,119597
7290013389114,false,"ניוקי לה פסטה תפו""א תומר 500 ג'",לה פסטה La' Pasta,,"לה פסטה ניוקי תפו""א",גרמים,500.00,100 גרם,false,,6.90,0.0138,true,1,94062
7290013430083,false,"בירה אלכסנדר בלונד בקבוק 330 מ""ל",מנדלז סי.אר. פרודקשן,IL,אלכסנדר-BLOND בירה,מיליליטרים,330.00,"100 מ""ל",false,,12.90,0.0391,true,1,50260
7290013430090,false,בירה אלכסנדר אמברה AMBREE בירה ישראלית,מנדלז סי.אר. פרודקשן,IL,אלכסנדר-AMBREE בירה,מיליליטרים,330.00,"100 מ""ל",false,,12.90,0.0391,true,1,50261
7290013440648,false,מאגדת קרחוני אבטיח 5 יח' נסטלה,גלידות נסטלה (נגה גל,IL,מאגדת קרחוני אבטיח 5,גרמים,540.00,100 גרם,false,,22.90,0.0424,true,1,52094
7290013442062,false,יוגורט עדין קטיפתי 6,מוטק'ה החולב,,יוגורט עדין קטיפתי,מיליליטרים,650.00,"100 מ""ל",false,,21.00,0.0323,false,1,45832
7290013442246,false,לבנה 9% מוטקה החולב,מוטק'ה החולב,IL,לבנה 9% מוטקה החולב,גרמים,280.00,100 גרם,false,,17.90,0.0639,false,1,166545
7290013442253,false,צפתית 16% מוטקה חולב,מוטק'ה החולב,IL,צפתית 16% מוטקה חולב,גרמים,250.00,100 גרם,false,,22.90,0.0916,false,1,166546
7290013442260,false,גבינה צפתית קצח כבשי,מוטק'ה החולב,IL,צפתית קצח 16% מוטקה,גרמים,250.00,100 גרם,false,,22.90,0.0916,false,1,166547
7290013442277,false,גבינה בסגנון פטה יוו,מוטק'ה החולב,IL,פטה 26% מוטקה החולב,גרמים,250.00,100 גרם,false,,31.90,0.1276,false,1,166548
7290013442284,false,גבינת ברי כבשים 140ג,מוטק'ה החולב,IL,ברי 22% מוטקה החולב,גרמים,140.00,100 גרם,false,,25.90,0.1850,true,1,166549
7290013442291,false,גבינת קממבר כבשים 14,מוטק'ה החולב,IL,קממבר 22% מוטקה החול,גרמים,140.00,100 גרם,false,,25.90,0.1850,false,1,166550
7290013442307,false,גבינת קממבר פקאן כבש,מוטק'ה החולב,IL,קממבר פקאן 23% מוטקה,גרמים,140.00,100 גרם,false,,25.90,0.1850,false,1,166551
7290013442314,false,גבינת סנט מור כבשים,מוטק'ה החולב,IL,סנט מור 22% מוטקה הח,גרמים,150.00,100 גרם,false,,28.90,0.1927,false,1,166552
7290013442321,false,גבינת כבשה צהובה בסגנון גאודה 150 גר,מוטק'ה החולב,IL,כבשה צהובה 27% מוטקה,גרמים,150.00,100 גרם,false,,25.90,0.1727,false,1,166553
7290013442338,false,גבינת כבשה חרדלית 150 גר,מוטק'ה החולב,IL,כבשה חרדלתי 27% מוטק,גרמים,150.00,100 גרם,false,,25.90,0.1727,false,1,166554
7290013442345,false,גבינה ארוטן כמהין עובש כמהין 150 גר,מוטק'ה החולב,IL,ארוטן כמהין 23% מוטק,גרמים,150.00,100 גרם,false,,29.90,0.1993,false,1,166555
7290013444363,false,מגבת ענק 100X140,,,מגבת ענק 100X140,יחידה,0.00,יחידה,false,,59.90,0.0000,true,1,94202
7290013444554,false,מגבת גוף ג'אקרד,,,מגבת גוף ג'אקרד,יחידה,0.00,יחידה,false,,49.90,0.0000,true,1,93090
7290013451927,false,פריכיות כוסמת ללא תוספת מלח,זן - בר,IL,פריכיות כוסמת טבעי 1,גרמים,160.00,100 גרם,false,,9.90,0.0619,true,1,58295
7290013453068,false,עוגיות כוסמין ופירות יער ללא ת.ס 240 גר,האי נאם סי או אל.טי.,IL,עוגיות כוסמין ופירות,גרמים,240.00,100 גרם,false,,22.90,0.0954,true,1,55443
7290013453082,false,עוגיות כוסמין ושוקולד ציפס 230 גר,,,עוגיות גרנולה ושוקול,גרמים,230.00,100 גרם,false,,22.90,0.0996,true,1,55057
7290013453136,false,עוגיות כוסמין שטרודל תפוחים ללא תוספת סוכר טבעוני,דני וגלית,,עוגיות כוסמין בניחוח,גרמים,230.00,100 גרם,false,,22.90,0.0996,true,1,55059
7290013453600,false,ביסקוט שוקוציפס ופירות מיובשים 200 גרם,דני וגלית בעמ,IL,עוגיות ביסקוטי שוקול,יחידה,0.00,יחידה,false,,22.90,0.0000,true,1,102460
7290013453631,false,עוגיות חמאת בוטנים ושוקולד מפצפוצי אורז מלא,האי נאם סי או אל.טי.,IL,עוגיות כדורי חמאת בו,יחידה,0.00,יחידה,false,,24.90,0.0000,true,1,110641
7290013453679,false,עוגיות אוכמניות ותפוז מקמח שקדים 230 גרם,,,עוגיות אוכמניות וגרי,גרמים,230.00,100 גרם,false,,24.90,0.1083,true,1,163797
7290013472199,false,ערמונים קלופים וקלויים 105 גרם,בייג'גג פוינונג,CN,ערמונים קלופים וקלוי,גרמים,105.00,100 גרם,false,,5.50,0.0524,true,1,49571
7290013472892,false,בולגריה קוביות במי מלח - מרכיבי חלב ושומן צמחי,"קוליוס אס.איי, גריק",GR,KOLIOS-הבולגריה בקוב,גרמים,200.00,100 גרם,false,,12.90,0.0645,true,1,56342
7290013472908,false,בולגריה קוביות במי מלח,וילי פוד,GR,בולגרית קוביות 400 ג,גרמים,400.00,100 גרם,false,,23.90,0.0597,true,1,56585
7290013504159,false,מגב חלון מקצועי,,,מגב חלון מקצועי,יחידה,0.00,יחידה,false,,31.90,0.0000,true,1,58942
7290013504210,false,מטליות מקרופייבר 5'ח,,,מטליות מקרופייבר 5'ח,יחידה,0.00,יחידה,false,,8.90,0.0000,true,1,94182
7290013504227,false,ברזלית לניקוי סירים,,,ברזלית לניקוי סירים,יחידה,0.00,יחידה,false,,10.00,0.0000,true,1,56752
7290013504616,false,סומו מיקרופייבר לרצפ,,,סומו מיקרופייבר לרצפ,יחידה,0.00,יחידה,false,,16.90,0.0000,true,1,96702
7290013504678,false,מצע מיקרופייבר לייבו,wuxi industries & tr,CN,מצע לייבוש כלים,יחידה,0.00,יחידה,false,,10.00,0.0000,true,1,61572
7290013504708,false,מטאטא נצנץ שחור - ז.,Mascot,IT,מטאטא נצנץ+מקל,יחידה,0.00,יחידה,false,,19.90,0.0000,true,1,107454
7290013504869,false,דלי מטליות לחות 50'ח,,,דלי מטליות לחות 50'ח,יחידה,0.00,יחידה,false,,29.90,0.0000,true,1,100802
7290013520029,false,לחמניות שומשום כפולו,מאפיית אגמי,IL,לחמניות שומשום כפולו,יחידה,0.00,יחידה,false,,12.50,0.0000,true,1,110981
7290013520067,false,מארז לחמניות 10 יחיד,מאפיית אגמי,IL,מארז 10 לחמניות אצבע,גרמים,750.00,100 גרם,false,,12.90,0.0172,true,1,97767
7290013520111,false,מארז לחמניות המבורגר,מאפיית אגמי,IL,לחמניות המבורגר שישי,גרמים,600.00,100 גרם,false,,14.90,0.0248,true,1,98898
7290013520463,false,לחם בריאות ושובע כוס,מאפיית אגמי,,לחם כוסמין אגמי,גרמים,600.00,100 גרם,false,,16.60,0.0277,true,1,95257
7290013520500,false,מארז לחמניות כוסמין,מאפיית אגמי,IL,לחמניות ביס כוסמין,גרמים,400.00,100 גרם,false,,16.60,0.0415,true,1,101323
7290013521101,false,פטוציני כוסמין תרד 350 גר,השדה מוצרים אורגניים,HU,פטוצ'יני כוסמין תרד,גרמים,350.00,100 גרם,false,,18.90,0.0540,true,1,98108
7290013521125,false,נודלס אורז מלא דלעת וג`ינג`ר 250 גרם,השדה מוצרים טבעיים ו,,נודלס דלעת וג'ינגר א,גרמים,250.00,100 גרם,false,,16.90,0.0676,true,1,66576
7290013521132,false,אטריות אורגני ל.גלוט,,,נודלס אצות וואקמה 25,גרמים,250.00,100 גרם,false,,16.90,0.0676,true,1,66577
7290013521187,false,"ספגטי עדשים אדומות לל""ג אורגני 250 גרם",השדה מוצרים טבעיים ו,IT,ספגטי עדשים אדומות א,גרמים,250.00,100 גרם,false,,12.90,0.0516,true,1,114708
7290013521200,false,"פוזילי אפונה ירוקה לל""ג אורגני 250 גרם",השדה מוצרים טבעיים ו,IT,פסטה פוזילי אפונה יר,גרמים,250.00,100 גרם,false,,12.90,0.0516,true,1,114710
7290013521217,false,"פנה אורז מלא לל""ג אורגני 250 גרם",השדה מוצרים טבעיים ו,,פסטה פנה אורז מלא או,גרמים,250.00,100 גרם,false,,12.90,0.0516,true,1,114711
7290013521224,false,"ספגטי כוסמת לל""ג אורגני 250 גרם",השדה מוצרים טבעיים ו,,ספגטי כוסמת אורגני ל,גרמים,250.00,100 גרם,false,,12.90,0.0516,true,1,114712
7290013521231,false,פסטה כוסמין אורגנית עם תרד ועגבניות,השדה מוצרים אורגניים,HU,פסטה כוסמין טריקולור,גרמים,400.00,100 גרם,false,,18.90,0.0472,true,1,98109
7290013521309,false,מיונז אורגני השדה 33,השדה מוצרים טבעיים ו,NL,מיונז אורגני,גרמים,330.00,100 גרם,false,,20.90,0.0633,true,1,66801
7290013521385,false,רסק תפוחים אורגני 700 גר,השדה מוצרים אורגניים,NL,רסק תפוחים אורגני,גרמים,700.00,100 גרם,false,,17.50,0.0250,true,1,66802
7290013521408,false,אבקת מרק ירקות אורגני 200 גר,השדה מוצרים אורגניים,NL,אבקת מרק ירקות אורגנ,גרמים,200.00,100 גרם,false,,21.90,0.1095,true,1,66883
7290013521415,false,אבקת מרק אורגני 20 בטעם עוף 200 גר,השדה מוצרים אורגניים,NL,אבקת מרק טעם עוף אור,גרמים,200.00,100 גרם,false,,21.90,0.1095,true,1,66884
7290013521491,false,קטשופ אורגני 567 גרם,שוורצקוף& הנקל דיסלד,US,קטשופ אורגני,גרמים,567.00,100 גרם,false,,16.90,0.0298,true,1,98111
7290013521743,false,שקדי מרק מקמח כוסמין 400 גר,,,שקדי מרק מקמח כוסמין,גרמים,400.00,100 גרם,false,,15.90,0.0398,true,1,100549
7290013521842,false,ציפס תפוח אדמה אפוי 65 גרם,"סיבי, נובי פריס",SK,צ'יפס תפוחי אדמה אפו,גרמים,65.00,100 גרם,false,,10.90,0.1677,true,1,108287
7290013521897,false,גליליות מקמח כוסמין מלא קרם חרובים 100 ג,השדה מוצרים טבעיים ו,IL,גליליות כוסמין 100 ג,גרמים,100.00,100 גרם,false,,14.90,0.1490,true,1,110335
7290013531117,false,רוטב פסטה לילדים 240 גרם יכין,"זנלכל בע""מ",IL,רוטב פסטה לילדים יכי,גרמים,240.00,100 גרם,false,,4.90,0.0204,true,1,49087
7290013531346,false,סירופ דיאט לימונענע יכין 1 ליטר,זנלכל,IL,סירופ דיאט לימונענע,ליטרים,1.00,ליטר,false,,16.90,16.9000,true,1,54350
7290013531377,false,תורמוס A2 יכין בית יוסף,היינץ צפון אמריקה מק,IL,תורמוס יכין 265 גר',גרמים,265.00,100 גרם,false,,8.90,0.0336,true,1,113463
7290013531582,false,מארז זיתים ירוקים מגולענים יכין 200 גרם,קרלו,IL,שלישיית זיתים מגולענ,יחידה,0.00,יחידה,false,,12.90,0.0000,true,1,110060
7290013531612,false,רוטב לפסטה נפוליטנה 240 גרם יכין,זנלכל,IL,רוטב נפוליטנה 240 גר,גרמים,240.00,100 גרם,false,,4.90,0.0204,true,1,93026
7290013531629,false,רוטב לפסטה פומודורו 240 גרם יכין,היינץ צפון אמריקה מק,IL,פומודורו 240 גר' יכי,גרמים,240.00,100 גרם,false,,4.90,0.0204,true,1,93199
7290013531759,false,שעועית אפויה במים 550 ג' יכין,"זנלכל בע""מ",IL,שעועית לבנה מבושלת ב,גרמים,330.00,100 גרם,false,,8.90,0.0270,true,1,90735
7290013539892,false,אל סבון נוזלי משאבה תה ירוק סטייל 1 ל',סטייל Style,TR,אל סבון נוזלי משאבה,ליטרים,1.00,ליטר,false,,10.90,10.9000,true,1,117564
7290013539915,false,אל סבון נוזלי משאבה תה לבן סטייל 1 ל,סטייל Style,TR,אל סבון נוזלי משאבה,ליטרים,1.00,ליטר,false,,10.90,10.9000,true,1,164648
7290013558800,false,עלי תרד 250 גר בנספק,ששון ציון,IL,עלי תרד 500 גר',גרמים,500.00,100 גרם,false,,10.90,0.0218,true,1,90614
7290013558824,false,תבלין רוקולה /בזיליקום 100 גר,תאי,IL,רוגולה / בזיליקום,גרמים,100.00,100 גרם,false,,6.90,0.0690,true,1,90616
7290013581648,false,מינוט סטייק אל מטאד,בלדי,IL,מינוט סטייק 250 גר',גרמים,250.00,100 גרם,false,,15.90,0.0636,true,1,165678
7290013585233,false,"ספרייט זירו פחית סליק 330 מ""ל",גוד פוד פרודקטס S.p,IL,ספרייט זירו פחית 330,מיליליטרים,330.00,"100 מ""ל",false,,5.00,0.0152,true,1,90778
7290013585257,false,ספרייט זירו בקבוק 500מל,החברה המרכזית לייצור,IL,ספרייט ZERO 0.5 ליטר,מיליליטרים,500.00,"100 מ""ל",false,,6.50,0.0130,false,1,90698
7290013585387,false,קוקה קולה זירו בקבוק,פארייפאבה אגרואינדוס,IL,קוקה קולה זירו 1 ליט,ליטרים,1.00,ליטר,false,,6.50,6.5000,false,1,90009
7290013585394,false,משקה קוקה קולה 1 ליט,פארייפאבה אגרואינדוס,IL,קוקה קולה 1 ליטר,ליטרים,1.00,ליטר,false,,6.90,6.9000,false,1,90010
7290013585554,false,סודה קינלי שישיה 1.5,קוקה קולה ישראל,IL,סודה קינלי שישיה 1.5,ליטרים,9.00,ליטר,false,,13.90,1.5444,false,1,93825
7290013585967,false,מארז ספרייט זירו 6 * 330 פח Fridge- pack,קוקה קולה ישראל,IL,מארז ספרייט זירו פחי,ליטרים,1.98,ליטר,false,,22.90,11.5657,false,1,95115
7290013608260,false,פרימור מיץ רימונים 100% סחוט טרי 1ל',"גניר (1992) בע""מ",IL,מיץ רימונים פרימור 1,ליטרים,1.00,ליטר,false,,22.90,22.9000,true,1,65888
7290013608864,false,פרימור משקה פירות הדר 1 ליטר בתוספת ויטמין C,"גניר (1992) בע""מ",IL,משקה פירות הדר בתוספ,ליטרים,1.00,ליטר,false,,15.90,15.9000,false,1,118068
7290013650115,false,שמן פשתן אורגני,העידן האורגני,,שמן פשתן אורגני,מיליליטרים,500.00,"100 מ""ל",false,,42.90,0.0858,true,1,63041
7290013650153,false,"תמצית וניל טהורה 50 מ""ל",Global Gourmet Produ,US,תמצית וניל טהורה,מיליליטרים,50.00,"100 מ""ל",false,,51.90,1.0380,true,1,108611
7290013650184,false,אבקת תה מאצה 100 גר',,,אבקת תה מאצה 100 גר',גרמים,100.00,100 גרם,false,,44.90,0.4490,true,1,113281
7290013650481,false,"שמן פשתן 250 מ""ל",,US,"שמן פשתן 250 מ""ל",מיליליטרים,250.00,"100 מ""ל",false,,26.90,0.1076,true,1,106823
7290013650719,false,חמאת אגוז לוז 300 גר,יושלם,,ממרח אגוזי לוז,גרמים,450.00,100 גרם,false,,36.90,0.0820,true,1,63047
7290013650856,false,חמאת שקד לבן ללא סוכ,,,חמאת שקד לבן ללא סוכ,גרמים,700.00,100 גרם,false,,58.90,0.0841,true,1,65631
7290013652157,false,"ד""ר פישר - נטורל קר מגבונים להסרת איפור לעור רגיל יבש 30 יח' * 3","ד""ר פישר Dr fischer",IL,מגבונים להסרת איפור,יחידה,0.00,יחידה,false,,24.90,0.0000,true,1,56168
7290013652164,false,"ד""ר פישר - נטורל קר מגבונים להסרת איפור לעור רגיש 30 יח' * 3","ד""ר פישר Dr fischer",IL,מגבונים להסרת איפור,יחידה,0.00,יחידה,false,,24.90,0.0000,true,1,56169
7290013652171,false,"ד""ר פישר - נטורל קר מגבונים להסרת איפור לעור שמן מעורב 30 יח' * 3","ד""ר פישר Dr fischer",IL,מגבונים להסרת איפור,יחידה,0.00,יחידה,false,,24.90,0.0000,true,1,56170
7290013675545,false,שניצל כלי תחבורה מאמא עוף 700 ג',תנובה גליל,IL,שניצל כלי תחבורה,גרמים,700.00,100 גרם,false,,31.90,0.0456,true,1,106146
7290013675828,false,מאמא עוף חגיגה אסייתית להקפצה 450 גרם,"איי, בי, אינבוו",IL,חגיגה אסיאתית להקפצה,גרמים,450.00,100 גרם,false,,19.90,0.0442,true,1,115838
7290013713025,false,"בירה ג'מס פילס בקבוק 330 מ""ל","אביר הבר בע""מ",IL,בירה ג'מס פילס,מיליליטרים,330.00,"100 מ""ל",false,,12.90,0.0391,true,1,109666
7290013713049,false,"בירה גמס 8.8 איל בלגי מחוזקת 330 מ""ל","אביר הבר בע""מ",IL,בירה ג'מס בקבוק,מיליליטרים,330.00,"100 מ""ל",false,,12.90,0.0391,true,1,109670
7290013713094,false,בירה ג'מס בקבוקי חיט,יקבי כרמל,IL,בירה IPA ג'מס,מיליליטרים,330.00,"100 מ""ל",false,,12.90,0.0391,true,1,109672
7290013724939,false,חמוציות בשוקולד מריר 140 גר שקדיה,"דין שיווק וקלייה בע""",IL,חמוציות בציפוי שוקול,גרמים,140.00,100 גרם,false,,9.90,0.0707,true,1,68322
7290013724946,false,שקדים בשוקולד מריר 140 גר שקדיה,"דין שיווק וקלייה בע""",IL,שקדים בציפוי שוקולד,גרמים,160.00,100 גרם,false,,9.90,0.0619,true,1,68323
7290013724953,false,חמוציות בשוקולד חלב 140 גר שקדיה,"דין שיווק וקלייה בע""",IL,משוקולדים חמוציות חל,גרמים,140.00,100 גרם,false,,9.90,0.0707,true,1,66051
7290013724960,false,שקדים בשוקולד חלב 140 גר שקדיה,"דין שיווק וקלייה בע""",IL,משוקלדים שקד חלב,גרמים,140.00,100 גרם,false,,9.90,0.0707,true,1,66337
7290013724977,false,צימוקים בשוקולד מריר 140 גר שקדיה,"דין שיווק וקלייה בע""",IL,משוקלדים צימוק מריר,גרמים,160.00,100 גרם,false,,9.90,0.0619,true,1,66466
7290013724984,false,בוטנים בציפוי שוקולד,"דין שיווק וקלייה בע""",,שקדיה -בוטנים שוקולד,גרמים,160.00,100 גרם,false,,9.90,0.0619,true,1,90088
7290013724991,false,אגוזי לוז בשוקולד חלב 140 גר שקדיה,"דין שיווק וקלייה בע""",IL,משוקלדים לוז חלב שקד,גרמים,160.00,100 גרם,false,,9.90,0.0619,true,1,66467
7290013725691,false,רוטב סויה סו שף,,,רוטב סויה סו שף,מיליליטרים,300.00,"100 מ""ל",false,,9.90,0.0330,true,1,110730
7290013725820,false,אגוזי לוז בשוקולד מריר 140 גר שקדיה,"דין שיווק וקלייה בע""",IL,משוקולדים לוז מריר,גרמים,140.00,100 גרם,false,,9.90,0.0707,true,1,66052
7290013725837,false,חטיף שומשום בשוקולד חלב 160גר,"דין שיווק וקלייה בע""",,שקדיה-שומשום מצופה ש,גרמים,140.00,100 גרם,false,,9.90,0.0707,true,1,90982
7290013725844,false,חטיף שומשום בשוקולד מריר 160ג,"דין שיווק וקלייה בע""",IL,שקדיה-שומשום בציפוי,גרמים,140.00,100 גרם,false,,9.90,0.0707,true,1,66482
7290013746238,false,ציפסקוקיס מכוסמין 250 גרם,"דגן מיני מזונות בע""מ",IL,עוגיות צ'יפס קוקיס מ,גרמים,250.00,100 גרם,false,,27.90,0.1116,true,1,93996
7290013746542,false,רולדת כוסמין בממרח אגוזי לוז ל.סוכר 300,מפעלי דגן,,רולדת כוסמין בממרח א,גרמים,300.00,100 גרם,false,,32.90,0.1097,true,1,102407
7290013746672,false,עוגיות כוסמין ואגוזי,דגן מיני מזונות,IL,עוגיות כוסמין אגוזים,גרמים,250.00,100 גרם,false,,27.90,0.1116,true,1,99806
7290013746719,false,קרקר שיפון מקמח מלא,,,קרקר שיפון מלא,גרמים,200.00,100 גרם,false,,26.90,0.1345,true,1,102409
7290013746788,false,מקלוני כוסמין עם עגבניה ואורגנו 200 גרם,פרוטרופיק סיה.,IL,מקלוני כוסמין עגבניה,גרמים,200.00,100 גרם,false,,21.90,0.1095,true,1,105483
7290013755391,false,יין רומי קברנה-פטיט-מרלו יקב בן 750 מ,,IL,רומי יקב בן דוד,מיליליטרים,750.00,"100 מ""ל",false,,59.90,0.0799,true,1,165993
7290013760548,false,פירורי תיבול שניצל ג,,,פירורי תיבול שניצל ג,גרמים,400.00,100 גרם,false,,11.90,0.0298,true,1,96512
7290013760555,false,פירורי תיבול שניצל ק,,,פירורי תיבול שניצל ק,גרמים,400.00,100 גרם,false,,11.90,0.0298,true,1,96513
7290013760562,false,פירורי תיבול שניצל ש,,,פירורי תיבול שניצל ש,גרמים,400.00,100 גרם,false,,11.90,0.0298,true,1,96514
7290013760999,false,פרורי לחם מוזהבים 40,,,פרורי לחם מוזהבים 40,גרמים,400.00,100 גרם,false,,9.90,0.0248,true,1,99439
7290013764003,false,שיכר לימונדה קלאסית 330 מל,,BE,אוק אנד אש - שיכר לי,מיליליטרים,330.00,"100 מ""ל",false,,13.90,0.0421,true,1,164549
7290013771131,false,שומרון לאבנה עיזים 5,מיוצר עי קונדיטוריית,IL,לבנה עיזים 5%,גרמים,250.00,100 גרם,false,,18.00,0.0720,true,1,50998
7290013771216,false,שומרון גבינת פטה יוו,מיוצר עי קונדיטוריית,IL,גבינת פטאקי 250 גר',גרמים,250.00,100 גרם,false,,14.90,0.0596,true,1,61652
7290013771384,false,יוגורט יווני אותנטי,מיוצר עי קונדיטוריית,IL,יוגורט יווני 400 גר',גרמים,400.00,100 גרם,false,,10.90,0.0273,true,1,98275
7290013787392,false,רביולי גבינות קלאסי 330 גרם ריקו בית יוסף,יוניליוור גרמניה Gm,IL,רביולי גבינות קלאסי,גרמים,330.00,100 גרם,false,,25.90,0.0785,true,1,116351
7290013787408,false,רביולי בטטה 330 גרם ריקו בית יוסף,יוניליוור גרמניה Gm,IL,רביולי בטטה 330 גר',גרמים,330.00,100 גרם,false,,25.90,0.0785,true,1,116352
7290013816016,false,שוקולד הולי קקאו 100,,,שוקולד הולי קקאו 100,גרמים,100.00,100 גרם,false,,18.90,0.1890,true,1,112877
7290013816221,false,הולי קקאו שוקולד צ׳י,"הולי קקאו שוקולד בע""",IL,הולי קקאו שוקולד צ׳י,גרמים,250.00,100 גרם,false,,22.90,0.0916,true,1,121879
7290013816443,false,שוקולד הולי קקאו 80%,"הולי קקאו שוקולד בע""",IL,שוקולד הולי קקאו 80%,גרמים,100.00,100 גרם,false,,18.90,0.1890,true,1,112886
7290013816917,false,שוקולד מריר אורגני קמינו ורדה הולי 100%,"הולי קקאו שוקולד בע""",IL,100% קקאו שוקולד מרי,גרמים,100.00,100 גרם,false,,18.90,0.1890,true,1,122272
7290013827104,false,TZIPICAKE-קישוט מבצק,,,TZIPICAKE-קישוט מבצק,יחידה,0.00,יחידה,false,,19.90,0.0000,true,1,53038
7290013827111,false,קישוט מתוק מבצק סוכר,,,קישוט מתוק מבצק סוכר,יחידה,0.00,יחידה,false,,13.90,0.0000,true,1,54090
7290013847386,false,נתחי טונה לייט במים ושמן קנולה בטעם טבעי 4%,סטארקיסט Starkist,IL,סטאר קיסט 4% שומן בט,גרמים,140.00,100 גרם,false,,7.60,0.0543,true,1,108918
7290013847393,false,נתחי טונה לייט 4% שומן עם עשבי תיבול 140 ג' סטארקיסט,"סטארקיסט פודור בע""מ",IL,סטאר קיסט טונה עם עש,גרמים,140.00,100 גרם,false,,7.60,0.0543,true,1,108919
7290013847409,false,נתחי טונה לייט במים ושמן קנולה עם לימון ופלפל חריף 4%,סטארקיסט Starkist,IL,סטאר קיסט טונה עם לי,גרמים,140.00,100 גרם,false,,7.60,0.0543,true,1,108920
7290013847454,false,טונה סטארקיסט שמן קנולה רביעיות 4*160 גר,"סטארקיסט פודור בע""מ",IL,סטארקיסט רביעיית טונ,גרמים,640.00,100 גרם,false,,24.90,0.0389,false,1,99858
7290013847812,false,נתחי טונה בהירה בשמן זית כתית מעולה Yellowfin,סטארקיסט Starkist,IL,טונה סטאר קיסט בשמן,גרמים,140.00,100 גרם,false,,8.90,0.0636,false,1,107301
7290013847980,false,נתחי טונה בשמן סטארקיסט 425 גרם,תאי יוניון,TH,טונה סטאר קיסט שפע 4,גרמים,300.00,100 גרם,false,,17.90,0.0597,false,1,112870
7290013848017,false,תרסיס ניקוי והברקת נירוסטה,"סנו מפעלי ברונוס בע""",IL,"סנו נירוסטה 500 מ""ל",מיליליטרים,500.00,"100 מ""ל",false,,19.90,0.0398,true,1,107157
7290013848345,false,מארז מטליות לחיטוי וניקוי יסודי אנטיבקטריאלי 99.9%,סנו מפעלי ברונוס בעמ,IL,מטליות לחות לניקוי ש,יחידה,0.00,יחידה,false,,21.90,0.0000,true,1,110084
7290013848581,false,סנו סושי מגבות נייר בגליל ענק.,,IL,סנו סושי-מגבת נייר 6,יחידה,0.00,יחידה,false,,11.90,0.0000,false,1,55809
7290013848758,false,מקסימה גל כביסה מרוכז בייבי 3ליטר סנסטיב,"סנו מפעלי ברונוס בע""",IL,ג'ל כביסה בייבי 3 לי,ליטרים,3.00,ליטר,false,,34.90,11.6333,true,1,62710
7290013848819,false,אל סבון מוצק לוטוס - מארז רביעיה,קוסמופארם,IL,סבון כיף מוצק רביעיו,מיליליטרים,400.00,"100 מ""ל",false,,11.90,0.0298,true,1,54474
7290013861054,false,צימוקים בשוקולד חלב 140 גר שקדיה,"דין שיווק וקלייה בע""",IL,משוקלדים צימוקים חלב,גרמים,160.00,100 גרם,false,,9.90,0.0619,true,1,92365
7290013861061,false,בוטנים בשוקולד חלב 160גר,"דין שיווק וקלייה בע""",,משוקלדים בוטן 160 גר,גרמים,160.00,100 גרם,false,,9.90,0.0619,true,1,66339
7290013861412,false,המתוקים של ששון קוקוס 250 גרם,קריניציה ויטמינה אס,IL,חטיף קוקוס 250גר' קו,גרמים,250.00,100 גרם,false,,9.90,0.0396,true,1,105777
7290013861429,false,המתוקים של ששון שומשום 250 גרם,קריניציה ויטמינה אס,IL,חטיפי שומשום 250 גרם,גרמים,250.00,100 גרם,false,,9.90,0.0396,true,1,94204
7290013861443,false,המתוקים של ששון בוטנים 250 גרם,קריניציה ויטמינה אס,IL,חטיפי בוטנים 250 גרם,גרמים,250.00,100 גרם,false,,9.90,0.0396,true,1,94205
7290013863317,false,LL-R סטיק דאודורנט 60 מל,,,"דאודורנט סטיק 60 מ""ל",מיליליטרים,60.00,"100 מ""ל",false,,17.90,0.2983,true,1,100181
7290013883148,false,סופג ריחות למקרר הפי,יעקבי - הפי Hepi,IT,הפי סופג ריחות במקרר,גרמים,40.00,100 גרם,false,,13.90,0.3475,true,1,50726
7290013883407,false,דזיטול מחטא ומשמיד חיידקים-מרסס,יעקבי - דזיטול Desytol,ES,דזיטול מחטא ומשמיד ח,מיליליטרים,750.00,"100 מ""ל",false,,12.90,0.0172,true,1,53769
7290013883414,false,"מרסס מסיר כתמי חלודה איירון אאוט 473 מ""ל",יעקובי,US,ספריי מסיר כתמי חלוד,מיליליטרים,470.00,"100 מ""ל",false,,29.90,0.0636,true,1,54217
7290013903143,false,חתיכות אננס אורגני ליב 300 גרם,,RS,אננס אורגני קפוא 300,גרמים,300.00,100 גרם,false,,24.90,0.0830,true,1,116512
7290013903259,false,תות שדה אורגני מוקפא 300 גר,פריגו,RS,תות אורגני קפוא 300,גרמים,300.00,100 גרם,false,,24.90,0.0830,true,1,93412
7290013903266,false,תערובת פירות יער אורגני מוקפא 300 גר,פריגו,RS,מיקס פירות יער אורגנ,גרמים,300.00,100 גרם,false,,24.90,0.0830,true,1,93413
7290013903327,false,טופו טבעי 2 יח 500 גר,אין תעשיות,IL,טופו טבעי 500 גר',גרמים,500.00,100 גרם,false,,15.90,0.0318,true,1,109636
7290013903549,false,טופו במרקם רך טבעי ליב 300 גר,ג'נרל מילס סאן אדריא,IL,טופו רך טבעי 300 גר',גרמים,300.00,100 גרם,false,,13.90,0.0463,true,1,109523
7290013903808,false,קציצות קינואה עם חמוציות טבעוני 400 גרם,,IL,קציצות קינואה עם חמו,גרמים,400.00,100 גרם,false,,25.90,0.0647,true,1,122327
7290013903815,false,קציצות בטטה טבעוני 400 גרם,,IL,קציצות בטטה,גרמים,400.00,100 גרם,false,,25.90,0.0647,true,1,122328
7290013906205,false,פסטרמה עם שום וצילי טירת צבי 400 ג',הנסיך- מפעל לייצור ט,IL,פסטרמה שום וצ'ילי 40,גרמים,400.00,100 גרם,false,,31.90,0.0797,true,1,59540
7290013906212,false,"נקנקיות וינר טירת 1 ק""ג טירת צבי",הנסיך- מפעל לייצור ט,IL,"נקניקיות וינר 1 ק""ג",קילוגרמים,1.00,"ק""ג",false,,26.90,26.9000,true,1,60856
7290013906496,false,פסטרמה עגל בסגנון רומני טירת צבי 120 גר,הנסיך- מפעל לייצור ט,IL,פסטרמה עגל בסגנון רו,גרמים,120.00,100 גרם,false,,15.90,0.1325,true,1,67744
7290013906519,false,פרושוטו בקר דליקטיב 100 גרם,הנסיך- מפעל לייצור ט,IL,פרושוטו בקר פרוס דק,גרמים,100.00,100 גרם,false,,26.90,0.2690,true,1,67745
7290013906694,false,נקניקיות שקית קילו וחצי טירת צבי,הנסיך- מפעל לייצור ט,IL,"נקניקיות 1.5 ק""ג טיר",קילוגרמים,1.50,"ק""ג",false,,37.90,25.2667,true,1,165479
7290013927101,false,אחווה עוגה תפוחים ללא תוספת סוכר 450גר,אחדות ביחר לטחינה חל,IL,עוגת תפוחים ללא תוספ,גרמים,450.00,100 גרם,false,,12.90,0.0287,true,1,53778
7290013927156,false,אחוה בטעם פירות יער ללא תוספת סוכר 450 גרם.,אחדות ביחר לטחינה חל,IL,עוגה בטעם פירות יער,גרמים,450.00,100 גרם,false,,12.90,0.0287,true,1,53779
7290013927637,false,חלווה ללא תוספת סוכר 400 גר' אחוה,אחדות ביחר לטחינה חל,IL,חלוה ללא תוספת סוכר,גרמים,400.00,100 גרם,false,,13.90,0.0348,true,1,109442
7290013937001,false,מאגדת שישיית ארטיקים,,,מארז 6 ארטיק מיני טע,גרמים,180.00,100 גרם,false,,22.90,0.1272,true,1,47742
7290013937025,false,מאגדת שישיית ארטיקים,,,מיני ארטיק תות בננה,יחידה,0.00,יחידה,false,,22.90,0.0000,true,1,52925
7290013937049,false,מאגדת שישיית ארטיקים,שיבניס בעמ,,מיני ארטיק פירות שיש,יחידה,0.00,יחידה,false,,22.90,0.0000,true,1,52927
7290013937056,false,מאגדת שישיית ארטיקים,שיבניס בעמ,,מיני ארטיק פירות שיש,יחידה,0.00,יחידה,false,,22.90,0.0000,true,1,52928
7290013937063,false,שישייה ארטיקים קוקוס,,,שישייה ארטיקים קוקוס,גרמים,180.00,100 גרם,false,,22.90,0.1272,true,1,58776
7290013937070,false,מאגדת שישיית ארטיקים,,,ארטיקים טיבעיים,יחידה,0.00,יחידה,false,,22.90,0.0000,true,1,58666
7290013937087,false,מאגדת שישיית ארטיקים,,,שישייה מיני ארטיק קו,יחידה,0.00,יחידה,false,,22.90,0.0000,true,1,95360
7290013937094,false,שישייה שלגונים קוקוס,שיבניס בעמ,,שישייה שלגונים קוקוס,גרמים,180.00,100 גרם,false,,22.90,0.1272,true,1,94989
7290013937124,false,שלגון פריז טבעי קוקו,פריז,IL,שלגון קוקוס,יחידה,0.00,יחידה,false,,8.00,0.0000,true,1,60737
7290013937971,false,מאגדת שישיית ארטיקים,,,מארז ארטיקים טבעיים,גרמים,180.00,100 גרם,false,,22.90,0.1272,true,1,104970
7290013994066,false,ספלטפלקס אורגני פתיתי כוסמין 375 גר,הרדוף,,ספלטפלקס כוסמין אורג,גרמים,375.00,100 גרם,false,,21.90,0.0584,true,1,98541
7290013994219,false,עדשים חומות אורגניות 500 גר הרדוף,הרדוף,,עדשים חומות אורגניות,גרמים,500.00,100 גרם,false,,11.90,0.0238,true,1,98174
7290013994295,false,קינואה אדומה אורגנית 500 גר,הרדוף,,קינואה אדומה אורגנית,גרמים,500.00,100 גרם,false,,21.00,0.0420,true,1,98441
7290013994318,false,קינואה מעורבת - טריקולור אורגנית,אול אורגני,IL,קינואה טריקולור אורג,גרמים,500.00,100 גרם,false,,18.90,0.0378,true,1,98443
7290013994448,false,הרדוף אמרנט אורגני 500 גרם,הרדוף,,אמרנט אורגני 500 גר',גרמים,500.00,100 גרם,false,,17.90,0.0358,true,1,109227
7290013994547,false,אורז בסמטי חום אורגני 500 גר,הרדוף,,אורז בסמטי מלא 500 ג,גרמים,500.00,100 גרם,false,,13.00,0.0260,true,1,90631
7290013994585,false,גרעיני דלעת קלופים אורגנים 300 גר הרדוף,אול אורגני,IL,גרעיני דלעת קלופים א,יחידה,0.00,יחידה,false,,16.90,0.0000,true,1,100178
7290013994653,false,קינואה אורגני 500 גר הרדוף,אול אורגני,IL,קינואה רויאל אורגנית,גרמים,500.00,100 גרם,false,,16.90,0.0338,true,1,98675
7290013994684,false,אפונה ירוקה חצויה אורגנית 500 גר,אול אורגני,IL,אפונה ירוקה אורגנית,גרמים,500.00,100 גרם,false,,10.90,0.0218,true,1,90633
7290013994820,false,הרדוף שומשום שחור אורגני 300 גרם,הרדוף,,שומשום שחור אורגני 3,גרמים,300.00,100 גרם,false,,14.90,0.0497,true,1,167356
7290013994929,false,קוסקוס מלא אורגני 350 גרם,קרה מונוס,FR,קוסקוס מלא אורגני הר,גרמים,350.00,100 גרם,false,,8.90,0.0254,true,1,105477
7290014002128,false,תה ירוק לימונית ומנטה 25 שקיקים ויסוצקי,ויסוצקי ירוק,IL,תה ירוק לימונית ומנט,גרמים,37.50,100 גרם,false,,24.90,0.6640,false,1,56445
7290014002135,false,תה ויסוצקי ירוק מיקס 5 טעמים 25 יח',תה ויסוצקי,IL,תה ירוק מיקס ויסוצקי,יחידה,0.00,יחידה,false,,24.90,0.0000,false,1,55404
7290014002197,false,חליטת קמומיל ולימונית 25 שק הגן הקסום,תה ויסוצקי,IL,חליטת קמומיל ולימוני,יחידה,0.00,יחידה,false,,18.90,0.0000,false,1,56855
7290014002203,false,תה ויסוצקי חליטת לימונית ולואיזה 20יח',תה ויסוצקי,IL,חליטת לימונית ולואיז,יחידה,0.00,יחידה,false,,18.90,0.0000,false,1,56856
7290014002944,false,גן קסום חליטת פירות וצמחים חמדת שקד 25 שקיקים,תה ויסוצקי,IL,תה חליטת פירות וצמחי,גרמים,57.50,100 גרם,false,,18.90,0.3287,false,1,67774
7290014002982,false,תה ירוק לימונית לואיזה בתוספת עלי סטיביה 25 שקיקים,ויסוצקי ירוק,IL,תה ירוק סטיביה,יחידה,0.00,יחידה,false,,24.90,0.0000,false,1,64595
7290014017023,false,"קמח תפו""א ללא גלוטן 500 גרם",נטו מלינדה-בשר,IL,"קמח תפו""א ללא גלוטן",גרמים,500.00,100 גרם,false,,11.90,0.0238,true,1,64062
7290014021501,false,פרי FREE חטיף בננה קראנצ'י 27 גרם,,,חטיף פרי בננה קראנצ',גרמים,20.00,100 גרם,false,,7.90,0.3950,true,1,123241
7290014021518,false,פרי FREE חטיף אננס קראנצ'י 27 גרם,,,חטיף פרי אננס קראנצ',גרמים,20.00,100 גרם,false,,7.90,0.3950,true,1,106564
7290014021525,false,פרי FREE חטיף ליצ'י קראנצ'י 27 גרם,,,חטיף פרי ליצ'י קראנצ,גרמים,20.00,100 גרם,false,,7.90,0.3950,true,1,106565
7290014021532,false,פרי FREE חטיף אגס קראנצ'י 27 גרם,,,חטיף פרי אגס קראנצ'י,גרמים,20.00,100 גרם,false,,7.90,0.3950,true,1,106566
7290014021549,false,פרי FREE חטיף תפוח קראנצ'י 27 גרם,,,חטיף פרי תפוח קראנצ',גרמים,20.00,100 גרם,false,,7.90,0.3950,true,1,123242
7290014021648,false,פרי FREE חטיף משמש קראנצ'י 27 גרם,,,חטיף פרי משמש קראנצ',גרמים,20.00,100 גרם,false,,7.90,0.3950,true,1,167050
7290014021716,false,פרי FREE חטיף מנגו קראנצ'י 27 גרם,,,חטיף פרי מנגו קראנצ',גרמים,20.00,100 גרם,false,,7.90,0.3950,true,1,123243
7290014021778,false,מארז 5 קשים בטעם שוקולד 30 גרם,,,5 קשים בטעם שוקולד,גרמים,30.00,100 גרם,false,,4.90,0.1633,true,1,123234
7290014021785,false,מארז 5 קשים בטעם תות 30 גרם,,,5 קשים בטעם תות,גרמים,30.00,100 גרם,false,,4.90,0.1633,true,1,123235
7290014021792,false,מארז 5 קשים בטעם בננה 30 גרם,,,5 קשים בטעם בננה,גרמים,30.00,100 גרם,false,,4.90,0.1633,true,1,123236
7290014021815,false,מארז 5 קשים בטעם אייס קפה 30 גרם,,,5 קשים בטעם אייס קפה,יחידה,0.00,יחידה,false,,4.90,0.0000,true,1,163813
7290014046016,false,פסטרמה של פעם דל שומן 2% רכיבים טבעיים,מעדני יחיעם,IL,פסטרמה של פעם 250 גר,גרמים,250.00,100 גרם,false,,25.90,0.1036,true,1,64273
7290014046030,false,יחיעם מוס כבד עוף 14,פ.פ.ח. שאביט,IL,מוס כבד עוף יחיעם,גרמים,140.00,100 גרם,false,,14.90,0.1064,true,1,90372
7290014046474,false,"נקניקיות עוף 1.5 ק""ג יחיעם",מעדני יחיעם,IL,"נקניקיות עוף 1.5 ק""ג",קילוגרמים,1.50,"ק""ג",false,,26.90,17.9333,true,1,98469
7290014046580,false,פסטרמה מעודנת על גחלים 300 ג' יחיעם,מעדני יחיעם,IL,פסטרמה מעודנת על גחל,גרמים,300.00,100 גרם,false,,22.90,0.0763,true,1,67539
7290014046757,false,סלמי תה מעדני יחיעם,מעדני יחיעם,IL,סלמי תה 300 גר' יחיע,גרמים,300.00,100 גרם,false,,22.90,0.0763,true,1,101269
7290014059085,false,"משחת שיניים סנסודיין 75 מ""ל פרימיום לשיקום והגנה","סמית קליין ביצ'ם בע""",GB,סנסודיין משחה לשיקום,מיליליטרים,75.00,"100 מ""ל",false,,25.90,0.3453,true,1,54362
7290014059436,false,"משחת שיניים סנסודיין 75 מ""ל פרימיום לשיקום והגנה מלבינה 75 מ""ל","סמית קליין ביצ'ם בע""",GB,משחת שיניים סנסודיין,מיליליטרים,75.00,"100 מ""ל",false,,25.90,0.3453,true,1,90638
7290014066359,false,לנדוור-קפסולות אספרסו בלנסד(06) - 10יח'12X יח,האחים פלם הגפן,IL,לנדוור קפסולות אספרס,גרמים,50.00,100 גרם,false,,15.90,0.3180,true,1,115683
7290014066366,false,לנדוור-קפסולות אספרסו ריסטרטו(08) - 10יח'12X יח,קפה לנדוור,IL,לנדוור קפסולות אספרס,גרמים,50.00,100 גרם,false,,15.90,0.3180,true,1,115684
7290014066373,false,לנדוור-קפסולות אספרסו קלאסיק(09) - 10יח'12X יח,קפה לנדוור,IL,לנדוור קפסולות אספרס,גרמים,50.00,100 גרם,false,,15.90,0.3180,true,1,115685
7290014066380,false,לנדוור-קפסולות אספרסו סופרימו(10) - 10יח'12X יח,קפה לנדוור,IL,לנדוור קפסולות אספרס,גרמים,50.00,100 גרם,false,,15.90,0.3180,true,1,115686
7290014066441,false,לנדוור-קפסולות אספרסו נטול קפאין(07) - 10יח'12X יח,קפה לנדוור,IL,לנדוור- קפסולות אספר,גרמים,50.00,100 גרם,false,,15.90,0.3180,true,1,115731
7290014066526,false,לנדוור-קפסולות אספרסו תערובת הבית(11) - 10יח'12X יח,קפה לנדוור,IL,לנדוור קפסולות אספרס,גרמים,50.00,100 גרם,false,,15.90,0.3180,true,1,115687
7290014066533,false,לנדוור-קפסולות אספרסו קלייה כפולה(12) - 10יח'12X יח,קפה לנדוור,IL,לנדוור קפסולות אספרס,גרמים,50.00,100 גרם,false,,15.90,0.3180,true,1,115688
7290014079014,false,לבבות קיסר ארוז נספק,"מרינה פטריות הגליל בע""מ",IL,לבבות קיסר עלים,גרמים,300.00,100 גרם,false,,9.90,0.0330,true,1,50271
7290014079076,false,נבטי אלפלפא מרינה,"מרינה פטריות הגליל בע""מ",IL,נבטי אלפלפא מרינה,יחידה,0.00,יחידה,false,,5.90,0.0000,true,1,56844
7290014079328,false,פרסה כרישה ארוזה מרי,"מרינה פטריות הגליל בע""מ",IL,פרסה כרישה ארוזה מרי,יחידה,0.00,יחידה,false,,9.90,0.0000,true,1,108952
7290014079847,false,פיטריות פורטבילה צעי,"מרינה פטריות הגליל בע""מ",IL,פטריות פורטובלה בייב,גרמים,500.00,100 גרם,false,,15.90,0.0318,true,1,101181
7290014083479,false,גבינת גאודה פרוסות 150 גרם 29% שומן,ג.וילי פוד אינטרנשיו,IL,גאודה 150 גר,גרמים,150.00,100 גרם,false,,11.50,0.0767,true,1,57114
7290014083806,false,עוגיות בטעם חמאה 350 גרם בפח,וילי פוד,PT,עוגיות בטעם חמאה בפח,גרמים,350.00,100 גרם,false,,10.00,0.0286,true,1,57256
7290014083813,false,וילי פוד מריגה שפרוטים מעושנים בשמן 190ג,הנסיך- מפעל לייצור ט,LV,שפרוטים מעושנים בשמן,גרמים,190.00,100 גרם,false,,8.80,0.0463,true,1,57316
7290014094260,false,שיני שום קלוף קמעונאי,"מרינה פטריות הגליל בע""מ",IL,שום קלוף,גרמים,170.00,100 גרם,false,,10.90,0.0641,true,1,103198
7290014094505,false,אורז בסמתי טהור אהרוני 1 ק''ג,האי נאם סי או אל.טי.,IN,"אורז בסמטי 1 ק""ג אהר",קילוגרמים,1.00,"ק""ג",false,,9.90,9.9000,true,1,62988
7290014094529,false,"רוטב סויה 300 מ""ל אהרוני",הלתי פוד פרודקט,CN,רוטב סויה אהרוני,מיליליטרים,300.00,"100 מ""ל",false,,9.90,0.0330,true,1,92585
7290014094543,false,"תרסיס שמן קנולה שקדיה 186 מ""ל",שקדיה,IL,תרסיס שמן קנולה,גרמים,170.00,100 גרם,false,,11.90,0.0700,true,1,107682
7290014095861,false,שיבולת שועל דקה 500 גרם קוואקר,"דין שיווק וקלייה בע""",IL,שיבולת שועל דקה 500,גרמים,500.00,100 גרם,false,,5.00,0.0100,true,1,66063
7290014095946,false,משוקלדים פקאן בשוקולד מריר 140 גרם,"שקדיה גבע תעשיות בע""",IL,משוקלדים פקאן מריר,גרמים,140.00,100 גרם,false,,9.90,0.0707,true,1,66340
7290014095953,false,משוקלדים פקאן בשוקולד חלב 140 ג',שקדיה גבע בתעשיות עמ,IL,משוקולדים פקאן חלב,גרמים,140.00,100 גרם,false,,9.90,0.0707,true,1,66054
7290014095960,false,שיבולת שועל עבה 500 גרם קוואקר,"דין שיווק וקלייה בע""",IL,שיבולת שועל עבה 500,גרמים,500.00,100 גרם,false,,5.00,0.0100,true,1,66064
7290014110014,false,מקלוני דבאייל מיוש,,,מקלוני דבאייל מיוש,גרמים,230.00,100 גרם,false,,14.90,0.0648,true,1,165705
7290014217003,false,תבלין פפריקה מעושנת מיכל 90ג',"תבליני טעם וריח בע""מ",IL,פפריקה מעושנת 90 גר,גרמים,90.00,100 גרם,false,,9.50,0.1056,true,1,53187
7290014217010,false,תבלין תיבול דגים מיכל 90גר,"תבליני טעם וריח בע""מ",IL,מיכל תיבול לדגים,גרמים,90.00,100 גרם,false,,11.00,0.1222,true,1,55128
7290014217027,false,תבלין טי בול לעוף 120 גר',"תבליני טעם וריח בע""מ",IL,מיכל תיבול לעוף 120,גרמים,120.00,100 גרם,false,,11.00,0.0917,true,1,55129
7290014217065,false,תבלין אורגנו עלים 30 גר',"תבליני טעם וריח בע""מ",IL,אורגנו מיכל גדול 30,גרמים,30.00,100 גרם,false,,9.50,0.3167,true,1,53188
7290014217119,false,תערובת לצ'יפס מיכל 100 ג',"תבליני טעם וריח בע""מ",IL,מיכל תערות לצ'יפס,גרמים,100.00,100 גרם,false,,9.50,0.0950,true,1,67411
7290014217140,false,תבלין ראס אל חנות טעם וריח 100ג',"תבליני טעם וריח בע""מ",IL,מיכל ראס אל חנות,גרמים,100.00,100 גרם,false,,9.50,0.0950,true,1,67414
7290014217157,false,תערובת תיבול טוסקנה מיכל 120 גר,"תבליני טעם וריח בע""מ",IL,מיכל תערובת תיבול טו,גרמים,120.00,100 גרם,false,,9.50,0.0792,true,1,67415
7290014217164,false,תבלין פטרוזיליה מיכל גדול 20 ג',"תבליני טעם וריח בע""מ",IL,מיכל פטרוזיליה,גרמים,20.00,100 גרם,false,,9.50,0.4750,true,1,67416
7290014217171,false,תערובת תיבול תיבול גריל דג מיכל 100ג',"תבליני טעם וריח בע""מ",IL,מיכל תערובת תיבול גר,גרמים,100.00,100 גרם,false,,9.50,0.0950,true,1,67417
7290014217201,false,תערובת תיבול סומק 45 גר',"תבליני טעם וריח בע""מ",IL,תערובת תיבול סומק,גרמים,45.00,100 גרם,false,,5.50,0.1222,true,1,92743
7290014217225,false,תבלין גריל עוף מיכל 120גר,"תבליני טעם וריח בע""מ",IL,מיכל גריל עוף 120 גר,גרמים,120.00,100 גרם,false,,9.50,0.0792,true,1,64532
7290014217263,false,תערובת תיבול לפרגיות 100ג',"תבליני טעם וריח בע""מ",IL,תערובת תיבול לפרגיות,גרמים,100.00,100 גרם,false,,9.50,0.0950,true,1,94969
7290014217348,false,צ'ילי כתוש חריף (פלפל קיינה),"תבליני טעם וריח בע""מ",IL,מיכל צ'ילי כתוש 70 ג,גרמים,70.00,100 גרם,false,,9.50,0.1357,true,1,64535
7290014217355,false,תבלין אבקת קרי מיכל 100ג',"תבליני טעם וריח בע""מ",IL,מיכל אבקת קרי 100 גר,גרמים,100.00,100 גרם,false,,9.50,0.0950,true,1,64536
7290014217362,false,תבלין תיבול לקציצות מיכל 100 ג',"תבליני טעם וריח בע""מ",IL,מיכל תיבול לקציצות 1,גרמים,100.00,100 גרם,false,,9.50,0.0950,true,1,64537
7290014217409,false,תערובת עשבי תיבול הרבס דה פרובנס טעם וריח 100 ג',"תבליני טעם וריח בע""מ",IL,תערובת עשבי תיבול ה,גרמים,30.00,100 גרם,false,,9.50,0.3167,true,1,123695
7290014217478,false,תערובת עשבי תיבול איטלקי ים תיכוני 30ג',"תבליני טעם וריח בע""מ",IL,תערובת עשבי תיבול אי,גרמים,30.00,100 גרם,false,,9.50,0.3167,true,1,95600
7290014217485,false,תערובת תיבול קייגו'ן,"תבליני טעם וריח בע""מ",IL,תערובת תיבול קייגו'ן,גרמים,100.00,100 גרם,false,,9.50,0.0950,true,1,97527
7290014217492,false,תבלין פילדלפיה תערובת 100 גר,"תבליני טעם וריח בע""מ",IL,תערובת תיבול פילדלפי,גרמים,100.00,100 גרם,false,,9.50,0.0950,true,1,97528
7290014217911,false,תבלין פלפל אדום מתוק בשקית 150 גר,טייפונג פודס,CN,פלפל מתוק שלם 150 גר,גרמים,150.00,100 גרם,false,,13.90,0.0927,true,1,109873
7290014217973,false,תבלין פלפל צילי חריף יבש בשקית 150 גר',טייפונג פודס,IL,פלפל צ'ילי חריף יבש,גרמים,150.00,100 גרם,false,,13.90,0.0927,true,1,109874
7290014218321,false,בורקס אישי גבינה מעדנות 4* 150 גרם,מיוצר עי קונדיטוריית,IL,בורקס יפו גבינה,גרמים,600.00,100 גרם,false,,18.50,0.0308,true,1,93935
7290014218338,false,בורקס יפו במילוי תפוחי אדמה,מיוצר עי קונדיטוריית,IL,"בורקס יפו תפו""א",יחידה,0.00,יחידה,false,,15.90,0.0000,true,1,93936
7290014218536,false,בצק עלים מרודד מופחת שומן מעדנות 1 קג,תנובה מעדנות,IL,בצק עלים מופחת שומן,יחידה,0.00,יחידה,false,,21.90,0.0000,true,1,98749
7290014218932,false,חטיפי פיצה בתוספת זיתים 710 ג' מעדנות,מיוצר עי קונדיטוריית,IL,חטיפי פיצה זיתים מעד,גרמים,710.00,100 גרם,false,,26.90,0.0379,true,1,111449
7290014220317,false,סט בקבוקים לטיול,,,סט בקבוקים לטיול,יחידה,0.00,יחידה,false,,8.90,0.0000,true,1,58782
7290014220423,false,סט קופסאות 2יח',,,סט קופסאות 2יח',יחידה,0.00,יחידה,false,,7.90,0.0000,true,1,116537
7290014220478,false,שקיות לזילוף 20 יח,,,שקיות לזילוף 20 יח,יחידה,0.00,יחידה,false,,9.90,0.0000,true,1,68577
7290014220522,false,שקיות לזילוף 20 יח 3,,,שקיות לזילוף 20 יח 3,יחידה,0.00,יחידה,false,,11.90,0.0000,true,1,68578
7290014220546,false,"סט קופסאות 3 ק""ג",,,"סט קופסאות 3 ק""ג",יחידה,0.00,יחידה,false,,9.90,0.0000,true,1,115168
7290014220591,false,סט קופסאות איחסון,,,סט קופסאות איחסון,יחידה,0.00,יחידה,false,,10.90,0.0000,true,1,115070
7290014236158,false,אשפתון שחור 50 שקיות,,,אשפתון שחור 50 שקיות,יחידה,0.00,יחידה,false,,42.90,0.0000,true,1,106358
7290014236998,false,שקיות אשפה גדולות עם,,,שקיות אשפה גדולות עם,100 יח',25.00,100 יח',false,,9.90,0.3960,true,1,164282
7290014256637,false,"יין מבעבע מוסקטו באזז יקבי כרמל 750 מ""ל",יקבי כרמל Carmel Winery,IL,יין מוסקטו BUZZ,מיליליטרים,750.00,"100 מ""ל",false,,23.90,0.0319,false,1,88808
7290014258723,false,תרכובת מזון צמחי לתינוקות מגיל 0 עד גיל שנה,מטרנה,IL,מטרנה צמחי מגיל 0-12,גרמים,700.00,100 גרם,false,,69.90,0.0999,false,1,68486
7290014265066,false,יין הר עמשא לבן יתיר 750 מל,,,יתיר הר עמשא לבן,מיליליטרים,750.00,"100 מ""ל",false,,99.90,0.1332,true,1,165970
7290014308626,false,פלפל שחור גרוס 100 גרם,תבליני פרג,,פלפל שחור גרוס דק פר,גרמים,100.00,100 גרם,false,,14.90,0.1490,true,1,118353
7290014308633,false,פלפל שחור שלם 80 גר,,,פלפל שחור שלם פרג,גרמים,80.00,100 גרם,false,,14.90,0.1863,true,1,114017
7290014308695,false,תבלין קימל טחון-כרוויה פרג 100 גר,,,קימל שלם תבליני פרג,גרמים,120.00,100 גרם,false,,14.90,0.1242,true,1,167742
7290014308978,false,מקלות קינמון שלם פרג,תבליני הדור השלישי,IL,מקלות קינמון שלם פרג,גרמים,80.00,100 גרם,false,,14.90,0.1863,true,1,118354
7290014309012,false,אגוז מוסקט טחון פרג,תבליני הדור השלישי,IL,אגוז מוסקט טחון פרג,גרמים,40.00,100 גרם,false,,16.90,0.4225,true,1,118355
7290014309128,false,תבלין קצח פרג 120 גר,תבליני הדור השלישי,IL,תבלין קצח,גרמים,120.00,100 גרם,false,,14.90,0.1242,true,1,164273
7290014309180,false,סומך טחון פרג,תבליני פרג,,סומק 120 גרם,גרמים,120.00,100 גרם,false,,14.90,0.1242,true,1,164638
7290014318090,false,מיני ניוקי ללא גלוטן 500 גרם,VINCI,IT,מיני ניוקי ללא גלוטן,גרמים,500.00,100 גרם,false,,15.90,0.0318,true,1,102182
7290014318113,false,"ניוקי תפו""א ללא גלוטן 500 גרם",,,ניוקי תפוח אדמה ללא,גרמים,500.00,100 גרם,false,,15.90,0.0318,true,1,102178
7290014318120,false,ארטישוק צעיר על הגריל בשמן 314 ג' (12),,,ארטישוק צעיר על הגרי,גרמים,314.00,100 גרם,false,,26.90,0.0857,true,1,114193
7290014318137,false,עגבניות מיובשות בשמן 285 ג' (12),,,עגבניות מיובשות בשמן,גרמים,285.00,100 גרם,false,,17.90,0.0628,true,1,102203
7290014318144,false,רבעי ארטישוק מתובלים בשמן 314 גר (12),,,רבעי ארטישוק מתובלים,גרמים,314.00,100 גרם,false,,26.90,0.0857,true,1,102836
7290014318168,false,ממרח פסטו 190 גרם,,,ממרח פסטו 190 גר',גרמים,190.00,100 גרם,false,,14.90,0.0784,true,1,102204
7290014318175,false,ממרח פסטו אדום עגבניות 190 גרם BELL,,,ממרח פסטו אדום עגבני,גרמים,190.00,100 גרם,false,,15.90,0.0837,true,1,102205
7290014318243,false,פולנטה איטלקית עדינה בווקום 1 קג,,,קמח תירס פולנטה עדינ,קילוגרמים,1.00,"ק""ג",false,,10.90,10.9000,true,1,98509
7290014318274,false,"שמן כמהין שחור כשר 250 מ""ל",,,שמן כמהין שחור 250 מ,מיליליטרים,250.00,"100 מ""ל",false,,66.90,0.2676,true,1,102197
7290014318311,false,מארז שלישיית עגבניות חתוכות דק במיץ עגבניות Rosso,,,עגבניות תמר פולפה של,גרמים,1200.00,100 גרם,false,,14.90,0.0124,true,1,103262
7290014318410,false,צלפים כשר 190 גרם,,,צלפים 190 גר',גרמים,190.00,100 גרם,false,,17.90,0.0942,true,1,110329
7290014318441,false,מחית עגבניות חלקה 680 ג',,,מחית עגבניות חלקה,גרמים,680.00,100 גרם,false,,11.90,0.0175,true,1,102298
7290014318458,false,מחית עגבניות חתוכות דק Rustica,איטליקה Italica,,עגבניות חתוכות דק 68,גרמים,680.00,100 גרם,false,,11.90,0.0175,true,1,102843
7290014318564,false,טחינה אתיופית מלאה 7,,,טחינה אתיופית מלאה 7,גרמים,720.00,100 גרם,false,,36.90,0.0512,true,1,112135
7290014318571,false,טחינה אתיופית לבנה 720 ג' (12),,,טחינה אתיופית לבנה 7,גרמים,720.00,100 גרם,false,,35.90,0.0499,true,1,112137
7290014318595,false,טחינה אתיופית לבנה 380 גרם,,,טחינה אתיופית לבנה 3,גרמים,380.00,100 גרם,false,,18.90,0.0497,true,1,102180
7290014318663,false,"חומץ תפוחים אורגני 750 מ""ל",,,חומץ תפוחים אורגני 7,מיליליטרים,750.00,"100 מ""ל",false,,17.90,0.0239,true,1,105576
7290014318670,false,רוטב רימונים אורגני,,AZ,"רכז רימונים 250 מ""ל",מיליליטרים,250.00,"100 מ""ל",false,,25.90,0.1036,true,1,107567
7290014318861,false,קרם קוקוס אורגנני 18,,LK,קרם קוקוס אורגני,מיליליטרים,250.00,"100 מ""ל",false,,9.90,0.0396,true,1,121965
7290014321007,false,שמן קוקוס אורגני 350 מל,כפרי בריא,,שמן קוקוס,גרמים,350.00,100 גרם,false,,28.90,0.0826,true,1,94391
7290014321205,false,קרקר גרעיני פשתן 125,"ל.ב. סחר ושיווק בע""מ",IL,קרקר גרעיני פשתן 125,גרמים,125.00,100 גרם,false,,22.90,0.1832,true,1,166700
7290014321212,false,קרקר פשתן ושום 125 ג,"ל.ב. סחר ושיווק בע""מ",IL,קרקר פשתן ושום 125 ג,גרמים,125.00,100 גרם,false,,22.90,0.1832,true,1,166701
7290014338968,false,מיני פנקייק הולנדי ט,טימפוד,,מיני פנקייק בייתי,גרמים,500.00,100 גרם,false,,29.90,0.0598,true,1,122336
7290014338975,false,קרפ הולנדי בייתי,טימפוד,,קרפ הולנדי בייתי,גרמים,600.00,100 גרם,false,,22.90,0.0382,true,1,122337
7290014343412,false,פס מוס ביסקוויטים,,,פס מוס ביסקוויטים,יחידה,0.00,יחידה,false,,59.90,0.0000,true,1,118821
7290014343429,false,פס גבינת שמנת ותותים,,,פס גבינת שמנת ותותים,יחידה,0.00,יחידה,false,,59.90,0.0000,true,1,118820
7290014343450,false,פס מוס גבינה פירורים,נטלי,,פס מוס גבינה פירורים,יחידה,0.00,יחידה,false,,59.90,0.0000,true,1,118823
7290014343498,false,פס מוס גבינה פירורים,נטלי פלוס בעמ,IL,פס גבינה פירורים ללא,יחידה,0.00,יחידה,false,,59.90,0.0000,true,1,118825
7290014343542,false,עוגת פס טריקולד בן ע,נטלי,,פס מוס טריקולד,יחידה,0.00,יחידה,false,,59.90,0.0000,true,1,118826
7290014343573,false,עוגת פס פררה בן עמי,נטלי,,פס מוס פררה,יחידה,0.00,יחידה,false,,59.90,0.0000,true,1,118828
7290014343580,false,עוגת פס אלפחורס בן ע,נטלי,,פס מוס אלפחורס,יחידה,0.00,יחידה,false,,59.90,0.0000,true,1,118829
7290014343658,false,עוגת פס מוס לוטוס ב,נטלי,IL,פס מוס לוטוס,יחידה,0.00,יחידה,false,,59.90,0.0000,true,1,118831
7290014343665,false,מוס אלפחורס חלבי קוט,,,מוס אלפחורס חלבי קוט,יחידה,0.00,יחידה,false,,159.00,0.0000,true,1,118895
7290014397163,false,"מטהר אוויר פרש הום פריחת השקד, ורד אנגלי וכותנה",החברה הדרומית,IL,סנו פרש מיכל מילוי,יחידה,0.00,יחידה,false,,14.90,0.0000,true,1,103972
7290014397170,false,"פרש מיכל מילוי אוטומטיק סופט בלאנס 250 מ""ל סנו",מיוצר עי קונדיטוריית,IL,סנו פרש מילוי,יחידה,0.00,יחידה,false,,14.90,0.0000,true,1,103908
7290014397279,false,שקיות מזון נשלפות XL גדולות במיוחד,"אשפלסט תעשיות בע""מ",IL,שקיות מזון 300 יח' X,יחידה,0.00,יחידה,false,,12.90,0.0000,false,1,57176
7290014397286,false,מרכך כביסה מקסימה מרוכז חלב ודבש 1 ל' סנו,סנו מקסימה,IL,מרכך מרוכז חלב ודבש,ליטרים,1.00,ליטר,false,,16.90,16.9000,true,1,59118
7290014397453,false,סנו אוקסיגן גל מסיר כתמים כביסה לבנה 3 ל,סנו אוקסיג'ן,IL,אוקסיג'ן כביסה לבנה,ליטרים,3.00,ליטר,false,,29.90,9.9667,true,1,59120
7290014397538,false,"סנופרש הום בניחוח בוקר אביבי 350 מ""ל",סנו מפעלי ברונוס בעמ,IL,מטהר אוויר לבית בוקר,מיליליטרים,350.00,"100 מ""ל",false,,12.90,0.0369,true,1,57858
7290014397675,false,סנו מקסימה מרכך כביסה חלב ודבש 4 ליטר,סנו מקסימה,IL,מרכך כביסה מקסימה 4,ליטרים,4.00,ליטר,false,,21.90,5.4750,false,1,60498
7290014397699,false,פוליווקס גרניט פורצלן 2 ליטר+1 ליטר מתנה,סנו,IL,גרניט פורצן,ליטרים,3.00,ליטר,false,,23.90,7.9667,true,1,66347
7290014397767,false,סנו ריצפז פרש הום 2 ליטר בניחוח כותנה-מרכז,"סנו מפעלי ברונוס בע""",IL,רצפז פרש הום 2 ליטר,ליטרים,2.00,ליטר,false,,21.90,10.9500,false,1,60727
7290014397774,false,רצפז פרש הום טבע רענן 2 ל',סנו פרש Fresh,IL,רצפז פרש הום 2 ליטר,ליטרים,2.00,ליטר,false,,21.90,10.9500,false,1,60728
7290014397781,false,סנו ריצפז פרש הום 2 ליטר בניחוח סבון,סנו פרש Fresh,IL,רצפז פרש הום 2 ליטר,ליטרים,2.00,ליטר,false,,21.90,10.9500,false,1,60729
7290014397873,false,מרכך כביסה בבישום עוצמתי ג'נטל בריז,סנו מקסימה,IL,מרכך כביסה סנו מקסימ,ליטרים,4.00,ליטר,false,,21.90,5.4750,false,1,113794
7290014426061,false,משחת שיניים הלו קיטי בטעם ענבים לגיל 2-6,כצט נוביס,IL,משחת שיניים הלו קיטי,מיליליטרים,50.00,"100 מ""ל",false,,10.90,0.2180,true,1,56300
7290014426597,false,משחת שיניים ילדיים קיטי שחור 50 גרם,יושלם,,משחת שיניים הלו קיטי,יחידה,0.00,יחידה,false,,10.90,0.0000,true,1,89817
7290014435704,false,סלמון מעושן 100גר' שמיר,שבעת הימים - שמיר,IL,שמיר-סלמון מעושן 100,גרמים,100.00,100 גרם,false,,21.90,0.2190,true,1,160839
7290014435803,false,מטיאס הולנדי (פרובנציאל) עם בצל בשמן 180 גרם,שבעת הימים - שמיר,IL,מטיאס הולנדי עם בצל,גרמים,180.00,100 גרם,false,,18.90,0.1050,true,1,64168
7290014435810,false,הרינג כבוש ובצל במרינת חמוץ מתוק שמיר 180 ג',שבעת הימים - שמיר,IL,הרינג כבוש עם בצל במ,גרמים,180.00,100 גרם,false,,18.90,0.1050,true,1,64180
7290014435827,false,פילה מקרל מעושן בשמן ויטהול 180 גר,"סלטי שמיר 2006 בע""מ",IL,פילה מקרל מעושן בשמן,גרמים,180.00,100 גרם,false,,24.90,0.1383,true,1,64169
7290014435834,false,מקרל מעושן פרוס בשמן 180 גרם,שבעת הימים - שמיר,IL,מקרל מעושן בשמן,גרמים,180.00,100 גרם,false,,24.90,0.1383,true,1,64170
7290014435841,false,פילה מטיאס הולנדי בשמן שמיר 180ג',סלטי שמיר 2006 בעמ,IL,פילה מטיאס הולנדי בש,גרמים,180.00,100 גרם,false,,18.90,0.1050,true,1,64181
7290014435872,false,סלט הרינג ומיונז שמיר 250ג',שבעת הימים - שמיר,IL,סלט הרינג עם מיונז,גרמים,180.00,100 גרם,false,,18.90,0.1050,true,1,64183
7290014435889,false,סלט מטיאס עם מיונז 180 גרם,שבעת הימים - שמיר,IL,סלט מטיאס עם מיונז,גרמים,180.00,100 גרם,false,,18.90,0.1050,true,1,64184
7290014435896,false,סלט סלומון עם מיונז 180 גר',שבעת הימים - שמיר,IL,סלט סלמון עם מיונז,גרמים,180.00,100 גרם,false,,19.90,0.1106,true,1,64185
7290014441002,false,קיש תרד ומוצרלה,,,קיש תרד ומוצרלה,יחידה,0.00,יחידה,false,,51.90,0.0000,true,1,58995
7290014441019,false,קיש פלפל וגבינת פטה,,,קיש פלפל וגבינת פטה,יחידה,0.00,יחידה,false,,49.90,0.0000,true,1,58996
7290014441026,false,"יין מדבר קברנה סוביניון ערד 750 מ""ל",,,קיש בטטה ושום,יחידה,0.00,יחידה,false,,51.90,0.0000,true,1,58997
7290014441033,false,קיש פטריות ושקדים,,,קיש פטריות ושקדים,יחידה,0.00,יחידה,false,,51.90,0.0000,true,1,58998
7290014441040,false,קיש ברוקולי וקישוא,,,קיש ברוקולי וקישוא,יחידה,0.00,יחידה,false,,51.90,0.0000,true,1,58999
7290014441057,false,קיש בצל וצנובר,,,קיש בצל וצנובר,יחידה,0.00,יחידה,false,,51.90,0.0000,true,1,59000
7290014441095,false,קיש גבינות,,,קיש גבינות,יחידה,0.00,יחידה,false,,49.90,0.0000,true,1,59004
7290014441101,false,קיש גבינות מעושנות,,,קיש גבינות מעושנות,יחידה,0.00,יחידה,false,,49.90,0.0000,true,1,59005
7290014441125,false,לזניה חציל ועגבניות,,,לזניה חציל ועגבניות,יחידה,0.00,יחידה,false,,49.90,0.0000,true,1,59007
7290014441132,false,לזניה תרד וריקוטה,,,לזניה תרד וריקוטה,יחידה,0.00,יחידה,false,,49.90,0.0000,true,1,59008
7290014441217,false,שניר-מאפה פילו תרד,,,שניר-מאפה פילו תרד,יחידה,0.00,יחידה,false,,54.90,0.0000,true,1,60850
7290014441224,false,מיני קיש בטטה תרד ופ,,,מיני קיש בטטה תרד ופ,יחידה,0.00,יחידה,false,,54.90,0.0000,true,1,59010
7290014441231,false,מיני קיש פטריות בצל,,,מיני קיש פטריות בצל,יחידה,0.00,יחידה,false,,54.90,0.0000,true,1,59011
7290014441255,false,שניר-קיש פילו פטריות,,,שניר-קיש פילו פטריות,יחידה,0.00,יחידה,false,,54.90,0.0000,true,1,61360
7290014451018,false,ספוג כלים אקולוגי 4 יח GF,ספונג'ס,CA,ספוג כלים אקולוגי,יחידה,0.00,יחידה,false,,14.90,0.0000,true,1,105313
7290014451230,false,נייר אפייה טבעי 30 דפים GF,גרין פלאש,IL,נייר אפייה טבעי 30 ד,יחידה,0.00,יחידה,false,,16.90,0.0000,true,1,113502
7290014454149,false,לאב ליין וויט דאודורנט רול און,חלאבין Halvin,,דאודורנט רול און,מיליליטרים,80.00,"100 מ""ל",false,,16.90,0.2112,true,1,60586
7290014454194,false,LL-WHITE קרם ידיים 100 ללא אריזה,,,קרם ידיים חלאבין,מיליליטרים,100.00,"100 מ""ל",false,,10.90,0.1090,true,1,66032
7290014454347,false,"דאודורנט סטיק 60 מ""ל",,,"דאודורנט סטיק 60 מ""ל",מיליליטרים,60.00,"100 מ""ל",false,,17.90,0.2983,true,1,97801
7290014455245,false,גבינת גרנה פדנו משולש 29% 200 גרם בית יוסף,מחלבת סוציאלה מנטובה,IT,גבינת גרנה פדנו משול,גרמים,200.00,100 גרם,false,,25.90,0.1295,true,1,93056
7290014455252,false,גבינה קשה מגורדת גרנה פדנו 29% שומן,מחלבות גד,IT,גבינת גרנה פדנו מגור,גרמים,100.00,100 גרם,false,,12.60,0.1260,true,1,93057
7290014455320,false,גבינה כדורי מוצרלה פרסקה גד 100ג',מחלבות גד בעמ,IL,מוצרלה פרסקה כדור -,גרמים,100.00,100 גרם,false,,9.90,0.0990,true,1,90065
7290014455467,false,ירח מתוק מעדן חלב 2% ושיבולת שועל גד 150ג',מחלבות גד,IL,מעדן שיבולת שועל וחל,גרמים,150.00,100 גרם,false,,5.90,0.0393,true,1,93712
7290014455627,false,יוגורט עיזים דובדבן אמרנה 125 גר,מיוצר עי קוד יצרן MK,IL,יוגורט עיזים עם דבדב,גרמים,125.00,100 גרם,false,,6.00,0.0480,true,1,97301
7290014459373,false,"צ'יפס קראנצ'י לתנור קפוא תפוגן 1.5ק""ג",עיצובים 2020 (4.5),IL,תפוגן צ'יפס קראנצ'י,קילוגרמים,1.50,"ק""ג",false,,24.90,16.6000,true,1,93613
7290014459472,false,"צ'יפס קפוא תפוגן 2 ק""ג כשל""פ","תעשיות תפוגן בע""מ",IL,צ'יפס קלאסי תפוגן 2,קילוגרמים,2.00,"ק""ג",false,,29.90,14.9500,true,1,98077
7290014466128,false,"יין הר חרמון אינדיגו 750 מ""ל",מיוצר וממולא על ידי,IL,הר חרמון אינדיגו 201,מיליליטרים,750.00,"100 מ""ל",false,,29.90,0.0399,false,1,57264
7290014466463,false,"יין הר חרמון מסקטו עברית 750 מ""ל","כד בני דרום בע""מ",IL,ירדן הר חרמון מוסקטו,מיליליטרים,750.00,"100 מ""ל",false,,29.90,0.0399,false,1,62851
7290014466609,false,יין מרלו גמלא 2020 750 מל,יקבי רמת הגולן,IL,יין גמלא מרלו 2012,מיליליטרים,750.00,"100 מ""ל",false,,50.00,0.0667,true,1,96282
7290014466890,false,"יין גמלא השמורה קברנה מרלו 2020 750 מ""ל",יקבי רמת הגולן,,יין גמלא השמורה קברנ,מיליליטרים,750.00,"100 מ""ל",false,,49.90,0.0665,true,1,123058
7290014471412,false,"מוזלי בוטנים אגוזים ושקדים 1 ק""ג - 412 ירוק שקדיה","דין שיווק וקלייה בע""",IL,מיזלי בוטנים אגוזים,קילוגרמים,1.00,"ק""ג",false,,18.90,18.9000,true,1,61500
7290014471436,false,"מיזלי צימוקים תפוח קינמון וגרעיני חמניה שקדיה 1ק""ג","דין שיווק וקלייה בע""",IL,מיזלי צימוקים תפוח ק,קילוגרמים,1.00,"ק""ג",false,,19.90,19.9000,true,1,61502
7290014471443,false,"גרנולה צימוקים אגוזים ושקדים1 ק""ג חדש - 443 כתום שקדיה (כתום)","דין שיווק וקלייה בע""",IL,גרנולה צימוקים ואגוז,קילוגרמים,1.00,"ק""ג",false,,19.90,19.9000,true,1,62736
7290014472426,false,קונפיטורה דובדבן חמוץ 450 ג' שקדיה,דין שיווק,IL,קונפיטורה דובדבן חמו,גרמים,450.00,100 גרם,false,,13.90,0.0309,true,1,165085
7290014472433,false,קונפיטורה תות שדה 450 ג' שקדיה,דין שיווק,IL,קונפיטורה תות שדה שק,גרמים,450.00,100 גרם,false,,13.90,0.0309,true,1,165081
7290014472440,false,קונפיטורה שקדיה תפוז 450 ג',דין שיווק,IL,קונפיטורה תפוז שקדיה,גרמים,450.00,100 גרם,false,,13.90,0.0309,true,1,165083
7290014472464,false,שקדיה קונפיטורה משמש,דין שיווק,IL,קונפיטורה משמש שקדיה,גרמים,450.00,100 גרם,false,,13.90,0.0309,true,1,155168
7290014472990,false,ממרח 100% שקדים שקדיה 300 ג',דין שיווק,IL,ממרח שקדים 100%,גרמים,300.00,100 גרם,false,,27.90,0.0930,true,1,65000
7290014503137,false,"יין כנען אדום דלתון 750 מ""ל","איי, בי, אינבוו",IL,יובלים דלתון אדום,מיליליטרים,750.00,"100 מ""ל",false,,37.50,0.0500,true,1,98386
7290014503144,false,יין כנען לבן דלתון 750 מל,"איי, בי, אינבוו",IL,יין יבולים דלתון לבן,מיליליטרים,750.00,"100 מ""ל",false,,37.50,0.0500,true,1,99105
7290014503328,false,"יין עלמה סקארלט 750 מ""ל דלתון","יקב דלתון בע""מ",,יין דלתון עלמה אדום,מיליליטרים,750.00,"100 מ""ל",false,,79.90,0.1065,true,1,66602
7290014525177,false,חטיף סלים פרוט Slim fruit בטעם יוגורט ופירות יער,סלים דליס Slim Delis,ES,חטיף דגנים יוגורט ופ,יחידה,0.00,יחידה,false,,10.90,0.0000,true,1,63183
7290014525290,false,חטיף מרבה סלים דליס קריספי תות 125 גר,סלים דליס Slim Delis,NL,מרבה סלים דליס קריספ,גרמים,125.00,100 גרם,false,,10.90,0.0872,true,1,95239
7290014525306,false,חטיף מרבה סלים דליס קריספי אוכמניות 125,סלים דליס Slim Delis,NL,מרבה סלים דליס קריספ,גרמים,125.00,100 גרם,false,,10.90,0.0872,true,1,95240
7290014525313,false,חטיף מרבה סלים דליס קריספי שוקולד 125 ג,סלים דליס Slim Delis,NL,סלים דליס קריספי שוק,גרמים,125.00,100 גרם,false,,10.90,0.0872,true,1,95730
7290014525665,false,מרבה על חלל עוגיות קקאו וסוכריות שוק חלב 140 יח',"מרבה בע""מ",NL,מרבה על חלל עוגיות ק,גרמים,140.00,100 גרם,false,,9.90,0.0707,true,1,121936
7290014525672,false,מרבה על חלל עוגיות עם סוכריות שוקולד 140 יח',"מרבה בע""מ",NL,מרבה על חלל עוגיות ע,גרמים,140.00,100 גרם,false,,9.90,0.0707,true,1,121937
7290014547322,false,סנסודין זוג מברשות שיניים שיקום כחול+תכל,סנסודיין,CN,זוג מברשות סנסודיין,יחידה,0.00,יחידה,false,,29.90,0.0000,true,1,108525
7290014547353,false,סנסודין זוג מברשות שיניים דואלקר ירוק+יר,סנסודיין,CN,זוג מברשות שיניים סנ,יחידה,0.00,יחידה,false,,19.90,0.0000,true,1,108526
7290014548466,false,פטה עיזים 5% גלילי 200 גרם מחלבת גלילי,חוות רום,,גבינת עיזים מלוחה פט,גרמים,200.00,100 גרם,false,,29.90,0.1495,true,1,122465
7290014562783,false,תרכיז רימונים ללא סו,,,תרכיז רימונים ללא סו,מיליליטרים,250.00,"100 מ""ל",false,,29.90,0.1196,true,1,114865
7290014562981,false,אבקת קקאו 21% שומן 4,,,אבקת קקאו 21% שומן 4,גרמים,400.00,100 גרם,false,,17.90,0.0447,true,1,117490
7290014648081,false,סכיני גילוח חד פעמי לה בלה עשירייה,ניגנבו,CN,סכיני גילוח לה בלה ע,יחידה,0.00,יחידה,false,,9.90,0.0000,true,1,90623
7290014648098,false,סכיני גילוח חד פעמי לה בלה חמישיה,,,סכיני גילוח לה בלה ח,יחידה,0.00,יחידה,false,,9.90,0.0000,true,1,90624
7290014648142,false,אלכוהול LA BELLE 70% מל 100,,,אלכוהול 70%,מיליליטרים,100.00,"100 מ""ל",false,,7.50,0.0750,true,1,105227
7290014648296,false,מקלוני צמר גפן LA BE,,CN,קיסמי אזניים,יחידה,0.00,יחידה,false,,1.50,0.0000,true,1,107917
7290014648692,false,צמר גפן כדורים 72 יח אריזה פסגור,,,צמר גפן כדורים אריזת,יחידה,0.00,יחידה,false,,7.50,0.0000,true,1,168059
7290014648845,false,ספוג רחצה,,,ספוג רחצה,יחידה,0.00,יחידה,false,,12.90,0.0000,true,1,111916
7290014648906,false,מסיר לק מהציפורניים,אקטיב,IL,מסיר לק מהציפורניים,מיליליטרים,100.00,"100 מ""ל",false,,4.90,0.0490,true,1,110763
7290014649033,false,שלישיית ספוגי רחצה לאמבט מפנק,,,שלישיית ספוגי רחצה ע,יחידה,0.00,יחידה,false,,9.90,0.0000,true,1,112217
7290014692299,false,גבינת ברי 125 ג' קסטיאלו ויליפוד,יורו צ'יז Euro Cheese,DK,CASTELLO-גבינת ברי,גרמים,125.00,100 גרם,false,,20.00,0.1600,true,1,60844
7290014692749,false,"שמן זית כתית מעולה 750 מ""ל",וילי פוד,ES,שמן זית כתית מעולה ו,מיליליטרים,750.00,"100 מ""ל",false,,29.90,0.0399,true,1,60951
7290014748613,false,דג טוב מקלוני דגים בציפוי ציפס 600גר,עיצובים 2020 (4.9),IL,מקלוני דגים בציפוי ד,גרמים,600.00,100 גרם,false,,29.90,0.0498,true,1,107497
7290014748651,false,דג טוב פילה אמנון מצופה נתחי שלם 360גר,מוצרי עוף טוב (2001),IL,דג טוב פילה אמנון מצ,גרמים,360.00,100 גרם,false,,32.90,0.0914,true,1,107498
7290014749764,false,שניצל עוף ביתי עדין עוף טוב 700 גרם,מוצרי עוף טוב (2001),IL,עוף טוב שניצל עוף בי,גרמים,700.00,100 גרם,false,,41.90,0.0599,true,1,115996
7290014749887,false,עוף טוב שניצל עוף דק ענק קריספי קלאסי,מולינו ניקולי s.p.a,IL,עוף טוב שניצל דק ענק,גרמים,720.00,100 גרם,false,,37.90,0.0526,true,1,122165
7290014758100,false,מאגדת יוגורט ביו 3% שומן 8 יח' *150ג' תנובה,מיוצר עי קונדיטוריית,IL,מאגדת יוגורט ביו 3%,גרמים,1200.00,100 גרם,false,,16.50,0.0138,true,1,58228
7290014758117,false,מאגדת יוגורט ביו 1.5% שומן 8 יח' *150 ג' תנובה,מיוצר עי קונדיטוריית,IL,מאגדת יוגורט ביו שמי,גרמים,1200.00,100 גרם,false,,16.50,0.0138,true,1,58229
7290014758162,false,חלב עיזים מלא 3.6% קרטון 1 ל' תנובה,תנובה מרכז שיתופי לש,IL,חלב עיזים מלא 3.6%,ליטרים,1.00,ליטר,false,,16.00,16.0000,true,1,60484
7290014758681,false,קוטג' תנובה 1% גביע 250 ג',מיוצר עי קונדיטוריית,IL,קוט'ג 1% תנובה,גרמים,250.00,100 גרם,false,,5.50,0.0220,false,1,58529
7290014759084,false,גבינת שמנת 16% בטעם טבעי 225 ג' נפוליאון,תנובה מרכז שיתופי לש,IL,נפוליאון טבעי 16%,גרמים,225.00,100 גרם,false,,13.90,0.0618,false,1,62807
7290014759909,false,פטה עיזים 5% פיראוס גביע 250 גרם,"תנובה, מחלבת טנא נוג",IL,פטה עיזים 5%,גרמים,250.00,100 גרם,false,,29.50,0.1180,false,1,64576
7290014759978,false,"גבינת קצקבל פלח גלעד 27%, 200 ג'",תנובה חלב,IL,גבינת גלעד קשקבל,גרמים,200.00,100 גרם,false,,26.90,0.1345,false,1,63567
7290014759985,false,"גבינת פרמזן גבע 23% פלח, 200 ג'",תנובה חלב,IL,גבינת פרמזן 200 גר,גרמים,200.00,100 גרם,false,,24.90,0.1245,false,1,63568
7290014759992,false,גבינת רוקפור גליל פלח 140 ג' תנובה,"תנובה, מחלבת תל יוסף",IL,גבינת רוקפור 140 גר,גרמים,140.00,100 גרם,false,,19.90,0.1421,true,1,63569
7290014760134,false,מעדן סויה בטעם וניל אלטרנטיב,תנובה Alternative,IL,מעדן סויה וניל 1.5%,גרמים,125.00,100 גרם,false,,4.10,0.0328,true,1,104734
7290014760141,false,משקה שקדים תנובה E אלטרנטיב,תנובה Alternative,IL,משקה שקדים טרי 1 ליט,ליטרים,1.00,ליטר,false,,12.60,12.6000,true,1,90953
7290014760448,false,גבינה צהובה גלבוע 400 גרם 22% שומן תנובה,מחלבת בית יצחק,IL,גלבוע 400 גר 22%,גרמים,400.00,100 גרם,false,,24.50,0.0613,false,1,65859
7290014760912,false,פרוסות גבינה 28% שומן 400 ג' גוש חלב,תנובה מרכז שיתופי לש,IL,גוש חלב מהדרין 400 ג,גרמים,400.00,100 גרם,false,,25.90,0.0647,false,1,65860
7290014761056,false,מעדן שוקולד חלב מעולה 123 ג' יולו,מיוצר עי קונדיטוריית,IL,מעדן שוקולד חלב YOLO,גרמים,123.00,100 גרם,false,,4.60,0.0374,false,1,68144
7290014761063,false,מעדן שוקולד מריר מעולה 123 ג' יולו,מיוצר עי קונדיטוריית,IL,מעדן שוקולד מריר YOL,גרמים,123.00,100 גרם,false,,4.60,0.0374,false,1,68145
7290014761070,false,מעדן שוקולד לבן מעולה 123 ג' יולו,מיוצר עי קונדיטוריית,IL,מעדן שוקולד לבן מעול,גרמים,123.00,100 גרם,false,,4.60,0.0374,false,1,68146
7290014761193,false,יוגורט עם פירות יער 1.5% שומן 125 ג' פרילי,תנובה מרכז שיתופי לש,IL,פרילי פירות יער 125,גרמים,125.00,100 גרם,false,,3.60,0.0288,true,1,68588
7290014761414,false,יולו מעדן שכבות שוקולד חלב ולבן 123 גר,מיוצר עי קונדיטוריית,IL,מעדן שכבות שןקולד חל,גרמים,123.00,100 גרם,false,,4.60,0.0374,true,1,68149
7290014761612,false,YOLO מעדן שכבות שוקולד מריר ולבן מעולה,מיוצר עי קונדיטוריית,IL,יולו שכבות שוקולד מר,גרמים,120.00,100 גרם,false,,4.60,0.0383,false,1,90645
7290014761698,false,"גבינה צהובה עמק פרוס 28% 600 גרם בד""צ",תנובה מרכז שיתופי לש,IL,עמק משפחתי 600 גר,גרמים,600.00,100 גרם,false,,32.90,0.0548,false,1,109149
7290014762756,false,נפוליאון גבינת שמנת עם בצל 16% שומן,תנובה חלב,IL,נפוליאון בצל 16%,גרמים,225.00,100 גרם,false,,13.90,0.0618,false,1,93908
7290014762800,false,מעדן סויה שוקולד גביע 125 גרם אלטרנטיב,תנובה מרכז שיתופי לש,IL,גביע מעדן סויה בטעם,גרמים,125.00,100 גרם,false,,4.10,0.0328,true,1,101864
7290014762831,false,גבינת שמנת חלפיניו 24% שומן 225 ג' נפוליאון,תנובה מרכז שיתופי לש,IL,נפוליאון חלפיניו,גרמים,225.00,100 גרם,false,,13.90,0.0618,false,1,95358
7290014762848,false,גבינה צהובה מגורדת 22% שומן 500 ג' פתיתי גלבוע,גלבוע - תנובה,IL,פתיתי גלבוע 500 גר,גרמים,500.00,100 גרם,false,,32.90,0.0658,false,1,103914
7290014762909,false,פתיתי מוצרלה 20% שומן 200 ג' השף הלבן,"תנובה, מחלבת תל יוסף",IL,פתיתי מוצרלה,גרמים,200.00,100 גרם,false,,17.90,0.0895,false,1,95309
7290014763098,false,קרם גבינת שמנת 5% עם פלפל שום ובצל 200 ג' תנובה,תנובה,IL,קרם גבינת שמנת בניחו,גרמים,200.00,100 גרם,false,,11.90,0.0595,true,1,95285
7290014763272,false,יוגורט סויה BIO לשתיה תות ובננה אלטרנטיב,תות תעשיות מזון (201,IL,משקה סויה ביו עם תות,מיליליטרים,250.00,"100 מ""ל",false,,5.80,0.0232,true,1,96182
7290014763395,false,גבינה צהובה עמק פרוס 28% 600 גרם מהדרין,תנובה מרכז שיתופי לש,IL,עמק סמי 600 גר,גרמים,600.00,100 גרם,false,,32.90,0.0548,false,1,98295
7290014763418,false,"כד יוגרט תנובה 4% שומן 1.5 ליטר, מהדרין",תנובה מרכז שיתופי לש,IL,יוגורט 1.5 ליטר תנו,ליטרים,1.50,ליטר,false,,17.50,11.6667,true,1,97033
7290014785007,false,גרגרי טפיוקה קטנים,יושלם,,פניני טפיוקה קטן,גרמים,400.00,100 גרם,false,,8.90,0.0223,true,1,58446
7290014785014,false,גרגרי טפיוקה גדולים.,טעמי אסיה Taste of Asia,,פניני טפיוקה גדול,גרמים,400.00,100 גרם,false,,8.90,0.0223,true,1,58447
7290014785069,false,רוטב מירין מתוק לבישול,טעמי אסיה Taste of Asia,CN,"חומץ מירין 250 מ""ל",מיליליטרים,250.00,"100 מ""ל",false,,11.90,0.0476,true,1,66940
7290014785076,false,"קרם קוקוס ללא חומר משמר 400 מ""ל",טעמי אסיה Taste of Asia,TH,קרם קוקוס ללא חומר מ,מיליליטרים,400.00,"100 מ""ל",false,,8.90,0.0223,true,1,63784
7290014785113,false,"רוטב טריאקי גדול 500 מ""ל",טעמי אסיה Taste of Asia,TH,"רוטב טריאקי 500 מ""ל",מיליליטרים,500.00,"100 מ""ל",false,,11.90,0.0238,true,1,97871
7290014785168,false,שיראטקי ג'ל קונג'אק בצורת אטריות,ננטונג דינגבורג סיוי,CN,שירטאקה - אטריות דקו,גרמים,200.00,100 גרם,false,,9.90,0.0495,true,1,66739
7290014785175,false,שיראטקי אטריות קונג'אק עבות,ננטונג דינגבורג סיוי,CN,שירטאקה - אטריות עבו,גרמים,200.00,100 גרם,false,,9.90,0.0495,true,1,66740
7290014785441,false,אטריות ביצים מקצועי 450 גר,,,אטריות ביצים מקצועי,גרמים,450.00,100 גרם,false,,7.90,0.0176,true,1,101746
7290014785458,false,למון גראס מיובש,,,למון גראס מיובש,גרמים,50.00,100 גרם,false,,8.90,0.1780,true,1,166481
7290014785465,false,שורש גלנגל מיובש,,,שורש גלנגל מיובש,גרמים,100.00,100 גרם,false,,11.90,0.1190,true,1,166482
7290014785472,false,עלי קפיר ליים מיובשי,,,עלי קפיר ליים מיובשי,גרמים,10.00,100 גרם,false,,5.90,0.5900,true,1,166478
7290014785489,false,פתיתי פלפל צילי מיוב,,,פתיתי פלפל צילי מיוב,גרמים,100.00,100 גרם,false,,14.90,0.1490,true,1,166483
7290014785564,false,אטריות אודון מוכנות 200 ג',קינגדאן פרימה פודס ק,CN,אטריות מוכנות אודון,גרמים,200.00,100 גרם,false,,2.90,0.0145,true,1,111598
7290014785571,false,"אטריות מוכנות מתאים להקפצה, מרקים ומנות קרות",טעמי אסיה Taste of Asia,,אטריות מוכנות להקפצה,גרמים,200.00,100 גרם,false,,2.90,0.0145,true,1,111599
7290014785588,false,אטריות ראמן מוכנות 180 ג',קינגדאן פרימה פודס ק,CN,אטריות מוכנות ראמן,גרמים,180.00,100 גרם,false,,2.90,0.0161,true,1,111600
7290014785915,false,ממרח קארי מאסאמן,,,ממרח קארי מאסאמן,גרמים,400.00,100 גרם,false,,18.90,0.0472,true,1,119732
7290014785922,false,מחית טום יאם 400 גר',,,מחית טום יאם 400 גר',גרמים,400.00,100 גרם,false,,18.90,0.0472,true,1,117650
7290014785991,false,רוטב סויה ללא גלוטן,טעמי אסיה Taste of Asia,,רוטב סויה ללא גלוטן,מיליליטרים,500.00,"100 מ""ל",false,,12.90,0.0258,true,1,106476
7290014789913,false,עוגיות אוראו עם מילוי קרם וניל 3 * 176 ג',אוראו,IL,מארז שלישיית עוגיות,גרמים,528.00,100 גרם,false,,21.90,0.0415,true,1,62849
7290014803213,false,חומץ יין לבן 500 מ`ל,,IL,חומץ יין לבן 5%,מיליליטרים,500.00,"100 מ""ל",false,,13.50,0.0270,true,1,62801
7290014803220,false,"חומץ בלסמי 5% נאמן 500מ""ל",,,"חומץ בלסמי 500 מ""ל",מיליליטרים,500.00,"100 מ""ל",false,,17.90,0.0358,true,1,64080
7290014803565,false,צנימים עגולים עם חיטה מלאה 300 גרם,,,צנימים עם חיטה מלאה,גרמים,300.00,100 גרם,false,,11.90,0.0397,true,1,67314
7290014860070,false,"מקלוני אורז ללא גלוטן 5 מ""מ 454גר' (אור)",ניינטי נודל קו,TH,מקלוני אורז ללא גלוט,גרמים,454.00,100 גרם,false,,11.90,0.0262,true,1,60978
7290014890145,false,גבינת שמנת בטעם טבעי 25%,גבינות משק יעקבס,IL,גבינת שמנת טבעית,גרמים,225.00,100 גרם,false,,12.90,0.0573,true,1,102062
7290014890152,false,גבינת שמנת עם זיתים ירוקים 25%,גבינות משק יעקבס,IL,גבינת שמנת זיתים 225,גרמים,225.00,100 גרם,false,,12.90,0.0573,true,1,102634
7290014890169,false,גבינת שמנת שום שמיר 25%,גבינות משק יעקבס,IL,גבינת שמנת שום שמיר,גרמים,225.00,100 גרם,false,,12.90,0.0573,true,1,102635
7290014890176,false,גבינת ריקוטה 250 גרם,מחלבת משק יעקובס,IL,ריקוטה 250 גר' יעקבס,גרמים,250.00,100 גרם,false,,11.90,0.0476,false,1,112241
7290014890206,false,קרם פרש 250גרם יעקוב,מחלבת משק יעקובס,IL,קרם פרש 250 גר' יעקב,גרמים,250.00,100 גרם,false,,13.90,0.0556,true,1,111292
7290014890237,false,גבינת קממברט יעקבס 125 גרם,גבינות משק יעקבס,IL,קממברט 125 גר',גרמים,125.00,100 גרם,false,,17.90,0.1432,true,1,100133
7290014890572,false,"יוגורט עיזים משק יעקבס 850 מ""ל",גבינות יעקבס,IL,יוגורט עיזים יעקבס,מיליליטרים,850.00,"100 מ""ל",false,,22.90,0.0269,false,1,165614
7290014890589,false,"יוגורט יווני משק יעקבס 850 מ""ל",גבינות יעקבס,IL,יוגורט יווני יעקבס,מיליליטרים,850.00,"100 מ""ל",false,,19.90,0.0234,false,1,165615
7290014890596,false,גבינת ברי עיזים בייב,משק יעקבס,IL,ברי עיזים בייבי יעקב,גרמים,125.00,100 גרם,false,,21.00,0.1680,true,1,165610
7290014890602,false,קממבר בקר אגוזים משק יעקבס 125 גרם,גבינות יעקבס,IL,קממבר בקר אגוזים יע,גרמים,125.00,100 גרם,false,,17.90,0.1432,false,1,165611
7290014901247,false,"סטייל - שמפו קרטין לאחר החלקה 750 מ""ל",א.ל. ארמן ייצור תמרו,IL,סטייל שמפו קרטין לאח,מיליליטרים,750.00,"100 מ""ל",false,,26.90,0.0359,true,1,65385
7290014901254,false,"סטייל מרכך לשיער קרטין לאחר החלקה, 750 מ""ל",א.ל ארמן ייצור תמרוק,IL,סטייל מרכך קרטין לאח,מיליליטרים,750.00,"100 מ""ל",false,,26.90,0.0359,true,1,65386
7290014901308,false,"סנסודיין משחת שיניים להגנה מלאה 75 מ""ל - סדרת פרמיום","סמית קליין ביצ'ם בע""",GB,סנסודיין הגנה מלאה,מיליליטרים,75.00,"100 מ""ל",false,,25.90,0.3453,true,1,66885
7290014901315,false,סנסודיין משחה הגנה מלאה אקסטרה פרש 75 מל,"סמית קליין ביצ'ם בע""",GB,סנסודיין הגנה מלאה פ,מיליליטרים,75.00,"100 מ""ל",false,,25.90,0.3453,true,1,66886
7290014901605,false,אקווה פרש מברשת שיניים ג'ניור,אקווה פרש,,אקווה פרש מברשת שיני,יחידה,0.00,יחידה,false,,15.90,0.0000,true,1,113035
7290014905207,false,הפי ג'ל ניקוי אסלה יעקבי,איי פי אס,TR,"W.C אסלות 750 מ""ל",מיליליטרים,750.00,"100 מ""ל",false,,9.90,0.0132,true,1,63192
7290014905337,false,מגבת מיקופייבר לכל,יעקובי,,מגבת מיקופייבר לכל,יחידה,0.00,יחידה,false,,4.90,0.0000,true,1,64825
7290014905344,false,הפי קצף לשטיחים מנקה ומרענן,שרווין ווליאמס,US,הפי קצף לשטיחים,מיליליטרים,623.00,"100 מ""ל",false,,19.90,0.0319,true,1,64127
7290014905498,false,הפי מטליות דו צדדיות בגליל 20 מטליות,ג'נרל מילס סאן אדריא,TR,הפי גם וגם מטלית דו,יחידה,0.00,יחידה,false,,12.90,0.0000,true,1,65430
7290014905689,false,"נוזל כלים הפי מרוכז 24% תפוח 750 מ""ל",יעקובי הפי,IL,"הפי כלים 750 מ""ל ירו",מיליליטרים,750.00,"100 מ""ל",false,,7.90,0.0105,true,1,67458
7290014905696,false,"נוזל כלים הפי מרוכז 24% לימון 750 מ""ל",יעקובי הפי,IL,"הפי כלים 750 מ""ל צהו",מיליליטרים,750.00,"100 מ""ל",false,,7.90,0.0105,true,1,67459
7290014905719,false,הפי לימונית למדיח כלים - מנטרל ריחות רעים,יעקבי - הפי Hepi,IT,הפי לימונית למדיח,יחידה,0.00,יחידה,false,,13.90,0.0000,true,1,68032
7290014905733,false,"הפי פרפקט לניקוי שמשות 750 מ""ל",יעקובי הפי,TR,"הפי לחלונות 750 מ""ל",מיליליטרים,750.00,"100 מ""ל",false,,7.90,0.0105,true,1,67460
7290014910379,false,מלפפונים במלח לינה 6,יוניקורן פיקלס,,מלפפונים במלח לינה,גרמים,690.00,100 גרם,false,,8.90,0.0129,true,1,105913
7290014910386,false,קורנישונים במלח לינה,יוניקורן פיקלס,,קורנישון במלח 690 גר,גרמים,690.00,100 גרם,false,,9.90,0.0143,true,1,101198
7290014910461,false,"ערק יודה 700 מ""ל כשל",ישראל,IL,ערק יודה,מיליליטרים,700.00,"100 מ""ל",false,,59.90,0.0856,true,1,108671
7290014910515,false,שימורי שפרוטים מעושנים בשמן צמחי 250 גר,,,שימורי דגים שפרוטים,גרמים,250.00,100 גרם,false,,11.90,0.0476,true,1,102810
7290014931077,false,עירית עם שורש,תעשיות תמרוקים שיק 1,IL,עירית,יחידה,0.00,יחידה,false,,7.90,0.0000,true,1,64801
7290014931084,false,רוזמרין אורגנו,מהשורש לאורך חיים,IL,אורגנו,יחידה,0.00,יחידה,false,,7.90,0.0000,true,1,64802
7290014931091,false,קורנית- טימין ארוז,מהשורש לאורך חיים,IL,קורנית/טימין,יחידה,0.00,יחידה,false,,7.90,0.0000,true,1,64803
7290014931176,false,עלי חסה רומית מהדרין,רימון,IL,עלי חסה רומית,יחידה,0.00,יחידה,false,,8.90,0.0000,true,1,65899
7290014931190,false,פאק צוי שורשים,משק מורדכי גדי בעמ,IL,פאק-צ'וי,יחידה,0.00,יחידה,false,,11.00,0.0000,true,1,65737
7290014931206,false,גרגירי נחלים הידרופו,מהשורש לאורך חיים,IL,גרגר הנחלים,יחידה,0.00,יחידה,false,,8.50,0.0000,true,1,65900
7290014940901,false,לחם פשוט מלא 750 ג' אנג'ל,מאפית אנגל,IL,לחם פשוט מלא אנג'ל,מיליליטרים,750.00,"100 מ""ל",false,,13.90,0.0185,true,1,90230
7290014947023,false,פריכיות כוסמין ללא ת,זן - בר,IL,פירכיות כוסמין ללא מ,גרמים,115.00,100 גרם,false,,9.90,0.0861,true,1,107639
7290014947047,false,פריכיות כוסמת עם מלח 175 גרם,זן בר המכללה לטבעונו,IL,זן-בר- פריכיות כוסמת,גרמים,160.00,100 גרם,false,,9.90,0.0619,true,1,90687
7290014949744,false,"אוטן טרופי ספריי יבש 100 מ""ל",מיוצר עי קונדיטוריית,PL,אוטן טרופי ספריי יבש,מיליליטרים,100.00,"100 מ""ל",false,,19.90,0.1990,true,1,64520
7290014949768,false,אוטן אפטר בייט 25 מ''ל,המאפיה של הרמן,IT,"אוטן אפטר בייט 25 מ""",מיליליטרים,25.00,"100 מ""ל",false,,26.90,1.0760,true,1,64521
7290014962521,false,"טפטפים משחת שיניים לילדים מגיל 2-6 50 מ""ל",כצט CTS,IL,משחת שיניים טפטפים,מיליליטרים,50.00,"100 מ""ל",false,,11.50,0.2300,true,1,112397
7290014962538,false,משחת שיניים ג'וניור מנטה מעודן לגילאי 6+,כצט CTS,IL,משחת שיניים טפטפים,מיליליטרים,50.00,"100 מ""ל",false,,11.50,0.2300,true,1,112398
7290014974593,false,גביעי גלידריה ללא גלוטן 12 יחי',כרמית תעשיות ממתקים,IL,גביעי גלידה ללא גלוט,גרמים,132.00,100 גרם,false,,13.50,0.1023,true,1,101147
7290015009294,false,גבינת פרמיזאנו ראזאנ,פורגאנה,IT,פרמז'אנו ראז'אנו 170,גרמים,170.00,100 גרם,false,,27.90,0.1641,true,1,101405
7290015009317,false,נאצ`וס תירס טבעי 200 גרם,אוקי סנייקס,DK,נאצ'וס תירס טבעי 200,גרמים,200.00,100 גרם,false,,10.90,0.0545,true,1,165391
7290015009324,false,נאצוס סבוריטו ברביקי,אוקי סנקס,DK,נאצ'וס ברביקיו 200 ג,גרמים,200.00,100 גרם,false,,10.90,0.0545,true,1,165389
7290015009331,false,חטיף נאצוס חריף סגול,מנדלז סי.אר. פרודקשן,DK,נאצ'וס חריף 200 גר',גרמים,200.00,100 גרם,false,,10.90,0.0545,true,1,165390
7290015009355,false,רוטב חומץ בלסמי מצוצ,,ES,רוטב חומץ בלסמי מצומ,מיליליטרים,250.00,"100 מ""ל",false,,19.90,0.0796,true,1,114830
7290015009362,false,רוטב בלסמי לבן מצומצ,,ES,רוטב חומץ בלסמי לבן,מיליליטרים,250.00,"100 מ""ל",false,,19.90,0.0796,true,1,114831
7290015009379,false,"מיץ לימון משומר 946 מ""ל",,ES,מיץ לימון משומר 946,מיליליטרים,946.00,"100 מ""ל",false,,16.90,0.0179,true,1,109352
7290015009386,false,מיץ ליים משומר דניאל,,ES,מיץ לימון משומר 946,מיליליטרים,946.00,"100 מ""ל",false,,17.90,0.0189,true,1,110622
7290015009393,false,זיתים שחורים מגולענים מזן קלמטה 430 גרם,אידיאל ס.א,GR,זיתים שחורים מגולעני,גרמים,230.00,100 גרם,false,,15.90,0.0691,true,1,114828
7290015009409,false,זיתים שחורים מזן טאסוס במלח 250 גרם,אדיאל ס.א,GR,זיתים שחורים מזן טאס,גרמים,250.00,100 גרם,false,,15.90,0.0636,true,1,114829
7290015009447,false,זיתים שחורים מזן קלמטה 440 גרם,,GR,זיתים שחורים מזן קלמ,גרמים,440.00,100 גרם,false,,16.90,0.0384,true,1,114639
7290015009508,false,סירופ מייפל טהור 250 מל,דרק אמבר,US,סירופ מייפל טהור 250,מיליליטרים,250.00,"100 מ""ל",false,,25.90,0.1036,true,1,164684
7290015039246,false,נתחי טונה בשמן צמחי רביעיה * 160 ג' וילי פוד,וילי פוד,TH,רביעיה טונה ויליפוד,גרמים,640.00,100 גרם,false,,19.90,0.0311,false,1,66437
7290015039253,false,וילי פוד עלי גפן במי מלח 620 גר,קוראהן פזלרמה וי דיס,TR,עלי גפן במי מלח,גרמים,620.00,100 גרם,false,,10.90,0.0176,true,1,65777
7290015039499,false,ויליפוד עוגיות חמאה איטלקיות מובחרות 1ק,טדסקו אס.אר.אל ויה ד,IT,עוגיות איטלקיות מובח,קילוגרמים,1.00,"ק""ג",false,,10.90,10.9000,true,1,102545
7290015127660,false,סילאן תמרים אורגני 420 גרם,,IL,סילאן תמרים אורגני 4,גרמים,420.00,100 גרם,false,,27.90,0.0664,true,1,115888
7290015129121,false,סקיני פסטה נודלס 270 גרם,הוויזאי וואנגייה פוד,CN,סקיני פסטה נודלס,גרמים,270.00,100 גרם,false,,10.90,0.0404,true,1,67083
7290015129145,false,אטריות קונג'אק בתוספת טפיוקה בצורת ספגטי,הוויזאי וואנגייה פוד,CN,סקיני פסטה ספגטי,גרמים,270.00,100 גרם,false,,10.90,0.0404,true,1,67013
7290015129220,false,איטריות קונגאק ללא גלוטן 270 גרם skinny,אף.סי תבליני בגליל ב,CN,סקיני פסטה בצורת קוס,גרמים,270.00,100 גרם,false,,10.90,0.0404,true,1,90130
7290015129251,false,איטריות קונגאק ללא גלוטן 270 גרם skinny,אף.סי תבליני בגליל ב,CN,סקיני פסטה בצורת פטו,יחידה,270.00,יחידה,false,,10.90,0.0404,true,1,91567
7290015129312,false,סקיני סופ תבשיל מרק בטעם עוף 214 גרם,אף.סי תבליני בגליל ב,CN,סקיני סופ תבשיל מרק,גרמים,234.00,100 גרם,false,,17.90,0.0765,true,1,114552
7290015129657,false,סקיני פסטה פנה אורגנ,סקיני פסטה,CN,סקיני פסטה פנה,גרמים,270.00,100 גרם,false,,10.90,0.0404,true,1,166740
7290015129756,false,סקיני פסטה שיבולת שועל פטוציני 270 גרם,סצ'ואן סנטאיואן,CN,אברמסון סקיני פסטה פ,גרמים,200.00,100 גרם,false,,10.90,0.0545,true,1,109680
7290015139250,false,"כרמית שוקולד מריר עם פצפוצי אורז לל""ס",כרמית תעשיות ממתקים,IL,שוקולד מריר עם פצפוצ,גרמים,85.00,100 גרם,false,,5.90,0.0694,true,1,91744
7290015139267,false,שוקולד מריר עם שקדים ללא תוספת סוכר וסטהיים,כרמית תעשיות ממתקים,IL,כרמית שוקולד מריר עם,גרמים,85.00,100 גרם,false,,5.90,0.0694,true,1,91309
7290015139526,false,וופל בציפוי ומילוי שוקו ללא גלוטן,כרמית תעשיות ממתקים,IL,חופשי ופל בציפוי ומי,גרמים,125.00,100 גרם,false,,9.90,0.0792,true,1,93615
7290015139533,false,וופל לימון ללא ציפוי 200 ג' -חופשי-ללא גלוטן,כרמית תעשיות ממתקים,IL,חופשי ופל לימון כרמי,גרמים,200.00,100 גרם,false,,9.90,0.0495,true,1,93369
7290015139571,false,חופשי ופל בארים בציפוי שוקולד 25 גר,כרמית תעשיות ממתקים,IL,חופשי ופל מצופה ללא,גרמים,125.00,100 גרם,false,,9.90,0.0792,true,1,93373
7290015150088,false,מחית עגבניות גראנד איטליה 700 גרם,שוורצקוף& הנקל דיסלד,IT,מיץ עגבניות 700 גרם,גרמים,700.00,100 גרם,false,,12.90,0.0184,true,1,89802
7290015150118,false,עגבניות חתוכות דק בלה איטליה 3*400 ג',אמיליאנה קונסרב ס.פ.,IL,עגבניות חתוכות דק של,גרמים,1200.00,100 גרם,false,,13.90,0.0116,true,1,89803
7290015150361,false,תה ירוק נענע סטיביה 25 שקיקים ויסוצקי,ויסוצקי ירוק,IL,תה ירוק נענע סטיביה,גרמים,37.50,100 גרם,false,,24.90,0.6640,false,1,90205
7290015150590,false,תה ירוק גינגר חריף 25 שקיקים 1.5 גרם,ויסוצקי ירוק,IL,תה ירוק ג'ינג'ר חריף,גרמים,37.50,100 גרם,false,,24.90,0.6640,false,1,92199
7290015150729,false,תה ירקוק סקיני גריני 25 שקיקים,תה ויסוצקי,IL,תה ירוק מיקס 3 טעמים,גרמים,37.50,100 גרם,false,,24.90,0.6640,false,1,94803
7290015150903,false,תה ירוק גן קסום קינמון ודבש 25 שק*1.5 גר,ויסוצקי ירוק,IL,תה ירוק קינמון ודבש,יחידה,0.00,יחידה,false,,24.90,0.0000,false,1,96887
7290015155021,false,פרמיו חטיף דנטלי לכלב ננסי 110גרם,רונדו,DE,פרמיו לכלב דנטל מיני,גרמים,110.00,100 גרם,false,,10.00,0.0909,true,1,104182
7290015155243,false,פרמיו חטיף כריות לתמיכה באנטי -היירבול לחתול 60ג',פרמיו Premio,AT,פרמיו כריות אנטי היי,גרמים,60.00,100 גרם,false,,10.00,0.1667,true,1,167259
7290015155250,false,פרמיו כריות סלמון לחתול 60ג,פרמיו Premio,AT,פרמיו כריות סלמון 60,גרמים,60.00,100 גרם,false,,10.00,0.1667,true,1,167260
7290015155274,false,פרמיו כריות ביוטי לחתול 60ג,פרמיו Premio,AT,כריות עור ופרווה פרמ,גרמים,60.00,100 גרם,false,,10.00,0.1667,true,1,167970
7290015155410,false,פרמיו חטיף כריות דנטל עם עוף 60ג',פרמיו Premio,AT,פרמיו כריות דנטל עוף,גרמים,60.00,100 גרם,false,,10.00,0.1667,true,1,167261
7290015155427,false,פרמיו עוף וכבד לחתול,פרמיו Premio,AU,פרמיו עוף וכבד 15 גר,גרמים,15.00,100 גרם,false,,7.00,0.4667,true,1,167262
7290015155434,false,פרמיו סלמון ופורל 15 ג',,AU,פרמיו סלומון ופורל 1,גרמים,15.00,100 גרם,false,,7.00,0.4667,true,1,167263
7290015155557,false,פרמיו מקלוני ברווז מובחרים 100ג,,CN,פרמיו רצועות סושי בר,גרמים,100.00,100 גרם,false,,15.00,0.1500,true,1,167276
7290015155830,false,מחית תפוחי עץ ובננה חטיפטף ללא תוספת סוכר,פרוטה פודווין איי.אס,CZ,מחית תפוחי עץ ובננה,גרמים,120.00,100 גרם,false,,5.90,0.0492,true,1,101757
7290015155878,false,חטיף אורז אפוי לתינוקות טבעי חטיפטף 28גר,,TH,חטיפטף חטיף אורז אפו,גרמים,28.00,100 גרם,false,,8.50,0.3036,true,1,167887
7290015155892,false,חטיף אורז אפוי לתינוקות בננה חטיפטף 28גר,,TH,חטיפטף בטעם בננה 28,גרמים,28.00,100 גרם,false,,8.50,0.3036,true,1,121146
7290015156653,false,פרמיו חטיף לבבות ברווז 100ג',,CN,פרמיו חטיף לבבות ברו,גרמים,100.00,100 גרם,false,,15.00,0.1500,true,1,167277
7290015156769,false,מחית פרינוק פאוץ' תפוח ואוכמניות 120 גרם,פרוטה פודווין איי.אס,CZ,פאוץ' פרינוק תפוח וא,גרמים,120.00,100 גרם,false,,5.90,0.0492,true,1,108313
7290015156776,false,מחית פירות טרופיים חטיפטף ללא תוספת סוכר,פרוטה פודווין איי.אס,CZ,מחית פירות טרופיים פ,גרמים,120.00,100 גרם,false,,5.90,0.0492,true,1,107143
7290015156813,false,מחית פרינוק פאוץ' פירות מעורבים 120 גרם,פרוטה פודווין איי.אס,CZ,מחית פירות מעורבים פ,גרמים,120.00,100 גרם,false,,5.90,0.0492,true,1,107145
7290015161145,false,קוואקר כוסמין מלא עבה 400 גרם נוטרה זן,נוטרה זן NutraZen,DK,קוואקר כוסמין מלא עב,גרמים,400.00,100 גרם,false,,21.90,0.0547,true,1,120987
7290015161152,false,גרנולה מפתיתי כוסמין בתוספת פירות ואגוזים,נוטרה זן NutraZen,IL,גרנולה כוסמין פירות,גרמים,300.00,100 גרם,false,,27.90,0.0930,true,1,119205
7290015161176,false,"שמן קוקוס אורגני לא מזוכך 330 מ""ל",נוטרה זן NutraZen,,שמן קוקוס אורגני,100 מל,330.00,100 מל,false,,19.90,0.0603,true,1,119317
7290015161244,false,"קרם קוקוס 17% אורגני ללא גלוטן 400 מ""ל נוטרה זן","אינסטנטה בע""מ",LK,קרם קוקוס אורגני 17%,מיליליטרים,400.00,"100 מ""ל",false,,9.90,0.0248,true,1,119820
7290015161350,false,אבקת מרק ירקות אורגני 200 גרם,,DE,אבקת מרק ירקות אורגנ,גרמים,200.00,100 גרם,false,,23.90,0.1195,true,1,119298
7290015161466,false,"חומץ תפוחים 5% אורגני לא מסונן 750 מ""ל",,,חומץ תפוחים אורגני נ,גרמים,300.00,100 גרם,false,,19.90,0.0663,true,1,121231
7290015161534,false,קוואקר שיבולת שועל עבה ללא גלוטן - 400 גרם,נוטרה זן NutraZen,FI,קוואקר עבה ללא גלוטן,גרמים,400.00,100 גרם,false,,21.90,0.0547,true,1,119290
7290015161541,false,קוואקר שיבולת שועל אינסטנט ללא גלוטן - 400 גרם,נוטרה זן NutraZen,FI,קוואקר דק ללא גלוטן,גרמים,400.00,100 גרם,false,,21.90,0.0547,true,1,119291
7290015161572,false,גרנולה אגוזים וגרעינים ללא תוספת סוכר,נוטרה זן NutraZen,IL,גרנולה 28% אגוזים וג,גרמים,300.00,100 גרם,false,,23.90,0.0797,true,1,119293
7290015161589,false,"פת פריכה אורגנית לל""ג ירקות גינה 100 גר",אקסטרודו בצ'יצה,CZ,פת פריכה אורגנית ללא,גרמים,100.00,100 גרם,false,,13.90,0.1390,true,1,119818
7290015161848,false,פת פריכה אורגנית עם כוסמת וקינואה ללא גלוטן,אקסטרודו בצ'יצה,CZ,פת פריכה אורגנית ללא,גרמים,100.00,100 גרם,false,,13.90,0.1390,true,1,119294
7290015161862,false,פת פריכה אורגנית ללא גלוטן - ערמונים 100,אקסטרודו בצ'יצה,CZ,פת פריכה אורגנית ללא,גרמים,100.00,100 גרם,false,,13.90,0.1390,true,1,119295
7290015161879,false,פת פריכה PRO עדשים אדומות וחומות ללא גלוטן,נוטרה זן NutraZen,CZ,פת פריכה אורגנית פרו,גרמים,100.00,100 גרם,false,,13.90,0.1390,true,1,121287
7290015161923,false,קרם קוקוס 22% אורגני ללא גלוטן נוטרה זן,"אינסטנטה בע""מ",LK,קרם קוקוס אורגני נוט,יחידה,0.00,יחידה,false,,12.90,0.0000,true,1,119208
7290015161930,false,"פסטPRO קסרצ'ה פתיתים אורגניים, ללא גלוטן",נוטרה זן NutraZen,IT,פסטה פרו עדשים צהובו,גרמים,250.00,100 גרם,false,,16.90,0.0676,true,1,119280
7290015161978,false,"פסטPRO סלנטאני פתיתים אורגניים, ללא גלוטן",נוטרה זן NutraZen,IT,פסטה פרו עדשים אדומו,גרמים,250.00,100 גרם,false,,16.90,0.0676,true,1,119281
7290015161985,false,"פסטPRO פוזילי פתיתים אורגניים, ללא גלוטן",נוטרה זן NutraZen,IT,פסטה קמח חומוס וכורכ,גרמים,250.00,100 גרם,false,,16.90,0.0676,true,1,119305
7290015161992,false,"פסטPRO קסרצ'ה פתיתים אורגניים, ללא גלוטן",נוטרה זן NutraZen,IT,פסטה עדשים אדומות וד,גרמים,250.00,100 גרם,false,,16.90,0.0676,true,1,119306
7290015172011,false,גיוזה בטטה דים סאם,דים סאם,,דים סאם גיוזה עוף,גרמים,300.00,100 גרם,false,,29.90,0.0997,true,1,93399
7290015172028,false,גיוזה כיסוני חיטה בט,דים סאם מטבח מרכזי כ,,דים סאם גיוזה בטטה,גרמים,300.00,100 גרם,false,,29.90,0.0997,true,1,93400
7290015172073,false,דים סאם גיוזה פטריות,דים סאם מטבח מרכזי כ,,דים סאם גיוזה פטריות,גרמים,300.00,100 גרם,false,,29.90,0.0997,true,1,93402
7290015172097,false,דים סאם גיוזה בקר,דים סאם מטבח מרכזי כ,IL,דים סאם גיוזה בקר,גרמים,300.00,100 גרם,false,,29.90,0.0997,true,1,93403
7290015172202,false,דים סאם -גויזה אדממה,דים סאם,,דים סאם -גויזה אדממה,גרמים,300.00,100 גרם,false,,29.90,0.0997,true,1,123387
7290015172219,false,גיוזה עוף פטריות ופקאן,דים סאם,,דים סאם -גיוזה עוף פ,גרמים,300.00,100 גרם,false,,29.90,0.0997,true,1,123851
7290015172264,false,לחמניות באן מאודות,דים סאם,,לחמניות באן מאודות,גרמים,400.00,100 גרם,false,,31.90,0.0797,true,1,165624
7290015178181,false,ממרח אוליביה - ארטישוק ברוזמרין 180 גרם,יוניליוור גרמניה Gm,IL,ארטישוק ברוזמרין אול,גרמים,180.00,100 גרם,false,,12.90,0.0717,true,1,119657
7290015178204,false,ממרח אוליביה - עגבניות מיובשות בשמש עם לימון 180 גרם,תנובה ב.ע.ד,IL,עגבניות מיובשות בשמש,גרמים,180.00,100 גרם,false,,12.90,0.0717,true,1,119663
7290015282000,false,איקרא אדומה SEVEN SEAS 200 גרם,שבעת הימים - שמיר,IL,איקרה אדומה 200 גר',גרמים,200.00,100 גרם,false,,12.90,0.0645,true,1,116993
7290015282024,false,איקרא לבנה SEVEN SEAS 200 גרם,שבעת הימים - שמיר,IL,איקרה לבנה 200 גר',גרמים,200.00,100 גרם,false,,12.90,0.0645,true,1,116994
7290015282390,false,סלט תורכי 200 גרם שמיר,"סלטי שמיר 2006 בע""מ",IL,סלט תורכי 200 גרם גו,גרמים,200.00,100 גרם,false,,10.90,0.0545,true,1,164723
7290015282581,false,חומוס שמיר אבו גוש עם חריף 200 גר',"סלטי שמיר 2006 בע""מ",IL,חומוס אבו גוש עם חרי,גרמים,200.00,100 גרם,false,,9.90,0.0495,true,1,164707
7290015282598,false,חומוס שמיר מסעדות 200 גר',"סלטי שמיר 2006 בע""מ",IL,חומוס מסעדות 200 גרם,גרמים,200.00,100 גרם,false,,9.90,0.0495,true,1,164708
7290015282604,false,טחינה שמיר מיוחדת גורמה 200ג',"סלטי שמיר 2006 בע""מ",IL,טחינה מיוחדת 200 גרם,גרמים,200.00,100 גרם,false,,9.90,0.0495,true,1,164710
7290015282628,false,חציל שמיר בטעם כבד 200 גר',"סלטי שמיר 2006 בע""מ",IL,חציל בטעם כבד 200 גר,גרמים,200.00,100 גרם,false,,10.90,0.0545,true,1,164718
7290015282635,false,חומוס שמיר מסבחה 200 גר',"סלטי שמיר 2006 בע""מ",IL,חומוס מסבחה 200 גרם,גרמים,200.00,100 גרם,false,,9.90,0.0495,true,1,164709
7290015282642,false,חומוס שמיר אבו גוש 200 גר',"סלטי שמיר 2006 בע""מ",IL,חומוס אבו גוש 200 גר,גרמים,200.00,100 גרם,false,,9.90,0.0495,true,1,164711
7290015282666,false,סלט טונה עם ירקות 200 גר,"סלטי שמיר 2006 בע""מ",IL,סלט טונה עם ירקות 20,גרמים,200.00,100 גרם,false,,16.90,0.0845,true,1,164728
7290015282673,false,חציל שמיר במיונז ביתי 200 גורמה גר',"סלטי שמיר 2006 בע""מ",IL,חציל במיונז ביתי 200,גרמים,200.00,100 גרם,false,,9.90,0.0495,true,1,164706
7290015282697,false,כרוב אדום שמיר גורמה 200גר,"סלטי שמיר 2006 בע""מ",IL,כרוב אדום 200 גרם,גרמים,200.00,100 גרם,false,,10.90,0.0545,true,1,164725
7290015282710,false,קוביות סלק שמיר 200 גר',"סלטי שמיר 2006 בע""מ",IL,קוביות סלק 200 גרם,גרמים,200.00,100 גרם,false,,9.90,0.0495,true,1,164712
7290015282727,false,גזר מרוקאי ברוטב פיקנטי אסלי שמיר 200 ג',"סלטי שמיר 2006 בע""מ",IL,סלט גזר מרוקאי פיקנט,גרמים,200.00,100 גרם,false,,10.90,0.0545,true,1,164726
7290015282734,false,מטבוחה שמיר ביתית גורמה 200 ג ',"סלטי שמיר 2006 בע""מ",IL,מטבוחה ביתית 200 גרם,גרמים,200.00,100 גרם,false,,10.90,0.0545,true,1,164719
7290015282741,false,חציל תאילנדי אסלי שמיר 200 ג',"סלטי שמיר 2006 בע""מ",IL,חציל תאילנדי 200 גרם,גרמים,200.00,100 גרם,false,,10.90,0.0545,true,1,164716
7290015282796,false,"סלט תפו""א שמיר במיונז 200ג'","סלטי שמיר 2006 בע""מ",IL,סלט תפוח אדמה 200 גר,גרמים,200.00,100 גרם,false,,10.90,0.0545,true,1,164721
7290015284004,false,שמפו לכל סוגי השיער ירקות ירוקים ECOLOVE,א.ל. ארמן,IL,שמפו משפחתי לכל סוגי,מיליליטרים,500.00,"100 מ""ל",false,,32.90,0.0658,true,1,66139
7290015284011,false,מרכך לכל סוגי השיער ירקות ירוקים ECOLOVE,א.ל. ארמן,IL,מרכך משפחתי מתיר קשר,מיליליטרים,500.00,"100 מ""ל",false,,32.90,0.0658,true,1,66140
7290015284028,false,סבון גוף ירקות ירוקים 500 מל ECOLOVE,א.ל. ארמן,IL,סבון גוף משפחתי,מיליליטרים,500.00,"100 מ""ל",false,,32.90,0.0658,true,1,66141
7290015284066,false,סבון גוף ירקות אדומים 500 מל ECOLOVE,א.ל. ארמן,IL,סבון גוף,מיליליטרים,500.00,"100 מ""ל",false,,32.90,0.0658,true,1,66145
7290015284073,false,סבון ידיים ירקות אדומים 500 מל ECOLOVE,א.ל. ארמן,IL,סבון ידיים,מיליליטרים,500.00,"100 מ""ל",false,,25.90,0.0518,true,1,66146
7290015284080,false,שמפו לשיער רגיל/יבש ירקות כתומים ECOLOVE,א.ל. ארמן,IL,שמפו לשיער רגיל ויבש,מיליליטרים,500.00,"100 מ""ל",false,,32.90,0.0658,true,1,66147
7290015284097,false,מרכך לשיער רגיל/יבש ירקות כתומים ECOLOVE,א.ל. ארמן,IL,מרכך לשיער רגיל ויבש,מיליליטרים,500.00,"100 מ""ל",false,,32.90,0.0658,true,1,66148
7290015284110,false,סבון ידיים ירקות כתומים 500 מל ECOLOVE,א.ל. ארמן,IL,סבון ידיים,מיליליטרים,500.00,"100 מ""ל",false,,25.90,0.0518,true,1,66150
7290015284134,false,מסכה לשיער רגיל-יבש ירקות כתומים ECOLOVE,א.ל. ארמן,IL,מסיכה לשיער רגיל-יבש,מיליליטרים,350.00,"100 מ""ל",false,,44.90,0.1283,true,1,89905
7290015284172,false,מרכך אקולאב משפחתי 1,א.ל. ארמן,IL,מרכך לשיער משפחתי 1,ליטרים,1.00,ליטר,false,,52.90,52.9000,true,1,120456
7290015284189,false,שמפו משפחתי ירקות ירוקים 1 ליטר,א.ל. ארמן,IL,שמפו משפחתי לכל סוגי,ליטרים,1.00,ליטר,false,,52.90,52.9000,true,1,114318
7290015284202,false,ECOLOVE שמפו לשיער צבוע ויבש מאוד 500 מל,א.ל. ארמן,IL,שמפו לשיער ecolove,מיליליטרים,500.00,"100 מ""ל",false,,32.90,0.0658,true,1,94019
7290015284219,false,ECOLOVE מרכך לשיער צבוע ויבש מאוד 500 מל,א.ל. ארמן,,מרכך שיער ecolove,מיליליטרים,500.00,"100 מ""ל",false,,32.90,0.0658,true,1,94020
7290015284226,false,ס.גוף אקולאב 500מל ס,א.ל. ארמן,,סבון גוף ecolove,מיליליטרים,500.00,"100 מ""ל",false,,32.90,0.0658,true,1,94021
7290015284233,false,ECOLOVE סבון ידיים לעור יבש 500 מל,א.ל. ארמן,,סבון ידיים פירות סגו,מיליליטרים,500.00,"100 מ""ל",false,,25.90,0.0518,true,1,95773
7290015284240,false,ECOLOVE מסיכה לשיער צבוע ויבש מאוד 350 מ,א.ל. ארמן,,מסיכה לשיער צבוע ויב,מיליליטרים,350.00,"100 מ""ל",false,,36.90,0.1054,true,1,94606
7290015284257,false,שמפו לשיער צבוע ירקות סגולים 1 ליטר,א.ל. ארמן,IL,שמפו לשיער צבוע ויבש,ליטרים,1.00,ליטר,false,,52.90,52.9000,true,1,119738
7290015284264,false,סבון גוף לעור יבש ירקות סגולים 1 ליטר,א.ל. ארמן,IL,סבון גוף לעור יבש 1,ליטרים,1.00,ליטר,false,,52.90,52.9000,true,1,119739
7290015284431,false,קרם ידיים אקולאב 100,,IL,קרם ידיים ecoLove לה,מיליליטרים,100.00,"100 מ""ל",false,,18.90,0.1890,true,1,166359
7290015284448,false,קרם גוף ecoLove להזנ,,,קרם גוף ecoLove להזנ,מיליליטרים,150.00,"100 מ""ל",false,,35.90,0.2393,true,1,166362
7290015284653,false,סבון ידיים אקולאב 50,א.ל. ארמן,,סבון ידיים ecoLove ל,מיליליטרים,500.00,"100 מ""ל",false,,25.90,0.0518,true,1,166361
7290015284660,false,שמפו אקולאב לשיער לא,א.ל. ארמן,,שמפו לאחר החלקה ללא,מיליליטרים,500.00,"100 מ""ל",false,,36.90,0.0738,true,1,100225
7290015284677,false,מרכך שיער שעבר החלקה ללא מלח אקולאב 500מ,א.ל. ארמן,,מרכך לאחר החלקה ללא,מיליליטרים,500.00,"100 מ""ל",false,,36.90,0.0738,true,1,100226
7290015284684,false,מסכת שיער שעבר החלקה ללא מלח אקולאב 350מ,א.ל. ארמן,IL,מסיכת שיער לאחר החלק,מיליליטרים,350.00,"100 מ""ל",false,,49.90,0.1426,true,1,100227
7290015306744,false,קמח חומוס 500 גרם,העידן האורגני,IL,קמח חומוס 500 גר',גרמים,500.00,100 גרם,false,,15.90,0.0318,true,1,101978
7290015306751,false,קמח עדשים אדומות 500 גרם,העידן האורגני,IL,קמח עדשים אדומות 500,גרמים,500.00,100 גרם,false,,14.90,0.0298,true,1,101924
7290015321853,false,תבלין תיבול לבייגלה,תבליני פרג,,תבלין תיבול לבייגלה,גרמים,120.00,100 גרם,false,,13.90,0.1158,true,1,123856
7290015324007,false,תבלין פלפל שחור גרוס 80 ג',"תבליני טעם וריח בע""מ",IL,פלפל שחור גרוס 80 גר,גרמים,80.00,100 גרם,false,,9.50,0.1188,true,1,64538
7290015324014,false,תבלין פלפל שחור טחון 80 ג',"תבליני טעם וריח בע""מ",IL,פלפל שחור טחון 80 גר,גרמים,80.00,100 גרם,false,,9.50,0.1188,true,1,64539
7290015324038,false,פפריקה מרוקאית מתוקה בשמן,"תבליני טעם וריח בע""מ",IL,פפריקה בשמן 80 גר שק,גרמים,80.00,100 גרם,false,,5.90,0.0738,true,1,64540
7290015324045,false,תבלין פפריקה חריפה 80 גר' שק',"תבליני טעם וריח בע""מ",IL,פפריקה חריפה שקית 80,גרמים,80.00,100 גרם,false,,5.90,0.0738,true,1,64541
7290015324052,false,תבלין פפריקה מתוקה 80 ג',"תבליני טעם וריח בע""מ",IL,פפריקה מתוקה שקית 80,גרמים,80.00,100 גרם,false,,5.90,0.0738,true,1,64542
7290015324069,false,תערובת תיבול גריל עוף,"תבליני טעם וריח בע""מ",IL,גריל עוף שקית 80 גר,גרמים,80.00,100 גרם,false,,5.90,0.0738,true,1,64543
7290015324076,false,טעם וריח זעתר שקית 8,"תבליני טעם וריח בע""מ",IL,זעתר שקית 80 גר,גרמים,80.00,100 גרם,false,,5.90,0.0738,true,1,64544
7290015324083,false,טעם וריח מלח לימון ש,"תבליני טעם וריח בע""מ",IL,מלח לימון שקית 80 גר,גרמים,80.00,100 גרם,false,,5.90,0.0738,true,1,64545
7290015324090,false,תבלין כמון טחון 80 ג',"תבליני טעם וריח בע""מ",IL,כמון שקית 80 גר,גרמים,80.00,100 גרם,false,,5.90,0.0738,true,1,64546
7290015324106,false,תבלין כורכום טחון 80 גר',"תבליני טעם וריח בע""מ",IL,כורכום שקית 80 גר,גרמים,80.00,100 גרם,false,,5.90,0.0738,true,1,64547
7290015324113,false,טעם וריח בהרט שקית 8,"תבליני טעם וריח בע""מ",IL,בהרט שקית 80 גר,גרמים,80.00,100 גרם,false,,5.90,0.0738,true,1,64548
7290015324120,false,טעם וריח שום גבישי ב,"תבליני טעם וריח בע""מ",IL,שום גבישי שקית 80 גר,גרמים,80.00,100 גרם,false,,5.90,0.0738,true,1,64549
7290015324151,false,תבלין חוויאג למרק ב,"תבליני טעם וריח בע""מ",IL,חוויאג למרק 80 גר שק,גרמים,80.00,100 גרם,false,,5.90,0.0738,true,1,64550
7290015324168,false,תבלין על האש תיבול 80 גר' שק',"תבליני טעם וריח בע""מ",IL,תבלין על האש שקית 80,גרמים,80.00,100 גרם,false,,5.90,0.0738,true,1,64551
7290015324175,false,תבלין שווארמה תיבול 80 גר' שק',"תבליני טעם וריח בע""מ",IL,תבלין לשווארמה 80 גר,גרמים,80.00,100 גרם,false,,5.90,0.0738,true,1,64552
7290015324427,false,סודה לשתיה טעם וריח 80 גר',"תבליני טעם וריח בע""מ",IL,סודה לשתיה שקית 80 ג,גרמים,80.00,100 גרם,false,,3.90,0.0487,true,1,102709
7290015324526,false,תערובת תיבול לפרגיות 80 גרם,"תבליני טעם וריח בע""מ",IL,תערובת תיבול לפרגיות,גרמים,80.00,100 גרם,false,,5.90,0.0738,true,1,112471
7290015324533,false,רוזמרין מכל גדול 55 גרם,"תבליני טעם וריח בע""מ",IL,רוזמרין מיכל גדול 5,גרמים,55.00,100 גרם,false,,9.50,0.1727,true,1,112482
7290015324540,false,טימין מכל גדול 30 גרם,"תבליני טעם וריח בע""מ",IL,טימין מיכל גדול 30 ג,גרמים,30.00,100 גרם,false,,9.50,0.3167,true,1,112483
7290015324557,false,בהרט לבישול מיכל גדול 80 גרם,"תבליני טעם וריח בע""מ",IL,בהרט לבישול מיכל גדו,גרמים,80.00,100 גרם,false,,9.50,0.1188,true,1,112484
7290015324564,false,בכוסברה טחונה מיכל גדול 70 גרם,"תבליני טעם וריח בע""מ",IL,כוסברה טחונה מיכל גד,גרמים,70.00,100 גרם,false,,9.50,0.1357,true,1,112485
7290015324571,false,פפריקה מתוקה בשמן בסגנון מרוקאי 400 גרם,"תבליני טעם וריח בע""מ",IL,פפריקה מתוקה בשמן בס,גרמים,400.00,100 גרם,false,,18.90,0.0472,true,1,114341
7290015324588,false,פלפל לבן טחון 100 גר,"תבליני טעם וריח בע""מ",IL,פלפל לבן טחון 100 גר,גרמים,100.00,100 גרם,false,,12.90,0.1290,true,1,121817
7290015324656,false,זעפרן ספרדי יחידה0.5,"תבליני טעם וריח בע""מ",ES,תבלין זעפרן 0.5 גרם,גרמים,0.50,100 גרם,false,,19.90,39.8000,true,1,118800
7290015324663,false,צ'ילי גרוס חריף אש 70 גרם,"תבליני טעם וריח בע""מ",IL,צ'ילי גרוס חריף במיכ,גרמים,70.00,100 גרם,false,,9.50,0.1357,true,1,120434
7290015324670,false,מטחנת פלפל שחור שלם 50 ג' טעם וריח,קייפ הרב אנד ספייס,ZA,מטחנת פלפל שחור שלם,גרמים,50.00,100 גרם,false,,12.90,0.2580,true,1,165733
7290015324687,false,מטחנת לקט פלפל 50 ג' טעם וריח,קייפ הרב אנד ספייס,ZA,מטחנת לקט פלפל,גרמים,50.00,100 גרם,false,,12.90,0.2580,true,1,165734
7290015324717,false,"מחית שום `טעם וריח, 210 גרם",ליני קאטייאמה פודסטא,CN,מחית שום טעם וריח,גרמים,210.00,100 גרם,false,,13.90,0.0662,true,1,165737
7290015324724,false,מחית צ`ילי חריף `טעם וריח' 230 גרם,ליני קאטייאמה פודסטא,CN,מחית צ'ילי חריף טעם,גרמים,230.00,100 גרם,false,,13.90,0.0604,true,1,165738
7290015324731,false,"מחית ג`ינג`ר `טעם וריח', 210 גרם",ליני קאטייאמה פודסטא,CN,מחית ג'נג'ר טעם וריח,גרמים,210.00,100 גרם,false,,13.90,0.0662,true,1,165739
7290015324748,false,"מחית שום וג`ינגר `טעם וריח', 210 גרם",ליני קאטייאמה פודסטא,CN,מחית שום ג'נג'ר טעם,גרמים,210.00,100 גרם,false,,13.90,0.0662,true,1,165740
7290015335607,false,יוגונאט טבעי 150 גר',טרופיקל דגיל תעשיות,IL,יוגונאט טבעי 150 גר',גרמים,150.00,100 גרם,false,,7.40,0.0493,true,1,112757
7290015335614,false,מעדן ביו תות 150גרם,טרופיקל דגיל תעשיות,IL,יוגונאט תות 150 גר',גרמים,150.00,100 גרם,false,,7.40,0.0493,true,1,112759
7290015335621,false,מעד ביו פירות יער 150 גר,טרופיקל דגיל תעשיות,IL,יוגונאט פירות יער 15,גרמים,150.00,100 גרם,false,,7.40,0.0493,true,1,120363
7290015340236,false,ממרח שקד ללא סוכר 30,יושלם,,ממרח שקד ללא סוכר 30,גרמים,300.00,100 גרם,false,,31.90,0.1063,true,1,67358
7290015340281,false,קמח שקדים ללא גלוטן 500 גרם,"העידן האורגני בע""מ",,קמח שקדים ללא גלוטן,גרמים,400.00,100 גרם,false,,26.90,0.0672,true,1,67612
7290015340304,false,סילאן טבעי 900 גר' ל,,IL,סילאן טבעי 900 גר' ל,גרמים,900.00,100 גרם,false,,21.90,0.0243,true,1,67873
7290015340656,false,חמאת פיסטוק 250ג'- ה,פון בק,IL,חמאת פיסטוק 250ג'- ה,גרמים,250.00,100 גרם,false,,59.90,0.2396,true,1,98805
7290015354899,false,חרדל דיז'ון מעודן 350 גרם,ריין דיז'ון reine dijon,FR,חרדל דיז'ון מעודן 35,גרמים,350.00,100 גרם,false,,11.90,0.0340,true,1,107217
7290015354905,false,חרדל דיזון בתוספת חזרת 370 גרם,ריין דיז'ון reine dijon,FR,חרדל דיז'ון עם חזרת,גרמים,370.00,100 גרם,false,,11.90,0.0322,true,1,107218
7290015355834,false,קטשופ היינץ חריף ומת,היינץ,,קטשופ היינץ חריף ומת,גרמים,855.00,100 גרם,false,,18.90,0.0221,true,1,92156
7290015366359,false,ספירה מכשיר 9 שעות + נוזל 45 לילות,זובלה הולדינגס ס.פ.א,IT,ספירה 45 לילות מכשיר,יחידה,0.00,יחידה,false,,27.90,0.0000,true,1,90944
7290015366748,false,"שמן לשיער ארגן קוקוס סטייל 120 מ""ל",גורי,IL,ארגן שמן,מיליליטרים,120.00,"100 מ""ל",false,,36.90,0.3075,true,1,99888
7290015395045,false,קינואה 400 גרם חתם סופר,"שקדיה גבע תעשיות בע""",IL,קינואה 400 גרם שקדיה,גרמים,400.00,100 גרם,false,,9.90,0.0248,true,1,89793
7290015424738,false,שואו - ג'ל אלוורה 170 גרם,,,שואו ג'ל אלוורה 170,גרמים,170.00,100 גרם,false,,23.90,0.1406,true,1,99000
7290015470094,false,טוסו שוקולד מריר תפוז ללא סוכר 100 גר,ALTINMARKA,TR,טוסו שוקולד מריר תפו,גרמים,100.00,100 גרם,false,,12.90,0.1290,true,1,96267
7290015531009,false,לחם הבית לחם בריאות,,,לחם הבית לחם בריאות,יחידה,0.00,יחידה,false,,17.50,0.0000,true,1,67286
7290015531023,false,לחם כפרי עם גרעיני ח,,,לחם כפרי עם גרעיני ח,יחידה,0.00,יחידה,false,,17.50,0.0000,true,1,67288
7290015531047,false,לחם שיפון זיתים שום,,,לחם שיפון זיתים שום,יחידה,0.00,יחידה,false,,17.50,0.0000,true,1,67290
7290015531054,false,לחם שיפון עגבניות מי,,,לחם שיפון עגבניות מי,יחידה,0.00,יחידה,false,,17.50,0.0000,true,1,67291
7290015531061,false,לחם שיפון עם אגוזי מ,,,לחם שיפון עם אגוזי מ,יחידה,0.00,יחידה,false,,20.00,0.0000,true,1,67292
7290015531078,false,לחם שיפון שומשום,,,לחם שיפון שומשום,יחידה,0.00,יחידה,false,,17.50,0.0000,true,1,67293
7290015531108,false,לחם כוסמין מלא פריסט,,,לחם כוסמין מלא פריסט,יחידה,0.00,יחידה,false,,20.00,0.0000,true,1,67295
7290015531122,false,לחם כוסמין בחוש 100%,,,לחם כוסמין בחוש 100%,יחידה,0.00,יחידה,false,,25.00,0.0000,true,1,92182
7290015531238,false,לחם חיטה מלאה עם אגו,,,לחם חיטה מלאה עם אגו,יחידה,0.00,יחידה,false,,20.00,0.0000,true,1,67299
7290015531405,false,חלה עם צימוקים 540 ג,,IL,חלת שבת אגדת לחם,יחידה,0.00,יחידה,false,,17.50,0.0000,true,1,67302
7290015531412,false,חלת שבת עם קמח מלא,,IL,חלת שבת עם קמח מלא,יחידה,0.00,יחידה,false,,17.50,0.0000,true,1,67303
7290015596398,false,"אלכוג'ל תפוח לשמירת הגיינת ידיים 100 מ""ל","ד""ר פישר Dr fischer",IL,אלכוג'ל קווי לימון 1,מיליליטרים,100.00,"100 מ""ל",false,,9.90,0.0990,true,1,115348
7290015597210,false,טילון קורונטו עם וופל ואגוזי לוז מסוכרים,"גלידת שטראוס בע""מ, ר",IL,מאגדת טילון קורנטו ט,יחידה,0.00,יחידה,false,,34.90,0.0000,true,1,105286
7290015597326,false,מאגדת קרחוני אייס לייט 3 טעמים 260 גר,"גלידת שטראוס בע""מ, ר",IL,מאגדת שלגונים אסקימו,יחידה,0.00,יחידה,false,,25.90,0.0000,true,1,93801
7290015597937,false,קורנטו וניל קלאסי שטראוס 70 גר,"מיוצר ע""י גלידת שטרא",IL,קורנטו קלאסיק,גרמים,70.00,100 גרם,false,,6.90,0.0986,true,1,105287
7290015599016,false,צהובה טבעונית עם זיתים 200 גרם,אריויה ס.א.,GR,צהובה טבעונית עם זית,גרמים,200.00,100 גרם,false,,21.90,0.1095,true,1,99141
7290015599023,false,פרוסות צהובה טבעונית בטעם קלאסי,וגה מוצרים טבעוניים VEGA,GR,צהובה טבעונית בטעם ק,גרמים,200.00,100 גרם,false,,21.90,0.1095,true,1,99143
7290015599054,false,פרוסות צהובה טבעונית בטעם גבינת צ'דר,וגה מוצרים טבעוניים VEGA,GR,צהובה טבעונית בטעם צ,גרמים,200.00,100 גרם,false,,21.90,0.1095,true,1,99142
7290015599061,false,פרוסות צהובה טבעונית בטעם מוצרלה,וגה מוצרים טבעוניים VEGA,GR,גבינה צהובה טבעונית,גרמים,200.00,100 גרם,false,,21.90,0.1095,true,1,99096
7290015599078,false,פרוסות צהובה טבעונית בתוספת עשבי תיבול,וגה מוצרים טבעוניים VEGA,,צהובה טבעונית עם עשב,גרמים,200.00,100 גרם,false,,21.90,0.1095,true,1,99144
7290015599191,false,גבינת שמנת טבעונית בסגנון קלאסי 170 גרם,ביוטי איילנד פודס בע,,ממרח טבעוני בטעם גב,יחידה,0.00,יחידה,false,,16.90,0.0000,true,1,98721
7290015599313,false,גבינת שמנת טבעונית עם בצל ירוק ופלפל,ביוטי איילנד פודס בע,,גבינת שמנת טבעונית ב,יחידה,0.00,יחידה,false,,16.90,0.0000,true,1,98724
7290015599504,false,ממרח בטעם חמאה אורגני 225 גר,גוד פוד פרודקטס S.p,DK,ממרח בטעם חמאה אורגנ,גרמים,225.00,100 גרם,false,,16.90,0.0751,true,1,107213
7290015634113,false,יין עמק האלה רוזה 2015 750 מל,עמק האלה,IL,עמק האלה רוזה,מיליליטרים,750.00,"100 מ""ל",false,,36.90,0.0492,true,1,94631
7290015634120,false,יין עמק האלה אוורד לבן 2015 750 מל,עמק האלה,IL,עמק האלה לבן 2015,מיליליטרים,750.00,"100 מ""ל",false,,36.90,0.0492,true,1,94632
7290015634144,false,יין עמק האלה סירה - פטיט סירה 2013 750 מ,,,עמק האלה פטיט סירה 2,מיליליטרים,750.00,"100 מ""ל",false,,90.00,0.1200,true,1,101104
7290015634151,false,"עמק האלה קברנה סוביניון 2012 750 מ""ל",עמק האלה,IL,עמק האלה קברנה סובינ,מיליליטרים,750.00,"100 מ""ל",false,,69.90,0.0932,true,1,101105
7290015634175,false,עמק האלה אוור רד ק.סוביניון 2015 750 מל,,IL,עמק האלה קברנה 2015,מיליליטרים,750.00,"100 מ""ל",false,,36.90,0.0492,true,1,98449
7290015634182,false,עמק האלה אוורד קברנה/ מרלו 2015 750 מל,עמק האלה,IL,יין אוורד קברנה מרלו,מיליליטרים,750.00,"100 מ""ל",false,,36.90,0.0492,true,1,101777
7290015652254,false,גרעיני חמניה קלויים 400 גרם ששון הקלה,"דין שיווק וקלייה בע""",IL,גרעינים שחורים ששון,גרמים,400.00,100 גרם,false,,10.00,0.0250,true,1,90847
7290015652261,false,בוטנים קלויים 300 גרם ששון הקולה,"דין שיווק וקלייה בע""",IL,בוטנים קלויים ששון ה,גרמים,300.00,100 גרם,false,,10.00,0.0333,true,1,90838
7290015652278,false,תערובת פיצוחים 250 גרם ששון הקולה,"דין שיווק וקלייה בע""",IL,תערובת פיצוחים ששון,גרמים,250.00,100 גרם,false,,20.00,0.0800,true,1,91904
7290015652292,false,קבוקים עם שומשום 400 גרם ששון הקלה,"דין שיווק וקלייה בע""",IL,קבוקים 400 גרם,גרמים,400.00,100 גרם,false,,10.00,0.0250,true,1,92118
7290015652308,false,מנצס 300 גרם ששון הקולה,"דין שיווק וקלייה בע""",IL,מנצ'ס ששון הקולה,גרמים,300.00,100 גרם,false,,10.00,0.0333,true,1,90848
7290015652322,false,בוטנים אמריקאיים מצופים 400 גר ששון הקלה,"דין שיווק וקלייה בע""",IL,בוטן אמריקאי 400 גר',גרמים,400.00,100 גרם,false,,10.00,0.0250,true,1,92119
7290015652407,false,פיסטוק קלוי 250 גר דין שיווק,"דין שיווק וקלייה בע""",IL,פיסטוק 250 גרם,גרמים,250.00,100 גרם,false,,20.00,0.0800,true,1,94883
7290015652605,false,פיסטוק קלוף 100 גרם השף,"דין שיווק וקלייה בע""",IL,פיסטוק קלוף 100 גרם,גרמים,100.00,100 גרם,false,,22.90,0.2290,true,1,94207
7290015663021,false,תבלין ראס אל חנות,נווה תבלין,,תבלין ראס אל חנות,גרמים,100.00,100 גרם,false,,8.90,0.0890,true,1,67956
7290015663052,false,מרק כפרי ביתי 400 גרם JEREMY GOURMET,נווה התבלין,IL,מרק בריאות ביתי 400,גרמים,400.00,100 גרם,false,,19.90,0.0497,true,1,67759
7290015670029,false,עוגיות טבעוניות פירו,קונדיטוריה מרסי,IL,עוגיות טבעוניות פירו,גרמים,250.00,100 גרם,false,,32.90,0.1316,true,1,105720
7290015670036,false,עוגיות קראנץ טבעוני,מרסי,IL,מרסי- עוגיות קראנצ'י,יחידה,0.00,יחידה,false,,32.90,0.0000,true,1,105731
7290015670050,false,עוגיות טבעוניות ג'ינ,מרסי,IL,עוגיות טבעוניות ג'ינ,גרמים,250.00,100 גרם,false,,32.90,0.1316,true,1,105721
7290015670067,false,עוגיות לוז קשיו ושבבי קוקוס 230 גרם,קונדיטוריה מרסי,IL,עוגיות מרסי,יחידה,0.00,יחידה,false,,32.90,0.0000,true,1,119735
7290015670203,false,מטבעות מרסי מיקס גרע,קונדיטוריה מרסי,IL,מרסי- עוגיות מטבות פ,יחידה,0.00,יחידה,false,,32.90,0.0000,true,1,106044
7290015670234,false,מרקסי- עוגיות שומשום,קונדיטוריה מרסי,IL,מרקסי- עוגיות שומשום,יחידה,0.00,יחידה,false,,32.90,0.0000,true,1,105732
7290015670258,false,עוגיות שקד פרוס ותפו,קונדיטוריה מרסי,IL,מרקסי- עוגיות שקד פר,יחידה,0.00,יחידה,false,,32.90,0.0000,true,1,105733
7290015670418,false,עוגיות מרסי חמאה ורי,קונדיטוריה מרסי,IL,מרקסי- עוגיות אלפחור,יחידה,0.00,יחידה,false,,27.90,0.0000,true,1,105734
7290015670432,false,עוגיות גרנולה בריאות,קונדיטוריה מרסי,IL,עוגיות גרנולה בריאות,גרמים,240.00,100 גרם,false,,32.90,0.1371,true,1,105852
7290015670449,false,עוגיות מרסי שבולת שו,קונדיטוריה מרסי,IL,עוגיות גרנולה פירות,גרמים,240.00,100 גרם,false,,32.90,0.1371,true,1,105853
7290015670456,false,עוגיות מרסי בצק פריך,קונדיטוריה מרסי,IL,מרקסי- עוגיות תמרים,יחידה,0.00,יחידה,false,,27.90,0.0000,true,1,105735
7290015670470,false,סהרוני שקד חמאה 240 גרם,קונדיטוריה מרסי,IL,עוגיות סהרוני שקד חמ,גרמים,240.00,100 גרם,false,,27.90,0.1162,true,1,105855
7290015670494,false,עוגיות מרסי בצק חמאה,קונדיטוריה מרסי,IL,מרקסי- עוגיות שקד פר,יחידה,0.00,יחידה,false,,27.90,0.0000,true,1,105736
7290015670630,false,עוגיות מרוקאיות בנגי,קונדיטוריה מרסי,IL,עוגיות מרוקאיות בנגי,גרמים,300.00,100 גרם,false,,27.90,0.0930,true,1,105858
7290015670708,false,עוגיות מרסי בצק פריך,קונדיטוריה מרסי,IL,כעכי שומשום,גרמים,300.00,100 גרם,false,,27.90,0.0930,true,1,105860
7290015673013,false,טחון לצלייה על הגריל,טבע דלי בעמ,IL,טחון לצלייה על הגריל,גרמים,500.00,100 גרם,false,,24.90,0.0498,true,1,92969
7290015673181,false,בורגר מהצומח עם ברוקולי קליפורניה 400 גר,טבע דלי,IL,המבורגר קליפורניה קל,גרמים,400.00,100 גרם,false,,24.90,0.0622,true,1,109405
7290015673570,false,קריספי טופו מוכנים לאכילה 350 גר,טבע דלי,IL,קריספי טופו מוכן 350,גרמים,350.00,100 גרם,false,,25.90,0.0740,true,1,109524
7290015673587,false,קריספי טופו ברוטב אסייתי 350 גר,טבע דלי,IL,קריספי טופו אסייתי 3,גרמים,350.00,100 גרם,false,,25.90,0.0740,true,1,109408
7290015673594,false,קריספי טופו ברוטב בוטנים קארי 350 גר,טבע דלי,IL,קריספי טופו בוטנים 3,גרמים,350.00,100 גרם,false,,22.90,0.0654,true,1,111084
7290015695800,false,נבטי ברוקולי אורגני,הנבטים של אודי,IL,נבטי ברוקולי,גרמים,120.00,100 גרם,false,,11.90,0.0992,true,1,92483
7290015695817,false,נבטי קייל אורגני,הנבטים של אודי,IL,נבטי קייל,גרמים,120.00,100 גרם,false,,11.90,0.0992,true,1,92485
7290015695824,false,נבטי חרדל אורגני,הנבטים של אודי,,נבטי חרדל,גרמים,120.00,100 גרם,false,,11.90,0.0992,true,1,92486
7290015695831,false,נבטי צנונית אורגני,הנבטים של אודי,IL,נבטי צנונית,גרמים,120.00,100 גרם,false,,11.90,0.0992,true,1,92487
7290015695848,false,נבטי אלפלפא אורגני,,,נבטי אלפלפא,גרמים,100.00,100 גרם,false,,11.90,0.1190,true,1,92488
7290015695855,false,נבטי חמניה אורגני,הנבטים של אודי,IL,נבטי חמניה,גרמים,100.00,100 גרם,false,,10.90,0.1090,true,1,92351
7290015695916,false,מיקס נבטים ענק אורגני,הנבטים של אודי,IL,מיקס נבטים ענק,גרמים,200.00,100 גרם,false,,19.90,0.0995,true,1,92499
7290015695923,false,נבטים סינים אורגנים,מושב אחיטוב,IL,נבטים סיניים,יחידה,0.00,יחידה,false,,9.90,0.0000,true,1,95880
7290015695947,false,נבטי אפונה ירוקה לסל,הנבטים של אודי,IL,נבטי אפונה,יחידה,0.00,יחידה,false,,10.90,0.0000,true,1,100030
7290015695961,false,מיקס עלי בייבי אורגנ,,,מיקס עלי בייבי אורגנ,יחידה,0.00,יחידה,false,,11.90,0.0000,true,1,103238
7290015699730,false,סבון דה מארסיי יעקבי 1.5 ליטר *חדש-,יעקובי הפי,BE,סבון רצפות דה מרסיי,ליטרים,1.50,ליטר,false,,11.90,7.9333,true,1,94874
7290015733120,false,מטרנה גולד שלב 1 תרכובת מזון על בסיס חלבי,מטרנה,IL,מטרנה גולד שלב 1 700,גרמים,700.00,100 גרם,false,,75.90,0.1084,false,1,106126
7290015753227,false,מגב קליק (פטנט) 50,,,מגב קליק 50+מקל,יחידה,0.00,יחידה,false,,28.90,0.0000,true,1,97514
7290015753234,false,מגב קליק+מקל מתכת,Ningbo cleaning indu,CN,מגב קליק 60+מקל,יחידה,0.00,יחידה,false,,32.90,0.0000,true,1,97597
7290015753241,false,יעה גומי+מברשת,,,יעה גומי+מברשת,יחידה,0.00,יחידה,false,,10.00,0.0000,true,1,92722
7290015753340,false,מקלוני כותנה 300 יח',,,מקלוני כותנה 300 יח',יחידה,0.00,יחידה,false,,3.90,0.0000,true,1,119780
7290015753371,false,מגב קליק 40 פרימיום,Pierina,IT,מגב קליק +מקל 40,יחידה,0.00,יחידה,false,,28.90,0.0000,true,1,97861
7290015753388,false,מגב קליק 50 פרימיום,,,מגב קליק +מקל50,יחידה,0.00,יחידה,false,,32.90,0.0000,true,1,97862
7290015753395,false,מגב קליק+מקל60,,,מגב קליק+מקל60,יחידה,0.00,יחידה,false,,36.90,0.0000,true,1,97854
7290015759007,false,נר נשמה 24 שעות פח כ,,,נר נשמה 24 שעות בפח,יחידה,0.00,יחידה,false,,1.80,0.0000,true,1,168480
7290015781008,false,"יין ויז'ן מרלו 750 מ""ל",יקב טפרברג 1870 בעמ,IL,יין מרלו VISION טפרב,מיליליטרים,750.00,"100 מ""ל",false,,39.90,0.0532,true,1,91135
7290015781015,false,"יין ויז'ן מלבק 750 מ""ל",יקב טפרברג 1870 בעמ,IL,יין מלבק VISION טפרב,מיליליטרים,750.00,"100 מ""ל",false,,39.90,0.0532,true,1,91136
7290015781046,false,יין VISION לבן חצי יבש 750 מל,יקב טפרברג 1870 בעמ,IL,יין לבן חצי יבש VISI,מיליליטרים,750.00,"100 מ""ל",false,,39.90,0.0532,true,1,91137
7290015781053,false,"יין ויז'ן לבן יבש 750 מ""ל",יקב טפרברג 1870 בעמ,IL,יין לבן יבש VISION ט,מיליליטרים,750.00,"100 מ""ל",false,,39.90,0.0532,true,1,91138
7290015781091,false,"יין ויז'ן קברנה סובניון 750 מ""ל",יקב טפרברג 1870 בעמ,IL,יין קברנה סוביניון V,מיליליטרים,750.00,"100 מ""ל",false,,39.90,0.0532,true,1,91139
7290015781114,false,"יין אימפרשן מרלו 750 מ""ל",יקב טפרברג 1870 בעמ,IL,יין מרלו אימפריישן ט,מיליליטרים,750.00,"100 מ""ל",false,,49.90,0.0665,true,1,91067
7290015781121,false,"קברנה סוביניון אימפרשיאון 750 מ""ל-מרכז",יקב טפרברג 1870 בעמ,IL,יין קברנה סוביניון א,מיליליטרים,750.00,"100 מ""ל",false,,49.90,0.0665,true,1,91068
7290015781138,false,"שרדונה אימפרשיאון 750 מ""ל",יקב טפרברג 1870,IL,יין שרדונה אימפריישן,מיליליטרים,750.00,"100 מ""ל",false,,49.90,0.0665,true,1,91069
7290015781152,false,"רוזה אימפרשיאון 750 מ""ל",יקב טפרברג 1870,IL,יין רוזה אימפריישן ט,מיליליטרים,750.00,"100 מ""ל",false,,49.90,0.0665,true,1,91070
7290015781169,false,"יין קברנה סוביניון - חצי יבש אימפרשן 750מ""ל",יקב טפרברג 1870 בעמ,IL,יין קברנה סוביניון ח,מיליליטרים,750.00,"100 מ""ל",false,,49.90,0.0665,true,1,91071
7290015781282,false,"יין גוורצטמינר אימפרשן 750מ""ל",יקב טפרברג 1870,IL,יין גוורצטמינר אימפר,מיליליטרים,750.00,"100 מ""ל",false,,49.90,0.0665,true,1,91072
7290015781299,false,יין שיראז אדום טפמבר,יקב טפרברג 1870 בעמ,IL,יין שיראז VISION טפר,מיליליטרים,750.00,"100 מ""ל",false,,39.90,0.0532,true,1,91140
7290015781305,false,"יין אימפרשן סירה 750 מ""ל",יקב טפרברג 1870 בעמ,IL,יין סירה אימפריישן ט,מיליליטרים,750.00,"100 מ""ל",false,,49.90,0.0665,true,1,91073
7290015781657,false,"יין אלגרו למברוסקו רוזה, 750 מ""ל",יקב טפרברג 1870 בעמ,IL,אלגרו למברוסקו רוזה,מיליליטרים,750.00,"100 מ""ל",false,,29.90,0.0399,true,1,104531
7290015790000,false,גרגירי רימונים בקופס,חקלאי,IL,גרעיני רימון,גרמים,250.00,100 גרם,false,,15.90,0.0636,true,1,91418
7290015790017,false,פלחי פומלה מוכנים לא,חקלאי,IL,פלחי פומלה מוכנים לא,גרמים,250.00,100 גרם,false,,15.90,0.0636,true,1,103615
7290015804400,false,עגבניות מרוסקות טל 260 ג',טל וטרי,IL,עגבניות מרוסקות 250,גרמים,250.00,100 גרם,false,,3.20,0.0128,false,1,94194
7290015804417,false,עגבניות מרוסקות מתובלות עם שום,טל,,עגבניות מרוסקות עם ש,גרמים,250.00,100 גרם,false,,3.20,0.0128,false,1,94195
7290015804424,false,עגבניות מרוסקות ובזיליקום ועשבי תיבול טל 260 ג',טל,,עגבניות מרוסקות בזיל,גרמים,250.00,100 גרם,false,,3.20,0.0128,false,1,94196
7290015804486,false,רוטב עגבניות מרוכז ומתובל לשקשוקה,טל וטרי,IL,עגבניות מרוסקות בטעם,גרמים,250.00,100 גרם,false,,3.20,0.0128,false,1,94197
7290015839006,false,שטרודל וינאי במילוי,נתי שטרודל וינאי בעמ,IL,שטרודל וינאי במילוי,גרמים,560.00,100 גרם,false,,26.90,0.0480,true,1,113524
7290015839013,false,פרסבורג גבינה נתי קפ,נתי שטרודל וינאי בעמ,IL,שטרודל וינאי במילוי,גרמים,560.00,100 גרם,false,,26.90,0.0480,true,1,113525
7290015839020,false,שטרודל וינאי במילוי,נתי שטרודל וינאי בעמ,IL,שטרודל וינאי במילוי,גרמים,500.00,100 גרם,false,,26.90,0.0538,true,1,113523
7290015839051,false,שטרודל תפוחים ללא סו,נתי שטרודל וינאי בעמ,IL,שטרודל תפוחים ללא סו,גרמים,500.00,100 גרם,false,,26.90,0.0538,true,1,122550
7290015839075,false,שטרודל גבינה קפוא לל,נתי שטרודל וינאי בעמ,IL,שטרודל גבינה ללא תוס,גרמים,500.00,100 גרם,false,,26.90,0.0538,true,1,123294
7290015839082,false,שטרודל גבינה אוכמניו,נתי שטרודל וינאי בעמ,IL,שטרודל וינאי גבינה ו,גרמים,500.00,100 גרם,false,,26.90,0.0538,true,1,122551
7290015839099,false,שטרודל גבינה שוקו קפ,קומפני לה פרוניה,IL,שטרודל גבינה עם שוקו,גרמים,500.00,100 גרם,false,,26.90,0.0538,true,1,165054
7290015848978,false,"ד""ר פישר - אולטרסול קרם פנים 75 מ""ל 30SPF",פישר מעבדות פרמצבטיו,IL,אולטרסול קרם פנים 30,יחידה,0.00,יחידה,false,,29.90,0.0000,true,1,95146
7290015858106,false,ממרח פסטו ביתי 180 ג' עללחם,מדשא תעשיות מזון בעמ,IL,פסטו ביתי מצונן,גרמים,180.00,100 גרם,false,,15.90,0.0883,true,1,101655
7290015858113,false,ממרח עגבניות מיובשות עללחם 180 גרם,מדשא תעשיות מזון בעמ,IL,ממרח עגבניות מיובשות,גרמים,180.00,100 גרם,false,,15.90,0.0883,true,1,101656
7290015858144,false,ממרח ארטישוק עללחם 180 גרם,מדשא תעשיות מזון בעמ,IL,ממרח ארטישוק מצונן,גרמים,180.00,100 גרם,false,,15.90,0.0883,true,1,101659
7290015858175,false,ממרח פלפלים קלויים עללחם 180 גרם,מדשא תעשיות מזון בעמ,IL,ממרח פלפלים קלויים מ,גרמים,180.00,100 גרם,false,,15.90,0.0883,true,1,101662
7290015858212,false,ממרח לימון כבוש עללחם 180 גרם,מדשא תעשיות מזון בעמ,IL,ממרח לימון כבוש מצונ,גרמים,180.00,100 גרם,false,,15.90,0.0883,true,1,101664
7290015858229,false,טפנד זיתי קלמטה עללחם 180 גרם,מדשא תעשיות מזון בעמ,IL,טפנד זיתי קלמטה מצונ,גרמים,180.00,100 גרם,false,,15.90,0.0883,true,1,101665
7290015858243,false,ממרח צימיצורי עללחם 180 גרם,מדשא תעשיות מזון בעמ,IL,צ'ימיצ'ורי מצונן,גרמים,180.00,100 גרם,false,,15.90,0.0883,true,1,101666
7290015858328,false,עללחם ממרח איולי פסטו 295 גרם,מדשא תעשיות מזון בעמ,IL,איולי פסטו,גרמים,295.00,100 גרם,false,,15.90,0.0539,true,1,168640
7290015858427,false,שלישיית ממרחים שמאפשרת לגוון עללחם 240 גרם,מדשא תעשיות מזון,IL,מארז עללחם,גרמים,240.00,100 גרם,false,,21.90,0.0912,true,1,167459
7290015858441,false,עללחם ממרח איולי פלפלים 295 גרם,מדשא תעשיות מזון בעמ,IL,איולי פלפלים,גרמים,295.00,100 גרם,false,,15.90,0.0539,true,1,168637
7290015858687,false,עללחם ממרח איולי שום 295 גרם,מדשא תעשיות מזון בעמ,IL,איולי שום,גרמים,295.00,100 גרם,false,,15.90,0.0539,true,1,168638
7290015858694,false,עללחם ממרח איולי שום לימון 295 גרם,מדשא תעשיות מזון בעמ,IL,איולי שום לימון,גרמים,295.00,100 גרם,false,,15.90,0.0539,true,1,168639
7290015859004,false,עירית,,,עירית,יחידה,0.00,יחידה,false,,5.50,0.0000,true,1,92650
7290015859028,false,תרד ניו זילנדי בקופס,חקלאי,IL,תרד ניו זילנד,יחידה,0.00,יחידה,false,,11.90,0.0000,true,1,92639
7290015859042,false,לבבות קיסר,חקלאי,IL,לבבות קיסר,יחידה,0.00,יחידה,false,,11.90,0.0000,true,1,92641
7290015859059,false,עלי רומית,,,עלי רומית,יחידה,0.00,יחידה,false,,9.90,0.0000,true,1,92642
7290015859066,false,אורגנו,,,אורגנו,יחידה,0.00,יחידה,false,,5.50,0.0000,true,1,92651
7290015859073,false,רוזמרין בכור,חקלאי,IL,רוזמרין,יחידה,0.00,יחידה,false,,5.50,0.0000,true,1,92652
7290015859080,false,קורנית- טימין,חקלאי,IL,קורנית,יחידה,0.00,יחידה,false,,5.50,0.0000,true,1,92653
7290015859103,false,מרווה,,,מרווה,יחידה,0.00,יחידה,false,,5.50,0.0000,true,1,92655
7290015859110,false,סורל/חמציץ,,,סורל/חמציץ,יחידה,0.00,יחידה,false,,10.90,0.0000,true,1,92656
7290015859202,false,בזיליקום,עטרה,,בזיליקום,יחידה,0.00,יחידה,false,,5.50,0.0000,true,1,92660
7290015859219,false,בזיליקום,,,בזיליקום,יחידה,0.00,יחידה,false,,10.90,0.0000,true,1,92661
7290015859233,false,קייל ירוק,,,קייל ירוק,יחידה,0.00,יחידה,false,,10.90,0.0000,true,1,92662
7290015859240,false,קייל שחור,,,קייל שחור,יחידה,0.00,יחידה,false,,10.90,0.0000,true,1,92663
7290015859257,false,תרד תורכי,,,תרד תורכי,יחידה,0.00,יחידה,false,,9.90,0.0000,true,1,92647
7290015859271,false,עלי רוקט,,,עלי רוקט,יחידה,0.00,יחידה,false,,9.90,0.0000,true,1,92664
7290015859288,false,עלי בייבי,,,עלי בייבי,יחידה,0.00,יחידה,false,,9.90,0.0000,true,1,92665
7290015859301,false,חסה מסולסלת צבעונית,,,חסה מסולסלת/משי,יחידה,0.00,יחידה,false,,10.90,0.0000,true,1,92648
7290015859394,false,אנדיב לבן,,,אנדיב לבן,יחידה,0.00,יחידה,false,,15.90,0.0000,true,1,121297
7290015859455,false,נבטי אלפלפא,,,נבטי אלפלפא,יחידה,0.00,יחידה,false,,6.90,0.0000,true,1,96760
7290015859462,false,נבטי חמניה,,,נבטי חמניה,יחידה,0.00,יחידה,false,,8.90,0.0000,true,1,96607
7290015859479,false,נבטים סיניים,חקלאי,IL,נבטים סיניים,יחידה,0.00,יחידה,false,,6.90,0.0000,true,1,96608
7290015859493,false,חסה באטר קראנץ 300 ג,,,חסה באטר קראנץ 300 ג,גרמים,300.00,100 גרם,false,,9.90,0.0330,true,1,99262
7290015859509,false,חסה סלנובלה,חקלאי,IL,חסה סלנובה,יחידה,0.00,יחידה,false,,10.90,0.0000,true,1,98839
7290015888301,false,שמן חמניות שוקחה 3 ל,אל אל סי פרייקלוטניא,FR,שמן חמניות שוקחה 3 ל,ליטרים,3.00,ליטר,false,,34.90,11.6333,true,1,122489
7290015946001,false,מאסטר ספירולינה הזהב הירוק 200 גרם,אשבל,IL,מאסטר ספירולינה,גרמים,200.00,100 גרם,false,,59.90,0.2995,true,1,120653
7290015951227,false,"יין גמלא השמורה סירה 2021 750 מ""ל",יקבי רמת הגולן,IL,יין גמלא סירה 2017,100 מל,750.00,100 מל,false,,59.90,0.0799,true,1,118150
7290015951616,false,"יין סנגובזה גמלא 2019 750 מ""ל",יקבי רמת הגולן,,גמלא סנג'ובזה 2015,מיליליטרים,750.00,"100 מ""ל",false,,54.90,0.0732,true,1,102957
7290015951869,false,יקבי רמת הגולן הר חר,מיוצר וממולא על ידי,IL,הר חרמון רוזה עברית,מיליליטרים,750.00,"100 מ""ל",false,,29.90,0.0399,true,1,106112
7290015968140,false,אטב אחיזה רחבה בעיצוב איטלקי הוסטס 36 יח,,CN,אטבי כביסה,יחידה,0.00,יחידה,false,,12.90,0.0000,true,1,100000
7290015968782,false,פדים להסרת איפור שלי,F.H.P CO.LT,CN,פדים להסרת איפור שלי,יחידה,0.00,יחידה,false,,15.90,0.0000,true,1,109540
7290015983006,false,שדות בר חסה רומית,חקלאי,IL,חסה רומית שדות בר,קילוגרמים,1.00,"ק""ג",true,,30.00,30.0000,true,1,89929
7290015983013,false,חסה אייסברג שדות בר,,,חסה אייסברג שדות בר,קילוגרמים,1.00,"ק""ג",true,,30.00,30.0000,true,1,90272
7290015983020,false,ברוקולי שטוף שדות בר,,,ברוקולי שטוף שדות בר,קילוגרמים,1.00,"ק""ג",true,,30.00,30.0000,true,1,90273
7290015983075,false,בצל ירוק שטוף שדות ב,חקלאי,IL,בצל ירוק שטוף שדות ב,קילוגרמים,1.00,"ק""ג",true,,30.00,30.0000,true,1,91371
7290015983082,false,ירק שטוף שדות בר,,,ירק שטוף שדות בר,קילוגרמים,1.00,"ק""ג",true,,30.00,30.0000,true,1,91372
7290015983099,false,שדות בר גבעולי סלרי,,,גבעולי סלרי שדות בר,קילוגרמים,1.00,"ק""ג",true,,30.00,30.0000,true,1,101883
7290015983129,false,שדות בר פלפלונים,חקלאי,IL,פלפל סווויט בייט,קילוגרמים,1.00,"ק""ג",true,,30.00,30.0000,true,1,108279
7290015983136,false,עגבניות שרי בלינדה,,,עגבניות שרי בלינדה,קילוגרמים,1.00,"ק""ג",true,,30.00,30.0000,true,1,108504
7290015983143,false,שדות בר מלפפון בייבי,שדות בר,IL,מלפפון בייבי שדות בר,קילוגרמים,1.00,"ק""ג",true,,30.00,30.0000,true,1,108292
7290015996983,false,סוכרזית סוכרלוז 0 קלוריות 130 גר,ביסקול בעn,IL,סוכרלוז ממתיק 100 שק,גרמים,100.00,100 גרם,false,,27.90,0.2790,true,1,106085
7290016006025,false,שוופס סודה 0.50 ליטר בקבוק,יפאורה תבורי בעמ,IL,שוופס סודה 0.5 ליטר,מיליליטרים,500.00,"100 מ""ל",false,,3.00,0.0060,true,1,94886
7290016006292,false,נקטר מנגו בננה מלון קרטונית 1 ל' ספרינג,יפאורה תבורי,IL,ספרינג מנגו בננה מלו,ליטרים,1.00,ליטר,false,,6.90,6.9000,false,1,95109
7290016006322,false,מים מינרליים מי עדן,מופק ממקור בזלתי עדן,IL,מי עדן 1 ליטר בקבוק,ליטרים,1.00,ליטר,false,,2.90,2.9000,false,1,111700
7290016006339,false,מים מינרלים - מארז רביעייה,מופק ממקור בזלתי עדן,IL,רביעייה מי עדן 1 ליט,ליטרים,4.00,ליטר,false,,10.00,2.5000,false,1,95644
7290016006346,false,שישיית שרינק 500 מל שוופס סודה,יפאורה תבורי בעמ,IL,שישייה סודה שוופס 0.,ליטרים,3.00,ליטר,false,,14.90,4.9667,true,1,94436
7290016035025,false,לחם פשתן ביכורים 450ג',מאפיית ביכורים,IL,לחם פשתן פרוס מזרעי,גרמים,450.00,100 גרם,false,,23.90,0.0531,true,1,109319
7290016077759,false,רוטב ברביקיו קלאסי 480 גרם,היינץ Heinz,NL,רוטב ברבקיו קלאסי הי,גרמים,480.00,100 גרם,false,,15.90,0.0331,true,1,102711
7290016077766,false,היינץ שעועית אפויה 453 גרם,הייבורי קנקו,CA,שעועית אפויה היינץ,גרמים,228.00,100 גרם,false,,8.90,0.0390,true,1,103757
7290016080551,false,מתבל עגבניות אורגני 580 גרם היינץ,ה.י. היינץ,,מתבל עגבניות אורגני,גרמים,580.00,100 גרם,false,,16.90,0.0291,true,1,98162
7290016087116,false,רוטב עגבניות מתובל ל,,,רוטב עגבניות מתובל ל,גרמים,240.00,100 גרם,false,,4.60,0.0192,true,1,101284
7290016096491,false,נתחי טונה בהירה בשמן צמחי שלישיה *80ג' פילטונה,תעשיות פילטונה,IL,שלישיית פיל טונה בשמ,גרמים,168.00,100 גרם,false,,10.90,0.0649,true,1,102051
7290016096507,false,שלישיית טונה קנולה פ,תעשיות פילטונה,IL,שלישיית טונה קנולה פ,גרמים,168.00,100 גרם,false,,10.90,0.0649,true,1,102052
7290016096675,false,שלישיה פיל טונה בשמן,,,שלישיה פיל טונה בשמן,גרמים,168.00,100 גרם,false,,12.90,0.0768,false,1,111397
7290016114300,false,נייר טואלט לילי לבן דאבל 16 גל=32 גל,חוגלה קימברלי,IL,נייר טואלט לילי לבן,יחידה,0.00,יחידה,false,,37.90,0.0000,false,1,97344
7290016136111,false,תערובת להכנת מאפים ללא גלוטן 500 G FREE,אשבל -מזון פונקציונל,IL,תערובת להכנת מאפים ל,גרמים,500.00,100 גרם,false,,19.90,0.0398,true,1,95794
7290016136692,false,משחת שיניים הגנה משולשת מנטה מרענן- שלישייה,אקווה פרש Aquafresh,,משחת שיניים אקווה פר,מיליליטרים,300.00,"100 מ""ל",false,,19.90,0.0663,true,1,96696
7290016136708,false,משחת שיניים הגנה משולשת מנטה עדין- שלישייה,אקווה פרש Aquafresh,,משחת שיניים אקווה פר,מיליליטרים,300.00,"100 מ""ל",false,,19.90,0.0663,true,1,96697
7290016136722,false,פתיתים פנה ללא גלוטן 340 גרם גי פרי,malino andriani,IT,פתיתים פנה ללא גלוטן,גרמים,340.00,100 גרם,false,,10.90,0.0321,true,1,109788
7290016136739,false,GFREE פתיתי פוזילי על בסיס קמח תירס וקמח,malino andriani,IT,פסטה פוזילי ללא גלוט,גרמים,340.00,100 גרם,false,,10.90,0.0321,true,1,103171
7290016136746,false,איטריות מקלונים ללא גלוטן 340 גר גי פרי,malino andriani,IT,אטריות על בסיס קמח ת,גרמים,340.00,100 גרם,false,,10.90,0.0321,true,1,111033
7290016144000,false,"קמח חיטה מלאה נפלאות 80% 1 ק""ג","קמח מלכים בע""מ",IL,קמח חיטה 80% נפלאות,קילוגרמים,1.00,"ק""ג",false,,8.90,8.9000,true,1,120593
7290016144017,false,"קמח מלא נפלאות 100% ללא ניפוי 1 ק""ג",קמח מלכים,IL,קמח חיטה מלא 100% נפ,קילוגרמים,1.00,"ק""ג",false,,8.90,8.9000,true,1,120416
7290016144024,false,"קמח כוסמין מלא נפלאות 100% 1 ק""ג","קמח מלכים בע""מ",IL,קמח נפלאות כוסמין מל,קילוגרמים,1.00,"ק""ג",false,,14.90,14.9000,true,1,119856
7290016144031,false,"קמח לבן מנופה נפלאות 1 ק""ג",קמח מלכים,IL,קמח חיטה לבן מנופה 1,קילוגרמים,1.00,"ק""ג",false,,6.90,6.9000,true,1,120591
7290016144048,false,"קמח כוסמין לבן נפלאות 1 ק""ג","קמח מלכים בע""מ",IL,קמח נפלאות כוסמין לב,קילוגרמים,1.00,"ק""ג",false,,14.90,14.9000,true,1,119857
7290016144062,false,"קמח שיפון מלא נפלאות, 1 ק""ג",קמח מלכים,IL,קמח שיפון מלא נפלאות,קילוגרמים,1.00,"ק""ג",false,,8.90,8.9000,true,1,165780
7290016144079,false,"קמח חיטה כפרי נפלאות 1 ק""ג",קמח מלכים,IL,קמח חיטה כפרי נפלאות,קילוגרמים,1.00,"ק""ג",false,,8.90,8.9000,true,1,165775
7290016144086,false,נפלאות קמח חלה מנופה 1 ק”ג,קמח מלכים,IL,קמח חלה מנופה נפלאות,קילוגרמים,1.00,"ק""ג",false,,7.90,7.9000,true,1,165776
7290016144093,false,קמח לחם מנופה נפלאות,קמח מלכים,IL,קמח לחם מנופה נפלאות,קילוגרמים,1.00,"ק""ג",false,,7.90,7.9000,true,1,165777
7290016144109,false,"קמח פיצה נפלאות 1 ק""ג",קמח מלכים,IL,קמח פיצה נפלאות,קילוגרמים,1.00,"ק""ג",false,,14.90,14.9000,true,1,165778
7290016144116,false,"קמח תופח נפלאות, 1 ק""ג",קמח מלכים,IL,קמח חיטה תופח נפלאות,קילוגרמים,1.00,"ק""ג",false,,8.90,8.9000,true,1,165779
7290016146004,false,*מבצע* קמח שקד מולבן,שקד תבור,IL,קמח שקד מולבן 300 גר,גרמים,300.00,100 גרם,false,,24.90,0.0830,true,1,98088
7290016146141,false,"סירופ מייפל טהור אורגני 250 מ""ל",אלמנדוס,IL,סירופ מייפל אורגני,מיליליטרים,250.00,"100 מ""ל",false,,23.90,0.0956,true,1,101516
7290016146400,false,שוקולד תבור 60% 100 גרם,לובקה,IL,שוקולד תבור 60% 100,גרמים,100.00,100 גרם,false,,15.90,0.1590,true,1,115130
7290016146431,false,שוקולד תבור 72% 100 גרם,לובקה,IL,שוקולד תבור 72% 100,גרמים,100.00,100 גרם,false,,15.90,0.1590,true,1,115132
7290016146509,false,גרנולה עשירה ללא סוכ,שקד תבור,,גרנולה עשירה 500 גרם,גרמים,500.00,100 גרם,false,,19.90,0.0398,true,1,115143
7290016146523,false,גרנולה הבית שקד תבור,שקד תבור,,גרנולה הבית 500 ג',גרמים,500.00,100 גרם,false,,16.90,0.0338,true,1,115144
7290016146929,false,געלה ביתית בצנצנת 50,שקד תבור,IL,ג'עלה ביתי צנצנת 500,גרמים,500.00,100 גרם,false,,21.90,0.0438,true,1,115151
7290016197488,false,מטליות מיקרופייבר למשטחים ניקול 3יח',UFO INC,CN,מטליות לשיש מיקרו פי,יחידה,0.00,יחידה,false,,10.90,0.0000,true,1,94311
7290016197495,false,ניקול זוג מטליות הקסם מיקרופייבר לרצפה,חוגלה קימברלי,CN,זוג מטליות מיקרופייב,יחידה,0.00,יחידה,false,,16.90,0.0000,true,1,94312
7290016197600,false,דיפנד - תחבושת לנשים נורמל 12 יח',חוגלה קימברלי,VN,תחבושת דיפנד לנשים נ,יחידה,0.00,יחידה,false,,19.90,0.0000,true,1,96269
7290016197617,false,דיפנד - תחבושות לנשים אקסטרה 10 יח',חוגלה קימברלי,VN,תחבושת דיפנד לנשים א,יחידה,0.00,יחידה,false,,19.90,0.0000,true,1,96250
7290016197624,false,דיפנד - תחבושת לנשים סופר 8 יח',חוגלה קימברלי,VN,תחבושות דיפנד לנשים,יחידה,0.00,יחידה,false,,19.90,0.0000,true,1,96270
7290016197839,false,ניקול השקית החזקה 20 יח' XL,אשפלסט תעשיות בעמ,IL,השקית החזקה 20 יח XL,יחידה,0.00,יחידה,false,,21.90,0.0000,true,1,94313
7290016197877,false,ניקול שקיות לפחי מטבח קטנים 60 יח' M,UFO,,שקית ניקול לפח מטבח,יחידה,0.00,יחידה,false,,21.00,0.0000,true,1,94885
7290016217742,false,חציל על אש בטחינה 200 גר,"סלטי שמיר 2006 בע""מ",IL,חציל בטחינה 200 גרם,גרמים,200.00,100 גרם,false,,9.90,0.0495,true,1,164713
7290016217759,false,חצילים בסגנון מרוקאי,"סלטי שמיר 2006 בע""מ",IL,חציל מרוקאי 200 גרם,גרמים,200.00,100 גרם,false,,10.90,0.0545,true,1,164722
7290016245929,false,לחם טחינה עשיר בחלבון 450 ג' ביכורים,מאפית ביכורים,IL,לחם טחינה עשיר חלבון,גרמים,450.00,100 גרם,false,,25.90,0.0576,true,1,165412
7290016246209,false,חטיף חלבה וניל 100 גרם בארכה,בארכה,,חלבה בארכה וניל 100,גרמים,100.00,100 גרם,false,,3.20,0.0320,false,1,99099
7290016248074,false,יין מסע ישראלי אדום ויתקין 750 מל,"ישראל-יקב ויתקין בע""",,יין מסע ישראלי אדום,מיליליטרים,750.00,"100 מ""ל",false,,69.90,0.0932,true,1,97375
7290016276831,false,תבשיל איטריות בטעם בקר 70 גרם סו שף,טיאן הונג,TH,תבשיל איטריות טעם בק,יחידה,0.00,יחידה,false,,4.90,0.0000,true,1,102199
7290016276848,false,תבשיל איטריות בטעם עוף 70 גרם סו שף,טיאן הונג,TH,תבשיל איטריות טעם עו,יחידה,0.00,יחידה,false,,4.90,0.0000,true,1,102200
7290016276855,false,תבשיל אטריות בטעם ירקות 70 גרם סו שף,טיאן הונג,TH,תבשיל איטריות טעם יר,יחידה,0.00,יחידה,false,,4.90,0.0000,true,1,102201
7290016284003,false,חסה הידרופונית רומית,מעיינות הזורע,IL,חסה הידרופונית רומית,יחידה,0.00,יחידה,false,,8.90,0.0000,true,1,98843
7290016284027,false,חסה מסולסלת יח הזורע,מעיינות הזורע,,חסה רומית,יחידה,0.00,יחידה,false,,8.90,0.0000,true,1,104941
7290016299663,false,"שמן קיק בכבישה קרה ארגניה 100 מ""ל",,IL,"שמן קיק 100 מ""ל",מיליליטרים,100.00,"100 מ""ל",false,,17.90,0.1790,true,1,168061
7290016304404,false,לחם קוביות 100% כוסמין 600 גרם,מאפיית דוידוביץ ובני,IL,לחם קוביות 100% כוסמ,גרמים,600.00,100 גרם,false,,12.90,0.0215,true,1,105815
7290016304596,false,לחמניות לסנדביץ 75 גרם,מאפית דוידוביץ ובניו,IL,מארז 10 לחמניות לסנד,גרמים,750.00,100 גרם,false,,12.90,0.0172,true,1,117122
7290016304626,false,לחם שיפון שילדים אוה,מאפיית דוידוביץ ובני,,לחם שיפון שילדים אוה,גרמים,750.00,100 גרם,false,,11.90,0.0159,true,1,103836
7290016306026,false,גלידת שוקולד עם פצפו,היידי שוקולד בירונטי,IL,גלידת שוקולד עם פצפו,מיליליטרים,473.00,"100 מ""ל",false,,34.90,0.0738,true,1,115213
7290016306064,false,גלידה פאי לימון טבעו,גלידת אילו,IL,גלידת פאי לימון,מיליליטרים,473.00,"100 מ""ל",false,,34.90,0.0738,true,1,115217
7290016306101,false,גלידת קפוצינו עם שבר,היידי שוקולד בירונטי,IL,גלידת קפוצינו עם שבר,מיליליטרים,473.00,"100 מ""ל",false,,34.90,0.0738,true,1,115218
7290016306132,false,גלידה פיסטוק טבעונית,היידי שוקולד בירונטי,IL,גלידת פיסטוק עם קרנצ,מיליליטרים,473.00,"100 מ""ל",false,,34.90,0.0738,true,1,115219
7290016306149,false,גלידה טבעונית תותים,היידי שוקולד בירונטי,IL,גלידת תותים בשמנת,מיליליטרים,473.00,"100 מ""ל",false,,34.90,0.0738,true,1,115220
7290016319309,false,סבון נוזלי מאסק קלאסי+משאבה פמלי 1 ל,הנסיך- מפעל לייצור ט,IL,פמלי אל סבון 1 ליטר,ליטרים,1.00,ליטר,false,,11.90,11.9000,false,1,97477
7290016320343,false,"דאק נוזל ג'ל לניקוי מתקדם בניחות לבנדר זוג * 750 מ""ל",טואלט דאק (ג'ונסון),NL,"דאק ג'ל נוזל 750 מ""ל",מיליליטרים,1500.00,"100 מ""ל",false,,17.90,0.0119,true,1,103027
7290016321661,false,מגבונים פרש וואנס סנסיטיב קר רביעייה,עלבד משואות יצחק,IL,מגבונים פרש וואנס לל,יחידה,0.00,יחידה,false,,15.90,0.0000,false,1,111654
7290016321678,false,מגבונים לחים בניחוח מרענן עם תמציות קמומיל ואלוורה,עלבד משואות יצחק,IL,מגבונים פרש וואנס עם,יחידה,0.00,יחידה,false,,15.90,0.0000,false,1,111655
7290016321883,false,פ.ו נייר טואלט מתכלה ילדים 40יח- שלישייה,עלבד משואות יצחק בעמ,IL,פרש וואנס נייר טואלט,יחידה,0.00,יחידה,false,,12.90,0.0000,true,1,110505
7290016321890,false,פ.ו נייר טואלט מתכלה מבוגרים 40יח- שלישייה,עלבד משואות יצחק בעמ,IL,פרש וואנס נייר טואלט,יחידה,0.00,יחידה,false,,12.90,0.0000,true,1,110506
7290016329278,false,קמיל בלו מגבונים מילוי 64 יח רביעייה,"ד""ר פישר Dr fischer",IL,מגבונים לחים קמיל רב,יחידה,0.00,יחידה,false,,19.90,0.0000,false,1,101983
7290016329308,false,"ד""ר פישר - סרקל קרם רוזמרין לשיער מתולתל 325 מ""ל",פישר תעשיות,IL,סרקל קרם רוזמרין לשי,מיליליטרים,325.00,"100 מ""ל",false,,26.90,0.0828,true,1,99661
7290016329315,false,סרקל ספריי מתיר קשרים לילדים לשיער מתולתל,"ד""ר פישר Dr fischer",IL,סרקל מתיר קשרים לשיע,מיליליטרים,300.00,"100 מ""ל",false,,31.90,0.1063,true,1,99673
7290016370096,false,זיתים שחורים מיובשים במלח יבנה 340 ג',קבוצת יבנה,IL,זית מרוקאי יבש יבנה,יחידה,0.00,יחידה,false,,12.90,0.0000,true,1,167175
7290016370270,false,זית קלמטה מגולען 560 ג' -יבנה,קבוצת יבנה,,חרוזית קלמטה יבנה,גרמים,275.00,100 גרם,false,,12.90,0.0469,true,1,166337
7290016370300,false,זית קלמטה שלם צנצנת יבנה,קוזט אס.איי.פיין פוצ,GR,קלמטה עם גלעין צינצנ,גרמים,320.00,100 גרם,false,,14.90,0.0466,true,1,120026
7290016370317,false,זית קלמטה ללא גלעין 560 גרם צנצנת יבנה,קוזט אס.איי.פיין פוצ,GR,קלמטה ללא גלעין צינצ,גרמים,300.00,100 גרם,false,,14.90,0.0497,true,1,120027
7290016370959,false,חציל קלוי פירה בצנצנת ‏580‏ ג' יבנה,תאי פרזידנט פוד פאבל,GR,חציל קלוי על האש צנצ,גרמים,530.00,100 גרם,false,,10.00,0.0189,true,1,97977
7290016370973,false,פלפל קלוי גמביה בצנצנת 580 ג' ‏יבנה,קוזט אס.איי.פיין פוד,GR,פלפל אדום קלוי על הא,גרמים,390.00,100 גרם,false,,10.00,0.0256,true,1,97980
7290016372342,false,עגבניות חתוך קוביות גראנד איטליה מארז 400X3ג',גרנד איטליה Grand Italia,IT,עגבניות חתוכות לקובי,גרמים,1200.00,100 גרם,false,,13.90,0.0116,true,1,102637
7290016372373,false,רסק עגבניות ללא תוספת סוכר ומלח - מארז זוג,גרנד איטליה Grand Italia,IT,רסק עגבניות זוגות בל,גרמים,280.00,100 גרם,false,,7.90,0.0282,true,1,102639
7290016372397,false,"תה ויסוצקי ירוק תפוז,ג'ינגר וכורכום 25 יח'",ויסוצקי ירוק,IL,תה ירוק תפוז ג'נג'ר,יחידה,0.00,יחידה,false,,24.90,0.0000,false,1,102569
7290016372458,false,חליטת צמחים לימונית ולואיזה הגן הקסום,תה ויסוצקי,IL,חליטת גן קסום לימוני,גרמים,75.00,100 גרם,false,,34.90,0.4653,true,1,102663
7290016372489,false,ויסוצקי חליטת ג'ינג'ר ולימון סודות הצמחים 25 שקיקים,תה ויסוצקי,IL,חליטת ג'ינג'ר לימון,גרמים,40.00,100 גרם,false,,18.90,0.4725,true,1,102575
7290016372922,false,תה ירוק בטעם קינמון גינגיר וכורכום עם מאצה יפנית,ויסוצקי ירוק,,תה ירוק ג'ינג'ר כורכ,גרמים,37.50,100 גרם,false,,24.90,0.6640,false,1,108126
7290016402223,false,פחם פרימיום למעשנה ו,,,פחם פרימיום למעשנה ו,קילוגרמים,8.00,"ק""ג",false,,84.90,10.6125,true,1,120491
7290016408119,false,טרליני כעכים בטעם קלאסי 225 גר' - בדץ,אפוליה פוד,IT,טרליני כעכים בטעם קל,גרמים,225.00,100 גרם,false,,6.90,0.0307,true,1,96602
7290016408133,false,טרליני כעכים בטעם בצל וזיתים 225 גר' - בדץ,אפוליה פוד,IT,טרליני מיני כעכים אי,גרמים,225.00,100 גרם,false,,6.90,0.0307,true,1,96490
7290016408157,false,טרליני כעכים עם קמח מלא 225 גר'!,אפוליה פוד,IT,טרליני כעכים עם קמח,גרמים,225.00,100 גרם,false,,6.90,0.0307,true,1,96605
7290016408164,false,טרליני כעכים בטעם שום וצי'לי פיקנטי 225 גר' - בדץ,אפוליה פוד,IT,טרליני כעכים בטעם שו,גרמים,225.00,100 גרם,false,,6.90,0.0307,true,1,96631
7290016408294,false,"מרשמלו ורוד לבן וסטהיים 150 ג', 26 בקרטון",מנדלז סי.אר. פרודקשן,IL,מרשמלו כרמית 150 גרם,גרמים,150.00,100 גרם,false,,4.90,0.0327,true,1,99693
7290016408393,false,חטיף קרקר עם שומשום פניני 130 ג',דוויטה ג'יי.אס.סי,,חטיף קרקר עם שומשום,גרמים,130.00,100 גרם,false,,5.90,0.0454,true,1,97683
7290016408416,false,חטיף קרקר עם צ'ילי פיקנטי,תות תעשיות מזון (201,LT,חטיף קרקר עם צ'ילי פ,גרמים,130.00,100 גרם,false,,5.90,0.0454,true,1,97685
7290016408423,false,קרקר עם זיתים שחורים ושום 130 גר',תות תעשיות מזון (201,LT,חטיף קרקר עם זיתים ש,גרמים,130.00,100 גרם,false,,5.90,0.0454,true,1,97686
7290016408430,false,חטיף קרקר עם תערובת תבלינים,דנוויטה ג'יי. אס. סי,LT,חטיף קרקר עם תערובת,גרמים,130.00,100 גרם,false,,5.90,0.0454,true,1,97687
7290016408447,false,חטיף קרקר עם עגבניות ובזיליקום,דנוויטה ג'יי. אס. סי,LT,חטיף קרקר עם עגבניות,גרמים,130.00,100 גרם,false,,5.90,0.0454,true,1,97688
7290016408980,false,"מטבעות שוקולד חלב 36 ג' כשל""פ בד""ץ!",כרמית תעשיות מזון,IL,מטבעות שוקולד ללא גל,יחידה,0.00,יחידה,false,,3.90,0.0000,true,1,102892
7290016429992,false,"ד""ר פישר - אלכוג'ל במארז סיליקון עם דמות 30 מ""ל",פישר תעשיות,IL,"אלכוג'ל 30 מ""ל בסילי",מיליליטרים,30.00,"100 מ""ל",false,,14.90,0.4967,true,1,100828
7290016437607,false,קוטקס - תחתונים סופגים לנשים לאחר לידה לארג' 8 יח',חוגלה,KR,קוטקס תחתונים סופגים,יחידה,0.00,יחידה,false,,33.90,0.0000,false,1,104216
7290016437621,false,"תחתוני חיתולים פרידום דריי מידה 4 9-11 ק""ג",קימברלי קלארק צ'כיה,CZ,האגיס פנטס מידה 4,יחידה,0.00,יחידה,false,,44.90,0.0000,false,1,99866
7290016437645,false,האגיס פרידום דריי פנטס מידה 5 32 יחידות,קימברלי קלארק צ'כיה,CZ,האגיס פנטס מידה 5,יחידה,0.00,יחידה,false,,44.90,0.0000,false,1,99867
7290016437652,false,האגיס פרידום דריי פנטס מידה 6 26 יחידות,קימברלי קלארק צ'כיה,CZ,האגיס פנטס מידה 6,יחידה,0.00,יחידה,false,,44.90,0.0000,false,1,99868
7290016439601,false,ממרח תמרים 450 גר צור עין יהב,,,מחית תמרים משק צור 4,גרמים,450.00,100 גרם,false,,4.90,0.0109,true,1,168352
7290016440652,false,תערובת פרוסות ירקות חמוצים,,,תערובת ירקות חמוצים,יחידה,0.00,יחידה,false,,18.90,0.0000,true,1,116908
7290016440669,false,עגבניות כבושות,,,עגבניות כבושות,גרמים,500.00,100 גרם,false,,19.90,0.0398,true,1,116906
7290016440881,false,תערובת ירקות חמוצים בטעם טבעי,,,תערובת ירקות חמוצים,יחידה,0.00,יחידה,false,,18.90,0.0000,true,1,116904
7290016440911,false,מלפפונים ביתיים כבושים,מעדני עופר,,מלפפונים כבושים,גרמים,500.00,100 גרם,false,,19.90,0.0398,true,1,116905
7290016475067,false,מארז 4 לאפות במלאכת יד,מאפיית המכבים,IL,לאפות רביעייה,יחידה,0.00,יחידה,false,,11.90,0.0000,true,1,96668
7290016492118,false,פפריקה מתוקה מעושנת,תבליני הדור השלישי,IL,פפריקה מעושנת 120 גר,גרמים,120.00,100 גרם,false,,14.90,0.1242,true,1,118663
7290016492125,false,פרג תבלין פילדפיה 120 גר',תבליני הדור השלישי,IL,פילדלפיה,גרמים,150.00,100 גרם,false,,14.90,0.0993,true,1,108093
7290016492132,false,תבלין טוסקנה פרג 160 גר',תבליני הדור השלישי,IL,תבלין טוסקנה,גרמים,120.00,100 גרם,false,,14.90,0.1242,true,1,108094
7290016492248,false,פירורי לחם מוזהבים.,,,תיבול שניצל מוזהב,גרמים,400.00,100 גרם,false,,10.90,0.0273,true,1,108097
7290016492392,false,קינואה עם ירקות,,,קינואה עם ירקות,גרמים,400.00,100 גרם,false,,24.90,0.0622,true,1,118858
7290016492415,false,בורגול עם עדשים,,,בורגול עם עדשים,גרמים,500.00,100 גרם,false,,24.90,0.0498,true,1,108122
7290016492422,false,אורז עדשים מג'דרה,,,אורז עדשים מג'דרה,גרמים,500.00,100 גרם,false,,24.90,0.0498,true,1,108128
7290016492439,false,קינואה עם עדשים,,,קינואה עם עדשים,גרמים,500.00,100 גרם,false,,24.90,0.0498,true,1,108123
7290016509342,false,כדוריות סבון נתלה לאסלה כחול אקטיבי - 3 יח',הנקל סוד,RS,סוד כדוריות לאסלה של,גרמים,150.00,100 גרם,false,,19.90,0.1327,true,1,113772
7290016509786,false,פרסיל גל לכביסה לבנה וצבעונית-ירוק 2.5 ל,פרסיל Persil,IL,פרסיל ג'ל 2.5 ליטר י,ליטרים,2.50,ליטר,false,,34.90,13.9600,true,1,106553
7290016509793,false,ג'ל לכביסה לבנה וצבעונית אריזת XL,פרסיל Persil,IL,פרסיל ג'ל 4 ליטר ירו,ליטרים,4.00,ליטר,false,,44.90,11.2250,true,1,106554
7290016509809,false,ג'ל מרוכז לכביסה קולור 2.5 ל' פרסיל,פרסיל Persil,IL,פרסיל ג'ל 2.5 ליטר ק,ליטרים,2.50,ליטר,false,,34.90,13.9600,true,1,106555
7290016509823,false,ג'ל לכביסה לבנה וצבעונית בניחוח רענן,פרסיל Persil,IL,פרסיל ג'ל 2.5 ליטר ב,ליטרים,2.50,ליטר,false,,34.90,13.9600,true,1,106557
7290016509830,false,ג'ל כביסה לבגדי תינוקות ובעלי עור רגיש Sensitive,פרסיל Persil,IL,פרסיל ג'ל 2.5 ליטר ב,ליטרים,2.50,ליטר,false,,34.90,13.9600,true,1,106558
7290016509847,false,ג'ל כביסה לבגדים שחורים וכהים,פרסיל Persil,IL,פרסיל ג'ל 2.5 ליטר ב,ליטרים,2.50,ליטר,false,,34.90,13.9600,true,1,109422
7290016510102,false,"מרכך הוואי מי קוקוס 700 מ""ל",טרופיקל דגיל,,הוואי מרכך מי קוקוס,מיליליטרים,700.00,"100 מ""ל",false,,8.90,0.0127,false,1,104618
7290016510768,false,"הוואי תחליב רחצה יוגורט ואוכמניות 700 מ""ל",טרופיקל דגיל,IL,תחליב רחצה הוואי יוג,מיליליטרים,700.00,"100 מ""ל",false,,8.90,0.0127,false,1,109477
7290016537000,false,במיה הודית,,,במיה הודית,יחידה,0.00,יחידה,false,,23.90,0.0000,true,1,107577
7290016537017,false,תרד גוליבר,,,תרד גוליבר,יחידה,0.00,יחידה,false,,14.90,0.0000,true,1,116233
7290016537031,false,אפונת שלג כפרי חן,,,אפונת שלג כפרי חן,יחידה,0.00,יחידה,false,,23.90,0.0000,true,1,108280
7290016564006,false,מבריק הפלא ספוג להסרת כתמים ושומנים 3 יח,,,מבריקל הפלא,יחידה,0.00,יחידה,false,,9.90,0.0000,true,1,99626
7290016564211,false,מבריקל הפלא מטליות מ,,,מבריקל הפלא מטליות מ,יחידה,0.00,יחידה,false,,13.90,0.0000,true,1,108533
7290016564235,false,זוג מטליות מייקרופייבר לרצפה מבריקל,,,מבריקל הפלא מארז זוג,יחידה,0.00,יחידה,false,,19.90,0.0000,true,1,109988
7290016564266,false,כיסוי הפלא 30 יח מבריקל,מבריקל,IL,כיסוי הפלא מבריקל,יחידה,0.00,יחידה,false,,9.90,0.0000,true,1,112415
7290016564402,false,מטליות מיקרופייבר לנ,,,מבריקל הפלא מטליות מ,יחידה,0.00,יחידה,false,,9.90,0.0000,true,1,165704
7290016565027,false,בזיליקום,,,בזיליקום,יחידה,0.00,יחידה,false,,7.50,0.0000,true,1,117719
7290016565065,false,מנגולד,,,מנגולד,יחידה,0.00,יחידה,false,,8.90,0.0000,true,1,118786
7290016565096,false,פסטו משובח הידרופוני,,,פסטו משובח הידרופוני,יחידה,0.00,יחידה,false,,24.90,0.0000,true,1,117720
7290016565126,false,חסה משי אדומה,,,חסה משי אדומה,יחידה,0.00,יחידה,false,,11.50,0.0000,true,1,117998
7290016565133,false,מלפפון בייבי 400 גרם,,,מלפפון בייבי 400 גרם,גרמים,400.00,100 גרם,false,,9.50,0.0238,true,1,119473
7290016565164,false,מיקס ירוקים,,,מיקס ירוקים,יחידה,0.00,יחידה,false,,11.90,0.0000,true,1,117999
7290016565201,false,פלפל בייבי,,,פלפל בייבי,גרמים,300.00,100 גרם,false,,8.90,0.0297,true,1,167353
7290016565294,false,חסה לולה רוסה,,,חסה לולה רוסה,יחידה,0.00,יחידה,false,,11.50,0.0000,true,1,119593
7290016565324,false,ממרח לימונים משובח,,,ממרח לימונים משובח,יחידה,0.00,יחידה,false,,24.90,0.0000,true,1,123492
7290016565331,false,תרד פרימיום,,,תרד פרימיום,יחידה,0.00,יחידה,false,,8.90,0.0000,true,1,165334
7290016565348,false,לימון ליים 400 גרם,,,לימון ליים 400 גרם,גרמים,400.00,100 גרם,false,,7.50,0.0188,true,1,165064
7290016565362,false,חסה ליטל ג'ים,,,חסה ליטל ג'ים,יחידה,0.00,יחידה,false,,11.50,0.0000,true,1,165065
7290016565379,false,מיקס עלי חסה,,,מיקס עלי חסה,יחידה,0.00,יחידה,false,,11.50,0.0000,true,1,167354
7290016565416,false,חסה לליק,,,חסה לליק,יחידה,0.00,יחידה,false,,11.50,0.0000,true,1,166128
7290016565430,false,עלי וואסבי,,,עלי וואסבי,גרמים,100.00,100 גרם,false,,7.50,0.0750,true,1,168075
7290016565447,false,מיזונה 100 גרם,,,מיזונה 100 גרם,גרמים,100.00,100 גרם,false,,7.50,0.0750,true,1,168076
7290016565478,false,חסה סלנובה הידרופוני,,,חסה סלנובה הידרופוני,יחידה,0.00,יחידה,false,,11.50,0.0000,true,1,168285
7290016584004,false,חטיפוני גזר 130 גרם,"מרינה פטריות הגליל בע""מ",IL,חטיפוני גזר 130 גר',גרמים,130.00,100 גרם,false,,5.90,0.0454,true,1,98076
7290016584011,false,חטיפוני גזר 350 גרם גיזרונים,"מרינה פטריות הגליל בע""מ",IL,חטיפוני גזר 350 גר',גרמים,350.00,100 גרם,false,,11.90,0.0340,true,1,98059
7290016584219,false,שעועית ירוקה שלמה טר,מרינה,IL,שעועית ירוקה שלמה טר,גרמים,410.00,100 גרם,false,,14.90,0.0363,true,1,117622
7290016607772,false,"יין רוזה גליל דלתון 750 מ""ל","איי, בי, אינבוו",IL,יין גליל רוזה דלתון,מיליליטרים,750.00,"100 מ""ל",false,,59.90,0.0799,true,1,118436
7290016621013,false,"ד""ר פישר - קרם גוף קמיל בלו 500 מ""ל","ד""ר פישר Dr fischer",IL,קמיל בלו קרם גוף לתי,מיליליטרים,500.00,"100 מ""ל",false,,29.90,0.0598,true,1,98021
7290016621341,false,אל סבון היגייני לניקוי יסודי קמיל Clean & Moisture,"ד""ר פישר Dr fischer",IL,אל סבון נוזלי ללחות,ליטרים,1.00,ליטר,false,,15.90,15.9000,false,1,100830
7290016621358,false,"ד""ר פישר - קמיל אל סבון ניקיון והזנה ורוד 1 ליטר","ד""ר פישר Dr fischer",IL,אל סבון נוזלי להזנה,ליטרים,1.00,ליטר,false,,15.90,15.9000,false,1,100831
7290016624717,false,כוסות יין עם רגל 8 י,,,כוסות יין עם רגל 8 י,יחידה,0.00,יחידה,false,,18.90,0.0000,true,1,123719
7290016646078,false,טחינה אתיופית טבעונית היילה 700 גרם,,אתיופיה,היילה טחינה אתיופית,גרמים,700.00,100 גרם,false,,23.90,0.0341,true,1,121981
7290016646177,false,היילה טחינה אתיופית,,,היילה טחינה אתיופית,גרמים,350.00,100 גרם,false,,16.90,0.0483,true,1,167666
7290016651270,false,בקבוק ריסוס ספריי /,,,בקבוק ריסוס ספריי /,יחידה,0.00,יחידה,false,,6.90,0.0000,true,1,111827
7290016651324,false,סקוץ קוצים שמנקה הכל,,,סקוץ קוצים שמנקה הכל,יחידה,0.00,יחידה,false,,9.90,0.0000,true,1,101642
7290016651362,false,קיסמי שיניים עם חוט,,,קיסמי שיניים עם חוט,יחידה,0.00,יחידה,false,,11.90,0.0000,true,1,101423
7290016651980,false,מטליות ריצפה אנטיבקט,,,מטליות ריצפה אנטיבקט,יחידה,0.00,יחידה,false,,9.90,0.0000,true,1,167685
7290016667080,false,חטיף ציפס טורטיה ברביקיו 250 גרם,נאמן,BE,חטיף צ'יפס טורטיה בר,גרמים,250.00,100 גרם,false,,9.90,0.0396,true,1,97607
7290016667097,false,חטיף ציפס טורטיה מלוח 250 גרם,נאמן,BE,חטיף צ'יפס טורטיה מל,גרמים,250.00,100 גרם,false,,9.90,0.0396,true,1,97608
7290016667417,false,שקיות איזבל 10 יח' 7,,,שקיות איזבל 10 יח' 7,יחידה,0.00,יחידה,false,,6.90,0.0000,true,1,109265
7290016667714,false,נייר פרגמנט לעטיפת מזון,,,אריזון נייר פרגמנט ל,יחידה,0.00,יחידה,false,,9.90,0.0000,true,1,117434
7290016667929,false,תבניות מאפין קאפקייק מספר 7,,,תבניות מאפינס קאפקיי,יחידה,0.00,יחידה,false,,8.50,0.0000,true,1,123813
7290016682038,false,"פריניב סחוט תפוזים 400מ""ל",פרי ניב,IL,פרי ניב תפוזים 400 מ,מיליליטרים,400.00,"100 מ""ל",false,,8.50,0.0213,true,1,111029
7290016682052,false,מיץ לימונענע פריניב 400 מל,פרי ניב,IL,פרי ניב לימונענע 400,מיליליטרים,400.00,"100 מ""ל",false,,8.50,0.0213,true,1,110256
7290016682168,false,"פריניב מיץ תפוזים ולנסיה סחוט 100% 400 מ""ל",פרי ניב,IL,פרי ניב תפוז ולנסיה,מיליליטרים,400.00,"100 מ""ל",false,,8.50,0.0213,true,1,122024
7290016682182,false,פריניב שייק תמר בננה מופחת סוכר 1 ליטר,פריניב בעמ,IL,שייק תמר בננה מופחת,ליטרים,0.00,ליטר,false,,14.90,0.0000,true,1,99714
7290016682243,false,פריניב מיץ אשכולית אדומה סחוט 1 ליטר,פריניב,IL,מיץ אשכולית אדומה 1,ליטרים,1.00,ליטר,false,,14.90,14.9000,true,1,108007
7290016682250,false,מיץ תפוז גזר פרי ניב 1 ליטר,פרי ניב,IL,מיץ תפוגזר 1 ליטר פר,ליטרים,1.00,ליטר,false,,16.90,16.9000,true,1,167907
7290016682335,false,מיץ תפוזים פרי ניב 2 ליטר -,פרי ניב,IL,מיץ תפוזים סחוט 2 לי,ליטרים,2.00,ליטר,false,,22.00,11.0000,true,1,164195
7290016682342,false,מיץ תפוזים וולנסיה פרי ניב 2 ליטר-,פרי ניב,IL,מיץ תפוזים ולנסיה 2,ליטרים,2.00,ליטר,false,,25.90,12.9500,true,1,164196
7290016682359,false,מיץ תפוזים שמוטי פרי ניב 2 ליטר-,פרי ניב,IL,מיץ תפוזים שמוטי 2 ל,ליטרים,2.00,ליטר,false,,25.90,12.9500,true,1,164197
7290016682366,false,מיץ תפוח צלול פרי ניב 2 ליטר-,פריניב,IL,מיץ תפוח צלול 2 ליטר,ליטרים,2.00,ליטר,false,,19.90,9.9500,true,1,164198
7290016682373,false,משקה קל לימונדה בלאדי 2 ליטר פריניב,פריניב,IL,מיץ לימונדה בלדי 2 ל,ליטרים,2.00,ליטר,false,,19.90,9.9500,true,1,164199
7290016682380,false,מיץ טבעי לימונדה ולואיזה פרי ניב 2 ליטר-,פרי ניב,IL,מיץ לימונדה לואיזה 2,ליטרים,2.00,ליטר,false,,19.90,9.9500,true,1,164200
7290016682397,false,מיץ חמוציות פרי ניב 2 ליטר-,פרי ניב,IL,מיץ חמוציות 2 ליטר,ליטרים,2.00,ליטר,false,,19.90,9.9500,true,1,164201
7290016717051,false,משקה Buzz מוגז בטעם רימון מבוסס יין אדום מתוק,יקבי כרמל Carmel Winery,IL,רימון BUZZ,מיליליטרים,750.00,"100 מ""ל",false,,23.90,0.0319,true,1,112283
7290016717235,false,יין קונקורד אדום ממותק קינג דיוויד - בקבוק אישי,יקבי כרמל Carmel Winery,IL,קינג דיויד קונקורד 1,מיליליטרים,187.00,"100 מ""ל",false,,5.50,0.0294,true,1,109533
7290016717631,false,יין מוסקטו בעל חוזק אלכוהול נמוך פרייבט קולקשן,אגודת הכורמים הקואופ,IL,מוסקטו פרייבט קולקשן,מיליליטרים,750.00,"100 מ""ל",false,,34.90,0.0465,false,1,105371
7290016717754,false,"יין ישן נושן יקבי כרמל 750 מ""ל ^^^",אגודת הכורמים הקואופ,IL,יין ישן נושן,מיליליטרים,750.00,"100 מ""ל",false,,17.90,0.0239,true,1,106634
7290016823004,false,בזיליקום יח freshlid,"מרינה פטריות הגליל בע""מ",IL,בזיליקום,יחידה,0.00,יחידה,false,,5.90,0.0000,true,1,100062
7290016823042,false,אורגנו יח freshlid,"מרינה פטריות הגליל בע""מ",IL,אורגנו,יחידה,0.00,יחידה,false,,5.90,0.0000,true,1,100066
7290016823059,false,טימין קורנית ארוז יח,"מרינה פטריות הגליל בע""מ",IL,טימין,יחידה,0.00,יחידה,false,,4.90,0.0000,true,1,100067
7290016823066,false,רוזמרין יח freshlid,"מרינה פטריות הגליל בע""מ",IL,רוזמרין,יחידה,0.00,יחידה,false,,4.90,0.0000,true,1,100068
7290016823073,false,מרווה יח freshlid,"מרינה פטריות הגליל בע""מ",IL,מרווה,יחידה,0.00,יחידה,false,,5.90,0.0000,true,1,100069
7290016823257,false,חסה סלנובה מהדרין יח,"מרינה פטריות הגליל בע""מ",IL,חסה סלנובה מרינה,יחידה,0.00,יחידה,false,,11.90,0.0000,true,1,107602
7290016823349,false,סלק מקולף בוואקום לי,"מרינה פטריות הגליל בע""מ",IL,סלק בוואקום,יחידה,0.00,יחידה,false,,6.90,0.0000,true,1,108956
7290016823523,false,צנונית יח 500 גרם שמיטה,"מרינה פטריות הגליל בע""מ",IL,צנונית 500 גר' מרינה,גרמים,500.00,100 גרם,false,,5.90,0.0118,true,1,103276
7290016865943,false,אטריות ביצים פטוציני אוריינט 400 גרם,פ.פ.ח טאביט,PL,איטריות ביצים פטוצ'י,גרמים,400.00,100 גרם,false,,13.90,0.0348,true,1,102151
7290016866445,false,תערובת גי פרי קמח תפוח 500 גרם,אשבל -מזון פונקציונל,IL,תערובת קמח תופח 500,גרמים,500.00,100 גרם,false,,19.90,0.0398,true,1,101615
7290016866650,false,"פרודונטקס - משחת שיניים אוריג'ינל 75 מ""ל",פרודונטקס Parodontax,SK,משחת שיניים פרודונטק,מיליליטרים,75.00,"100 מ""ל",false,,30.90,0.4120,true,1,106981
7290016866667,false,"פרודונטקס - משחת שיניים ללא פלאוריד 75 מ""ל",פרודונטקס Parodontax,SK,משחת שיניים פרדונטקס,מיליליטרים,75.00,"100 מ""ל",false,,30.90,0.4120,true,1,107127
7290016866674,false,"פרודונטקס - משחת שיניים מלבינה 75 מ""ל",פרודונטקס Parodontax,SK,משחת שיניים פרודונטק,מיליליטרים,75.00,"100 מ""ל",false,,30.90,0.4120,true,1,106982
7290016866704,false,"סטייל שמפו לאחר החלקה מועשר בויטמין אי, 750 מ""ל",סטייל Style,IL,סטייל שמפו קרטין E,מיליליטרים,750.00,"100 מ""ל",false,,26.90,0.0359,true,1,103290
7290016866711,false,"סטייל מרכך לשיער קרטין פלוס לאחר החלקה, 750 מ""ל",סטייל Style,IL,סטייל מרכך קרטין E,מיליליטרים,750.00,"100 מ""ל",false,,26.90,0.0359,true,1,103291
7290016866902,false,סבון ידיים זוג משאבה,,,סבון ידיים זוג משאבה,ליטרים,1.00,ליטר,false,,9.90,9.9000,true,1,164105
7290016882414,false,קונפיטורה שזיף שקדיה,דין שיווק,IL,קונפיטורה שזיף שקדיה,גרמים,450.00,100 גרם,false,,13.90,0.0309,true,1,165082
7290016883176,false,"מוזלי פתיתי שיבולת שועל עם שוקולד מריר ושבבי קוקוס 1 ק""ג","דין שיווק וקלייה בע""",MK,מוזלי עם שוקולד מריר,קילוגרמים,1.00,"ק""ג",false,,19.90,19.9000,true,1,104395
7290016912494,false,"ד""ר פישר - אפקטיב קר תרחיץ פנים לכל סוגי העור 180 מ""ל","ד""ר פישר Dr fischer",IL,אפקטיב קר תרחיץ פנים,מיליליטרים,180.00,"100 מ""ל",false,,16.90,0.0939,true,1,102580
7290016912500,false,"ד""ר פישר - אפקטיב קר תרחיץ פנים לעור רגיש 180 מ""ל","ד""ר פישר Dr fischer",IL,אפקטיב קר תרחיץ פנים,מיליליטרים,180.00,"100 מ""ל",false,,16.90,0.0939,true,1,102581
7290016967074,false,לחם חיטה מלאה עם גרעינים ודגנים,מאפיית שלמה א. אנג'ל,IL,לחם אנג'ל חיטה מלאה,מיליליטרים,750.00,"100 מ""ל",false,,14.90,0.0199,true,1,99048
7290016988017,false,קרקר כוסמין מלא עם ק,,,קרקר כוסמין מלא עם ק,גרמים,150.00,100 גרם,false,,23.90,0.1593,true,1,101226
7290016988024,false,קרקר כוסמין מלא עם ק,,,קרקר כוסמין מלא עם ק,גרמים,150.00,100 גרם,false,,23.90,0.1593,true,1,101552
7290016988031,false,קרקר פרג,,,קרקר פרג,גרמים,150.00,100 גרם,false,,23.90,0.1593,true,1,101920
7290016988048,false,קרקר עירית,,,קרקר עירית,גרמים,150.00,100 גרם,false,,23.90,0.1593,true,1,101921
7290016988055,false,קרקר כוסמין מלא עם פ,,,קרקר כוסמין מלא עם פ,גרמים,150.00,100 גרם,false,,26.90,0.1793,true,1,100513
7290016988062,false,קרקר ללא קמח חיטה,,,קרקר ללא קמח חיטה,גרמים,150.00,100 גרם,false,,26.90,0.1793,true,1,101227
7290016988079,false,קרקר טף ושיבולת שועל,,,קרקר טף ושיבולת שועל,גרמים,150.00,100 גרם,false,,26.90,0.1793,true,1,101228
7290016988086,false,קרקר מקמח חומוס,,,קרקר מקמח חומוס,גרמים,150.00,100 גרם,false,,26.90,0.1793,true,1,110648
7290016988093,false,קרקר סלק וכוסמין,,,קרקר סלק וכוסמין,גרמים,150.00,100 גרם,false,,26.90,0.1793,true,1,98890
7290016988116,false,קרקר עדשים כתומות 15,,,קרקר עדשים כתומות 15,גרמים,150.00,100 גרם,false,,26.90,0.1793,true,1,112202
7290016988123,false,קרקר כוסמת ירוקה גרע,,,קרקר כוסמת ירוקה גרע,גרמים,180.00,100 גרם,false,,31.90,0.1772,true,1,112753
7290016988284,false,עוגיות פסיפס מקמח כו,,,עוגיות פסיפס מקמח כו,גרמים,250.00,100 גרם,false,,36.90,0.1476,true,1,113265
7290016988376,false,עוגיות זר שושנים,,,עוגיות זר שושנים,גרמים,200.00,100 גרם,false,,29.90,0.1495,true,1,110843
7290016995008,false,פופקורן אורגני 500 גרם,תבואות,,פופקורן אורגני 500 ג,גרמים,500.00,100 גרם,false,,10.40,0.0208,true,1,101825
7290016995046,false,"קמח טף טבעי 1 ק""ג תב",תבואות,,"קמח טף טבעי 1 ק""ג תב",קילוגרמים,1.00,"ק""ג",false,,18.90,18.9000,true,1,113929
7290016995053,false,קמח טפיוקה 500 גר' ת,תבואות,,קמח טפיוקה 500 גר' ת,גרמים,500.00,100 גרם,false,,8.90,0.0178,true,1,100930
7290016995077,false,קוסקוס כוסמין אורגני 400 גרם,תבואות,,קוסקוס כוסמין אורגני,גרמים,400.00,100 גרם,false,,14.90,0.0373,true,1,100819
7290016995398,false,חומץ תפוחים אורגני 1 ליטר,תבואות,ES,חומץ תפוח אורגני 1 ל,ליטרים,1.00,ליטר,false,,21.90,21.9000,true,1,114802
7290016995435,false,"חומץ בלסמי אורגני 500 מ""ל",,,חומץ בלסמי אורגני תב,מיליליטרים,500.00,"100 מ""ל",false,,21.90,0.0438,true,1,110670
7290016995480,false,ניוקי כוסמין מלא אורגני 500 גרם,תבואות,IL,פסטה ניוקי מקמח כוסמ,גרמים,500.00,100 גרם,false,,18.90,0.0378,true,1,120538
7290016995503,false,חמאת בוטנים קראנצי א,ריזאו שנגקנג,CN,חמאת בוטנים קראנצ'י,גרמים,510.00,100 גרם,false,,19.90,0.0390,true,1,109372
7290016995510,false,חמאת בוטנים אורגנית,ריזאו שנגקנג,CN,חמאת בוטנים אורגנית,גרמים,510.00,100 גרם,false,,19.90,0.0390,true,1,109161
7290016995695,false,ציה לבנה אורגנית 300 גרם,תבואות,AR,זרעי צ'יה לבנה אורגנ,גרמים,300.00,100 גרם,false,,17.90,0.0597,true,1,110671
7290016995701,false,מחית בננה תפוח אורגני 100 גרם,תבואות,,מחית בננה תפוח אורגנ,גרמים,100.00,100 גרם,false,,4.90,0.0490,true,1,114497
7290016995725,false,מחית מנגו תפוח אפרסק אורגני 100 גרם,תבואות מוצרי מזון או,IT,מחית מנגו תפוח אפרסק,גרמים,100.00,100 גרם,false,,4.90,0.0490,true,1,114499
7290016995787,false,"קמח שיפון מלא מנופה 1 ק""ג",תבואות,IL,קמח שיפון מלא מנופה,קילוגרמים,1.00,"ק""ג",false,,10.90,10.9000,true,1,114807
7290016995930,false,אבקת קקאו אורגנית 200 גרם,תבואות,PE,אבקת קקאו אורגנית 20,גרמים,200.00,100 גרם,false,,19.90,0.0995,true,1,114982
7290017000985,false,"יין קסטל רזיאל 2020 750 מ""ל",,IL,יין רזיאל 2020,מיליליטרים,750.00,"100 מ""ל",false,,150.00,0.2000,true,1,168927
7290017023212,false,"שוויפס מוגז פירות תפוח מארז רביעייה* 330 מ""ל",יפאורה תבורי,IL,רביעיית פחיות שוופס,מיליליטרים,1320.00,"100 מ""ל",false,,12.50,0.0095,true,1,105388
7290017023229,false,רביעיית פחיות שוופס מוגז פירות תות ליים 330 מל.,יפאורה תבורי,IL,רביעיית פחיות שוופס,מיליליטרים,1320.00,"100 מ""ל",false,,12.50,0.0095,true,1,105389
7290017023236,false,רביעיית פחיות שוופס מוגז פירות ענבים 330 מל.,יפאורה תבורי,IL,רביעיית פחיות שוופס,מיליליטרים,1320.00,"100 מ""ל",false,,12.50,0.0095,true,1,105390
7290017023663,false,"שוופס מיץ פירות לימונייד פחית מארז 330X4מ""ל",יפאורה תבורי,IL,רביעיית פחיות שוופס,מיליליטרים,1320.00,"100 מ""ל",false,,12.50,0.0095,true,1,107090
7290017023854,false,מי סודה בקבוקים אישיים - מארז 4 יח',יפאורה תבורי בעמ,IL,"שוופס סודה 250 מ""ל ר",ליטרים,1.00,ליטר,false,,10.90,10.9000,true,1,109438
7290017023861,false,סודה בטעם לימון בקבוקים אישיים - מארז 4 יח',יפאורה תבורי בעמ,IL,שוופס סודה לימון 250,ליטרים,1.00,ליטר,false,,10.90,10.9000,true,1,109439
7290017023878,false,סודה בטעם נענע ליים בקבוקים אישיים - מארז 4 יח',יפאורה תבורי בעמ,IL,שוופס סודה נענע ליים,ליטרים,1.00,ליטר,false,,10.90,10.9000,true,1,109440
7290017031170,false,פתיתים על בסיס קמח עדשים אדומות בצורת פוזילי ללא גלוטן 250 גר',andnani,IT,פתיתים על בסיס קמח ע,גרמים,250.00,100 גרם,false,,13.90,0.0556,true,1,115727
7290017031477,false,"סנסודיין משחת שיניים רפיד רליף להלבנה 75 מ""ל","סמיתקליין ביצ'ם בע""מ",GB,משחת שיניים סנסודיין,מיליליטרים,75.00,"100 מ""ל",false,,25.90,0.3453,true,1,111479
7290017031705,false,"סנסודיין - משחת שיניים קלין&פרש 75 מ""ל",גלקסוס סמית קליין,SK,משחת שיניים סנסודיין,מיליליטרים,75.00,"100 מ""ל",false,,21.90,0.2920,true,1,109323
7290017031811,false,פרודונטקס מברשת שיניים אקסטרא סופט א.זוג,גלקסוסמיתקליין,CN,זוג מברשות שיניים פר,יחידה,0.00,יחידה,false,,19.90,0.0000,true,1,112357
7290017031859,false,"פרודונטקס - משחת שיניים אולטרא קלין 75 מ""ל",סמיתקליין ביצ'ם בעמ,SK,משחת שיניים פרדונטקס,מיליליטרים,75.00,"100 מ""ל",false,,30.90,0.4120,true,1,109527
7290017065007,false,פרוסות גבינה מוצרלה חצי קשה 22% שומן 200 ג' גד,מחלבות גד בעמ,IL,מוצרלה פרוסה גד,גרמים,200.00,100 גרם,false,,18.90,0.0945,true,1,99948
7290017065137,false,ריקוטה למריחה 5% טבעית 200 גרם - רובין,האי נאם סי או אל.טי.,IL,ריקוטה למריחה 5% עם,גרמים,200.00,100 גרם,false,,9.90,0.0495,true,1,104103
7290017065144,false,גבינת ריקוטה למריחה 5% בזיליקום 200ג' גד,האי נאם סי או אל.טי.,IL,ריקוטה למריחה 5% עם,גרמים,200.00,100 גרם,false,,9.90,0.0495,true,1,104110
7290017065168,false,גבינה בשלה עם עובש כחול 30%,מחלבות גד,DK,גבינה כחולה גד,גרמים,300.00,100 גרם,false,,17.90,0.0597,true,1,105597
7290017065212,false,גבינת קרם מסקרפונה מחלבות גד 250 גר,מיוצר עי קוד יצרן ED,IL,קרם מסקרפונה גד,גרמים,250.00,100 גרם,false,,19.90,0.0796,false,1,105602
7290017065236,false,גבינה בולגרית מעודנת 24% גד 250 ג',הנסיך- מפעל לייצור ט,IL,בולגרית מעודנת 24% ג,גרמים,250.00,100 גרם,false,,23.90,0.0956,true,1,105603
7290017065380,false,גבינת גרנה פדנו שבבים 29%,מחלבות גד,IT,גבינת גרנה פדנו שבבי,גרמים,100.00,100 גרם,false,,14.60,0.1460,true,1,110317
7290017065434,false,פרוסות גבינה גאודה הולנדית חצי קשה 200 גרם בית יוסף,מחלבות גד בעמ,NL,פרוסות גאודה בקר גד,גרמים,200.00,100 גרם,false,,22.90,0.1145,true,1,110651
7290017065441,false,פרוסות גבינת גאודה עיזים 30%,מחלבות גד,NL,פרוסות גאודה עיזים ג,גרמים,200.00,100 גרם,false,,33.90,0.1695,true,1,110652
7290017065526,false,קוואטרו פורמאג'י 4 גבינות מגוררות 26%,מחלבות גד בעמ,IL,קוואטרו פורמאג'י,גרמים,300.00,100 גרם,false,,28.90,0.0963,true,1,110658
7290017065588,false,יוגורט יווני 10% שומן 600 ג' גד,"מיוצר ע""י קוד יצרן M",IL,יוגורט יווני,גרמים,600.00,100 גרם,false,,17.50,0.0292,true,1,115790
7290017065649,false,קרם פטיסייר מחלבות ג,מיוצר עי קוד יצרן ED,IL,קרם פטיסייר,גרמים,250.00,100 גרם,false,,19.90,0.0796,false,1,115793
7290017065663,false,פטה עיזים מעודנת 16% 250 גרם,ג'נרל מילס סאן אדריא,IL,פטה עיזים מעודנת 16%,גרמים,250.00,100 גרם,false,,31.00,0.1240,true,1,118581
7290017065731,false,גבינת שמנת 30% ניו יורק +כמהין 200 גרם רבנות,פ.פ.ח. שאביט,IL,גבינת שמנת ניו יורק,גרמים,200.00,100 גרם,false,,13.90,0.0695,true,1,121761
7290017065786,false,גבינת צ'דר אנגלית גד 210 ג',מחלבות גד,IL,גבינת צ'דר מחלבת גד,גרמים,210.00,100 גרם,false,,21.90,0.1043,true,1,164738
7290017065861,false,רוטב פקורינו ופלפל שחור קאצ'יו אה פפה 200 ג' גד,מחלבות גד,IL,רוטב קאצי'ו אה פפה,גרמים,200.00,100 גרם,false,,15.90,0.0795,true,1,166561
7290017065878,false,מק אנד צ'יז רוטב לפסטה 200 גרם גד,מחלבות גד,IL,רוטב מק אנד צ'יז גד,גרמים,200.00,100 גרם,false,,15.90,0.0795,true,1,166563
7290017105062,false,גרגירי חומוס שלם יכין הקטניה הטובה 200 ג,היינץ צפון אמריקה מק,IL,חומוס OZ6 יכין,גרמים,105.00,100 גרם,false,,3.90,0.0371,true,1,106744
7290017105079,false,שעועית ברוטב עגבניות 200 גרם יכין,היינץ צפון אמריקה מק,IL,שעועית לבנה ברוטב עג,גרמים,128.00,100 גרם,false,,3.90,0.0305,true,1,106478
7290017105123,false,שימורי פול יכין הקטניה הטובה 200 גר,היינץ צפון אמריקה מק,IL,פול מצרי יכין,יחידה,0.00,יחידה,false,,3.90,0.0000,true,1,108220
7290017105468,false,מארז שלישייה אפונה קטנה יכין 3*200 גר,קשקמט קונסרב הונגריה,IL,שלישיית אפונה יכין,גרמים,600.00,100 גרם,false,,13.90,0.0232,true,1,114493
7290017105895,false,גרגרי חומוס להכנת חומוס 550 גרם יכין,זנלכל,IL,גרגירי חומוס להכנת ח,גרמים,560.00,100 גרם,false,,8.90,0.0159,true,1,118030
7290017106342,false,יין אלפסי הר אודם 75,,IL,יין אלפסי 2015,מיליליטרים,750.00,"100 מ""ל",false,,240.00,0.3200,true,1,123583
7290017106670,false,יין גמאיי נואר הר או,,,יין גמאיי נואר הר או,מיליליטרים,750.00,"100 מ""ל",false,,175.00,0.2333,true,1,168420
7290017106700,false,יין סירה הר אודם 201,,,יין סירה הר אודם 201,מיליליטרים,750.00,"100 מ""ל",false,,130.00,0.1733,true,1,168422
7290017106717,false,יין קברנה פרנק הר או,,IL,קברנה פרנק הר אודם 2,מיליליטרים,750.00,"100 מ""ל",false,,175.00,0.2333,true,1,168423
7290017106779,false,יין יער אודם אדום 75,,IL,יין יער אודם 2021,מיליליטרים,750.00,"100 מ""ל",false,,70.00,0.0933,true,1,166605
7290017121048,false,פלפל צ'ומה 250 גרם עללחם,מדשא תעשיות מזון בעמ,IL,פלפל צ'ומה על הלחם,גרמים,250.00,100 גרם,false,,13.90,0.0556,true,1,111036
7290017121093,false,אריסה חריפה עללחם 250 גרם,מדשא תעשיות מזון בעמ,IL,אריסה חריפה על הלחם,גרמים,250.00,100 גרם,false,,13.90,0.0556,true,1,111037
7290017129754,false,"שוקולד מריר מעולה 70% מוצקי קקאו 100 גר בד""ץ",כרמית תעשיות ממתקים,IL,שוקולד פרימיום 70% כ,גרמים,100.00,100 גרם,false,,7.90,0.0790,true,1,106940
7290017129761,false,"שוקולד פרימיום 70% בטעם תפוז בד""ץ 100 גר'",כרמית תעשיות ממתקים,IL,שוקולד פרימיום 70% ב,גרמים,100.00,100 גרם,false,,7.90,0.0790,true,1,106941
7290017129839,false,"שוקולד פרימיום 70% בטעם פטל בד""ץ 100 גר'.",כרמית תעשיות ממתקים,IL,שוקולד פרימיום 70% ב,גרמים,100.00,100 גרם,false,,7.90,0.0790,true,1,106943
7290017129877,false,מיקס לקקנים שטוחים פירות 40*7.5 גר' * 24 בקר',דורקן סקרלמה סאן. וי,TR,מיקס לקקנים שטוחים כ,גרמים,300.00,100 גרם,false,,9.90,0.0330,true,1,107548
7290017129884,false,חמישיות שוקולד מריר 44% 85 גר*5*12 בקרטון,כרמית,IL,חמישיות שוקולד מריר,גרמים,425.00,100 גרם,false,,15.90,0.0374,true,1,107267
7290017129983,false,כרמית שוקולד ציפס לבן 250גרם,"כד בני דרום בע""מ",IL,שוקו ציפס לבן פרווה,גרמים,250.00,100 גרם,false,,11.90,0.0476,true,1,108703
7290017142005,false,"שמן קוקוס אורגני כתית 320 מ""ל עץ הזית",אקספלונקה,LK,שמן קוקוס אורגני 320,מיליליטרים,320.00,"100 מ""ל",false,,25.90,0.0809,true,1,101100
7290017142012,false,שמן קוקוס אורגני כתית 500 גר עץ הזית,עץ הזית,,שמן קוקוס אורגני 500,מיליליטרים,500.00,"100 מ""ל",false,,36.90,0.0738,true,1,101101
7290017142111,false,פתיתי טונה בשמן זית טו גו עץ הזית 85 גרם,"יוניקורד ח.צ בע""מ",TH,פתיתי טונה בהירה בשמ,גרמים,85.00,100 גרם,false,,9.90,0.1165,false,1,106287
7290017142128,false,"שמן זית כתית מעולה קלאסי עץ הזית 750 מ""ל",שמן תעשיות,IL,"שמן זית 750 מ""ל קלאס",מיליליטרים,750.00,"100 מ""ל",false,,29.90,0.0399,false,1,105089
7290017142159,false,מארז נתחי טונה בהירה בשמן זית 3*80 ג' עץ הזית,הנסיך- מפעל לייצור ט,TH,נתחי טונה בהירה בשמן,גרמים,168.00,100 גרם,false,,22.90,0.1363,false,1,106288
7290017142166,false,פילה טונה פרוס עם שמן זית עץ הזית 120 גר,"יוניקורד ח.צ בע""מ",TH,פילה טונה פרוס עם שמ,גרמים,120.00,100 גרם,false,,14.90,0.1242,true,1,110900
7290017142180,false,פילה טונה בשמן זית בטעם לימון עם פלפל שחור 120 ג',"יוניקורד ח.צ בע""מ",TH,פילה טונה פרוס עם שמ,גרמים,120.00,100 גרם,false,,14.90,0.1242,true,1,110901
7290017142203,false,פילה טונה בשמן זית בטעם מעושן עץ המוצר 120 ג',"יוניקורד ח.צ בע""מ",TH,פילה טונה פרוס עם שמ,גרמים,120.00,100 גרם,false,,14.90,0.1242,true,1,110902
7290017142234,false,פתיתי טונה בשמן זית טעם מעושן טו גו 85 ג,"יוניקורד ח.צ בע""מ",TH,טונה TO GO מעושן 85,גרמים,85.00,100 גרם,false,,9.90,0.1165,false,1,112845
7290017142289,false,"תרסיס שמן חמניות מזוכך עץ הזית 200 מ""ל",שמן תעשיות,IL,תרסיס שמן חמניות מזו,מיליליטרים,200.00,"100 מ""ל",false,,14.90,0.0745,false,1,109899
7290017142340,false,שמן זרעי ענבים מזוכך עץ הזית,עץ השדה,TH,שמן זרעי ענבים מזוכך,ליטרים,1.00,ליטר,false,,24.90,24.9000,true,1,114410
7290017142364,false,"שמן דלעת לא מזוכך עץ הזית 250 מ""ל",עץ השדה,SI,שמן דלעת לא מזוכך 25,מיליליטרים,250.00,"100 מ""ל",false,,29.90,0.1196,true,1,114411
7290017142371,false,"שמן שומשום עץ הזית 250 מ""ל",גאה די. או. או.,SI,שמן שומשום לא מזוכך,מיליליטרים,250.00,"100 מ""ל",false,,28.90,0.1156,true,1,114412
7290017142388,false,שמן חמניות אומגה 3 פלוס 1 ליטר עץ הזית,שמן תעשיות,IL,שמן חמניות פלוס אומג,ליטרים,1.00,ליטר,false,,14.90,14.9000,false,1,112289
7290017142395,false,טונה עם פסטה בשמן זית 160 גרם עץ הזית,עץ הזית,TH,LUNCH TO GO פסטה עם,גרמים,160.00,100 גרם,false,,13.90,0.0869,true,1,114833
7290017142401,false,קינואה לבנה ואדומה עם טונה בשמן זית 160 גרם,ג'נרל מילס סאן אדריא,TH,טונה עם קינואה לבנה,גרמים,160.00,100 גרם,false,,13.90,0.0869,true,1,118806
7290017142418,false,טונה עם אורז ועדשים בשמן זית 160 גר,יוניקורד ח.צ בעמ,TH,אורז עם עדשים וטונה,גרמים,160.00,100 גרם,false,,13.90,0.0869,true,1,114834
7290017142456,false,מארז נתחי טונה בהירה בשמן זית 2 * 160 ג' עץ הזית,עץ הזית,TH,נתחי טונה בהירה בשמן,גרמים,224.00,100 גרם,false,,19.90,0.0888,true,1,114981
7290017142487,false,בורגול עם גרגירי חומוס עם טונה בשמן זי,עץ הזית,TH,טונה בורגול וחומוס ע,גרמים,160.00,100 גרם,false,,13.90,0.0869,true,1,122048
7290017142609,false,תרסיס שמן זית כתית ב,קונפניה,IT,תרסיס שמן זית בטעם ל,מיליליטרים,150.00,"100 מ""ל",false,,18.90,0.1260,true,1,167417
7290017142623,false,תרסיס שמן זית כתית מעולה בטעם צ'ילי 150 מל',קונפניה,IT,תרסיס שמן זית בטעם,מיליליטרים,150.00,"100 מ""ל",false,,18.90,0.1260,true,1,167418
7290017189413,false,טבעות בצל גולד רינג,משק ויילר,ES,טבעות בצל 600 גר קפו,גרמים,600.00,100 גרם,false,,14.90,0.0248,true,1,121223
7290017217307,false,נרות חימום ריחניים בניחות ורדים 50יח',הוסטס,CN,נרות חימום ריחניים ב,יחידה,0.00,יחידה,false,,9.90,0.0000,true,1,120988
7290017217321,false,נרות חימום ריחניים בניחות לוונדר 50יח',הוסטס,CN,נרות חימום ריחניים ב,יחידה,0.00,יחידה,false,,9.90,0.0000,true,1,120990
7290017217338,false,נרות חימום ריחניים בניחות וניל 50יח',הוסטס,CN,נרות חימום ריחניים ב,יחידה,0.00,יחידה,false,,9.90,0.0000,true,1,120991
7290017217390,false,מטליות מיקרופייבר משובחת עם ספווג 4יח,,,מטליות מיקרופייבר עם,יחידה,0.00,יחידה,false,,17.90,0.0000,true,1,120450
7290017217673,false,כפפות משק בית עם אלו,איזיטאצ,CN,כפפות עם אלוורה S,יחידה,0.00,יחידה,false,,5.50,0.0000,true,1,120383
7290017217680,false,כפפות משק בית עם אלו,איזיטאצ,CN,כפפות עם אלוורה M,יחידה,0.00,יחידה,false,,5.50,0.0000,true,1,120384
7290017217697,false,כפפות גומי גדול זוג EasyTouch,,,כפפות עם אלוורה L,יחידה,0.00,יחידה,false,,5.50,0.0000,true,1,120385
7290017232218,false,לחם קלאסי מופחת פחמימות איטסיין 430 גרם,,,לחם מופחת פחמימות,גרמים,430.00,100 גרם,false,,24.90,0.0579,true,1,163695
7290017232225,false,לחם גלילי מופחת פחמימות איטסיין 450 גרם,,,לחם איטסיין גלילי,גרמים,450.00,100 גרם,false,,24.90,0.0553,true,1,166680
7290017232232,false,לחמניות ארוכות איטסי,,,מארז 6 לחמניות על בס,גרמים,390.00,100 גרם,false,,26.90,0.0690,true,1,166829
7290017247007,false,מלפפון בייבי,חקלאי,IL,מלפפון בייבי,יחידה,0.00,יחידה,false,,8.90,0.0000,true,1,101127
7290017247014,false,פלפלונים,חקלאי,IL,פלפלונים,יחידה,0.00,יחידה,false,,8.90,0.0000,true,1,101128
7290017253213,false,שלישייה פרשיס 60 מגבוני נייר טואלט לחים,,,פרשיס שלישייה מגבוני,יחידה,0.00,יחידה,false,,19.90,0.0000,true,1,122890
7290017266725,false,מארז וופל במילוי קרם בטעם שוקולד 12 גרם*40 יח',"גילרו בע""מ",IL,מארז 40 יח' וופל קרא,גרמים,480.00,100 גרם,false,,14.50,0.0302,true,1,118600
7290017275413,false,מיני קצפיות בטעם וניל אחוה 140 גרם,אחדות ביחר לטחינה חל,IL,מיני קצפיות וניל 140,יחידה,0.00,יחידה,false,,8.90,0.0000,true,1,165793
7290017275420,false,מיני קצפיות בטעם תות אחוה 140 גרם,אחדות ביחר לטחינה חל,IL,מיני קצפיות בטעם תות,גרמים,140.00,100 גרם,false,,9.90,0.0707,true,1,165746
7290017275444,false,מיני קצפיות בטעם ענבים אחוה 140 גרם,אחדות ביחר לטחינה חל,IL,מיני קצפיות ענבים 14,גרמים,140.00,100 גרם,false,,9.90,0.0707,true,1,167051
7290017289410,false,יין ESSENCE מרלו 2017 750 מל,יקב טפרברג 1870,,ESSENCE מרלו 2017,מיליליטרים,750.00,"100 מ""ל",false,,100.00,0.1333,true,1,164631
7290017289427,false,יין קברנה סוביניון 2017 750 מל,יקב טפרברג 1870,,ESSENCE קברנה סוביני,מיליליטרים,750.00,"100 מ""ל",false,,100.00,0.1333,true,1,164632
7290017289618,false,"יין פטיט סירה 750 מ""ל אימפרשיאון",יקב טפרברג 1870 בעמ,IL,IMPRESSION פטיט סירה,מיליליטרים,750.00,"750 מ""ל",false,,49.90,0.0665,true,1,116849
7290017289779,false,INSPIRE DEVOTAGE מלבק מרסלן 2019 750 מל,יקב טפרברג 1870,IL,יין מלבק טפרברג INSP,מיליליטרים,750.00,"100 מ""ל",false,,65.00,0.0867,true,1,121921
7290017297149,false,גרגירי חומוס להכנת חומוס ביתי 550 גרם,"פרי הגליל בע""""מ",IL,גרגירי חומוס להכנת ח,גרמים,290.00,100 גרם,false,,6.50,0.0224,true,1,119556
7290017297170,false,לקט אסייתי להקפצה פרי הגליל 800 ג',ויטה פרי גליל,IL,לקט אסייתי להקפצה 80,גרמים,800.00,100 גרם,false,,15.90,0.0199,true,1,119744
7290017297200,false,לקט ירקות לצד העוף פרי הגליל 800 ג',ויטה פרי גליל,IL,לקט כפרי תוספת לעוף,גרמים,800.00,100 גרם,false,,15.90,0.0199,true,1,119745
7290017297217,false,עדשים ירוקות מושרות מבושלות ומקפאות פרי הגליל 800 ג',פרי הגליל,,עדשים ירוקות מושרות,גרמים,800.00,100 גרם,false,,12.90,0.0161,true,1,120365
7290017297323,false,רוטב עגבניות מרוכז 22% טל וטרי 100 גרם,"מילוז(1989)בע""""מ",IL,רוטב עגבניות מרוכז 1,גרמים,100.00,100 גרם,false,,1.70,0.0170,false,1,123972
7290017297637,false,רוטב עגבניות טל וטרי 28% BX A-2,טל,,רוטב עגבניות A2 טל ו,גרמים,580.00,100 גרם,false,,6.50,0.0112,true,1,164851
7290017297644,false,ברוקולי קפוא גרין אנד פרש 800 גר',גרין אנד פרש Green & Fresh,IL,ברוקולי green & fres,גרמים,800.00,100 גרם,false,,14.90,0.0186,true,1,164852
7290017297682,false,כרובית מוקפאת גרין אנד פרש 800 גר',גרין אנד פרש Green & Fresh,,כרובית 800 גר' green,גרמים,800.00,100 גרם,false,,12.90,0.0161,true,1,165056
7290017297743,false,צ'יפס אמריקאי 800 ג' פרי הגליל,פרי הגליל,,צ'יפס אמריקאי 800 גר,גרמים,800.00,100 גרם,false,,11.90,0.0149,true,1,165355
7290017304885,false,לחם שיפון מחיטה מלאה ללא תוספת סוכר 750 ג' אנג'ל,מאפית אנגל,IL,לחם אנג'ל שיפון וחיט,גרמים,750.00,100 גרם,false,,12.90,0.0172,true,1,112055
7290017313009,false,פיתות אופרה עשירייה,,,פיתות אופרה עשירייה,יחידה,0.00,יחידה,false,,14.90,0.0000,true,1,102129
7290017313030,false,פיתות חיטה מלאה חמיש,,,פיתות חיטה מלאה חמיש,יחידה,0.00,יחידה,false,,11.90,0.0000,true,1,120008
7290017313054,false,נקניקיות עטופות בבצק,אופרה,,נקניקיות עטופות בבצק,גרמים,500.00,100 גרם,false,,16.90,0.0338,true,1,123403
7290017325385,false,חמאה אורגנית אדמה 200 גרם,,NL,חמאה אורגנית 200 גר',גרמים,200.00,100 גרם,false,,14.90,0.0745,true,1,122524
7290017325422,false,פריכיות דקות אורז מלא אורגני 100 גרם,פרח תעשיות,IL,פריכיות דקות מאורז מ,גרמים,100.00,100 גרם,false,,11.90,0.1190,true,1,112076
7290017325453,false,"משקה שקדים ללת""ס לל""ג אורגני 1 ליטר",ליקואטס,ES,משקה שקדים אורגני 1,ליטרים,1.00,ליטר,false,,14.50,14.5000,true,1,115696
7290017325460,false,"משקה שקדים לל""ג אורגני 1 ליטר",ליקואטס,ES,משקה שקדים אורגני 1,ליטרים,1.00,ליטר,false,,14.50,14.5000,true,1,115697
7290017325477,false,רסק עגבניות אורגני 1,פריניר (הדס 1987) בע,IL,רסק עגבניות אורגני 1,גרמים,100.00,100 גרם,false,,3.40,0.0340,true,1,120447
7290017325583,false,קוסקוס כוסמין מלא אורגני 350 גרם,הרדוף,IT,קוסקוס כוסמין מלא או,גרמים,350.00,100 גרם,false,,14.50,0.0414,true,1,165475
7290017325613,false,משקה שיבולת שועל אורגני 1 ליטר הרדוף,סוי מג'יק,ES,משקה שיבולת שועל אור,ליטרים,1.00,ליטר,false,,11.90,11.9000,true,1,117532
7290017325682,false,פריכיות כוסמת אורגני הרדוף 160 גרם,הרדוף,IL,פריכיות כוסמת אוגני,גרמים,160.00,100 גרם,false,,11.90,0.0744,true,1,167696
7290017325781,false,רגיטיני חיטת כוסמין אמר אורגני 400 גרם,פסטיפיסוי פליצ'טי,IT,פסטה רגיטיני מחיטת כ,גרמים,400.00,100 גרם,false,,17.90,0.0447,true,1,164111
7290017325811,false,שעועית בובס אורגני ה,הרדוף,,שעועית בובס אורגני 4,גרמים,400.00,100 גרם,false,,12.90,0.0323,true,1,165434
7290017325842,false,פריכיות אורז מלא אורגניות 110 גר,הרדוף,,פריכיות אורז מלא אור,גרמים,110.00,100 גרם,false,,9.40,0.0855,true,1,121300
7290017325859,false,"דפי אורז מלא לל""ג אורגני הרדוף 200 גרם","בטר אנד דיפרנט בע""מ",VN,דפי אורז מלא אורגני,גרמים,200.00,100 גרם,false,,16.90,0.0845,true,1,166702
7290017325866,false,"דפי אורז לבן לל""ג אורגני הרדוף 200 גרם","בטר אנד דיפרנט בע""מ",VN,דפי אורז לבן אורגני,גרמים,200.00,100 גרם,false,,16.90,0.0845,true,1,166703
7290017325897,false,"משקה סויה במתיקות מעודנת לל""ג אורגני 1 ל",ליקואטס,ES,משקה סויה במתיקות מע,ליטרים,1.00,ליטר,false,,10.90,10.9000,true,1,166891
7290017325934,false,טחינה מלאה אורגני 450 גרם,הרדוף,IL,טחינה מלאה אורגנית ה,גרמים,450.00,100 גרם,false,,16.90,0.0376,true,1,166233
7290017440286,false,"ד""ר פישר מרכך מולטי ויטמין קידס ,750 מ""ל","ד""ר פישר Dr fischer",IL,"מרכך קידס 750 מ""ל",מיליליטרים,750.00,"100 מ""ל",false,,15.90,0.0212,true,1,112064
7290017440309,false,"ד""ר פישר - קידס שמפו ויטמינים 750 מ""ל","ד""ר פישר Dr fischer",IL,"שמפו קידס 750 מ""ל",מיליליטרים,750.00,"100 מ""ל",false,,15.90,0.0212,true,1,112065
7290017440729,false,אולטרסול ספריי שמן קוקוס 200/20 SPF,פישר תעשיות,IL,אולטרסול ספריי רציף,מיליליטרים,200.00,"100 מ""ל",false,,44.90,0.2245,true,1,111844
7290017440804,false,ד.פישר סילבר מסכת הזנה לשיער כסוף 300 מ,מדי פישר,IL,מסכת מזנה לשיער כסוף,מיליליטרים,300.00,"100 מ""ל",false,,36.90,0.1230,true,1,111340
7290017440965,false,אל סבון היגייני לניקוי יסודי ולהזנת העור clean & nourish,"ד""ר פישר Dr fischer",IL,קמיל אל סבון נוזלי 1,ליטרים,1.00,ליטר,false,,15.90,15.9000,false,1,110835
7290017457703,false,"מרכך כביסה סוד מרוכז ארומתרפי זהב 900 מ""ל",הנקל סוד,IL,סוד מרכך מרוכז ארומת,מיליליטרים,900.00,"100 מ""ל",false,,11.90,0.0132,true,1,111324
7290017457727,false,"סוד - מרכך כביסה מרוכז פרש סקיי 900 מ""ל",הנקל סוד,IL,סוד מרכך מרוכז כחול,מיליליטרים,900.00,"100 מ""ל",false,,11.90,0.0132,true,1,111326
7290017457734,false,"סוד - מרכך כביסה מרוכז ווילד רוז 900 מ""ל",הנקל סוד,IL,סוד מרכך מרוכז ורוד,מיליליטרים,900.00,"100 מ""ל",false,,11.90,0.0132,true,1,111327
7290017477282,false,גרעיני דלעת קלופים קלויים 200 גרם,,IL,גרעיני דלעת קלופים ק,גרמים,200.00,100 גרם,false,,9.90,0.0495,true,1,117128
7290017477305,false,זרעי ציה 250 גר שקדי,דין שיווק,IL,זרעי צ'יה 250 גרם שק,גרמים,250.00,100 גרם,false,,8.90,0.0356,true,1,107228
7290017477350,false,תערובת לסלט ירוק 200 גרם,דין שיווק,IL,תערובת לסלט ירוק 200,גרמים,200.00,100 גרם,false,,8.90,0.0445,true,1,107231
7290017513393,false,תה ירוק ספירולינה וצמחים ירוקים 25 שקי,תה ויסוצקי,IL,תה ירוק סופר גרין 25,גרמים,37.50,100 גרם,false,,24.90,0.6640,false,1,113407
7290017513409,false,תה ירוק SUPER GREEN 87 גרםבטעם אוכמניות ואסאי,תה ויסוצקי,IL,תה ירוק סופר פרפל 25,גרמים,37.50,100 גרם,false,,24.90,0.6640,false,1,113408
7290017513775,false,פליפז בייגלה מצופה שוקולד חלב 140 גרם,שוורצקוף& הנקל דיסלד,TR,פליפז בייגלה מצופה ש,גרמים,140.00,100 גרם,false,,8.90,0.0636,true,1,114899
7290017513782,false,פליפז בייגלה מצופה שוקולד מריר 140 גרם,שוורצקוף& הנקל דיסלד,TR,פליפז בייגלה מצופה ש,גרמים,140.00,100 גרם,false,,8.90,0.0636,true,1,114900
7290017513829,false,תה ירוק לימונית ג'ינג'ר 25 שקיקים בתוספת ויטמין Cּּ+D,ויסוצקי ירוק,IL,תה ירוק לימונית ג'ינ,גרמים,37.50,100 גרם,false,,24.90,0.6640,false,1,119046
7290017513850,false,תה ירוק נענע 25 שקיקים בתוספת ויטמינים Cּּ+D,ויסוצקי ירוק,IL,תה ירוק נענע בתוספת,גרמים,37.50,100 גרם,false,,24.90,0.6640,false,1,118781
7290017513867,false,תה ירוק לימונית לואיזה 25 שקיקים בתוספת ויטמין Cּּ+D,תה ויסוצקי,IL,תה ירוק לימונית לואי,גרמים,37.50,100 גרם,false,,24.90,0.6640,false,1,118782
7290017516431,false,שוקלד + פנגיאה שוקולד קוקוס שקדים וקפה 300 גרם,ש.ר רגע בטבע,IL,שוקולד פנגיאה שוקולד,גרמים,300.00,100 גרם,false,,32.90,0.1097,true,1,120425
7290017516448,false,שוקלד פנגיאה שוקולד קוקוס תמריםשקדים וחרוב 300 גרם,פנגיאה,IL,שוקולד פנגיאה שוקולד,גרמים,300.00,100 גרם,false,,32.90,0.1097,true,1,120426
7290017516561,false,שלשיית חטיפי חלבון פנגיאה אגוזי לוז 3*60 גרם,ש.ר רגע בטבע,IL,מארז שלישייה חטיפי ח,גרמים,180.00,100 גרם,false,,27.90,0.1550,true,1,123261
7290017516578,false,שלשיית חטיפי חלבון פנגיאה שוקלד 3*60 גרם,ש.ר רגע בטבע,IL,מארז שלישייה חטיפי ח,גרמים,180.00,100 גרם,false,,27.90,0.1550,true,1,123262
7290017521152,false,סט שרותים רטן אובלי,,,סט שרותים רטן אובלי,יחידה,0.00,יחידה,false,,25.90,0.0000,true,1,108300
7290017521459,false,דלי משפך שקוף,,,דלי משפך שקוף,יחידה,0.00,יחידה,false,,11.90,0.0000,true,1,164854
7290017521480,false,מטליות בד רב פעמיות,,,מטליות בד רב פעמיות,גרמים,700.00,100 גרם,false,,19.90,0.0284,true,1,119778
7290017521527,false,כפפות ניילון 500 יח',,,כפפות ניילון 500 יח',יחידה,0.00,יחידה,false,,13.90,0.0000,true,1,119225
7290017529011,false,בירה שבט ווי לאדי 33,,,בירה שבט ווי לאדי 33,מיליליטרים,330.00,"100 מ""ל",false,,13.50,0.0409,true,1,117118
7290017529233,false,"בירה שבט 330 מ""ל HOP",,,"בירה שבט 330 מ""ל HOP",מיליליטרים,330.00,"100 מ""ל",false,,13.50,0.0409,true,1,167048
7290017589633,false,"רזרב גולד אדישיין קברנה סוביניון 750 מ""ל",יקבי ברקן Barkan,IL,יין רזרב קברנה GOLD,מיליליטרים,750.00,"100 מ""ל",false,,34.90,0.0465,false,1,109895
7290017599229,false,ממתיק סוכרלוז 200 טבליות סוכרזית,ביסקול,IL,סוכרזית סוכרלוז 200,גרמים,17.00,100 גרם,false,,22.90,1.3471,true,1,164236
7290017599236,false,סוכרזית סטיוויה 200 טבליות,סנו מפעלי ברונוס.,IL,סוכרזית סטיוויה 200,גרמים,17.00,100 גרם,false,,24.90,1.4647,true,1,164237
7290017599250,false,סוכרזית קלאסי 120 שקיות,ביסקול בעמ,IL,סוכרזית קלאסי 120 שק,גרמים,120.00,100 גרם,false,,17.90,0.1492,true,1,167797
7290017599274,false,סוכרזית סטיוויה 120 שקיות,ביסקול בעמ,IL,סוכרזית סטיוויה 120,גרמים,120.00,100 גרם,false,,36.90,0.3075,true,1,167801
7290017617046,false,נתחי טונה בשמן זית כתית מעולה רביעיה * 140 ג',סטארקיסט,TR,רביעיה טונה סטאר קיס,גרמים,560.00,100 גרם,false,,26.90,0.0480,false,1,114671
7290017617084,false,סטארקיסט מיקס טוגו טונה עם שעועית 185 גרם,דרדנל אוננטאס גידה,TR,סטארקיסט מיקס טונה ט,גרמים,185.00,100 גרם,false,,12.50,0.0676,true,1,120696
7290017617091,false,סטארקיסט מיקס טוגו טונה עם פתיתים 185 גרם,דרדנל אונוסטאס גידה,TR,סטארקיסט מיקס טונה ט,גרמים,185.00,100 גרם,false,,12.50,0.0676,true,1,120697
7290017617107,false,סטארקיסט מיקס טוגו טונה עם 4 דגנים 185 גרם,"איטיליאן פוד, אס.פי.",TR,סטארקיסט מיקס טונה ע,גרמים,185.00,100 גרם,false,,12.50,0.0676,true,1,120818
7290017617268,false,טונה מעושנת בשמן סטארקיסט 120 גר',,,טונה סטאר קיסט מעושנ,גרמים,120.00,100 גרם,false,,15.90,0.1325,true,1,164865
7290017617411,false,מיקס סלמון עם אורז מלא וירקות 160 ג' סטארקיסט,גראאל אס איי,PL,סטארקיסט מיקס סלמון,גרמים,160.00,100 גרם,false,,13.90,0.0869,true,1,166648
7290017617428,false,מיקס סלמון עם פסטה ברוטב עגבניות 160 ג' סטארקיסט,סטארקיסט,PL,סטארקיסט מיקס סלמון,גרמים,160.00,100 גרם,false,,13.90,0.0869,true,1,166649
7290017617435,false,מיקס סלמון עם עדשים קינואה וירק 160 ג' סטארקיסט,גראאל אס איי,PL,סטארקיסט מיקס סלמון,גרמים,160.00,100 גרם,false,,13.90,0.0869,true,1,166650
7290017641096,false,"שוקולד פרימיום 70% לל""ס 100גרם בדצ *12יח*2 בדיס",כרמית תעשיות ממתקים,IL,שוקולד פרימיום 70% ל,גרמים,100.00,100 גרם,false,,8.50,0.0850,true,1,109653
7290017641102,false,שוקולד פרימיום 70% ללא סוכר בטעם תפוז 100 גרם,כרמית תעשיות ממתקים,IL,שוקולד פרימיום 70% ל,גרמים,100.00,100 גרם,false,,8.50,0.0850,true,1,109654
7290017641119,false,שוקולד פרימיום 85% בדצ 100 גר,כרמית תעשיות ממתקים,IL,שוקולד מריר פרימיום,גרמים,100.00,100 גרם,false,,7.90,0.0790,true,1,109569
7290017641188,false,חטיף קרקר עם שיפון מלא וסלק,דנוויטה ג'יי. אס. סי,LT,קרקר עם שיפון מלא וס,גרמים,130.00,100 גרם,false,,5.90,0.0454,true,1,110794
7290017641379,false,חמישיות שוקולד חלב בדצ 85 ג*5 בלמינט*12 בקרט בדצ,כרמית,IL,חמישית שוקולד חלב כר,גרמים,425.00,100 גרם,false,,15.90,0.0374,true,1,166686
7290017641409,false,"כרמית טופי בטעם תות 800 גרם בד""צ",שוגבי סקרלמה גידה אי,TR,סוכריות טופי בטעם תו,גרמים,800.00,100 גרם,false,,10.50,0.0131,true,1,112873
7290017641720,false,טבלת שוקולד דק 70% שברי שקד 100 גר',כרמית תעשיות ממתקים,IL,שוקולד 70% שברי שקד,גרמים,100.00,100 גרם,false,,7.90,0.0790,true,1,115384
7290017641812,false,"טופי אצבעות מיקס פירות 804 גר' בד""ץ.",,,טופי אצבעות בטעמי פי,גרמים,804.00,100 גרם,false,,19.90,0.0248,true,1,117359
7290017641997,false,"שוקולד פרימיום 70% לל""ס שברי אגוז לוז 100 גר' וסטהיים",כרמית,IL,"שוקולד אגו 70% לל""ס",גרמים,100.00,100 גרם,false,,8.50,0.0850,true,1,121234
7290017647197,false,"יין ירדן מרלו 2017 750 מ""ל",,,ירדן מרלו עברית 17,מיליליטרים,750.00,"100 מ""ל",false,,85.00,0.1133,true,1,119461
7290017647425,false,יין גמלא קברנה סוביניון 2019 750 מל,יקבי רמת הגולן,IL,גמלא קברנה סוביניון,מיליליטרים,750.00,"100 מ""ל",false,,59.90,0.0799,true,1,118169
7290017647548,false,"יין ירדן מרלו 2018 750 מ""ל",יקבי רמת הגולן,IL,יין ירדן מרלו 2018,מיליליטרים,750.00,"100 מ""ל",false,,85.00,0.1133,true,1,164900
7290017647722,false,"יין גמלא בלאנקו 20 עברית 750 מ""ל",יקבי רמת הגולן,IL,יין גמלא בלנקו 21,מיליליטרים,750.00,"100 מ""ל",false,,59.90,0.0799,true,1,168908
7290017647760,false,יין ירדן סירה 2019 750 מל,יקבי רמת הגולן,IL,יין ירדן סירה 2019,מיליליטרים,750.00,"100 מ""ל",false,,89.90,0.1199,true,1,168293
7290017647791,false,"יין ירדן קברנה סוביניון 2019 750 מ""ל",יקבי רמת הגולן,,ירדן קברנה סוביניון,מיליליטרים,750.00,"100 מ""ל",false,,120.00,0.1600,true,1,167580
7290017647852,false,"יין ירדן מרלו 2019 750 מ""ל",יקבי רמת הגולן,,יין ירדן מרלו 2019,מיליליטרים,750.00,"100 מ""ל",false,,90.00,0.1200,true,1,168534
7290017677804,false,"רוטב סויה קיקומן ללא חומרים משמרים 444 מ""ל",קיקומן פודז אינק,US,רוטב סויה קיקומן 444,מיליליטרים,444.00,"100 מ""ל",false,,19.90,0.0448,true,1,112408
7290017677811,false,"רוטב סויה קיקומן ללא חומרים משמרים 296 מ""ל",קיקומן פודז אינק,NL,רוטב סויה קיקומן 296,מיליליטרים,296.00,"100 מ""ל",false,,13.90,0.0470,true,1,112287
7290017696393,false,בורגר פטריות מן הצומ,מרינה פטריות,IL,בורגר פטריות מן הצומ,גרמים,520.00,100 גרם,false,,34.90,0.0671,true,1,117019
7290017712192,false,פרמיו נתחי פילה עוף לחתול,פרמיו Premio,FR,פרמיו נתחי פילה עוף,גרמים,100.00,100 גרם,false,,4.00,0.0400,true,1,167982
7290017712208,false,פרמיו נתחי פילה ברוו,סאטורן,FR,פרמיו נתחי פילה ברוו,גרמים,100.00,100 גרם,false,,4.00,0.0400,true,1,167983
7290017712239,false,פרמיו פטה עוף לכלב 150ג',פרמיו Premio,FR,פרמיו פטה עוף לכלב 1,גרמים,150.00,100 גרם,false,,4.00,0.0267,true,1,167279
7290017712260,false,פרמיו פטה סלמון לכלב 150ג',פרמיו Premio,FR,פרמיו פטה סלמון לכלב,גרמים,150.00,100 גרם,false,,4.00,0.0267,true,1,167280
7290017712277,false,פרמיו פטה כבש לכלב 150ג',פרמיו Premio,FR,פרמיו פטה כבש לכלב 1,גרמים,150.00,100 גרם,false,,4.00,0.0267,true,1,167281
7290017712611,false,עוף לחתול פאוץ 85 ג הורייזן,,,הורייזן עוף לחתול פא,גרמים,85.00,100 גרם,false,,5.00,0.0588,true,1,167979
7290017712628,false,סלמון לחתול פאוץ 85 ג הורייזן,,,הורייזן סלמון לחתול,גרמים,85.00,100 גרם,false,,5.00,0.0588,true,1,167980
7290017712758,false,פרמיו סלמון לחתול,פרמיו Premio,FR,פרמיו סלמון 100 גר',גרמים,100.00,100 גרם,false,,4.00,0.0400,true,1,167269
7290017712765,false,פרימו סלמון ופורל לחתול,פרמיו Premio,FR,פרמיו סלמון ופורל לח,גרמים,100.00,100 גרם,false,,4.00,0.0400,true,1,167984
7290017712864,false,פרמיו מקלות סלמון לכלב,פרמיו Premio,CN,פרמיו מקלות סלמון 10,גרמים,100.00,100 גרם,false,,15.00,0.1500,true,1,167278
7290017712949,false,פרמיו כריות סטרילייז לחתול,פרמיו Premio,AT,כריות סטרילייז פרמיו,גרמים,60.00,100 גרם,false,,10.00,0.1667,true,1,167971
7290017738130,false,שמפו ריבר ללא מלחים,,,שמפו ריבר ללא מלחים,ליטרים,1.00,ליטר,false,,32.90,32.9000,true,1,166346
7290017744032,false,יין 12 השבטים בנימין,,,יין 12 השבטים בנימין,מיליליטרים,750.00,"100 מ""ל",false,,59.90,0.0799,true,1,164743
7290017744056,false,12 השבטים גד- שרדונה,,,12 השבטים גד- שרדונה,מיליליטרים,750.00,"100 מ""ל",false,,55.00,0.0733,true,1,166571
7290017744063,false,יין 12 השבטים סירה,,,יין 12 השבטים סירה,מיליליטרים,750.00,"100 מ""ל",false,,59.90,0.0799,true,1,166892
7290017746128,false,מארז 10 פיתות ביס לבן,מאפיית דוידוביץ ובני,IL,מארז 10 יח' פיתות בי,גרמים,500.00,100 גרם,false,,8.40,0.0168,true,1,118859
7290017746135,false,מארז 10 פיתות ביס כוסמין,מאפיית דוידוביץ ובני,IL,מיני פיתות כוסמין 10,גרמים,500.00,100 גרם,false,,13.50,0.0270,true,1,118921
7290017746159,false,לחם 100% קמח חיטה מל,,,לחם 100% קמח חיטה מל,גרמים,750.00,100 גרם,false,,14.50,0.0193,true,1,118279
7290017746272,false,פיתה בצל 4 יח',,,פיתה בצל 4 יח',גרמים,480.00,100 גרם,false,,13.50,0.0281,true,1,121401
7290017746289,false,פיתה זעתר 4 יח',,,פיתה זעתר 4 יח',גרמים,480.00,100 גרם,false,,13.50,0.0281,true,1,121402
7290017746326,false,חלה מפוארת קלועה טיי,מאפיית דוידוביץ ובני,,חלה מפוארת קלועה דוי,גרמים,750.00,100 גרם,false,,14.90,0.0199,true,1,121741
7290017746708,false,רביעיית לחמניות שמינ,מאפיית דוידוביץ ובני,IL,מארז 4 לחמניות שמיני,גרמים,480.00,100 גרם,false,,12.90,0.0269,true,1,168641
7290017786001,false,תות שדה מוקפא,,,תות שדה מוקפא,גרמים,500.00,100 גרם,false,,21.90,0.0438,true,1,111294
7290017786018,false,מנגו חתוך מוקפא,,,מנגו חתוך מוקפא,גרמים,500.00,100 גרם,false,,21.90,0.0438,true,1,111295
7290017786025,false,תמר לח מוקפא,,,תמר לח מוקפא,גרמים,500.00,100 גרם,false,,14.50,0.0290,true,1,111298
7290017786032,false,אננס חתוך מוקפא,,,אננס חתוך מוקפא,גרמים,500.00,100 גרם,false,,21.90,0.0438,true,1,111296
7290017786049,false,אוכמניות כחולות מוקפ,,,אוכמניות כחולות מוקפ,גרמים,500.00,100 גרם,false,,23.90,0.0478,true,1,111297
7290017786056,false,פירות יער מוקפאים,,,פירות יער מוקפאים,גרמים,500.00,100 גרם,false,,21.90,0.0438,true,1,111299
7290017786063,false,מחית אסאי קפואה,,,מחית אסאי קפואה,גרמים,200.00,100 גרם,false,,18.90,0.0945,true,1,121931
7290017786094,false,קוביות פסיפלורה מוקפ,,,קוביות פסיפלורה מוקפ,גרמים,500.00,100 גרם,false,,23.90,0.0478,true,1,121930
7290017791142,false,קרקר כוסמין מלא שקית,"מאפיית פת במלח בע""מ",IL,קרקר כוסמין מלא פת ב,גרמים,225.00,100 גרם,false,,21.90,0.0973,true,1,112899
7290017791203,false,קרקר כוסמין מלא סלק שקית,"מאפיית פת במלח בע""מ",IL,קרקר כוסמין מלא סלק,גרמים,225.00,100 גרם,false,,21.90,0.0973,true,1,118703
7290017812373,false,יין שרדונה לבן יבש פרייבט קולקשן - בקבוק אישי,יקבי כרמל Carmel Winery,IL,"PC שרדונה 375 מ""ל",מיליליטרים,375.00,"100 מ""ל",false,,18.90,0.0504,true,1,114545
7290017812571,false,יין תירוש אדום 100%ה טבעי 1 ליטר,יקבי כרמל Carmel Winery,IL,מיץ ענבים תירוש אדום,ליטרים,1.00,ליטר,false,,19.90,19.9000,false,1,115351
7290017812588,false,יין תירוש לבן 100%ה טבעי 1 ליטר,יקבי כרמל Carmel Winery,IL,תירוש לבן 1 ל' 100%,מיליליטרים,1000.00,"100 מ""ל",false,,19.90,0.0199,true,1,115794
7290017812618,false,מיץ ענבים תירוש רוזה 1 ליטר.,כרמל מזרחי,IL,תירוש רוזה 100% ענבי,מיליליטרים,1000.00,"100 מ""ל",false,,19.90,0.0199,true,1,115075
7290017812656,false,תירוש מבעבע מיץ ענבים מבעבע אדום,מנדלז סי.אר. פרודקשן,IL,תירוש אדום מבעבע 750,מיליליטרים,750.00,"100 מ""ל",false,,19.90,0.0265,true,1,120719
7290017812670,false,"יין יתיר דרום אדום 750 מ""ל",כרמל מזרחי,IL,יין יתיר דרום אדום,מיליליטרים,750.00,"100 מ""ל",false,,69.90,0.0932,true,1,123831
7290017812830,false,"יין רוזה פרייבט קולקשיין 750 מ""ל","כד בני דרום בע""מ",IL,פ. קולקשיין רוזה,מיליליטרים,750.00,"100 מ""ל",false,,34.90,0.0465,true,1,120768
7290017812885,false,יין קברנה סוביניון בלאן גוורצטרמינר,אגודת הכורמים א.ת אל,IL,פרייבט קולקשיין בלאן,מיליליטרים,750.00,"100 מ""ל",false,,34.90,0.0465,true,1,122269
7290017812939,false,"יין דרום רוזה יתיר 750 מ""ל",כרמל מזרחי,IL,יין יתיר דרום רוזה,מיליליטרים,750.00,"100 מ""ל",false,,69.90,0.0932,true,1,123832
7290017812977,false,"יין מבעבע באזז אננס יקבי כרמל 750 מ""",כרמל מזרחי,IL,באז ספרקלינג אננס,מיליליטרים,750.00,"100 מ""ל",false,,23.90,0.0319,true,1,122270
7290017816005,false,בייגלה כוסמין שמיניות שומשום 300 גר,יוליניבר,IL,בייגלה כוסמין שמיניו,גרמים,300.00,100 גרם,false,,17.90,0.0597,true,1,111839
7290017816012,false,קרם קרקר כוסמין מקור הכוסמין 250 גר,אפיפית הדר,IL,קרם קרקר כוסמין 250,גרמים,250.00,100 גרם,false,,18.90,0.0756,true,1,112051
7290017816111,false,פתי בר מקמח כוסמין 220 גרם,אפיפית הדר,IL,פתי בר כוסמין 220 גר,גרמים,220.00,100 גרם,false,,13.90,0.0632,true,1,117437
7290017816128,false,קרקר מקור הכוסמין 22,,,קרקר כוסמין,יחידה,0.00,יחידה,false,,18.90,0.0000,true,1,118919
7290017871363,false,פמילי יהלום- פמלי סבון ידיים מועשר בשמן מקדמיה לניקוי וטיפוח עור הידיים,המאפיה של הרמן,TR,פמלי יהלום סבון ידיי,מיליליטרים,500.00,"100 מ""ל",false,,10.00,0.0200,true,1,115943
7290017871370,false,פמילי יהלום- סבון ידיים מועשר בשמן אבוקדו לניקוי וטיפוח עור הידיים,המאפיה של הרמן,TR,פמלי יהלום סבון ידיי,מיליליטרים,500.00,"100 מ""ל",false,,10.00,0.0200,true,1,115944
7290017871462,false,טוסו חטיף פצפוצי אורז מצופה שוקולד מריר ללא תוספת סוכר,תות תעשיות מזון,IL,טוסו חטיף פצפוצי אור,גרמים,105.00,100 גרם,false,,16.90,0.1610,true,1,113225
7290017871554,false,טוסו חטיף תמרים ושברי קקאו ללא גלוטן וללא תוספת סוכר,תות תעשיות מזון,IL,טוסו חטיף תמרים ושבר,גרמים,140.00,100 גרם,false,,16.90,0.1207,true,1,113226
7290017871950,false,פרשוואנס נייר טואלט לח מתכלה בניחוח לוונדר מארז שלישייה,פרש-וואנס,,פרש וואנס נייר טואלט,יחידה,0.00,יחידה,false,,12.90,0.0000,true,1,120545
7290017872063,false,"אל סבון פמלי ארומתרפי שלישייה 500*3 מ""ל",אברנסל קוסמטיקס,TR,פמלי אל סבון ארומתרפ,מיליליטרים,1500.00,"100 מ""ל",false,,15.00,0.0100,true,1,117583
7290017872186,false,טוסו - עוגיות פקאן ללא סוכר 200 גרם,היינץ צפון אמריקה מק,IL,טוסו עוגיות פקאן 200,גרמים,200.00,100 גרם,false,,18.90,0.0945,true,1,117486
7290017872650,false,"פמלי יהלום-סבון ידיים 500מ""ל עם שמן לבנדר",המאפיה של הרמן,TR,פמלי יהלום סבון ידיי,מיליליטרים,500.00,"100 מ""ל",false,,10.00,0.0200,true,1,118133
7290017872667,false,"סבון ידיים פמלי יהלום שמן קמומיל 500 מ""ל",המאפיה של הרמן,TR,פמלי יהלום סבון ידיי,מיליליטרים,500.00,"100 מ""ל",false,,10.00,0.0200,true,1,118134
7290017872865,false,בייביביס חטיפי דגנים אפויים לתינוקות בטעם גזר ועגבנייה,טאטא גלובל בוורג'ס,IL,בייביביס חטיפי דגנים,גרמים,40.00,100 גרם,false,,14.50,0.3625,true,1,165193
7290017872872,false,בייביביס חטיפי דגנים אפויים לתינוקות בטעם גזר וסלק,טאטא גלובל בוורג'ס,IL,בייביביס חטיפי דגנים,גרמים,40.00,100 גרם,false,,14.50,0.3625,true,1,165194
7290017872889,false,מארז שקיות אשפה אקס לארג גלילונית 2*22 יח',גלילונית,,גלילונית שקיות אשפה,יחידה,0.00,יחידה,false,,21.90,0.0000,true,1,164033
7290017872896,false,שקיות אשפה לארג גליל,גלילונית,,גלילונית שקיות אשפה,יחידה,0.00,יחידה,false,,21.90,0.0000,true,1,164452
7290017873008,false,שקיות להקפאה גלילונית 275 יח',"אשפלסט תעשיות בע""מ",IL,גלילונית שקיות להקפא,יחידה,0.00,יחידה,false,,14.90,0.0000,true,1,164250
7290017888019,false,"משקה תפוח רימון סלק גינגיר פרות &ווג 350 מ""ל",מיוצר עי קונדיטוריית,IL,FRUIT&VEG תפוח רימון,גרמים,350.00,100 גרם,false,,6.90,0.0197,true,1,110906
7290017888026,false,"משקה אננס תפוח גזר פרות & ווג 350 מ""ל",פרוט אנד וג' Fruit & Veg,IL,FRUITַ&VEG אננס תפוח,מיליליטרים,350.00,"100 מ""ל",false,,6.90,0.0197,true,1,110907
7290017888033,false,"משקה בננה מלון נענע פרות &ווג 350 מ""ל",פרוט אנד וג' Fruit & Veg,IL,FRUIT&VEG בננה מלון,מיליליטרים,350.00,"100 מ""ל",false,,6.90,0.0197,true,1,110908
7290017888644,false,"משקה אננס בננה כורכום פרות & ווג 350 מ""ל",פרוט אנד וג' Fruit & Veg,IL,FRUITַַ&VEG כורכום א,מיליליטרים,350.00,"100 מ""ל",false,,6.90,0.0197,true,1,116778
7290017888729,false,שוופס סודה בקבוק 1 ל',"יפאורה תבורי בע""מ",IL,שוופס סודה 1 ליטר,ליטרים,1.00,ליטר,false,,3.90,3.9000,false,1,116779
7290017888972,false,בקבוק מי עדן פקק ספורט 1 ליטר,מופק ממקור בזלתי עדן,IL,מי עדן פקק ספורט 1,ליטרים,1.00,ליטר,false,,3.50,3.5000,true,1,117260
7290017894010,false,מי קוקוס אורגני עם אננס גרין קוקו 1 ליטר,בן טרה ג'וינט סטוק (,LK,גרין קוקו מי קוקוס א,ליטרים,1.00,ליטר,false,,18.90,18.9000,true,1,115488
7290017894034,false,"פתיתי שיבולת שועל עבה לל""ג דגש 400 גרם",אף.סי תבליני בגליל ב,IL,דגש פתיתי שיבולת שוע,יחידה,0.00,יחידה,false,,18.90,0.0000,true,1,112730
7290017894072,false,אקופרנד אבקת הלבנה א,אקופרנד,IL,אקופרנד אבקת הלבנה א,גרמים,500.00,100 גרם,false,,17.90,0.0358,true,1,116216
7290017894089,false,קמח שיבולת שועל דגש 400 גרם,אף. סי תבליני הגליל,IL,דגש קמח שיבולת שועל,גרמים,500.00,100 גרם,false,,19.90,0.0398,true,1,119758
7290017894096,false,ממרח בטעם מיונז טבעוני אורגני 350 גרם,אף.סי תבליני בגליל ב,DE,ממרח בטעם מיונז טבעו,גרמים,350.00,100 גרם,false,,21.90,0.0626,true,1,119159
7290017894348,false,חמאת אגוזי נמר שקדים ופיסטוק 350 גרם,,IT,חמאת אגוזי נמר שקדים,גרמים,350.00,100 גרם,false,,31.00,0.0886,true,1,167910
7290017907208,false,תערובת קמח רב תכליתי לנמנעים מגלוטן,מנדלז סי.אר. פרודקשן,IL,קמח תמי רב תכליתי לל,גרמים,500.00,100 גרם,false,,18.90,0.0378,true,1,121167
7290017907215,false,קמח תמי למאפי שמרים ללא גלוטן 500 גרם,פוראטוס ישראל,IL,קמח תמי למאפי שמרים,גרמים,500.00,100 גרם,false,,18.90,0.0378,true,1,121168
7290017907246,false,סולת מאורז לנמנעים מגלוטן,פוראטוס ישראל,IL,תמי סולת ללא גלוטן,גרמים,300.00,100 גרם,false,,15.90,0.0530,true,1,121550
7290017907253,false,פתיתים מאורז לנמנעים מגלוטן,פוראטוס ישראל,IL,תמי פתיתים ללא גלוטן,גרמים,300.00,100 גרם,false,,15.90,0.0530,true,1,121288
7290017917283,false,"מגבוני קמיל בלו ד""ר פישר ללא בישום רביעי",פישר תעשיות,IL,רביעיית מגבוני קמיל,יחידה,0.00,יחידה,false,,19.90,0.0000,true,1,114521
7290017917382,false,אל סבון היגייני לניקוי יסודי ולהרגע העור clean & calm,"ד""ר פישר Dr fischer",IL,אל סבון נוזלי להרגעת,ליטרים,1.00,ליטר,false,,15.90,15.9000,true,1,112242
7290017917405,false,מגבוני פוליאסטר מיוחדים לשימוש בשבת,"ד""ר פישר",,קמיל בלו מגבוני שבת,יחידה,0.00,יחידה,false,,9.90,0.0000,true,1,116664
7290017917467,false,קמיל בלו סנסטי בשיבולת שועל אל סבון טיפולי לתינוק,"ד""ר פישר Dr fischer",IL,קמיל בלו אל סבון שיב,ליטרים,1.00,ליטר,false,,29.90,29.9000,true,1,112265
7290017917542,false,"ד""ר פישר שמפו בלונד ללא תוספת מלחים 400 מ""ל",מדי פישר,IL,שמפו בלונד ללא תוספת,מיליליטרים,400.00,"100 מ""ל",false,,36.90,0.0922,true,1,114522
7290017917566,false,ד.פישר סילבר שמפו לשיער כסוף ללא מלח,מדי פישר,IL,שמפו סילבר ללא מלחים,מיליליטרים,400.00,"100 מ""ל",false,,36.90,0.0922,true,1,114524
7290017925554,false,"חמישיית בירה לאגר באדוויזר 5*330 מ""ל+כוס",באדוויזר בודוואר צכי,US,בירה באדוויזר + כוס,מיליליטרים,1650.00,"100 מ""ל",false,,27.90,0.0169,true,1,167187
7290017928036,false,מאיר בייגל מקלות גריסיני שומשום 175 ג',מאיר את בייגל,IL,מקלות גריסיני שומשום,גרמים,175.00,100 גרם,false,,10.90,0.0623,true,1,114093
7290017928043,false,מאיר בייגל גריסיני קראנץ' מלח 175 ג',מאיר את בייגל,IL,גריסיני קראנץ' מלח 1,גרמים,175.00,100 גרם,false,,10.90,0.0623,true,1,114094
7290017928098,false,מאיר בייגל שטוחלה מלח 330 גר',מאיר את בייגל,IL,שטוחל'ה עם מלח 330 ג,גרמים,330.00,100 גרם,false,,10.90,0.0330,true,1,164737
7290017928210,false,מאיר בייגל בייגלה גדול שומשום 300 גר',מאיר את בייגל,IL,בייגלה גדול שומשום מ,גרמים,250.00,100 גרם,false,,10.90,0.0436,true,1,114095
7290017928432,false,מאיר בייגל מקלות גריסיני קראנץ פרג 175גר,מאיר את בייגל,IL,גריסיני קראנץ' פרג 1,גרמים,175.00,100 גרם,false,,10.90,0.0623,true,1,114097
7290017928463,false,מאיר בייגל -סמאש-שבורים בטעם דבש חרדל ובצל 300 גרם,מאיר בייגל,BG,סמאש שברי בייגלה בטע,גרמים,300.00,100 גרם,false,,13.90,0.0463,true,1,120627
7290017928609,false,בייגלה טבעות עם שומשום 300גרם- .חדש,מאיר את בייגל,IL,טבעות שומשום מאיר בי,גרמים,300.00,100 גרם,false,,10.90,0.0363,true,1,114099
7290017928616,false,מאיר בייגל שטוחהלה שומשום 300 גר',מאיר את בייגל,IL,שטוחלה שומשום מאיר ב,גרמים,300.00,100 גרם,false,,10.90,0.0363,true,1,114091
7290017928661,false,מאיר בייגל -סמאש-שבורים בטעם צ'דר 300 גרם,מאיר בייגל,BG,סמאש שברי בייגלה בטע,גרמים,300.00,100 גרם,false,,13.90,0.0463,true,1,120628
7290017928685,false,בייגלה שמיניות עם מלח 400גרם -חדש,מאיר את בייגל,IL,בייגלה שמיניות עם מל,גרמים,400.00,100 גרם,false,,10.90,0.0273,true,1,165742
7290017928746,false,מאיר בייגל פירורי בייגלה 200 גרם,מאיר בייגל,IL,פירורי בייגלה 200 גר,גרמים,200.00,100 גרם,false,,6.90,0.0345,true,1,165881
7290017928821,false,מאיר בייגל מקלות גריסיני קלאסי 200 גרם,מאיר את בייגל,IL,מקלות גריסיני קלאסי,גרמים,200.00,100 גרם,false,,10.90,0.0545,true,1,114103
7290017932088,false,גאלה תחתית אפויה לפאי 170 גרם,גילסטר מרי לי,US,תחתית אפויה לפאי,גרמים,170.00,100 גרם,false,,12.90,0.0759,true,1,118778
7290017932231,false,"סירופ מייפל טהור גאלה 250 מ""ל",,,מייפל אמיתי טהור גאל,מיליליטרים,250.00,"100 מ""ל",false,,23.90,0.0956,true,1,165784
7290017946542,false,סוד - מרכך כביסה מרוכז ורוד 1.80 ליטר,סוד,,סוד מרכך מרוכז ורוד,ליטרים,1.80,ליטר,false,,21.90,12.1667,true,1,117960
7290017946962,false,סוד מנקה ומחטא עוצמת,סוד,,סוד מנקה ומחטא עוצמת,מיליליטרים,750.00,"100 מ""ל",false,,15.90,0.0212,true,1,117124
7290017946979,false,פרסיל גל לכביסה דיפ קלין מנטרל ריחות 2.4,פרסיל Persil,IL,פרסיל ג'ל לכביסה מנט,ליטרים,2.40,ליטר,false,,34.90,14.5417,true,1,120797
7290017947105,false,לחם בסגנון אמריקה 500 גר',מאפיית שלמה א. אנג'ל,IL,לחם בסגנון אמריקה אנ,גרמים,500.00,100 גרם,false,,13.50,0.0270,true,1,115066
7290017947464,false,מארז 8 פיתות מקמח כוסמין מלא 400ג',"איטיליאן פוד, אס.פי.",IL,פיתות כוסמין 8 יח' א,גרמים,400.00,100 גרם,false,,13.90,0.0348,true,1,118450
7290017947495,false,לחמניות כוסמין 450 ג' אנג'ל,"איטיליאן פוד, אס.פי.",IL,לחמניות כוסמין שישיי,גרמים,450.00,100 גרם,false,,14.90,0.0331,true,1,119172
7290017947891,false,לחם כוסמין וחיטה מלאה 750 ג' אנג'ל,מאפיית שלמה א. אנג'ל,IL,לחם אנג'ל כוסמין וחי,גרמים,750.00,100 גרם,false,,12.90,0.0172,true,1,115012
7290017947921,false,לחמניות המבורגר בסגנון אמריקאי מארז 6 יח',מאפיית שלמה א. אנג'ל,IL,שש לחמניות המבורגר א,גרמים,450.00,100 גרם,false,,12.50,0.0278,true,1,115212
7290017947938,false,מיני לחמניות המבורגר בסגנון אמריקה 400 ג' אנג'ל,מאפיית שלמה א. אנג'ל,IL,לחמניות המבורגר 8 יח,גרמים,400.00,100 גרם,false,,13.90,0.0348,true,1,118453
7290017962160,false,עוגיות כוסמין אוכמניות וניל טבעוני 230 ג,,,עוגיות כוסמין אוכמני,גרמים,230.00,100 גרם,false,,22.90,0.0996,true,1,165665
7290018043295,false,חטיף חלבון בטעם ונילה קראנץ',הרת'סייד פוד סולושיי,NL,חטיף חלבון בטעם וניל,גרמים,60.00,100 גרם,false,,11.90,0.1983,true,1,164104
7290018045695,false,דגנים במילוי קרם קרמל מלוח 480 ג' BON & BON,monday,DE,דגנים בון בון במילוי,גרמים,480.00,100 גרם,false,,21.90,0.0456,true,1,165184
7290018045893,false,בון בון דגנים במילוי קרם נוגט 480 גרם,monday,DE,דגנים בון בון במילוי,גרמים,480.00,100 גרם,false,,21.90,0.0456,true,1,165181
7290018050408,false,אגוזי פיסטוק קלויים ומומלחים 160 גרם,,,אגוזי פיסטוק קלויים,גרמים,160.00,100 גרם,false,,16.90,0.1056,true,1,118690
7290018050422,false,פקאן סיני 160 גרם,,,פקאן סיני,גרמים,160.00,100 גרם,false,,18.90,0.1181,true,1,118692
7290018050491,false,חטיף אלמנדוס 220 גרם,,IL,אלמנדס,גרמים,220.00,100 גרם,false,,10.00,0.0455,true,1,118711
7290018050637,false,בוטנים אמריקאים - בוטנים מצופים 300 גרם,,,בוטנים אמריקאים -בוט,גרמים,300.00,100 גרם,false,,10.00,0.0333,true,1,118715
7290018050675,false,שקד קלוי 210 גרם,,,שקד קלוי,גרמים,210.00,100 גרם,false,,16.90,0.0805,true,1,118695
7290018050736,false,לקט מובחר- תערובת אגוזים ושקדים קלויים ומומלחים 150 גר',,,תערובת אגוזים ושקדים,גרמים,150.00,100 גרם,false,,12.90,0.0860,true,1,118717
7290018050750,false,מיקס אגוזים וחמוציות מיובשות ומסוכרות 130 גרם,,,מיקס אגוזים וחמוצים,גרמים,130.00,100 גרם,false,,10.90,0.0838,true,1,118718
7290018050859,false,אגוזי קשיו בקרמל 200 גרם,,,אגוזי קשיו בקרמל,גרמים,200.00,100 גרם,false,,15.00,0.0750,true,1,118696
7290018050866,false,בוטנים בקרמל 200 גרם,,,בוטנים בקרמל,גרמים,200.00,100 גרם,false,,10.00,0.0500,true,1,118725
7290018091029,false,מקלות פילו תפוחי אדמה מעדנות 450 ג',תנובה מעדנות,IL,"מקלות פילו תפו""א מעד",גרמים,450.00,100 גרם,false,,17.90,0.0398,true,1,117625
7290018131053,false,נסטלה מאגדת קרחוני לימון אננס וולנס 70X10 גרם,גלידות נסטלה (נגה גל,IL,נסטלה מאגדת קרחוני ל,גרמים,735.00,100 גרם,false,,23.90,0.0325,true,1,115083
7290018131251,false,אקסטרים מטבע שוקולד לבן וליבת קרם עוגיות 115ג',גלידות נסטלה (נגה גל,IL,טילון אקסטרים מטבע ש,גרמים,128.00,100 גרם,false,,10.00,0.0781,true,1,116031
7290018131336,false,נסטלה שלגון ליון 66 גרם,שוורצקוף& הנקל דיסלד,PL,שלגון ליון נסטלה,גרמים,66.00,100 גרם,false,,9.90,0.1500,true,1,121515
7290018131558,false,מאגדת מיני בייטס אוראו 201 גרם,שוורצקוף& הנקל דיסלד,PL,מאגדת שלגונים מיני ב,גרמים,240.00,100 גרם,false,,18.90,0.0787,true,1,118548
7290018131572,false,אימפלס מיני בייטס מילקה 8 יחידות,שוורצקוף& הנקל דיסלד,PL,שלגון מיני בייטס מיל,גרמים,54.00,100 גרם,false,,7.00,0.1296,true,1,118582
7290018131831,false,נסטלה מאגדת שלגון מילקה וניל 66X4 גרם,שוורצקוף& הנקל דיסלד,PL,מאגדת שלגונים מילקה,גרמים,284.00,100 גרם,false,,31.90,0.1123,true,1,120886
7290018131879,false,אקסטרים טילון ריבת חלב מאגדת 6 יח 432 גר,גלידות נסטלה (נגה גל,IL,מאגדת אקסטרים ריבת ח,גרמים,432.00,100 גרם,false,,32.00,0.0741,true,1,121008
7290018131954,false,קרחון שרבט פרווה לה פרוטה תות שדה ושוקולד מריר,גלידות נסטלה Nestle,IL,מאגדת שלגונים לה פרו,גרמים,350.00,100 גרם,false,,27.90,0.0797,true,1,120888
7290018131978,false,טילון נסטלה אוראו 68.5 גרם,פרונרי פולין,PL,טילון אוראו,גרמים,68.50,100 גרם,false,,6.50,0.0949,true,1,121517
7290018156124,false,"אל סבון קמיל צבעוני ד""ר פישר שלישיה* 500 מ""ל",פישר תעשיות,IL,אל סבון קמיל שלישייה,מיליליטרים,1500.00,"100 מ""ל",false,,18.90,0.0126,true,1,114647
7290018192023,false,מקלות סלרי ארוז יח',"מרינה פטריות הגליל בע""מ",IL,מקלות סלרי,יחידה,0.00,יחידה,false,,6.90,0.0000,true,1,113532
7290018192658,false,מארז זוג פטריות פורטובלה ושמפיניון מרינה,"מרינה פטריות הגליל בע""מ",IL,צמד חמד שמפניון מרינ,יחידה,0.00,יחידה,false,,15.90,0.0000,true,1,117943
7290018198056,false,תפוגן קוביות תפוחי אדמה 9*1.5קג,עיצובים 2020 (4.5),,תפוגן קוביות תפוחי א,קילוגרמים,1.50,"ק""ג",false,,25.90,17.2667,true,1,116497
7290018198148,false,"תפוגן קריספי צ'יפס קלאסי 1.25 ק""ג",עיצובים 2020 (4.5),IL,תפוגן קריספי צ'יפס ק,קילוגרמים,1.25,"ק""ג",false,,25.90,20.7200,true,1,121892
7290018198209,false,תפוגן ציפס בטטה קראנ,"תעשיות תפוגן בע""מ",IL,תפוגן צ'יפס בטטה קרא,גרמים,500.00,100 גרם,false,,19.90,0.0398,true,1,119766
7290018198254,false,"תפוגן קריספי צ'יפס פוטטוס 1.25 ק""ג",עיצובים 2020 (4.5),IL,תפוגן קריספי צ'יפס פ,קילוגרמים,1.25,"ק""ג",false,,25.90,20.7200,true,1,121893
7290018208052,false,תמר לח חיאני 500 גרם,,,תמר לח 500 גר,גרמים,500.00,100 גרם,false,,9.90,0.0198,true,1,117243
7290018219331,false,פיסטוק קלוי 150 גרם זארובי,זארובי,,פיסטוק קלוי 150 גר',גרמים,150.00,100 גרם,false,,10.00,0.0667,true,1,164244
7290018219553,false,מארז חגיגי סוכריות גומי 900 ג' זארובי,זארובי,,בונבוניירה גומי 900,גרמים,900.00,100 גרם,false,,34.90,0.0388,true,1,165473
7290018219584,false,ערמונים אורגניים קלויים קלופים 100 ג' זארובי,זארובי,IL,ערמונים אורגניים קלו,גרמים,100.00,100 גרם,false,,5.00,0.0500,false,1,165874
7290018219607,false,גרעיני דלעת 200 גר',זארובי,,גרעיני דלעת 200 גר',גרמים,200.00,100 גרם,false,,10.90,0.0545,true,1,116651
7290018236635,false,עוף טוב צ'ונגו פופקורן מצופה 600 גרם,מוצרי עוף טוב (2001),IL,עוף טוב צונג'ו פופקו,גרמים,600.00,100 גרם,false,,34.90,0.0582,true,1,119945
7290018237397,false,עוף טוב פסטרמה מקורמלת נתח שלם 8*300 גרם,מולינו ניקולי s.p.a,IL,עוף טוב פסטרמה מקורמ,גרמים,300.00,100 גרם,false,,26.90,0.0897,true,1,122991
7290018237410,false,עוף טוב פסטרמה במעשנה נתח שלם 8*300 גרם,מולינו ניקולי s.p.a,IL,עוף טוב פסטרמה במעשנ,גרמים,300.00,100 גרם,false,,26.90,0.0897,true,1,122992
7290018237496,false,עוף טוב דק דק פסטרמה דבש 220 גר',"עוף טוב (שאן) בע""מ",IL,עוף טוב דק דק פסטרמה,גרמים,220.00,100 גרם,false,,21.00,0.0955,true,1,165041
7290018237731,false,עוף טוב זוג פסטרמה ברביקיו ומעושנת 600 גרם,עוף טוב,IL,מארז פסטרמה ברבקיו ו,גרמים,600.00,100 גרם,false,,24.90,0.0415,true,1,165702
7290018245378,false,קישקה ביתי אסלי,,,קישקה ביתי אסלי,קילוגרמים,1.00,"ק""ג",true,,49.90,49.9000,true,1,118988
7290018249055,false,ממתיק סוויטאנגו 100 שקיות 300 גר,,,ממתיק סוויטנגו אריזו,גרמים,300.00,100 גרם,false,,35.90,0.1197,true,1,165120
7290018249086,false,סוויטנגו ממרח בטעם ח,,,ממרח בטעם חלווה פיסט,גרמים,350.00,100 גרם,false,,34.90,0.0997,true,1,168411
7290018249123,false,אינסטנט פודינג סוויטאנגו בטעם וניל,מתבל תעשיות מזון,IL,אינסטנט פודינג וניל,גרמים,50.00,100 גרם,false,,12.50,0.2500,true,1,118510
7290018249154,false,ממרח קקאו סוויטאנגו 350 גר,"אחדות ביח""ר לטחינה ח",,ממרח קקאו עם אגוזי ס,גרמים,350.00,100 גרם,false,,31.90,0.0911,true,1,167206
7290018249352,false,אינסטנט פודינג קרמל סוויטאנגו 55 גר,,,אינסטנט פודינג בטעם,גרמים,55.00,100 גרם,false,,14.90,0.2709,true,1,165723
7290018249444,false,אבקת ממתיק סוכר שוקו סוויטאנגו 400 גר,מתבל תעשיות מזון,EG,סוויטאנגו שוקו 400 ג,גרמים,400.00,100 גרם,false,,37.90,0.0947,true,1,123892
7290018249802,false,ממתיק סוויטאנגו צנצנת 280 גרם,סוויטאנגו Sweetango,IL,סווינטגו ממתיק 280 ג,גרמים,280.00,100 גרם,false,,28.90,0.1032,true,1,117189
7290018249994,false,סוויטאנגו תחליף סוכר ממתיק 700 גר',מתבל תעשיות מזון,IL,ממתיק סווינאנגו 700,גרמים,700.00,100 גרם,false,,56.90,0.0813,true,1,116391
7290018282731,false,אל סבון מרובעים שלישה סוגים שונים500 מל,,IL,אל סבון בניחוח מאסק,מיליליטרים,500.00,"100 מ""ל",false,,8.90,0.0178,true,1,120617
7290018294192,false,"יין בלנד היינן אדום יבש 750 מ""ל p.c",כרמל מזרחי,IL,פרייבט קולקשיין בלנד,מיליליטרים,750.00,"100 מ""ל",false,,34.90,0.0465,true,1,166438
7290018294352,false,"ארק יקבי כרמל 700 מ""",יקבי כרמל Carmel Winery,IL,"ערק כרמל 700 מ""ל",מיליליטרים,700.00,"100 מ""ל",false,,49.90,0.0713,true,1,165047
7290018294369,false,תירוש כרמל מיץ ענבים,יקבי כרמל Carmel Winery,,"תירוש אדום 700 מ""ל",מיליליטרים,700.00,"100 מ""ל",false,,13.90,0.0199,true,1,168033
7290018294918,false,מונלייט מוסקטו רוזה מתוק מבעבע 750מל,יקבי כרמל Carmel Winery,IL,יין כרמל MOONLIGHT מ,מיליליטרים,750.00,"100 מ""ל",false,,34.90,0.0465,true,1,167201
7290018296004,false,לחם מלא מלא דגנים קל,"מאפיית אגמי בע""מ",IL,לחם מלא מלא דגנים קל,גרמים,750.00,100 גרם,false,,13.90,0.0185,true,1,114418
7290018296042,false,לחם טוסט אמריקה אגמי,מאפיית אגמי,IL,לחם טוסט אמריקה אגמי,גרמים,500.00,100 גרם,false,,12.50,0.0250,true,1,123799
7290018296257,false,לחם בריאות ושובע שיב,מאפיית אגמי,IL,לחם בריאות ושובע שיב,גרמים,550.00,100 גרם,false,,16.60,0.0302,true,1,123613
7290018296400,false,לחם בריאות ושובע אגמ,"מאפיית אגמי בע""מ",IL,לחם בריאות ושובע אגמ,גרמים,600.00,100 גרם,false,,13.90,0.0232,true,1,114420
7290018296448,false,לחם בריוש 500 גרם,מאפיית אגמי,IL,לחם בריוש אגמי,גרמים,500.00,100 גרם,false,,13.90,0.0278,true,1,165369
7290018296455,false,לחם דגנים קל מרובע ח,מאפיית אגמי,IL,לחם דגנים קל מרובע ח,גרמים,750.00,100 גרם,false,,16.90,0.0225,true,1,166886
7290018296608,false,לחם בריאות ושובע קל,מאפיית אגמי,IL,לחם בריאות ושובע 9 ד,גרמים,600.00,100 גרם,false,,13.90,0.0232,true,1,114421
7290018296615,false,פיתה ביס כוסמין מלא,"מאפיית אגמי בע""מ",IL,פיתה ביס כוסמין מלא,גרמים,450.00,100 גרם,false,,16.60,0.0369,true,1,114422
7290018296646,false,חלת כוסמין תחתית קרט,מאפיית אגמי,IL,חלת כוסמין אגמי,גרמים,400.00,100 גרם,false,,17.50,0.0438,true,1,119115
7290018296653,false,לחם אחיד פלוס כוסמין,מאפיית אגמי,IL,לחם אחיד פלוס כוסמין,גרמים,700.00,100 גרם,false,,16.90,0.0241,true,1,166887
7290018296806,false,לחם בריאות ושובע מוע,מאפיית אגמי,IL,לחם בריאות ושובע מוע,גרמים,600.00,100 גרם,false,,13.90,0.0232,true,1,114417
7290018296813,false,פיתה קלה ביס 10 יח',"מאפיית אגמי בע""מ",,פיתה קלה ביס 10 יח',גרמים,450.00,100 גרם,false,,13.90,0.0309,true,1,114423
7290018309018,false,מקרון בוטיק מארז 6 י,אולה לה,IL,עוגיות מקרון חלבי,גרמים,96.00,100 גרם,false,,25.90,0.2698,true,1,122731
7290018333006,false,"שוקולד פרימיום 70% לל""ס שברי שקדים 100 גר'",,IL,"שוקולד אגו 70% לל""ס",גרמים,100.00,100 גרם,false,,8.50,0.0850,true,1,121235
7290018333020,false,שלוקים-משקה קל בטעם ענבים קש 200 מל*40 יח,כרמית,IL,שלוקים בטעם ענבים עם,ליטרים,8.00,ליטר,false,,32.90,4.1125,true,1,119764
7290018333181,false,אגו רוקס חטיפי שוקולד חלב עם פתיתי תירס ושברי אגוזי לוז 100 גרם,כרמית,IL,חטיפי שוקולד לבן עם,גרמים,100.00,100 גרם,false,,9.90,0.0990,true,1,118024
7290018333198,false,"אגו רוקס חטיפי שוקולד חלב עם פתיתי תירס, שברי בוטנים מסוכרים ומלח 100 גרם",כרמית,IL,חטיפי שוקולד חלב עם,גרמים,100.00,100 גרם,false,,9.90,0.0990,true,1,118025
7290018333631,false,גרנולפלקס קשיו פירות יבשים 500 גרם כשלפ,,,גרנופלקס קשיו פירות,גרמים,500.00,100 גרם,false,,19.90,0.0398,true,1,166311
7290018333693,false,גרנולה פרו עם קשיו ופירות יבשים 600 גר',רפאלס,IL,גרנולה רפאל 600 גר',גרמים,600.00,100 גרם,false,,22.90,0.0382,true,1,123416
7290018333945,false,חטיף אגוזים רפאלס שקד ווניל בדצ 150 גר *12יח,כרמית תעשיות ממתקים,IL,חטיף אגוזים רפאלס שק,גרמים,150.00,100 גרם,false,,14.90,0.0993,true,1,122673
7290018333969,false,חטיף גרנולה רפאלס שקדים וטחינה בדצ 150 גר *12יח,כרמית תעשיות ממתקים,IL,חטיף גרנולה שקדים וט,גרמים,150.00,100 גרם,false,,14.90,0.0993,true,1,122675
7290018333976,false,חטיף גרנולה רפאלס קשיו וקוקוס בדצ 150 גר *12יח,כרמית תעשיות ממתקים,IL,חטיף גרנולה קשיו וקו,גרמים,150.00,100 גרם,false,,14.90,0.0993,true,1,122676
7290018338070,false,חיטת פריקי תבואות 5,תבואות,IL,חיטת פריקי 500 גר' ת,גרמים,500.00,100 גרם,false,,12.90,0.0258,true,1,119420
7290018338568,false,ספגטי מקמח כוסמין לב,פוד סרויס,IT,ספגטי מקמח כוסמין לב,גרמים,500.00,100 גרם,false,,14.90,0.0298,true,1,165059
7290018338681,false,ספגטי דורום מלא אורגני 500 גרם,תבואות,IT,ספגטי מקמח דורום אור,גרמים,500.00,100 גרם,false,,8.40,0.0168,true,1,165675
7290018338698,false,פנה דורום מלא אורגני 500 גרם,תבואות,IT,פנה מקמח דורום אורגנ,גרמים,500.00,100 גרם,false,,8.40,0.0168,true,1,165676
7290018338704,false,פוסילי דורום מלא אורגני 500 גרם,תבואות,IT,פוסילי מקמח דורום או,גרמים,500.00,100 גרם,false,,8.40,0.0168,true,1,165677
7290018338827,false,פסטה כוסמין עדש וקינואה אורגני 400 גרם,תבואות,IT,פוזילי כוסמין עדשים,גרמים,400.00,100 גרם,false,,19.90,0.0497,true,1,164493
7290018338957,false,מחית תפוח אוכמניות רימון אורגני 100 גרם,תבואות,IT,מחית תפוח אוכמניות ר,גרמים,100.00,100 גרם,false,,4.90,0.0490,true,1,168700
7290018338964,false,מחית תפוח אורגני 100 גרם,תבואות,IT,מחית תפוח אורגני 100,גרמים,100.00,100 גרם,false,,4.90,0.0490,true,1,168701
7290018338988,false,מחית תפוח אננס קוקוס אורגני 100 גרם,תבואות,IT,מחית תפוח אננס קרם ק,גרמים,100.00,100 גרם,false,,4.90,0.0490,true,1,168699
7290018343371,false,"אלכו ג'ל 500 מ""ל דר'",,,"אלכו ג'ל 500 מ""ל דר'",מיליליטרים,500.00,"100 מ""ל",false,,19.90,0.0398,true,1,116058
7290018343708,false,פארמה וויפס מגבונים לניקוי וחיטוי משטחים,פישר תעשיות,IL,אלכוג'ל פרמהוויפס מג,יחידה,0.00,יחידה,false,,24.90,0.0000,true,1,118350
7290018359457,false,קראנצ' בננה טבעי יכין 19 גר',יכין,TR,קראנץ בננה טבעי יכין,גרמים,19.00,100 גרם,false,,5.90,0.3105,true,1,163684
7290018359464,false,חטיף קראנצ'י תירס טבעי יכין,יכין,IL,קראנץ תירס טבעי יכין,גרמים,27.00,100 גרם,false,,5.90,0.2185,true,1,163685
7290018359471,false,חטיף קראנצ'י תפוחים טבעי יכין,יכין,IL,קראנץ תפוח טבעי יכין,גרמים,18.00,100 גרם,false,,5.90,0.3278,true,1,163686
7290018359488,false,חטיף קראנצ'י דובדבן טבעי יכין,יכין,IL,קראנץ דובדבן טבעי יכ,גרמים,21.00,100 גרם,false,,5.90,0.2810,true,1,163715
7290018359655,false,מארז פטריות חתוכות יכין 200X3 גרם,יכין,,פטריות חתוכות שלישיי,גרמים,345.00,100 גרם,false,,10.90,0.0316,true,1,167170
7290018359679,false,שעועית לימה הקיסרית יכין 550 גר,זנלכל,IL,שעועית לימה ענקית במ,גרמים,305.00,100 גרם,false,,8.90,0.0292,true,1,165308
7290018359686,false,גרגירי חומוס הקיסריה,היינץ צפון אמריקה מק,IL,חומוס ענק יכין,גרמים,290.00,100 גרם,false,,8.50,0.0293,true,1,123729
7290018359860,false,רסק עגבניות ליקופן טבעי יכין 200 גר*2,זנלכל,IL,רסק עגבניות ליקופן 1,גרמים,400.00,100 גרם,false,,14.90,0.0373,true,1,165253
7290018359938,false,"רוטב עגבניות לשקשוקה יכין, 400 גרם",זנלכל,IL,רוטב עגבניות לשקשוקה,גרמים,400.00,100 גרם,false,,11.90,0.0298,true,1,167117
7290018359945,false,חאריפה רוטב פיקנטי מפלפלים וירקות 400גר,זנלכל,IL,חאריפה רוטב פיקנטי מ,גרמים,400.00,100 גרם,false,,11.90,0.0298,true,1,167079
7290018359969,false,רוטב עגבניות לפיצה יכין 400 גרם,זנלכל,IL,רוטב עגבניות לפיצה י,גרמים,400.00,100 גרם,false,,11.90,0.0298,true,1,167077
7290018371091,false,בייגלה כוסמין שומשום ללא מלח אורגני 200,השדה מוצרים טבעיים ו,IL,בייגלה אורגני מקמח כ,גרמים,200.00,100 גרם,false,,15.90,0.0795,true,1,167327
7290018371121,false,ניוקי תרד כוסמין אור,השדה מוצרים טבעיים ו,IT,ניוקי תרד כוסמין אור,גרמים,400.00,100 גרם,false,,17.90,0.0447,true,1,120744
7290018371169,false,זיתים ירוקים ללא גלעינים אורגני 290 גרם,השדה מוצרים טבעיים ו,GR,זיתים אורגניים ירוקי,גרמים,140.00,100 גרם,false,,13.90,0.0993,true,1,118577
7290018371176,false,זיתים במילוי שום אורגני 295 גרם,השדה מוצרים טבעיים ו,GR,זיתים אורגניים במילו,גרמים,170.00,100 גרם,false,,18.90,0.1112,true,1,118345
7290018371466,false,וופל קמח מלא חרובים אורגני 200 גרם,השדה מוצרים טבעיים ו,IL,וופל קמח מלא חרובים,גרמים,200.00,100 גרם,false,,11.90,0.0595,true,1,165958
7290018394021,false,פטריות מלך היער תקוע,חוות פטריות תקוע,IL,פטריות מלך היער,יחידה,0.00,יחידה,false,,13.90,0.0000,true,1,122370
7290018394038,false,פיטריות שיטאקי מיובשות חוות תקוע,חקלאי,IL,פטריות שיטאקי מיובשו,גרמים,25.00,100 גרם,false,,8.40,0.3360,true,1,119622
7290018394069,false,ביציי שליו 12 יח' בת,,,ביצי שליו 12 יח',יחידה,0.00,יחידה,false,,16.90,0.0000,true,1,121750
7290018394076,false,שום שחור תקוע 60 גרם,,,שום פנינה שחור 60 גר,גרמים,60.00,100 גרם,false,,13.90,0.2317,true,1,165413
7290018394083,false,שום פנינה תקוע 200 ג,חקלאי,IL,שום פנינה 250 גר' חו,גרמים,250.00,100 גרם,false,,12.90,0.0516,true,1,123418
7290018394113,false,דואט פטריות שימגי לב,,IL,דואט פטריות שי-מג'י,גרמים,300.00,100 גרם,false,,21.50,0.0717,true,1,167118
7290018394151,false,מיקס פטריות אקזוטי ת,"פנטה אמפאק בע""מ",IL,מיקס פטריות אקזוטי,גרמים,400.00,100 גרם,false,,24.90,0.0622,true,1,166709
7290018394199,false,שום קלוף 170 גר' חוו,,,שום קלוף 170 גר' חוו,גרמים,170.00,100 גרם,false,,8.90,0.0524,true,1,168661
7290018400036,false,חגיגת טעמים כתומים סנפרוסט 800 גרם,"סנפרוסט בע""מ",IL,חגיגית טעמים כתומים,גרמים,800.00,100 גרם,false,,21.00,0.0263,true,1,122543
7290018400609,false,פיאסטה מקסיקנית סנפרוסט 800 גרם,"סנפרוסט בע""מ",IL,לקט פיאסטה מקסיקנית,גרמים,800.00,100 גרם,false,,21.00,0.0263,true,1,119385
7290018400661,false,לקט פאייה בסגנון ספרדי סנפרוסט 800 ג',"סנפרוסט בע""מ",IL,לקט פאייה בסגנון ספר,גרמים,800.00,100 גרם,false,,21.00,0.0263,true,1,123724
7290018400807,false,טברנה יוונית סנפרוסט 800 גרם,"סנפרוסט בע""מ",IL,לקט טברנה יוונית סנפ,גרמים,800.00,100 גרם,false,,21.00,0.0263,true,1,119386
7290018440070,false,תרכיז עגבניות בשפורפרת 28BX בלה איטליה 200 ג',בלה איטליה Bella Italia,IT,תרכיז עגבניות בשפורפ,יחידה,0.00,יחידה,false,,8.90,0.0000,true,1,119688
7290018440193,false,פליפז בייגלה בציפוי קרם בטעם חמאת בוטנים 140 גרם,שוורצקוף& הנקל דיסלד,TR,פליפז בייגלה בציפוי,גרמים,140.00,100 גרם,false,,8.90,0.0636,true,1,120938
7290018440209,false,פליפז בייגלה בציפוי פאדג' לבן 140 גרם,שוורצקוף& הנקל דיסלד,TR,פליפז בייגלה בציפוי,גרמים,140.00,100 גרם,false,,8.90,0.0636,true,1,120939
7290018440223,false,חווית הצ'אי- מסאלה עוצמתי,תה ויסוצקי,IL,צ'אי מסאלה,גרמים,50.00,100 גרם,false,,19.90,0.3980,true,1,164140
7290018440230,false,צ'אי ורדים 25 שק' ויסוצקי,תה ויסוצקי,IL,צ'אי ורדים,גרמים,50.00,100 גרם,false,,19.90,0.3980,true,1,164142
7290018440247,false,צ'אי שקדים 25 שק' ויסוצקי,תה ויסוצקי,IL,צ'אי שקדים,גרמים,50.00,100 גרם,false,,19.90,0.3980,true,1,164141
7290018440254,false,צ'אי קרמל מלוח 25 שק' ויסוצקי,תה ויסוצקי,IL,צ'אי קרמל מלוח,גרמים,50.00,100 גרם,false,,19.90,0.3980,true,1,164143
7290018440384,false,תה ירוק מאטה לימון נענע 25 שק' ויסוצקי,תה ויסוצקי,IL,תה ירוק מאטה לימון נ,גרמים,37.50,100 גרם,false,,24.90,0.6640,false,1,164124
7290018440391,false,תה ירוק מאטה נענע גוארנה 25 שק' ויסוצקי,תה ויסוצקי,IL,תה ירוק מאטה נענע גו,גרמים,37.50,100 גרם,false,,24.90,0.6640,false,1,164126
7290018440476,false,פליפז בייגלה מצופה בקרם עוגת גבינה ותותים 140 גרם,אולקר מקבוצת פלאדיס,TR,בייגלה מצופה בקרם עו,גרמים,140.00,100 גרם,false,,8.90,0.0636,true,1,163949
7290018440483,false,פליפז בייגלה מצופה בקרמל מלוח ושוקולד 140 גרם,שוורצקוף& הנקל דיסלד,TR,בייגלה מצופה בקרמל מ,גרמים,140.00,100 גרם,false,,8.90,0.0636,true,1,163950
7290018441886,false,גלידת הגן דאז בגביע,מוצרי איכות אמריקאים,IL,גלידת הגן דאז בגביע,מיליליטרים,150.00,"100 מ""ל",false,,8.90,0.0593,true,1,168674
7290018468302,false,נקניקיה טבעונית בסגנון מרגז טירת צבי 400 ג,טירת צבי,IL,נקניקיה צמחית בסגנון,גרמים,400.00,100 גרם,false,,32.90,0.0822,true,1,166704
7290018468319,false,נקניקיה טבעונית בסגנון צוריסוס טירת צבי 400 גרם,טירת צבי,IL,נקניקיה צמחית בסגנון,גרמים,400.00,100 גרם,false,,32.90,0.0822,true,1,166705
7290018468326,false,נקניקיה טבעונית בסגנון אמריקאי טירת צבי 400 גרם,טירת צבי,IL,נקניקיה צמחונית בסגנ,גרמים,400.00,100 גרם,false,,32.90,0.0822,true,1,166706
7290018468401,false,פסטרמה צמחונית בטעם גריל 100 גר טירת צבי,טיב טירת צבי 2000,IL,פסטרמה צמחונית בטעם,גרמים,120.00,100 גרם,false,,14.90,0.1242,true,1,168456
7290018468418,false,פסטרמה צמחונית בטעם מפולפל 100 ג טירת צב,טיב טירת צבי 2000,IL,פסטרמה צמחונית בטעם,גרמים,120.00,100 גרם,false,,14.90,0.1242,true,1,168457
7290018468425,false,נקניק טבעוני בטעם פקנטי 100 גרם טירת צבי,טיב טירת צבי 2000,IL,נקניק טבעוני בטעם פי,גרמים,100.00,100 גרם,false,,14.90,0.1490,true,1,168458
7290018468432,false,נקניק טבעוני בטעם מעושן 100 גרם טירת צבי,טיב טירת צבי 2000,IL,נקניק טבעוני בטעם מע,גרמים,100.00,100 גרם,false,,14.90,0.1490,true,1,168459
7290018471029,false,"סודה בטעם לימון - מארז 6 בקבוקים 500 מ""ל",יפאורה תבורי בעמ,IL,שישייה סודה שוופס לי,ליטרים,3.00,ליטר,false,,14.90,4.9667,true,1,119255
7290018471128,false,"ספרינג שייק אננס מנגו פסיפלורה זכוכית 330 מ""ל","יפאורה תבורי בע""מ",IL,ספרינג שייק אננס מנג,מיליליטרים,330.00,"100 מ""ל",false,,6.50,0.0197,true,1,123330
7290018471135,false,"ספרינג שייק בננה תמר תפוז זכוכית 330 מ""ל","יפאורה תבורי בע""מ",IL,ספרינג שייק בננה תמר,מיליליטרים,330.00,"100 מ""ל",false,,6.50,0.0197,true,1,123331
7290018471142,false,"ספרינג שייק בננה אננס קוקוס פירות יער זכוכית 330 מ""ל","יפאורה תבורי בע""מ",IL,ספרינג שייק בננה אננ,מיליליטרים,330.00,"100 מ""ל",false,,6.50,0.0197,true,1,123333
7290018471180,false,משקה פרוט& ווג' אננס תפוח גזר 1 ליטר,מיוצר עי קונדיטוריית,IL,פרוט & ווג' אננס תפו,ליטרים,1.00,ליטר,false,,11.90,11.9000,true,1,121905
7290018471197,false,משקה פרוט& ווג' תפוח בננה מלון 1 ליטר,פרוט אנד וג' Fruit & Veg,IL,פרוט & ווג' תפוח בננ,ליטרים,1.00,ליטר,false,,11.90,11.9000,true,1,121906
7290018471210,false,קרטונית נקטר ספרינג תפוח סברס 1 ליטר,"יפאורה תבורי בע""מ",IL,ספרינג קרטונית אגס ת,ליטרים,1.00,ליטר,false,,6.90,6.9000,false,1,121911
7290018471395,false,משקה פרוט& ווג' תפוח רימון ג'ינג'ר 1 ליטר,פרוט אנד וג' Fruit & Veg,IL,פרוט & ווג' תפוח רימ,ליטרים,1.00,ליטר,false,,11.90,11.9000,true,1,121904
7290018471401,false,משקה פרוט& ווג' אננס בננה כורכום 1 ליטר,מיוצר עי קונדיטוריית,IL,פרוט & ווג' אננס בננ,ליטרים,1.00,ליטר,false,,11.90,11.9000,true,1,121907
7290018471463,false,תפוזינה נקטר תפוז מנגו קרטונית 1 ליטר,"יפאורה תבורי בע""מ",IL,תפוזינה נקטר תפוז מנ,ליטרים,1.00,ליטר,false,,6.90,6.9000,false,1,122232
7290018471470,false,תפוזינה נקטר תפוז פסיפלורה קרטונית 1 ליטר,"יפאורה תבורי בע""מ",IL,תפוזינה נקטר תפוז פס,ליטרים,1.00,ליטר,false,,6.90,6.9000,false,1,122233
7290018471487,false,תפוזינה נקטר תפוז אננס קרטונית 1 ליטר,"יפאורה תבורי בע""מ",IL,תפוזינה נקטר תפוז אנ,ליטרים,1.00,ליטר,false,,6.90,6.9000,false,1,122231
7290018471494,false,תפוזינה משקה תפוז גזר קרטונית 1 ליטר,"יפאורה תבורי בע""מ",IL,תפוזינה משקה תפוז גז,ליטרים,1.00,ליטר,false,,6.90,6.9000,false,1,122234
7290018471616,false,שוופס אינדיאן טוניק 1 ליטר,"יפאורה תבורי בע""מ",IL,שוופס טוניק קלאסי 1,ליטרים,1.00,ליטר,false,,9.00,9.0000,false,1,122696
7290018471623,false,שוופס טוניק אשכוליות ליצ'י 1 ליטר,"יפאורה תבורי בע""מ",IL,שוופס טוניק אשכוליות,ליטרים,1.00,ליטר,false,,9.00,9.0000,false,1,122697
7290018471630,false,שוופס טוניק מלפפון ליים 1 ליטר,"יפאורה תבורי בע""מ",IL,שוופס טוניק מלפפון ל,ליטרים,1.00,ליטר,false,,9.00,9.0000,false,1,122698
7290018471906,false,שוופס מוגז פירות לימונדה ורודה 1.5 ליטר פיקדון,"יפאורה תבורי בע""מ",IL,שוופס מוגז פירות לימ,ליטרים,1.50,ליטר,false,,8.90,5.9333,false,1,164481
7290018471920,false,שוופס מוגז פירות ענבים 1.5 ליטר פיקדון,"יפאורה תבורי בע""מ",IL,שוופס מוגז פירות ענב,ליטרים,1.50,ליטר,false,,8.90,5.9333,false,1,164483
7290018471937,false,שוופס מוגז פירות תות ליים 1.5 ליטר פיקדון,"יפאורה תבורי בע""מ",IL,שוופס מוגז פירות תות,ליטרים,1.50,ליטר,false,,8.90,5.9333,false,1,164484
7290018471944,false,שוופס מוגז פירות לימונייד 1.5 ליטר פיקדון,"יפאורה תבורי בע""מ",IL,שוופס מוגז פירות לימ,ליטרים,1.50,ליטר,false,,8.90,5.9333,false,1,164485
7290018471951,false,שוופס מוגז פירות אשכולית אדומה 1.5 ליטר פיקדון,"יפאורה תבורי בע""מ",IL,שוופס מוגז פירות אשכ,ליטרים,1.50,ליטר,false,,8.90,5.9333,false,1,164486
7290018493076,false,"ד""ר פישר - אפקטיב קר קרם ידיים שמן ארגן 100 מ""ל",מדי פישר,IL,קרם ידיים מועשר בשמן,מיליליטרים,100.00,"100 מ""ל",false,,15.90,0.1590,true,1,120686
7290018493144,false,"ד""ר פישר אל סבון נוזלי לידיים קמיל ש ארגן 1 ל'",פישר תעשיות,IL,קמיל אל סבון מועשר ב,ליטרים,1.00,ליטר,false,,15.90,15.9000,true,1,120572
7290018493977,false,אל סבון קמיל בלו בתמצית שיבולת שועל 1 ל,מדי פישר,IL,קמיל קלין קלאם אל סב,יחידה,0.00,יחידה,false,,15.90,0.0000,true,1,123616
7290018500361,false,לחם אנג'ל אחיד פרוס 900 גר',מאפיית שלמה א. אנג'ל,IL,לחם אחיד פרוס אנג'ל,גרמים,900.00,100 גרם,false,,8.53,0.0095,false,1,167202
7290018515006,false,רוטב שזיפים מתוק,,,רוטב שזיפים מתוק,מיליליטרים,700.00,"100 מ""ל",false,,13.90,0.0199,true,1,119442
7290018516041,false,פרמיו דליקט עוף לחתול,פרמיו Premio,CN,פרמיו דליקט עוף 56 ג,גרמים,56.00,100 גרם,false,,10.00,0.1786,true,1,167272
7290018516065,false,פרמיו דליקט טונה וסלמון לחתול,פרמיו Premio,CN,פרמיו דליקט טונה וסל,גרמים,56.00,100 גרם,false,,10.00,0.1786,true,1,167275
7290018516324,false,פאוץ תפוח ושבולת שועל 120 ג' פירונק,פרוטה פודווין איי.אס,CZ,מחית תפוח ושיבולת שו,גרמים,120.00,100 גרם,false,,5.90,0.0492,true,1,123872
7290018516362,false,מחיט תפוח עץ בננה ושבולות שועל 190 ג' פרינוק גוניור,פרוטה פודווין איי.אס,CZ,"ג'וניור תפו""ע בננה ו",גרמים,190.00,100 גרם,false,,6.50,0.0342,true,1,165319
7290018516379,false,מחיט סלט פירות ושבולות שועל 190 ג' פרינוק גוניור,פרוטה פודווין איי.אס,CZ,ג'וניור סלט פירות וש,גרמים,190.00,100 גרם,false,,6.50,0.0342,true,1,165320
7290018516447,false,גוסטו מקרוני עם גבינ,,,גוסטו מקרוני עם גבינ,גרמים,206.00,100 גרם,false,,12.90,0.0626,true,1,168476
7290018516546,false,פרמיו דליקט טונה לחת,,DE,פרמיו דליקט טונה לחת,גרמים,56.00,100 גרם,false,,10.00,0.1786,true,1,167986
7290018516591,false,מחית בשר עוף הורייזן,סאטורן,DE,מחית בשר עוף הורייזן,גרמים,90.00,100 גרם,false,,10.00,0.1111,true,1,167992
7290018516607,false,מחית בשר טונה הורייז,סאטורן,DE,מחית בשר טונה הורייז,גרמים,90.00,100 גרם,false,,10.00,0.1111,true,1,167993
7290018516614,false,מחית בשר סלמון הוריי,סאטורן,DE,מחית בשר סלמון הוריי,גרמים,90.00,100 גרם,false,,10.00,0.1111,true,1,167994
7290018516621,false,מחית בשר דג זהבון הו,סאטורן,DE,מחית בשר דג זהבון הו,גרמים,90.00,100 גרם,false,,10.00,0.1111,true,1,167995
7290018516768,false,פרמיו פטה עוף לחתלתו,,,פרמיו עוף לחתלתול במ,גרמים,400.00,100 גרם,false,,5.90,0.0148,true,1,167997
7290018516799,false,פטה עוף וכבד לחתול בוגר פרמיו 400 ג,,,פרמיו פטה עוף וכבד ל,גרמים,400.00,100 גרם,false,,5.90,0.0148,true,1,167999
7290018516805,false,פרמיו פטה עוף לחתול,,,פרמיו פטה עוף לחתול,גרמים,400.00,100 גרם,false,,5.90,0.0148,true,1,168000
7290018516836,false,פרמיו סטרילייז סלמון,,,פרמיו סטרילייז סלמון,גרמים,400.00,100 גרם,false,,5.90,0.0148,true,1,168001
7290018516942,false,"פרמיו סופרים עופות לכלב בוגר 3 ק""ג",פרמיו Premio,,פרמיו סופרים עופות ל,קילוגרמים,3.00,"ק""ג",false,,49.90,16.6333,true,1,167966
7290018516959,false,"פרמיו סופרים עופות לכלב מגזע ננסי 3 ק""ג",פרמיו Premio,,פרמיו סופרים עופות ל,קילוגרמים,3.00,"ק""ג",false,,49.90,16.6333,true,1,167965
7290018516966,false,פרמיו סופרים עופות לכלב בוגר,פרמיו Premio,,פרמיו סופרים עופות ל,קילוגרמים,3.00,"ק""ג",false,,49.90,16.6333,true,1,167967
7290018517116,false,מעדן פרי אוכמניות לל,,,מעדן פרי אוכמניות לל,גרמים,280.00,100 גרם,false,,11.50,0.0411,true,1,165656
7290018517147,false,פופקורן למיקרוגל בטעם טבעי 300 ג',,,פופקורן למיקרו טבעי,גרמים,300.00,100 גרם,false,,8.90,0.0297,true,1,122881
7290018540329,false,שקית פיתה פיתה בלדי 800 ג' אנג'ל,מאפיית שלמה א. אנג'ל,IL,פיתות אנג'ל 8 יח',גרמים,880.00,100 גרם,false,,11.50,0.0131,true,1,121064
7290018540817,false,לחם מחמצת כוסמין ארטיזנל 500 גרם,מאפיית אורנים,IL,ארטיזנל לחם מחמצת כו,גרמים,500.00,100 גרם,false,,16.90,0.0338,true,1,164689
7290018540831,false,לחם מחמצת חיטה מלאה וגרעינים 500 ג' ארטיזנל,מאפיית אורנים,IL,ארטיזנל לחם מחמצת חי,גרמים,500.00,100 גרם,false,,15.90,0.0318,true,1,164691
7290018564622,false,שף הטבע תיבוליות שום,בני דרום,IL,שום כתוש טבליות 80 ג,גרמים,80.00,100 גרם,false,,9.90,0.1238,true,1,164372
7290018652015,false,נסטלה שלגון סופרולר 75 גרם,פרונרי איברייה,PL,שלגון סופרולר,גרמים,75.00,100 גרם,false,,7.50,0.1000,true,1,121518
7290018652039,false,לה קרמריה קרמל מלוח ונוגט בדצ 1.4 ליטר,גלידות נסטלה,IL,לה קרמריה קרמל מלוח,ליטרים,1.40,ליטר,false,,22.90,16.3571,true,1,121010
7290018652053,false,"יסקולידה אקסטרה גלידה בטעמי וניל ושוקולד, 90 גרם",גלידות נסטלה,IL,ביסקולידה אקסטרה,גרמים,95.00,100 גרם,false,,6.90,0.0726,true,1,121513
7290018652190,false,חטיף גלידה קראנץ בר 60 גרם,גלידות נסטלה,IT,חטיף גלידה קראנץ,גרמים,60.00,100 גרם,false,,6.50,0.1083,true,1,165601
7290018652213,false,מאגדת חטיפי גלידה קראנץ בר 41X6 גרם,פרונרי איטליה,IT,נסטלה מאגדת קראנץ בר,גרמים,246.00,100 גרם,false,,22.90,0.0931,true,1,165524
7290018652657,false,מאגדת לייט יוגורט ומנגו 52X6 גרם,גלידות נסטלה,IL,מאגדת לייט מנגו שישי,גרמים,312.00,100 גרם,false,,27.90,0.0894,true,1,165525
7290018652671,false,"לה קרמריה שוקולד וניל 1.4 ליטר [תו אי""ל]",גלידות נסטלה,IL,לה קרמריה שוקו וניל,ליטרים,1.40,ליטר,false,,22.90,16.3571,false,1,165594
7290018652688,false,לה קרמריה טרופי ופירות אדומים 1.4 ל' נסטלה,גלידות נסטלה,IL,לה קרמריה פירות טרופ,ליטרים,1.40,ליטר,false,,22.90,16.3571,false,1,165595
7290018652770,false,אקסטרים ביגלה מתוק מלוח 115 ג' נסטלה,גלידות נסטלה,IL,אקסטרים ביגלה מתוק מ,גרמים,115.00,100 גרם,false,,10.00,0.0870,true,1,165603
7290018652886,false,נסטלה מאגדת מצופים שוקו בננה 8 יח',גלידות נסטלה,IL,מאגדת שלגונים מצופים,גרמים,476.00,100 גרם,false,,26.90,0.0565,true,1,167827
7290018652909,false,מאגדת מאגנום קפה שוקולד ופקאן 5 *43 ג' נסטלה,גלידות נסטלה,IL,מאגדת אספרסו שוקולד,גרמים,225.00,100 גרם,false,,27.90,0.1240,true,1,165526
7290018652923,false,מאגדת תות עוגת גבינה שוקולד 5 *43 ג' נסטלה,גלידות נסטלה,IL,מאגדת תות עוגת גבינה,גרמים,225.00,100 גרם,false,,27.90,0.1240,true,1,165527
7290018654132,false,אוכמניות כחולות קפוא,,,אוכמניות כחולות קפוא,גרמים,500.00,100 גרם,false,,26.50,0.0530,true,1,119076
7290018654187,false,פסיפלורה קפוא,,,פסיפלורה קפוא,גרמים,500.00,100 גרם,false,,23.90,0.0478,true,1,119081
7290018654385,false,מארז וופל בלגי 10יח,,,וופל בלגי עשירייה,גרמים,400.00,100 גרם,false,,22.90,0.0572,true,1,120461
7290018654439,false,מיני סופלה שוקולד,,,מיני סופלה שוקולד,גרמים,330.00,100 גרם,false,,25.90,0.0785,true,1,168892
7290018654781,false,מאגדת 12 יח כוסות גל,,,מאגדת 12 יח כוסות גל,גרמים,960.00,100 גרם,false,,39.90,0.0416,true,1,168891
7290018677056,false,קוואקר דק אורגני 500 גרם,,DK,קוואקר אורגני דק נוט,גרמים,500.00,100 גרם,false,,10.90,0.0218,true,1,122844
7290018677063,false,קוואקר עבה אורגני 500 גרם,,DK,קוואקר אורגני עבה נו,גרמים,500.00,100 גרם,false,,10.90,0.0218,true,1,122845
7290018677070,false,"קרם קוקוס אורגני 330 מ""ל",בראנץ' אוף בן טרה אי,IL,קרם קוקוס אורגני נוט,מיליליטרים,330.00,"100 מ""ל",false,,11.50,0.0348,true,1,122846
7290018677124,false,גרנולה קראנצ'י חמוציות ודובדבנים ללא גלוטן וללא תוספת סוכר נוטרה זן-300 גרם,נוטרה זון,CZ,גרנולה קראנצ חמוציות,גרמים,300.00,100 גרם,false,,23.90,0.0797,true,1,164894
7290018677131,false,גרנולה קראנצ'י אגוזים ושקדים ללא גלוטן וללא תוספת סוכר נוטרה זן-300 גרם,נוטרה זון,CZ,גרנולה קראנצי אגוזים,גרמים,300.00,100 גרם,false,,23.90,0.0797,true,1,164895
7290018677148,false,גרנולה קראנצ'י שוקולד וקוקוס ללא גלוטן וללא תוספת סוכר נוטרה זן-300 גרם,,IT,גרנולה קראנצ'י שוקול,גרמים,300.00,100 גרם,false,,23.90,0.0797,true,1,167488
7290018677155,false,"תערובת קמחים רב תכליתי לל""ג 500 גרם",נוטרה זון,IT,תערובת קמחים רב תכלי,גרמים,500.00,100 גרם,false,,22.90,0.0458,true,1,123259
7290018677162,false,"תערובת קמחים רב תכליתי לל""ג 500 גרם",נוטרה זון,IT,תערובת רב תכליתית לל,גרמים,500.00,100 גרם,false,,20.90,0.0418,true,1,123260
7290018677216,false,"פנה כוסמת לל""ג אורגני 250 גרם",,IT,פסטה כוסמת פנה אורגנ,גרמים,250.00,100 גרם,false,,15.90,0.0636,true,1,166035
7290018684238,false,קמח אורז 500 גר',,,קמח אורז 500 גר',גרמים,500.00,100 גרם,false,,12.00,0.0240,true,1,166724
7290018684610,false,חלווה משומשום מלא לל,,,חלווה משומשום מלא לל,גרמים,400.00,100 גרם,false,,23.90,0.0597,true,1,166367
7290018684818,false,חלווה משומשום מלא לל,,,חלווה משומשום מלא לל,גרמים,400.00,100 גרם,false,,23.90,0.0597,true,1,166369
7290018693551,false,שקיות אוכל מנייר לבן,,,שקיות אוכל מנייר לבן,יחידה,0.00,יחידה,false,,6.90,0.0000,true,1,168897
7290018703083,false,חטיף חלבון דאבל שוקולד קראנץ 60 ג' פראוד,פראוד PROUD,NL,פראוד חטיף חלבון דאב,גרמים,60.00,100 גרם,false,,11.90,0.1983,true,1,166932
7290018703229,false,חטיף חלבון שוקולד אגוזים פראוד 60 גרם,פראוד,,פראוד - חטיף חלבון ט,גרמים,60.00,100 גרם,false,,11.90,0.1983,true,1,166663
7290018703243,false,חטיף חלבון קרמל קראנצ פראוד 60 גרם,פראוד,,פראוד - חטיף חלבון ט,גרמים,60.00,100 גרם,false,,11.90,0.1983,true,1,166664
7290018703311,false,חטיף חלבון קרם עוגיות קראנץ 60 ג' פראוד,v.s.i,NL,חטיף חלבון בטעם קרם,גרמים,60.00,100 גרם,false,,11.90,0.1983,true,1,166925
7290018703496,false,פראוד - חטיף חלבון בטעם בננה טופי 60 גרם,פראוד PROUD,,פראוד חטיף חלבון בננ,גרמים,60.00,100 גרם,false,,11.90,0.1983,true,1,166933
7290018708125,false,בארכה חלבה מסולסלת וניל 250 גרם,בארכה,IL,חלבה בארכה מסולסלת ו,גרמים,250.00,100 גרם,false,,15.90,0.0636,true,1,165210
7290018715086,false,"יין קופאז ברבדו בלנד אדום יבש 750 מ""ל",,,יין ברבדו קופאז',מיליליטרים,750.00,"100 מ""ל",false,,105.00,0.1400,true,1,167576
7290018724552,false,קמח שקדים ללא גלוטן 250 גר',השקד אומנות ומסחר,IL,קמח שקדים ללא גלוטן,גרמים,250.00,100 גרם,false,,22.90,0.0916,true,1,164035
7290018724804,false,"זרעי צ'יה ""נטורלה"" 230 גרם",,IL,זרעי צ'יה נטורלה,גרמים,230.00,100 גרם,false,,12.90,0.0561,true,1,119860
7290018741146,false,סוכריות ג'לי בננה 250 גרם,,,סוכריות ג'לי בננה,גרמים,250.00,100 גרם,false,,10.90,0.0436,true,1,167212
7290018741184,false,סוכריות ג'לי דובי קטן 250 גרם,,,סוכריות ג'לי דובי קט,גרמים,250.00,100 גרם,false,,10.90,0.0436,true,1,167215
7290018741276,false,סוכריות ג'לי נחשים מסוכרים בטעם פירות 250 גרם,,,סוכריות ג'לי נחשים מ,גרמים,250.00,100 גרם,false,,10.90,0.0436,true,1,167224
7290018741412,false,ליקריץ תקליט שחור 215 גרם,,,ליקריץ תקליט שחור,גרמים,215.00,100 גרם,false,,10.90,0.0507,true,1,167231
7290018792841,false,אבקת קקאו טבעי גאנה 150 גר,אברמוביץ עזר קקאו וש,IL,אבקת קקאו טבעי 150 ג,גרמים,150.00,100 גרם,false,,10.90,0.0727,true,1,167154
7290018792858,false,אבקת קקאו טבעי 500 גרם,,GH,אבקת קקאו טבעי 500 ג,גרמים,500.00,100 גרם,false,,24.90,0.0498,true,1,167155
7290018795842,false,שיני שום קלופות 500 גרם,מרינה,IL,שיני שום קלופות 500,גרמים,500.00,100 גרם,false,,18.90,0.0378,true,1,167635
7290018835005,false,אקסטרה צ'יפס אורז חום פלפל 60 גרם,,BG,אקסטרה צ'יפס אורז חו,גרמים,60.00,100 גרם,false,,6.90,0.1150,true,1,166780
7290018867112,false,הילה יין לבן יקב אפו,,,הילה יין לבן יקב אפו,מיליליטרים,750.00,"100 מ""ל",false,,59.90,0.0799,true,1,166172
7290018874004,false,"יין יראון יקב הרי הגליל 2019 750 מ""ל",יקבי רמת הגולן,,יין יראון 2019,מיליליטרים,750.00,"100 מ""ל",false,,109.90,0.1465,true,1,167043
7290018878170,false,אגו שוקולד מריר 60% מוצקי קקאו 2*100גר,כרמית תעשיות ממתקים,IL,זוג שוקולד מריר אגו,גרמים,200.00,100 גרם,false,,9.90,0.0495,true,1,167192
7290018878224,false,כרמית מיני קוקיס בטעם שוקולד 600 גרם,Carmit,IL,מיני קוקיס בטעם שוקו,גרמים,600.00,100 גרם,false,,15.90,0.0265,true,1,168341
7290018878231,false,"מיני קוקיס לל""ס בטעם שוקולד 600 גרם",,,"מיני קוקיס לל""ס בטעם",גרמים,600.00,100 גרם,false,,21.90,0.0365,true,1,168340
7290018889244,false,עוגת פס רד וולוט חלב,בן עמי פלסט,IL,פס עוגת רד וולוט בן,גרמים,600.00,100 גרם,false,,59.90,0.0998,true,1,165659
7290018889404,false,עוגת פס רד וולוט חלבי נטלי 550 גרם,,,פס עוגת רד וולווט נט,יחידה,0.00,יחידה,false,,43.90,0.0000,true,1,167002
7290018893005,false,"חטיפי בייגלה אפוי בטעם חרדל ודבש, 160 גרם",צ'וקטה Chocketa,RO,צ'וקטה בייגלה בטעם ח,גרמים,200.00,100 גרם,false,,6.90,0.0345,true,1,163920
7290018893098,false,צ'וקטה ביסקוויט מצופה שוקולד חלב 100 גרם,דיסטרופר אוליבייר,ES,צ'וקטה עוגיות מצופות,גרמים,100.00,100 גרם,false,,6.90,0.0690,true,1,165327
7290018893111,false,צ'וקטה שוקולד מריר בלגי 70% 100 גרם משולש K,צ'וקטה Chocketa,BE,צ'וקטה שוקולד מריר ב,גרמים,100.00,100 גרם,false,,7.90,0.0790,true,1,165187
7290018893135,false,מקלות אפויים בתוספת מלח Salty,צ'וקטה Chocketa,US,צ'וקטה גריסיני מלח,גרמים,120.00,100 גרם,false,,7.90,0.0658,true,1,167332
7290018893142,false,צ'וקטה גריסיני בתוספת שמן זית 120 גרם,צ'וקטה Chocketa,US,צ'וקטה גריסיני שמן ז,גרמים,120.00,100 גרם,false,,7.90,0.0658,true,1,167333
7290018893258,false,צוקטה עוגות אישיות במילוי קרמל 10*30 גר,פרדי קונדיטוריה אס.פ,IT,צ'וקטה עוגות אישיות,גרמים,300.00,100 גרם,false,,11.90,0.0397,true,1,123640
7290018893272,false,צ'וקטה בונבוניירה צדפות בלגי 125 גרם,צ'וקטה Chocketa,BE,צ'וקטה צדפות שוקולד,גרמים,125.00,100 גרם,false,,12.90,0.1032,true,1,166169
7290018893296,false,עוגיות חמאה מצופות שוקולד חלב בעיטור שוקולד לבן,דיסטרופר אוליבייר,RO,צ'וקטה עוגיות חמאה מ,גרמים,100.00,100 גרם,false,,9.90,0.0990,true,1,165697
7290018893319,false,צ'וקטה שוקולד מריר בלגי 85% 100 גרם,צ'וקטה Chocketa,BE,צ'וקטה שוקולד מריר ב,גרמים,100.00,100 גרם,false,,7.90,0.0790,true,1,165217
7290018893333,false,קרקרים במליחות מעודנ,סטרופוופל,PT,צ'וקטה קרקרים במליחו,גרמים,500.00,100 גרם,false,,12.90,0.0258,true,1,168298
7290018893340,false,מקלות אפויים בתוספת שומשום Salty,צ'וקטה Chocketa,US,צ'וקטה גריסיני שומשו,גרמים,120.00,100 גרם,false,,7.90,0.0658,true,1,167334
7290018893401,false,צ'וקטה שוקולד מריר 70% פרימיום,צ'וקטה Chocketa,ES,צ'וקטה שוקולד מריר 7,גרמים,100.00,100 גרם,false,,8.90,0.0890,true,1,164796
7290018893418,false,שוקולד מריר 60% מארז 6 יח' *100 ג' צ'וקטה,צ'וקטה Chocketa,,צ'וקטה שוקולד מריר 6,גרמים,600.00,100 גרם,false,,21.90,0.0365,true,1,164980
7290018893449,false,צוקטה סטרופוופל במילוי קרמל 175 גרם,ארלוי אס.אל.יו.,IN,צ'וקטה סטרופוופל במי,גרמים,175.00,100 גרם,false,,9.90,0.0566,true,1,164373
7290018893456,false,צוקטה עוגות אישיות במילוי קרם ובציפוי בטעם שוקולד,פרדי קונדיטוריה אס.פ,IT,צ'וקטה עוגות אישיות,גרמים,300.00,100 גרם,false,,11.90,0.0397,true,1,123639
7290018893531,false,קרקרים מלוחים סלטי צ,סטרופוופל,PT,צ'וקטה קרקרים מלוחים,גרמים,500.00,100 גרם,false,,12.90,0.0258,true,1,168299
7290018893609,false,שוקולד מריר פרימיום 85% 100 גרם איגוד רבנים,צ'וקטה Chocketa,ES,צ'וקטה שוקולד מריר 8,גרמים,100.00,100 גרם,false,,8.90,0.0890,true,1,164797
7290018893616,false,מארז צוקטה שוקולד מריר 48% 6*100 גר,איברקקאו,ES,צ'וקטה מארז שוקולד מ,גרמים,600.00,100 גרם,false,,19.90,0.0332,true,1,164579
7290018893647,false,צ'וקטה עוגיות סנדביץ מצופות 150 גרם חלב נוכרי,צ'וקטה Chocketa,BE,צ'וקטה עוגיות סנדביץ,גרמים,150.00,100 גרם,false,,8.90,0.0593,true,1,164857
7290018893708,false,עוגיות סנדוויץ' במילוי קרם בטעם שוקולד,צ'וקטה Chocketa,ES,צ'וקטה עוגיות סנדווי,גרמים,250.00,100 גרם,false,,6.90,0.0276,true,1,165313
7290018893753,false,צוקטה וופל חמאה בטעם לימון 100 גרם,שסטוביץ,BE,צ'וקטה וופל חמאה בטע,גרמים,100.00,100 גרם,false,,9.90,0.0990,true,1,167633
7290018893807,false,מארז שוקולד מריר 60% קקאו צוקטה 3*100 ג,צ'וקטה Chocketa,ES,שוקולד צ'וקטה מריר 6,גרמים,300.00,100 גרם,false,,10.90,0.0363,true,1,164118
7290018893814,false,צ'וקטה חמישיית שוקולד מריר 48%,הדקלאים אגודת שיתופי,ES,שוקולד מריר 48% חמיש,גרמים,500.00,100 גרם,false,,15.90,0.0318,true,1,163929
7290018893845,false,פתי בר צוקטה ביסקוויט בטעם חמאה 400 גר,צ'וקטה Chocketa,ES,צ'וקטה פתי בר,גרמים,400.00,100 גרם,false,,7.90,0.0198,true,1,165005
7290018893906,false,עוגיות סנדוויץ' במילוי קרם בטעם וניל,צ'וקטה Chocketa,ES,צ'וקטה עוגיות סנדויץ,גרמים,250.00,100 גרם,false,,6.90,0.0276,true,1,165312
7290018893937,false,לוקיטוס סוכריות ג'לי,לאבדס,GR,לוקיטוס סוכריות ג'לי,גרמים,300.00,100 גרם,false,,9.90,0.0330,true,1,168297
7290018894002,false,קוביות וופל במילוי קרם קקאו - חלבי,בלקוני Balconi,IT,בלקוני וופל קוביות ק,גרמים,250.00,100 גרם,false,,10.90,0.0436,true,1,165698
7290018894200,false,וופל קוביות וניל 250 ג' בלקוני,בלקוני Balconi,IT,בלקוני וופל קוביות ו,גרמים,250.00,100 גרם,false,,10.90,0.0436,true,1,165487
7290018894248,false,צ'וקטה - שוקולד חלב שלישייה 3 * 100 גרם,צ'וקטה Chocketa,FR,צ'וקטה שוקולד חלב 1/,גרמים,300.00,100 גרם,false,,12.90,0.0430,true,1,168300
7290018894408,false,קוביות וופל במילוי קרם אגוזי לוז - חלבי,בלקוני Balconi,IT,בלקוני וופל קוביות א,גרמים,250.00,100 גרם,false,,10.90,0.0436,true,1,165700
7290018894606,false,בלקוני וופל קקאו 175 גרם חלבי OU,בלקוני Balconi,IT,בלקוני וופל קקאו,גרמים,175.00,100 גרם,false,,7.90,0.0451,true,1,165488
7290018921029,false,"ד""ר פישר - קמיל בלו מגבוני סנסיטיב 64 יח' * 4",פישר תעשיות,IL,רביעיית מגבוני קמיל,יחידה,0.00,יחידה,false,,21.90,0.0000,true,1,164654
7290018921067,false,"ד""ר פישר - אפקטיב קר תחליב רחצה שמן שקדים 700 מ""ל","ד""ר פישר Dr fischer",IL,אפקטיב קר תחליב רחצה,מיליליטרים,700.00,"100 מ""ל",false,,16.90,0.0241,true,1,165293
7290018921203,false,"קמיל בלו קרם החתלה קמומיל 120 ג' ד""ר פישר",פישר תעשיות,IL,קמיל בלו קרם החתלה ק,גרמים,120.00,100 גרם,false,,18.90,0.1575,true,1,167790
7290018921449,false,קמיל בלו מגבונים תפרחת חיתולים רביעייה,פישר תעשיות,IL,רביעיית מגבוני קמיל,יחידה,0.00,יחידה,false,,24.90,0.0000,true,1,164655
7290018921456,false,"ד""ר פישר - אפקטיב קר תחליב רחצה שמן כותנה 700 מ""ל","ד""ר פישר Dr fischer",IL,אפקטיב קר תחליב רחצה,מיליליטרים,700.00,"100 מ""ל",false,,16.90,0.0241,true,1,165294
7290018921609,false,"ד""ר פישר - קמיל בלו קרם החתלה קלנדולה 120 גרם",פישר תעשיות,IL,קמיל בלו קרם החתלה ק,גרמים,120.00,100 גרם,false,,21.90,0.1825,true,1,167791
7290018921616,false,רביעיית מגבוני קמיל בלו שיבולת שועל 64 יח',פישר תעשיות,,רביעיית מגבוני שיבול,יחידה,0.00,יחידה,false,,22.90,0.0000,true,1,164656
7290018921753,false,"אל סבון לתחושת רעננות לבנדר קמיל ד""ר פישר 1 ל""",פישר תעשיות,IL,אל סבון מועשר בתמציו,ליטרים,1.00,ליטר,false,,15.90,15.9000,true,1,165023
7290018921807,false,"קמיל בלו משחת החתלה צמחי מרפא 120 ג' ד""ר פישר",פישר תעשיות,IL,קמיל בלו משחת החתלה,גרמים,120.00,100 גרם,false,,19.90,0.1658,true,1,167792
7290018925065,false,מיץ פרימור תפוזים סחוט 2 ליטר-,"גניר (1992) בע""מ",IL,מיץ תפוזים סחוט פרימ,ליטרים,2.00,ליטר,false,,26.90,13.4500,false,1,164811
7290018925072,false,משקה קל לימונים ונענע 2 ל פרימור,"גניר (1992) בע""מ",IL,משקה קל לימונים ונענ,ליטרים,2.00,ליטר,false,,27.90,13.9500,false,1,164812
7290018925089,false,"מיץ פרימור תפו""ע צלול סחוט 2 ליטר-","גניר (1992) בע""מ",IL,מיץ תפוחים צלול 100%,ליטרים,2.00,ליטר,false,,26.90,13.4500,false,1,164813
7290018925409,false,"מיץ לימון ואננס 400 מ""ל פרימור","גניר בע""מ",IL,מיץ לימון ואננס 400,מיליליטרים,400.00,"100 מ""ל",false,,8.70,0.0218,true,1,167689
7290018989005,false,שלישיית פולפה עגבניות טבעי יכין 400X3 גרם,זנלכל,IL,פולפה טבעית שלישייה,גרמים,1200.00,100 גרם,false,,16.90,0.0141,true,1,165256
7290019035220,false,תערובת פירות יער קפוא 600ג' פילד גוד,קונגלדוס אקיואטוריאנ,RS,מיקס פירות יער אוכמנ,גרמים,600.00,100 גרם,false,,24.90,0.0415,true,1,167544
7290019041894,false,שטיח צרפת בטעם תות,,,שטיח צרפת בטעם תות,גרמים,215.00,100 גרם,false,,10.90,0.0507,true,1,167289
7290019056027,false,שוופס מוגז פירות תפוחים ללא סוכר 1.5 ליטר פיקדון,"יפאורה תבורי בע""מ",IL,שוופס מוגז פירות תפו,ליטרים,1.50,ליטר,false,,8.90,5.9333,false,1,164487
7290019056034,false,שוופס מוגז פירות אננס ללא סוכר 1.5 ליטר פיקדון,יפאורה תבורי,IL,שוופס מוגז פירות אננ,ליטרים,1.50,ליטר,false,,8.90,5.9333,false,1,164488
7290019056041,false,שוופס מוגז פירות לימונייד ללא סוכר 1.5 ליטר פיקדון,יפאורה תבורי,IL,שוופס מוגז פירות לימ,ליטרים,1.50,ליטר,false,,8.90,5.9333,false,1,164489
7290019056058,false,שוופס מוגז עדין תפוח ליים 1.5 ליטר פיקדון,"יפאורה תבורי בע""מ",IL,שוופס מוגז עדין תפוח,ליטרים,1.50,ליטר,false,,8.90,5.9333,false,1,164475
7290019056065,false,שוופס מוגז עדין פירות יער 1.5 ליטר פיקדון,"יפאורה תבורי בע""מ",IL,שוופס מוגז עדין פירו,ליטרים,1.50,ליטר,false,,8.90,5.9333,false,1,164476
7290019056072,false,שוופס מוגז עדין אננס 1.5 ליטר פיקדון,מיוצר עי קונדיטוריית,IL,שוופס מוגז עדין אננס,ליטרים,1.50,ליטר,false,,8.90,5.9333,false,1,164477
7290019056089,false,שוופס מוגז עדין ענבי ריזלינג 1.5 ליטר פיקדון,"יפאורה תבורי בע""מ",IL,שוופס מוגז עדין ענבי,ליטרים,1.50,ליטר,false,,8.90,5.9333,false,1,164478
7290019056096,false,שוופס מוגז עדין אפרסק 1.5 ליטר פיקדון,"יפאורה תבורי בע""מ",IL,שוופס מוגז עדין אפרס,ליטרים,1.50,ליטר,false,,8.90,5.9333,false,1,164479
7290019056119,false,שוופס סודה 1.5 ליטר פיקדון,"יפאורה תבורי בע""מ",IL,שוופס סודה 1.5 ל',ליטרים,1.50,ליטר,false,,3.90,2.6000,false,1,164465
7290019056164,false,שוופס סודה 1.5 ליטר רביעייה פיקדון,"יפאורה תבורי בע""מ",IL,שוופס סודה 1.5 ל' רב,ליטרים,6.00,ליטר,false,,12.50,2.0833,false,1,164466
7290019056171,false,שוופס סודה לימון 1.5 ליטר רביעייה פיקדון,"יפאורה תבורי בע""מ",IL,שוופס סודה לימון 1.5,ליטרים,6.00,ליטר,false,,12.50,2.0833,false,1,164467
7290019056188,false,שוופס סודה נענע ליים 1.5 ליטר רביעייה פיקדון,"יפאורה תבורי בע""מ",IL,שוופס סודה נענע ליים,ליטרים,6.00,ליטר,false,,12.50,2.0833,false,1,164470
7290019056232,false,משקה מוגז בטעם ליים מוחיטו 1.5 ל' שוופס,"יפאורה תבורי בע""מ",IL,שוופס ליים מוחיטו 1.,ליטרים,1.50,ליטר,false,,8.90,5.9333,false,1,164480
7290019056249,false,שוופס מים בטעמים ענבים 1.5 ליטר פיקדון,מיוצר עי קונדיטוריית,IL,שוופס מים בטעמים ענב,ליטרים,1.50,ליטר,false,,7.50,5.0000,false,1,164460
7290019056256,false,שוופס מים בטעמים תפוחים 1.5 ליטר פיקדון,מיוצר עי קונדיטוריית,IL,שוופס מים בטעמים תפו,ליטרים,1.50,ליטר,false,,7.50,5.0000,false,1,164461
7290019056263,false,שוופס מים בטעמים אפרסק 1.5 ליטר פיקדון,מיוצר עי קונדיטוריית,IL,שוופס מים בטעמים אפר,ליטרים,1.50,ליטר,false,,7.50,5.0000,false,1,164462
7290019056270,false,שוופס מים בטעמים פירות יער 1.5 ליטר פיקדון,"יפאורה תבורי בע""מ",IL,שוופס מים בטעמים פיר,ליטרים,1.50,ליטר,false,,7.50,5.0000,false,1,164463
7290019056294,false,שוופס ג'ינג'ר אייל 1.5 ליטר פיקדון,"יפאורה תבורי בע""מ",IL,שוופס ג'ינג'ר אייל 1,ליטרים,1.50,ליטר,false,,12.50,8.3333,false,1,164374
7290019056300,false,משקה בטעם ביטר לימון 1.5 ל' שוויפס,"יפאורה תבורי בע""מ",IL,שוופס ביטר למון 1.5,ליטרים,1.50,ליטר,false,,12.50,8.3333,false,1,164375
7290019056317,false,שוופס ראשן 1.5 ליטר פיקדון,"יפאורה תבורי בע""מ",IL,שוופס ראשן 1.5 ל',ליטרים,1.50,ליטר,false,,12.50,8.3333,false,1,164376
7290019056324,false,שוופס טוניק 1.5 ליטר פיקדון,"יפאורה תבורי בע""מ",IL,שוופס טוניק 1.5 ל',ליטרים,1.50,ליטר,false,,12.50,8.3333,false,1,164377
7290019056331,false,שוופס טוניק ללא סוכר 1.5 ליטר פיקדון,מיוצר עי קונדיטוריית,IL,שוופס טוניק ללא סוכר,ליטרים,1.50,ליטר,false,,12.50,8.3333,false,1,164378
7290019056355,false,תפוזינה לימונדה MIX לימונענע 1.5 ליטר,"יפאורה תבורי בע""מ",IL,תפוזינה לימונענע 1.5,ליטרים,1.50,ליטר,false,,8.90,5.9333,false,1,164379
7290019056362,false,תפוזינה ענבים 1.5 ליטר פיקדון,"יפאורה תבורי בע""מ",IL,תפוזינה ענבים 1.5 ל',ליטרים,1.50,ליטר,false,,8.90,5.9333,false,1,164380
7290019056379,false,תפוזינה תפוזים 1.5 ליטר פיקדון,"יפאורה תבורי בע""מ",IL,תפוזינה תפוזים 1.5 ל,ליטרים,1.50,ליטר,false,,8.90,5.9333,false,1,164381
7290019056386,false,פתוזינה אשכולית 1.5 ליטר פיקדון,"יפאורה תבורי בע""מ",IL,תפוזינה אשכוליות 1.5,ליטרים,1.50,ליטר,false,,8.90,5.9333,false,1,164382
7290019056393,false,תפוזינה תות בננה 1.5 ליטר פיקדון,"יפאורה תבורי בע""מ",IL,תפוזינה תות בננה 1.5,ליטרים,1.50,ליטר,false,,8.90,5.9333,false,1,164383
7290019056409,false,תפוזינה מנגו 1.5 ליטר פיקדון,"יפאורה תבורי בע""מ",IL,תפוזינה מנגו 1.5 ל',ליטרים,1.50,ליטר,false,,8.90,5.9333,false,1,164384
7290019056416,false,מיץ בטעם לימונדה ורודה 1.5 ל' תפוזינה,"יפאורה תבורי בע""מ",IL,תפוזינה לימונדה ורוד,ליטרים,1.50,ליטר,false,,8.90,5.9333,false,1,164385
7290019056423,false,מיץ בטעם תפוח רענן 1.5ל' תפוזינה,"יפאורה תבורי בע""מ",IL,תפוזינה תפוחים 1.5 ל,ליטרים,1.50,ליטר,false,,8.90,5.9333,false,1,164386
7290019056430,false,תפוזינה תפוזים לייט 1.5 ליטר פיקדון,"יפאורה תבורי בע""מ",IL,תפוזינה תפוזים לייט,ליטרים,1.50,ליטר,false,,8.90,5.9333,false,1,164387
7290019056478,false,ספרינג טי קר אפרסק 1.5ליטר פיקדון,"יפאורה תבורי בע""מ",IL,ספרינג תה אפרסק 1.5,ליטרים,1.50,ליטר,false,,7.00,4.6667,false,1,164404
7290019056485,false,ספריג תה ירוק לימון לואיזה 1.5 ליטר פיקדון,"יפאורה תבורי בע""מ",IL,ספרינג תה תה ירוק לי,ליטרים,1.50,ליטר,false,,7.00,4.6667,false,1,164405
7290019056492,false,ספרינג תה מנגו אפרסק 1.5 ליטר פיקדון,ספרינג טי Spring Tea,IL,ספרינג תה מנגו אפרסק,ליטרים,1.50,ליטר,false,,7.00,4.6667,false,1,164406
7290019056515,false,פרוט ווטר אננס 1.5 ליטר פיקדון,"יפאורה תבורי בע""מ",IL,פרוט ווטר אננס 1.5 ל,ליטרים,1.50,ליטר,false,,8.90,5.9333,false,1,164424
7290019056539,false,פרוט ווטר אפרסק 1.5 ליטר פיקדון,"יפאורה תבורי בע""מ",IL,פרוט ווטר אפרסק 1.5,ליטרים,1.50,ליטר,false,,8.90,5.9333,false,1,164426
7290019056546,false,פרוט ווטר אבטיח 1.5 ליטר פיקדון,"יפאורה תבורי בע""מ",IL,פרוט ווטר אבטיח 1.5,ליטרים,1.50,ליטר,false,,8.90,5.9333,false,1,164427
7290019056553,false,עין גדי מים מינרלים 2 ליטר*6 יח',עין גדי מים מינרליים,IL,עין גדי 2 ל' שישיות,ליטרים,12.00,ליטר,false,,13.80,1.1500,false,1,165006
7290019056560,false,עין גדי 2 ליטר בק' בודד פיקדון,יפאורה תבורי,IL,עין גדי 2 ל' בק' בוד,ליטרים,2.00,ליטר,false,,3.80,1.9000,false,1,164492
7290019056577,false,ספרינג מנגו 1.5 ליטר פיקדון,"יפאורה תבורי בע""מ",IL,ספרינג מנגו 1.5 ל',ליטרים,1.50,ליטר,false,,8.90,5.9333,false,1,164408
7290019056584,false,ספרינג תפוזים 1.5 ליטר פיקדון,"יפאורה תבורי בע""מ",IL,ספרינג תפוזים 1.5 ל',ליטרים,1.50,ליטר,false,,8.90,5.9333,false,1,164409
7290019056591,false,ספרינג ענבים 1.5 ליטר פיקדון,"יפאורה תבורי בע""מ",IL,ספרינג ענבים 1.5 ל',ליטרים,1.50,ליטר,false,,8.90,5.9333,false,1,164410
7290019056607,false,ספרינג תפוחים 1.5 ליטר פיקדון,"יפאורה תבורי בע""מ",IL,ספרינג תפוחים 1.5 ל',ליטרים,1.50,ליטר,false,,8.90,5.9333,false,1,164411
7290019056614,false,ספרינג אפרסק 1.5 ליטר פיקדון,"יפאורה תבורי בע""מ",IL,ספרינג אפרסק 1.5 ל',ליטרים,1.50,ליטר,false,,8.90,5.9333,false,1,164412
7290019056621,false,ספרינג פירות טרופיים 1.5 ליטר פיקדון,"יפאורה תבורי בע""מ",IL,ספרינג פירות טרופיים,ליטרים,1.50,ליטר,false,,8.90,5.9333,false,1,164413
7290019056638,false,ספרינג תות בננה 1.5 ליטר פיקדון,"יפאורה תבורי בע""מ",IL,ספרינג תות בננה 1.5,ליטרים,1.50,ליטר,false,,8.90,5.9333,false,1,164414
7290019056645,false,ספרחנג אגס תפוח סברס 1.5 ליטר פיקדון,"יפאורה תבורי בע""מ",IL,ספרינג אגס תפוח סברס,ליטרים,1.50,ליטר,false,,8.90,5.9333,false,1,164415
7290019056652,false,ספרינג אננס בננה 1.5 ליטר פיקדון,"יפאורה תבורי בע""מ",IL,ספרינג אננס בננה 1.5,ליטרים,1.50,ליטר,false,,8.90,5.9333,false,1,164416
7290019056669,false,ספרינג תפוחים גיאט 1.5 ליטר פיקדון,"יפאורה תבורי בע""מ",IL,ספרינג תפוחים דיאט 1,ליטרים,1.50,ליטר,false,,8.90,5.9333,false,1,164417
7290019056676,false,מיץ דיאט בטעם אשכוליות ואננס 1.5ל' ספרינג,"יפאורה תבורי בע""מ",IL,ספרינג אשכוליות אננס,ליטרים,1.50,ליטר,false,,8.90,5.9333,false,1,164418
7290019056959,false,מי עדן 1.5 ל' בק' בודד,מופק ממקור בזלתי עדן,IL,מי עדן 1.5 ל' בק' בו,ליטרים,1.50,ליטר,false,,4.30,2.8667,false,1,164491
7290019056973,false,שישיית מי עדן 1.5 ליטר משפחתי,מופק ממקור בזלתי עדן,IL,מי עדן 1.5 ל' שישייה,ליטרים,9.00,ליטר,false,,13.90,1.5444,false,1,164490
7290019068006,false,המבורגר אנגוס 880 גר,קצביית פרימיום,IL,המבורגר אנגוס 880 גר,גרמים,880.00,100 גרם,false,,69.90,0.0794,true,1,123555
7290019068013,false,קבב רומני ביתי 12 יח,קצביית פרימיום,IL,קבב רומני ביתי 12 יח,גרמים,840.00,100 גרם,false,,65.90,0.0785,true,1,123556
7290019068037,false,המבוגר אנגוס 100קפוא,קצביית פרימיום,IL,המבורגר אנגוס 600 גר,גרמים,600.00,100 גרם,false,,48.90,0.0815,true,1,123558
7290019068044,false,קציצות עירקיות 800 ג,,,קציצות עירקיות 800 ג,גרמים,800.00,100 גרם,false,,62.90,0.0786,true,1,123559
7290019068051,false,נקניקיות מרגז חריפות,,IL,נקניקיות מרגז חריפות,גרמים,780.00,100 גרם,false,,61.90,0.0794,true,1,123560
7290019068068,false,קבבון סלוניקי קפוא 5,,IL,קבבון סלוניקי 570 גר,גרמים,570.00,100 גרם,false,,44.90,0.0788,true,1,123561
7290019068082,false,קבב קינמון 600 גרם ק,,IL,קבב קינמון 600 גר',גרמים,600.00,100 גרם,false,,71.90,0.1198,true,1,123563
7290019068099,false,קציצות עגל טלה 800 ג,,IL,קציצות עגל טלה 800 ג,גרמים,800.00,100 גרם,false,,62.90,0.0786,true,1,123564
7290019068105,false,צוריסוס עגל 900 גרם,,IL,צ'וריסיס עגל 900 גר',גרמים,900.00,100 גרם,false,,75.90,0.0843,true,1,123565
7290019068112,false,קציצות עגל טלה 800 ג,,IL,קציצות עגל 800 גר',גרמים,800.00,100 גרם,false,,62.90,0.0786,true,1,123566
7290019068129,false,קבב עגל טלה 650 גרם,,IL,קבב עגל טלה 650 גר',גרמים,650.00,100 גרם,false,,51.90,0.0798,true,1,123567
7290019074755,false,"תחליב רחצה שמן שקדים משאבה 700 מ""ל ד""ר פישר",פישר מעבדות פרמצבטיו,IL,אפקטיב קר תחליב רחצה,מיליליטרים,700.00,"100 מ""ל",false,,16.90,0.0241,true,1,167059
7290019074885,false,"ד""ר פישר - קמיל בלו אקסטרה סופט קרם גוף לתינוק 500 מ""ל",פישר תעשיות,IL,קמיל בלו אקסטרה סופט,מיליליטרים,500.00,"100 מ""ל",false,,29.90,0.0598,true,1,168113
7290019074953,false,אפקטיב קר ת. רחצה מועשר בשמן אלוור 450 מ,"ד""ר פישר",IL,אפקטיב קר תחליב רחצה,מיליליטרים,450.00,"100 מ""ל",false,,14.90,0.0331,true,1,167525
7290019075103,false,קמיל בלו אקסטרה סופט שמפו לתינוק 1 ליטר,פישר תעשיות,IL,קמיל בלו אקסטרה סופט,ליטרים,1.00,ליטר,false,,32.90,32.9000,true,1,168114
7290019075295,false,"ד""ר פישר - אפקטיב קר תחליב רחצה עדין לידיים מועשר בש""ש 350 מ""ל","ד""ר פישר",,אפקטיב קר תחליב רחצה,מיליליטרים,350.00,"100 מ""ל",false,,11.90,0.0340,true,1,168881
7290019075479,false,"ד""ר פישר - קמיל בלו קלאסיק שמפו לתינוק 1 ליטר",פישר תעשיות,IL,קמיל בלו קלאסיק שמפו,ליטרים,1.00,ליטר,false,,29.90,29.9000,true,1,168563
7290019075493,false,אפקטיב קר תחליב רחצה,"ד""ר פישר",,אפקטיב קר תחליב רחצה,מיליליטרים,350.00,"100 מ""ל",false,,11.90,0.0340,true,1,168882
7290019075691,false,"ד""ר פישר - אפקטיב קר תחליב רחצה עדין לידיים מועשר בלבנדר 350 מ""ל","ד""ר פישר",,אפקטיב קר תחליב רחצה,מיליליטרים,350.00,"100 מ""ל",false,,11.90,0.0340,true,1,168883
7290019137092,false,"סירופ מייפל קנדי אורגני 250 מ""ל",NOVOFRUCHT SK S.R.O,CA,סירופ מייפל קנדי אור,מיליליטרים,250.00,"100 מ""ל",false,,21.90,0.0876,true,1,167035
7290019153078,false,"שוופס ביטר למון לייט, 1.5 ליטר פקדון",יפאורה תבורי,IL,שוופס ביטר למון לייט,ליטרים,1.50,ליטר,false,,12.50,8.3333,false,1,165687
7290019153085,false,שוופס מוגז ליים מוחיטו ללא סוכר 1.5 ליטר-,יפאורה תבורי,IL,שוופס מוחיטו ללא סוכ,ליטרים,1.50,ליטר,false,,8.90,5.9333,false,1,165590
7290019153313,false,"משקהתפוח חמוציות אוכמניות 350 מ""ל פרות & ווג",יפאורה תבורי בעמ,IL,FRUITַ&VEG תפוח חמוצ,מיליליטרים,350.00,"100 מ""ל",false,,6.90,0.0197,true,1,167176
7290019153344,false,מיץ בטעם סנגרייה 1.5 ל' תפוזינה,"יפאורה תבורי בע""מ",IL,תפוזינה סנגרייה 1.5,ליטרים,1.50,ליטר,false,,8.90,5.9333,false,1,166917
7290019153351,false,מיץ בטעם פינק אוזו 1.5 ל' תפוזינה,"יפאורה תבורי בע""מ",IL,תפוזינה פינק אוזו 1.,ליטרים,1.50,ליטר,false,,8.90,5.9333,false,1,166918
7290019153375,false,מיץ בטעם מוחיטו 1.5 ל' תפוזינה,"יפאורה תבורי בע""מ",IL,תפוזינה מוחיטו 1.5 ל,ליטרים,1.50,ליטר,false,,8.90,5.9333,false,1,166919
7290019153535,false,"רביעייה שוופס מוגז פירות למונייד ללא סוכר 330 ש""ח",יפאורה תבורי,IL,שוופס מוגז פירות למו,מיליליטרים,1320.00,"100 מ""ל",false,,12.50,0.0095,true,1,167603
7290019153566,false,ספרינג רימון אוכמניות דובדבן 1.5 ליטר,יפאורה תבורי,IL,ספרינג רימון אוכמניו,ליטרים,1.50,ליטר,false,,8.90,5.9333,false,1,168071
7290019167020,false,עוגת גבינה עם פירות יער לייט 80 ג' קינוחי עדן,תנובה,IL,קינוח עוגת גבינה עם,גרמים,82.00,100 גרם,false,,6.60,0.0805,true,1,168611
7290019167037,false,קינוח עדן תותים בקצפת 82 גרם,תנובה,IL,תותים בקצפת עדן קינו,גרמים,82.00,100 גרם,false,,6.60,0.0805,true,1,168612
7290019167044,false,קצפת עם קרם בייגלה מתוק מלוח 82 ג' עדן,תנובה,IL,קצפת עם קרם בייגלה מ,גרמים,82.00,100 גרם,false,,6.60,0.0805,true,1,168613
7290019204008,false,עוף טוב פסטרמה ארבעה פלפלים 350גרם,עיצובים 2020 (4.9),IL,עוף טוב פסטרמה ארבעה,גרמים,350.00,100 גרם,false,,24.90,0.0711,true,1,167409
7290019204206,false,עוף טוב פסטרמה בסגנון רומני 320גרם,עיצובים 2020 (4.9),IL,עוף טוב פסטרמה בסגנו,גרמים,320.00,100 גרם,false,,24.90,0.0778,true,1,167411
7290019232155,false,"חליטת ""לילה טוב"" קמומיל לבנדר ו25 שקיקים ויסוצקי",תה ויסוצקי,IL,חליטת לילה טוב קמומי,גרמים,37.50,100 גרם,false,,24.90,0.6640,true,1,168692
7290019232162,false,"חליטת ""לילה טוב"" קמומיל מליסה 25 שקיקים ויסוצקי",תה ויסוצקי,IL,חליטת לילה טוב קמומי,גרמים,37.50,100 גרם,false,,24.90,0.6640,true,1,168696
7290019232186,false,תה ירוק לימונית לואיזהSTAY WELL 25 שקיקים ויסוצקי,תה ויסוצקי,IL,תה ירוק לימונית ולוא,גרמים,37.50,100 גרם,false,,24.90,0.6640,true,1,168694
7290019232193,false,תה ירוק לימונית ג'ינג'ר STAY WELL שקיקים 25 ויסוצקי,תה ויסוצקי,IL,תה ירוק לימונית וג'י,גרמים,37.50,100 גרם,false,,24.90,0.6640,true,1,168695
7290019232353,false,תה ירוק סיני 50 שקיקים ויסוצקי,תה ויסוצקי,IL,תה ירוק סיני 50 שקיק,גרמים,75.00,100 גרם,false,,45.90,0.6120,false,1,168242
7290019232827,false,הולגריין ביסקוויט במילוי אגוזי לוז 300 גרם רבנות,פלאדיס,TR,הולגריין ביסקוויט במ,גרמים,300.00,100 גרם,false,,10.90,0.0363,true,1,168491
7290019232834,false,בייגלה מצופה קרם עוגיות ושוקולד 140 גרם פליפז - רבנות,אולקר מקבוצת פלאדיס,TR,FLIPZ בייגלה מצופה ק,גרמים,140.00,100 גרם,false,,8.90,0.0636,true,1,166991
7290019233008,false,רוטב עגבניות עם קוביות ארטישוק ושמן זית 420ג ויסוצקי,דליציה דורה אס.אר.אל,IT,רוטב שקשוקה ארטישוק,גרמים,420.00,100 גרם,false,,13.90,0.0331,true,1,167150
7290019233015,false,רוטב שקשוקה תבשיל ירקות עם שמן זית כתית מעולה 420ג זיתא,זיתא,IT,רוטב שקשוקה ירוקה זי,גרמים,420.00,100 גרם,false,,13.90,0.0331,true,1,167151
7290019233022,false,שקשוקה חצילים- רוטב עגבניות עם קוביות חצילים צלויים,דליציה דורה אס.אר.אל,IT,רוטב שקשוקה חצילים ז,גרמים,420.00,100 גרם,false,,13.90,0.0331,true,1,167152
7290019233039,false,שקשוקה קלאסית- רוטב עגבניות עם קוביות פלפלים צלויים,דליציה דורה אס.אר.אל,IT,רוטב שקשוקה קלאסית ז,מיליליטרים,420.00,"100 מ""ל",false,,13.90,0.0331,true,1,167153
7290019297161,false,טורטיות ראפ מקמח תירס 540 ג' 12 יח',מוטלוקל,TR,טורטיות ראפ מקמח תיר,גרמים,540.00,100 גרם,false,,9.90,0.0183,true,1,102680
7290019297550,false,בוטנים מטוגנים בקופסא 185 גרם,קריניציה ויטמינה אס,IL,בוטנים מטוגנים בקופס,גרמים,185.00,100 גרם,false,,10.90,0.0589,true,1,96243
7290019369080,false,"יין לה וי רוז דו קסטל 2021 750 מ""ל",יקב קסטל,,יין לה וי רוז' 2021,מיליליטרים,750.00,"100 מ""ל",false,,75.00,0.1000,true,1,168847
7290019462095,false,סלרי חתוך 150גרם מרינה,מרינה,,סלרי חתוך מרינה,יחידה,0.00,יחידה,false,,11.90,0.0000,true,1,168835
7290055090801,false,שוקולד לבן ללא סוכר כרמית 85ג',כרמית תעשיות ממתקים,IL,כרמית שוקולד לבן ללא,גרמים,85.00,100 גרם,false,,5.90,0.0694,true,1,59567
7290100240137,false,"תרסיס למייבש כביסה כחול 500 מ""ל בדין","זוהר דליה, קיבוץ דלי",IL,תרסיס בדין למייבש כח,מיליליטרים,500.00,"100 מ""ל",false,,19.50,0.0390,true,1,31305
7290100240144,false,"תרסיס למייבש כביסה ורוד 500 מ""ל בדין","זוהר דליה, קיבוץ דלי",IL,תרסיס בדין למייבש,מיליליטרים,500.00,"100 מ""ל",false,,19.50,0.0390,true,1,31306
7290100240632,false,קרקר פתית 200-300ג' 6 דגנים 250 גרם,יוניליוור ישראל מזון,IL,פתית שישה דגנים 250,גרמים,250.00,100 גרם,false,,18.50,0.0740,true,1,34692
7290100240656,false,פתית חיטה מלאה בדצ 250 גרם,יוניליוור ישראל מזון,IL,פתית שיפון 300ג' בדץ,גרמים,300.00,100 גרם,false,,18.50,0.0617,true,1,34584
7290100243084,false,מיונז אמיתי הלמנס 789 ג',קונפקו אינק אי.די.בי,IL,מיונז אמיתי הלמנס 78,גרמים,789.00,100 גרם,false,,26.50,0.0336,false,1,39974
7290100243671,false,מרכך כביסה מרכך כביסה בדין אקסטרה 1 ל',יוניליוור סנאיי וי ט,TR,בדין אקסטרא כחול 960,מיליליטרים,960.00,"100 מ""ל",false,,14.90,0.0155,false,1,38407
7290100245231,false,נמס בכוס מרק בטעם עוף עם אטריות ושקדי מרק-2 שקיות,יוניליוור ישראל מזון,IL,נמס בכוס ועוד טעם עו,גרמים,50.00,100 גרם,false,,7.00,0.1400,true,1,41213
7290100249598,false,"רוטב לבישול שום ודבש קנור 320ג' בד""צ",יוניליוור ישראל מזון,IL,רוטב שום ודבש קנור 3,גרמים,310.00,100 גרם,false,,14.90,0.0481,true,1,46416
7290100249659,false,"רוטב לבישול קנור צ'ילי שום בד""צ",יוניליוור ישראל מזון,IL,רוטב לעוף צ'ילי שום,גרמים,310.00,100 גרם,false,,14.90,0.0481,true,1,46445
7290100653463,false,"פלמוליב - ארומה ג'ל רחצה מסאז' 500 מ""ל",קולגייט פלמוליב,IT,פלמוליב ספא מסג',מיליליטרים,500.00,"100 מ""ל",false,,14.90,0.0298,true,1,8420
7290100653586,false,ליידי ספיד סטיק 24/7 גל פרש פיוזן ורוד,ליידי ספיד סטיק Lady Speed Stick,US,ליידי ספיד סטיק 24/7,גרמים,50.00,100 גרם,false,,19.90,0.3980,true,1,8422
7290100658338,false,נוזל כלים אוקסי פלוס עם נוסחת החמצן הפעיל,הנסיך- מפעל לייצור ט,GR,פלמוליב אוקסי,מיליליטרים,750.00,"100 מ""ל",false,,9.90,0.0132,false,1,8429
7290100659090,false,פרי ח.תמרים וקינמון לא סוכר מארז חמישייה,טבעית מוצרים מן הטבע,IL,חטיף דגנים תמרים וקי,גרמים,100.00,100 גרם,false,,16.50,0.1650,true,1,21454
7290100680711,false,פירורית זהב אסם זהב 350ג',עינת תעשיות מזון אגו,IL,פירורית זהב 350גר',גרמים,350.00,100 גרם,false,,8.90,0.0254,false,1,21519
7290100680728,false,פירורית רגילה שקית 350 גרם,מיוצר עי קונדיטוריית,IL,פירורית 350גר',גרמים,350.00,100 גרם,false,,7.20,0.0206,true,1,21520
7290100681015,false,פודינג אינסטנט בטעם ריבת חלב 80 גר,מיוצר עי קונדיטוריית,IL,אינסטנט פודינג ריבת,גרמים,84.00,100 גרם,false,,5.90,0.0702,false,1,6899
7290100681138,false,מארז אפרופו חטיף תירס 3 יחידות,"אסם תעשיות בע""מ",IL,מארז אפרופו שלישיה,גרמים,150.00,100 גרם,false,,12.50,0.0833,false,1,25127
7290100681503,false,עסיס סירופ לימונענע דיאטטי 1 ליטר,בית-השיטה עסיס תעשיו,IL,עסיס סירופ לימונענע,ליטרים,1.00,ליטר,false,,17.90,17.9000,false,1,6912
7290100684139,false,פסטה אסם מיני מקרוני 500 גרם,פסטה זארה,IT,מיני מקרוני אסם,גרמים,500.00,100 גרם,false,,5.90,0.0118,false,1,21526
7290100684764,false,במבה יום הולדת על סרט אסם 25 ג',"אסם תעשיות בע""מ",IL,במבה יום הולדת 25 גר,גרמים,25.00,100 גרם,false,,2.40,0.0960,true,1,42804
7290100685136,false,"מרק טעם עוף 1 ק""ג בשקית","אסם תעשיות בע""מ",IL,אבקת מרק טעם עוף 1קג,קילוגרמים,1.00,"ק""ג",false,,12.90,12.9000,false,1,29640
7290100685242,false,במבה מתוקה תות אדום סרט 30ג',"אסם תעשיות בע""מ",IL,במבה מתוקה מחומרים ט,גרמים,30.00,100 גרם,false,,2.70,0.0900,true,1,39635
7290100685334,false,מרק עוף אמיתי מרכיבים טבעיים 400 גרם,"אסם תעשיות בע""מ",IL,אבקת מרק עוף רכיבים,גרמים,400.00,100 גרם,false,,19.90,0.0497,false,1,28756
7290100685341,false,מרק תיבול טעם עוף זך רכיבים טיבעיים 400,"אסם תעשיות בע""מ",IL,אבקת מרק טעם עוף זך,גרמים,400.00,100 גרם,false,,16.90,0.0422,false,1,25193
7290100685600,false,פירורית זהב אסם זהב חיטה מלאה 200ג',עינת תעשיות מזון אגו,IL,פירורית זהב חיטה מלא,גרמים,200.00,100 גרם,false,,7.00,0.0350,true,1,25653
7290100686164,false,מארז מולטיפק ביסלי ברביקיו 6 יח 35 גר יח,מיוצר עי קונדיטוריית,IL,מארז ביסלי ברביקיו,גרמים,210.00,100 גרם,false,,14.90,0.0710,false,1,25773
7290100686171,false,מארז מולטיפק ביסלי גריל 6 יח 35 גר ליח,"אסם תעשיות בע""מ",IL,מארז ביסלי גריל,גרמים,210.00,100 גרם,false,,14.90,0.0710,false,1,24918
7290100687109,false,במבה במילוי קרם נוגט 60ג' אסם,"אסם תעשיות בע""מ",IL,במבה במילוי קרם נוגט,גרמים,60.00,100 גרם,false,,5.30,0.0883,true,1,33434
7290100689301,false,אבקת מרק עוף זך עדיף אסם 400 גר',"אסם השקעות בע""מ",IL,אבקת מרק טעם עוף זך-,גרמים,400.00,100 גרם,false,,13.90,0.0348,false,1,31514
7290100700020,false,סוגת גריסי פנינה 500גרם,האי נאם סי או אל.טי.,IL,גריסי פנינה,גרמים,200.00,100 גרם,false,,4.90,0.0245,true,1,29684
7290100700068,false,סוגת שעועית צבעונית 500גרם,"סוגת תעשיות בע""מ",IL,שעועית צבעונית,גרמים,500.00,100 גרם,false,,7.90,0.0158,true,1,32229
7290100700075,false,פירורי לחם מוזהבים 200 ג' סוגת,"סוגת תעשיות בע""מ",IL,פרורי לחם מוזהבים 20,גרמים,200.00,100 גרם,false,,4.00,0.0200,false,1,48631
7290100700242,false,"אורז מלא עגול סוגת 1 ק""ג","סוגת תעשיות בע""מ",IL,אורז מלא עגול 1 קג,יחידה,1.00,יחידה,false,,12.90,12.9000,true,1,29690
7290100700266,false,פירורי לחם לבן סוגת 200ג',"סוגת תעשיות בע""מ",IL,פירורי לחם לבנים סוג,גרמים,200.00,100 גרם,false,,4.00,0.0200,false,1,51265
7290100700273,false,קינואה לבנה 500 ג סו,האי נאם סי או אל.טי.,IL,קינואה 500 גר סוגת,גרמים,500.00,100 גרם,false,,12.90,0.0258,true,1,29691
7290100700372,false,"סוגת אורז בסמטי מלא 1 ק""ג",האי נאם סי או אל.טי.,IL,אורז בסמטי מלא 1קג',קילוגרמים,1.00,"ק""ג",false,,13.90,13.9000,false,1,29551
7290100700389,false,"סוגת אורז אדום 1 ק""ג",סוגת תעשיות בעמ,IL,אורז אדום סוגת,קילוגרמים,1.00,"ק""ג",false,,13.90,13.9000,true,1,29036
7290100700396,false,"סוגת אורז יסמין קלאסי 1 ק""ג",האי נאם סי או אל.טי.,IL,אורז יסמין קלאסי 1קג,יחידה,1.00,יחידה,false,,11.90,11.9000,false,1,30182
7290100700563,false,אורז מיקס קלאסי 1 קג,סוגת תעשיות בעמ,IL,אורז מיקס קלאסי,יחידה,1.00,יחידה,false,,10.90,10.9000,true,1,32715
7290100700587,false,"בורגול ""סוגת"" 500 גרם",האי נאם סי או אל.טי.,IL,בורגול סוגת 500גר,גרמים,500.00,100 גרם,false,,4.90,0.0098,false,1,43626
7290100701126,false,שעועית מש 500גר סוגת,סוגת תעשיות בעמ,IL,שעועית מש 500גר סוגת,יחידה,500.00,יחידה,false,,10.90,0.0218,true,1,45224
7290100701140,false,אורז ריזוטו ארבוריו 1 קג,"סוגת תעשיות בע""מ",IL,אורז ריזוטו ארבוריו,יחידה,1.00,יחידה,false,,13.90,13.9000,true,1,42259
7290100701157,false,"אורז לסושי סוגת 1 ק""ג",סוגת תעשיות בעמ,IL,אורז סושי 1קג סוגת,יחידה,1.00,יחידה,false,,12.90,12.9000,true,1,42260
7290100701300,false,סוגת קינואה אדומה 500גרם,סוגת,,קינואה אדומה סוגת,גרמים,500.00,100 גרם,false,,12.90,0.0258,true,1,97396
7290100701331,false,קמח רב תכליתי שטיבל קמח חיטה לבן בהיר,"שטיבל בע""מ - טחנות ק",IL,"קמח רב תכליתי 1 ק""ג",קילוגרמים,1.00,"ק""ג",false,,6.90,6.9000,false,1,50692
7290100701348,false,"קמח שיפון מלא 1 ק""ג סוגת",שטיבל טחנות קמח,IL,"קמח שיפון מלא 1 ק""ג",קילוגרמים,1.00,"ק""ג",false,,6.90,6.9000,false,1,50685
7290100701386,false,"קמח לחלה סוגת 1 ק""ג",שטיבל טחנות קמח,IL,"קמח לחלה 1 ק""ג סוגת",קילוגרמים,1.00,"ק""ג",false,,6.90,6.9000,false,1,50687
7290100701409,false,קמח תירס סוגת 500 גר,מולינו פילה ספא,IL,קמח תירס 500 גר סוגת,גרמים,500.00,100 גרם,false,,6.20,0.0124,false,1,64086
7290100701454,false,סוגת גרישה 500 גרם,"סוגת תעשיות בע""מ",IL,גרישה 500גר סוגת,גרמים,500.00,100 גרם,false,,4.90,0.0098,false,1,45422
7290100701577,false,קמח לחם קמח חיטה לבן שטיבל,שטיבל טחנות קמח,IL,"קמח לחם 1 ק""ג סוגת",קילוגרמים,1.00,"ק""ג",false,,6.90,6.9000,false,1,50688
7290100701874,false,"קמח כוסמין 1 ק""ג סוגת",טחנות קמח שטיבל באר,IL,קמח כוסמין 1 קג - סו,קילוגרמים,1.00,"ק""ג",false,,15.90,15.9000,false,1,60309
7290100701881,false,קמח פיצה ופוקצ'ה- קמח חיטה לבן בהיר שטיבל,"שטיבל בע""מ - טחנת קמ",IL,קמח פיצה ופוקצ'ה סוג,קילוגרמים,1.00,"ק""ג",false,,6.90,6.9000,false,1,50691
7290100702246,false,שמרים יבשים בואקום 500 ג' סוגת,אייבי מאורי,IT,שמרים יבשים בואקום 5,גרמים,500.00,100 גרם,false,,10.00,0.0200,true,1,99062
7290100702260,false,קוסקוס דק סוגת 350 גר',"אסיף תעשיות מזון בע""",IL,קוסקוס דק סוגת,גרמים,350.00,100 גרם,false,,4.90,0.0140,false,1,56522
7290100702277,false,קוסקוס עבה סוגת 350 גר',"אסיף תעשיות מזון בע""",IL,קוסקוס עבה סוגת,גרמים,350.00,100 גרם,false,,4.90,0.0140,false,1,56523
7290100702284,false,קוסקוס מלא סוגת 350 גרם,"אסיף תעשיות מזון בע""",IL,קוסקוס מלא סוגת,גרמים,350.00,100 גרם,false,,4.90,0.0140,false,1,56524
7290100702314,false,שעועית שחורה 500 גרם סוגת,סוגת תעשיות בעמ,IL,שעועית שחורה 500 גר,גרמים,500.00,100 גרם,false,,7.90,0.0158,true,1,57811
7290100702383,false,קמח תופח מס' 13 סוגת,שטיבל טחנות קמח,IL,קמח תופח מס' 13 סוגת,קילוגרמים,1.00,"ק""ג",false,,6.90,6.9000,false,1,57261
7290100702611,false,פתיתים אפויים אורז 500 גרם סוגת,"אסיף תעשיות מזון בע""",IL,פתיתים אפויים אורז -,גרמים,500.00,100 גרם,false,,5.90,0.0118,false,1,60201
7290100702628,false,פתיתים אפויים קוסקוס 500 גרם סוגת,"אסיף תעשיות מזון בע""",IL,פתיתים אפויים קוסקוס,גרמים,500.00,100 גרם,false,,5.90,0.0118,false,1,60202
7290100702635,false,פתיתים אפויים כוכבים סוגת 500 ג',"אסיף תעשיות מזון בע""",IL,פתיתים אפויים כוכבים,גרמים,500.00,100 גרם,false,,5.90,0.0118,false,1,60203
7290100702642,false,פתיתים אפויים טבעת 500 ג' סוגת,"אסיף תעשיות מזון בע""",IL,פתיתים אפויים טבעות,גרמים,500.00,100 גרם,false,,5.90,0.0118,false,1,60204
7290100702666,false,פתיתים אפויים עם בצל 400 ג' סוגת,"אסיף תעשיות מזון בע""",IL,פתיתים אפויים עם בצל,גרמים,500.00,100 גרם,false,,5.90,0.0118,false,1,60206
7290100702673,false,פתיתים אפויים 3 צבעים 400 גר גרם סוגת,"אסיף תעשיות מזון בע""",IL,פתיתים אפויים 3 צבעי,גרמים,500.00,100 גרם,false,,5.90,0.0118,false,1,60207
7290100702741,false,"סוכר חום בהיר בצנצנת 1 ק""ג סוגת",סוגת תעשיות בעמ,IL,סוכר חום בהיר צנצנת,קילוגרמים,1.00,"ק""ג",false,,11.90,11.9000,true,1,64746
7290100702987,false,פתיתי שיבולת שועל דק סוגת 500ג',סוגת תעשיות,,שיבולת שועל 500 גר,גרמים,500.00,100 גרם,false,,4.90,0.0098,true,1,94127
7290100702994,false,סוגת סוכר דמררה קלאסי בשקית 500 גרם,"סוגת תעשיות בע""מ",IL,סוכר דמררה 500 גר,גרמים,500.00,100 גרם,false,,5.90,0.0118,true,1,92310
7290100703007,false,עדשים שחורות בלוגה סוגת 500 גר',האי נאם סי או אל.טי.,IL,עדשים שחורים בלוגה 5,גרמים,500.00,100 גרם,false,,7.90,0.0158,true,1,92064
7290100703434,false,בורגול חום סוגת 500 ג',"סוגת תעשיות בע""מ",IL,בורגול חום סוגת,גרמים,500.00,100 גרם,false,,4.90,0.0098,false,1,96413
7290100703458,false,כוסמת לא קלוי 500 ג' סוגת,סוגת תעשיות בעמ,IL,כוסמת לא קלוי,גרמים,500.00,100 גרם,false,,7.90,0.0158,true,1,98460
7290100703564,false,פתיתי שיבולת שועל עבה סוגת 500 ג',,,שיבולת שועל עבה 500,גרמים,500.00,100 גרם,false,,4.90,0.0098,true,1,98325
7290100703625,false,קמח חיטה לבן ללא צורך בניפוי,"שטיבל בע""מ",IL,קמח לבן ללא ניפוי סו,קילוגרמים,1.00,"ק""ג",false,,7.90,7.9000,true,1,100544
7290100703632,false,קמח חיטה מלא ללא צורך בניפוי,"שטיבל בע""מ",IL,קמח מלא ללא ניפוי,קילוגרמים,1.00,"ק""ג",false,,7.90,7.9000,true,1,100545
7290100703649,false,"קמח מלא 80% חיטה ללא ניפוי סוגת 1ק""ג","שטיבל בע""מ",IL,קמח מלא חיטה 80% ללא,קילוגרמים,1.00,"ק""ג",false,,7.90,7.9000,true,1,100546
7290100703670,false,"קמח כוסמין ללא ניפוי 1 ק""ג סוגת","שטיבל בע""מ",IL,קמח כוסמין מלא ללא נ,קילוגרמים,1.00,"ק""ג",false,,15.90,15.9000,true,1,100548
7290100703687,false,"קמח חלה ללא ניפוי 1 ק""ג סוגת","שטיבל בע""מ",IL,קמח חלה ללא ניפוי 1,קילוגרמים,1.00,"ק""ג",false,,7.90,7.9000,true,1,100582
7290100703854,false,קוביות סוכר לבן דמררה 500 ג' סוגת,טרופיקל,,קוביות סוכר דמררה 50,גרמים,500.00,100 גרם,false,,9.90,0.0198,true,1,103644
7290100703861,false,"תערובת קמח קסם לחלה סוגת 1 ק""ג","שטיבל בע""מ",IL,קמח קסם לחלה - סוגת,קילוגרמים,1.00,"ק""ג",false,,8.50,8.5000,true,1,102381
7290100703908,false,"סוכר דמררה סוגת 1 ק""ג",סוגת תעשיות בעמ,IL,סוכר דמררה 1 קג,קילוגרמים,1.00,"ק""ג",false,,11.90,11.9000,true,1,102152
7290100703915,false,פופקורן להכנה במיקרוגל בטעם חמאה - מארז 6 שקיות,סוגת,IL,מארז פופקורן למיקרוג,גרמים,540.00,100 גרם,false,,10.90,0.0202,true,1,105332
7290100703922,false,פופקורן להכנה במיקרוגל בטעם טבעי - מארז 6 שקיות,סוגת,IL,מארז פופקורן למיקרוג,גרמים,540.00,100 גרם,false,,10.90,0.0202,true,1,105333
7290100703953,false,קוקוס לבן סוגת 500 ג,סוגת תעשיות בעמ,,קוקוס 500 גר סוגת,גרמים,500.00,100 גרם,false,,10.90,0.0218,true,1,103760
7290100703960,false,שומשום סוגת 500 גרם,סוגת תעשיות בעמ,,שומשום 500 גר סוגת,גרמים,500.00,100 גרם,false,,10.90,0.0218,true,1,103761
7290100704066,false,עדשים צהובות 500 ג' סוגת,האי נאם סי או אל.טי.,IL,עדשים צהובות 500 גר,גרמים,500.00,100 גרם,false,,7.90,0.0158,true,1,106365
7290100704141,false,סודה לשתייה 100 ג' סוגת,א.ל. ייצור ושיווק תב,IL,סודה לשתיה 100 גר סו,גרמים,100.00,100 גרם,false,,2.50,0.0250,true,1,108932
7290100704493,false,"קמח שמרים פיצה ללא ניפוי סוגת 1 ק""ג","שטיבל בע""מ - טחנת קמ",IL,קמח שמרים פיצה 1 קג,קילוגרמים,1.00,"ק""ג",false,,8.50,8.5000,true,1,119872
7290100704516,false,חומוס מיני סוגת 500ג',"שטיבל בע""מ",IL,חומוס מיני 500 גר,גרמים,500.00,100 גרם,false,,6.50,0.0130,true,1,121088
7290100704530,false,סוגת קמח כוסמין לבן ללא צורך בניפוי 1 קג,טחנות קמח שטיבל באר,IL,קמח כוסמין לבן ללא נ,קילוגרמים,1.00,"ק""ג",false,,16.90,16.9000,true,1,121390
7290100704578,false,קמח כוסמין לבן סוגת,טחנת קמח דגן-שטיבל,IL,קמח כוסמין לבן 1 קג,קילוגרמים,1.00,"ק""ג",false,,14.90,14.9000,true,1,121391
7290100704608,false,שעועית לבנה עדינה סוגת 500 גר',"שטיבל בע""מ",IL,שעועית לבנה עדינה 50,גרמים,500.00,100 גרם,false,,7.50,0.0150,true,1,121089
7290100704615,false,סוכר לבן דק דק בצנצנת 500 גרם,סוגת תעשיות בעמ,IL,סוכר לבן דק דק צנצנת,גרמים,500.00,100 גרם,false,,7.90,0.0158,false,1,124000
7290100704622,false,סוכר דמררה דק דק בצנצנת 500 גרם,סוגת תעשיות בעמ,IL,סוכר דמררה דק דק בצנ,גרמים,500.00,100 גרם,false,,7.90,0.0158,false,1,123999
7290100704660,false,קינואה מיקס 500 גרם סוגת,"סוגת תעשיות בע""מ",IL,קינואה מיקס 500 גר,גרמים,500.00,100 גרם,false,,12.90,0.0258,true,1,121813
7290100704684,false,"קמח שמרים כוסמין סוגת רב תכליתי 1 ק""ג סוגת",סוגת,IL,קמח שמרים כוסמין רב,קילוגרמים,1.00,"ק""ג",false,,19.90,19.9000,true,1,165968
7290100858592,false,אבקת קקאו עלית שקית 150 ג',הנסיך- מפעל לייצור ט,IL,קקאו עלית 150 גר,גרמים,150.00,100 גרם,false,,10.50,0.0700,true,1,27954
7290100858608,false,אבקת קקאו עלית שקית 500 ג',שטראוס גרופ,IL,קקאו עלית 500 גר,גרמים,500.00,100 גרם,false,,26.90,0.0538,true,1,27958
7290100921418,false,"הוואי - מרכך קרטין מחזק 700 מ""ל",תאי פרזידנט פוד פאבל,IL,הוואי מרכך שיער קרטי,מיליליטרים,700.00,"100 מ""ל",false,,8.90,0.0127,false,1,65132
7290100921760,false,שמפו הוואי 700 ספורט לגבר,טרופיקל דגיל,IL,הוואי שמפו ספורט לשי,מיליליטרים,700.00,"100 מ""ל",false,,8.90,0.0127,false,1,65133
7290100922651,false,הוואי - סבון מוצק מי קוקוס 100 גרם רביעייה,טרופיקל דגיל קוסמטיק,IL,הוואי סבון מוצק רביע,גרמים,400.00,100 גרם,false,,12.90,0.0323,true,1,100995
7290100924204,false,פרסיל אבקת כביסה רגיל 8 ק''ג,פרסיל Persil,IL,אבקת כביסה פרסיל 8 ק,קילוגרמים,8.00,"ק""ג",false,,54.90,6.8625,true,1,91600
7290100924457,false,כדוריות סבון נתלה לאסלה לימון רענן - 3 יח',הנקל סוד,HU,סוד מארז כדוריות לאס,גרמים,150.00,100 גרם,false,,19.90,0.1327,true,1,113770
7290100924464,false,כדוריות סבון נתלה לאסלה עם אקונומיקה - 3 יח',הנקל סוד,HU,סוד מארז כדוריות שלי,יחידה,0.00,יחידה,false,,19.90,0.0000,true,1,114535
7290100924631,false,מרכך כביסה מרוכז לבגדי תינוקות ובעלי עור רגיש,"הנקל סוד בע""מ",IL,מרכך כביסה מרוכז סוד,מיליליטרים,900.00,"100 מ""ל",false,,11.90,0.0132,true,1,93491
7290100925669,false,קולור קאצ'ר - דפים למכונת כביסה 10 יח',הנקל סוד,IE,קולור קאצ'ר 10 דפים,יחידה,0.00,יחידה,false,,13.90,0.0000,true,1,96291
7290100925676,false,קולור קאצר 20 דפים לוכדי צבע למכונת כביס,הנקל סוד,IE,קולור קאצ'ר 20 דפים,יחידה,0.00,יחידה,false,,21.90,0.0000,true,1,96292
7290100926109,false,סוד לבן חלומי 4 ל מרכך כביסה,הנקל סוד,IL,מרכך כביסה סוד צהוב,ליטרים,4.00,ליטר,false,,18.90,4.7250,false,1,35733
7290100926147,false,אבקת כביסה פרסיל קולור שקית 2.5 קג,"הנקל סוד בע""מ",IL,פרסיל קולור שקית 2.5,קילוגרמים,2.50,"ק""ג",false,,24.90,9.9600,true,1,106103
7290100928516,false,סוד - ג'ל לכביסה ביד 1 ליטר,"הנקל סוד בע""מ",IL,סוד ג'ל שמפו לכביסה,ליטרים,1.00,ליטר,false,,13.90,13.9000,true,1,53770
7290100947883,false,"יין דרך ארץ גוורצטרמינר 750 מ""ל",ברקן,IL,יין דרך ארץ גוורצטרמ,מיליליטרים,750.00,"100 מ""ל",false,,29.90,0.0399,true,1,119770
7290101110811,false,גלידל שלגון בטעם וניל מצופה סורבה פסיפלורה - 8 יח',הגלידות של פלדמן,IL,מאגדת גלידל דיאט שלג,גרמים,600.00,100 גרם,false,,29.90,0.0498,true,1,34040
7290101112228,false,גלידל פרי קרחון מופחת קלוריות בטעם אננס - 8 יח',הגלידות של פלדמן,IL,מאגדת שלגונים גלידל,גרמים,640.00,100 גרם,false,,24.90,0.0389,true,1,68488
7290101112921,false,גלידל פרי קרחון מופחת קלוריות פירות טרופיים - 8 יח',הגלידות של פלדמן,IL,גלידל פרי פירות טרופ,גרמים,640.00,100 גרם,false,,24.90,0.0389,true,1,105805
7290101113157,false,מאגדת גלידל חלבי וניל עוגיות 6 יח 312 גר,הגלידות של פלדמן,IL,גלידל שישייה וניל עו,גרמים,312.00,100 גרם,false,,27.90,0.0894,true,1,111404
7290101113430,false,מאגדת גלידל שוקולד עם סירופ 312 ג',הגלידות של פלדמן,IL,גלידל שוקולד עם ריפל,גרמים,312.00,100 גרם,false,,27.90,0.0894,true,1,122911
7290101113447,false,עשירייה גלידל מיני קסטה בטעמי שוקו ווניל 270 ג' פלדמן,הגלידות של פלדמן,IL,גלידל מיני סנדוויץ ב,גרמים,270.00,100 גרם,false,,29.90,0.1107,true,1,164210
7290101113454,false,מאגדת גלידל יוגורט אפרסק 8 יח 480 גרם,הגלידות של פלדמן,IL,גלידל יוגורט אפרסק 8,גרמים,480.00,100 גרם,false,,35.90,0.0748,true,1,117995
7290101453871,false,נר מספר - 0,סודי,CN,נר מספר 0,יחידה,0.00,יחידה,false,,3.90,0.0000,true,1,68701
7290101453888,false,נר מספר - 1,סודי,CN,נר מספר 1,יחידה,0.00,יחידה,false,,3.90,0.0000,true,1,68702
7290101453901,false,נר מספר - 3,סודי,CN,נר מספר 3,יחידה,0.00,יחידה,false,,3.90,0.0000,true,1,68690
7290101453918,false,נר מספר - 4,סודי,CN,נר מספר 4,יחידה,0.00,יחידה,false,,3.90,0.0000,true,1,68691
7290101453925,false,נר מספר - 5,סודי,CN,נר מספר- 5,יחידה,0.00,יחידה,false,,3.90,0.0000,true,1,68788
7290101453949,false,נר מספר - 7,סודי,CN,נר מספר 7,יחידה,0.00,יחידה,false,,3.90,0.0000,true,1,68693
7290101453956,false,נר מספר - 8,סודי,CN,נר מספר 8,יחידה,0.00,יחידה,false,,3.90,0.0000,true,1,68694
7290101453963,false,נר מספר - 9,סודי,CN,נר מספר 9,יחידה,0.00,יחידה,false,,3.90,0.0000,true,1,68695
7290101454168,false,נרות ג'מבו מאויירים - סמי הכבאי,,,נרות ג'מבו מאויירים,יחידה,0.00,יחידה,false,,6.40,0.0000,true,1,96059
7290101455387,false,ביצת הפתעה עם ממתק,,,ביצת הפתעה עם ממתק,יחידה,0.00,יחידה,false,,8.00,0.0000,true,1,98240
7290101486688,false,פרי חטיפי בריאות חמישיה דגנים עם שוקולד,טבעית מוצרים מן הטבע,IL,פרי חטיפי דגנים עם ש,גרמים,90.00,100 גרם,false,,16.50,0.1833,true,1,30270
7290101488286,false,"ליידי ספיד סטיק - דאודורנט ספריי לאישה 24/7 פרש פיוזן ורוד 150 מ""ל",ליידי ספיד סטיק Lady Speed Stick,RU,ליידי 24/7 ספריי ורו,מיליליטרים,150.00,"100 מ""ל",false,,14.90,0.0993,true,1,39642
7290101501138,false,כרובית ארוזה יחידה,אראל תוצרת חקלאית בע,IL,כרובית ארוזה,יחידה,0.00,יחידה,false,,9.90,0.0000,true,1,167670
7290101503507,false,מיני בטטה למיקרו נוף,חקלאי,IL,מיני בטטה למיקרו נוף,קילוגרמים,1.30,"ק""ג",false,,12.90,9.9231,true,1,112517
7290101551027,false,קפסולות קפה אספרסו חזק במיוחד 14 עלית 10 יח',הנסיך- מפעל לייצור ט,IL,קפסולות 14 למכונת נס,גרמים,50.00,100 גרם,false,,16.90,0.3380,true,1,109203
7290101551263,false,סילאן טבעי ללא תוספת סוכר,מכוורת יד מרדכי,IL,סילאן טבעי יד מרדכי,גרמים,700.00,100 גרם,false,,22.90,0.0327,true,1,107894
7290101551300,false,סילאן טבעי ללא תוספת סוכר בקבוק לחיץ,מכוורת יד מרדכי,IL,סילאן טבעי לחיץ 380,גרמים,380.00,100 גרם,false,,14.90,0.0392,true,1,107895
7290101551539,false,יוגורט PRO בטעם אפרסק 0% 20 גרם חלבון בגביע,דנונה - שטראוס,IL,דנונה פרו 20 אפרסק,גרמים,200.00,100 גרם,false,,5.90,0.0295,false,1,108158
7290101551584,false,תפוצ'יפס קידס מארז 10 יח' * 20 ג',"שטראוס פריטו ליי בע""",IL,מארז תפוצ'יפס קידס 9,גרמים,180.00,100 גרם,false,,13.90,0.0772,false,1,108447
7290101580089,false,יין יוגב קברנה סוביניון,בנימינה Binyamina,IL,יוגב קברנה סוביניון,יחידה,750.00,יחידה,false,,36.90,0.0492,true,1,42022
7290101581208,false,יין רזרב Reserve קברנה סוביניון גליל,בנימינה Binyamina,IL,יין רזרב קברנה סובינ,מיליליטרים,750.00,"100 מ""ל",false,,49.90,0.0665,true,1,118326
7290101581635,false,יין אדום יבש אבני החושן ספיר,בנימינה Binyamina,,יין אבני חושן ספיר 2,מיליליטרים,750.00,"100 מ""ל",false,,79.90,0.1065,true,1,106267
7290101581734,false,יין רזרב Reserve מרלו גליל,בנימינה Binyamina,,יין רזרב מרלו BINYAM,מיליליטרים,750.00,"100 מ""ל",false,,49.90,0.0665,true,1,121116
7290101582359,false,יין בנימינה שרדונה 2017,בנימינה Binyamina,,יין המושבה שרדונה,מיליליטרים,750.00,"100 מ""ל",false,,27.90,0.0372,true,1,106303
7290101582373,false,ייו רוזה גרנאש המושבה,יקבי בינימינה,IL,יין המושבה גראנש בלא,מיליליטרים,750.00,"100 מ""ל",false,,27.90,0.0372,true,1,106301
7290101582380,false,יין בנימינה המושבה גוורצטרמינר 2017,,,יין המושבה גוורצטרמי,מיליליטרים,750.00,"100 מ""ל",false,,27.90,0.0372,true,1,106304
7290101582496,false,יין לבן חצי מתוק אמרלד ריזלינג,בנימינה Binyamina,,יין כחול אמרלד ריזלי,יחידה,0.00,יחידה,false,,37.90,0.0000,true,1,117127
7290101828792,false,כפפות נטריל כחולות ללא אבקה S,,,כפפות ניטריל ללא אבק,יחידה,0.00,יחידה,false,,19.90,0.0000,true,1,164744
7290101828808,false,כפפות ניטריל ללא אבק,,,כפפות ניטריל ללא אבק,יחידה,0.00,יחידה,false,,19.90,0.0000,true,1,164746
7290101828815,false,כפפות נטריל כחולות ללא אבקה L,,,כפפות ניטריל ללא אבק,יחידה,0.00,יחידה,false,,19.90,0.0000,true,1,164745
7290101828822,false,כפפות נטריל כחולות ללא אבקהXL,,,כפפות ניטריל ללא אבק,יחידה,0.00,יחידה,false,,19.90,0.0000,true,1,164747
7290101863410,false,"סיליט ניקוי עוצמתי מכיל אקונומיקה 750 מ""ל",סיליט באנג Cillit Bang,PL,סיליט באנג ספריי אקו,מיליליטרים,750.00,"100 מ""ל",false,,14.90,0.0199,false,1,38153
7290101864127,false,"ספריי להסרת כתמים 750 מ""ל וניש קליה",קליה וניש Kalia Vanish,IL,קליה אוקסי ספריי,יחידה,750.00,יחידה,false,,16.90,0.0225,true,1,40668
7290101865261,false,"פיניש נוזל הברקה 800 מ""ל",רקיט בנקיזר,PL,פיניש נוזל הברקה 800,מיליליטרים,800.00,"100 מ""ל",false,,19.90,0.0249,true,1,45256
7290101866633,false,וניש קליה גל להסרת כתמים 3 ליטר אוקסיפרש,קליה וניש Kalia Vanish,IL,קליה וניש ג'ל 3 ליטר,ליטרים,3.00,ליטר,false,,29.90,9.9667,false,1,49213
7290101866787,false,מסיר כתמים ומלבין לכביסה לבנה 3 ל וניש קליה,קליה וניש Kalia Vanish,IL,קליה 3 ליטר,ליטרים,3.00,ליטר,false,,29.90,9.9667,false,1,51148
7290101868958,false,פיניש נוזל הברקה למדיח בניחוח לימון,רקיט בנקיזר,PL,פיניש נוזל הברקה לימ,מיליליטרים,800.00,"100 מ""ל",false,,19.90,0.0249,true,1,67504
7290101869726,false,ג'ל מרוכז למדיח פיניש all in one max,רקיט בנקיזר,PL,פיניש ג'ל 1 ליטר,ליטרים,1.00,ליטר,false,,39.90,39.9000,true,1,90642
7290101869733,false,גל AIO פיניש לימון 1 ליטר,רקיט בנקיזר,PL,פיניש ג'ל לימון 1 לי,ליטרים,1.00,ליטר,false,,39.90,39.9000,true,1,90643
7290101869757,false,מבשם אויר מכשיר אוטמטי חלום אואזיס,רקיט בנקיזר,PL,מבשם אויר מכשיר אוטו,מיליליטרים,250.00,"100 מ""ל",false,,44.90,0.1796,true,1,90401
7290101869764,false,אירוויק מבשם אוויר מכשיר אוטומטי חלום ליל קיץ,רקיט בנקיזר,HU,מבשם אויר מכשיר אוטו,מיליליטרים,250.00,"100 מ""ל",false,,44.90,0.1796,true,1,90402
7290101869788,false,אירוויק פרשמטיק ניחוח חלום ליל קיץ,איירוויק Air Wick,HU,מילוי מבשם אויר אטומ,מיליליטרים,250.00,"100 מ""ל",false,,14.90,0.0596,true,1,90403
7290101869795,false,מילוי למכשיר ספריי אוטומטי חלום ליל קיץ,איירוויק Air Wick,HU,מילוי מבשם אויר אטומ,מיליליטרים,250.00,"100 מ""ל",false,,14.90,0.0596,true,1,90404
7290101869801,false,אירוויק מבשם אויר מכשיר חשמלי אואזיס,רקיט בנקיזר,GB,מבשם אויר חשמלי מכשי,מיליליטרים,19.00,"100 מ""ל",false,,29.90,1.5737,true,1,90405
7290101869818,false,אייר ויק מ.אויר מכשיר חשמלי חלום ליל קיץ,איירוויק Air Wick,HU,מבשם אוויר חשמלי מכש,מיליליטרים,19.00,"100 מ""ל",false,,29.90,1.5737,true,1,90406
7290101869825,false,מילוי למכשיר מבשם אויר חשמלי אואזיס,איירוויק Air Wick,HU,מילוי מבשם אויר חשמל,מיליליטרים,19.00,"100 מ""ל",false,,14.90,0.7842,true,1,90407
7290101869832,false,מילוי למכשיר מבשם אויר חשמלי חלום ליל קיץ,איירוויק Air Wick,PL,מילוי מבשם אויר חשמל,מיליליטרים,19.00,"100 מ""ל",false,,14.90,0.7842,true,1,90408
7290101869917,false,מילוי למכשיר ספריי אוטומטי היער הקסום,איירוויק Air Wick,HU,מילוי מבשם אויר אטומ,מיליליטרים,250.00,"100 מ""ל",false,,14.90,0.0596,true,1,90411
7290101869962,false,אירוויק מקלות ריחניים חלום ליל קיץ,איירוויק Air Wick,HU,מקלות ריחניים חלום ל,מיליליטרים,30.00,"100 מ""ל",false,,14.90,0.4967,true,1,90413
7290101869979,false,איירוויק מקלות ריחניים אואזיס,איירוויק Air Wick,HU,מקלות ריחניים אואזיס,מיליליטרים,30.00,"100 מ""ל",false,,14.90,0.4967,true,1,90414
7290101974147,false,כבל מאריך 2.9 מטר,,,כבל מאריך 2.9 מטר,יחידה,0.00,יחידה,false,,26.90,0.0000,true,1,98046
7290101974161,false,כבל מאריך 5 מטר,,,כבל מאריך 5 מטר,יחידה,0.00,יחידה,false,,36.90,0.0000,true,1,98045
7290101985365,false,בקבוק אלומיניום גדול,,,בקבוק גדול ממותג,יחידה,0.00,יחידה,false,,28.90,0.0000,true,1,66165
7290101999676,false,נרות מטה כוכבים מכונ,,,נרות מטה כוכבים מכונ,יחידה,0.00,יחידה,false,,6.40,0.0000,true,1,68676
7290101999713,false,נרות מטה לבבות - הלו קיטי(1X24),,,נרות מטה לבבות הלו ק,יחידה,0.00,יחידה,false,,6.40,0.0000,true,1,104485
7290101999737,false,נרות מטה לבבות - מיני(1X24),,,נרות מטה לבבות מיני,יחידה,0.00,יחידה,false,,6.40,0.0000,true,1,68680
7290102003853,false,נרות מטה כוכבים מיני מאוס,סודי,,נרות מטה כוכבים מיני,יחידה,0.00,יחידה,false,,6.40,0.0000,true,1,89810
7290102030330,false,תפוציפס קראנצ מקסיקני 200 גרם,"שטראוס פריטו ליי בע""",IL,תפוצ'יפס קראנצ' מקסי,גרמים,200.00,100 גרם,false,,10.90,0.0545,false,1,34460
7290102031276,false,מארז 8 יחידות אקטימל משקה יוגורט בטעם תות בננה,מיוצר עי קונדיטוריית,IL,אקטימל תות 1.5% שמינ,מיליליטרים,800.00,"100 מ""ל",false,,21.10,0.0264,true,1,29474
7290102032334,false,אבקה להכנת משקה קפה בטעם וניל,שטראוס,IL,קפה נמס בטעם וניל 20,גרמים,200.00,100 גרם,false,,23.90,0.1195,false,1,32218
7290102035151,false,דנונה אקטיביה 1.5% ב,שטראוס דנונה,IL,אקטיביה 1.5% טבעי,גרמים,150.00,100 גרם,false,,3.80,0.0253,true,1,54074
7290102051014,false,מנורות ליבון 60 יונדאי,,,נורות 60W,יחידה,0.00,יחידה,false,,2.90,0.0000,true,1,44958
7290102060764,false,מרידול מברשת שיניים אריזת זוג,יבואן ומשווק: ש. שסט,CH,מרידול מברשת שיניים,יחידה,0.00,יחידה,false,,34.90,0.0000,true,1,50002
7290102060979,false,אלמקס משחת שיניים למניעת עששת 100 מל,יבואן ומשווק: ש. שסט,PL,אלמקס משחת שיניים מש,גרמים,100.00,100 גרם,false,,15.90,0.1590,false,1,35207
7290102062195,false,"אלמקס משחת שיניים אלמקס גוניור 75 מ""ל",יבואן ומשווק: ש. שסט,PE,אלמקס משחת שיניים ג',מיליליטרים,75.00,"100 מ""ל",false,,15.90,0.2120,true,1,41323
7290102300815,false,צדר אנגלי כתום פרוס 200 גרם,שבינגטון,GB,גבינת צ'דר כתום פרוס,גרמים,200.00,100 גרם,false,,26.90,0.1345,true,1,119465
7290102300822,false,גבינה צ'דר אנגלית כתומה 200 ג',דאולי צ'יסמייקרס,GB,גבינת צ'דר אנגלי כתו,גרמים,200.00,100 גרם,false,,22.90,0.1145,true,1,97473
7290102300860,false,גבינת צ'דר אנגלי לבן 35%,דאוליי צ'יסמייקרס,GB,גבינת צ'דר אנגלי,גרמים,200.00,100 גרם,false,,22.90,0.1145,true,1,97474
7290102301881,false,גבינת טרטר עשבי תיבול 150 גר,בונגראן,FR,גבינת טרטר עם שום וע,גרמים,150.00,100 גרם,false,,22.90,0.1527,true,1,65128
7290102302246,false,גבינת גאודה הולנדית 200 גרם,מיוצר עי קונדיטוריית,NL,גבינת גאודה 200 גר,גרמים,200.00,100 גרם,false,,22.90,0.1145,true,1,99775
7290102302253,false,גבינה גאודה עיזים 20,מיוצר עי קונדיטוריית,NL,גאודה עיזים 200 גר,גרמים,200.00,100 גרם,false,,31.90,0.1595,true,1,99776
7290102302260,false,גבינת גרנה פדנו 200,הנסיך- מפעל לייצור ט,IT,גבינת גרנה פדנו 200,גרמים,200.00,100 גרם,false,,32.90,0.1645,true,1,99424
7290102302826,false,פילה דג סרדין בשמן זית 120 גרם,רמירז אנד קה פילהאוס,PT,פילה דג סרדין בשמן ז,גרמים,120.00,100 גרם,false,,13.90,0.1158,true,1,117183
7290102302833,false,גבינת גאודה הולנדית 150 גרם,קאסמאקרי הנרי ויליך,NL,גאודה פרוסה 150 גר,גרמים,150.00,100 גרם,false,,21.90,0.1460,true,1,116418
7290102302840,false,גבינת גאודה עיזים פר,מיוצר עי קונדיטוריית,NL,גאודה עיזים 150 גר,גרמים,150.00,100 גרם,false,,29.90,0.1993,true,1,116419
7290102302864,false,גבינה הולנדית עם פסטו ירוק 34%,הנרי ויליך Henri Willig,NL,גאודה פסטו ירוק,גרמים,200.00,100 גרם,false,,34.90,0.1745,true,1,116040
7290102302888,false,גבינת גאודה כמון 200 גרם,מיוצר עי קונדיטוריית,NL,גאודה כמון 200 גר,גרמים,200.00,100 גרם,false,,29.90,0.1495,true,1,114691
7290102303878,false,אלוויר חמאה נורמנדי 200 גר,אלוויר,FR,חמאת אלוויר נורמדי,גרמים,200.00,100 גרם,false,,17.90,0.0895,true,1,123408
7290102303977,false,גוש טונה בשמן זית רוברט 140 גרם,רמירז אנד קה פילהאוס,PT,גוש טונה בשמן זית,גרמים,140.00,100 גרם,false,,11.90,0.0850,true,1,167930
7290102304714,false,גלוריוס עיזים 180 גרם,הנרי ויליך,NL,גבינת גלוריס עיזים,גרמים,180.00,100 גרם,false,,42.90,0.2383,true,1,166209
7290102390427,false,יוגורט ביו עם קציפת תות 3% שומן 150 ג' מולר,מולר Muller,IL,יוגורט תות 3% מולר 1,מיליליטרים,150.00,"100 מ""ל",false,,5.30,0.0353,true,1,32361
7290102390465,false,יוגורט ביו עם קציפת אפרסק ופסיפלורה 3% שומן 150 ג' מולר,מולר Muller,IL,יוגורט אפרסק ופסיפלו,מיליליטרים,150.00,"100 מ""ל",false,,5.30,0.0353,false,1,32363
7290102390489,false,יוגורט ביו עם קציפת לימון 3% שומן 150 ג' מולר,מולר Muller,IL,יוגורט לימון 3% - 15,מיליליטרים,150.00,"100 מ""ל",false,,5.30,0.0353,true,1,32364
7290102391844,false,יוגורט ביו עם קציפת פירות יער3% שומן 150 ג' מולר,מולר Muller,IL,יוגורט מולר פרופ פיר,מיליליטרים,150.00,"100 מ""ל",false,,5.30,0.0353,true,1,35480
7290102392254,false,חלב 1% בקרטון 2 ל' טרה,מילקו תעשיות בעמ,IL,חלב 2 ליטר 1% בקרטון,ליטרים,2.00,ליטר,false,,11.72,5.8600,false,1,38638
7290102393039,false,מולר מיקס יוגורט קרמי בתוספת פצפוצי שוקולד 170 ג',מולר Muller,IL,מולר מיקס יוגורט עם,גרמים,170.00,100 גרם,false,,6.20,0.0365,false,1,43050
7290102393060,false,מיקס יוגורט גליליות וופל קרם אגוזים 170 ג' מולר,מולר Muller,IL,מולר מיקס יוגורט עם,גרמים,170.00,100 גרם,false,,6.20,0.0365,true,1,43051
7290102393169,false,סימפלי פרוט יוגורט תות 3% שומן 150 ג' מולר,מולר Muller,IL,מולר סימפלי פרויט תו,מיליליטרים,150.00,"100 מ""ל",false,,5.30,0.0353,false,1,45936
7290102393176,false,סימפלי פרוט יוגורט אפרסק 3% שומן 150 ג' מולר,מילקו תעשיות בעמ,IL,מולר סימפלי פרויט אפ,מיליליטרים,150.00,"100 מ""ל",false,,5.30,0.0353,false,1,45937
7290102393190,false,סימפלי פרוט פירות היער 3% שומן 150 ג' מולר,מילקו תעשיות בעמ,IL,מולר סימפלי פרויט פי,מיליליטרים,150.00,"100 מ""ל",false,,5.30,0.0353,false,1,45939
7290102393299,false,יוגורט עיזים לשתייה 3% שומן 500 ג' צוריאל,מיוצר עי קוד יצרן HG,IL,יוגורט עיזים לשתיה 3,גרמים,500.00,100 גרם,false,,12.90,0.0258,true,1,44665
7290102393848,false,"משק צוריאל יוגורט עיזים תות 3% 140 מ""ל",מחלבת משק צוריאל,IL,יוגורט עיזים תות 2.5,גרמים,140.00,100 גרם,false,,6.20,0.0443,true,1,47566
7290102393855,false,"משק צוריאל יוגורט עיזים אפרסק 3% 140 מ""ל",מחלבת משק צוריאל,IL,יוגורט עיזים אפרסק 2,גרמים,140.00,100 גרם,false,,6.20,0.0443,true,1,47543
7290102393947,false,סימפלי פרוט יוגורט בטעם קיווי 3% שומן 150 ג' מולר,מילקו תעשיות בעמ,IL,מולר סימפלי פרוט קיו,מיליליטרים,150.00,"100 מ""ל",false,,5.30,0.0353,false,1,48575
7290102394081,false,מולר מיקס יוגורט קרמי עם קורנפלקס מצופה שוקולד,מילקו תעשייה בעמ,IL,מולר מיקס יוגורט קרמ,גרמים,170.00,100 גרם,false,,6.20,0.0365,false,1,48609
7290102394463,false,נעם גבינה צהובה וואקום 28% 500 גרם,טרה,IL,גבינה צהובה 28% וואק,גרמים,500.00,100 גרם,false,,29.90,0.0598,true,1,59897
7290102394821,false,"נעם גבינה צהובה דק דק פ""ח 28% 200 גר",מילקו תעשיות בעמ,IL,גבינה צהובה טרה דק ד,גרמים,200.00,100 גרם,false,,16.90,0.0845,false,1,52717
7290102394845,false,פרוסות גבינת נעם מופחתת שומן 9%,מילקו תעשיות בעמ,IL,גבינה צהובה לייט דק,גרמים,200.00,100 גרם,false,,17.50,0.0875,false,1,52731
7290102395217,false,מאגדת שמיניה מולר במתיקות מעודנת 1.2% 8*150 ג',מולר Muller,IL,מאגדת יוגורט מולר שמ,גרמים,1200.00,100 גרם,false,,21.00,0.0175,true,1,57639
7290102395224,false,מארז 8 גביעים יוגורט ביו בטעם טבעי 1.7%,מולר Muller,IL,מאגדת מולר לבן ביו 1,גרמים,1200.00,100 גרם,false,,18.50,0.0154,false,1,57572
7290102395231,false,מולר נטורל 2.8% ביאנקו מאגדת 8 יח' * 150 ג',מולר Muller,IL,מאגדת יוגורט מולר בי,גרמים,1200.00,100 גרם,false,,18.50,0.0154,false,1,57244
7290102395262,false,מארז 8 גביעים יוגורט בטעם תות שדה ואפרסק 3% Simply Fruit,מולר Muller,IL,מאגדת מולר תות אפרסק,גרמים,1200.00,100 גרם,false,,31.90,0.0266,true,1,60252
7290102395439,false,מארז 8 גביעים יוגורט בטעם פירות יער וקיווי 3% Simply Fruit,מילקו תעשיות בעמ,IL,מאגדת שמינייה סימפלי,יחידה,0.00,יחידה,false,,31.90,0.0000,true,1,61368
7290102396665,false,פרוסות גבינת נעם מופחתת שומן 15%,מילקו תעשיות בעמ,IL,גבינה צהובה נעם דק ד,גרמים,200.00,100 גרם,false,,16.90,0.0845,true,1,94035
7290102396719,false,יוגורט ביו עם תות שדה 0% Simply Fruit,מולר Muller,IL,יוגורט סימפלי תות 0%,גרמים,150.00,100 גרם,false,,5.30,0.0353,false,1,67958
7290102396726,false,מולר סימפלי פרוט אפרסק 0% 150מל,מולר,IL,יוגורט סימפלי אפרסק,גרמים,150.00,100 גרם,false,,5.00,0.0333,false,1,67959
7290102396740,false,מארז 8 גביעים יוגורט בטעם תות שדה ואפרסק 0% Simply Fruit,מילקו תעשיות בעמ,IL,מאגדת שמינייה מולר ס,גרמים,1200.00,100 גרם,false,,31.90,0.0266,true,1,67961
7290102397204,false,פרוסות גבינה 22% שומן 200 ג' נעם,מילקו תעשיות בעמ,IL,גבינה צהובה נעם דק ד,גרמים,200.00,100 גרם,false,,16.90,0.0845,true,1,92158
7290102397334,false,גבינה בולגרית 5% צוריאל גליל 250ג',מחלבת משק צוריאל,IL,בולגרית 5% צוריאל,גרמים,250.00,100 גרם,false,,22.50,0.0900,true,1,94105
7290102397464,false,יוגורט ביו בתוספת גרעינים אגוזים וחמוציות 170 ג' מולר,מולר Muller,IL,יוגורט מולר נטורל+גר,גרמים,170.00,100 גרם,false,,6.20,0.0365,true,1,99959
7290102397600,false,מיקס יוגורט בתוספת שקדים ובוטנים מקורמלים 170 ג' מולר,מילקו תעשייה בעמ,IL,מולר מיקס בתוספת שקד,גרמים,170.00,100 גרם,false,,6.20,0.0365,true,1,96347
7290102397617,false,יוגורט ביו קרמי עם כדורים מצופים שוקולד חום לבן,מולר Muller,IL,מולר מיקס בתוספת קלי,גרמים,170.00,100 גרם,false,,6.20,0.0365,true,1,96348
7290102397730,false,פרוסות גבינה אמנטל חצי קשה 30% שומן 200 ג' נעם,טרה,IL,נעם אמנטל 100% רכיבי,גרמים,200.00,100 גרם,false,,17.50,0.0875,true,1,101020
7290102397747,false,פרוסות גבינת מוצרלה נעם מחלב בקר 22%,טרה,IL,מוצרלה 200 גר' נעם,גרמים,200.00,100 גרם,false,,18.90,0.0945,true,1,103966
7290102398065,false,**חלב בקרטון 2 ליטר 3% מהדרין - טרה,טרה,IL,חלב בקרטון 3% טרה 2,ליטרים,2.00,ליטר,false,,12.46,6.2300,false,1,101998
7290102398072,false,**חלב בקרטון 1 ליטר 3% מהדרין,טרה,IL,חלב טרה 3% בקרטון 1,ליטרים,1.00,ליטר,false,,6.23,6.2300,false,1,101512
7290102398331,false,חלב דל לקטוז 2% מועשר בויטמין D,טרה,IL,חלב מועשר דל לקטוז 1,ליטרים,1.00,ליטר,false,,7.80,7.8000,false,1,104047
7290102398553,false,שוקו טרה בבקבוק 1.5 ליטר,מילקו תעשיות בעמ,IL,שוקו 1.5 ליטר טרה,ליטרים,1.50,ליטר,false,,16.90,11.2667,true,1,115496
7290102398560,false,שוקו מעושר בבקבוק 1ל' טרה,מילקו תעשיות בעמ,IL,שוקו טרה מועשר בקבוק,ליטרים,1.00,ליטר,false,,12.50,12.5000,true,1,107913
7290102398577,false,משקה חלב בטעם שוקו 2% בבקבוק אישי,מילקו תעשיות בעמ,IL,שוקו טרה מועשר בקבוק,מיליליטרים,250.00,"100 מ""ל",false,,5.50,0.0220,true,1,107914
7290102398614,false,משקה חלב בטעם בננה 1 ליטר טרה,מילקו תעשיות בעמ,IL,משקה חלב בטעם בננה 1,ליטרים,1.00,ליטר,false,,12.50,12.5000,true,1,108265
7290102398782,false,משקה סויה קלאסי משק צוריאל 1 ליטר,מחלבת משק צוריאל,IT,משקה סויה קלאסי 1 לי,ליטרים,1.00,ליטר,false,,11.90,11.9000,true,1,114322
7290102398799,false,משקה סויה במתיקות מופחתת 1 ליטר משק צוריאל,מחלבת משק צוריאל,IT,משקה סויה במתיקות מע,ליטרים,1.00,ליטר,false,,11.90,11.9000,true,1,114191
7290102398805,false,משקה סויה בטעם וניל משק צוריאל 1 ליטר,מחלבת משק צוריאל,IT,משקה סויה בטעם וניל,ליטרים,1.00,ליטר,false,,11.90,11.9000,true,1,114044
7290102399048,false,פרוסות גבינת קשקבל נעם 200 ג' טרה,מילקו,IL,גבינת קשקבל נעם פתיח,גרמים,200.00,100 גרם,false,,22.90,0.1145,true,1,110971
7290102399635,false,"מולר פרופ יוגורט ביו עם קציפת קוקוס ואננס 150 מ""ל",מולר Muller,IL,יוגורט Bio עם קציפת,גרמים,150.00,100 גרם,false,,5.30,0.0353,true,1,117313
7290102399697,false,סימפלי פרוט מנגו 1.5% שומן 150 ג' מולר,מילקו,IL,יוגורט סימפלי פרוט 1,מיליליטרים,150.00,"100 מ""ל",false,,5.00,0.0333,true,1,114722
7290102399772,false,ממרח חמאת מולר ושמן לפתית במליחות עדינה,Molkerei Weihensteph,DE,ממרח חמאה במליחות עד,גרמים,250.00,100 גרם,false,,18.90,0.0756,true,1,117312
7290102399789,false,ממרח חמאת מולר ושמן לפתית ללא תוספת מלח,Molkerei Weihensteph,DE,ממרח חמאה ללא מלח 25,גרמים,250.00,100 גרם,false,,18.90,0.0756,true,1,117309
7290102399796,false,מעדן יוגורט לבן מועשר בחלבון 200 ג' מולר אקטיב,מולר Muller,IL,מולר אקטיב יוגורט 25,גרמים,200.00,100 גרם,false,,5.80,0.0290,true,1,117028
7290102399802,false,יוגורט עם תות מולר אקטיב מועשר בחלבון 200 גר',מולר Muller,IL,מולר אקטיב יוגורט תו,גרמים,200.00,100 גרם,false,,6.20,0.0310,true,1,117029
7290102399819,false,יוגורט עם פירות יער מולר אקטיב מועשר בחלבון 200 גר',מולר Muller,IL,מולר אקטיב יוגורט פי,גרמים,200.00,100 גרם,false,,6.20,0.0310,true,1,117030
7290102399857,false,"יוגורט אקטיב עם תות 0% , 20 גרם חלבון בגביע",מולר Muller,IL,מולר אקטיב לייט עם ת,גרמים,200.00,100 גרם,false,,6.20,0.0310,true,1,117565
7290102840939,false,תערובת להכנה מהירה עוגת בראוניס 600ג',,IL,עוגת בראוניס להכנה מ,גרמים,600.00,100 גרם,false,,14.00,0.0233,true,1,55569
7290102841899,false,אבקת להכנת פלאפל 180 גר',,,אבקת פלאפל,גרמים,180.00,100 גרם,false,,10.90,0.0606,true,1,117426
7290102842346,false,סוויט לוז- ממתיק דל קלוריות,,,סוויט לוז ממתיק דל ק,יחידה,0.00,יחידה,false,,23.90,0.0000,true,1,54280
7290103120658,false,דאודורנט סטיק ג'ל לגבר Cool Night 24/7,הנסיך- מפעל לייצור ט,US,ספיד סטיק 24/7 ג'ל ש,גרמים,85.00,100 גרם,false,,19.90,0.2341,true,1,37923
7290103124588,false,"פלמוליב סבון נוזלי סגול משאבה 750 מ""ל",הנסיך- מפעל לייצור ט,TR,פלמוליב סבון נוזלי ס,מיליליטרים,750.00,"100 מ""ל",false,,19.90,0.0265,true,1,49331
7290103124601,false,"תחליב רחצה נוזל חלב ודבש משאבה 750מ""ל פלמוליב",הנסיך- מפעל לייצור ט,TR,פלמוליב סבון נוזלי ח,מיליליטרים,750.00,"100 מ""ל",false,,19.90,0.0265,true,1,49333
7290103128739,false,בלונס צימרוני אוזניים לתינוק 50 יח',הנסיך- מפעל לייצור ט,GR,בלונס מקלות אזניים ל,יחידה,0.00,יחידה,false,,5.90,0.0000,true,1,53378
7290103129378,false,ספיד סטיק - דאודורנט ג'ל לגבר איקס 5 85 גרם,הנסיך- מפעל לייצור ט,US,ספיד סטיק 24/7 ג'ל X,יחידה,0.00,יחידה,false,,19.90,0.0000,true,1,56780
7290103129408,false,ליידי ספיד סטיק - דאודורנט סטיק לאישה פרש אסנס פריחת הפרדס 65 גרם,ליידי ספיד סטיק Lady Speed Stick,US,ליידי ספיד סטיק פריח,גרמים,65.00,100 גרם,false,,19.90,0.3062,true,1,57616
7290103400194,false,"כרוב לבן 400 גר בד""צ ירקות שטראוס","טרופיקל דגיל בע""מ אז",IL,כרוב לבן שטראוס 400ג,גרמים,400.00,100 גרם,false,,8.90,0.0223,true,1,43934
7290103400231,false,"גזר 400 גר בד""צ ירקות שטראוס","טרופיקל דגיל בע""מ אז",IL,"גזר שטראוס 400ג' בד""",גרמים,400.00,100 גרם,false,,8.90,0.0223,true,1,43935
7290103400255,false,"סלט קולסלאו 400 גר בד""צ ירקות שטראוס","טרופיקל דגיל בע""מ אז",IL,סלט קולסלאו 400ג' בד,גרמים,400.00,100 גרם,false,,8.90,0.0223,true,1,43936
7290103401429,false,קפה קצב ברזילאי אוריגינס 200 גר,הנסיך- מפעל לייצור ט,IL,קפה נמס קצב ברזילאי,גרמים,200.00,100 גרם,false,,24.90,0.1245,false,1,39934
7290103404758,false,כרוב אדום במיונז אחל,מיוצר עי קונדיטוריית,IL,סלט כרוב 120 גר,גרמים,120.00,100 גרם,false,,5.00,0.0417,true,1,38712
7290103408206,false,עלי חסה בקופסא 250 גרם ירקות שטראוס,שטראוס בריאות ירקות,IL,עלי חסה בקופסא שטראו,גרמים,250.00,100 גרם,false,,9.90,0.0396,true,1,40831
7290103681173,false,"יין תבור הר קברנה סוביניון 750 מ""ל",מיוצר על ידי יקב תבו,IL,הר TABOR קברנה סובני,מיליליטרים,750.00,"100 מ""ל",false,,29.90,0.0399,true,1,110354
7290103681180,false,"יין הר מרלו מיתוג תנשמת 750 מ""ל",מיוצר על ידי יקב תבו,IL,"הר TABOR מרלו 750 מ""",מיליליטרים,750.00,"100 מ""ל",false,,29.90,0.0399,true,1,110355
7290103681197,false,"יין הר שיראז מיתוג תנשמת 750 מ""ל",מיוצר על ידי יקב תבו,IL,הר TABOR שיראז 750 מ,מיליליטרים,750.00,"100 מ""ל",false,,29.90,0.0399,true,1,110357
7290103681210,false,"יין הר שרדונה מיתוג תנשמת 750 מ""ל",מיוצר על ידי יקב תבו,IL,יין תבור הר שרדונה ס,מיליליטרים,750.00,"100 מ""ל",false,,29.90,0.0399,true,1,110483
7290103681227,false,"יין הר גוורצטרמינר מיתוג תנשמת 750 מ""ל",מיוצר על ידי יקב תבו,IL,הר TABOR גיוורצטרמינ,מיליליטרים,750.00,"100 מ""ל",false,,29.90,0.0399,true,1,110358
7290103681234,false,"יין הר רוזה מיתוג תנשמת 750 מ""ל",תבור,IL,"הר TABOR רוזה 750 מ""",מיליליטרים,750.00,"100 מ""ל",false,,29.90,0.0399,true,1,110359
7290103681623,false,"יין הר מוסקטו רוזה 750 מ""ל",תבור,IL,"מוסקטו רוזה 750 מ""ל",מיליליטרים,750.00,"100 מ""ל",false,,29.90,0.0399,true,1,116319
7290104061417,false,חומוס טחינה אחלה 400 ג',"שטראוס גרופ בע""מ",IL,חומוס טחינה אחלה 400,גרמים,400.00,100 גרם,false,,10.90,0.0273,true,1,41459
7290104061424,false,חומוס אחלה עם זעתר 400 ג',מיוצר עי קונדיטוריית,IL,חומוס אחלה זעתר 400,גרמים,400.00,100 גרם,false,,10.90,0.0273,true,1,41457
7290104061431,false,חומוס אחלה עם צנובר 400 ג',"שטראוס גרופ בע""מ",IL,חומוס אחלה צנובר 400,גרמים,400.00,100 גרם,false,,10.90,0.0273,true,1,41460
7290104061448,false,חומוס עם חריף 400 ג' אחלה,מיוצר עי קונדיטוריית,IL,חומוס אחלה חריף 400,גרמים,400.00,100 גרם,false,,10.90,0.0273,true,1,41458
7290104062599,false,מארז 8 יחידות מעדן גמדים בטעמי תות ובננה,שטראוס דנונה,IL,מארז סופר גמדים תות,גרמים,800.00,100 גרם,false,,18.90,0.0236,true,1,41775
7290104064012,false,חטיף פסק זמן GOOD שוקולד לבן גוד 36 גרם,שולן צ'יקולטה גידה ס,TR,פסק זמן טו גוד לבן 3,גרמים,36.00,100 גרם,false,,5.00,0.1389,true,1,106676
7290104065187,false,אבקה להכנת משקה קפה בטעם מוקה,שטראוס,IL,קפה נמס בטעם מוקה 20,גרמים,200.00,100 גרם,false,,23.90,0.1195,false,1,43768
7290104065934,false,עלי רוקט 150 גרם שטראוס,שטראוס בריאות ירקות,IL,עלי רוקט שטראוס 150,גרמים,150.00,100 גרם,false,,9.90,0.0660,true,1,43163
7290104067679,false,סלט טחינה אחלה 400גר,מיוצר עי קונדיטוריית,IL,טחינה אחלה 400 גר,גרמים,400.00,100 גרם,false,,10.90,0.0273,true,1,62728
7290104067693,false,אחלה חומוס עם חריף 150 גרם,מיוצר עי קונדיטוריית,IL,חומוס 150 גר עם חריף,גרמים,150.00,100 גרם,false,,5.50,0.0367,true,1,63324
7290104068539,false,מאסט פליפטופ מלון ואבטיח ללא גרעינים,"שטראוס גרופ בע""מ",IL,מסטיק מאסט בטעם מלון,גרמים,28.00,100 גרם,false,,4.40,0.1571,true,1,44152
7290104068546,false,גומי מאסט בטעם לימון קולה ללא סוכר 28 ג' עלית,"שטראוס גרופ בע""מ",IL,מסטיק מאסט קולה ולימ,גרמים,28.00,100 גרם,false,,4.40,0.1571,true,1,45162
7290104500572,false,אפרופו חטיף איטליאנו 50 ג' אסם,מיוצר עי קונדיטוריית,IL,אפרופו איטליאנו 50 ג,גרמים,50.00,100 גרם,false,,5.20,0.1040,false,1,47729
7290104501661,false,פודינג אינסטנט בטעם וניל צרפתי 80 גר,מיוצר עי קונדיטוריית,IL,פודינג טעם וניל צרפת,גרמים,80.00,100 גרם,false,,5.90,0.0738,false,1,45870
7290104504228,false,מארז אריזות מיני חטיף דובונים - 5 יח',"אסם תעשיות בע""מ",IL,מארז דובונים 5*20,גרמים,100.00,100 גרם,false,,13.00,0.1300,false,1,49177
7290104508943,false,במבה אריזת חסכון 200 גרם,"אסם תעשיות בע""מ",IL,במבה קלאסי 200גר אסם,גרמים,200.00,100 גרם,false,,10.00,0.0500,false,1,51020
7290104570162,false,תמרים כבוש ביסאן 500 ג',תמר העמקים בית שאן,IL,תמרים כבושים 500גר,גרמים,500.00,100 גרם,false,,9.90,0.0198,true,1,59153
7290104570292,false,תמר מג'הול 1 קג,,,תמר מג'הול 1 קג,קילוגרמים,1.00,"ק""ג",false,,19.90,19.9000,true,1,166755
7290104570629,false,ממרח גביע ירוק 450 ג' ירדן,"תמר העמקים בע""מ",,ממרח תמרים 450 גר,גרמים,450.00,100 גרם,false,,4.90,0.0109,false,1,103957
7290104721533,false,רצועות פלפלים קלויים אחלה 400 ג',מיוצר עי קונדיטוריית,IL,פלפלים קלויים אחלה,גרמים,400.00,100 גרם,false,,15.00,0.0375,true,1,46436
7290104721953,false,לקט מסולסלים 350 גר ירקות שטראוס,תות תעשיות מזון (201,IL,לקט מסולסלים שטראוס,גרמים,350.00,100 גרם,false,,12.90,0.0369,true,1,44946
7290104722530,false,תפוצ'יפס שמנת בצל 200 גרם,"שטראוס פריטו ליי בע""",IL,תפוצ'יפס שמנת בצל 20,גרמים,200.00,100 גרם,false,,10.90,0.0545,true,1,45172
7290104726262,false,מארז 4 יחידות דני לשתייה בטעם שוקולד + קשים,מיוצר עי קונדיטוריית,IL,מארז רביעיה דני לשתי,יחידה,500.00,יחידה,false,,11.00,0.0220,true,1,46902
7290104726712,false,מארז 8 יחידות מעדן מילקי בטעם שוקולד עם קצפת,"שטראוס גרופ בע""מ",IL,מארז מילקי שמיניה,גרמים,1064.00,100 גרם,false,,21.20,0.0199,false,1,51134
7290104728310,false,"שמנת עמידה לקצפת 38% שומן 250 מ""ל יוטבתה",שטראוס גרופ,IL,שמנת מתוקה עמידה 38%,מיליליטרים,250.00,"100 מ""ל",false,,6.47,0.0259,false,1,47973
7290104729003,false,"יד מרדכי - שמן זית כתית מעולה 2 קלאסי 750 מ""ל",מכוורת יד מרדכי שטרא,IL,שמן זית יד מרדכי,מיליליטרים,750.00,"100 מ""ל",false,,32.90,0.0439,false,1,47429
7290104852176,false,נר נשמה בפחית 26 שעות,,,נר נשמה,יחידה,0.00,יחידה,false,,1.90,0.0000,true,1,58668
7290104852466,false,נרות שבת 16יח 140 גר,פאלאס תעשיות נטו (20,IL,נרות שבת 16 יח',גרמים,140.00,100 גרם,false,,2.90,0.0207,true,1,63391
7290104852473,false,נרות שבת 20יח 140 גר,פאלאס תעשיות נטו (20,IL,נר שבת 20,יחידה,0.00,יחידה,false,,3.50,0.0000,true,1,58003
7290104859809,false,תבנית אלומיניום ארוכ,,,תבנית אלומיניום ארוכ,יחידה,0.00,יחידה,false,,7.90,0.0000,true,1,107049
7290104960970,false,דאודורנט ספריי טיטניום מטאל Titanium Metal,אמיליה קוסמטיקס בעמ,IL,טיטניום דאודורנט ספר,מיליליטרים,0.00,"מ""ל",false,,15.90,0.0000,true,1,49927
7290104961434,false,קרם פנים ספורט SPF 3,סקינגארד,,קרם פנים ספורט SPF 3,מיליליטרים,0.00,"מ""ל",false,,18.90,0.0000,true,1,54893
7290104961526,false,דאודורנט ספריי גוף טיטניום קלאסיק Titanium Classic,"אמיליה קוסמטיקס בע""מ",IL,טיטניום CLASSIC ספרי,מיליליטרים,150.00,"100 מ""ל",false,,11.90,0.0793,true,1,54895
7290104961878,false,"שמפו לשיער קרטין אינטנס פורמולה 400 מ""ל נטורל",נטורל פורמולה Natural Formula,IL,שמפו קרטין טהור 400,מיליליטרים,400.00,"100 מ""ל",false,,29.90,0.0747,true,1,57393
7290104961885,false,מרכך קרטין טהור לשיער שעבר החלקה או עיצוב בחום,נטורל פורמולה Natural Formula,IL,מרכך קרטין טהור 400,מיליליטרים,400.00,"100 מ""ל",false,,30.00,0.0750,true,1,57394
7290104961892,false,מסכת קרטין טהור לשיער שעבר החלקה או עיצוב בחום,נטורל פורמולה Natural Formula,IL,מסכה לשיער קרטין,יחידה,0.00,יחידה,false,,39.90,0.0000,true,1,57654
7290104962080,false,"טיטניום - דאודורנט ספריי לגבר גולד 150 מ""ל",משווק: קוסמופארם בעמ,IL,ספריי גוף טיטניום GO,יחידה,0.00,יחידה,false,,11.90,0.0000,true,1,62700
7290104962684,false,"קרליין - נושם דאודורנט רול און לאישה ללא אלומיניום 75 מ""ל",אמיליה קוסמטיקס,IL,דאודורנט נושם רול או,יחידה,0.00,יחידה,false,,12.90,0.0000,true,1,88801
7290104962752,false,"סקינגארד קרם הגנה לפנים שקוף 50 אס.פי.אף, 60 מ""ל",החברה הדרומית,IL,סקין גארד ג'ל לפנים,מיליליטרים,50.00,"100 מ""ל",false,,39.90,0.7980,true,1,95058
7290104962844,false,"שמפו אמפולה לטיפול אינטנסיבי לשיער יבש, צבוע ופגום",נטורל פורמולה Natural Formula,IL,שמפו אמפולה אינטנס נ,יחידה,0.00,יחידה,false,,29.90,0.0000,true,1,91016
7290104962851,false,"מרכך אמפולה לטיפול אינטנסיבי לשיער יבש, צבוע ופגום",נטורל פורמולה Natural Formula,IL,מרכך אמפולה אינטנס נ,יחידה,0.00,יחידה,false,,29.90,0.0000,true,1,91017
7290104963001,false,סופטקר מגבונים לחים רביעייה בניחוח עדין,החברה הדרומית,IL,מגבונים סופטקר מבושם,יחידה,0.00,יחידה,false,,18.90,0.0000,true,1,95293
7290104963018,false,סופטקר מגבונים לחים רביעייה ללא בישום,החברה הדרומית,IL,מגבונים סופקטר ללא ב,יחידה,0.00,יחידה,false,,18.90,0.0000,true,1,95294
7290104964688,false,"סקינגארד - ספריי שקוף בניחוח מנגו קיווי 200 מ""ל SPF30",סקינגארד,IL,S.G קרם הגנה ספריי מ,מיליליטרים,200.00,"100 מ""ל",false,,37.90,0.1895,true,1,110245
7290104964725,false,סטיק הגנה שקוף SPF50 לפנים לילדים 13 ג' סקין גארד,סקינגארד,IL,סקינגארד סטיק לפנים,גרמים,13.00,100 גרם,false,,39.90,3.0692,true,1,166853
7290105360250,false,קפסולות 09 עשיר וארומטי למכונת נספרסו עלית 10יח',הנסיך- מפעל לייצור ט,IL,קפסולות מקיאטו למכונ,גרמים,50.00,100 גרם,false,,16.90,0.3380,false,1,57823
7290105360328,false,קפסולות אספרסו חזק למכונות נספרסו 10 יח',הנסיך- מפעל לייצור ט,IL,אספרסו חזק קפסולות,גרמים,50.00,100 גרם,false,,16.90,0.3380,false,1,57891
7290105360335,false,קפסולות אספרסו למכונות נספרסו 50 גר,הנסיך- מפעל לייצור ט,IL,קפסולות אספרסו,גרמים,50.00,100 גרם,false,,16.90,0.3380,false,1,57288
7290105360878,false,תפוציפס טבעי 50 גרם מארז רביעייה,"שטראוס פריטו ליי בע""",IL,מארז תפוצ'יפס רביעיי,גרמים,200.00,100 גרם,false,,11.50,0.0575,true,1,67105
7290105362339,false,"שמנת לבישול 15% 250 מ""ל יטבתה מהדרין",שטראוס גרופ,IL,שמנת לבישול 15%,מיליליטרים,250.00,"100 מ""ל",false,,8.10,0.0324,true,1,53243
7290105363602,false,כיף כף - מקלות קלאסי 40 גרם,"איי, בי, אינבוו",TR,כיף כף מקלות,גרמים,40.00,100 גרם,false,,5.20,0.1300,true,1,56910
7290105364289,false,כיף כף - מקלות פצפוצים 40 גרם,"איי, בי, אינבוו",TR,כיף כף מקלות פצפוצים,גרמים,40.00,100 גרם,false,,5.20,0.1300,true,1,56879
7290105364302,false,"עלית חטיף שוקולד כיף כף מקלות אגוזים, 40 גרם","איי, בי, אינבוו",TR,כיף כף מקלות אגוזים,גרמים,42.00,100 גרם,false,,5.20,0.1238,true,1,56880
7290105364678,false,משקה אקטיביה בטעם אפרסק 1.3% שומן 265 ג' דנונה,מיוצר עי קונדיטוריית,IL,משקה אקטיביה אפרסק,מיליליטרים,250.00,"100 מ""ל",false,,4.90,0.0196,true,1,49520
7290105366023,false,חציל אחלה בטעם כבד 400 גר' אחלה,מיוצר עי קונדיטוריית,IL,"חציל בטעם כבד 400 ג""",גרמים,400.00,100 גרם,false,,15.00,0.0375,true,1,49928
7290105366993,false,גבינה לבנה סימפוניה עם תוספות 200 ג' פלפל שיפקה,"שטראוס בריאות בע""מ",IL,גבינת סימפוניה עם פל,גרמים,200.00,100 גרם,false,,11.20,0.0560,false,1,63121
7290105368225,false,חומוס עם פלפל שיפקה אחלה 400 ג',מיוצר עי קונדיטוריית,IL,חומוס אחלה עם פלפל ש,גרמים,400.00,100 גרם,false,,10.90,0.0273,true,1,54848
7290105368331,false,מעדן מילקי בטעם תות עם קצפת,מחלבת אחיהוד,IL,מילקי תות 8%,גרמים,133.00,100 גרם,false,,2.80,0.0211,true,1,54284
7290105368904,false,"שמנת מתוקה להקצפה 32% שומן 250 מ""ל יוטבתה",שטראוס גרופ,IL,שמנת עמידה לקצפת 32%,מיליליטרים,250.00,"100 מ""ל",false,,7.30,0.0292,false,1,58911
7290105369130,false,סימפוניה גבינה במרקם שמנת בצל ירוק 5%,"שטראוס בריאות בע""מ",IL,סימפוניה בצל ירוק 5%,גרמים,200.00,100 גרם,false,,11.20,0.0560,false,1,57910
7290105430441,false,פלמוליב ס.נוזלי סחלב שחור 750 מל משאבה,הנסיך- מפעל לייצור ט,TR,פלמוליב סחלב שחור 75,מיליליטרים,750.00,"100 מ""ל",false,,19.90,0.0265,true,1,59607
7290105430458,false,"פלמוליב - תחליב רחצה נטורלס שקדים 750 מ""ל",הנסיך- מפעל לייצור ט,TR,פלמוליב שקדים 750מל,מיליליטרים,750.00,"100 מ""ל",false,,19.90,0.0265,true,1,59608
7290105430496,false,"ספיד סטיק דאו' ספריי לגבר סדרת 24/7 ללא סימנים, 165 מ""ל",קולגייט פלמוליב,RU,ספיד סטיק סטיינגארד,יחידה,0.00,יחידה,false,,14.90,0.0000,true,1,59463
7290105431516,false,פרי חטיף תמרים ובוטנים ללא סוכר חמישיה,טבעית מוצרים מן הטבע,IL,פרי חטיפי תמרים בוטנ,יחידה,0.00,יחידה,false,,16.50,0.0000,true,1,59544
7290105431868,false,"פלמוליב ספא קוקוס גרגרים נוזלי 500 מ""ל",הנסיך- מפעל לייצור ט,TR,פלמוליב ספא קוקוס גר,מיליליטרים,500.00,"100 מ""ל",false,,14.90,0.0298,true,1,62903
7290105434050,false,ספיד סטיק - דאודורנט סטיק לגבר XL ירוק רגיולר 85 גרם,ספיד סטיק Speed Stick,US,ספיד סטיק ירוק רגולר,יחידה,0.00,יחידה,false,,19.90,0.0000,true,1,92029
7290105436382,false,חטיף מארז פרי אנרגיה תמרים עם קשיו 125,טבעית מוצרים מן הטבע,IL,חטיף פרי תמרים ואגוז,גרמים,125.00,100 גרם,false,,16.50,0.1320,true,1,66872
7290105438539,false,קוקי נייר אפייה 40 יח',קוקי,IL,קוקי נייר אפייה 40יח,יחידה,0.00,יחידה,false,,9.90,0.0000,true,1,68909
7290105438546,false,קוקי נייר אפייה פרימיום 40 יח',קוקי,IL,קוקי נייר אפיה אקולו,יחידה,0.00,יחידה,false,,9.90,0.0000,true,1,88771
7290105439499,false,מיונז הולנדי 481 ג' מאסטר שף,רמיה סי.וי. הולנד,NL,מיונז מאסטר שף,גרמים,481.00,100 גרם,false,,10.90,0.0227,true,1,94304
7290105439505,false,מנה מאסטר שף קרם בטעם מיונז לייט 479 גר,רמיה סי.וי. הולנד,NL,מנה מאסטר שף קרם בטע,גרמים,479.00,100 גרם,false,,11.90,0.0248,true,1,98513
7290105439581,false,מנה מאסטר שף חרדל דיזיון צרפתי 370 גר,סאס קווינור,FR,חרדל דיז'ון מאסטר שף,גרמים,370.00,100 גרם,false,,10.90,0.0295,true,1,94583
7290105473950,false,חול חתולים מתגבש יור,יורוקיטי,IL,חול מתגבש יורוקיטי 5,קילוגרמים,5.00,"ק""ג",false,,39.90,7.9800,true,1,65908
7290105474049,false,מעדן לה קט מוס עוף 1,לה קט,,לה קט מוס עוף 155 גר,גרמים,155.00,100 גרם,false,,5.90,0.0381,true,1,105355
7290105474056,false,מעדן לה קט מוס סלמון,לה קט,,לה קט מוס סלמון 155,גרמים,155.00,100 גרם,false,,5.90,0.0381,true,1,107020
7290105474063,false,מעדן לה קט מוס כבד 1,יו פי אף,FR,לה קט מוס כבד 155 גר,גרמים,155.00,100 גרם,false,,5.90,0.0381,true,1,107021
7290105474070,false,מעדן לה קט מוס טונה,לה קט,,לה קט מוס טונה 155 ג,גרמים,155.00,100 גרם,false,,5.90,0.0381,true,1,105356
7290105474124,false,מזון לכלבים בונזו מז,"ביופט בע""מ",IL,"בונזו 12 קג כשל""פ",קילוגרמים,12.00,"ק""ג",false,,129.90,10.8250,false,1,64254
7290105474179,false,מארז מען לה קט פטה מולטיפק 100 גר 4 יח,LA NORMANDISE SA,FR,לה קט מעדן פטה מולטי,גרמים,400.00,100 גרם,false,,15.90,0.0398,true,1,104867
7290105475787,false,לה קט מארז שימורי שלישיה *400 ג',FIDELE SAS,FR,לה קט שלישיה,קילוגרמים,1.20,"ק""ג",false,,19.90,16.5833,true,1,100273
7290105500151,false,וודקה פינלנדיה בקבוק,"אלטיה קורפ, הלסינקי,",FI,וודקה פינלנדיה 700מל,מיליליטרים,700.00,"100 מ""ל",false,,59.90,0.0856,false,1,57079
7290105615770,false,שלישיית גרביים,,,שלישיית גרביים,יחידה,0.00,יחידה,false,,12.90,0.0000,true,1,102696
7290105691224,false,פריכונים חטיפי טורטיה שום בצל 60 ג' אוסם,"מיוצר ע""י PT, משווק",IL,חטיפי פריכונים טורטי,גרמים,60.00,100 גרם,false,,7.70,0.1283,false,1,51374
7290105691248,false,פריכונים חטיפי טורטיה תירס 60 ג' אוסם,"מיוצר ע""י PT, משווק",IL,חטיפי טורטיות,גרמים,60.00,100 גרם,false,,7.70,0.1283,false,1,51277
7290105691712,false,עוגיות הפסקת קפה חיטה מלאה אסם 230 גר',היינץ צפון אמריקה מק,IL,עוגיות הפסקת קפה חיט,גרמים,230.00,100 גרם,false,,10.90,0.0474,true,1,53730
7290105691934,false,"קמח שמרים 1ק""ג אוסם",תאי פרזידנט פוד פאבל,IL,קמח שמרים אסם 1 קג,קילוגרמים,1.00,"ק""ג",false,,10.90,10.9000,false,1,56000
7290105693341,false,במבה מארז 10 יח' * 25 ג' אסם,"אסם תעשיות בע""מ",IL,במבה אסם מאגדת 25*10,גרמים,250.00,100 גרם,false,,14.90,0.0596,false,1,63863
7290105693457,false,עוגת הבית דמקה שוקו וניל 320 ג' אסם,מיוצר עי קונדיטוריית,IL,עוגת הבית דמקה שוקו,גרמים,320.00,100 גרם,false,,14.50,0.0453,false,1,53733
7290105693952,false,פירורית זהב אסם זהב שומשום 200 ג',מיוצר עי קונדיטוריית,IL,פירורית זהב שומשום,גרמים,200.00,100 גרם,false,,6.00,0.0300,true,1,54206
7290105694614,false,פסטה ספגטי מהיר הכנה 500ג' אסם,פסטה זארה,IT,ספגטי מהיר הכנה אסם,גרמים,500.00,100 גרם,false,,7.90,0.0158,false,1,55082
7290105694928,false,אבקת מרק בצל רכיבים טבעיים 220 ג' אסם,"אסם תעשיות בע""מ",IL,אבקת מרק בצל רכיבים,גרמים,220.00,100 גרם,false,,16.00,0.0727,true,1,56065
7290105695024,false,אסם פתיתים אפויים אורז עם איטריות 500 גר,"אסם תעשיות בע""מ",IL,פתיתים אפויים אורז ע,גרמים,500.00,100 גרם,false,,7.50,0.0150,false,1,57196
7290105695321,false,עוגת שוקולד בראוניז פאדג' 380 ג',מיוצר עי קונדיטוריית,IL,עוגת בראוניס פאדג' א,גרמים,380.00,100 גרם,false,,18.60,0.0489,false,1,57021
7290105962331,false,זחוק אדום תימני מקורי חריף מאוד 220 גר,אף.סי תבליני בגליל ב,IL,סחוג חריף מאוד זהבי,גרמים,220.00,100 גרם,false,,12.50,0.0568,true,1,53691
7290105962980,false,כרוב אדום במיונז 400 ג' אחלה,מיוצר עי קונדיטוריית,IL,כרוב אדום 400 גר אחל,גרמים,400.00,100 גרם,false,,10.90,0.0273,true,1,54378
7290105962997,false,חצילים אחלה במיונז 400 גר',"שטראוס גרופ בע""מ",IL,חציל מיונז אחלה 400,גרמים,400.00,100 גרם,false,,10.90,0.0273,true,1,54379
7290105963000,false,סלט מטבוחה אחלה 400ג,מיוצר עי קונדיטוריית,IL,מטבוחה אחלה 400 גר,גרמים,400.00,100 גרם,false,,10.90,0.0273,true,1,54419
7290105964564,false,סלט חומוס אחלה 400גר,מיוצר עי קונדיטוריית,IL,חומוס אחלה 400 ג',גרמים,400.00,100 גרם,false,,7.90,0.0198,true,1,55915
7290105965738,false,יוגורט לשתיה בטעם תות בננה267 ג' דנונה,מיוצר עי קונדיטוריית,IL,דנונה לשתיה תות בננה,גרמים,267.00,100 גרם,false,,4.80,0.0180,true,1,64581
7290105966469,false,"חומץ בלסמי יד מרדכי 250מ""ל",אצטייה ג'וזפה קרמוני,IT,"חומץ בלסמי 250 מ""ל",מיליליטרים,250.00,"100 מ""ל",false,,15.90,0.0636,true,1,58398
7290105968654,false,רביולי בטטה פרווה פסטה נונה 400 ג',מיוצר עי קונדיטוריית,IL,רביולי בטטה פרווה 40,גרמים,400.00,100 גרם,false,,19.90,0.0497,true,1,56302
7290105968777,false,פריכיות עם תחתית שוקולד מריר 70 ג' אנרגי,"טחנת האבן תעשיות בע""",IL,פרכיות אנרג'י תחתית,גרמים,70.00,100 גרם,false,,8.40,0.1200,true,1,59368
7290106488090,false,רב שקע 3+כבל עם מפסק,,,רב שקע 3+כבל עם מפסק,יחידה,0.00,יחידה,false,,19.90,0.0000,true,1,93350
7290106488250,false,רב שקע 5+כבל,,,רב שקע 5+כבל,יחידה,0.00,יחידה,false,,21.90,0.0000,true,1,92186
7290106520066,false,רבע לשבע במילוי קרם אגוזים ובציפוי שוקולד חלב,הגביע מוצרי וופלים ב,IL,רבע לשבע גלילי וופל,גרמים,160.00,100 גרם,false,,12.40,0.0775,false,1,56881
7290106520288,false,יוגורט פרו חלבון עם תות 2.4% שומן 150 ג' דנונה,"שטראוס בריאות בע""מ",IL,דנונה פרו תות,גרמים,150.00,100 גרם,false,,4.50,0.0300,true,1,94097
7290106520905,false,סלט טורקי טעמי השוק,שטראוס גרופ,IL,סלט טורקי אחלה 400ג',גרמים,400.00,100 גרם,false,,15.00,0.0375,true,1,58277
7290106520912,false,"שמנת לבישול 9% 250 מ""ל יטבתה",שטראוס גרופ,IL,שמנת לבישול 9%,גרמים,258.00,100 גרם,false,,8.10,0.0314,false,1,59624
7290106521049,false,אחלה טעמי השוק קוביות סלק 400 גר,מיוצר עי קונדיטוריית,IL,קוביות סלק אחלה 400,גרמים,400.00,100 גרם,false,,15.00,0.0375,true,1,61932
7290106524439,false,תפוצ'יפס טבעי פופס 60גר',"שטראוס פריטו ליי בע""",IL,תפוצ'יפס פופס 60 גר',גרמים,60.00,100 גרם,false,,3.90,0.0650,false,1,104162
7290106525320,false,אבקת שוקולית לאפייה קופסא 500ג' עלית,הנסיך- מפעל לייצור ט,IL,שוקולית לאפיה 500 גר,גרמים,500.00,100 גרם,false,,17.50,0.0350,false,1,67166
7290106525368,false,גלילי וופל רבע לשבע אין סייד אוט 125 גר,הגביע מוצרי וופלים ב,IL,רבע לשבע אין סייד אא,גרמים,125.00,100 גרם,false,,12.40,0.0992,true,1,62811
7290106525399,false,קפסולות 06 ברזיל למכונות נספרסו עלית 10יח',הנסיך- מפעל לייצור ט,IL,קפסולות קפה למכונת נ,גרמים,50.00,100 גרם,false,,16.90,0.3380,false,1,95957
7290106525405,false,קפסולות למכונת נספרסו נטול קפאין,שטראוס קפה בי.וי,IL,קפסולות קפה נטול למכ,גרמים,50.00,100 גרם,false,,16.90,0.3380,false,1,66386
7290106526822,false,פריכיות אורז עם תחתית שוקולד חלב 80 ג' אנרגי,"טחנת האבן תעשיות בע""",IL,פריכיות עם תחתית שוק,גרמים,80.00,100 גרם,false,,8.40,0.1050,true,1,64124
7290106528567,false,חטיף דוריטוס גריל 185 גרם,שטראוס פריטו ליי (מל,IL,דוריטוס גריל 185 גר',גרמים,185.00,100 גרם,false,,7.50,0.0405,true,1,95507
7290106528628,false,חטיף דוריטוס טבעי 185 גרם,"שטראוס פריטו ליי בע""",IL,דוריטוס 185 גר' DiPP,גרמים,185.00,100 גרם,false,,7.50,0.0405,true,1,95713
7290106528949,false,שטראוס לקט ערוגות 45,שטראוס בריאות ירקות,IL,לקט ערוגות 450 גר,גרמים,450.00,100 גרם,false,,11.90,0.0264,true,1,65590
7290106571921,false,עוגיות פיטנס עוגיות חמוציות 180 גר',מיוצר עי קונדיטוריית,IL,עוגיות פיטנס חמוציות,גרמים,180.00,100 גרם,false,,11.50,0.0639,true,1,65500
7290106572027,false,אוסם - לחמית חמישה דגנים 190 גרם,"אסם תעשיות בע""מ",IL,לחמית חמישה דגנים,גרמים,190.00,100 גרם,false,,8.70,0.0458,true,1,57294
7290106572065,false,חטיפי פריכונים טורטיה חמוץ מתוק 60 גרם,"מיוצר ע""י PT, משווק",IL,חטיפי טורטיה חמוץ מת,גרמים,60.00,100 גרם,false,,7.70,0.1283,false,1,57315
7290106572997,false,"קמח שמרים לפיצה ופוקצ'ה אסם 1ק""ג","קוד יצרן TKMB, משווק",IL,קמח שמרים לפיצה,קילוגרמים,1.00,"ק""ג",false,,10.90,10.9000,false,1,58781
7290106573314,false,אוסם - קריספי טאפאס כפרי 150 גרם,מיוצר עי קונדיטוריית,IL,קריספי טאפאס כפרי,גרמים,150.00,100 גרם,false,,11.70,0.0780,true,1,63250
7290106573628,false,צבר חומוס עם טחינה 400גר,לחמנו,IL,חומוס עם טחינה 400 ג,גרמים,400.00,100 גרם,false,,12.00,0.0300,true,1,59845
7290106574793,false,עוגת הבית שוקו שוקוצ''יפס 350 ג' אסם,מיוצר עי קונדיטוריית,IL,עוגת שוקו שוקוצ'יפס,גרמים,350.00,100 גרם,false,,14.50,0.0414,false,1,61096
7290106574953,false,בייגלה שטוחים כעכים שטוחים עם שומשום,מיוצר עי קונדיטוריית,IL,בייגלה שטוחים שומשום,גרמים,300.00,100 גרם,false,,11.90,0.0397,true,1,61536
7290106574977,false,בייגלה שטוחים כעכים שטוחים עם מלח,מיוצר עי קונדיטוריית,IL,בייגלה שטוחים עם מלח,גרמים,300.00,100 גרם,false,,11.90,0.0397,true,1,61537
7290106575011,false,פתיתים אפויים קוסקוס פלוס חיטה מלא 400 ג,מיוצר עי קונדיטוריית,IL,פתיתים אפויים קוסקוס,גרמים,400.00,100 גרם,false,,6.90,0.0173,false,1,61754
7290106575257,false,עוגת הבית סופלה בטעם שוקולד 340 ג' אסם,מיוצר עי קונדיטוריית,IL,עוגת סופלה שוקולד,גרמים,340.00,100 גרם,false,,14.50,0.0426,false,1,63084
7290106575332,false,פתיתים אפויים פלוס בורגול 400 ג' אסם,"מיוצר ע""י קוד יצרן K",IL,פתיתים אפויים פלוס ב,גרמים,400.00,100 גרם,false,,7.50,0.0188,false,1,61756
7290106575431,false,עוגת הבית סופלה בטעם שוקוניל 340 ג' אסם,מיוצר עי קונדיטוריית,IL,עוגת סופלה בטעם שוקו,גרמים,340.00,100 גרם,false,,14.50,0.0426,false,1,63085
7290106576223,false,אפרופו מצופה שוקולד 40 ג'!,מיוצר עי קונדיטוריית,IL,אפרופו מצופה שוקולד,גרמים,40.00,100 גרם,false,,4.90,0.1225,false,1,97689
7290106576513,false,סלט חומוס צבר 400 גר,סלטי צבר,IL,חומוס 400 גר צבר,גרמים,400.00,100 גרם,false,,9.90,0.0248,true,1,64294
7290106576537,false,צבר חומוס מסעדה 700 גר,סלטי צבר,IL,חומוס מסעדות 700 ג',גרמים,700.00,100 גרם,false,,10.90,0.0156,false,1,62044
7290106576797,false,"לה קרמריה גלידת וניל איטלקי כשל""פ 1.4ל'",תות תעשיות מזון (201,IL,לה קרמריה וניל איטלק,ליטרים,1.40,ליטר,false,,22.90,16.3571,false,1,64096
7290106576810,false,גלידה לה קרמריה ריבת חלב 1.4 ל' נסטלה,לה קרמריה- נסטלה,IL,לה קרמריה ריבת חלב 1,ליטרים,1.40,ליטר,false,,22.90,16.3571,false,1,64097
7290106576834,false,גלידה לה קרמריה פונטש בננה1.4 ל' נסטלה,תות תעשיות מזון (201,IL,לה קרמריה פונטש בננה,ליטרים,1.40,ליטר,false,,22.90,16.3571,false,1,64098
7290106576858,false,גלידה לה קרמריה תותים בשמנת 1.4 ל' נסטלה,לה קרמריה- נסטלה,IL,לה קרמריה תותים בשמנ,ליטרים,1.40,ליטר,false,,22.90,16.3571,false,1,64099
7290106576957,false,"לה קרמריה גלידת שוקו וניל פליק פרווה כשל""פ 1.4",תות תעשיות מזון (201,IL,לה קרמריה שוקו וניל,ליטרים,1.40,ליטר,false,,22.90,16.3571,false,1,64103
7290106576995,false,גלידה סורבה לה קרמריה תות מנגו לייט 1.4 ל' נסטלה,לה קרמריה- נסטלה,IL,לה קרמריה לייט סורבה,ליטרים,1.40,ליטר,false,,22.90,16.3571,false,1,64105
7290106577039,false,גלידה לה קרמריה שוקו וניל פליק 1.4 ל' נסטלה,תות תעשיות מזון (201,IL,לה קרמריה שוקו וניל,ליטרים,1.40,ליטר,false,,22.90,16.3571,false,1,64106
7290106577282,false,צבר טחינה מרובע 400גרם,סלטי צבר,IL,טחינה צבר 400 גר,גרמים,400.00,100 גרם,false,,12.50,0.0313,true,1,62963
7290106577527,false,סלט קולסלאו כרוב לבן וגזר 400 ג' צבר,סלטי צבר,IL,סלט קולסלו 400 גר צב,גרמים,400.00,100 גרם,false,,12.50,0.0313,true,1,63016
7290106577541,false,צבר כרוב אדום מרובע 400גרם,סלטי צבר,IL,כרוב אדום צבר 400 גר,גרמים,400.00,100 גרם,false,,12.50,0.0313,true,1,62968
7290106577572,false,צבר מטבוחה מרובע 400גרם,סלטי צבר,IL,מטבוחה צבר 400 גר,גרמים,400.00,100 גרם,false,,12.50,0.0313,true,1,63039
7290106578241,false,דובונים חטיף תפוח אדמה,"אסם תעשיות בע""מ",IL,חטיף דובונים 100 גר,גרמים,100.00,100 גרם,false,,9.90,0.0990,false,1,64152
7290106578692,false,אוסם - במבה ביסלי מיקס 80 גרם,פרו מן יו פתרונות אר,IL,ביסלי -במבה מיקס 80,יחידה,0.00,יחידה,false,,4.90,0.0000,false,1,65488
7290106578821,false,הבית עוגת שמרים קלאסית בטעם שוקולד 350גר.,מיוצר עי קונדיטוריית,IL,עוגת שמרים שוקולד קל,גרמים,350.00,100 גרם,false,,18.60,0.0531,false,1,64726
7290106652996,false,כיף כף מקלות קוקוס חלבי 40 גר',סולן בעבור שטראוס,TR,כיף כף מקלות קוקוס,גרמים,40.00,100 גרם,false,,5.20,0.1300,true,1,152962
7290106653689,false,לקט לסלט בסגנון אסייתי,"שטראוס מזון טרי בע""מ",IL,לקט אסיאתי 350 גר,גרמים,350.00,100 גרם,false,,10.90,0.0311,true,1,99855
7290106654099,false,מילקי CAKE עוגות אישיות במילוי קרם חלב,אירו קייקס אס פי איי,IT,מארז מילקי CAKE שמינ,גרמים,272.00,100 גרם,false,,19.90,0.0732,true,1,94068
7290106658479,false,עלית וופל בטעם טורטית אגוזים 360גר,"שטראוס גרופ בע""מ",IL,טורטית מגדים 40 גר,גרמים,40.00,100 גרם,false,,4.00,0.1000,false,1,95844
7290106660410,false,רביולי תרד וגבינה שטראוס 400 ג',מיוצר עי קונדיטוריית,IL,רביולי תרד וגבינה 40,גרמים,400.00,100 גרם,false,,19.90,0.0497,true,1,67218
7290106663091,false,לאבנה טבעי 9% שטראוס 500ג',הדקלאים אגודת שיתופי,IL,לאבנה טבעי 9% שטראוס,גרמים,500.00,100 גרם,false,,17.90,0.0358,true,1,93149
7290106663121,false,מילקי cake עוגה אישית 34 גרם,בובארד איטליה אס.פי.,IT,מילקי Cake,גרמים,34.00,100 גרם,false,,3.00,0.0882,true,1,91586
7290106663183,false,צ'יטוס חטיף טעם גבינה 65ג,שטראוס גרופ,IL,צ'יטוס גבינה 65 גר',גרמים,65.00,100 גרם,false,,3.50,0.0538,true,1,100622
7290106663503,false,יד מרדכי קונפיטורת לייט תות 230 גר,אף.סי תבליני בגליל ב,IL,קונפיטורה לייט תות,גרמים,230.00,100 גרם,false,,12.90,0.0561,true,1,67898
7290106663558,false,"רוטב טריאקי ורימון יד מרדכי 280מ""ל",אף.סי תבליני בגליל ב,IL,רוטב טריאקי,מיליליטרים,320.00,"100 מ""ל",false,,13.90,0.0434,true,1,91223
7290106664067,false,לאבנה עם שמן זית וזעתר 10% שטראוס 400 ג',הדקלאים אגודת שיתופי,IL,לאבנה עם שמן זית וזע,גרמים,400.00,100 גרם,false,,14.50,0.0363,true,1,93290
7290106664555,false,"רוטב שמנת עם עגבניות 9% שומן 250 מ""ל יוטבתה",שטראוס גרופ,IL,רוטב שמנת עגבניות 9%,גרמים,250.00,100 גרם,false,,10.50,0.0420,true,1,92897
7290106664562,false,רוטב שמנת עם פטריות 9% שומן 258 ג' יוטבתה,שטראוס גרופ,IL,רוטב שמנת פטריות 9%,גרמים,250.00,100 גרם,false,,10.50,0.0420,true,1,90032
7290106666788,false,עלית - סוכריות נוסטלגיה דבש ממולאות 80 גרם,שטראוס גרופ,PL,סוכריות דבש עלית,גרמים,80.00,100 גרם,false,,5.50,0.0688,true,1,90827
7290106667266,false,חטיף דוריטוס חמוץ חריף 185 גרם,שטראוס פריטו ליי (מל,IL,דוריטוס חמוץ חריף 18,גרמים,185.00,100 גרם,false,,7.50,0.0405,true,1,95715
7290106668577,false,"מיץ לימון טבעי יד מרדכי 250 מ""ל",האי נאם סי או אל.טי.,IT,מיץ לימון טבעי 250 מ,מיליליטרים,250.00,"100 מ""ל",false,,8.50,0.0340,true,1,91476
7290106668713,false,יוגורט עם פירות יער 3% שומן 150 ג' דנונה,מיוצר עי קונדיטוריית,IL,דנונה פירות יער 3%,גרמים,150.00,100 גרם,false,,3.60,0.0240,true,1,91658
7290106669857,false,קפסולות 06 אספרסו בטעם וניל עלית 10יח',הנסיך- מפעל לייצור ט,IL,קפסולות קפה עלית בטע,גרמים,50.00,100 גרם,false,,16.90,0.3380,false,1,100441
7290106721807,false,אחלה סלט חציל פיקנטי מהדרין 400ג,מיוצר עי קונדיטוריית,IL,חציל פיקנטי אחלה 400,גרמים,400.00,100 גרם,false,,10.90,0.0273,true,1,94600
7290106721913,false,מסטיק מאסט MUST ללא סוכר בטעם מנטה מרעננת,"שטראוס גרופ בע""מ",IL,מאסט צנצנת פפרמינט צ,גרמים,66.00,100 גרם,false,,9.90,0.1500,true,1,91215
7290106721920,false,צנצנת מסטיק מאסט בטעם ספירמינט עדין 66 ג' עלית,"שטראוס גרופ בע""מ.",IL,מאסט צנצנת ספירמנט צ,גרמים,66.00,100 גרם,false,,9.90,0.1500,true,1,91216
7290106723689,false,עלי תרד בייבי שטראוס 200 גרם,שטראוס בריאות ירקות,IL,עלי תרד בייבי - שטרא,גרמים,200.00,100 גרם,false,,10.90,0.0545,true,1,67906
7290106725867,false,"סירופ מייפל טהור 189 מ""ל יד מרדכי",קוסלסי פוד,CA,סירופ מייפל טבעי 189,מיליליטרים,189.00,"100 מ""ל",false,,33.90,0.1794,true,1,93250
7290106725874,false,"סירופ מייפל טהור יד מרדכי 236 מ""ל",יד מרדכי,IL,סירופ מייפל טבעי 236,מיליליטרים,236.00,"100 מ""ל",false,,39.90,0.1691,true,1,93218
7290106726178,false,יוגורט PRO עם פירות יער 2.4% 10 גרם חלבון בגביע,מיוצר עי קונדיטוריית,IL,דנונה פרו פירות יער,גרמים,150.00,100 גרם,false,,4.50,0.0300,true,1,93154
7290106727984,false,כיף כף פצפוצים ושוקולד 135 ג',שולן צ'יקולטה גידה ס,TR,כיף כף פצפצים בגביע,גרמים,135.00,100 גרם,false,,10.90,0.0807,true,1,97108
7290106770577,false,גרוסליין - בלגה ממרח חלבה 350 גרם,"אלמונדס בע""מ",IL,ממרח חלבה 350 גרם,גרמים,350.00,100 גרם,false,,11.90,0.0340,true,1,119742
7290106772472,false,בלגה ממרח אגוזי לוז 350 גרם,"אלמנדוס בע""מ",IL,ממרח BELGA,גרמים,350.00,100 גרם,false,,11.90,0.0340,true,1,115157
7290106774018,false,אבקת קקאו אלמנדוס 40,"אלמונדס בע""מ",IL,אבקת קקאו 400 גר',גרמים,400.00,100 גרם,false,,29.90,0.0747,true,1,116928
7290106774087,false,דובדבנה אמרנה אלמנדו,"אלמונדס בע""מ",IL,דובדבן אמרנה,גרמים,350.00,100 גרם,false,,32.90,0.0940,true,1,116933
7290106774124,false,שבבי שוקולד מריר אלמ,"אלמונדס בע""מ",IL,שבבי שוקולד מריר,גרמים,110.00,100 גרם,false,,15.90,0.1445,true,1,116937
7290106774186,false,מיסטרל חלב לבן אלמנד,"אלמונדס בע""מ",IL,מיסטרל חלב לבן,גרמים,100.00,100 גרם,false,,24.90,0.2490,true,1,116942
7290106774209,false,פניני קראנץ מריר 140 גרם,"אלמונדס בע""מ",IL,פניני קראץ מריר,גרמים,140.00,100 גרם,false,,24.90,0.1779,true,1,116944
7290106774223,false,סוכריות מזרה בטעם שו,"אלמונדס בע""מ",IL,סוכריות מזרה בטעם שו,גרמים,230.00,100 גרם,false,,13.90,0.0604,true,1,116946
7290106774254,false,סוכריות עדשים צבעוני,"אלמונדס בע""מ",IL,סוכריות עדשים צבעוני,גרמים,250.00,100 גרם,false,,18.90,0.0756,true,1,116949
7290106774285,false,שוקולד מריר 60% 500 גרם,"אלמונדס בע""מ",IL,שוקולד מריר 60%,גרמים,500.00,100 גרם,false,,32.90,0.0658,true,1,116952
7290106774292,false,שוקולד מריר 70% 500 גרם,"אלמונדס בע""מ",IL,שוקולד מריר 70%,גרמים,500.00,100 גרם,false,,39.90,0.0798,true,1,116953
7290106774308,false,שוקולד חלב לאפיה אל,"אלמונדס בע""מ",IL,שוקולד חלב,גרמים,500.00,100 גרם,false,,35.90,0.0718,true,1,116954
7290106774315,false,שוקולד לבן לאפיה אלמ,"אלמונדס בע""מ",IL,שוקולד לבן,גרמים,500.00,100 גרם,false,,35.90,0.0718,true,1,116955
7290106774339,false,שוקולד ציפס מריר אלמ,"אלמונדס בע""מ",IL,שוקולד ציפס מריר,גרמים,500.00,100 גרם,false,,31.90,0.0638,true,1,116957
7290106775053,false,מחית נוגט פרווה 400 גרם,"אלמנדוס בע""מ",IL,מחית נוגט פרווה,גרמים,400.00,100 גרם,false,,24.90,0.0622,true,1,116960
7290107280013,false,מגבונים ליטופים ללא בושם חמישיה,טרופיקל דגיל קוסמטיק,IL,מגבונים ליטופים חמיש,יחידה,0.00,יחידה,false,,18.90,0.0000,false,1,61743
7290107280020,false,מטליות לחות סנו סושי לניקוי כללי שלישיה *50 יח',טרופיקל דגיל- תעשיות,IL,מטליות לחות שלישייה,יחידה,0.00,יחידה,false,,19.90,0.0000,false,1,60910
7290107280099,false,מגבוני טואלט לחים סנו סופט שלישייה * 48 יח',טרופיקל דגיל- תעשיות,IL,מגבונים נשטפים באסלה,יחידה,0.00,יחידה,false,,15.90,0.0000,true,1,66933
7290107280129,false,סנו סושי 20 שקיות אשפה חזקות גדולות XXL,אשפלסט תעשיות,IL,סנו סושי 20 שקיות אש,יחידה,0.00,יחידה,false,,22.90,0.0000,true,1,68878
7290107280341,false,ריצפז מטליות לחות לניקוי הרצפה בניחוח מלון מפנק,"סנו מפעלי ברונוס סע""",IL,ריצפז מטליות לחות לנ,יחידה,0.00,יחידה,false,,12.90,0.0000,true,1,114667
7290107280563,false,אוקסיג'ן ג'ל לכביסה בייבי 3ל',"איי, בי, אינבוו",IL,סנו אוקסיג'ן בייבי 3,ליטרים,3.00,ליטר,false,,31.90,10.6333,true,1,67793
7290107280570,false,סנו - מקסימה ג'ל כביסה מרוכז לכביסה צבעונית 3 ליטר,מיוצר עי קונדיטוריית,IL,ג'ל כביסה מקסימה מיק,ליטרים,3.00,ליטר,false,,31.90,10.6333,true,1,68499
7290107280587,false,סנובון סבון לאסלה דאבל אקשן בריח פרחים ורודים,סנו סנובון,,סנובון דאבל אקשן שלי,גרמים,165.00,100 גרם,false,,11.90,0.0721,true,1,93201
7290107280655,false,אבקת כביסה Baby לתינוקות ולעור רגיש,סנו מקסימה,IL,אבקת כביסה סנו מקסימ,קילוגרמים,3.25,"ק""ג",false,,29.90,9.2000,true,1,68879
7290107280709,false,"סנו ספארק נוזל הברקה למדיח 700 מ""ל","סנו מפעלי ברונוס בע""",IL,סנו ספארק נוזל הברקה,מיליליטרים,900.00,"100 מ""ל",false,,14.90,0.0166,true,1,90740
7290107280716,false,מלח למדיח להגנה מפני אבנית סנו ספארק Spark,סנו,IL,סנו ספארק מלח למדיח,קילוגרמים,2.00,"ק""ג",false,,12.90,6.4500,true,1,90741
7290107280723,false,נוזל לניקוי כלים סנו ספארק Spark בניחוח לימון רענן,סנו כימיקלים,IL,סנו ספארק נוזל כלים,מיליליטרים,700.00,"100 מ""ל",false,,9.90,0.0141,true,1,68340
7290107280730,false,נוזל לניקוי כלים סנו ספארק Spark בניחוח לבנדר,מיוצר עי קונדיטוריית,IL,סנו ספארק נוזל כלים,מיליליטרים,700.00,"100 מ""ל",false,,9.90,0.0141,true,1,68500
7290107280747,false,נוזל לניקוי כלים סנו ספארק Spark קלאסי,סנו כימיקלים,IL,סנו ספארק נוזל לניקו,מיליליטרים,700.00,"100 מ""ל",false,,9.90,0.0141,true,1,68341
7290107280754,false,נוזל כלים סנו ספארק Spark היפואלרגני פריחת השקד,סנו,IL,סנו ספארק נוזל כלים,מיליליטרים,700.00,"100 מ""ל",false,,9.90,0.0141,true,1,68501
7290107280761,false,נוזל לניקוי כלים בניחוח לימון רענן סנו ספארק Spark,מיוצר עי קונדיטוריית,IL,סנו ספארק נוזל כלים,ליטרים,1.00,ליטר,false,,11.90,11.9000,true,1,89544
7290107280822,false,סנו ריצפז פרש הום 2 ליטר בניחוח ספא,סנו פרש Fresh,IL,ריצפז פרש הום ספא מר,ליטרים,2.00,ליטר,false,,21.90,10.9500,false,1,91350
7290107544467,false,שעווה קרה להסרת שיער מיוחד למיקרוגל,אורנה 19 Orna,,שעווה קרה למיקרוגל 5,גרמים,500.00,100 גרם,false,,14.90,0.0298,true,1,167184
7290107644488,false,בייגל בייגל בייגלה שמיניות עם מלח 255 ג,בייגל בייגל,IL,בייגלה שמיניות מלח 2,גרמים,255.00,100 גרם,false,,6.50,0.0255,true,1,105343
7290107645584,false,אבקת מרק עוף אמיתי רכיבים טבעיים 400 גרם - רבנות,יוניליוור ישראל מזון,IL,קנור מרק עוף אמיתי ר,גרמים,400.00,100 גרם,false,,19.90,0.0497,false,1,113776
7290107645591,false,אבקת מרק בטעם עוף 100% רכיבים טבעיים 400 גרם,יוניליוור ישראל מזון,IL,קנור מרק טעם עוף רכי,גרמים,400.00,100 גרם,false,,14.90,0.0373,false,1,107339
7290107646062,false,אבקת מרק בצל רכיבים טבעיים קנור 400 ג',יוניליוור ישראל מזון,IL,מרק קנור בצל רכיבים,גרמים,400.00,100 גרם,false,,19.90,0.0497,false,1,107958
7290107646147,false,חטיף דגנים שוגי קורנפלקס שישייה * 26 ג',יוניליוור ישראל מזון,IL,חטיפי שוגי קורנפלקס,גרמים,156.00,100 גרם,false,,12.90,0.0827,false,1,102692
7290107646154,false,חטיף דגנים קוקומן פצפוצים טעם שוקו שישיה* 21 ג',יוניליוור ישראל מזון,IL,חטיפי קוקומן פצפוצים,גרמים,126.00,100 גרם,false,,12.90,0.1024,false,1,102693
7290107646383,false,סיף מטליות לחות לניקוי רצפות בניחוח לימו,עלבד משואות יצחק בעמ,IL,סיף מטליות לחות לניק,יחידה,0.00,יחידה,false,,12.90,0.0000,true,1,101279
7290107646826,false,שוגי חטיף פתיתי תירס קלויים בטעם שוקולד,יוניליוור ישראל מזון,IL,מאגדת חטיפי שוגי שוק,גרמים,138.00,100 גרם,false,,12.90,0.0935,false,1,105543
7290107646895,false,קנור - רוטב פסטה נפוליטנה 415 גרם חתם סופר,קונסורזיו קאסאלאסקו,IL,קנור רוטב לפסטה נפול,גרמים,415.00,100 גרם,false,,13.90,0.0335,true,1,102943
7290107646918,false,רוטב עגבניות ופלפלים לשקשוקה 415 ג' קנור,קונסורזיו קאסאלאסקו,IL,קנור רוטב שקשוקה 415,גרמים,415.00,100 גרם,false,,13.90,0.0335,true,1,102945
7290107646963,false,ממרח ספייסי מיו תלמה 250 גרם,תלמה,IL,תלמה ספייסי מיו 250,גרמים,250.00,100 גרם,false,,8.90,0.0356,true,1,167310
7290107647359,false,דומסטוס סבון אסלה 5 הפועלות בניחות אוקיינוס 3 יח' * 55 ג',יוניליוור פולין,PL,דומסטוס סבון אסלה או,גרמים,165.00,100 גרם,false,,14.90,0.0903,true,1,104697
7290107647366,false,דומסטוס סבון אסלה 5 הפועלות בניחות ליים 3 יח' * 55 ג',יוניליוור פולין,PL,דומסטוס סבון אסלה לי,גרמים,165.00,100 גרם,false,,14.90,0.0903,true,1,104698
7290107647656,false,מאגדת מיני סולרו קוקוס אננס 245 ג',"מיוצר ע""י גלידת שטרא",IL,מאגדת מיני סולרו קוק,גרמים,245.00,100 גרם,false,,25.90,0.1057,true,1,109501
7290107647731,false,קוקומן חום לבן בטעם שוקולד ווניל,אתר שפע - Food,IL,קוקומן חום לבן 375 ג,גרמים,375.00,100 גרם,false,,19.90,0.0531,false,1,103019
7290107647816,false,"דגני ברנפלקס ללא תוספת סוכר 500 גרם בד""צ",יוניליוור ישראל מזון,IL,ברנפלקס ללא תוספת סו,גרמים,500.00,100 גרם,false,,19.90,0.0398,false,1,103579
7290107647854,false,"שוגי מופחת סוכר תלמה 500 ג' בד""צ",יוניליוור ישראל מזון,IL,שוגי 500 גר',גרמים,500.00,100 גרם,false,,19.90,0.0398,false,1,102776
7290107648974,false,קנור רוטב עם בזיליקום לפסטה 415 גרם,יוניליוור,IL,קנור רוטב לפסטה בזיל,גרמים,415.00,100 גרם,false,,13.90,0.0335,true,1,108539
7290107648981,false,רוטב עגבניות קלאסי פומודורו 415 ג' קנור,מיוצר עי קונסורזייו,IL,קנור רוטב פומודורו ל,גרמים,415.00,100 גרם,false,,13.90,0.0335,true,1,105460
7290107649100,false,בייגלה טבעות שומשום 300 גר',בייגל את בייגל מזון,IL,טבעות שומשום 300 גר',גרמים,300.00,100 גרם,false,,8.90,0.0297,true,1,108776
7290107649681,false,שלגון קורנטו פסק זמן לבן,"מיוצר ע""י גלידת שטרא",IL,קורנטו פסק זמן,גרמים,64.00,100 גרם,false,,6.90,0.1078,true,1,110292
7290107649858,false,טילון מגנוםלבן -גלידת שמנת,"מיוצר ע""י גלידת שטרא",IL,טילון מגנום לבן,גרמים,100.00,100 גרם,false,,11.00,0.1100,true,1,111300
7290107741002,false,משטח סיליקון 100/45,,,משטח סיליקון 100/45,יחידה,0.00,יחידה,false,,11.90,0.0000,true,1,165957
7290107870047,false,"טילון אקסטרים מטבע ענק בראוניז, 115 ג'",תות תעשיות מזון (201,IL,אקסטרים ענק בראוניז,גרמים,115.00,100 גרם,false,,10.00,0.0870,true,1,68768
7290107871297,false,אוסם - מיני פריכונים עשבי תיבול 25 גרם,"מיוצר ע""י PT, משווק",IL,פריכונים מיני עשבי ת,גרמים,25.00,100 גרם,false,,4.20,0.1680,false,1,89926
7290107871532,false,מאגדת קרחונים דובדבן מלון 10 יח' נסטלה,גלידות נסטלה (נגה גל,IL,מאגדת קרחונים דובדבן,גרמים,750.00,100 גרם,false,,16.50,0.0220,true,1,89888
7290107871990,false,פסטה צינורות 500 גר אסם,פסטה זארה,IT,פסטה צינורות 500 גר,גרמים,500.00,100 גרם,false,,5.90,0.0118,false,1,66840
7290107874427,false,אוסם - מיני פריכונים זעתר 25 גרם,פרח תעשיות מזון,IL,פריכונים מיני זעתר 2,גרמים,25.00,100 גרם,false,,4.20,0.1680,false,1,90015
7290107874441,false,פריכונים מיני בצל מקורמל 25 גרם אסם,"מיוצר ע""י PT, משווק",IL,פריכונים מיני בצל מק,גרמים,25.00,100 גרם,false,,4.20,0.1680,false,1,89927
7290107874502,false,ביסלי גריל קדמ. מארז אחיד 10 4*55 גרם,מיוצר עי קונדיטוריית,IL,מארז ביסלי גריל,גרמים,220.00,100 גרם,false,,11.90,0.0541,false,1,96201
7290107875271,false,ביסלי ברביקיו קדמ. מארז אחיד10 4*55 גרם,"אסם תעשיות בע""מ",IL,מארז ביסלי ברבקיו,גרמים,220.00,100 גרם,false,,11.90,0.0541,false,1,96327
7290107875820,false,קרוטונים אפויים בתיבול ביתי אוסם 180 ג',עינת תעשיות מזון,IL,קרוטונים אפויים בתיב,גרמים,180.00,100 גרם,false,,11.90,0.0661,true,1,89894
7290107877619,false,מארז במבה במילוי קרם נוגט 5*30ג' אסם,"אסם תעשיות בע""מ",IL,מארז במבה נוגט 5*30,גרמים,150.00,100 גרם,false,,13.50,0.0900,true,1,99627
7290107879132,false,פריכיות פיטנס מיני פריכיות שוקולד חלב 22 ג',כרמית,IL,פיטנס מיני פריכיות,גרמים,22.00,100 גרם,false,,4.90,0.2227,true,1,98780
7290107879521,false,קרחוני לה פרוטה La Frutta תות שדה - 5 יח',גלידות נסטלה Nestle,IL,מאגדת שלגונים לה פרו,גרמים,350.00,100 גרם,false,,23.90,0.0683,true,1,95061
7290107879569,false,קרחון לה פרוטה שרבט מנגו מאגדת 5יח',גלידות נסטלה Nestle,IL,מאגדת שלגונים לה פרו,גרמים,350.00,100 גרם,false,,23.90,0.0683,true,1,95062
7290107930321,false,קונפיטורת יד מרדכי דובדובן 340 גרם,"בית אל מזון בע""מ",IL,קונפיטורה דבדבן יד מ,גרמים,340.00,100 גרם,false,,13.90,0.0409,true,1,92574
7290107931397,false,כיף כף פצפוצים במילוי שוקולד 40 גרם,שולן צ'יקולטה גידה ס,TR,כיף כף פיצפצים,גרמים,40.00,100 גרם,false,,5.20,0.1300,true,1,95523
7290107932080,false,חלב מועשר יוטבתה בבקבוק 3% 1 ליטר,מחלבת יטבתה,IL,חלב בקבוק 3% מועשר,ליטרים,1.00,ליטר,false,,7.50,7.5000,false,1,93127
7290107932134,false,חלב מועשר יוטבתה בבקבוק 1% 1 ליטר,מחלבת יטבתה,IL,חלב בקבוק 1% מועשר,ליטרים,1.00,ליטר,false,,7.50,7.5000,false,1,93129
7290107933155,false,הירק של מוטקה סלנובה,שטראוס בריאות ירקות,IL,לקט סלנובה 200 גר,גרמים,200.00,100 גרם,false,,12.90,0.0645,true,1,94233
7290107933193,false,שטראוס סלק מבושל בוו,לס לגוסודה סנצונוניו,ES,סלק מבושל 500 גר שטר,גרמים,500.00,100 גרם,false,,7.90,0.0158,true,1,93810
7290107934473,false,מארז 8 יח' אקטיביה יוגורט קרמי 1.5% שומן,דנונה - שטראוס,IL,אקטיביה שמיניה 1.5%,גרמים,1200.00,100 גרם,false,,19.90,0.0166,true,1,92675
7290107936309,false,דנונה יוגורט 7% יווני לבן 130 ג',"שטראוס בריאות בע""מ",IL,דנונה יווני לבן 7%,גרמים,130.00,100 גרם,false,,3.40,0.0262,true,1,98216
7290107936958,false,עד חצות ביסקוויט אצבעות שוקולד 125 גרם,הדקלאים אגודת שיתופי,FR,עד חצות אצבעות,גרמים,125.00,100 גרם,false,,10.90,0.0872,true,1,103166
7290107936965,false,עיגולים עד חצות עם שוקולד חלב 225 גר,ביסקווטרי עוגיות סנט,FR,עד חצות עיגולים,גרמים,225.00,100 גרם,false,,13.90,0.0618,true,1,103167
7290107937542,false,משקה יוגורט אקטיביה עם תות 1.2% שומן,מיוצר עי קונדיטוריית,IL,משקה אקטיביה תות,גרמים,265.00,100 גרם,false,,4.90,0.0185,true,1,95996
7290107937627,false,מסטיק מאסט Must קוביות ללא סוכר בטעם מנטה עדינה,אסקום קונפקשיין,IL,מסטיק מאסט קוביות ספ,גרמים,58.00,100 גרם,false,,9.90,0.1707,true,1,98201
7290107937641,false,מסטיק בצנצנת קוביות בזוקה 58 ג',אסקום קונפקשיין,IL,צנצנת בזוקה קוביות,גרמים,58.00,100 גרם,false,,9.90,0.1707,true,1,98203
7290107937856,false,קפסולות 11חזק למכונות נספרסו עלית 10יח',הנסיך- מפעל לייצור ט,IL,קפסולות קפה למכונות,גרמים,50.00,100 גרם,false,,16.90,0.3380,false,1,97840
7290107938396,false,"אקטימל משקה פרוביוטי תות 100X8 מ""ל",מיוצר עי קונדיטוריית,IL,אקטימל תות שמיניה,גרמים,864.00,100 גרם,false,,21.10,0.0244,true,1,96739
7290107939027,false,שטראוס גזר דק דק 250,שטראוס בריאות ירקות,IL,גזר חתוך דק דק 250 ג,גרמים,250.00,100 גרם,false,,6.90,0.0276,true,1,98314
7290107940030,false,חומוס אחלה 650 גרם,שטראוס גרופ,IL,חומוס אחלה 650 גר,גרמים,650.00,100 גרם,false,,8.90,0.0137,false,1,106108
7290107941259,false,"עדשים ירוקות מבושלות 475 גרם ""טעם הטבע",הורקסה לס לגונס דה ס,ES,עדשים ירוקות מבושלות,גרמים,475.00,100 גרם,false,,11.90,0.0251,true,1,98996
7290107941266,false,טעם הטבע שעועית אגומ,הורקסה לס לגונס דה ס,ES,שעועית אדומה מבושלת,גרמים,475.00,100 גרם,false,,13.90,0.0293,true,1,98997
7290107941273,false,"חומוס מבושל 475 גרם ""טעם הטבע",הורקסה לס לגונס דה ס,ES,חומוס מבושל -שטראוס,גרמים,475.00,100 גרם,false,,11.90,0.0251,true,1,98998
7290107942355,false,תפוציפס מקלות בטעם טבעי 60 גרם,"שטראוס פריטו ליי בע""",IL,תפוצ'יפס מקלות בטעם,גרמים,60.00,100 גרם,false,,3.90,0.0650,false,1,98678
7290107943192,false,"שמנת חמוצה מהערבה 27% שומן 200 מ""ל יטבתה",מחלבת יטבתה,IL,שמנת חמוצה מהערבה 27,גרמים,390.00,100 גרם,false,,4.00,0.0103,false,1,103164
7290107943369,false,קוואקר שיבולת שועל ללא גלוטן 511 גר'.,היידי שוקולד בירונטי,US,קוואקר שיבולת שועל ל,גרמים,511.00,100 גרם,false,,17.90,0.0350,true,1,102463
7290107944243,false,אפיפיות בטעם שוקולד 200 גרם כשר לפסח,"שטראוס גרופ בע""מ",IL,אפיפית עלית 200 גר,גרמים,200.00,100 גרם,false,,7.90,0.0395,true,1,102332
7290107945165,false,קונפיטורת יד מרדכי משמש 340 גר,אף.סי תבליני בגליל ב,IL,קונפיטורה משמש יד מר,גרמים,340.00,100 גרם,false,,13.90,0.0409,true,1,99911
7290107950190,false,מעדן חלב דל קלוריות בטעם שוקולד מריר 0.5% שומן,מיוצר עי קונדיטוריית,IL,מעדן שטראוס דיאט שוק,גרמים,130.00,100 גרם,false,,3.30,0.0254,true,1,98238
7290107950206,false,מעדן שטראוס דיאט 0% שוקולד 130ג',מיוצר עי קונדיטוריית,IL,מעדן שטראוס דיאט שוק,גרמים,130.00,100 גרם,false,,3.30,0.0254,true,1,98239
7290107951104,false,בפלות ופלים ארוכים בטעם שוקולד,"א.ג. גילרו בע""מ",IL,בפלות שוקולד 200 גר,גרמים,200.00,100 גרם,false,,4.30,0.0215,true,1,98669
7290107951111,false,בפלות ופלים ארוכים בטעם לימון,"א.ג. גילרו בע""מ",IL,בפלות לימון 200 גר,גרמים,200.00,100 גרם,false,,4.30,0.0215,true,1,98670
7290107951715,false,צנצנת מסטיק מאסט קוביות בטעם ענבים 58 ג' עלית,אסקום קונפקשיין,IL,צנצנת מסטיק מאסט קוב,גרמים,58.00,100 גרם,false,,9.90,0.1707,true,1,99872
7290107953559,false,קפה טורקי עלית לדרך שקיות 24X7ג',הנסיך- מפעל לייצור ט,IL,מארז קפה טורקי לדרך,גרמים,168.00,100 גרם,false,,19.90,0.1185,false,1,99343
7290107954709,false,קונפיטורת פירות יער 340 גר יד מרדכי,יד מרדכי,,קונפיטורה פירות יער,גרמים,340.00,100 גרם,false,,13.90,0.0409,true,1,101221
7290107954976,false,משקה חלב PRO עם קפה 1.5% 25 גרם חלבון בבקבוק,מחלבת יטבתה,DE,משקה יטבתה פרו קפה 3,מיליליטרים,350.00,"100 מ""ל",false,,6.30,0.0180,true,1,101591
7290107956543,false,דבש טהור מפרחי בר 900 ג' יד מרדכי,,,דבש יד מרדכי 900 גר,גרמים,900.00,100 גרם,false,,39.90,0.0443,false,1,106635
7290107956642,false,"תרסיס שמן זית יד מרדכי 150 מ""ל",פארייפאבה אגרואינדוס,ES,"תרסיס שמן זית 150 מ""",מיליליטרים,150.00,"100 מ""ל",false,,17.90,0.1193,true,1,105221
7290107956895,false,קפסולות 07 אספרסו בטעם קרמל עלית 10יח',שטראוס גרופ,IL,קפסולות אספרסו בטעם,גרמים,50.00,100 גרם,false,,16.90,0.3380,true,1,105564
7290107956901,false,קפסולות בטעם אגוזים למכונות נספרסו 50 גר,שטראוס גרופ,IL,קפסולות אספרסו בטעם,גרמים,150.00,100 גרם,false,,16.90,0.1127,true,1,103534
7290107956925,false,קפסולות 13 אוגנדה למכונת נספרסו עלית 10יח',שטראוס קפה בי.וי,IL,קפסולות קפה אוגנדה 1,גרמים,50.00,100 גרם,false,,16.90,0.3380,false,1,108149
7290107956932,false,קפסולות אספרסו אידונזיה למכונות 50 גר,שטראוס קפה בי.וי,IL,קפסולות קפה עלית אינ,גרמים,100.00,100 גרם,false,,16.90,0.1690,false,1,103016
7290107957069,false,"צנצנת עלמה בטעם אוכמניות לל""ס 66 גרם","שטראוס גרופ בע""מ",IL,צנצנת מסטיק עלמה אוכ,גרמים,66.00,100 גרם,false,,9.90,0.1500,true,1,103011
7290107957076,false,"צנצנת עלמה בטעם ספירמינט לל""ס 66 גרם","שטראוס גרופ בע""מ",IL,צנצנת מסטיק עלמה בטע,גרמים,66.00,100 גרם,false,,9.90,0.1500,true,1,103012
7290107957229,false,שוקולד צ'יפס מריר מעולה לאפיה עלית 250 ג',"פוליבה בע""מ",IL,נטיפי שוקולד צ'יפס מ,גרמים,250.00,100 גרם,false,,11.90,0.0476,true,1,105502
7290107957991,false,מילקי CAKE מיניס קרם חלב בציפוי שוקולד חלב שקית 16X9ג',בובארד איטליה אס.פי.,IT,מילקי קייק מיניס,גרמים,144.00,100 גרם,false,,13.90,0.0965,true,1,107365
7290107958035,false,יוגורט במתיקות מעודנת 2% ללא תוספת סוכר- מארז 8 יח,דנונה - שטראוס,IL,מארז דנונה מתיקות מע,גרמים,960.00,100 גרם,false,,18.50,0.0193,true,1,103442
7290107971539,false,חטיף בוטנים וקשיו עם שוקולד מריר ללא גלוטן,אמקו סאם מילס ספול.,CZ,פרי חטיף בוטנים וקשי,גרמים,140.00,100 גרם,false,,16.50,0.1179,true,1,95973
7290107971744,false,"קולגייט - מי פה טוטל ירוק ספרמינט 500 מ""ל",יבואן ומשווק: ש. שסט,PL,קולגייט מי פה טוטל י,מיליליטרים,500.00,"100 מ""ל",false,,29.90,0.0598,true,1,95864
7290107973014,false,פלמוליב סבון ידיים חלב ודבש 300 מ'ל,הנסיך- מפעל לייצור ט,TR,פלמוליב סבון ידיים ח,מיליליטרים,300.00,"100 מ""ל",false,,10.90,0.0363,true,1,96650
7290107973038,false,"פלמוליב סבון ידיים אקווריום 300 מ""ל",הנסיך- מפעל לייצור ט,TR,פלמוליב סבון ידיים א,מיליליטרים,300.00,"100 מ""ל",false,,10.90,0.0363,true,1,96652
7290107973311,false,קולגייט מברשת שיניים 360 פחם זהב זוג,הנסיך- מפעל לייצור ט,CN,זוג מברשות קולגייט 3,יחידה,0.00,יחידה,false,,24.90,0.0000,true,1,95866
7290107973809,false,שימורי עגבניות קוביות 400 ג' מאסטר שף,פראנו אריקו ופיגלי ס,IT,מנה קוביות עגבניות 4,גרמים,400.00,100 גרם,false,,6.00,0.0150,true,1,97702
7290107973861,false,מאסטר שף עגבניות חתוך דק אריזת שלישייה,קונסרזיו קאסאלאסקו ד,IT,עגבניות קצוצות שלישי,גרמים,1200.00,100 גרם,false,,15.90,0.0133,true,1,97303
7290107974066,false,"עלי טורטיה קמח מלא 20ס""מ 8יח' מאסטר שף 320ג'",אלקאטי קורביישיסי גי,ES,עלי טורטיה קמח מלא 2,גרמים,320.00,100 גרם,false,,9.90,0.0309,true,1,96323
7290107974073,false,מנה עלי טורטיה קמח לבן מ.שף 20 סמ 320 גר,אלקאטי קורביישיסי גי,ES,עלי טורטיה קמח לבן 2,גרמים,320.00,100 גרם,false,,9.90,0.0309,true,1,96324
7290107974080,false,מנה עלי טורטיה קמח לבן מ.שף 25 סמ 840 גר,הדקלאים אגודת שיתופי,DE,עלי טורטיה קמח לבן 2,גרמים,840.00,100 גרם,false,,16.90,0.0201,true,1,96325
7290107974806,false,"אורז בסמטי 1 ק""ג מאסטר שף",דווה סינג שיהם סינג,IN,אורז בסמטי מנה 1 קג,קילוגרמים,1.00,"100 ק""ג",false,,11.90,11.9000,true,1,99761
7290107974813,false,"אורז יסמין 1 ק""ג מאסטר שף",מאסטר שף,,אורז יסמין 1 קג מנה,קילוגרמים,1.00,"ק""ג",false,,10.90,10.9000,true,1,99223
7290107974820,false,מנה מאסטר שף ממרח מתובל ספייסי 248 גר,מאסטר שף,NL,ממרח מתובל ספייסי,גרמים,250.00,100 גרם,false,,7.90,0.0316,true,1,98514
7290107974837,false,מנה מאסטר שף ממרח מתובל שום 246 גר,מאסטר שף,NL,ממרח מתובל שום מנה,גרמים,250.00,100 גרם,false,,7.90,0.0316,true,1,98515
7290107975278,false,דאודורנט סטיק עם הגנת אלוורה Aloe Protection,ליידי ספיד סטיק Lady Speed Stick,US,ליידי ספיד סטיק אלוו,יחידה,0.00,יחידה,false,,19.90,0.0000,true,1,100882
7290107975285,false,דאו לנערות תות מתוק ליידי ספיד סטיק 65 ג,ליידי ספיד סטיק Lady Speed Stick,US,לידי ספיד סטיק נערות,יחידה,0.00,יחידה,false,,19.90,0.0000,true,1,102122
7290107975360,false,ליידי ספיד סטיק פיור פרשנס ג'ל נשים 65ג',ליידי ספיד סטיק Lady Speed Stick,US,ליידי ספיד סטיק ג'ל,יחידה,0.00,יחידה,false,,19.90,0.0000,true,1,101273
7290107975544,false,"קולגייט משחת שיניים סמיילס ברבי לגילאי 6 50מ""ל",קולגייט פלמוליב,PL,קולגייט סמיילס ברבי,מיליליטרים,50.00,"100 מ""ל",false,,10.90,0.2180,true,1,100611
7290107976589,false,קולגייט שטיפת פה אופטיק וויט 250 מל,שסטוביץ,PL,קולגייט מי פה אופטיק,מיליליטרים,250.00,"100 מ""ל",false,,13.90,0.0556,true,1,164030
7290107976848,false,פלמוליב סבון מוצק קמומיל רביעייה 360 ג,קולגייט פלמוליב,TR,פלמוליב סבון מוצק קמ,גרמים,360.00,100 גרם,false,,17.00,0.0472,true,1,105671
7290107976916,false,"פלמוליב סבון ידיים חלב זיתים 300 מ""ל",פלמוליב Palmolive,IT,פלמוליב סבון ידיים ח,מיליליטרים,30.00,"100 מ""ל",false,,10.90,0.3633,true,1,101761
7290107977456,false,"פלמוליב - ג'ל רחצה ושמפו ספורט לגבר 750 מ""ל",קולגייט פלמוליב,TR,פלמוליב לגבר ג'ל רחצ,מיליליטרים,750.00,"100 מ""ל",false,,19.90,0.0265,true,1,113494
7290107977753,false,"משחת שיניים פרודונט אקספרט מרידול , 75 מ""ל",מרידול Meridol,PL,מרידול משחת שיניים פ,מיליליטרים,75.00,"100 מ""ל",false,,24.90,0.3320,true,1,103205
7290107978101,false,מש.שיניים קולגייט א.וויט אקסטרה פאוור 75,קולגייט-פלמוליב,PL,קולגייט אופטיק וייט,מיליליטרים,75.00,"100 מ""ל",false,,25.90,0.3453,true,1,105670
7290107978330,false,מאסטר שף איטריות דקות 400 גרם,הדקלאים אגודת שיתופי,PL,איטריות דקות מאסטר ש,גרמים,400.00,100 גרם,false,,5.90,0.0148,true,1,101509
7290107978347,false,מאסטר שף איטריות בינוניות 400 גר,הדקלאים אגודת שיתופי,PL,איטריות בינוניות מאס,גרמים,400.00,100 גרם,false,,5.90,0.0148,true,1,101510
7290107979191,false,"תבניות אלומיניום פלוס נייר אפיה 40/34 ס""מ XL",HAI PLASTIC,CN,תבנית אלומיניום קוקי,יחידה,0.00,יחידה,false,,9.90,0.0000,true,1,101980
7290108070316,false,שקיות מודפסות מותגים,,,בלונים איכותיים 50'ח,יחידה,0.00,יחידה,false,,10.90,0.0000,true,1,97627
7290108074888,false,נרות ג'מבו,,,נרות ג'מבו,יחידה,0.00,יחידה,false,,6.40,0.0000,true,1,95852
7290108074895,false,נרות ג'מבו כוכבים פר,,,נרות ג'מבו כוכבים פר,יחידה,0.00,יחידה,false,,6.40,0.0000,true,1,96299
7290108079357,false,מארז בלונים על מקל לניפוח עצמי HAPPY BIRTHDAY - כסף,,,מארז בלונים על מקל ל,יחידה,0.00,יחידה,false,,20.00,0.0000,true,1,102874
7290108184310,false,נורת E27 תואם ליבון,,,נורת E27 תואם ליבון,יחידה,0.00,יחידה,false,,14.90,0.0000,true,1,98037
7290108187519,false,נורת תואם ליבון 27E,,,נורת תואם ליבון 27E,יחידה,0.00,יחידה,false,,11.90,0.0000,true,1,99702
7290108187526,false,נורת E27 תואם ליבון,,,נורת E27 תואם ליבון,יחידה,0.00,יחידה,false,,11.90,0.0000,true,1,98044
7290108187533,false,נורת E27 תואם ליבון,,,נורת E27 תואם ליבון,יחידה,0.00,יחידה,false,,9.90,0.0000,true,1,98039
7290108187571,false,נורת ליבון LED,,,נורת ליבון LED,יחידה,0.00,יחידה,false,,21.90,0.0000,true,1,99712
7290108187588,false,נורת ליבון LED,,,נורת ליבון LED,יחידה,0.00,יחידה,false,,21.90,0.0000,true,1,99713
7290108201437,false,"אבקת כביסה קולון 101 2.5 ק""ג",רקיט בנקיזר,,אבקת כביסה קולון 2.5,קילוגרמים,2.50,"ק""ג",false,,19.90,7.9600,true,1,100174
7290108201802,false,"ספריי דטול לחיטוי בניחוח כביסה 400 מ""ל",רקיט בנקיזר,US,דטול ספריי חיטוי בני,יחידה,0.00,יחידה,false,,17.90,0.0000,true,1,108023
7290108350128,false,סנו סושי שקיות אשפה חזקות במיוחד 40 יח',מיוצר עי קונדיטוריית,IL,סנו סושי 40 שקיות אש,יחידה,0.00,יחידה,false,,24.90,0.0000,true,1,68881
7290108350203,false,כריות קרצוף אקסטרה חזקות עם ספוג מקציף - 6 יח',סנו סושי,IL,סקוטש+ספוג EXTRA,יחידה,0.00,יחידה,false,,10.00,0.0000,true,1,96356
7290108350531,false,סנו ספארק נוזל כלים בניחוח קלאסי עם משאבה 1 ל',מיוצר עי קונדיטוריית,IL,נוזל לכלים ספארק משא,ליטרים,1.00,ליטר,false,,11.90,11.9000,true,1,91295
7290108350548,false,סנו ספארק נוזל כלים בניחוח לבנדר עם משאבה 1 ל',מיוצר עי קונדיטוריית,IL,נוזל כלים ספארק משאב,ליטרים,1.00,ליטר,false,,11.90,11.9000,true,1,91296
7290108350555,false,נוזל כלים סנו ספארק Spark היפואלרגני פריחת השקד,סנו,IL,נוזל כלים ספארק משאב,ליטרים,1.00,ליטר,false,,11.90,11.9000,true,1,91297
7290108350616,false,סנו - מקסימה מרכך כביסה מרוכז פריחה כחולה 1 ליטר,"סנו מפעלי ברונוס בע""",IL,מרכך מרוכז מקסימה 1,ליטרים,1.00,ליטר,false,,16.90,16.9000,true,1,96550
7290108350623,false,מרכך כביסה סופר מרוכז סופט סילק מקסימה 1 ל' סנו,"סנו מפעלי ברונוס בע""",IL,מרכך מרוכז מקסימה 1,ליטרים,1.00,ליטר,false,,16.90,16.9000,true,1,96551
7290108350685,false,"מנקה למדיח כלים סנו ספארק 250 מ""ל",סנו,IL,ספארק מנקה למדיח 250,מיליליטרים,250.00,"100 מ""ל",false,,12.90,0.0516,true,1,104712
7290108350692,false,"אבקת כביסה מקסימה 6 ק""ג סנו",סנו מפעלי ברונוס בעמ,IL,"מקסימה בלאק 6 ק""ג",קילוגרמים,6.00,"100 ק""ג",false,,49.90,8.3167,true,1,98446
7290108350715,false,"סנו פורטה FREE נוזל מרוכז להסרת שומנים 750 מ""ל",סנו,IL,סנו פורטה free,מיליליטרים,750.00,"100 מ""ל",false,,13.90,0.0185,false,1,98545
7290108351149,false,סנו - ג'ט לניקוי כללי ורצפות בתוספת אבקת סודה 1.5 ליטר,"סנו מפעלי ברונוס בע""",IL,סנו ג'ל לניקוי כללי,ליטרים,1.50,ליטר,false,,13.90,9.2667,true,1,99221
7290108351156,false,סנו - ג'ט לניקוי כללי ורצפות בתוספת חומץ 1.5 ליטר,"סנו מפעלי ברונוס בע""",IL,סנו ג'ל לניקוי כללי,ליטרים,1.50,ליטר,false,,13.90,9.2667,true,1,99222
7290108351507,false,מרכך כביסה מקסימה סופט סילק 4 ל' סנו,סנו מקסימה,IL,מרכך כביסה אינספרישי,ליטרים,4.00,ליטר,false,,21.90,5.4750,false,1,98940
7290108351514,false,מרכך כביסה בבישום עוצמתי פריחה כחולה,סנו מקסימה,IL,מרכך כביסה פריחה כחו,ליטרים,4.00,ליטר,false,,21.90,5.4750,false,1,98941
7290108351552,false,"סנו - ג'ט לניקוי כללי בתוספת חומץ בניחוח לבנדר 750 מ""ל","סנו מפעלי ברונוס בע""",IL,סנו ג'ט פלוס לניקוי,מיליליטרים,750.00,"100 מ""ל",false,,12.90,0.0172,true,1,103909
7290108351569,false,מבשם ומרכך למייבש כביסה Baby לתינוקות ולעור רגיש,"סנו מפעלי ברונוס בע""",IL,מקסימה למייבש בייבי,מיליליטרים,750.00,"100 מ""ל",false,,19.90,0.0265,true,1,101428
7290108351583,false,"סנו - ג'ט פלוס חומץ ג'ל לניקוי אסלות לבנדר 750 מ""ל",טרופיקל דגיל תעשיות,IL,סנו ג'ט לניקוי אסלות,מיליליטרים,750.00,"100 מ""ל",false,,11.90,0.0159,true,1,106315
7290108351590,false,"סנופרש הום בלו בלוסון בניחוח מרכך כביסה 350 מ""ל",סנו פרש Fresh,IL,סנו פרש מבשם לבית נט,מיליליטרים,350.00,"100 מ""ל",false,,12.90,0.0369,true,1,101347
7290108351613,false,סנו ריצפז פרש הום 2 ליטר בניחוח מלון חלומי,"סנו מפעלי ברונוס בע""",IL,ריצפז פרש הום מלון 2,ליטרים,2.00,ליטר,false,,21.90,10.9500,false,1,100823
7290108351699,false,סנו - ג'ט מטליות לחות לניקוי כללי בתוספת חומץ לבנדר שלישיה,סנו מפעלי ברונוס על,IL,מגבונים ג'ט+חומץ מאר,יחידה,0.00,יחידה,false,,19.90,0.0000,true,1,107381
7290108351705,false,פניני בישום fresh linen גר 275,value smart prodacts,IL,פניני בישום לכביסה F,גרמים,275.00,100 גרם,false,,29.90,0.1087,true,1,113320
7290108351712,false,פניני בישום לכביסה 275 ג' מקסימה,value smart prodacts,IL,פניני בישום לכביסה L,גרמים,275.00,100 גרם,false,,29.90,0.1087,true,1,113321
7290108351743,false,"סנו נוזל לניקוי כללי אקולוגי 750 מ""ל GREEN POWER",סנו,IL,נוזל לניקוי כללי אקו,מיליליטרים,750.00,"100 מ""ל",false,,14.90,0.0199,true,1,116083
7290108351781,false,ג'ל לניקוי אסלות + חומץ ומלח לימון בריח הדרים,"סנו מפעלי ברונוס בע""",IL,סנו ג'ט לניקוי אסלות,מיליליטרים,750.00,"100 מ""ל",false,,11.90,0.0159,true,1,108719
7290108351804,false,סנו - מקסימה מרכך כביסה מרוכז ג'נטל בריז 1 ליטר,מיוצר עי קונדיטוריית,IL,מרכך כביסה מקסימה סו,ליטרים,1.00,ליטר,false,,16.90,16.9000,false,1,112519
7290108351811,false,מקסימה מרכך כביסה סופר מרוכז פלור טאצ' 1 ליטר,מיוצר עי קונדיטוריית,IL,מרכך כביסה מקסימה סו,ליטרים,1.00,ליטר,false,,16.90,16.9000,false,1,112520
7290108351835,false,מרכך כביסה בבישום עוצמתי פלורל טאצ',מיוצר עי קונדיטוריית,IL,מרכך כביסה סנו מקסימ,ליטרים,4.00,ליטר,false,,21.90,5.4750,false,1,113795
7290108351842,false,"מקסימה בושם מרוכז לכביסה FOREVER כחול 600מ""ל","איי, בי, אינבוו",IL,מקסימה בושם מרוכז לכ,מיליליטרים,600.00,"100 מ""ל",false,,21.90,0.0365,true,1,109151
7290108351859,false,"מקסימה בושם מרוכז לכביסה FOREVER ורוד 600מ""ל",סנו מקסימה,IL,מקסימה בושם מרוכז לכ,מיליליטרים,600.00,"100 מ""ל",false,,21.90,0.0365,true,1,109152
7290108351866,false,"מקסימה בושם מרוכז לכביסה FOREVER בורדו 600מ""ל",סנו מקסימה,IL,מקסימה בושם מרוכז לכ,מיליליטרים,600.00,"100 מ""ל",false,,21.90,0.0365,true,1,109153
7290108351910,false,סנו ספארק טבליות למדיח 30 יח',גרופה אינקו,PL,טבליות למדיח ספארק 3,יחידה,0.00,יחידה,false,,21.90,0.0000,true,1,109586
7290108351927,false,סנו ספארק טבליות למדיח 70 יח',סנו,IL,טבליות למדיח ספארק 7,יחידה,0.00,יחידה,false,,39.90,0.0000,true,1,109587
7290108351965,false,סנו ג'ט סבון אסלה בחומץ שלישיה,סנו מפעלי ברונוס בעמ,IL,סבון אסלה ג'ט+חומץ,גרמים,55.00,100 גרם,false,,11.90,0.2164,true,1,110968
7290108351996,false,"חיטוי בייבי 99.9% לחיטוי וניקוי בסביבת תינוקות 750 מ""ל",החברה הדרומית,IL,מתז בייבי לחיטוי וני,מיליליטרים,750.00,"100 מ""ל",false,,14.90,0.0199,true,1,111180
7290108352061,false,משחת שיניים 145ג 'אורביטול Charcoal Go White,אורביטול,IL,משחת שיניים עם פחם א,גרמים,145.00,100 גרם,false,,14.90,0.1028,true,1,167796
7290108352207,false,מקסימה קפסולות לכביסה פלורל 40 יחידות,טרופיקל דגיל תעשיות,IL,קפסולות לכביסה 40 יח,יחידה,0.00,יחידה,false,,31.90,0.0000,true,1,116758
7290108352221,false,סנופרש הום מבשם נוזלי בניחוח מלון מפנק,סנו מפעלי ברונוס בעמ,IL,סנו פרש הום מלון מפנ,מיליליטרים,350.00,"100 מ""ל",false,,12.90,0.0369,true,1,117379
7290108352252,false,נוזל לניקוי כלים מתאים לניקוי ירקות ופירות סנו ספארק,"סנו מפעלי ברונוס בע""",IL,ספארק נוזל כלים משאב,ליטרים,1.00,ליטר,false,,11.90,11.9000,true,1,117831
7290108352269,false,סנו מטליות לחיטוי ולניקוי בדלי 400 יחידו,החברה הדרומית,IL,מטליות לחיטוי וניקוי,יחידה,0.00,יחידה,false,,29.90,0.0000,false,1,116735
7290108352290,false,שלישיית מטליות לחיטוי ולניקוי לחדר האמבטיה,מיוצר עי קונדיטוריית,IL,מטליות לחות שלישייה,יחידה,0.00,יחידה,false,,21.90,0.0000,true,1,118866
7290108352344,false,"סנו - פרש מילוי למטהר אוויר מלון בוטיק 250 מ""ל",מיוצר עי קונדיטוריית,IL,סנו פרש הום אוטומטיק,מיליליטרים,250.00,"100 מ""ל",false,,14.90,0.0596,true,1,117484
7290108352351,false,"סנו תרסיס לחיטוי משטחים 99.9% - 400 מ""ל","סנו מפעלי ברונוס בע""",IL,תרסיס לחיטוי 99.9% ל,מיליליטרים,400.00,"100 מ""ל",false,,19.90,0.0497,true,1,116385
7290108352399,false,ריצפז פרש הום בניחוח מרכך כביסה פלורל טאצ',"סנו מפעלי ברונוס בע""",IL,ריצפז פרש הום 2 ליטר,ליטרים,2.00,ליטר,false,,21.90,10.9500,false,1,165125
7290108352450,false,ריצפז פרש הום בניחוח מרכך כביסה בלו בלוסום,סנו מפעלי ברונוס בעמ,IL,ריצפז פרש הום בניחוח,ליטרים,2.00,ליטר,false,,21.90,10.9500,false,1,119792
7290108352566,false,מרכך כביסה בבישום עוצמתי 4 ל' סנו מקסינה,"סנו מפעלי ברונוס בע""",IL,מרכך כביסה 4 ליטר סנ,ליטרים,4.00,ליטר,false,,21.90,5.4750,false,1,165124
7290108352573,false,מרכך כביסה מקסימה בבישום עוצמתי 4 ל' סנו,סנו,IL,מרכך כביסה סנו מקסימ,ליטרים,4.00,ליטר,false,,21.90,5.4750,false,1,166742
7290108352641,false,סנו סושי מטלית הפלא לניקוי כללי במארז שלישייה,סנו מפעלי ברונוס.,IL,סנו סושי מטלית הפלא,יחידה,0.00,יחידה,false,,14.90,0.0000,true,1,101302
7290108352672,false,מטלית הפלא לריצפה זוג סנו סושי,סנו מפעלי ברונוס.,CN,סנו סושי מטליות הפלא,יחידה,0.00,יחידה,false,,19.90,0.0000,true,1,101329
7290108352702,false,מגבוני טואלט לחים סנו סופט בוב ספוג שלישיה,סנו סופט Soft,IL,מגבונים בוב ספוג שלי,יחידה,0.00,יחידה,false,,15.90,0.0000,true,1,95513
7290108352788,false,שקיות סנו סושי L זיפר 20 יח,פיין ונטג,IL,סושי שקיות זיפר 20 י,יחידה,0.00,יחידה,false,,12.90,0.0000,true,1,109837
7290108352795,false,שקיות סנו סושי M זיפר 50 יח,סנו סושי,IL,סושי שקיות זיפר 50 י,יחידה,0.00,יחידה,false,,12.90,0.0000,true,1,109838
7290108352801,false,"שקיות אשפה S לפחים קטנים 56*45 ס""מ בניחוח עדין","סנו מפעלי ברונוס בע""",IL,שקיות אשפה לפח קטן,יחידה,0.00,יחידה,false,,19.90,0.0000,true,1,106125
7290108352818,false,מטלית במבוק לניקוי דוחה ריחות רעים,טרופיקל דגיל תעשיות,CN,סנו מטלית במבוק לניק,יחידה,0.00,יחידה,false,,7.90,0.0000,true,1,109276
7290108352849,false,שלישיית מטליות הפלא לניקוי כללי דקור סנו סושי,טרופיקל דגיל תעשיות,IL,מטלית הפלא לניקוי כל,יחידה,0.00,יחידה,false,,14.90,0.0000,true,1,119117
7290108352863,false,סנו סושי שקיות צלייה 20יח' מידה L,מיוצר עי קונדיטוריית,IL,סנו סושי 20 שקיות צל,יחידה,0.00,יחידה,false,,7.90,0.0000,true,1,108018
7290108352870,false,סנו סושי שקיות צלייה 10יח' מידה XL,מיוצר עי קונדיטוריית,IL,סנו סושי 10 שקיות צל,יחידה,0.00,יחידה,false,,7.90,0.0000,true,1,108019
7290108352887,false,"זוג מפות שולחן עשויות מבד בלתי ארוג 180*120 ס""מ",מיוצר עי קונדיטוריית,IL,סנו סושי זוג מפות שו,יחידה,0.00,יחידה,false,,9.90,0.0000,true,1,108298
7290108352894,false,סנו סושי מפת שולחן חגיגית,שואוגאנג,IL,סנו סושי מפת שולחן ח,יחידה,0.00,יחידה,false,,8.50,0.0000,true,1,110374
7290108352900,false,סנו סושי מגבות הפלא גליל כפול 6 גלילים,סנו מפעלי ברונוס בעמ,IL,מגבות הפלא גליל כפול,יחידה,0.00,יחידה,false,,22.90,0.0000,true,1,111882
7290108353006,false,שקיות מזון נקשרות סנו סושי 250 יח',מיוצר עי קונדיטוריית,IL,שקיות אוכל סנו,יחידה,0.00,יחידה,false,,12.90,0.0000,true,1,111495
7290108353075,false,סנו סושי מפיות אירוח עבות 3שכבות 50 יח',סנו סושי,IL,סנו סושי 50 מפיות אי,יחידה,0.00,יחידה,false,,14.90,0.0000,true,1,111267
7290108353099,false,ממחטות אף במארז ניילון סנו סופט 5 יח' * 100 דף,טרופיקל דגיל תעשיות,IL,סנו soft ממחטות אף ב,יחידה,0.00,יחידה,false,,13.90,0.0000,true,1,112663
7290108353334,false,"שמפו למניעת קשקשים עם שמן עץ התה ואסאי 700 מ""ל כיף",קוסמופארם בעמ,IL,כיף שמפו למניעת קשקש,מיליליטרים,700.00,"100 מ""ל",false,,10.90,0.0156,true,1,113991
7290108353433,false,שטיפת פה לרעננות מתמשכת מנטה עדין Protect & Fresh,"קוסמופארם בע""מ",IL,מי פה פרש רענן 500 מ,מיליליטרים,500.00,"100 מ""ל",false,,19.90,0.0398,true,1,109047
7290108353440,false,אורביטול צמד מברשות שיניים 12000 סיבים,החברה הדרומית,CN,צמד מברשות שיניים או,יחידה,0.00,יחידה,false,,29.90,0.0000,true,1,123581
7290108353501,false,סנו סושי שקיות אשפה עם ידיות 25 יח' XXL,טרופיקל דגיל תעשיות,IL,סנו סושי שקיות אשפה,יחידה,0.00,יחידה,false,,19.90,0.0000,true,1,114880
7290108353532,false,"שקיות אשפה נשלפות עם שרוך 65*54 ס""מ L",סנו סושי,IL,סנו סושי 100 שקיות א,יחידה,0.00,יחידה,false,,29.90,0.0000,true,1,115019
7290108353549,false,נייר אפייה סנו סושי 100 יח,"טופ פלסט 2002 בע""מ",IL,נייר אפייה 100 יח' ס,יחידה,0.00,יחידה,false,,19.90,0.0000,true,1,114401
7290108353686,false,מטלית חלומית לריצפה מיקרופייבר,נינגבו סנבנג,CN,סנו סושי מטלית חלומי,יחידה,0.00,יחידה,false,,11.90,0.0000,true,1,119795
7290108353716,false,"קרמה - תחליב רחצה חימר פיטאיה 500 מ""ל",החברה הדרומית,IL,תחליב רחצה חימר פיטא,מיליליטרים,500.00,"100 מ""ל",false,,12.90,0.0258,true,1,166240
7290108353723,false,"קרמה - תחליב רחצה חימר תה ירוק 500 מ""ל",החברה הדרומית,IL,תחליב רחצה חימר תה י,מיליליטרים,500.00,"100 מ""ל",false,,12.90,0.0258,true,1,166015
7290108353730,false,"קרמה - תחליב רחצה חימר אוכמניות כחולות 500 מ""ל",החברה הדרומית,IL,תחליב רחצה חימר אוכמ,מיליליטרים,500.00,"100 מ""ל",false,,12.90,0.0258,true,1,166016
7290108353747,false,"תחליב רחצה אירוודה, בניחוח טונקה 600 מ""ל קרימה",החברה הדרומית,IL,קרמה תחליב רחצה אירו,מיליליטרים,600.00,"100 מ""ל",false,,17.90,0.0298,true,1,167484
7290108353761,false,"תחליב רחצה זן, בניחוח קשמיר 600 מ""ל קרימה",החברה הדרומית,IL,קרמה תחליב רחצה זן ב,מיליליטרים,600.00,"100 מ""ל",false,,17.90,0.0298,true,1,167485
7290108353815,false,קרמה ספא תחליב רחצה מדיטציה בניחוח פצולי,החברה הדרומית,IL,קרמה תחליב רחצה מדיט,מיליליטרים,600.00,"100 מ""ל",false,,17.90,0.0298,true,1,167487
7290108353891,false,"קרמה - דאודורנט רול און לאישה קרמה מאסק 75 מ""ל","קוסמופארם בע""מ",IL,דאודורנט רול און קרמ,מיליליטרים,75.00,"100 מ""ל",false,,14.90,0.1987,true,1,118104
7290108353969,false,"קרמה - דאודורנט ספריי לאישה קרמה מאסק 150 מ""ל","אמיליה קוסמטיקס בע""מ",IL,דאודורנט ספריי קרמה,מיליליטרים,150.00,"100 מ""ל",false,,12.90,0.0860,true,1,123795
7290108354065,false,קרמה מן גל רחצה פילינג 700 מל לגבר,קוסמופארם בע''מ,IL,קרמה מן ג'ל רחצה פלי,מיליליטרים,700.00,"100 מ""ל",false,,17.90,0.0256,true,1,165909
7290108354270,false,מרכך כביסה מרוכז בבישום עוצמתי 1 ל' סנו מקסימה,מיוצר עי קונדיטוריית,IL,מרכך מרוכז 1 ליטר CA,ליטרים,1.00,ליטר,false,,16.90,16.9000,false,1,164621
7290108354416,false,"תחליב רחצה יוגה, בניחוח ברגמוט 600מ""ל קרימה",החברה הדרומית,IL,קרמה תחליב רחצה יוגה,מיליליטרים,600.00,"100 מ""ל",false,,17.90,0.0298,true,1,167486
7290108354430,false,"שמפו כיף לשיקום והזנה שמן קוקוס וקרטין 700 מ""ל",קוסמופארם בעמ,IL,כיף שמפו לשיקום והזנ,מיליליטרים,700.00,"100 מ""ל",false,,10.90,0.0156,true,1,120721
7290108354447,false,"מרכך כיף לשיקום והזנה שמן קוקוס וקרטין 700 מ""ל",גוד פוד פרודקטס S.p,IL,כיף מרכך לשיקום והזנ,מיליליטרים,700.00,"100 מ""ל",false,,10.90,0.0156,true,1,120722
7290108354485,false,"קרליין - מרכך 10 שמן ארגן 700 מ""ל",החברה הדרומית,IL,קרליין מרכך 10 שמן א,מיליליטרים,700.00,"100 מ""ל",false,,12.90,0.0184,true,1,166020
7290108354492,false,"קרליין - שמפו 10 שמן ארגן 700 מ""ל",החברה הדרומית,IL,קרליין שמפו 10 שמן א,מיליליטרים,700.00,"100 מ""ל",false,,12.90,0.0184,true,1,166021
7290108354591,false,"תחליב רחצה בניחוח מי קקטוס ושמן באבאסו 750 מ""ל נקה 7","אמיליה קוסמטיקס בע""מ",IL,תחליב רחצה ביו נקה 7,מיליליטרים,750.00,"100 מ""ל",false,,11.90,0.0159,true,1,167128
7290108354607,false,"שמפו בניחוח מי קקטוס ושמן באבאסו 750 מ""ל נקה 7","אמיליה קוסמטיקס בע""מ",IL,שמפו ביו נקה 7,מיליליטרים,750.00,"100 מ""ל",false,,11.90,0.0159,true,1,167126
7290108354614,false,"מרכך בניחוח מי קקטוס ושמן באבאסו 750 מ""ל נקה 7","אמיליה קוסמטיקס בע""מ",IL,מרכך ביו נקה 7,מיליליטרים,750.00,"100 מ""ל",false,,11.90,0.0159,true,1,167127
7290108354751,false,"סנו - ג'ט מרסס לניקוי כללי בתוספת אבקת סודה 750 מ""ל","סנו מפעלי ברונוס בע""",IL,"ג'ט חומץ+סודה 750 מ""",מיליליטרים,750.00,"100 מ""ל",false,,12.90,0.0172,true,1,108970
7290108354829,false,"קרמה - קרם ידיים ורד הוניל 100 מ""ל",קוסמופארם,IL,קרם ידיים קרמה 100 מ,מיליליטרים,100.00,"100 מ""ל",false,,9.90,0.0990,true,1,118540
7290108354836,false,קרם ידיים מרוכז לידיים יבשות מאוד בבישום עדין,קוסמופארם,IL,קרם ידיים קרמה מרוכז,מיליליטרים,50.00,"100 מ""ל",false,,13.90,0.2780,true,1,118535
7290108355123,false,בייבי כיף קרם גוף לפני השינה 500 מל,החברה הדרומית,IL,קרם גוף בייבי כיף לפ,מיליליטרים,500.00,"100 מ""ל",false,,21.90,0.0438,true,1,108406
7290108355185,false,"נטורל מסיכת קרטין אינטנס למניעת קשקשים 350 מ""ל",נטורל פורמולה Natural Formula,IL,מסכת קרטין אינטנס למ,מיליליטרים,350.00,"100 מ""ל",false,,39.90,0.1140,true,1,104223
7290108355192,false,"נטורל מרכך קרטין אינטנס למניעת קשקשים 400 מ""ל",נטורל פורמולה Natural Formula,IL,מרכך קרטין אינטנס למ,מיליליטרים,400.00,"100 מ""ל",false,,29.90,0.0747,true,1,104221
7290108355208,false,"שמפו קרטין אינטנס למניעת קשקשים נטורל 400 מ""ל",נטורל פורמולה Natural Formula,IL,שמפו קרטין אינטנס למ,מיליליטרים,400.00,"100 מ""ל",false,,29.90,0.0747,true,1,104222
7290108355482,false,"קרמה - דאודורנט רול און לאישה קרמה לבנדר ואקליפטוס 75 מ""ל",החברה הדרומית,IL,דאודורנט רול און קרמ,מיליליטרים,75.00,"100 מ""ל",false,,14.90,0.1987,true,1,118103
7290108355543,false,"קרמה - דאודורנט ספריי לאישה נרולי מגנוליה 150 מ""ל",החברה הדרומית,IL,דאודורנט ספריי קרמה,מיליליטרים,150.00,"100 מ""ל",false,,12.90,0.0860,true,1,123796
7290108355765,false,דאודורנט ספריי קרמה בניחוח לבנדר ואקליפטוס,החברה הדרומית,IL,דאודורנט ספריי קרמה,מיליליטרים,150.00,"100 מ""ל",false,,12.90,0.0860,true,1,123797
7290108356014,false,"כיף תחליב רחצה בניחות מסקרפונה ופירות יער 700 מ""ל",החברה הדרומית,IL,כיף רחצה בניחוח גליד,מיליליטרים,700.00,"100 מ""ל",false,,12.90,0.0184,true,1,111842
7290108356045,false,"כיף תחליב רחצה בניחות גלידת סוכריות גלי 700 מ""ל",החברה הדרומית,IL,כיף תחליב רחצה בניחו,מיליליטרים,700.00,"100 מ""ל",false,,12.90,0.0184,true,1,109402
7290108356052,false,"כיף תחליב רחצה בניחות מנטה קפואה 700 מ""ל",סנו,IL,כיף תחליב רחצה מנטה,מיליליטרים,700.00,"100 מ""ל",false,,12.90,0.0184,true,1,111181
7290108356090,false,קרמה תרחיץ גל לשטיפה אינטימית 220 מל,החברה הדרומית,IL,תרחיץ ג'ל לשטיפה אינ,מיליליטרים,220.00,"100 מ""ל",false,,21.00,0.0955,true,1,123002
7290108356106,false,כיף תחליב רחצה חלב שקדים 700 מל,החברה הדרומית,IL,כיף תחליב רחצה שקד 7,מיליליטרים,700.00,"100 מ""ל",false,,11.90,0.0170,true,1,108694
7290108356113,false,"כיף תחליב רחצה דבש 700 מ""ל-מרכז",קוסמופארם בעמ,IL,כיף תחליב רחצה דבש 7,מיליליטרים,700.00,"100 מ""ל",false,,11.90,0.0170,true,1,108695
7290108356120,false,"תחליב רחצה כיף קוקוס וניל 700 מ""ל",קוסמופארם,IL,כיף תחליב רחצה קוקוס,מיליליטרים,700.00,"100 מ""ל",false,,11.90,0.0170,true,1,108696
7290108356137,false,"כיף - תחליב רחצה לבנדר 700 מ""ל",קוסמופארם,IL,כיף תחליב רחצה לבנדר,מיליליטרים,700.00,"100 מ""ל",false,,11.90,0.0170,true,1,108697
7290108356151,false,"תחליב רחצה כיף מאסק יסמין 700 מ""ל",גוד פוד פרודקטס S.p,IL,כיף תחליב רחצה מאסק,מיליליטרים,700.00,"100 מ""ל",false,,11.90,0.0170,true,1,108698
7290108356168,false,"כיף - תחליב רחצה אוקיינוס 700 מ""ל",גוד פוד פרודקטס S.p,IL,כיף תחליב רחצה אוקיי,מיליליטרים,700.00,"100 מ""ל",false,,11.90,0.0170,true,1,108699
7290108356229,false,ג'ל גילוח לכל סוגי העור מועשר בפחם פעיל,טרופיקל דגיל תעשיות,TR,קרמה ג'ל גילוח,מיליליטרים,200.00,"100 מ""ל",false,,12.90,0.0645,true,1,117190
7290108356359,false,"קרמה - מן קרם לחות לגוף לאחר גילוח 400 מ""ל",קוסמופארם בעמ,IL,קרמה מן קרם לחות לגו,מיליליטרים,400.00,"100 מ""ל",false,,23.90,0.0597,true,1,115925
7290108356489,false,"כיף - תחליב רחצה אפרסק וחמאת מורומורו 700 מ""ל",החברה הדרומית,IL,כיף תחליב רחצה אפרסק,מיליליטרים,700.00,"100 מ""ל",false,,11.90,0.0170,true,1,166534
7290108356519,false,קרליין שמפו 10למניעת קשקשים 700מל,החברה הדרומית,IL,קרליין שמפו לשיער רג,מיליליטרים,700.00,"100 מ""ל",false,,12.90,0.0184,true,1,165380
7290108356526,false,"קרליין - שמפו 10 לשיער יבש 700 מ""ל",החברה הדרומית,IL,קרליין שמפו לשיער יב,מיליליטרים,700.00,"100 מ""ל",false,,12.90,0.0184,true,1,165381
7290108356564,false,"קרליין - מרכך 10 לשיער רגיל 700 מ""ל",החברה הדרומית,IL,קרליין מרכך לשיער רג,מיליליטרים,700.00,"100 מ""ל",false,,12.90,0.0184,true,1,165385
7290108356571,false,"קרליין - מרכך 10 לשיער יבש 700 מ""ל",החברה הדרומית,IL,קרליין מרכך לשיער יב,מיליליטרים,700.00,"100 מ""ל",false,,12.90,0.0184,true,1,165386
7290108356809,false,סבון בוטני ורד ומרווה לניקוי וטיפוח הידיים טבעוני 1 ל' כיף,סנו,IL,כיף סבון בוטני ורד ו,ליטרים,1.00,ליטר,false,,14.90,14.9000,true,1,167799
7290108356816,false,"סבון בוטני גרניום ופטצ'ולי לניקוי וטיפוח הידיים, טבעוני 1 ל' כיף",סנו,IL,כיף סבון בוטני גרניו,ליטרים,1.00,ליטר,false,,14.90,14.9000,true,1,167798
7290108356854,false,מגבוני בייבי כיף בניוח עדין מארז חמישייה,החברה הדרומית,IL,מגבונים בייבי כיף חמ,יחידה,0.00,יחידה,false,,19.90,0.0000,true,1,120472
7290108356861,false,מגבוני בייבי כיף ללא בישום מארז חמישייה,החברה הדרומית,IL,מגבוני בייבי כיף חמי,יחידה,0.00,יחידה,false,,19.90,0.0000,true,1,120473
7290108357004,false,כיף שמפו ורד ושמן קוקוי לרכות וברק,טרופיקל דגיל תעשיות,IL,כיף שמפו ורד ושמן קו,מיליליטרים,700.00,"100 מ""ל",false,,10.90,0.0156,true,1,114665
7290108357011,false,כיף מרכך ורד ושמן קוקוי לרכות וברק,טרופיקל דגיל תעשיות,IL,כיף מרכך ורד ושמן קו,מיליליטרים,700.00,"100 מ""ל",false,,12.90,0.0184,true,1,114668
7290108357028,false,"תחליב רחצה כיף ורד ושמן קוקוי 700 מ""ל",קוסמופארם בעמ,IL,כיף תחליב רחצה ורד ו,מיליליטרים,700.00,"100 מ""ל",false,,11.90,0.0170,true,1,114669
7290108357042,false,"קרליין - נושם ביו דאודורנט רול און 75 מ""ל Citrus Blossoms לאישה",החברה הדרומית,IL,קרליין נושם BIO דאוד,מיליליטרים,75.00,"100 מ""ל",false,,12.90,0.1720,true,1,166017
7290108357059,false,"קרליין - נושם ביו דאודורנט רול און 75 מ""ל Secret Garden לאישה",החברה הדרומית,IL,קרליין נושם BIO דאוד,מיליליטרים,75.00,"100 מ""ל",false,,12.90,0.1720,true,1,166018
7290108357080,false,"קרליין - נושם ביו דאודורנט ספריי 150 מ""ל Secret Garden לאישה",החברה הדרומית,IL,קרליין נושם BIO דאוד,מיליליטרים,150.00,"100 מ""ל",false,,12.90,0.0860,true,1,167094
7290108357110,false,"קרליין - נושם ביו דאודורנט רול און 75 מ""ל Valvet Rose לאישה",החברה הדרומית,IL,קרליין נושם BIO דאוד,מיליליטרים,75.00,"100 מ""ל",false,,12.90,0.1720,true,1,166019
7290108357189,false,"מבשם ומרכך למייבש הכביסה מקסימה פלורל 750 מ""ל סנו","סנו מפעלי ברונוס בע""",IL,מקסימה למייבש פלורל,מיליליטרים,750.00,"100 מ""ל",false,,19.90,0.0265,true,1,115186
7290108357196,false,"ג'ט פלוס לניקוי כללי בתוספת תמצית עץ התה 750 מ""ל סנו",מיוצר עי קונדיטוריית,IL,מתז JET לניקוי וחיטו,מיליליטרים,750.00,"100 מ""ל",false,,12.90,0.0172,true,1,123157
7290108357202,false,סנוקליר לניקוי בניחוח בלו בלוסום 1 ליטר,"סנו מפעלי ברונוס בע""",IL,סנו קליר 1 ליטר,ליטרים,1.00,ליטר,false,,11.90,11.9000,true,1,121183
7290108357226,false,"אוקסיגן POWER אבקה לכביסה לבנה והסרת כתמים 1.4 ק""ג סנו",החברה הדרומית,IL,אוקסיג'ן POWER לכביס,קילוגרמים,1.40,"ק""ג",false,,29.90,21.3571,true,1,165585
7290108357240,false,"אוקסיג'ן פאוור תוסף להסרת כתמים קשים 1.4 ק""ג",החברה הדרומית,IL,אוקסיג'ן POWER לכביס,קילוגרמים,1.40,"ק""ג",false,,29.90,21.3571,true,1,165586
7290108357257,false,סנו - פרש מכשיר אוטומטי לבישום אוויר בתוספת מילוי אולטרא פרש,החברה הדרומית,IL,מכשיר אוטומטי מעוצב,יחידה,0.00,יחידה,false,,44.90,0.0000,true,1,167125
7290108357264,false,"פרש אוטומטי מילוי בניחוח מרכך הכביסה אולטרה 375 מ""ל סנו",החברה הדרומית,IL,סנו פרש אוטומטי מילו,מיליליטרים,250.00,"100 מ""ל",false,,14.90,0.0596,true,1,167021
7290108357271,false,סנובון ג'ל לניקוי אסלות עם חמצן פעיל לניקוי עוצמתי,סנו סנובון,IL,סנובון נוזלי אוקסי 7,מיליליטרים,750.00,"100 מ""ל",false,,11.90,0.0159,true,1,166671
7290108357288,false,אקונומיקה ז'אוול בניחוח פריחה לבנה 4 ל' סנו,סנו ז'אוול Javel,IL,סנו ז'אוול 4 ליטר אק,ליטרים,4.00,ליטר,false,,16.90,4.2250,false,1,165753
7290108357295,false,"סנו - אוקסיג'ן פאוור מרסס להסרת כתמים 750 מ""ל",החברה הדרומית,IL,סנו אוקסיג'ן POWER ל,מיליליטרים,750.00,"100 מ""ל",false,,19.90,0.0265,true,1,167491
7290108357516,false,"קרמה - סבון ידיים וניל ופלפל ורוד 500 מ""ל",קרמה,IL,סבון ידיים קרמה וניל,מיליליטרים,500.00,"100 מ""ל",false,,14.90,0.0298,true,1,163636
7290108357578,false,"קרם ידיים קרמ וניל ופלפל ורוד 100 מ""ל",קוסמופארם,IL,קרם ידיים קרמה וניל,מיליליטרים,100.00,"100 מ""ל",false,,9.90,0.0990,true,1,164119
7290108357653,false,סנובון מוצק אוקיינוס בבבלס לאסלה,סנו סנובון,IL,סנובון Bubbles שלישי,יחידה,0.00,יחידה,false,,14.90,0.0000,true,1,168702
7290108357660,false,סנובון שלישיה בניחוח לבנדר,סנו סנובון,IL,סנובון Bubbles שלישי,יחידה,0.00,יחידה,false,,14.90,0.0000,true,1,168703
7290108357707,false,"כיף שמפו לשיער רגיל-תפוח זרעי צ'יה 700 מ""ל",גוד פוד פרודקטס S.p,IL,כיף שמפו רגיל תפוח ז,מיליליטרים,700.00,"100 מ""ל",false,,10.90,0.0156,true,1,110027
7290108357714,false,"כיף שמפו לשיער יבש -רימונים ושמן ארגן 700 מ""ל",גוד פוד פרודקטס S.p,IL,כיף שמפו יבש רימונים,מיליליטרים,700.00,"100 מ""ל",false,,10.90,0.0156,true,1,110028
7290108357769,false,"מרכך לשיער רגיל תפוח וזרעי צ'יה 700 מ""ל כיף",גוד פוד פרודקטס S.p,IL,כיף מרכך רגיל תפוח ז,מיליליטרים,700.00,"100 מ""ל",false,,10.90,0.0156,true,1,110022
7290108357776,false,"כיף מרכך לשיער יבש -רימונים ושמן ארגן 700 מ""ל",גוד פוד פרודקטס S.p,IL,כיף מרכך יבש רימונים,מיליליטרים,700.00,"100 מ""ל",false,,10.90,0.0156,true,1,110032
7290108357783,false,"מרכך לשיער דק ושביר גוג'י ברי ומורגינה 700 מ""ל כיף",כיף,IL,כיף מרכך דק ושביר גו,מיליליטרים,700.00,"100 מ""ל",false,,10.90,0.0156,true,1,110035
7290108357875,false,"כיף - שמפו לחות מוגברת עם אפרסק וחמאת מורומורו 700 מ""ל",החברה הדרומית,IL,כיף שמפו לחות מוגברת,מיליליטרים,700.00,"100 מ""ל",false,,10.90,0.0156,true,1,166532
7290108358124,false,דפי בישום לחים למייבש הכביסה בניחוח מרכך כביסה 20 יח' מקסימה,סנו,IL,מקסימה דפי בישום לחי,יחידה,0.00,יחידה,false,,12.90,0.0000,true,1,168460
7290108359008,false,סושי שקיות זיפר עם סליידר 15 יח לארג',החברה הדרומית,CN,סנו סושי שקיות זיפר,יחידה,0.00,יחידה,false,,14.90,0.0000,true,1,165020
7290108359060,false,סנו סושי כריות הפלא רב תכלתיות *4 לשבת,סנו סושי,IL,כריות ניקוי לשבת רבי,יחידה,0.00,יחידה,false,,11.50,0.0000,true,1,163849
7290108359084,false,כיסוי ניילון עם גומי 30 יח' M סנו סושי,סנו סושי,IL,כיסוי ניילון עם גומי,יחידה,0.00,יחידה,false,,10.90,0.0000,true,1,168369
7290108359091,false,כיסוי ניילון עם גומי 30 יח' L סנו סושי,סנו סושי,IL,כיסוי ניילון+גומי L,יחידה,0.00,יחידה,false,,10.90,0.0000,true,1,168370
7290108359145,false,סושי דפי ספוג הפלא 12יח',סנו סושי,US,סנו סושי דפי ספוג הפ,יחידה,0.00,יחידה,false,,11.50,0.0000,true,1,168788
7290108359183,false,שקית אשפה חזקות 70*50 60 יח' סנו סושי,סנו סושי,IL,סנו סושי 60 שקיות אש,יחידה,0.00,יחידה,false,,24.90,0.0000,true,1,168371
7290108359831,false,"כיף - בייבי כיף שמן 500 מ""ל","מיוצר ומשווק ע""י קוס",IL,שמן גוף בייבי כיף,מיליליטרים,500.00,"100 מ""ל",false,,22.90,0.0458,true,1,108408
7290108359985,false,סנו - ז'אוול מרסס קצף לניקוי וחינו בניחוח פריחה לבנה 1 ליטר,סנו ז'אוול Javel,IL,ז'אוול קצף ניקוי בתו,ליטרים,1.00,ליטר,false,,18.90,18.9000,true,1,165754
7290108500677,false,כבד דג שיבוט מעושן בשמן הדג,"איטיליאן פוד, אס.פי.",IS,כבד דג שיבוט מעושן,גרמים,115.00,100 גרם,false,,9.90,0.0861,true,1,99367
7290108501346,false,גבינה גאודה מגורדת 28% 500 גר,Euro יורו מחלבות אירופה,DE,גאודה מגורדת 500 גר,גרמים,500.00,100 גרם,false,,24.90,0.0498,true,1,102849
7290108501391,false,פרוסות גבינה חצי קשה מחלב עיזים,,IL,גבינה חצי קשה מחלב ע,גרמים,150.00,100 גרם,false,,21.90,0.1460,true,1,104737
7290108501964,false,חטיף אגוזים וצימוקים הפי נאטס מארז 35X4ג',ואמראליס,GR,חטיף בוטנים צימוקים,גרמים,140.00,100 גרם,false,,9.90,0.0707,true,1,106932
7290108501971,false,חטיף בוטנים ומשמש הפי נאטס מארז 35X4ג',ואמראליס,GR,חטיף בוטנים ומשמש,גרמים,140.00,100 גרם,false,,9.90,0.0707,true,1,106936
7290108501988,false,חטיף שקדים וחמוציות הפי נוטס מארז 35X4ג',ואמראליס,GR,חטיף שקדים וחמוציות,גרמים,140.00,100 גרם,false,,9.90,0.0707,true,1,106933
7290108502305,false,גבינת גרדה פדנו משולש 150 גר`וילי פוד,וילי פוד,IT,גבינת גרנה פדנו משול,גרמים,150.00,100 גרם,false,,22.90,0.1527,true,1,107811
7290108502336,false,גבינת גורגונזולה איטלקית 150 גרם 29% שומן,איגור SRL,IT,גבינת גורגונזולה איט,גרמים,150.00,100 גרם,false,,19.90,0.1327,true,1,107812
7290108502381,false,בסיסים להכנת פיצה קוטר 26 וילי פוד 480ג',מוטלוקל גידה סאנאי ט,TR,בסיס לפיצה 4 יח,גרמים,480.00,100 גרם,false,,11.90,0.0248,true,1,108894
7290108502541,false,גבינת שמנת בטעם טבעי 22% שומן,Euro יורו מחלבות אירופה,TR,גבינת שמנת טבעי 200,גרמים,200.00,100 גרם,false,,12.90,0.0645,true,1,108240
7290108502589,false,גבינת שמנת שום 200גרם - EURO CHEESE,אטלסר&אלפרי קאסורק,DE,גבינת שמנת שום,גרמים,200.00,100 גרם,false,,12.90,0.0645,true,1,108242
7290108502725,false,גבינת גאודה פרוסות 400 גר`וילי פוד,Euro יורו מחלבות אירופה,DE,גבינת גאודה פרוסות 4,גרמים,400.00,100 גרם,false,,19.90,0.0497,true,1,107813
7290108502862,false,מלפפונים כבושים במלח 18-25קטנים מאוד 600ג',זיתור סאן גירה סני ו,TR,מלפפונים כבושים במלח,גרמים,600.00,100 גרם,false,,9.50,0.0158,true,1,108994
7290108503043,false,תפוחונים חטיף פלחים מיובשים מארז 22X4ג',ינטאי זונגקאן פוד קו,CN,מארז חטיף תפוחונים,גרמים,88.00,100 גרם,false,,14.90,0.1693,true,1,109596
7290108503159,false,גבינה כחולה עם עובש 31% שומן,קסוס אל פסטור,ES,גבינת דנבלו,גרמים,100.00,100 גרם,false,,13.90,0.1390,true,1,108374
7290108503791,false,ניוקי תפוח אדמה 3 צבעים 500 גרם (ללא גלוטן),סיימה אלימנטרי,IT,"ניוקי תפ""א 3 צבעים ל",גרמים,500.00,100 גרם,false,,10.00,0.0200,true,1,121259
7290108503982,false,פרוסות גבינה 150גרם בטעם צ'דר לכריכים וטוסטים,סנטרל קסרה,ES,פרוסות גבינה בטעם צ',גרמים,150.00,100 גרם,false,,10.90,0.0727,true,1,112167
7290108503999,false,גבינה גאודה פרוסות בטעם לכריכים וטוסטים 150 גר',Euro יורו מחלבות אירופה,ES,פרוסות גבינה בטעם גא,גרמים,150.00,100 גרם,false,,10.90,0.0727,true,1,112168
7290108504279,false,קשקבל \איבריקו\ מנצ'גו צ'אנק 150 גרם,ג.וילי פוד אינטרנשיו,ES,קשקבל צ'אנק 150 גר,גרמים,150.00,100 גרם,false,,19.90,0.1327,true,1,112172
7290108504286,false,גבינת איבריקו צ'אנק 150 ג',ג.וילי פוד אינטרנשיו,ES,איבריקו צ'אנק 150 גר,גרמים,150.00,100 גרם,false,,19.90,0.1327,true,1,112173
7290108504293,false,גבינה מנצ'גו צ'אנק 150 גר',ג.וילי פוד אינטרנשיו,ES,מנצ'גו צ'אנק 150 גר,גרמים,150.00,100 גרם,false,,19.90,0.1327,true,1,112174
7290108505375,false,צהובה פרוסה גולדן 400 גרם,,,צהובה פרוסות 400 גר',גרמים,400.00,100 גרם,false,,15.90,0.0398,false,1,115499
7290108505689,false,גבינת גרנה פדנו מגורדת 100 גרם,זנאטי,IT,גבינת גרנה פדנו מגור,גרמים,100.00,100 גרם,false,,10.90,0.1090,true,1,114184
7290108505719,false,גבינת מוצרלה מגורדת 25% שומן 200גר,יורו צ'יז Euro Cheese,TR,גבינת מוצרלה מגורדת,גרמים,200.00,100 גרם,false,,13.90,0.0695,true,1,116736
7290108505726,false,אצבעות-גבינה חצי קשה 25% שומן 200גר,סאסו פטוראגס קומטויס,TR,אצבעות גבינה חצי קשה,גרמים,200.00,100 גרם,false,,13.90,0.0695,true,1,116737
7290108505733,false,צמות - גבינה חצי קשה 25% שומן 200 ג',אונטד גידה,TR,צמות גבינה חצי קשה 2,גרמים,200.00,100 גרם,false,,13.90,0.0695,true,1,116738
7290108505740,false,גבינת קשקבל חצי קשה25% שומן 200גר,Euro יורו מחלבות אירופה,TR,גבינת קשקבל חצי קשה,גרמים,200.00,100 גרם,false,,13.90,0.0695,true,1,116739
7290108505962,false,שזיפים מיובשים וילי פוד 400 גרם,,US,שזיפים מיובשים 400 ג,גרמים,400.00,100 גרם,false,,21.00,0.0525,true,1,116264
7290108506488,false,סופלה שוקולד קפוא 200 גרם,ארמה גרופ,TR,סופלה שוקולד קפוא 20,גרמים,200.00,100 גרם,false,,8.90,0.0445,true,1,116092
7290108506495,false,"כנאפה מאפה בצק ""שערות"" קדאיף וגבינה",ארמה גרופ,TR,כנאפה קפוא,גרמים,192.50,100 גרם,false,,8.90,0.0462,true,1,116093
7290108506662,false,רביולי פטריות פסטה א,ארמנדו,IT,רביולי פטריות פסטה א,גרמים,250.00,100 גרם,false,,11.90,0.0476,true,1,116613
7290108506679,false,רביולי חצילים ומוצרלה 250 גרם,ארמנדו,IT,רביולי חצילים ומוצרל,גרמים,250.00,100 גרם,false,,11.90,0.0476,true,1,116614
7290108506709,false,גבינת פרמג'יאנו רג'יאנו 150 גר' רבנות,וילי פוד,IT,גבינת פרמג'אנו רג'יא,גרמים,150.00,100 גרם,false,,17.90,0.1193,true,1,116445
7290108506969,false,מאפה בורקס מים תורכי - גבינה 300 ג',וילי פוד,TR,מאפה בורקס מים תורכי,גרמים,300.00,100 גרם,false,,14.90,0.0497,true,1,116507
7290108507010,false,מאפה בורקס מים תורכי תרד וגבינה 300 גרם,וילי פוד,TR,מאפה בורקס מים תורכי,גרמים,300.00,100 גרם,false,,14.90,0.0497,true,1,117618
7290108507072,false,שבבי גבינת גרנה פדנו 100 גרם,זנאתי,IT,שבבי גבינת גרנה פדנו,גרמים,100.00,100 גרם,false,,10.90,0.1090,true,1,121171
7290108508369,false,גבינת שערות צ'יז לונ,מוטיבי גידה דיירי אי,TR,גבינת CHEESE LONG 2,גרמים,200.00,100 גרם,false,,22.90,0.1145,true,1,120476
7290108508451,false,"משקה יוגורט טבעי 3.2% שומן יורו 200 מ""ל",Euro יורו מחלבות אירופה,TR,משקה יוגורט טבעי 200,מיליליטרים,200.00,"100 מ""ל",false,,4.90,0.0245,true,1,121318
7290108508499,false,"איירן משקה יוגורט בסגנון טורקי יורו 293 מ""ל",Euro יורו מחלבות אירופה,TR,איירן משקה יוגורט בס,מיליליטרים,293.00,"100 מ""ל",false,,4.90,0.0167,true,1,121322
7290108508963,false,גבינת קשקבל מגורדת 25% 200 גרם,Euro יורו מחלבות אירופה,TR,גבינת קשקבל מגורדת ח,גרמים,200.00,100 גרם,false,,13.90,0.0695,true,1,122122
7290108508970,false,וילי פוד תה ג'רבה 50,אוסוואלדי קרוז בואנס,,תה ג'רבה 500 גר,גרמים,500.00,100 גרם,false,,18.90,0.0378,true,1,122591
7290108509052,false,מאפה פילו יווני מסורתי ממולא גבינת פטה,וילי פוד,GR,מאפה פילו ממולא גבינ,גרמים,400.00,100 גרם,false,,21.90,0.0547,true,1,122124
7290108509090,false,גבינה מותכת משולשים 14% שומן יורו 200 ג',סוטאש,TR,גבינה מותכת משולשים,גרמים,200.00,100 גרם,false,,13.90,0.0695,true,1,122960
7290108509113,false,"גבינה בולגרית מעודנת 18% שומן 250 גרם חת""ס פ""ת",Euro יורו מחלבות אירופה,TR,גבינה בולגרית מעודנת,גרמים,250.00,100 גרם,false,,11.90,0.0476,true,1,122962
7290108509120,false,גבינה בולגרית מעודנת 18% שומן יורו 500 ג',סוטאש,TR,גבינה בולגרית מעודנת,גרמים,500.00,100 גרם,false,,19.90,0.0398,true,1,122963
7290108509137,false,"גבינה בולגרית מעודנת 5% שומן 250 גרם חת""ס פ""ת",סוטאש,TR,גבינה בולגרית מעודנת,גרמים,250.00,100 גרם,false,,11.90,0.0476,true,1,122964
7290108509250,false,"אנטיפסטי ארטישוק+עגבניות מיובשות וצלפים בשמן חמניות 380 מ""ל",קוסרבה בונטו,IT,אנטיפסטי ארטישוק צנצ,גרמים,310.00,100 גרם,false,,22.90,0.0739,true,1,122121
7290108509397,false,עלי בצק פילו [משולשים] 360 גרם,ארמה גרופ,TR,עלי בצק פילו משולשים,גרמים,360.00,100 גרם,false,,9.90,0.0275,true,1,122130
7290108509588,false,גבינה מלוחה עם עשבי תיבול 24% שומן 153 ג,,GR,גבינה מלוחה עם עשבי,גרמים,153.00,100 גרם,false,,14.90,0.0974,true,1,168705
7290108509595,false,גבינה מלוחה עם עגבניות מיובשות וריחן 24%,,GR,גבינה מלוחה עם עגבני,גרמים,153.00,100 גרם,false,,14.90,0.0974,true,1,168707
7290108509700,false,אורז פרסי דאוואט 1 ק,אל.טי.פודס לימיטד,IN,אורז פרסי DAAWAT,קילוגרמים,1.00,"ק""ג",false,,9.90,9.9000,true,1,164765
7290108509755,false,גבינה חלומי 250 גרם 23% שומן,,קפריסין,גבינת חלומי 250 גר',גרמים,250.00,100 גרם,false,,24.90,0.0996,true,1,168708
7290108509816,false,גבינת בייבי מוצרלה 22 שומן 22% 200 גרם,אונטד גידה,TR,גבינת בייבי מוצרלה 2,גרמים,200.00,100 גרם,false,,13.90,0.0695,true,1,122967
7290109351025,false,מלך החומוס חומוסטחינה 40% טחינה גולמית,לחמנו,IL,צבר חומוסטחינה 400 ג,גרמים,400.00,100 גרם,false,,13.90,0.0348,true,1,93579
7290109351957,false,פריכיות פיטנס מיני גדולות שוקולד חלב 100ג',סנורייס בלגיום אן. ו,BE,פיטנס פריכיות גדולות,גרמים,100.00,100 גרם,false,,7.90,0.0790,true,1,98391
7290109351971,false,פריכיות דגנים פיטנס מצופות שוקולד חלב,פרח תעשיות,IL,פיטנס בר פריכיות שוק,גרמים,84.00,100 גרם,false,,12.90,0.1536,true,1,96801
7290109352916,false,פריכיות דגנים פיטנס מצופות שוקולד לבן,פרח תעשיות,IL,פיטנס בר פריכיות מצו,גרמים,84.00,100 גרם,false,,12.90,0.1536,true,1,96802
7290109354057,false,קרחוני לה פרוטה La Frutta בטעמי אננס תפוז- 5 יח',תות תעשיות מזון (201,IL,מאגדת שלגונים לה פרו,גרמים,350.00,100 גרם,false,,23.90,0.0683,true,1,96351
7290109354972,false,אוסם - פתי בר וניל חלבי ללא גלוטן 200 גרם,מיוצר עי קונדיטוריית,IL,פתיבר ללא גלוטן אסם,גרמים,200.00,100 גרם,false,,9.90,0.0495,true,1,97564
7290109354996,false,פתי בר ללא גלוטן שוקו 200 גרם אסם,מיוצר עי קונדיטוריית,IL,פתיבר ללא גלוטן בטעם,גרמים,200.00,100 גרם,false,,9.90,0.0495,true,1,97678
7290109358284,false,טבעול שניצל תירס עם חלבון 6*664גרם,עיצובים 2020 (4.8),IL,שניצל תירס טבעול עם,גרמים,664.00,100 גרם,false,,28.90,0.0435,false,1,101326
7290109358482,false,עוגיות קרמוגית במילוי קרם בטעם חלבה,היינץ צפון אמריקה מק,IL,קרמוגית במילוי חלווה,גרמים,200.00,100 גרם,false,,11.50,0.0575,true,1,109257
7290109358765,false,דגני בוקר קראנץ' רולס נוגט 450 גרם,"אסם תעשיות בע""מ",IL,קראנץ' רולס 450 גר,גרמים,450.00,100 גרם,false,,19.90,0.0442,false,1,100527
7290109580043,false,"שניצל תירס קלאסי זוגלובק 1.75 ק""ג",זוגלובק,IL,"שניצל תירס 1.75 ק""ג",קילוגרמים,1.75,"ק""ג",false,,49.90,28.5143,true,1,119275
7290109580050,false,נקניקיות צ'וריסוס וונדרס 0% בשר טבעוני ללא גלוטן,זוגלובק וונדרס Wonders,IL,נקניקיות צ'וריסוס 22,גרמים,226.00,100 גרם,false,,29.90,0.1323,true,1,165959
7290109580067,false,"טחון וונדרס 0% בשר , טבעוני",זוגלובק וונדרס Wonders,IL,טחון 340 גר' WONDERS,גרמים,340.00,100 גרם,false,,29.90,0.0879,true,1,165960
7290109580098,false,קבנוס בטעם סרירצ'ה 135 ג' זוגלובק,זוגלובק,IL,קבנוס בטעם סרירצ'ה 1,גרמים,135.00,100 גרם,false,,10.00,0.0741,true,1,166201
7290109580104,false,רוסביף פרימיום 150 גרם זוגלובק,זוגלובק,IL,רוסטביף 150 גר' פרמי,גרמים,150.00,100 גרם,false,,25.90,0.1727,true,1,163728
7290109580135,false,קורנדביף פרימיום 180 גרם זוגלובק,זוגלובק,IL,קורנביף 180 גר' פרימ,גרמים,180.00,100 גרם,false,,25.90,0.1439,true,1,122759
7290109580166,false,סרוולד קלאסי פרימיום 150 גרם זוגלובק,זוגלובק,IL,סרוולד קלאסי 150 גר',גרמים,150.00,100 גרם,false,,25.90,0.1727,true,1,163730
7290109580210,false,נקנקיות ריינהולד'ס הצרפתיה זוגלובק 300 ג',זוגלובק,IL,נקניקיות ריינהולד'ס,גרמים,300.00,100 גרם,false,,19.90,0.0663,true,1,165356
7290109580227,false,נקניקיות עוף ובקר בסגנון ברלינאי קאריוורסט,זוגלובק,IL,נקניקיות ריינהולד'ס,גרמים,300.00,100 גרם,false,,19.90,0.0663,true,1,165357
7290109580241,false,נאגטס מן הצומח זוגלובק 500 גרם,זוגלובק טבע,IL,נאגטס מן הצומח 500 ג,גרמים,500.00,100 גרם,false,,22.90,0.0458,true,1,167283
7290109580319,false,"בורגר וונדרס 0% בשר , טבעוני",זוגלובק וונדרס Wonders,IL,בורגר 280 גר' WONDER,גרמים,280.00,100 גרם,false,,29.90,0.1068,true,1,165962
7290109580432,false,פסטרמה חזה הודו מעושן 120 גר' זוגלובק,זוגלובק,IL,פסטרמה חזה הודו מעוש,גרמים,120.00,100 גרם,false,,13.90,0.1158,true,1,167476
7290109640396,false,ממרח שום שמיר בסיס רכיבי קוקוס 200 גר,,IL,משומשו ממרח שום שמיר,גרמים,200.00,100 גרם,false,,16.90,0.0845,true,1,121798
7290109640631,false,לאבנה טבעונית 9% שומן 200 גר' משומשו,"טרופיקל דגיל בע""מ אז",IL,משומשו לאבנה טבעונית,גרמים,200.00,100 גרם,false,,16.90,0.0845,true,1,121800
7290109920146,false,"דורגול מסיר אבנית מקומקומים 750 מ""ל",יעקובי דורגול,,דורגול מסיר אבנית מק,מיליליטרים,750.00,"100 מ""ל",false,,19.90,0.0265,true,1,97755
7290109920153,false,"מלבין לכביסה לבנה לובן צח, 790 גרם יעקבי",יעקובי,US,לובן צח לכביסה לבנה,גרמים,790.00,100 גרם,false,,25.90,0.0328,true,1,99405
7290109920313,false,"אסטוניש מרסס לניקוי חלונות 750 מ""ל",יעקבי- אסטוניש Astonish,GB,אסטוניש מרסס מבריק ח,מיליליטרים,750.00,"100 מ""ל",false,,11.90,0.0159,true,1,103720
7290109920597,false,"אסטוניש - מרסס לניקוי המקלחון 750 מ""ל",יעקבי- אסטוניש Astonish,GB,אסטוניש מרסס למקלחון,מיליליטרים,750.00,"100 מ""ל",false,,11.90,0.0159,true,1,103723
7290109920603,false,"אסטוניש קרם לניקוי המטבח 500 מ""ל",יעקבי- אסטוניש Astonish,IL,אסטוניש קרם לניקוי ה,מיליליטרים,500.00,"100 מ""ל",false,,12.90,0.0258,true,1,105495
7290109920627,false,"אסטוניש קרם ואקונומיקה לניקוי אמבטיות 500 מ""ל",יעקובי אסטוניש,GB,אסטוניש קרם אמבט עם,מיליליטרים,500.00,"100 מ""ל",false,,9.90,0.0198,true,1,104754
7290109920658,false,"אסטוניש - מרסס אנטי בקטריאלי למטבח 750 מ""ל",יעקובי אסטוניש,GB,אסטוניש מרסס אנטי בק,מיליליטרים,750.00,"100 מ""ל",false,,11.90,0.0159,true,1,103724
7290109920665,false,"אסטוניש - מרסס מסיר אוכל שרוף במטבח 750 מ""ל",יעקבי- אסטוניש Astonish,GB,אסטוניש מרסס מסיר או,מיליליטרים,750.00,"100 מ""ל",false,,11.90,0.0159,true,1,103725
7290109920740,false,מרכך כביסה מרוכז לבנדר הפי 1 ליטר,יעקובי הפי,,הפי מרכך מרוכז לכביס,ליטרים,1.00,ליטר,false,,14.90,14.9000,true,1,104528
7290109920757,false,מרכך כביסה מרוכז ורדים הפי 1 ליטר,יעקובי הפי,,הפי מרכך מרוכז לכביס,ליטרים,1.00,ליטר,false,,14.90,14.9000,true,1,104321
7290109920818,false,אסטוניש נוזל לניקוי כללי לימון 1 ליטר,יעקובי אסטוניש,,אסטוניש רב תכליתי לי,ליטרים,1.00,ליטר,false,,9.90,9.9000,true,1,104756
7290109920825,false,צמד-דורגול אספרסו + דורגול מקציף חלב מתנה,יעקובי דורגול,CH,דורגול אספרסו,מיליליטרים,500.00,"100 מ""ל",false,,26.90,0.0538,true,1,109002
7290109920832,false,"נ.ניקוי דורגול לניקוי מקציף חלב 500 מ""ל",יעקובי דורגול,CH,דורגול לניקוי מקציף,מיליליטרים,500.00,"100 מ""ל",false,,24.90,0.0498,true,1,109005
7290109920849,false,"אסטוניש - מרסס לניקוי כללי בניחוח תפוז 750 מ""ל",יעקבי- אסטוניש Astonish,GB,אסטוניש מרסס תפוז לנ,מיליליטרים,750.00,"100 מ""ל",false,,11.90,0.0159,true,1,103726
7290109920863,false,הפי מיוחד לכביסה בגדי ספורט,יעקובי הפי,BE,הפי לכביסת בגדי ספור,ליטרים,1.00,ליטר,false,,14.90,14.9000,true,1,106700
7290109920870,false,גל כביסה הפי מיוחד לכביסה שחורה וכהה,יעקובי הפי,BE,הפי ג'ל לכביסה שחורה,ליטרים,1.00,ליטר,false,,14.90,14.9000,true,1,106880
7290109920887,false,גל כביסה הפי מיוחד לכביסה ביד צמר ומשי,יעקובי הפי,BE,הפי לכביסה עדינה 1 ל,ליטרים,1.00,ליטר,false,,14.90,14.9000,true,1,106701
7290109920894,false,הפי GEL DE LINE לשטיפת רצפות 1ליטר,יעקובי הפי,BE,הפי ג'ל לשטיפת רצפות,ליטרים,1.00,ליטר,false,,11.90,11.9000,true,1,106828
7290109920917,false,"ג'ל הפי לניקוי האסלה עם כלור 750 מ""ל",וונדפוט,,הפי לניקוי האסלה עם,מיליליטרים,750.00,"100 מ""ל",false,,9.90,0.0132,true,1,107056
7290109921129,false,מרכך כביסה סופר מרוכז בניחות סיגליות 1 ל' יעקבי,יעקובי הפי,,הפי מרכך כביסה כחול,ליטרים,1.00,ליטר,false,,14.90,14.9000,true,1,106937
7290109921303,false,טורבול סופג לחות 2 מגשיות,יעקובי,SE,טורבול סופג לחות יעק,גרמים,200.00,100 גרם,false,,26.90,0.1345,true,1,109169
7290109921334,false,אידאל דפי כביסה 15 יח' יעקבי,יעקובי,ES,אדיאל פרוטקט מונע הע,יחידה,0.00,יחידה,false,,17.90,0.0000,true,1,109773
7290109921372,false,אסטוניש משחה לניקוי תנורים וגריל+ספוג 250 גר',יעקובי אסטוניש,GB,משחת אסטוניש+ספוג לנ,גרמים,250.00,100 גרם,false,,17.90,0.0716,true,1,111082
7290109921488,false,"דורגול לניקוי וחיטוי מכונת הכביסה 500 מ""ל",יעקובי דורגול,CH,דורגול למכונת כביסה,מיליליטרים,500.00,"100 מ""ל",false,,27.90,0.0558,true,1,112848
7290109921563,false,יעקבי רצפות שיש 1.25 ליטר,וונדפוט,BE,יעקובי רצפות שיש 1.2,ליטרים,1.25,ליטר,false,,15.90,12.7200,true,1,113260
7290109921587,false,רצפות גרניט פורצלן ייבוש מהיר ללא סימנים,וונדפוט,BE,יעקובי רצפות גרניט פ,ליטרים,1.25,ליטר,false,,15.90,12.7200,true,1,113262
7290109921686,false,מטליות לחות פוליבוי לניקוי רהיטים 24 יח',יעקובי,DE,פוליבוי 24 מטליות לח,יחידה,0.00,יחידה,false,,11.90,0.0000,true,1,115393
7290109921723,false,"דורגול ג'ל לאסלה 750 מ""ל",יעקובי דורגול,,דורגול ג'ל לאסלה 750,מיליליטרים,750.00,"100 מ""ל",false,,17.90,0.0239,true,1,121756
7290109921853,false,אסטוניש המשחה המקורית לניקוי עם עוצמה,יעקבי- אסטוניש Astonish,GB,אסטוניש משחת פרימיום,גרמים,150.00,100 גרם,false,,17.90,0.1193,true,1,119137
7290109921976,false,גל כביסה תינוק סופר לבן 2.5 ליטר,וונדפוט,IL,ג'ל כביסה מרוכז לתינ,ליטרים,2.50,ליטר,false,,28.90,11.5600,true,1,121249
7290109922843,false,האקונומיקה המובילה באירופה נוסחה ייחודית מרוכז 2 ל,,BE,אקונומיקה 2 ליטר יעק,ליטרים,2.00,ליטר,false,,9.90,4.9500,true,1,166415
7290109922867,false,2 in 1 - סופרו - ג'ל כביסה מרוכז עם מרכך יעקבי,וונדפוט,BE,ג'ל כביסה עם מרכך 2-,ליטרים,2.50,ליטר,false,,24.90,9.9600,true,1,165074
7290109922881,false,"דורגול מרסס למטבח 600 מ""ל",יעקובי דורגול,IL,דורגול מרסס למטבח 60,מיליליטרים,600.00,"100 מ""ל",false,,19.90,0.0332,true,1,166504
7290109922911,false,דזיטול חיטוי נעליים מפטריות חיידקים וריחות 150מל,מרקה,ES,דזיטול ספריי לחיטוי,מיליליטרים,150.00,"100 מ""ל",false,,17.90,0.1193,true,1,165078
7290109923024,false,"אסטוניש - מרסס פרמיום ארומטיק למטבח 750 מ""ל",יעקובי אסטוניש,GB,אסטוניש מרסס פרימיום,מיליליטרים,750.00,"100 מ""ל",false,,13.90,0.0185,true,1,165882
7290109923031,false,"מרסס פרמיום ארומטיק למקלחון 750 מ""ל אסטוניש",יעקובי אסטוניש,GB,אסטוניש מרסס פרימיום,מיליליטרים,750.00,"100 מ""ל",false,,13.90,0.0185,true,1,165883
7290109923048,false,"אסטוניש - מרסס פרמיום ארומטיק לכל הבית 750 מ""ל",יעקובי אסטוניש,GB,אסטוניש מרסס פרימיום,מיליליטרים,750.00,"100 מ""ל",false,,13.90,0.0185,true,1,165884
7290109923079,false,דזיטול נוזל מרוכז לחיטוי כללי ולרצפות 2 ליטר,מרקה,ES,דזיטול נוזל מרוכז לח,ליטרים,2.00,ליטר,false,,19.90,9.9500,true,1,167040
7290109923093,false,"אסטוניש - קרם כיריים הלוגן ומיקרו 500 מ""ל",יעקובי אסטוניש,GB,אסטוניש קרם כיריים ה,מיליליטרים,500.00,"100 מ""ל",false,,13.90,0.0278,true,1,167033
7290109923109,false,סבון אסלה 5 צדפות +אקונומיקה 2 יח',יעקובי,IL,סבון אסלה 5 צדפות+אק,יחידה,0.00,יחידה,false,,12.90,0.0000,true,1,167034
7290109923147,false,אסטוניש מהדורה פרימיום פלא של אקונומיקה,יעקבי- אסטוניש Astonish,GB,אסטוניש פלא של אקונו,מיליליטרים,750.00,"100 מ""ל",false,,13.90,0.0185,true,1,167041
7290110000066,false,דבש מגובש פרחי דרדר,,,דבש מגובש פרחי דרדר,גרמים,500.00,100 גרם,false,,27.90,0.0558,true,1,115492
7290110000097,false,קרם נוגט 375 גר',,,קרם נוגט,גרמים,375.00,100 גרם,false,,26.90,0.0717,true,1,114856
7290110000301,false,דבש מגובש פרחי אבוקד,,,דבש מגובש פרחי אבוקד,גרמים,500.00,100 גרם,false,,27.90,0.0558,true,1,114840
7290110000462,false,דבש מגובש פרחי אקליפ,,,דבש מגובש פרחי אקליפ,גרמים,500.00,100 גרם,false,,27.90,0.0558,true,1,118216
7290110000493,false,חמאת בוטנים טבעית קראנצ'י 350 גר',"בטר אנד דיפרנט בע""מ",IL,חמאת בוטנים טבעית קר,גרמים,350.00,100 גרם,false,,12.90,0.0369,true,1,114841
7290110000646,false,דבש דבורים אורגני 50,,,דבש דבורים אורגני 50,גרמים,500.00,100 גרם,false,,32.90,0.0658,true,1,114842
7290110000714,false,תרכיז חמוציות 250 גר,,,תרכיז חמוציות 250 גר,מיליליטרים,250.00,"100 מ""ל",false,,31.90,0.1276,true,1,116624
7290110001780,false,ממרח בוטנים בתוספת ס,,,ממרח בוטנים בתוספת ס,גרמים,350.00,100 גרם,false,,14.90,0.0426,true,1,165303
7290110002039,false,חיטה תפוחה+קקאו 400 גרם (שלווה),אורגניק אגרו פודס,PL,חיטה תפוחה עם קקאו 4,גרמים,400.00,100 גרם,false,,13.90,0.0348,true,1,168348
7290110002183,false,דבש לחיץ מפרחי בר 40,,,דבש לחיץ מפרחי בר 40,גרמים,400.00,100 גרם,false,,21.00,0.0525,true,1,166309
7290110110277,false,"סומרסבי סיידר תפוחים אלכוהולי 4*300 מ""ל","קרלסברג קרואטיה , יב",IL,סומרסבי רביעייה סייד,מיליליטרים,1320.00,"100 מ""ל",false,,35.90,0.0272,true,1,106645
7290110110369,false,שישיית בירה קרלסברג LUMA בקבוק 330 מל,מבשלות בירה בינלאומי,IL,שישיה קרלסברג לומה ל,מיליליטרים,1980.00,"100 מ""ל",false,,37.90,0.0191,false,1,117536
7290110110659,false,"ספרייט לימון ליים פחית 330מ""ל",החברה המרכזית לייצור,IL,ספרייט ליים פחית 330,מיליליטרים,330.00,"100 מ""ל",false,,5.50,0.0167,true,1,105698
7290110110703,false,מארז ספרייט שישייה פחיות FRIDGE PACK,קוקה קולה ישראל,IL,מארז ספרייט ליים פחי,ליטרים,1.98,ליטר,false,,23.00,11.6162,false,1,105695
7290110110765,false,פיוז טי גרין בטעם לימון נענע 500 מל,מבשלות בירה בינלאומי,IL,פיוז טי גרין 0.5 ליט,מיליליטרים,500.00,"100 מ""ל",false,,6.50,0.0130,true,1,107222
7290110111557,false,"משקה ספורט איזוטוני בטעם פירות 500 מ""ל פאוורייד",פאווראייד POWERADE,IT,משקה ספורט איזוטוני,מיליליטרים,500.00,"100 מ""ל",false,,9.50,0.0190,true,1,109027
7290110111564,false,"משקה ספורט איזוטוני בטעם הדרים ליין 500 מ""ל פאוורייד",פאווראייד POWERADE,IT,משקה ספורט איזוטוני,מיליליטרים,500.00,"100 מ""ל",false,,9.50,0.0190,true,1,109028
7290110111809,false,"מארז פחיות פאנטה אורנג' שישייה 330 מ""ל",החברה המרכזית לייצור,IL,מארז פאנטה פחיות שיש,ליטרים,1980.00,100 ליטר,false,,23.00,0.0116,false,1,110934
7290110113261,false,נקטר אושן ספריי 19 קלוריות חמוציות 1 ליטר,פריגת,IL,חמוציות אושן ספריי 1,ליטרים,1.00,ליטר,false,,12.90,12.9000,false,1,123954
7290110113384,false,קוקה קולה זירו מארז רביעיה 1X4 ליטר,קוקה קולה,IL,מארז רביעיה קולה זיר,ליטרים,4.00,ליטר,false,,25.90,6.4750,false,1,167512
7290110113490,false,"פיוז טי אפרסק 19 קלוריות 500 מ""ל",מבשלות בירה בינלאומי,IL,פיוז תה 0.5 ליטר אפר,מיליליטרים,500.00,"100 מ""ל",false,,6.50,0.0130,true,1,117351
7290110114787,false,נביעות + תפוח 1.5 ליטר פיקדון,נביעות טבע הגליל בעמ,IL,נביעות + תפוח 1.5 לי,ליטרים,1.50,ליטר,false,,8.90,5.9333,false,1,164161
7290110114794,false,נביעות + אפרסק 1.5 ליטר פיקדון,"נביעות טבע הגליל בע""",IL,נביעות + אפרסק 1.5 ל,ליטרים,1.50,ליטר,false,,8.90,5.9333,false,1,164162
7290110114800,false,נביעות פלוס בטעם ענבים 1.5 ליטר-,פארייפאבה אגרואינדוס,IL,נביעות + ענבים 1.5 ל,ליטרים,1.50,ליטר,false,,8.90,5.9333,false,1,164163
7290110114824,false,נביעות+רכיבי פרי אבטיח 1.5 ליטר פיקדון,"נביעות טבע הגליל בע""",IL,נביעות+ רכיבי פרי אב,ליטרים,1.50,ליטר,false,,9.50,6.3333,false,1,164165
7290110114855,false,"נביעות מים מינרליים, שישיה 6 * 1.5 ליטר פקדון",נביעות טבע הגליל בעמ,IL,שישיה נביעות 1.5 ליט,ליטרים,9.00,ליטר,false,,12.90,1.4333,false,1,164168
7290110114886,false,פריגת סחוט טרי קלמנטינה 2 ליטר,פריגת מצוננים,IL,סחוט קלמנטינה 2 ליטר,ליטרים,2.00,ליטר,false,,29.90,14.9500,false,1,164871
7290110114893,false,פריגת סחוט טרי תפוז 2 ליטר,היינץ צפון אמריקה מק,IL,סחוט תפוז 2 ליטר פרי,ליטרים,2.00,ליטר,false,,29.90,14.9500,false,1,164872
7290110114909,false,מיץ סחוט תפוח צלול 2 ל' פריגת,היינץ צפון אמריקה מק,IL,סחוט תפוח צלול 2 ליט,ליטרים,2.00,ליטר,false,,29.90,14.9500,false,1,164873
7290110114916,false,פריגת סחוט לימון נענע 2 ליטר,פריגת מצוננים,IL,סחוט לימונענע 2 ליטר,ליטרים,2.00,ליטר,false,,29.90,14.9500,false,1,164874
7290110114954,false,מיץ תפוזים מתקתקים 100% 2 ל' פריגת,פריגת מצוננים,IL,תפוזים מתקתק 100% 2,ליטרים,2.00,ליטר,false,,22.90,11.4500,false,1,164876
7290110114961,false,מיץ בטעם תפוזים 1.5ל' פריגת,מבשלות בירה בינלאומי,IL,פריגת תפוז 1.5 ליטר,ליטרים,1.50,ליטר,false,,9.00,6.0000,false,1,164170
7290110114985,false,פריגת אשכולית 1.5 ליטר פיקדון,מבשלות בירה בינלאומי,IL,פריגת אשכולית 1.5 לי,ליטרים,1.50,ליטר,false,,9.00,6.0000,false,1,164172
7290110114992,false,פריגת light אשכולית 1.5 ליטר פיקדון,מבשלות בירה בינלאומי,IL,פריגת Light אשכולית,ליטרים,1.50,ליטר,false,,8.60,5.7333,false,1,164173
7290110115005,false,פריגת ענבים 1.5 ליטר פיקדון,מבשלות בירה בינלאומי,IL,פריגת ענבים 1.5 ליטר,ליטרים,1.50,ליטר,false,,9.00,6.0000,false,1,164174
7290110115029,false,"פריגת משק""ל תפוח 1.5 ליטר פיקדון",מבשלות בירה בינלאומי,IL,"פריגת משק""ל תפוח 1.5",ליטרים,1.50,ליטר,false,,9.00,6.0000,false,1,164176
7290110115036,false,פריגת מנגו 1.5 ליטר פיקדון,מבשלות בירה בינלאומי,IL,פריגת מנגו 1.5 ליטר,ליטרים,1.50,ליטר,false,,9.00,6.0000,false,1,164177
7290110115043,false,פריגת לימונענע 1.5 ליטר פיקדון,מבשלות בירה בינלאומי,IL,פריגת לימונענע 1.5 ל,ליטרים,1.50,ליטר,false,,9.00,6.0000,false,1,164178
7290110115050,false,פריגת מיקס תות בננה 1.5 ליטר פיקדון,מבשלות בירה בינלאומי,IL,פריגת מיקס תות בננה,ליטרים,1.50,ליטר,false,,9.00,6.0000,false,1,164179
7290110115081,false,פריגת צלול ענבים 1.5 ליטר פיקדון,מבשלות בירה לישראל ב,IL,פריגת צלול ענבים 1.5,ליטרים,1.50,ליטר,false,,8.60,5.7333,false,1,164182
7290110115104,false,פריגת צלול אפרסק 1.5 ליטר פיקדון,מבשלות בירה בינלאומי,IL,פריגת צלול אפרסק 1.5,ליטרים,1.50,ליטר,false,,8.60,5.7333,false,1,164184
7290110115111,false,פריגת צלול אננס 1.5 ליטר פיקדון,מבשלות בירה לישראל ב,IL,פריגת צלול אננס 1.5,ליטרים,1.50,ליטר,false,,8.60,5.7333,false,1,164185
7290110115128,false,פריגת צלול בטעם לימונענע 1.5 ליטר פיקדון,מבשלות בירה לישראל ב,IL,פריגת צלול בטעם לימו,ליטרים,1.50,ליטר,false,,8.60,5.7333,false,1,164186
7290110115210,false,דיאט קוקה קולה 1.5 ליטר פיקדון,קוקה קולה Coca Cola,IL,דיאט קוקה קולה 1.5 ל,ליטרים,1.50,ליטר,false,,8.50,5.6667,false,1,164320
7290110115227,false,קוקה קולה זירו 1.5 ליטר -,קוקה קולה Coca Cola,IL,קולה זירו 1.5 ליטר פ,ליטרים,1.50,ליטר,false,,8.50,5.6667,false,1,164321
7290110115234,false,קוקה קולה זירו נטול 1.5 ליטר -,החברה המרכזית לייצור,IL,קולה זירו נטול 1.5 ל,ליטרים,1.50,ליטר,false,,8.50,5.6667,false,1,164322
7290110115241,false,קוקה קולה זירו לימון 1.5 ליטר -,החברה המרכזית לייצור,IL,קולה זירו לימון 1.5,ליטרים,1.50,ליטר,false,,8.50,5.6667,false,1,164323
7290110115258,false,קוקה קולה זירו מנגו 1.5 ליטר -,החברה המרכזית לייצור,IL,קולה זירו מנגו 1.5 ל,ליטרים,1.50,ליטר,false,,8.50,5.6667,false,1,164324
7290110115265,false,ספרייט לימון ליים 1.5 ליטר-,החברה המרכזית לייצור,IL,ספרייט 1.5 ליטר LIM,ליטרים,1.50,ליטר,false,,8.90,5.9333,false,1,164334
7290110115272,false,ZERO ספרייט 1.5 ליטר פיקדון,החברה המרכזית לייצור,IL,ZERO ספרייט 1.5 ליטר,ליטרים,1.50,ליטר,false,,8.50,5.6667,false,1,164335
7290110115289,false,ספרייט 19 קל' לימון-נענע 1.5 ליטר פיקדון,החברה המרכזית לייצור,IL,ספרייט 19 קל' לימון-,ליטרים,1.50,ליטר,false,,8.50,5.6667,false,1,164336
7290110115296,false,פאנטה אורנג' 1.5 ליטר פיקדון,החברה המרכזית לייצור,IL,פאנטה אורנג' 1.5 ליט,ליטרים,1.50,ליטר,false,,8.90,5.9333,false,1,164337
7290110115302,false,פאנטה ZERO אורנג' 1.5 ליטר פיקדון,החברה המרכזית לייצור,IL,פאנטה ZERO אורנג' 1.,ליטרים,1.50,ליטר,false,,8.50,5.6667,false,1,164338
7290110115319,false,פאנטה אקזוטיק 1.5 ליטר פיקדון,החברה המרכזית לייצור,IL,פאנטה אקזוטיק 1.5 לי,ליטרים,1.50,ליטר,false,,8.90,5.9333,false,1,164339
7290110115333,false,פאנטה תות 1.5 ליטר פיקדון,החברה המרכזית לייצור,IL,פאנטה תות 1.5 ליטר פ,ליטרים,1.50,ליטר,false,,8.90,5.9333,false,1,164341
7290110115357,false,קינלי סודה 1.5 ליטר פיקדון,קינלי Kinley,IL,קינלי סודה 1.5 ליטר,ליטרים,1.50,ליטר,false,,4.20,2.8000,false,1,164349
7290110115364,false,שישייה קוקה קולה 1.5 ליטר פיקדון,החברה המרכזית לייצור,IL,קוקה קולה שישיות 1.5,ליטרים,9.00,ליטר,false,,51.90,5.7667,false,1,164325
7290110115371,false,דיאט קוקה קולה שישיות 1.5 ליטר פיקדון,החברה המרכזית לייצור,IL,דיאט קוקה קולה שישיו,ליטרים,9.00,ליטר,false,,48.80,5.4222,false,1,164326
7290110115388,false,ספרייט ליים שישיות 1.5 ליטר פיקדון,החברה המרכזית לייצור,IL,ספרייט LIME שישיות 1,ליטרים,9.00,ליטר,false,,51.90,5.7667,false,1,164344
7290110115395,false,ZERO ספרייט שישיות 1.5 ליטר פיקדון,החברה המרכזית לייצור,IL,ZERO ספרייט שישיות 1,ליטרים,9.00,ליטר,false,,48.80,5.4222,false,1,164345
7290110115401,false,קינלי סודה שישייה 1.5 ליטר פיקדון,החברה המרכזית לייצור,IL,קינלי סודה שישייה 1.,ליטרים,9.00,ליטר,false,,15.70,1.7444,false,1,164350
7290110115418,false,מארז שישייה קוקה קולה זירו 1.5 ל',החברה המרכזית לייצור,IL,קולה זירו שישיות 1.5,ליטרים,9.00,ליטר,false,,48.80,5.4222,false,1,164327
7290110115425,false,FUZE TEA גרין לימונענע -נענע 1.5 ליטר פיקדון,מבשלות בירה בינלאומי,IL,FUZE tea גרין לימון-,ליטרים,1.50,ליטר,false,,8.90,5.9333,false,1,164351
7290110115449,false,אייס תה בטעם מנגו אננס 1.5ל' FUZE TEA,מבשלות בירה בינלאומי,IL,FUZE tea מנגו אננס 1,ליטרים,1.50,ליטר,false,,9.50,6.3333,false,1,164353
7290110115456,false,"תה קר בטעם אפרסק 19 קלוריות ב- 100 מ""ל",מבשלות בירה בינלאומי,IL,FUZE tea אפרסק 19 קל,ליטרים,1.50,ליטר,false,,8.90,5.9333,false,1,164354
7290110115463,false,פיוז טי אפרסק 1.5 ליטר פיקדון,מבשלות בירה בינלאומי,IL,FUZE tea אפרסק 1.5 ל,ליטרים,1.50,ליטר,false,,9.50,6.3333,false,1,164355
7290110115494,false,אייס תה בטעם ענבים 1.5ל' FUZE TEA,מבשלות בירה בינלאומי,IL,FUZE tea ענבים 1.5 ל,ליטרים,1.50,ליטר,false,,9.50,6.3333,false,1,164358
7290110115593,false,פריגת אשכוליות 40% פחות סוכר 1.5 ליטר פיקדון,מבשלות בירה בינלאומי,IL,פריגת אשכוליות 40% פ,ליטרים,1.50,ליטר,false,,8.60,5.7333,true,1,164188
7290110115616,false,FUZE tea zero גרין אננס 1.5 ליטר פיקדון,מבשלות בירה בינלאומי,IL,פיוז טי זירו גרין אנ,ליטרים,1.50,ליטר,false,,8.90,5.9333,false,1,164995
7290110115623,false,משקה פיוז טי זירו ZERO בטעם אפרסק,מבשלות בירה בינלאומי,IL,פיוז טי זירו אפרסק 1,מיליליטרים,1.50,"מ""ל",false,,8.90,5.9333,false,1,164996
7290110115777,false,מים מינרליים נביעות 1.5 ל,נביעות,,בק' נביעות 1.5 ליטר,ליטרים,1.50,ליטר,false,,4.30,2.8667,false,1,165068
7290110115845,false,קוקה קולה 1.5 ליטר פיקדון,"אינסטנטה בע""מ",IL,קוקה קולה רגיל 1.5 ל,ליטרים,1.50,ליטר,false,,9.00,6.0000,false,1,165094
7290110115852,false,דיאט קוקה קולה 1.5 ליטר -,תות תעשיות מזון (201,IL,קוקה קולה דיאט 1.5 ל,ליטרים,1.50,ליטר,false,,8.50,5.6667,false,1,165091
7290110115869,false,קוקה קולה זירו 1.5 ליטר פיקדון,תות תעשיות מזון (201,IL,קולה זירו 1.5 ליטר פ,ליטרים,1.50,ליטר,false,,8.50,5.6667,false,1,165046
7290110115913,false,"משקה ספורט איזוטוני זירו בטעם אננס 500 מ""ל פאוורייד",Caslino al Piano pla,IT,משקה ספורט איזוטוני,מיליליטרים,500.00,"100 מ""ל",false,,9.50,0.0190,true,1,166492
7290110116064,false,פאנטה ZERO פירות ירוק 1.5 ליטר פיקדון,החברה המרכזית לייצור,IL,פאנטה זירו פירות ירו,ליטרים,1.50,ליטר,false,,8.50,5.6667,false,1,166964
7290110116156,false,נביעות+רכיבי פרי מנגו-פסיפלורה 1.5 ליטר-,נביעות,IL,נביעות+ רכיבי פרי מנ,ליטרים,1.50,ליטר,false,,9.50,6.3333,false,1,167504
7290110116170,false,נביעות+רכיבי פרי אננס-קוקוס 1.5 ליטר-,נביעות,IL,נביעות+ רכיבי פרי אנ,ליטרים,1.50,ליטר,false,,9.50,6.3333,false,1,167502
7290110116194,false,נביעות+ סדרת 0 קלוריות לימון-ליים 1.5 לי,"נביעות טבע הגליל בע""",IL,נביעות+ לימון-ליים 1,ליטרים,1.50,ליטר,false,,9.50,6.3333,false,1,167500
7290110116217,false,נביעות+ סדרת 0 קלוריות אשכוליות 1.5 ליטר,"נביעות טבע הגליל בע""",IL,נביעות+ אשכוליות 1.5,ליטרים,1.50,ליטר,false,,9.50,6.3333,false,1,167499
7290110116385,false,קוקה קולה זירו מרשמלו פחית 330 מל,החברה המרכזית למשקאו,IL,פחית קולה זירו אבטיח,מיליליטרים,330.00,"100 מ""ל",false,,5.00,0.0152,false,1,167768
7290110116392,false,סירופ בטעם תפוזים 750 מל פריגת,סירופ - גבעת חיים,IL,סירופ בטעם תפוזים,מיליליטרים,750.00,"100 מ""ל",false,,22.90,0.0305,true,1,167510
7290110116484,false,מיץ סחוט תות בננה 1 ל' פריגת,פריגת מצוננים,IL,פריגת מיקס תות בננה,ליטרים,1.00,ליטר,false,,16.00,16.0000,true,1,168848
7290110116491,false,מיץ סחוט אפרסק משמש 1 ל' פריגת,פריגת מצוננים,IL,פריגת מיקס אפרסק משמ,ליטרים,1.00,ליטר,false,,16.00,16.0000,true,1,168849
7290110116552,false,ספרייט לימון היט 1.5 ליטר LIME פיקדון,החברה המרכזית לייצור,IL,ספרייט למון היט 1.5,ליטרים,1.50,ליטר,false,,8.90,5.9333,false,1,168549
7290110116569,false,"ספרייט זירו ZERO בק LEMON HIT, 1.5 ליטר",החברה המרכזית לייצור,IL,זירו ספרייט למון היט,ליטרים,1.50,ליטר,false,,8.50,5.6667,false,1,168548
7290110116576,false,"ספרייט זירו למון היט 500 מ""ל",החברה המרכזית לייצור,IL,ספרייט זירו לימון הי,מיליליטרים,500.00,"100 מ""ל",false,,6.50,0.0130,false,1,168550
7290110116637,false,בירה שקמה חיטה מעוננת Bitter Wheat,שקמה,,"בירה שיקמה 330 מ""ל",מיליליטרים,330.00,"100 מ""ל",false,,12.90,0.0391,true,1,168034
7290110320591,false,פיראוס בולגרית מעודנת 16% 250 גר,תנובה חלב,IL,בולגרית 16% פיראוס ב,גרמים,250.00,100 גרם,false,,23.90,0.0956,true,1,100581
7290110320683,false,משקה יופלה 360 בטעם תות אריזת שמיניה,מיוצר עי קונדיטוריית,IL,משקה יופלה תות שמיני,גרמים,856.00,100 גרם,false,,17.90,0.0209,true,1,102507
7290110320850,false,פתיתים גבינה חצי קשה מגורדת 28% שומן,תנובה מרכז שיתופי לש,IL,פתיתי עמק 200 גר,גרמים,200.00,100 גרם,false,,15.90,0.0795,false,1,103191
7290110320867,false,פתיתים גבינה חצי קשה מגורדת 28% שומן,תנובה מרכז שיתופי לש,IL,פתיתי עמק לאפיה 28%,גרמים,500.00,100 גרם,false,,36.90,0.0738,false,1,102942
7290110320935,false,גבינת מוצרלה תנובה 150ג' פרוסות,תנובה מרכז שיתופי לש,IL,פרוסות מוצרלה 150 גר,גרמים,150.00,100 גרם,false,,16.90,0.1127,true,1,102941
7290110321031,false,מעדן חלב GO יוגורט מועשר בחלבון טבעי 200 ג' יופלה,"תנובה, מחלבת אלון תב",IL,יופלה GO,גרמים,200.00,100 גרם,false,,5.80,0.0290,true,1,102431
7290110321277,false,קוטג' בקטנה % 5 100 ג' תנובה,פארייפאבה אגרואינדוס,IL,קוט'ג בקטנה 5% מהדרי,גרמים,100.00,100 גרם,false,,2.60,0.0260,false,1,103575
7290110321284,false,קוטג' בקטנה 9% 100 ג' תנובה,פארייפאבה אגרואינדוס,IL,קוט'ג בקטנה 9% מהדרי,גרמים,100.00,100 גרם,false,,2.60,0.0260,false,1,103576
7290110321604,false,קוביות פיראוס בולגרית מעודנת 5% 200 גרם - רבנות,תנובה חלב,IL,קוביית בולגרית מעודנ,גרמים,230.00,100 גרם,false,,21.90,0.0952,true,1,106636
7290110321680,false,יוגורט GO בטעם תות 20 גרם חלבון בגביע,מיוצר עי קונדיטוריית,IL,יופלה גו בטעמי פירות,גרמים,200.00,100 גרם,false,,6.20,0.0310,true,1,104278
7290110321697,false,יוגורט GO בטעם אפרסק 20 גרם חלבון בגביע,מיוצר עי קונדיטוריית,IL,יופלה גו אפרסק,גרמים,200.00,100 גרם,false,,6.20,0.0310,true,1,104279
7290110321703,false,יוגורט GO בטעם פירות יער 20 גרם חלבון בגביע,מיוצר עי קונדיטוריית,IL,יופלה גו פירות יער,גרמים,200.00,100 גרם,false,,6.20,0.0310,true,1,106237
7290110321789,false,גבינה מסקרפונה 38% השף הלבן 250 גר,תנובה חלב,IL,גבינת מסקרפונה 38% ה,גרמים,250.00,100 גרם,false,,20.50,0.0820,true,1,105560
7290110322014,false,טופו בטעם טבעי תנובה ALTERNATIVE,שוורצקוף& הנקל דיסלד,IL,טופו טבעי 300 גר,גרמים,300.00,100 גרם,false,,12.90,0.0430,true,1,106378
7290110322021,false,טופו עם בזיליקום תנובה ALTERNATIVE,שוורצקוף& הנקל דיסלד,IL,טופו בזיליקום 300 גר,גרמים,300.00,100 גרם,false,,12.90,0.0430,true,1,106409
7290110322038,false,טופו פיקנטי תנובה ALTERNATIVE,שוורצקוף& הנקל דיסלד,IL,טופו פיקנטי 300 גר,גרמים,300.00,100 גרם,false,,12.90,0.0430,true,1,106379
7290110322946,false,יופלה טיוב יוגורט במרקם חלק בטעם תות בננה כשרות רבנות 348 ג',תנובה חלב,IL,יופלה טיוב תות בננה,גרמים,348.00,100 גרם,false,,12.60,0.0362,false,1,108551
7290110323073,false,"משקה יוגורט יופלה גו תות פטל 250 מ""ל - רבנות",מיוצר עי קונדיטוריית,IL,משקה יוגורט יופלה תו,מיליליטרים,250.00,"100 מ""ל",false,,6.70,0.0268,true,1,108269
7290110323301,false,טל העמק בסגנון אמנטל 32% שומן 200 גרם,עמק - תנובה,IL,גבינת טל העמק 32% שו,גרמים,200.00,100 גרם,false,,19.90,0.0995,true,1,109859
7290110323585,false,יופלה יוגורט עם דובדבן מופחת קלוריות 200 ג' GO,יופלה Yoplait,IL,יוגורט עם דבדבן מופח,גרמים,200.00,100 גרם,false,,6.20,0.0310,true,1,108871
7290110323592,false,יופלה יוגורט עם אפרסק מופחת קלוריות 200 ג' GO,יופלה Yoplait,IL,יוגורט עם אפרסק מופח,גרמים,200.00,100 גרם,false,,6.20,0.0310,true,1,108872
7290110323714,false,משקה קוקוס שקדים תנובה E אלטרנטיב,מיוצר עי קונדיטוריית,IL,משקה קוקוס שקדים 1 ל,מיליליטרים,1000.00,"100 מ""ל",false,,12.60,0.0126,true,1,109568
7290110324070,false,גבינת חלומי מחלב בקר 22%שומן 200גר,"תנובה בע""מ",IL,גבינת חלומי 200 גר ת,גרמים,200.00,100 גרם,false,,19.90,0.0995,true,1,109701
7290110324353,false,יוגורט GO לייט בטעם אננס 20 גרם חלבון בגביע,מיוצר עי קונדיטוריית,IL,יופלה GO לייט אננס,מיליליטרים,200.00,"100 מ""ל",false,,6.20,0.0310,true,1,111544
7290110324551,false,יופלה טיוב יוגורט במרקם חלק בטעם תות 348 ג',תנובה חלב,IL,יופלה טיוב תות,גרמים,348.00,100 גרם,false,,12.60,0.0362,false,1,110396
7290110324711,false,"ממרח סויה בסגנון גבינה טעם טבעי בד""צ",מיוצר עי קונדיטוריית,IL,ממרח סויה 9% בטעם טב,גרמים,250.00,100 גרם,false,,8.90,0.0356,true,1,111586
7290110324841,false,מעדן שקדים עם שוקולד מריר אלטרנטיב,מיוצר עי קונדיטוריית,IL,מעדן שקדים עם שוקולד,גרמים,125.00,100 גרם,false,,4.40,0.0352,false,1,113617
7290110324858,false,מעדן שקדים בטעם אגוזי לוז אלטרנטיב,מיוצר עי קונדיטוריית,IL,מעדן שקדים בטעם אגוז,גרמים,125.00,100 גרם,false,,4.40,0.0352,true,1,113620
7290110324872,false,גבינה צהובה גלבוע 5% שומן 200 גרם,גלבוע - תנובה,IL,גבינת גלבוע 200ר,גרמים,200.00,100 גרם,false,,18.90,0.0945,false,1,113912
7290110324926,false,משקה סויה ללא תוספת סוכר E אלטרנטיב,תנובה מרכז שיתופי לש,IL,משקה סויה ללא תוספת,מיליליטרים,1000.00,"100 מ""ל",false,,10.60,0.0106,false,1,113877
7290110325114,false,"משקה יוגורט יופלה גו לייט תות בננה 250 מ""ל - רבנות",מיוצר עי קונדיטוריית,IL,משקה יוגורט גו לייט,גרמים,250.00,100 גרם,false,,6.70,0.0268,true,1,112280
7290110325121,false,משקה יוגורט יופלה גו לייט מנגו אננס,"תנובה בע""מ",IL,משקה יוגורט גו לייט,גרמים,250.00,100 גרם,false,,6.70,0.0268,true,1,112281
7290110325169,false,פרוסות גאודה תנובה 1,תנובה חלב,IL,גאודה פרוסות,גרמים,170.00,100 גרם,false,,19.50,0.1147,true,1,115941
7290110325305,false,מעדן סויה GO מועשר בחלבון במתיקות מעודנת,מיוצר עי קונדיטוריית,IL,מעדן סויה גו 20 גרם,גרמים,200.00,100 גרם,false,,6.10,0.0305,true,1,113608
7290110325312,false,מעדן סויה GO מועשר בחלבון בטעם תות,"תנובה בע""מ",IL,מעדן סויה גו 20 גרם,גרמים,200.00,100 גרם,false,,6.10,0.0305,true,1,113609
7290110325510,false,יופלה טיוב יוגורט במרקם חלק בטעם וניל - 348 ג',"תנובה בע""מ",IL,יופלה טיוב וניל,גרמים,348.00,100 גרם,false,,12.60,0.0362,false,1,114068
7290110325619,false,משקה שיבולת שועל תנובה E אלטרנטיב,מיוצר עי קונדיטוריית,IL,משקה שיבולת שועל 1 ל,ליטרים,1.00,ליטר,false,,12.60,12.6000,true,1,114564
7290110325701,false,פיראוס צזיקי יווני 9% שומן על בסיס יוגורט,גוד פוד פרודקטס S.p,IL,פיראוס צזיקי יווני 9,גרמים,250.00,100 גרם,false,,12.90,0.0516,true,1,115055
7290110325879,false,פתיתי גאודה 200 ג' תנובה,תנובה- השף הלבן,IL,פתיתי גאודה 200 גר',גרמים,200.00,100 גרם,false,,17.90,0.0895,true,1,116134
7290110325893,false,משקה חלב GO מועשר בחלבון בטעם אייס קפה,מיוצר עי קונדיטוריית,IL,תנובה GO אייס קפה 34,מיליליטרים,340.00,"100 מ""ל",false,,8.00,0.0235,true,1,114563
7290110326173,false,YOLO NUTS מעדן שוקולד בתוספת עוגיות 120 גרם,תנובה חלב,IL,YOLO COOKIES שוקולד,גרמים,120.00,100 גרם,false,,5.20,0.0433,false,1,115536
7290110326210,false,יופלה און טופ פצפוצים 157 גרם.,מיוצר עי קונדיטוריית,IL,יופלה און טופ פצפוצי,גרמים,157.00,100 גרם,false,,5.10,0.0325,true,1,116135
7290110326227,false,יוגורט און טופ קורנפלקס 157 ג' יופלה,מיוצר עי קונדיטוריית,IL,יופלה און טופ קורנפל,גרמים,157.00,100 גרם,false,,5.10,0.0325,true,1,116136
7290110326234,false,יוגורט און טופ כוכבים 157 ג' יופלה,מיוצר עי קונדיטוריית,IL,יופלה און טופ כוכבים,גרמים,157.00,100 גרם,false,,5.10,0.0325,true,1,116137
7290110326241,false,ייופלה און טופ גרנולה 157 גרם,מיוצר עי קונדיטוריית,IL,יופלה און טופ גרנולה,גרמים,157.00,100 גרם,false,,5.10,0.0325,true,1,116138
7290110326333,false,פרוסות גבינה בסגנון סקנדינבי 31%,פ.פ.ח. שאביט,IL,פרוסות גבינה סקנדינב,גרמים,170.00,100 גרם,false,,19.50,0.1147,false,1,119027
7290110326906,false,חלב טרי נטול לקטוז 3% 1 ליטר,מיוצר עי קונדיטוריית,IL,חלב נטול לקטוז 3% שו,ליטרים,1.00,ליטר,false,,7.20,7.2000,false,1,118924
7290110327033,false,משקה סויה גו מועשר בחלבון במתיקות מופחתת 1 ליטר,מיוצר עי קונדיטוריית,IL,משקה סויה תנובה גו מ,מיליליטרים,1000.00,"100 מ""ל",false,,12.60,0.0126,true,1,118311
7290110327064,false,משקה אייס קפה שיבולת שועל בטעם קרמל 1 ל' ALTERNATIVE,תנובה מרכז שיתופי לש,IL,אייס קפה שיבולת שועל,ליטרים,1.00,ליטר,false,,11.90,11.9000,true,1,117458
7290110327514,false,משקה שיבולת שועל בטעם אגוזי לוז 1 ליטר אלטרנטיב,תנובה מרכז שיתופי לש,IL,משקה שיבולת שועל בטע,ליטרים,1.00,ליטר,false,,12.60,12.6000,true,1,164693
7290110327545,false,מעדן און טופ תות פצפוצים מצופים שוקולד 157ג' יופלה,מיוצר עי קונדיטוריית,IL,יופלה און טופ בטעם ת,גרמים,150.00,100 גרם,false,,4.90,0.0327,true,1,119381
7290110328016,false,משקה סויה מועשר בחלבון בטעם אגוזי לוז 250ג',תנובה מרכז שיתופי לש,IL,משקה סויה מועשר בחלב,גרמים,250.00,100 גרם,false,,6.30,0.0252,true,1,120614
7290110328474,false,גבינת פרמג'יאנו רג'יאנו 30% מחלב בקר,מנדלז סי.אר. פרודקשן,IT,פלח פרמג'אנו רג'יאנו,גרמים,150.00,100 גרם,false,,29.90,0.1993,true,1,121662
7290110328481,false,פתיתי פרמג'יאנו רג'יאנו מחלב בקר 30%,ברטינלי גיאני א.,IT,פתיתי פרמג'אנו רג'יא,גרמים,100.00,100 גרם,false,,15.90,0.1590,true,1,121663
7290110328504,false,טריו - מיקס גבינות מוצרלה סקנדינבית וגאודה 300 גרם,מיוצר עי קונדיטוריית,IL,מיקס גבינות מוצרלה ס,גרמים,300.00,100 גרם,false,,26.50,0.0883,true,1,121648
7290110328610,false,משקה אורז ושקדים בריסטה אלטרנטיב 1 ליטר,תנובה Alternative,IL,משקה אורז ושקדים ברי,ליטרים,1000.00,ליטר,false,,11.90,0.0119,true,1,167070
7290110328627,false,יוגורט יופלה GO במרקם סמיך בטעם בננה קרמל 0%,מיוצר עי קונדיטוריית,IL,יוגורט גו סמיך 0% בנ,גרמים,200.00,100 גרם,false,,6.20,0.0310,true,1,122633
7290110328641,false,טופו טבעי אלטרנטיב ז,תנובה חלב,IL,טופו טבעי 500 גר אלט,גרמים,500.00,100 גרם,false,,18.90,0.0378,false,1,123357
7290110328764,false,יוגורט יופלה GO במרקם סמיך עם תות 0%,מיוצר עי קונדיטוריית,IL,יוגורט גו סמיך 0% תו,גרמים,200.00,100 גרם,false,,6.20,0.0310,true,1,122632
7290110328771,false,יוגורט יופלה GO במרקם סמיך עם פירות יער 0%,מיוצר עי קונדיטוריית,IL,יוגורט גו סמיך 0% פי,גרמים,200.00,100 גרם,false,,6.20,0.0310,true,1,122635
7290110328788,false,יוגורט יופלה GO במרקם סמיך בטעם אפרסק 0%,תנובה מרכז שיתופי לש,IL,יוגורט גו סמיך 0% אפ,גרמים,200.00,100 גרם,false,,6.20,0.0310,true,1,122634
7290110328887,false,"חלב תנובה בקבוק 3%, כשרות מהדרין, 1 ליטר",תנובה מרכז שיתופי לש,IL,חלב תנובה 3% מהדרין,ליטרים,1.00,ליטר,false,,6.23,6.2300,false,1,165258
7290110328955,false,קוביות גבינת עזים בשמן מתובל פיראוס 350 גרם,דודוני תעשיית החלב ה,GR,קוביות גבינת עזים בש,גרמים,350.00,100 גרם,false,,26.50,0.0757,true,1,165974
7290110329136,false,מעדן חלב מעושר בחלבון בטעם שוקולד 120 ג' GO,תנובה מרכז שיתופי לש,IL,מעדן חלב גו בטעם שוק,גרמים,120.00,100 גרם,false,,4.90,0.0408,true,1,164578
7290110329143,false,מעדן חלב מעושר בחלבון בטעם וניל גביע 120 ג' GO,תנובה מרכז שיתופי לש,IL,מעדן חלב גו בטעם וני,גרמים,120.00,100 גרם,false,,4.90,0.0408,true,1,164571
7290110329211,false,מאגדת דיאט יופלה 0% תות אפרסק 8*150מל,תנובה מרכז שיתופי לש,IL,מאגדת דיאט יופלה תות,גרמים,1200.00,100 גרם,false,,28.90,0.0241,true,1,163658
7290110329266,false,יוגורט תנובה מחלב עיזים מלא תנובה 140 ג',תנובה,IL,יוגורט מחלב עיזים מל,גרמים,140.00,100 גרם,false,,6.20,0.0443,true,1,123529
7290110329273,false,יוגורט תנובה מחלב עיזים מלא 750 גרם,תנובה,IL,יוגורט מחלב עיזים מל,גרמים,750.00,100 גרם,false,,21.00,0.0280,true,1,123530
7290110329303,false,פרוסות בטעם צהובה קלאסית אלטרנטיב 200 גר,תנובה Alternative,IL,פרוסות גבינה בטעם צה,גרמים,200.00,100 גרם,false,,21.90,0.1095,false,1,164908
7290110329686,false,"משקה חלב גו בטעם עוגיות 340 מ""ל",מיוצר עי קונדיטוריית,IL,משקה חלב GO בטעם עוג,מיליליטרים,340.00,"100 מ""ל",false,,8.00,0.0235,true,1,164439
7290110329723,false,משקה קפה קר בטעם לאטה 230 ג' תנובה,תנובה מרכז שיתופי לש,IL,משקה קפה קר בטעם לאט,מיליליטרים,230.00,"100 מ""ל",false,,6.90,0.0300,true,1,166803
7290110329730,false,"משקה חלב עם שוקולד וקפה בסגנון לאטה 2.7%  230 מ""ל תנובה",תנובה מרכז שיתופי לש,IL,משקה חלב עם שוקולד ו,מיליליטרים,230.00,"100 מ""ל",false,,6.90,0.0300,true,1,166804
7290110329792,false,יוגורט סויה BIO Alternative אפרסק 150 ג' תנובה,מיוצר עי קונדיטוריית,IL,סויה ביו אפרסק Alter,גרמים,150.00,100 גרם,false,,4.60,0.0307,true,1,165052
7290110329808,false,יוגורט סויה BIO Alternative תות 150 ג' תנובה,מיוצר עי קונדיטוריית,IL,סויה ביו תות Alterna,גרמים,150.00,100 גרם,false,,4.60,0.0307,true,1,165049
7290110329815,false,סויה BIO מתיקות מעודנת גביע 150 גרם אלטרנטיב,מיוצר עי קונדיטוריית,IL,סויה ביו מתיקות מעוד,גרמים,150.00,100 גרם,false,,4.60,0.0307,true,1,165050
7290110329822,false,יוגורט סויה BIO Alternative פירות יער 150 ג' תנובה,מיוצר עי קונדיטוריית,IL,סויה ביו פירות יער A,גרמים,150.00,100 גרם,false,,4.60,0.0307,true,1,165051
7290110329846,false,יוגורט סויה BIO Alternative בטעם טבעי 150 ג' תנובה,מיוצר עי קונדיטוריית,IL,סויה ביו טבעי Alter,גרמים,150.00,100 גרם,false,,4.60,0.0307,true,1,165053
7290110329914,false,מאגדת משקה שיבולת שועל ושקדים 100 גרם*6 יח' ביו אלטרנטיב,תנובה מרכז שיתופי לש,IL,מאגדת משקה שיבולת שו,גרמים,600.00,100 גרם,false,,18.90,0.0315,true,1,167086
7290110351700,false,נורת לד ניסקו אור צה,,,נורת לד ניסקו אור צה,יחידה,0.00,יחידה,false,,46.90,0.0000,true,1,117283
7290110354268,false,נורת LED נר,,,נורת LED נר,יחידה,0.00,יחידה,false,,8.50,0.0000,true,1,112564
7290110354275,false,נורת לד E14,,,נורת לד E14,יחידה,0.00,יחידה,false,,8.50,0.0000,true,1,108680
7290110354282,false,נורת לד,,,נורת לד,יחידה,0.00,יחידה,false,,8.50,0.0000,true,1,113202
7290110356798,false,נורת לד כדור אור צהו,,,נורת לד כדור אור צהו,יחידה,0.00,יחידה,false,,8.50,0.0000,true,1,117044
7290110356804,false,נורת לד כדור ניסקו,,,נורת לד כדור ניסקו,יחידה,0.00,יחידה,false,,8.50,0.0000,true,1,117045
7290110356811,false,נורת לבון 60W,,,נורת לבון 60W,יחידה,0.00,יחידה,false,,8.50,0.0000,true,1,114635
7290110427016,false,מוצרי אופנה כללי,,,מוצרי אופנה כללי,יחידה,0.00,יחידה,false,,6.90,0.0000,true,1,121302
7290110427054,false,מוצרי אופנה כללי,,,מוצרי אופנה כללי,יחידה,0.00,יחידה,false,,9.90,0.0000,true,1,121306
7290110427078,false,מוצרי אופנה כללי,,,מוצרי אופנה כללי,יחידה,0.00,יחידה,false,,14.90,0.0000,true,1,121308
7290110427085,false,מוצרי אופנה כללי,,,מוצרי אופנה כללי,יחידה,0.00,יחידה,false,,14.90,0.0000,true,1,121309
7290110427108,false,מוצרי אופנה כללי,,,מוצרי אופנה כללי,יחידה,0.00,יחידה,false,,19.90,0.0000,true,1,121311
7290110427115,false,מוצרי אופנה כללי,,,מוצרי אופנה כללי,יחידה,0.00,יחידה,false,,24.90,0.0000,true,1,121312
7290110427160,false,מטריה,,,מטריה,יחידה,0.00,יחידה,false,,29.90,0.0000,true,1,168466
7290110427177,false,מטריה,,,מטריה,יחידה,0.00,יחידה,false,,39.90,0.0000,true,1,168467
7290110427269,false,מוצרי אופנה כללי,,,מוצרי אופנה כללי,יחידה,0.00,יחידה,false,,29.90,0.0000,true,1,121315
7290110550219,false,מטבעות שוקולד לבן לאפיה 400 גרם עלית,"פוליבה בע""מ",IL,מטבעות שוקולד לבן לא,גרמים,400.00,100 גרם,false,,31.90,0.0797,true,1,167894
7290110550226,false,מטבעות שוקולד מריר לאפיה 400 גרם עלית,"פוליבה בע""מ",IL,מטבעות שוקולד מריר ל,גרמים,400.00,100 גרם,false,,31.90,0.0797,true,1,167893
7290110550363,false,"פריכיות משולשות תירס, אורז שיבולת שועל, קינואה",אנרג'י Energy - שטראוס,IL,פריכיות משולשות קינו,גרמים,65.00,100 גרם,false,,10.60,0.1631,true,1,165529
7290110550370,false,פריכיות משולשות קינואה ופלפל שחור 65 גרם,שטראוס גרופ,IL,משולשות קינואה ופלפל,גרמים,65.00,100 גרם,false,,10.60,0.1631,true,1,168052
7290110550394,false,PERFECT BITE שוקולד חלב במילוי קרם ושברי אגוזי לוז 234 גרם,"שטראוס גרופ בע""מ",IL,מארז חטיפים ממולאים,גרמים,234.00,100 גרם,false,,19.90,0.0850,false,1,164234
7290110552121,false,יוגורט 5% בתוספת סידן וויטמין D היוגורט הראשון שלי,תנובה מרכז שיתופי לש,IL,היוגורט הראשון שלי 1,גרמים,100.00,100 גרם,false,,2.20,0.0220,true,1,166624
7290110552220,false,יוגורט PRO בטעם תות 0% סוכר לבן 20 גרם חלבון בגביע,"שטראוס בריאות בע""מ",IL,דנונה פרו תות ללא סו,גרמים,200.00,100 גרם,false,,5.90,0.0295,true,1,165150
7290110552237,false,יוגורט פרו בטעם אפרסק מנגו ללא סוכר 200 ג' דנונה,"שטראוס בריאות בע""מ",IL,דנונה פרו אפרסק מנגו,גרמים,200.00,100 גרם,false,,5.90,0.0295,true,1,165151
7290110552817,false,צנצנת מסטיק - גלידה לימון 58 גרם וועסטהיים,שטראוס גרופ,IL,מסטיק בטעם גלידה לימ,גרמים,58.00,100 גרם,false,,9.90,0.1707,true,1,167437
7290110553029,false,"אנרג'י קריספס-פריכיות חומוס, עדשים ואפונה עם קייל וסלק","פרח תעשיו מזון בע""מ",IL,פריכיות חלבון קייל,גרמים,60.00,100 גרם,false,,10.60,0.1767,true,1,165530
7290110553036,false,קריספס-פריכיות עם אפונה ובטטה סגולה בטעם בצל מקורמל,"פרח תעשיו מזון בע""מ",IL,פריכיות חלבון בטטה ס,גרמים,60.00,100 גרם,false,,10.60,0.1767,true,1,165531
7290110553098,false,מאגדת חטיפים אנרג'י מיקס צימוקים אגוזים 100X4 גרם,אנרג'י Energy - שטראוס,GB,אנרג'י מיקס צימוקים,גרמים,100.00,100 גרם,false,,14.90,0.1490,true,1,167731
7290110553104,false,נסקפה קפוצ'ינו סטיק קלאסי 130 ג' עלית,שטראוס,IL,קפוצ'ינו סטיק קלאסי,גרמים,130.00,100 גרם,false,,15.90,0.1223,false,1,168629
7290110553135,false,נסקפה קפוצ'ינו סטיק וניל 130 ג' עלית,שטראוס,IL,קפוצ'ינו סטיק וניל,גרמים,130.00,100 גרם,false,,15.90,0.1223,false,1,168630
7290110553173,false,אנרגי פריכיות אורז בטעם קרמל 50 גרם,סאנורייס בלגיום,IL,אנרגי פריכיות בטעם ק,גרמים,40.00,100 גרם,false,,6.50,0.1625,true,1,168053
7290110553180,false,אנרגי פריכיות אורז בטעם תפוח קינמון 50 ג,סאנורייס בלגיום,IL,אנרגי פריכיות בטעם ת,גרמים,40.00,100 גרם,false,,6.50,0.1625,true,1,168054
7290110553425,false,קפה נמס 200 גרם +20% תוספת עלית,שטראוס גרופ,IL,קפה נמס 200 גר +20%ת,גרמים,240.00,100 גרם,false,,21.00,0.0875,false,1,165257
7290110554101,false,"סירופ מייפל טבעי בפאוץ' 125 מ""ל",ציטדל,CA,"מייפל בפאוץ' 125 מ""ל",מיליליטרים,125.00,"100 מ""ל",false,,17.90,0.1432,true,1,166618
7290110554118,false,נודלס מלזי חריף עם טופו וירקות ברוטב קארי ירוק,"טרופיקל דגיל בע""מ אז",IL,נודלס מלזי חריף דליש,גרמים,350.00,100 גרם,false,,23.90,0.0683,true,1,163901
7290110554125,false,נודלס סצואן חריף דלישס 350 גרם,אוכל ביתי ניר עציון,IL,נודלס סצ'ואן חריף דל,גרמים,350.00,100 גרם,false,,23.90,0.0683,true,1,163899
7290110554262,false,חלבית מלבין קפה חלבי 350 ג' עלית,,,חלבית 350 גרם,גרמים,350.00,100 גרם,false,,22.90,0.0654,true,1,165891
7290110554422,false,פומודורו רוטב עגבניות ופלפלים לשקשוקה 350 גרם,אמיליאנה קונסרב ס.פ.,IT,רוטב עגבניות ופלפלים,גרמים,350.00,100 גרם,false,,11.90,0.0340,true,1,165547
7290110554460,false,ציטוס קראנץ צ'דר חלפיניו 65 ג' עלית,עלית,,צ'יטוס צ'דר חלפיניו,גרמים,65.00,100 גרם,false,,3.50,0.0538,true,1,167519
7290110554477,false,קפסולת אספרסו לאפוגטו טעם מייפל פקאן 50 ג' עלית,שטראוס גרופ,IL,קפסולת אספרסו לאפוגט,גרמים,50.00,100 גרם,false,,16.90,0.3380,false,1,167061
7290110554507,false,עלית - קפה טורקי תימני 100 גרם,שטראוס קפה בי.וי.,IL,קפה טורקי תימני,גרמים,100.00,100 גרם,false,,8.90,0.0890,false,1,167062
7290110554583,false,מארז חטיפי צ'יטוס פאפס בטעם גבינה - 10 יחידות,שטראוס פריטו ליי (מל,IL,צ'יטוס פאפס גבינה 10,גרמים,200.00,100 גרם,false,,12.90,0.0645,true,1,165243
7290110554699,false,"קפה עולה קפסולות אספרסו קלייה איטית וכהה מאוד, 10 * 50 ג'",שטראוס קפה בי.וי.,IL,קפסולות קפה בתי קליה,גרמים,50.00,100 גרם,false,,18.90,0.3780,true,1,168055
7290110554705,false,"קפסולות קפה יונילקו אספרסו קלוי וטחון, 10 * 50 ג'",שטראוס קפה בי.וי.,IL,קפסולות קפה בתי קליה,גרמים,50.00,100 גרם,false,,18.90,0.3780,true,1,168056
7290110554712,false,"קפסולות קפה אספרסו קלייה איטית ובהירה, 10 * 50 ג'",שטראוס קפה בי.וי,IL,קפסולות קפה בתי קליה,גרמים,50.00,100 גרם,false,,18.90,0.3780,true,1,168057
7290110554729,false,קפסולות עלית אספרסו 04 תואמות למכונות NESPRESSO,שטראוס קפה בי.וי,IL,קפסולות קפה למכונת נ,גרמים,55.00,100 גרם,false,,16.90,0.3073,false,1,166036
7290110554798,false,פולי אספרסו עשירים וארומטיים עוצמה 08 250 ג' עלית,שטראוס קפה בי.וי,IL,פולי אספרסו עשירים ו,גרמים,250.00,100 גרם,false,,21.90,0.0876,false,1,165898
7290110555009,false,פאסטה זוג מחית עגבניות 700 גרם יד מרדכי,אמיליאנה קונסרב ס.פ.,IT,פסאטה זוגות 700 גרם,גרמים,700.00,100 גרם,false,,11.90,0.0170,true,1,166619
7290110555306,false,רבע לשבע טבעוני סינמון באן 25ג' עלית,הגביע מוצרי וופלים ב,IL,רבע לשבע טבעוני סינמ,גרמים,125.00,100 גרם,false,,12.40,0.0992,false,1,167064
7290110555368,false,רבע לשבע טבעוני מרשמלו 125 ג' עלית,שטראוס גרופ,IL,רבע לשבע טבעוני מרשמ,גרמים,125.00,100 גרם,false,,12.40,0.0992,false,1,167065
7290110555603,false,ספלנדיד אבקה להכנת משקה בטעם שוקולטה,"ג'אלוסיס י. בע""מ",GR,אבקה להכנת משקה בטעם,גרמים,360.00,100 גרם,false,,21.90,0.0608,true,1,168632
7290110555665,false,אבקת קקאו דל שומן 220 גרם עלית,גיאלוסיס,GR,קקאו דל שומן בקופסא,גרמים,220.00,100 גרם,false,,18.90,0.0859,true,1,168631
7290110555788,false,נסקפה קפוצ'ינו פחית וניל 200 ג' עלית,שטראוס,IL,קפוצ'ינו פחית וניל,גרמים,200.00,100 גרם,false,,19.90,0.0995,false,1,168635
7290110556242,false,"שוקולד מריר פרווה 100 גר' בד""ץ תוצרת חוץ","שטראוס גרופ בע""מ.",IL,שוקולד מריר פרווה על,גרמים,100.00,100 גרם,false,,6.00,0.0600,false,1,168066
7290110557027,false,חומוס עשיר 50% טחינה גולמית 400 ג' אחלה,מיוצר עי קונדיטוריית,IL,חומוס עשיר ב-50% טחי,גרמים,400.00,100 גרם,false,,12.90,0.0323,true,1,164845
7290110557102,false,מעדן חלב עם שוקולד מועשר בחלבון 150 ג' שטראוס,מיוצר עי קונדיטוריית,IL,מעדן חלב עם שוקולד מ,גרמים,150.00,100 גרם,false,,4.90,0.0327,true,1,163717
7290110557133,false,מעדן הגולן וניל 125 ג' שטראוס,מיוצר עי קונדיטוריית,IL,מעדן הגולן וניל,גרמים,125.00,100 גרם,false,,2.80,0.0224,false,1,164155
7290110557478,false,חומוס גלילי במרקם מעודן 600 גרם,שטראוס גרופ,IL,חומוס גלילי,גרמים,600.00,100 גרם,false,,12.90,0.0215,true,1,165888
7290110557645,false,מאגדת חטיפים אנרג'י מיקס צימוקים חמוציות 100X4 גרם,קונסרב איטליה,GB,אנרג'י מיקס צימוקים,גרמים,100.00,100 גרם,false,,14.90,0.1490,true,1,167732
7290110558130,false,יוגורט אקטיביה שיבולת שועל ודבש 150 גרם,"שטראוס בריאות בע""מ",IL,אקטיביה עם שיבולת שו,גרמים,150.00,100 גרם,false,,4.60,0.0307,true,1,167066
7290110558253,false,"דנונה ריפרש בננה אננס וצ`יה, 250 גרם","שטראוס בריאות בע""מ",IL,דנונה ריפרש בננה אננ,גרמים,250.00,100 גרם,false,,5.50,0.0220,true,1,167074
7290110558284,false,יוגורט ביו מולטי 200 ג' דנונה,"שטראוס בריאות בע""מ",IL,דנונה ביו מולטי 200,גרמים,200.00,100 גרם,false,,3.90,0.0195,false,1,167444
7290110558307,false,יוגורט דנונה PRO עם שיבולת שועל במתיקות מעודנת,"שטראוס בריאות בע""מ",IL,דנונה פרו 20 גרם חלב,גרמים,200.00,100 גרם,false,,6.20,0.0310,false,1,166594
7290110558314,false,דנונה פרו 20 ג' חלבון ללא סוכר פיסטוק 200 גרם,"שטראוס בריאות בע""מ",IL,דנונה פרו 20 גר' ללא,גרמים,200.00,100 גרם,false,,5.90,0.0295,false,1,167718
7290110558338,false,דנונה פרו 25 ג' חלבון 200 ג' שטראוס,"שטראוס בריאות בע""מ",IL,דנונה פרו 25 גרם חל,גרמים,200.00,100 גרם,false,,6.20,0.0310,true,1,166595
7290110558666,false,מעדן גבינה בטעם תפוח 88 ג' דניאלה,"שטראוס בריאות בע""מ",IL,דניאלה בטעם תפוח,גרמים,88.00,100 גרם,false,,4.10,0.0466,true,1,168654
7290110558918,false,עלי חסה קראנצ שטופים,שטראוס בריאות ירקות,IL,עלי חסה קראנצ' שטופי,גרמים,150.00,100 גרם,false,,9.90,0.0660,true,1,167662
7290110559007,false,"שועועית חומה טעם הטבע קופסה, 380 גרם",קונסרב איטליה,IT,שעועית חומה טעם הטבע,גרמים,380.00,100 גרם,false,,6.50,0.0171,true,1,167736
7290110559014,false,שעועית שחורה מבושלת טעם הטבע 380 גרם,קונסרב איטליה,IT,שעועית שחורה טעם הטב,גרמים,380.00,100 גרם,false,,6.50,0.0171,true,1,167737
7290110559748,false,ריל - מאגדת שקדים קוקוס ושוקולד מריר 35 גרם * 3,קונסרב איטליה,GR,מאגדת ריל שקדים קוקו,גרמים,105.00,100 גרם,false,,14.90,0.1419,true,1,167479
7290110559755,false,"מאגדת אנרג'י ריל בוטנים,פיסטוק וחמוציות 115 גרם",קונסרב איטליה,GR,מאגדת ריל בוטנים פיס,גרמים,105.00,100 גרם,false,,14.90,0.1419,true,1,167477
7290110559762,false,"מאגדת אנרג'י ריל אגוזים,תמרים,קוקוס 115 גרם",קונסרב איטליה,GR,מאגדת ריל אגוזים תמר,גרמים,105.00,100 גרם,false,,14.90,0.1419,true,1,167478
7290110559939,false,נתחי סויה בסגנון שווארמה ומגדרה דלישס,אוכל ביתי ניר עציון,IL,נתחי סויה בסגנון שוו,גרמים,350.00,100 גרם,false,,23.90,0.0683,true,1,166566
7290110560300,false,"הפריכיות הטעימות חומוס, עדשים שחורות, קינואה ופלפל שחור",אנרג'י Energy - שטראוס,IL,פריכיות משולשות פלפל,גרמים,30.00,100 גרם,false,,5.50,0.1833,true,1,108876
7290110560317,false,"הפריכיות הטעימות חומוס, עדשים שחורות, קינואה ומלח ים","פרח תעשיו מזון בע""מ",IL,פריכיות משולשות מלח,גרמים,30.00,100 גרם,false,,5.50,0.1833,true,1,108877
7290110560324,false,"הפריכיות הטעימות תפו""א, אורז, אפונה ומלח ים","פרח תעשיו מזון בע""מ",IL,פריכיות משולשות אפונ,גרמים,30.00,100 גרם,false,,5.50,0.1833,true,1,108878
7290110561352,false,דנונה יוגורט ביו פרוביוטי 3% דל לקטוז 150ג',"שטראוס בריאות בע""מ",IL,דנונה דל לקטוז,גרמים,200.00,100 גרם,false,,3.50,0.0175,true,1,106163
7290110561604,false,מארז 8 יחידות מעדן גמדים בטעם תות בננה,שטראוס גרופ,IL,שמיניה גמדים תות בננ,גרמים,800.00,100 גרם,false,,18.90,0.0236,true,1,104900
7290110563431,false,"משקה קפה קר בסגנון קלאסי 230 מ""ל 1.6% יוטבתה",האי נאם סי או אל.טי.,AT,משקה קפה קר בסגנון ק,מיליליטרים,230.00,"100 מ""ל",false,,7.50,0.0326,true,1,109763
7290110563448,false,"משקה קפה קר בסגנון מעודן 230 מ""ל 1.6% יוטבתה",האי נאם סי או אל.טי.,AT,משקה קפה קר בסגנון מ,מיליליטרים,230.00,"100 מ""ל",false,,7.50,0.0326,true,1,109764
7290110563462,false,חלב בבקבוק נטול לקטוז 2% יטבתה 1 ל',מחלבת יטבתה,IL,חלב נטול לקטוז 2%,ליטרים,1.00,ליטר,false,,8.00,8.0000,false,1,110339
7290110564339,false,חומוס אחלה הסידרה המובחר 30% טחינה 400 גר',מיוצר עי קונדיטוריית,IL,חומוס אחלה עשיר 30%,גרמים,400.00,100 גרם,false,,12.90,0.0323,true,1,104820
7290110564360,false,חומוס אחלה הסידרה המובחר 40% טחינה 400 גר',מיוצר עי קונדיטוריית,IL,חומוס אחלה שיר 40% ט,גרמים,400.00,100 גרם,false,,12.90,0.0323,true,1,104821
7290110564414,false,חומוס אחלה הסידרה המובחר 30% טחינה 600 גר',מיוצר עי קונדיטוריית,IL,חומוס אחלה עשיר 30%,גרמים,600.00,100 גרם,false,,14.90,0.0248,true,1,104824
7290110564742,false,"משקה קפה קר בסגנון חזק 230 מ""ל 1.2% יוטבתה",האי נאם סי או אל.טי.,AT,משקה קפה קר בסגנון ח,מיליליטרים,230.00,"100 מ""ל",false,,7.50,0.0326,true,1,109765
7290110564919,false,דנונה מעודן ללא סוכר החזרות 150 גר,מיוצר עי קונדיטוריית,IL,דנונה מתיקות מעודנת,גרמים,150.00,100 גרם,false,,3.60,0.0240,false,1,114576
7290110565435,false,ג'לי לימבו פטל חלבי שטראוס 125ג',שטראוס גרופ,IL,לימבו פטל חלבי,גרמים,125.00,100 גרם,false,,2.00,0.0160,true,1,104188
7290110565527,false,יוגורט PRO פרו 1.5% 20 גרם חלבון בגביע,"שטראוס בריאות בע""מ",IL,דנונה פרו 20 גר חלב,גרמים,200.00,100 גרם,false,,5.90,0.0295,false,1,103438
7290110565572,false,מנות אישיות קפה טורקי לדרך עם הל,שטראוס קפה בי.וי,IL,מארז טורקי לדרך עם ה,גרמים,168.00,100 גרם,false,,19.90,0.1185,false,1,112147
7290110566043,false,יוגורט 4.5% שומן 3 ל' שטראוס,"מחלבות בר בכפר בע""מ",IL,יוגורט 4.5% 3 ליטר,ליטרים,3.00,ליטר,false,,27.70,9.2333,false,1,106763
7290110566623,false,קפסולות קולומביה עלית 08 למכונת נספרסו מארז 5X10ג',שטראוס קפה בי.וי,IL,קפסולות קפה קולומביה,גרמים,50.00,100 גרם,false,,16.90,0.3380,false,1,107027
7290110566975,false,דנונה פרו יוגורט 0% תות עשיר בחלבון 200ג',"שטראוס בריאות בע""מ",IL,דנונה פרו תות 20 גר,גרמים,200.00,100 גרם,false,,5.90,0.0295,false,1,105621
7290110568238,false,"קצפת צמחית 21% שומן 250 מ""ל יוטבתה",מחלבת יטבתה,IL,קצפת צמחית יטבתה,גרמים,250.00,100 גרם,false,,7.90,0.0316,false,1,107084
7290110568276,false,משקה וניל פרו Pro מועשר בחלבון 1.5%,שטראוס גרופ,IL,משקה יטבתה פרו וניל,גרמים,350.00,100 גרם,false,,6.30,0.0180,true,1,106668
7290110568511,false,קונפיטורה פירות יער במתיקות מעודנת 265 ג' יד מרדכי,יד מרדכי,FR,קונפיטורת פירות יער,גרמים,265.00,100 גרם,false,,13.50,0.0509,true,1,110706
7290110568627,false,פסק זמן רול שוקולד חלב קרם אגוזים 26 ג' עלית,עלית,TR,פסק זמן רול שוקולד ח,גרמים,28.00,100 גרם,false,,4.00,0.1429,false,1,108856
7290110570224,false,משקה קפה קר בטעם עוגיות 230ג' יוטבתה,אנסטל מילק kg,AT,משקה קפה קר בטעם עוג,מיליליטרים,230.00,"100 מ""ל",false,,7.50,0.0326,true,1,167721
7290110570569,false,"פולי אספרסו עשירים וארומטיים עוצמה 08 1 ק""ג עלית",,,פולי אספרסו עשירים ו,קילוגרמים,1.00,"ק""ג",false,,76.90,76.9000,false,1,165899
7290110570583,false,"פולי אספרסו עשירים וארומטיים עוצמה 10 1 ק""ג עלית",,,פולי אספרסו עשירים ו,קילוגרמים,1.00,"ק""ג",false,,76.90,76.9000,false,1,165896
7290110571184,false,עדשים חומות 380 גר שטראוס טעם הטבע,קונסרב איטליה,IT,עדשים חומות טעם הטבע,גרמים,380.00,100 גרם,false,,6.50,0.0171,true,1,167738
7290110571375,false,"אנרג'י מיקס תערובת צימוקים, תמרים, טופי ושברי פקאן",אנרג'י Energy - שטראוס,GB,אנרג'י צימוקים תמרים,גרמים,100.00,100 גרם,false,,14.90,0.1490,true,1,167733
7290110571382,false,מעדן חלב בטעם וניל מעושר בחלבון 150 ג' שטראוס,"שטראוס בריאות בע""מ",IL,מעדן חלב בטעם וניל מ,גרמים,150.00,100 גרם,false,,4.90,0.0327,true,1,165856
7290110571405,false,עלית - מיני פינוקיות בגביע פסק זמן 180 גרם,הגביע,IL,מיני פינוקיות בגביע,גרמים,180.00,100 גרם,false,,11.50,0.0639,true,1,168618
7290110571412,false,מיני פינוקיות - פאדג' שוקולד בגביע 180 גרם,הגביע,IL,מיני פינוקיות בגביע,גרמים,180.00,100 גרם,false,,11.50,0.0639,true,1,168628
7290110571474,false,רבע לשבע טבעוני פופקורן 125 ג' עלית,הגביע מוצרי וופלים ב,IL,רבע לשבע טבעוני פופק,גרמים,125.00,100 גרם,false,,12.40,0.0992,false,1,167462
7290110572129,false,כיף כף מקלות שוקולד לבן 40 ג' עלית,סולן בעבור שטראוס,TR,כיף כף מקלות שוקולד,גרמים,40.00,100 גרם,false,,5.20,0.1300,true,1,168620
7290110572884,false,"קפסולות קפה מספר 20 למכונת אספרס אספרסו, 50 גרם",שטראוס קפה בי.וי.,IL,קפסולות קפה חזק ועוצ,גרמים,50.00,100 גרם,false,,16.90,0.3380,false,1,168621
7290110572969,false,כיף כף פצפצים עקרם לבן 40ג' עלית,שולן צ'יקולטה גידה ס,TR,כיף כף פצפצים קרם לב,גרמים,40.00,100 גרם,false,,5.20,0.1300,true,1,167734
7290110572976,false,כיף כף פצפצים בגביע במילוי קרם בטעם שוקולד לבן,שולן צ'יקולטה גידה ס,TR,כיף כף פצפצים קרם לב,גרמים,135.00,100 גרם,false,,10.90,0.0807,true,1,167735
7290110574413,false,חטיף פופקורן בטעם טעמי 70 גרם,סראנו בעבור שטראוס,קפריסין,פופקורן בטעם טעמי,גרמים,70.00,100 גרם,false,,6.90,0.0986,false,1,168633
7290110574420,false,חטיף פופקורן בטעם פסק זמן 70 גרם,סראנו בעבור שטראוס,קפריסין,פופקורן בטעם פסק זמן,גרמים,70.00,100 גרם,false,,6.90,0.0986,false,1,168634
7290110576318,false,מאגדת שלישיית שוקולד אגוז לבן 300 ג' עלית,סמואה,FR,מארז שלישיית אגוז לב,גרמים,300.00,100 גרם,false,,24.90,0.0830,false,1,168040
7290110576356,false,"שוקולד ספלנדיד מריר 64% - חלבי , מפולי קקאו מפרו",קימ'ס גריפלנן,BE,ספלנדיד שוקולד מריר,גרמים,100.00,100 גרם,false,,8.50,0.0850,true,1,167493
7290110576363,false,"שוקולד ספלנדיד מריר 80% חלבי ,פולי קקאו מאוגנדה",קימ'ס גריפלנן,BE,ספלנדיד שוקולד מריר,גרמים,100.00,100 גרם,false,,8.50,0.0850,true,1,167494
7290110576370,false,מארז שלישייה שוקולד מריר חלבי עם אגוזי לוז,שטראוס,IL,מארז שלישיית אגוז מר,גרמים,300.00,100 גרם,false,,24.90,0.0830,false,1,168041
7290110576387,false,מאגדת שלישיית שוקולד אגוז חלב 300 ג' עלית,שטראוס,FR,מארז שלישיית אגוז חל,גרמים,300.00,100 גרם,false,,24.90,0.0830,false,1,168042
7290110576752,false,טבלאות שוקולד ספלנדיד מריר 70% 100 ג' עלית,קימ'ס גריפלנן,BE,ספלנדיד מריר 70%,גרמים,100.00,100 גרם,false,,10.90,0.1090,true,1,168625
7290110576776,false,טבלאות שוקולד ספלנדיד מריר 85% 100 ג' עלית,קימ'ס גריפלנן,BE,ספלנדיד מריר 85%,גרמים,100.00,100 גרם,false,,10.90,0.1090,true,1,168626
7290110576790,false,סקי בטעם מוקה 125 ג' שטראוס,מגנום- שטראוס,IL,סקי בטעם מוקה,גרמים,125.00,100 גרם,false,,3.70,0.0296,false,1,168651
7290110576868,false,רבעיית גמדים סלט פירוט * 100 ג' שטראוס,שטראוס,IL,גמדים רביעיית סלט פי,מיליליטרים,400.00,"100 מ""ל",false,,11.10,0.0277,true,1,168656
7290110577230,false,משקה חלב פיסטוק 1ליטר יטבתה בקבוק,שטראוס גרופ,IL,משקה חלב בטעם פיסטוק,ליטרים,1.00,ליטר,false,,11.80,11.8000,false,1,168648
7290110577247,false,"יטבתה משקה חלב-פיסטוק בבקבוק 350 מ""ל",שטראוס גרופ,IL,משקה חלב בטעם פיסטוק,מיליליטרים,350.00,"100 מ""ל",false,,6.30,0.0180,true,1,168647
7290110730109,false,נוטרילון קומפורט תרכובת מזון מגיל לידה,נוטרילון Nutrilon,NL,נוטרילון קומפורט 900,גרמים,900.00,100 גרם,false,,89.90,0.0999,false,1,167414
7290111340109,false,דיפנד - מגן תחתון לנשים אקטיב 22 יח',חוגלה קימברלי,IL,דיפנד מגן תחתון,יחידה,0.00,יחידה,false,,19.90,0.0000,true,1,114887
7290111340178,false,מטליות לחות ניקול לניקוי כללי בניחוח מרכך כביסה 50 יח',ניקול,IL,מטליות ניקוי כללי בר,יחידה,0.00,יחידה,false,,10.90,0.0000,false,1,101652
7290111340185,false,מטליות לחות ניקול לניקוי רצפות בניחוח מרכך 10 יח',ניקול,IL,מטליות לחות לריצפה נ,יחידה,0.00,יחידה,false,,10.90,0.0000,false,1,101653
7290111340956,false,ניקול מטליות לחות לרצפה בניחוח פריחה לבנה,על בד,IL,מטליות לחות לניקוי ר,יחידה,0.00,יחידה,false,,10.90,0.0000,false,1,104775
7290111341359,false,רדיד אלומיניום+סכין חיתוך ניקול 60 מטר,חוגלה,IL,רדיד אלומיניום 60 מט,יחידה,0.00,יחידה,false,,39.90,0.0000,false,1,107112
7290111341366,false,מפיות אירוח חד שכבתי 150 יחידות,חוגלה קימברלי,IL,מפיות אירוח חד שכבתי,יחידה,0.00,יחידה,false,,8.50,0.0000,true,1,107201
7290111341496,false,תחבושות דיפנד מיני אקטיב לנשים 14 יח,חוגלה קימברלי,IL,תחבושות לבריחת שתן,יחידה,0.00,יחידה,false,,19.90,0.0000,true,1,109357
7290111341816,false,נייר אפייה ניקול עם סליידר 22 מ,אופל,IL,נייר אפיה עם מתקן לח,יחידה,0.00,יחידה,false,,21.90,0.0000,false,1,110063
7290111341984,false,לילי - מגבוני נייר טואלט לח פיור רביעייה,קימברלי,IL,מארז רביעיה לילי לח,יחידה,0.00,יחידה,false,,21.90,0.0000,true,1,112700
7290111341991,false,מגבוני טואלט לח סופרים לילי 48 יח',חוגלה,IL,לילי ספא בודד 48 יח,יחידה,0.00,יחידה,false,,8.90,0.0000,true,1,113182
7290111342004,false,נייר טואלט לח לילי קידס 56 דפים,חוגלה,IL,לילי לח מגבונים בודד,יחידה,0.00,יחידה,false,,8.90,0.0000,true,1,111520
7290111342042,false,ניקול כריות יפניות אנטיבקטריאלי 4 יחידות,פלסטו פוליש,IL,כריות יפניות אנטיבקט,יחידה,0.00,יחידה,false,,10.90,0.0000,true,1,114995
7290111342059,false,מט.לחות ניקול לחיט משטחים אנטיבקטריאלי50,חוגלה,IL,מטליות לחות אנטיבקטר,יחידה,0.00,יחידה,false,,10.90,0.0000,true,1,115028
7290111342073,false,מטליות מקרופייבר למשטחים אנטיבקטריאלי ניקול,חוגלה,IL,מיקרופייבר מטלית אנט,יחידה,0.00,יחידה,false,,12.90,0.0000,true,1,115326
7290111342523,false,מפיות אירוח לשימוש יומיומי ניקול 100 יח,חוגלה קימברלי,IL,מפיות אירוח ניקול,יחידה,0.00,יחידה,false,,6.90,0.0000,true,1,114642
7290111342738,false,לילי - מגבוני נייר טואלט לח קידס רביעייה,חוגלה,IL,לילי לח קידס מארז רב,יחידה,0.00,יחידה,false,,21.90,0.0000,true,1,114818
7290111343117,false,ממחטות אף קלינקס לושן סופט פק 140 דף,קימברלי קלארק,IL,קלינקס לושן אריזת ני,יחידה,0.00,יחידה,false,,13.90,0.0000,false,1,119122
7290111343841,false,ניקול ספוגית הקסם נירוסטה 3 יחידות,חוגלה,IL,ספוגית הקסם נירוסטה,יחידה,0.00,יחידה,false,,11.50,0.0000,true,1,118580
7290111343858,false,ניקול מטליות לחות לניקוי וחיטוי הרצפה 10,עלבד משואות יצחק,IL,מטליות לחות לריצפה א,יחידה,0.00,יחידה,false,,10.90,0.0000,false,1,117456
7290111344145,false,מטילות מיקרופייבר אנטיבקטריאליות לרצפה 2 יחי',UFO,CN,מטלית ריצפה אנטיבקטר,יחידה,0.00,יחידה,false,,21.90,0.0000,true,1,118360
7290111344206,false,האגיס נטורל קר מגבונים לחים בבישום עדין רביעייה,חוגלה קימברלי,IL,מגבוני האגיס נטורל ק,יחידה,0.00,יחידה,false,,19.90,0.0000,false,1,164431
7290111344459,false,קוטוקס תחבושות נייט אקסטרא לונג 20 יח',חוגלה,CN,תחבושות נייט אקסטרא,יחידה,0.00,יחידה,false,,17.90,0.0000,true,1,122022
7290111344503,false,חיתולי האגיס אקסטרה קייר מידה +4 36 יח',חוגלה קימברלי,IL,האגיס אקסטרא קייר 4,יחידה,0.00,יחידה,false,,49.90,0.0000,false,1,122046
7290111344510,false,נייר אפייה ניקול בשקית 100 יח,אופל,IL,ניירות אפיה נשלפים א,יחידה,0.00,יחידה,false,,23.90,0.0000,true,1,121545
7290111344527,false,ניקול שקיות אשפה XXL לפחים ענקיים 20 יחי,אשפלסט,IL,שקיות אשפה לפח ענק X,יחידה,0.00,יחידה,false,,24.90,0.0000,true,1,120566
7290111344572,false,ניקול שקיות אשפה עם ידיות 25 יח',,IL,שקיות אשפה עם ידיות,יחידה,0.00,יחידה,false,,19.90,0.0000,true,1,165012
7290111344633,false,משטח ייבוש כלים אנטיבקטריאלי,,IL,משטח ייבוש כלים אנטי,יחידה,0.00,יחידה,false,,19.90,0.0000,true,1,167824
7290111344701,false,זוג סנדוויצ'ון שקיות אוכל M מניונים 250 יח',חוגלה קימברלי,IL,ניקול סנדוויצ'ון מהד,יחידה,0.00,יחידה,false,,14.90,0.0000,false,1,167825
7290111344732,false,קלינקס - טיישו אלרג'י קומפורט ניילון זוגות 140 דף,קימברלי קלארק,IL,קלינקס אלרג'י קומפור,יחידה,0.00,יחידה,false,,13.90,0.0000,true,1,122021
7290111344824,false,מגן תחתון קוטקס אקסטרא אנטיבקטריאלי לארג',חוגלה,CN,מגן תחתון קוטקס אנטי,יחידה,0.00,יחידה,false,,17.90,0.0000,true,1,165015
7290111344831,false,קוטקס - מגיני יום אקסטרא פרוטקט נורמל ביג 60 יח',חוגלה קימברלי,CN,מגן תחתון קוטקס אקסט,יחידה,0.00,יחידה,false,,17.90,0.0000,true,1,165013
7290111344855,false,קוטקס - מגיני יום אקסטרא פרוטקט לארג' ביג 52 יח',חוגלה קימברלי,CN,מגן תחתון קוטקס אקסט,יחידה,0.00,יחידה,false,,17.90,0.0000,true,1,165014
7290111344916,false,ניקול כריות יפניות אנטיבקטריאליות 6 יח,חוגלה קימברלי,IL,ניקול כריות יפניות א,יחידה,0.00,יחידה,false,,10.90,0.0000,true,1,122019
7290111344930,false,מטליות לחות לרצפה בניחוח מרכך כביסה 10 יח' ניקול,General,IL,ניקול מטליות לחות לר,יחידה,0.00,יחידה,false,,10.90,0.0000,true,1,164906
7290111344978,false,רדיד אלומיניום ניקול עבה 60 מטר,"אופל בע""מ",IL,ניקול רדיד אלומיניום,יחידה,0.00,יחידה,false,,39.90,0.0000,true,1,122020
7290111345050,false,כריות מיקרופייבר ניקול לניקוי עדין,,IL,כריות ניקול מיקרופיי,יחידה,0.00,יחידה,false,,10.90,0.0000,true,1,164891
7290111345722,false,ניקול שקיות לשמירה על הטריות 5 יח',,CN,שקיות ניקול לשמירת ה,יחידה,0.00,יחידה,false,,14.90,0.0000,false,1,167723
7290111345753,false,תחבושות נטורל דואו נורמל 24 יח' קוטקס,חוגלה,CZ,תחבושות קוטקס נטורל,יחידה,0.00,יחידה,false,,17.90,0.0000,true,1,165640
7290111345982,false,ניקול דפי ספוגיות הקסם 10 יח,חוגלה קימברלי,IL,דפי ספוגית הקסם ניק,יחידה,0.00,יחידה,false,,10.90,0.0000,false,1,165967
7290111346125,false,מארז שלישייה מגבוני דיילי קר ללא בישום *56 יח' האגיס,קימברלי,IL,מגבוני האגיס 1/3 ללא,יחידה,0.00,יחידה,false,,15.90,0.0000,false,1,168316
7290111346293,false,מגבות ניקול שישייה מהדורה חגיגית,קימברלי קלארק,IL,שישיה נייר מגבת ניקו,יחידה,0.00,יחידה,false,,10.90,0.0000,false,1,166821
7290111346347,false,מגבוני אף אוריגינל סופט חמישיה קלינקס,חוגלה קימברלי,IL,טישו קלינקס אורגינל,יחידה,0.00,יחידה,false,,15.90,0.0000,false,1,167663
7290111346453,false,ניקול כריות קרצוף עם סיבי נירוסטה,,,ניקול כרית קירצוף ני,יחידה,0.00,יחידה,false,,10.90,0.0000,false,1,168508
7290111350030,false,רסק תפוחי עץ טבעי בצנצנת 670 גרם קלית גת,"ג'י אנד ג'י בע""מ",IL,רסק תפוחי עץ טבעי קל,גרמים,670.00,100 גרם,false,,10.90,0.0163,true,1,98910
7290111350047,false,תמרים מזן מגהול ללא חרצנים 500 גרם,טעמי הגליל,IL,תמרים מג'הול ללא חרצ,גרמים,500.00,100 גרם,false,,11.50,0.0230,true,1,99698
7290111350092,false,מארז מיקס חטיפי מיני לואקר בסט 200 גר,ליימן מותגים,,בונבוניירה המיטב של,גרמים,200.00,100 גרם,false,,21.90,0.1095,true,1,101597
7290111350665,false,קליית גת דבש לחיץ 350 גרם,חקלאות עין חרוד מאוח,IL,דבש לחיץ 350 גר' קלי,גרמים,350.00,100 גרם,false,,21.90,0.0626,true,1,107055
7290111350672,false,קליית גת דבש לחיץ 700 גרם,חקלאות עין חרוד מאוח,IL,דבש צנצנת 700 גר' קל,גרמים,700.00,100 גרם,false,,32.90,0.0470,true,1,107053
7290111350719,false,חטיף נאצוס הוטפופ בסגנון מסעדות 322 גר,ליימן מותגים,US,נאצ'וס הוטפופ בסגנון,גרמים,322.00,100 גרם,false,,15.90,0.0494,true,1,110789
7290111350726,false,חטיף נאצוס הוטפופ בסגנון מקסיקני 322 גר,ליימן מותגים,US,נאצ'וס בסגנון מקסיקנ,גרמים,322.00,100 גרם,false,,15.90,0.0494,true,1,110790
7290111351280,false,תערובת אגוזים קלויים ללא מלח 150 גרם,קליית גת,IL,תערובת אגוזים קלויים,גרמים,150.00,100 גרם,false,,16.50,0.1100,true,1,109382
7290111351334,false,תמר מגהול 650 גרם,הדקלאים אגודת שיתופי,IL,תמרים 650 גר',גרמים,650.00,100 גרם,false,,18.90,0.0291,true,1,110884
7290111351747,false,טורטיות מקמח חיטה צוקטה 320 גר,,DE,"טורטייה 20 ס""מ מקמח",גרמים,320.00,100 גרם,false,,9.90,0.0309,true,1,116987
7290111352140,false,חמוציות מיובשות ברכז תפוחים קליית גת 150,קליית גת,IL,חמוציות מיובשות ברכז,גרמים,150.00,100 גרם,false,,11.50,0.0767,true,1,114115
7290111352430,false,ממרח תמרים טבעי קליית גת 440 גרם,"כד בני דרום בע""מ",IL,ממרח תמרים טבעי 440,גרמים,440.00,100 גרם,false,,13.90,0.0316,true,1,115171
7290111352508,false,סילאן טבעי לחיץ 840 גר',"ששון ושות' בע""מ",IL,סילאן 840 גר' קליית,גרמים,840.00,100 גרם,false,,21.90,0.0261,true,1,115698
7290111352935,false,יוגטה סוכריות טופי ממולאות 600 גרם 3 טעמים,תות ממתקי איכות,TR,יוגטה סוכריות טופי מ,גרמים,600.00,100 גרם,false,,14.90,0.0248,true,1,117822
7290111352942,false,יוגטה סוכריות טופי ללא גלוטן 850 ג',יוגטה yogueta,,יוגטה סוכריות טופי 8,גרמים,850.00,100 גרם,false,,19.90,0.0234,true,1,163882
7290111352966,false,יוגטה סוכריות ממולאות בטעם פירות 250 גרם ללא ג'לטין,ליימן שליסל,TR,יוגטה סוכריות ממולאו,גרמים,250.00,100 גרם,false,,7.90,0.0316,true,1,117970
7290111352973,false,יוגוטה קוביות חמוצות ממולאות בטעם פירות,יוגטה yogueta,TR,קוביות חמוצות 220 גר,גרמים,220.00,100 גרם,false,,7.90,0.0359,true,1,119635
7290111353055,false,"גומי דובי 200 גר' וסטהיים (כש""לפ בית יוסף)",טופגם תעשיות ממתקים,IL,סוכריות גומי דובונים,גרמים,200.00,100 גרם,false,,9.90,0.0495,true,1,119727
7290111353093,false,יוגטה סוכריות טופי בטעם פירות בצורת מקלות 600 ג',יוגטה,,סוכריות טופי בטעמי פ,גרמים,600.00,100 גרם,false,,14.90,0.0248,true,1,121125
7290111353109,false,"גומי נחש מבריק 200 גר' וסטהיים (כש""לפ בית יוסף).",טופגם תעשיות ממתקים,IL,סוכריות גומי נחשים 2,גרמים,200.00,100 גרם,false,,9.90,0.0495,true,1,119726
7290111353123,false,"גומי נחש מסוכר 200 גר' וסטהיים (כש""לפ בית יוסף)",טופגם תעשיות ממתקים,IL,סוכריות גומי נחשים מ,גרמים,200.00,100 גרם,false,,9.90,0.0495,true,1,119728
7290111353437,false,חטיף בטטה ומלח ים 120 גרם הוט פופ,איץ.סיי גרופ אס.דה א,HN,צ'יפס חטיף בטטה ומלח,גרמים,120.00,100 גרם,false,,13.90,0.1158,true,1,120715
7290111353444,false,חטיף בטטות ומלח ים 120 גרם הוט פופ,איץ.סיי גרופ אס.דה א,HN,צ'יפס חטיף ירקות הוט,גרמים,120.00,100 גרם,false,,13.90,0.1158,true,1,120716
7290111353451,false,חטיף בירקות שורש ומלח ים הוטפופ 120 גרם,איץ.סיי גרופ אס.דה א,HN,צ'יפס חטיף ירקות שור,גרמים,120.00,100 גרם,false,,13.90,0.1158,true,1,120717
7290111353482,false,יוגטה סוכריות חמוצות ממלאות בטעמי פירות 200 ג',סאדאט,TR,יוגטה סוכריות חמוצות,גרמים,200.00,100 גרם,false,,7.90,0.0395,true,1,121237
7290111353567,false,ממרח שקדים טבעי 300 גרם,J&G קיסריה,IL,ממרח שקדים טבעי 300,גרמים,300.00,100 גרם,false,,31.90,0.1063,true,1,120776
7290111353680,false,גרעיני חמנייה 350 גר,קליית גת,,גרעיני חמנייה 350 גר,גרמים,350.00,100 גרם,false,,11.50,0.0329,true,1,121299
7290111354236,false,"טורטייה מרקדו קמח חיטה 25 ס""מ",,,"טורטייה גודל 25 ס""מ",גרמים,420.00,100 גרם,false,,9.90,0.0236,true,1,167433
7290111354243,false,"טורטייה מרקדו קמח חיטה 30 ס""מ 540 גר",,,"טורטייה 30 ס""מ מקמח",גרמים,540.00,100 גרם,false,,10.90,0.0202,true,1,167434
7290111563492,false,סלטי צבר מטבוחה חריפה מרובע 6*400גרם,סלטי צבר,IL,סלטי צבר מטבוחה חרי,גרמים,400.00,100 גרם,false,,12.50,0.0313,true,1,105761
7290111564239,false,שלגוני קראנץ' Crunch בטעם וניל - 5 יח',גלידות נסטלה (נגה גל,IL,מאגדת שלגונים מיני ק,גרמים,275.00,100 גרם,false,,27.50,0.1000,true,1,104431
7290111564277,false,פריכיות דקות ונימוחות 3 דגנים פיטנס Fitness,פרח תעשיות,IL,פיטנס פריכיות 3 דגני,גרמים,120.00,100 גרם,false,,10.90,0.0908,true,1,101929
7290111564291,false,פריכיות דקות ונימוחות 3 דגנים וקינואה פיטנס Fitness,פרח תעשיות,IL,פיטנס פריכיות דקות ע,גרמים,120.00,100 גרם,false,,10.90,0.0908,true,1,101930
7290111564727,false,עוגיות אסם קרמוגית וקרם אגוזים אסם 200ג',מיוצר עי קונדיטוריית,IL,קרמוגית במילוי אגוזי,גרמים,200.00,100 גרם,false,,11.50,0.0575,true,1,103985
7290111564956,false,ביסלי במבה מיקס 200 ג' אסם,פרו מן יו פתרונות אר,IL,חטיף ביסלי במבה 200,גרמים,200.00,100 גרם,false,,10.00,0.0500,false,1,105817
7290111565038,false,"לה קרמריה וניל קוקילידה בד""צ 1.4 ל'",לה קרמריה- נסטלה,IL,גלידת קרמריה וניל קו,יחידה,0.00,יחידה,false,,22.90,0.0000,false,1,105968
7290111565502,false,ארטיק אוראו וניל ועוגיות סנדוויץ נסטלה 80 ג',ג'נרל מילס סאן אדריא,IT,שלגון אוראו,גרמים,80.00,100 גרם,false,,9.90,0.1238,true,1,104458
7290111566127,false,מעדן אוראו קפוא בטעם וניל עם עוגיות בטעם שוקולד,ג'נרל מילס סאן אדריא,IT,מאגדת שלגונים אוראו,גרמים,198.00,100 גרם,false,,21.90,0.1106,true,1,104459
7290111566240,false,שניצל דק מן הצומח בטעם צ'ילי חריף 700 גרם,עיצובים 2020 (4.8),IL,שניצל דק בטעם צ'ילי,גרמים,564.00,100 גרם,false,,31.00,0.0550,true,1,104988
7290111566271,false,טבעול חטיפי תירס 657 גר',עיצובים 2020 (4.8),IL,טבעול חטיפי תירס 657,גרמים,657.00,100 גרם,false,,28.90,0.0440,false,1,104444
7290111566318,false,שניצל דק מן הצומח בטעם ביתי 700 גרם,עיצובים 2020 (4.8),IL,טבעול שניצל דק מהצומ,גרמים,564.00,100 גרם,false,,31.00,0.0550,true,1,105163
7290111566332,false,טבעול נקניקיות וינר צמחוניות 680 גר',עיצובים 2020 (4.8),IL,טבעול נקנקיות וינר צ,גרמים,680.00,100 גרם,false,,31.00,0.0456,true,1,104334
7290111566417,false,טחון צמחוני עם המון חלבון,עיצובים 2020 (4.8),IL,טבעול טחון צמחוני,גרמים,500.00,100 גרם,false,,29.90,0.0598,false,1,105432
7290111566547,false,טבעול חזה בגריל צמחוני 99 קלוריות 560ג',עיצובים 2020 (4.8),IL,חזה בגריל צמחוני טבע,גרמים,560.00,100 גרם,false,,31.00,0.0554,true,1,104678
7290111566561,false,שניצל ברוקולי 99 קלוריות טבעול 560 גר,עיצובים 2020 (4.8),IL,טבעול שניצל ברוקולי,גרמים,560.00,100 גרם,false,,31.00,0.0554,true,1,104679
7290111566585,false,טבעול שניצל צמחוני 99 קלוריות 650 גר',עיצובים 2020 (4.8),IL,טבעול שניצל צמחוני 9,גרמים,650.00,100 גרם,false,,31.00,0.0477,true,1,104680
7290111566660,false,טבעול קציצות עדשים כתומות 530 גר',עיצובים 2020 (4.8),IL,טבעול קציצות עדשים כ,גרמים,530.00,100 גרם,false,,31.00,0.0585,true,1,105700
7290111566691,false,טבעול שניצל תרד 99 קלוריות 560 גר',עיצובים 2020 (4.8),IL,טבעול שניצל תרד 99 ק,גרמים,560.00,100 גרם,false,,31.00,0.0554,true,1,104681
7290111566714,false,טבעול המבורגר צמחוני 99 קלוריות 600 גר',עיצובים 2020 (4.8),IL,טבעול המבורגר צמחוני,גרמים,600.00,100 גרם,false,,31.00,0.0517,true,1,104682
7290111566752,false,טבעול שניצל תירס 99 קלוריות 693 גר',עיצובים 2020 (4.8),IL,טבעול שניצל תירס 99,גרמים,693.00,100 גרם,false,,31.00,0.0447,true,1,104683
7290111568206,false,ביסלי פארטי מיקס 150 ג' אסם,פרו מן יו פתרונות אר,IL,ביסלי פארטי מיקס,גרמים,150.00,100 גרם,false,,9.00,0.0600,false,1,106280
7290111568251,false,אטריות נודלס להקפצה אסם אסייתי 350 גר',תאי פרזידנטפוד,TH,נודלס אטריות להקפצה,גרמים,350.00,100 גרם,false,,9.90,0.0283,true,1,106368
7290111568275,false,אטריות נודלס אורז רחבות אסם אסייתי 300גרם,תאי פרזידנט,TH,נודלס אטריות אורז רח,גרמים,300.00,100 גרם,false,,9.90,0.0330,true,1,106369
7290111568299,false,אטריות נודלס עם תרד אסם אסייתי 300 גר',זארה,IT,נודלס איטריות עם תרד,גרמים,300.00,100 גרם,false,,9.90,0.0330,true,1,106987
7290111568466,false,רוטב אסייתי למוקפץ הסדרה האסייתית,"אסם תעשיות בע""מ",IL,רוטב אסייתי למוקפץ 2,מיליליטרים,290.00,"100 מ""ל",false,,13.90,0.0479,true,1,106459
7290111568961,false,בייגלה טבעות מלח 400 ג' אסם,אסם,IL,בייגלה טבעות מלח אסם,גרמים,400.00,100 גרם,false,,11.40,0.0285,true,1,106851
7290111665028,false,קערות מרק דקל ריבועי,,,קערות מרק דקל ריבועי,יחידה,0.00,יחידה,false,,15.90,0.0000,true,1,122279
7290111665530,false,מזלג ורסאי ניצוצות ז,,,מזלג ורסאי ניצוצות ז,יחידה,0.00,יחידה,false,,3.90,0.0000,true,1,168377
7290111665547,false,סכין ורסאי ניצוצות ז,,,סכין ורסאי ניצוצות ז,יחידה,0.00,יחידה,false,,3.90,0.0000,true,1,123847
7290111665561,false,כפית ורסאי ניצוצות ז,,,כפית ורסאי ניצוצות ז,יחידה,0.00,יחידה,false,,3.90,0.0000,true,1,163643
7290111665592,false,כף ורסאי ניצוצות כסף,,,כף ורסאי ניצוצות כסף,יחידה,0.00,יחידה,false,,3.90,0.0000,true,1,123846
7290111668869,false,כוסות נייר קומיקס 40,,,כוסות נייר קומיקס 40,יחידה,0.00,יחידה,false,,6.90,0.0000,true,1,165540
7290111930898,false,חטיף פוף כוכבים גריל אמריקאי 40 גרם,פוף POOF,IL,פוף כוכבים גריל אמרי,יחידה,0.00,יחידה,false,,3.90,0.0000,true,1,103386
7290111930904,false,חטיף פוף כוכבים בצל 40 גרם,פוף POOF,IL,פוף כוכבים 40 גרם,יחידה,0.00,יחידה,false,,3.90,0.0000,true,1,103384
7290111930928,false,חטיף פוף לבבות גריל 40 גרם,פוף POOF,IL,פוף כוכבים גריל 40 ג,יחידה,0.00,יחידה,false,,3.90,0.0000,true,1,103387
7290111930935,false,חטיף פוף טבעות קלאסי 40 גרם,פוף POOF,IL,פוף טבעות קלאסי 40 ג,יחידה,0.00,יחידה,false,,3.90,0.0000,true,1,103388
7290111932502,false,"קולגייט משחת שיניים אופטיק וייט אקספרט 75 מ""ל",קולגייט Colgate,MX,קולגייט משחת אופטיק,מיליליטרים,75.00,"100 מ""ל",false,,25.90,0.3453,true,1,107862
7290111933462,false,"רוטב צ'ילי מתוק מאסטר שף 300 מ""ל",סיטי פוד,TH,רוטב צ'ילי מתוק מאסט,מיליליטרים,300.00,"100 מ""ל",false,,7.90,0.0263,true,1,105703
7290111933554,false,עגבניות איטלקיות קוביות - מארז שלישיה,קונסוריזיו קאסאלסקו,IT,מאסטר שף עגבניות קוב,קילוגרמים,1.20,"ק""ג",false,,15.90,13.2500,true,1,108221
7290111933561,false,מאסטר שף תערובת ציפוי נגטס 250 גרם,טסט וסנט קו.לטד,TH,תערובת ציפוי נאגטס,גרמים,250.00,100 גרם,false,,7.90,0.0316,true,1,112082
7290111934032,false,רדיד אלומיניום קוקי כוכבים+סכין 60 מ,,CN,קוקי רדיד אלומיניום,יחידה,0.00,יחידה,false,,33.90,0.0000,true,1,114916
7290111934049,false,קוקי רדיד אלומניום כ,,CN,קוקי רדיד אלומיניום,יחידה,0.00,יחידה,false,,15.90,0.0000,true,1,114917
7290111934827,false,"סבון ידיים פלמוליב היגיינה 300 מ""ל",פלמוליב Palmolive,TR,פלמוליב סבון ידיים ה,מיליליטרים,300.00,"100 מ""ל",false,,10.90,0.0363,true,1,110879
7290111935800,false,דאו ליידי ספיד סטיק דרמה ויטמין אי 45 גר,ליידי ספיד סטיק Lady Speed Stick,US,ליידי ספיד סטיק דרמה,יחידה,0.00,יחידה,false,,19.90,0.0000,true,1,111542
7290111935824,false,ליידי ספיד סטיק אומגה 3 דרמה סטיק 45 ג',Colgate - USA,US,ליידי ספיד סטיק דרמה,גרמים,45.00,100 גרם,false,,19.90,0.4422,true,1,113247
7290111935961,false,מאסטר שף מחית עגבניות 690 גרם,פראנו אנריקו ופיגלי,IT,מאסטר שף מחית עגבניו,גרמים,690.00,100 גרם,false,,11.90,0.0172,true,1,111273
7290111936296,false,"פלמוליב סבון נוזלי בניחוח סנסיישן מסאז' ,750 מ""ל",קולגייט פלמוליב,TR,פלמוליב ארומה סנסייש,מיליליטרים,750.00,"100 מ""ל",false,,19.90,0.0265,true,1,111052
7290111936784,false,"מארז פרי חטיפים 5 יח' כשל""פ תמרים ואגוזי לוז",טבעית מוצרים מן הטבע,IL,חטיפי פרי תמרים ואגו,גרמים,125.00,100 גרם,false,,16.50,0.1320,true,1,109936
7290111937095,false,"ליידי ספיד סטיק דרמה רול און אלוורה 50 מ""ל",ליידי ספיד סטיק Lady Speed Stick,MX,ליידי ספיד סטיק דרמה,מיליליטרים,50.00,"100 מ""ל",false,,14.90,0.2980,true,1,119448
7290111937231,false,"מארז פרי חטיפים 5 יח' כשל""פ תמרים וקוקוס",שסטוביץ,IL,חטיפי פרי תמרים וקוק,גרמים,125.00,100 גרם,false,,16.50,0.1320,true,1,109934
7290111937248,false,פרי מארז חטיפי 5יח תמרים קשיו ונגיעת לוז 125ג',הדקלאים אגודת שיתופי,IL,חטיפי פרי תמרים קשיו,גרמים,125.00,100 גרם,false,,16.50,0.1320,true,1,109933
7290111937262,false,"פרי מארז חטיפי 5יח תמרים ,אגוזים ושברי קקאו 125גר",טבעית מוצרים מן הטבע,IL,חטיף פרי תמרים אגוז,גרמים,120.00,100 גרם,false,,16.50,0.1375,true,1,109892
7290111937712,false,רדיד אלומיניום קוקי עטוף בנייר אפייה,קוקי,CN,קוקי רדיד אלומיניום,יחידה,0.00,יחידה,false,,10.90,0.0000,true,1,114821
7290111938481,false,"רוטב סויה בהירה מאסטר שף 300 מ""ל",מאסטר שף,TH,מאסטר שף רוטב סויה ב,מיליליטרים,300.00,"100 מ""ל",false,,8.90,0.0297,true,1,115950
7290111939174,false,קוקי כיסוי ניילון עם גומי מידה L,קוקי,CN,קוקי ניילון נצמד עם,יחידה,0.00,יחידה,false,,9.90,0.0000,true,1,114920
7290111939181,false,קוקי כיסוי ניילון עם גומי מיקס מידות,שסטוביץ,CN,קוקי ניילון נצמד עם,יחידה,0.00,יחידה,false,,9.90,0.0000,true,1,114921
7290112000057,false,גל כביסה קרטין גולד וולייט 3 ליטר,רקיט בנקיזר,,וולייט ג'ל גולד 3 לי,ליטרים,3.00,ליטר,false,,19.90,6.6333,true,1,103695
7290112000132,false,מפזר אדים אוטומטי + מילוי בניחוח לבנדר ופריחת השקד,איירוויק Air Wick,HU,אירוויק מפיץ אדים קו,מיליליטרים,20.00,"100 מ""ל",false,,44.90,2.2450,true,1,106578
7290112000286,false,"גל לניקוי אסלות סיליט באנג לימון 750 מ""ל",סיליט באנג Cillit Bang,PL,סיליט ג'ל אסלות לימו,מיליליטרים,750.00,"100 מ""ל",false,,9.90,0.0132,true,1,104178
7290112000293,false,"גל לניקוי אסלות סיליט באנג מרענן 750 מ""ל",סיליט באנג Cillit Bang,PL,סיליט ג'ל אסלות פרש,מיליליטרים,750.00,"100 מ""ל",false,,9.90,0.0132,true,1,104179
7290112000385,false,מנקה ומחטא עוצמתי למטבח ללא אקונומיקה,רקיט בנקיזר,PL,דטול תרסיס למטבח 750,יחידה,0.00,יחידה,false,,14.90,0.0000,true,1,108026
7290112000408,false,מנקה ומחטא עוצמתי לניקוי כללי בניחוח לימון,רקיט בנקיזר,US,דטול תרסיס לניקוי כל,מיליליטרים,750.00,"100 מ""ל",false,,14.90,0.0199,true,1,108028
7290112000736,false,פיניש ALL IN ONE MAX טבליות 80 יחידות,רקיט בנקיזר,IL,פיניש 80 טבליות,יחידה,0.00,יחידה,false,,59.90,0.0000,true,1,106697
7290112000798,false,"דיטול תרסיסי חיטוי וניקוי אנטי בקטריאלי 750 מ""ל",רקיט בנקיזר,US,דטול תרסיס חיטוי וני,יחידה,0.00,יחידה,false,,14.90,0.0000,true,1,108029
7290112001023,false,"אירוויק ספרי אוטמטי מילוי תענוגות האביב 250 מ""ל",איירוויק Air Wick,HU,אירוויק מילוי אוטומט,יחידה,0.00,יחידה,false,,14.90,0.0000,true,1,108476
7290112001030,false,"אירוויק ספרי אוטמטי מילוי פריחת הדובדבן 250 מ""ל",איירוויק Air Wick,HU,איירוויק מילוי אוטומ,יחידה,0.00,יחידה,false,,14.90,0.0000,true,1,108418
7290112001221,false,מנקה מכונת כביסה בניחוח נקי ורענן,רקיט בנקיזר,PT,קולון מנקה מכונת כבי,מיליליטרים,250.00,"100 מ""ל",false,,19.90,0.0796,true,1,108736
7290112001238,false,"מנקה מכונת כביסה קולון לימון 250 מ""ל",רקיט בנקיזר,ES,קולון מנקה מכונת כבי,מיליליטרים,250.00,"100 מ""ל",false,,19.90,0.0796,true,1,108737
7290112001436,false,פיניש מנקה ומחדש למדיח בניחוח לימון,רקיט בנקיזר,PL,פיניש מנקה מדיח בניח,יחידה,0.00,יחידה,false,,14.90,0.0000,true,1,114611
7290112001870,false,"סיליט באנג ספריי ניקוי אמבטיה 750 מ""ל",רקיט בנקיזר,PL,סיליט טריגר אמבטיה,מיליליטרים,750.00,"100 מ""ל",false,,14.90,0.0199,true,1,113764
7290112001900,false,ג'ל למדיח כלים אקולוגי פיניש,RECKITT BENCKISER PR,PL,פיניש ג'ל 1 ליטר אקו,ליטרים,1.00,ליטר,false,,39.90,39.9000,true,1,113431
7290112002099,false,קולון גל כביסה מרוכז 2.5 ליטר קלאסי,רקיט בנקיזר,IL,קולון ג'ל כביסה 2.5,ליטרים,2.50,ליטר,false,,24.90,9.9600,true,1,113316
7290112002105,false,קולון גל כביסה מרוכז 2.5 ליטר ניחוח לילך,רקיט בנקיזר,IL,קולון ג'ל כביסה מרוכ,ליטרים,2.50,ליטר,false,,24.90,9.9600,true,1,113317
7290112002112,false,ג'ל כביסה מרוכז קולון 101 בניחוח ורדים,רקיט בנקיזר,IL,קולון ג'ל כביסה 2.5,ליטרים,2.50,ליטר,false,,24.90,9.9600,true,1,113318
7290112002129,false,ג'ל כביסה מרוכז קולון 101 בניחוח פריחה מרענן,רקיט בנקיזר,IL,קולון ג'ל כביסה 2.5,ליטרים,2.50,ליטר,false,,24.90,9.9600,true,1,113319
7290112002136,false,ג'ל כביסה מרוכז קולון 101 קלאסי,רקיט בנקיזר,IL,קולון ג'ל כביסה 4 לי,ליטרים,4.00,ליטר,false,,34.90,8.7250,true,1,113313
7290112002143,false,ג'ל כביסה מרוכז קולון 101 בניחוח לילך,רקיט בנקיזר,IL,קולון ג'ל כביסה 4 לי,ליטרים,4.00,ליטר,false,,34.90,8.7250,true,1,113314
7290112002150,false,ג'ל כביסה מרוכז קולון 101 בניחוח ורדים,רקיט בנקיזר,IL,קולון ג'ל כביסה 4 לי,ליטרים,4.00,ליטר,false,,34.90,8.7250,true,1,113311
7290112002167,false,ג'ל כביסה מרוכז קולון 101 בניחוח פריחה מרענן,רקיט בנקיזר,IL,קולון ג'ל כביסה 4 לי,ליטרים,4.00,ליטר,false,,34.90,8.7250,true,1,113315
7290112002457,false,דטול - שלישיית מגבונים לניקוי וחיטוי בניחוח לימון,רקיט בנקיזר,PL,דטול מגבונים חיטוי ו,יחידה,0.00,יחידה,false,,24.90,0.0000,true,1,119664
7290112002983,false,מרסס סיליט חומצת לימון לניקוי כללי 750מל,רקיט בנקיזר,PL,סיליט באנג ניקוי כלל,מיליליטרים,750.00,"100 מ""ל",false,,16.90,0.0225,true,1,117534
7290112003188,false,קולון קפסולות גל לכביסה 60 יחידות,רקיט בנקיזר,IT,קולון קפסולות 60 יח',יחידה,0.00,יחידה,false,,49.90,0.0000,true,1,119044
7290112003256,false,אבקת כביסה קולון 101 בניחוח לבנדר,זוהר דליה,IL,קולון אבקת כביסה לבנ,קילוגרמים,1.25,"ק""ג",false,,11.90,9.5200,false,1,117736
7290112003560,false,איירוויק בוטניקה נר ריחני בניחוח ורדים ו,רקיט בנקיזר,CN,איירוויק נר ריחני ור,גרמים,205.00,100 גרם,false,,29.90,0.1459,true,1,121564
7290112003843,false,"קלגון גל אנטי בקטריאלי 750 מ""ל",RECKITT BENCKISER It,IT,קלגון ג'ל אנטיבקטריא,מיליליטרים,750.00,"100 מ""ל",false,,29.90,0.0399,true,1,122163
7290112003959,false,וניש מסיר כתמים אבקה לכביסה צבעונית 470 גרם,רקיט בנקיזר,IT,וניש מסיר כתמים אבקה,גרמים,470.00,100 גרם,false,,16.90,0.0360,true,1,123830
7290112003966,false,וניש מסיר כתמים אבקה לכביסה לבנה 470 גרם,רקיט בנקיזר,IT,וניש מסיר כתמים אבקה,גרמים,470.00,100 גרם,false,,16.90,0.0360,true,1,123681
7290112004024,false,ג'ל מסיר כתמים לכביסה לבנה וניש אוקסי אקשן,קליה וניש Kalia Vanish,,"וניש גולד ג'ל 940 מ""",מיליליטרים,940.00,"100 מ""ל",false,,19.90,0.0212,true,1,164785
7290112004031,false,ג'ל מסיר כתמים לכביסה צבעונית וניש אוקסי אקשן,קליה וניש Kalia Vanish,,"וניש גולד ג'ל 940 מ""",מיליליטרים,940.00,"100 מ""ל",false,,19.90,0.0212,true,1,164786
7290112004109,false,מטליות לחות לניקוי כללי וחיטוי בריח ליים ונענע- מארז,רקיט בנקיזר,PL,דטול מגבונים שלישייה,יחידה,0.00,יחידה,false,,24.90,0.0000,true,1,120040
7290112004185,false,"פיניש נוזל הברקה אקולוגי למדיח 400 מ""ל",רקיט בנקיזר,PL,פיניש נוזל הברקה למד,מיליליטרים,400.00,"100 מ""ל",false,,14.90,0.0373,true,1,164079
7290112004192,false,טבליות פיניש אקולוגי,רקיט בנקיזר,PL,פיניש טבליות למדיח א,יחידה,0.00,יחידה,false,,54.90,0.0000,true,1,164080
7290112004208,false,טבליות למדיח בניחוח לימון 50 יח' פיניש,RECKITT BENCKISER PR,PL,פיניש טבליות למדיח ל,יחידה,0.00,יחידה,false,,39.90,0.0000,true,1,164081
7290112004314,false,"דטול - תרסיס חיטוי וניקוי בניחוח לימון רימונים 750 מ""ל",רקיט בנקיזר,PL,דטול תרסיס מנקה ומחט,מיליליטרים,750.00,"100 מ""ל",false,,14.90,0.0199,true,1,123827
7290112004413,false,ניש ספריי להסרת כתמים מבגדים לבנים 750 מ,רקיט בנקיזר,PL,וניש ספריי הסרת כתמי,מיליליטרים,750.00,"100 מ""ל",false,,16.90,0.0225,true,1,166647
7290112004468,false,דטול - מחטא כביסה לכותנה 1.50 ליטר,RB איטליה,IT,מחטא כביסה דטול בניח,ליטרים,1.50,ליטר,false,,24.90,16.6000,true,1,164329
7290112004604,false,דטול - שלישיית מגבונים לניקוי וחיטוי בניחוח לימון רימונים,רקיט בנקיזר,PL,דטול מארז שלישייה מט,יחידה,0.00,יחידה,false,,24.90,0.0000,true,1,123829
7290112004611,false,"וניש קליה ג'ל מרוכז לטיפול נקודתי בכתמים 200 מ""ל",רקיט בנקיזר,PT,ווניש פאואר ג'ל 200,מיליליטרים,200.00,"100 מ""ל",false,,16.90,0.0845,true,1,165647
7290112004703,false,ג'ל וניש שקוף לכביסה צבעונית ועדינה 750מל',רקיט בנקיזר,IT,וניש ג'ליסימו ורוד 7,מיליליטרים,750.00,"100 מ""ל",false,,19.90,0.0265,true,1,168766
7290112004710,false,"ג'ל וניש שקוף לכביסה לבנה ועדינה 750 מ""ל",רקיט בנקיזר,IT,וניש ג'ליסימו לבן 75,מיליליטרים,750.00,"100 מ""ל",false,,19.90,0.0265,true,1,168767
7290112004772,false,אירוויק מילוי מבשם חשמלי כביסה באוויר,RECKITT BENCKISER HU,HU,מילוי מבשם אוויר חשמ,יחידה,0.00,יחידה,false,,14.90,0.0000,true,1,167751
7290112004970,false,פיניש קפסולות אולטימיט למדיח 50 יח',רקיט בנקיזר,IL,פיניש אולטימייט 50 י,יחידה,0.00,יחידה,false,,54.90,0.0000,true,1,167895
7290112004994,false,איירוויק מילוי אוטומטי יסמין מבשם אויר אטומטי,RB בריטניה,IL,איירוויק מילוי אוטומ,מיליליטרים,250.00,"100 מ""ל",false,,14.90,0.0596,true,1,167130
7290112005045,false,וניש מסיר כתמים אבקה לכביסה לבנה 480 גרם,רקיט בנקיזר,IT,וניש אבקה לכביסה לבנ,גרמים,480.00,100 גרם,false,,16.90,0.0352,true,1,167626
7290112005052,false,וניש תוסף כביסה רב תכליתי לבגדים לבנים,קליה וניש Kalia Vanish,IT,וניש אבקה לכביסה לבנ,גרמים,1500.00,100 גרם,false,,39.90,0.0266,true,1,167550
7290112005076,false,וניש תוסף כביסה רב תכליתי צבעוני 480 גרם,רקיט בנקיזר,IT,וניש אבקה לכביסה צבע,גרמים,480.00,100 גרם,false,,16.90,0.0352,true,1,167627
7290112005083,false,וניש תוסף כביסה רב תכליתי לכביסה צבעונית,קליה וניש Kalia Vanish,IT,וניש אבקה לכביסה צבע,גרמים,1500.00,100 גרם,false,,39.90,0.0266,true,1,167625
7290112005168,false,טבליות למדיח פיניש קוואנטום לימון 60 יח,רקיט בנקיזר,PL,פיניש קוואנטום לימון,יחידה,0.00,יחידה,false,,59.90,0.0000,true,1,167752
7290112192158,false,"ניוקי תפו""א לל""ג 500 גר GFREE",,IT,"ניוקי תפו""א ללא גלוט",גרמים,500.00,100 גרם,false,,11.90,0.0238,true,1,112072
7290112192509,false,פירורי לחם ללא גלוטן 250 גר GFREE,אשבל מזון פונקציונלי,IL,פרורי לחם 250 גר' GF,גרמים,250.00,100 גרם,false,,18.90,0.0756,true,1,110282
7290112192561,false,משחת שיניים whitening עם פלואוריד להגנה מלאה,ג'י.אס.קיי קונסיומר,IE,פרדונטקס משחה הגנה מ,מיליליטרים,75.00,"100 מ""ל",false,,34.90,0.4653,true,1,113529
7290112192578,false,משחת שיניים פרודונטקס אקסטרה פרש הגנה מלאה,ג'י.אס.קיי קונסיומר,IE,פרדונטקס משחת שיניים,מיליליטרים,75.00,"100 מ""ל",false,,34.90,0.4653,true,1,113530
7290112192875,false,"סנסודיין - משחת שיניים רגישות וחניכיים 75 מ""ל",סנסודיין Sensodyne,GB,משחת שיניים סנסודיין,יחידה,0.00,יחידה,false,,34.90,0.0000,true,1,114586
7290112192882,false,"סנסודיין - משחת שיניים רגישות וחניכיים מלבינה 75 מ""ל",ג'י.אס.קיי קונסיומר,GB,משחת שיניים סנסודיין,יחידה,0.00,יחידה,false,,34.90,0.0000,true,1,114587
7290112196514,false,חטיף קרקר מקור הכוסמ,,,חטיפי קרקר כוסמין 18,גרמים,180.00,100 גרם,false,,9.90,0.0550,true,1,123395
7290112196521,false,חטיפי קרקר כוסמין שו,,,חטיפי קרקר כוסמין שו,גרמים,180.00,100 גרם,false,,9.90,0.0550,true,1,123444
7290112196767,false,עוגיות סנדוויץ כוסמי,,,עוגיות סנדוויץ כוסמי,גרמים,300.00,100 גרם,false,,14.90,0.0497,true,1,164888
7290112196774,false,ביסקוויט כוסמין חצי מצופה 175 גרם,,,ביסקוויט מקמח כוסמין,גרמים,175.00,100 גרם,false,,11.90,0.0680,true,1,164886
7290112196798,false,קמח כוסמין מלא מנופה,,,קמח כוסמין מלא מנופה,קילוגרמים,1.00,"ק""ג",false,,16.90,16.9000,true,1,123512
7290112196804,false,קמח כוסמין 80% מנופה,,,קמח כוסמין 80% מנופה,קילוגרמים,1.00,"ק""ג",false,,16.90,16.9000,true,1,123513
7290112197085,false,"סטייל - סבון מעוצב פריז 500 מ""ל",רנקסאן פלסטיק יאנגר,TR,סבון נוזלי מעוצב פרי,מיליליטרים,500.00,"100 מ""ל",false,,9.90,0.0198,true,1,168335
7290112197092,false,"סטייל - סבון מעוצב ניו יורק 500 מ""ל",רנקסאן פלסטיק יאנגר,TR,סבון מעוצב ניו יורק,מיליליטרים,500.00,"100 מ""ל",false,,9.90,0.0198,true,1,168336
7290112197184,false,דגני בוקר במילוי קרם קרמל מלוח ללא גלוטן 375 ג' G FREE,נטורל קייקס,IL,דגני בוקר במילוי קרם,גרמים,375.00,100 גרם,false,,21.90,0.0584,true,1,168430
7290112197191,false,דגני בוקר כהים במילוי קרם וניל ללא גלוטן 375 ג' G FREE,נטורל קייקס,IL,דגני בוקר במילוי קרם,גרמים,375.00,100 גרם,false,,21.90,0.0584,true,1,167891
7290112330352,false,"יוגורט PRO בטעם וניל 0% , 20 גרם חלבון בגביע","שטראוס בריאות בע""מ",IL,דנונה פרו 20 גר וניל,גרמים,200.00,100 גרם,false,,5.90,0.0295,false,1,111188
7290112330390,false,יוגורט PRO בטעם פירות יער 0% 20 גרם חלבון בגביע,"שטראוס בריאות בע""מ",IL,דנונה פרו 20 גר פירו,גרמים,200.00,100 גרם,false,,5.90,0.0295,false,1,111185
7290112330420,false,דנונה פרו לבן 2.9% שומן 150 ג',מיוצר עי קונדיטוריית,IL,דנונה פרו לבן 2.9% ש,גרמים,150.00,100 גרם,false,,4.50,0.0300,true,1,109726
7290112332585,false,"פריכיות תפו""א, אורז בתיבול סלק ומלח חי 30 גר'","פרח תעשיו מזון בע""מ",IL,"פריכיות תפו""א אורז ב",גרמים,30.00,100 גרם,false,,5.50,0.1833,true,1,111454
7290112332691,false,פינוקיות עוגיות קרם פסק זמן אגוזים 200 גרם,הגביע מוצרי ופלים בע,IL,עוגיית קרם פסק זמן א,גרמים,200.00,100 גרם,false,,11.50,0.0575,true,1,112144
7290112332875,false,מסטיק מאסט קוביות בטעם מנטה עדינה 86 ג' עלית,שטראוס עלית,DE,מאסט קוביות מנטה עדי,גרמים,86.00,100 גרם,false,,14.90,0.1733,true,1,111225
7290112332899,false,עלית - צנצנת בזוקה פופים קלאסי 58 גרם,רוג'ר אנד רוג'ר,IL,בזוקה פופים קלאסי,גרמים,58.00,100 גרם,false,,9.90,0.1707,true,1,111457
7290112334749,false,קפה טורקי שקית 10% תוספת 200 ג' עלית,שטראוס קפה בי.וי,IL,קפה טורקי עלית 200 ג,גרמים,220.00,100 גרם,false,,14.90,0.0677,false,1,112658
7290112335043,false,כשלפ מרשמלו בזוקה ווסטהיים 150 ג',טופגאם תעשיות ממתקים,IL,מרשמלו בזוקה 150 גר',גרמים,150.00,100 גרם,false,,6.40,0.0427,false,1,110419
7290112335050,false,מרשמלו וניל 150 גרם ווסטהים,טופגאם תעשיות ממתקים,IL,מרשמלו וניל 150 גר',גרמים,150.00,100 גרם,false,,6.40,0.0427,false,1,110420
7290112335111,false,מסטיק מאסט קוביות בזוקה ללא גלוטן 86 גר,שטראוס עלית,DE,מאסט קוביות בטעם בזו,גרמים,86.00,100 גרם,false,,14.90,0.1733,true,1,111226
7290112335487,false,פריכיות הטעימות קצח ודגנים אנרגי 135 גר,אנרג'י Energy - שטראוס,IL,הפריכיות הטעימות קצח,גרמים,135.00,100 גרם,false,,12.90,0.0956,true,1,111220
7290112335494,false,הפריכיות הטעימות תפוחי אדמה בטעם פוטטוס,"פרח תעשיות מזון בע""מ",IL,הפריכיות הטעימות פוט,גרמים,135.00,100 גרם,false,,12.90,0.0956,true,1,111221
7290112335500,false,"הפריכיות הטעימות חומוס, אורז, עדשים שחורות וקינואה",אנרג'י Energy - שטראוס,IL,הפריכיות הטעימות חלב,גרמים,135.00,100 גרם,false,,12.90,0.0956,true,1,111222
7290112336637,false,סוכריות מאסט Must ללא סוכר יוגורט תות ואוכניות,שטראוס גרופ,PL,סוכריות יוגורט תות א,גרמים,80.00,100 גרם,false,,8.80,0.1100,false,1,113134
7290112336644,false,סוכריות מאסט ללא סוכר לימון 80 ג' עלית,שטראוס גרופ,PL,סוכריות לימון ללא סו,גרמים,80.00,100 גרם,false,,8.80,0.1100,false,1,113135
7290112336651,false,סוכריות מאסט ללא סוכר ריבת חלב 80 ג' עלית,שטראוס גרופ,PL,סוכריות ריבת חלב ללא,גרמים,80.00,100 גרם,false,,8.80,0.1100,false,1,113136
7290112336712,false,יוגורט PRO לבן 0% 21 גרם חלבון בגביע,"שטראוס בריאות בע""מ",IL,דנונה פרו 21 0%,גרמים,200.00,100 גרם,false,,5.90,0.0295,false,1,110204
7290112337474,false,סוכריות מאסט ללא סוכר פטל לימון 80 ג' עלית,שטראוס גרופ,PL,סוכריות פטל לימון לל,גרמים,80.00,100 גרם,false,,8.80,0.1100,false,1,113137
7290112337481,false,סוכריות מאסט ללא סוכר קפצ''ינו 80 ג' עלית,שטראוס גרופ,PL,סוכריות קפוצ'ינו ללא,גרמים,80.00,100 גרם,false,,8.80,0.1100,false,1,113138
7290112339171,false,מילקי מוס עם שוקולד וקצפת,מיוצר עי קונדיטוריית,IL,מילקי מוס,גרמים,81.00,100 גרם,false,,3.30,0.0407,true,1,109194
7290112339362,false,דנונה לייט אנד פריי בטעם קפוצינו 150 גר',דנונה - שטראוס,IL,דנונה לייט אנד פריי,גרמים,150.00,100 גרם,false,,4.60,0.0307,true,1,113622
7290112339867,false,גמדים לדרך גבינה לבנה עם מחית תות,שטראוס,IL,גמדים סקוויז בודד תו,גרמים,100.00,100 גרם,false,,5.70,0.0570,true,1,109755
7290112339874,false,גמדים לדרך גבינה לבנה עם מחיות תות ובננה,שטראוס,IL,גמדים סקוויז בודד תו,גרמים,100.00,100 גרם,false,,5.70,0.0570,true,1,109756
7290112340122,false,פריכיות טעימות 3 דגנים אנרגי 135 גר,אנרג'י Energy - שטראוס,IL,הפריכיות הטעימות 3 ד,גרמים,135.00,100 גרם,false,,12.90,0.0956,true,1,111224
7290112340276,false,פינוקיות עוגיות קרם קפה 200 גרם,הגביע מוצרי ופלים בע,IL,עוגיות קרם קפה נמס,גרמים,200.00,100 גרם,false,,11.50,0.0575,true,1,112150
7290112340900,false,קפה טורקי האג נטול קפאין 200 גרם,הנסיך- מפעל לייצור ט,IL,קפה טורקי האג,גרמים,200.00,100 גרם,false,,25.90,0.1295,true,1,118347
7290112341556,false,אקטיביה עם צ'יה ותות 150 ג' דנונה,דנונה - שטראוס,IL,אקטיביה עם צ'יה ותות,גרמים,150.00,100 גרם,false,,4.60,0.0307,true,1,113350
7290112341679,false,דנונה אקטיביה 3% שומן 200 גרם,מיוצר עי קונדיטוריית,IL,אקטיביה 3%,גרמים,200.00,100 גרם,false,,3.80,0.0190,true,1,113118
7290112341686,false,מארז אקטיביה שמיניה 3% 150 גר*8,מיוצר עי קונדיטוריית,IL,מארז אקטיביה 3%,גרמים,1200.00,100 גרם,false,,19.90,0.0166,true,1,113119
7290112342102,false,סימפוניה גבינה במרקם שמנת בצל מקורמל 5%,"שטראוס בריאות בע""מ",IL,סימפוניה בצל מקורמל,גרמים,200.00,100 גרם,false,,11.20,0.0560,true,1,114575
7290112343260,false,"יטבתה רוטב שמנת קלאסי 9% שומן 260 מ""ל",שטראוס גרופ,IL,רוטב שמנת קלאסי 260,גרמים,260.00,100 גרם,false,,10.50,0.0404,true,1,114264
7290112343420,false,"משקה חלב עם דגנים מלאים ובננה פרו יטבתה 350מ""ל",מחלבת יטבתה,IL,יטבתה פרו ארוחת בוקר,מיליליטרים,350.00,"100 מ""ל",false,,7.40,0.0211,true,1,114261
7290112343499,false,חטיף צ'יטוס פאפס אפוי בטעם גבינה,"שטראוס פריטו ליי בע""",IL,צ'יטוס 55 גר' puffs,גרמים,55.00,100 גרם,false,,3.40,0.0618,true,1,163915
7290112343512,false,ציטוס 160 גרם 9 יחידות puffs,"שטראוס פריטו ליי בע""",IL,צ'יטוס 160 גר' puffs,גרמים,160.00,100 גרם,false,,7.90,0.0494,true,1,163916
7290112344564,false,רביולי גבינה קלאסי שטראוס 400 ג',מיוצר עי קונדיטוריית,IL,רביולי גבינה 400 גר',גרמים,400.00,100 גרם,false,,19.90,0.0497,true,1,113383
7290112344724,false,מעדן בטעם שוקולד בלונדי 170 ג' מילקי,מיוצר עי קונדיטוריית,IL,מילקי בטעם שוקולד בל,גרמים,133.00,100 גרם,false,,3.30,0.0248,true,1,114252
7290112344755,false,מילקי שוקולד 26% פחות סוכר 135 גרם,מיוצר עי קונדיטוריית,IL,מילקי מופחת סוכר,גרמים,135.00,100 גרם,false,,2.80,0.0207,false,1,119982
7290112344786,false,קפה פלטינום קלאסיק 200 ג' עלית,הנסיך- מפעל לייצור ט,IL,פלטינום קלאסיק 200 ג,גרמים,200.00,100 גרם,false,,24.90,0.1245,false,1,115245
7290112344953,false,סימפוניה חציל קלוי גבינה במקרם שמנת 5%,"שטראוס בריאות בע""מ",IL,סימפוניה חציל קלוי,גרמים,200.00,100 גרם,false,,11.20,0.0560,true,1,120898
7290112346360,false,בפלות אחת אחת ופל בטעם שוקולד מצופה שוקולד,טוטיז-בינגו סיאי,GR,בפלות אחת אחת בציפוי,גרמים,180.00,100 גרם,false,,13.90,0.0772,true,1,115292
7290112346537,false,עוגיות פינוקיות בטעם טורטית 200 ג' עלית,הגביע מוצרי ופלים בע,IL,פינוקיות בטעם טורטית,גרמים,200.00,100 גרם,false,,11.50,0.0575,true,1,114250
7290112346629,false,דנונה בר יוגורט+קורנפלקס מצופה שוקולד חלב ולבן 172 גרם,דנונה - שטראוס,IL,דנונה קראנצ עם קורנפ,גרמים,172.00,100 גרם,false,,4.60,0.0267,false,1,117005
7290112346773,false,יוגורט בטעם וניל 0% לייט אנד פרי 10 גרם חלבון בגביע,מיוצר עי קונדיטוריית,IL,דנונה לייט אנד פריי,גרמים,150.00,100 גרם,false,,4.60,0.0307,true,1,120635
7290112346797,false,יוגורט אקטיביה שיבולת שועל ושזיף 150 גרם,מיוצר עי קונדיטוריית,IL,אקטיביה שיבולת שועל,גרמים,150.00,100 גרם,false,,4.60,0.0307,true,1,116054
7290112346827,false,אקטימל פטל ויטמין C שמינייה,שטראוס גרופ,IL,אקטימל ויטמין סי פטל,גרמים,864.00,100 גרם,false,,21.10,0.0244,false,1,119375
7290112347008,false,גמדים לדרך גבינה לבנה עם מחית תות ושיבולת שועל,מיוצר עי קונדיטוריית,IL,גמדים ארוחת בוקר תות,גרמים,100.00,100 גרם,false,,5.70,0.0570,true,1,114255
7290112348142,false,שעועית לבנה 380 גר' בקופסה טעם הטבע,שטראוס טעם הטבע,IT,שעועית לבנה טעם הטבע,גרמים,230.00,100 גרם,false,,6.50,0.0283,true,1,116684
7290112348999,false,פריכיות טעימות תירס דקות 135 גרם,פרח תעשיות,IL,פריכיות טעימות תירס,גרמים,135.00,100 גרם,false,,12.90,0.0956,true,1,119994
7290112349316,false,מסטיק בזוקה פופים ממולא בטעם תות ללא סוכר,רוג'ר אנד רוג'ר,DE,בזוקה בטעם תות,גרמים,86.00,100 גרם,false,,14.90,0.1733,true,1,116048
7290112349606,false,מעדן גבינה ויוגורט תות בננה 88 ג' דניאלה,"שטראוס בריאות בע""מ",IL,דניאלה תות בננה,גרמים,88.00,100 גרם,false,,4.10,0.0466,true,1,165146
7290112349705,false,פומודורו רוטב עגבניות קלאסי לפסטה 350 גר' יד מרדכי,אמיליאנה קונסרב סוסי,IT,פומודורו רוטב עגבניו,גרמים,350.00,100 גרם,false,,11.90,0.0340,true,1,114660
7290112349736,false,בזיליקום רוטב עגבניות לפסטה 350 גר' יד מרדכי,אמיליאנה קונסרב סוסי,IT,בזיליקום רוטב עגבניו,גרמים,350.00,100 גרם,false,,11.90,0.0340,true,1,114661
7290112349743,false,ארביאטה רוטב עגבניות פיקנטי לפסטה 350 ג' יד מרדכי,אמיליאנה קונסרב ס.פ.,IT,ארביאטה רוטב עגבניות,גרמים,350.00,100 גרם,false,,11.90,0.0340,true,1,114662
7290112349750,false,פיצה רוטב עגבניות לפיצה 350 גר' יד מרדכי,אמיליאנה קונסרב ס.פ.,IT,רוטב עגבניות לפיצה,גרמים,350.00,100 גרם,false,,11.90,0.0340,true,1,114663
7290112349897,false,מסטיק מאסט Must קוביות בטעם מנטה ללא סוכר,רוג'ר אנד רוג'ר,DE,מאסט קוביות מנטה,גרמים,86.00,100 גרם,false,,14.90,0.1733,true,1,116144
7290112350275,false,קפסולות לונגו למכונות נספרסו 55 גר,שטראוס קפה בי.וי,IL,קפסולות LUNGO למכונת,גרמים,55.00,100 גרם,false,,16.90,0.3073,false,1,115308
7290112350312,false,קפסולות 15 קפה יותר למכונות נספרסו עלית 10יח',הנסיך- מפעל לייצור ט,IL,קפסולות 15 למכונות נ,גרמים,50.00,100 גרם,false,,16.90,0.3380,false,1,118054
7290112350589,false,ציקו אבקה להכנת משקה ציקוריה 65 גר,שטראוס קפה בי.וי,IL,אבקת צ'יקו 65 גר,גרמים,65.00,100 גרם,false,,11.50,0.1769,false,1,118472
7290112351067,false,סילאן טבעי 100% תמר מג'הול ללא תוספת סוכר,יד מרדכי,IL,סילאן טבעי לחיץ 630,גרמים,630.00,100 גרם,false,,25.90,0.0411,true,1,116145
7290112351104,false,שוקולד פרה ממולא פיצפוצי אורז 100 ג' עלית,שטראוס,IL,שוקולד פרה פיצפוצי א,גרמים,100.00,100 גרם,false,,6.00,0.0600,false,1,116477
7290112351128,false,שוקולד פרה סוכריות קופצות 100 ג' עלית,"שטראוס גרופ בע""מ",IL,שוקולד פרה סוכריות ק,גרמים,90.00,100 גרם,false,,6.00,0.0667,true,1,117541
7290112351463,false,שלישיית סוכריות מאסט FRESH פטל לימון 45 ג' עלית,עלית,,סוכריות FRESH פטל לי,גרמים,45.00,100 גרם,false,,9.50,0.2111,true,1,117153
7290112351470,false,סוכריות ללא סוכר בטעם תות רימון מאסט פרש,עלית,,סוכריות FRESH בטעם ר,גרמים,45.00,100 גרם,false,,9.50,0.2111,true,1,117154
7290112351524,false,עלי סלנובה טעם הטבע,שטראוס בריאות ירקות,IL,עלי סלנובה 200 גר ש,גרמים,200.00,100 גרם,false,,10.90,0.0545,true,1,118032
7290112353887,false,"משקה קפה קר בטעם אגוזים יטבתה 230 מ""ל",האי נאם סי או אל.טי.,AT,משקה קפה קר בטעם אגו,מיליליטרים,230.00,"100 מ""ל",false,,7.50,0.0326,true,1,117538
7290112354174,false,פסטה רוזה דלישס 280 גרם,"טרופיקל דגיל בע""מ אז",IT,פסטה רוזה דלישס,גרמים,280.00,100 גרם,false,,19.90,0.0711,true,1,164091
7290112354204,false,ספגטי עגבניות דלישס 280 גרם,גסטרונומיה פרוסט אס.,IT,ספגטי עגבניות דלישס,גרמים,280.00,100 גרם,false,,19.90,0.0711,true,1,164093
7290112354211,false,פיצה מרגריטה דלישס 400 גרם,סקרלינפיצה אס.אר.אל,IT,פיצה מרגריטה דלישס,גרמים,400.00,100 גרם,false,,22.90,0.0572,true,1,163904
7290112354228,false,פיצה מרגריטה זיתים דלישס 400 גרם,סקרלינפיצה אס.אר.אל,IT,פיצה מרגריטה עם זיתי,גרמים,400.00,100 גרם,false,,22.90,0.0572,true,1,163905
7290112354235,false,ברקטה פיצה - 2 יחידות במארז,סקרלינפיצה אס.אר.אל,IT,ברקטה פיצה,גרמים,300.00,100 גרם,false,,22.90,0.0763,true,1,163906
7290112354242,false,קונוס פיצה דלישס 280 גרם,,IL,קונוס פיצה דלישס,גרמים,280.00,100 גרם,false,,22.90,0.0818,true,1,163907
7290112354945,false,חטיף תפוצ'יפס WAVY בטעם טבעי,שטראוס פריטו ליי בע”,IL,תפוצ'יפס בטעם טבעי 5,גרמים,50.00,100 גרם,false,,3.90,0.0780,false,1,168711
7290112354952,false,חטיף תפוצ'יפס WAVY בטעם פפריקה,שטראוס פריטו ליי בע”,IL,תפוצ'יפס בטעם פפריקה,גרמים,50.00,100 גרם,false,,3.90,0.0780,false,1,168710
7290112354969,false,"תפוציפס WAVY טבעי , 200 גרם",שטראוס פריטו ליי בע”,IL,תפוצ'יפס טבעי 200 גר,גרמים,200.00,100 גרם,false,,10.90,0.0545,false,1,168712
7290112355027,false,דנונה פרו 20 גרם חלבון קרמל מלוח 200 גרם,"שטראוס בריאות בע""מ",IL,דנונה פרו 20 גר קרמל,גרמים,200.00,100 גרם,false,,5.90,0.0295,false,1,119984
7290112355102,false,גמדים סקוויז 100 גרם פאוץ סלט פירות 100 גרם,"שטראוס בריאות בע""מ",IL,גמדים פאו'ץ סלט פירו,גרמים,100.00,100 גרם,false,,5.70,0.0570,true,1,120677
7290112355393,false,"יטבתה רוטב שמנת+בטטה 9% שומן 250 מ""ל",שטראוס גרופ,IL,רוטב שמנת עם בטטה,מיליליטרים,257.00,"100 מ""ל",false,,10.50,0.0409,true,1,168649
7290112355775,false,גבינת סימפוניה עם עירית 200 גרם,"שטראוס בריאות בע""מ",IL,סימפוניה עירית 5%,גרמים,200.00,100 גרם,false,,11.20,0.0560,false,1,167714
7290112355812,false,מילקי טופ קורנפלקס 141 ג' שטראוס,"שטראוס גרופ בע""מ",IL,מילקי טופ קורנפלקס,גרמים,141.00,100 גרם,false,,4.60,0.0326,true,1,167068
7290112357045,false,עגבניות איטלקיות מרוסקות 390 גר' בקופסה טעם הטבע,שטראוס טעם הטבע,IT,עגבניות איטלקיות מרו,גרמים,390.00,100 גרם,false,,6.50,0.0167,true,1,116688
7290112357069,false,מחית עגבניות איטלקיות בקופסה 500 גר' טעם הטבע,שטראוס טעם הטבע,IT,מחית עגבניות איטלקיו,גרמים,500.00,100 גרם,false,,6.90,0.0138,true,1,116689
7290112357076,false,קוביות עגבניות איטלקיות 390 גר' בקופסה טעם הטבע,קונסרב איטליה,IT,קוביות עגבניות איטלק,גרמים,390.00,100 גרם,false,,6.50,0.0167,true,1,118055
7290112357083,false,טעם הטבע אפונה ירוקה 380 גרם קופסה,הדקלאים אגודת שיתופי,IT,אפונת גינה טעם הטבע,גרמים,250.00,100 גרם,false,,6.50,0.0260,true,1,116685
7290112357106,false,שעועית אדומה 380 גר' בקופסה טעם הטבע,שטראוס טעם הטבע,IT,שעועית אדומה טעם הטב,גרמים,230.00,100 גרם,false,,6.50,0.0283,true,1,116690
7290112357113,false,גרגרי חומוס בקופסה 380 גר' טעם הטבע,שטראוס טעם הטבע,IT,גרגרי חומוס טעם הטבע,גרמים,230.00,100 גרם,false,,6.50,0.0283,true,1,116686
7290112357175,false,קפסולות בוסט למכונות נספרסו 50 גר,שטראוס קפה בי.וי,IL,קפסולות BOOST למכונת,גרמים,50.00,100 גרם,false,,16.90,0.3380,false,1,115309
7290112357892,false,סוכריות FRESH מנטה שלישיה 3*15 גר',הליקון גידה,TR,סוכריות FRESH מנטה,גרמים,45.00,100 גרם,false,,9.50,0.2111,true,1,117155
7290112358004,false,חטיף פסק זמן קראנץ 32 גרם,שולן צ'יקולטה גידה ס,IL,פסק זמן קראנץ',גרמים,32.00,100 גרם,false,,5.00,0.1563,false,1,119376
7290112358127,false,דנונה פרו חלבון+מגנזיום- וניל ועוגיות 200 גרם,מיוצר עי קונדיטוריית,IL,דנונה פרו עם מגנזיום,גרמים,200.00,100 גרם,false,,6.20,0.0310,false,1,119459
7290112358219,false,יד מרדכי רוטב צ'ילי מתוק 300 גרם,אף.סי תבליני בגליל ב,IL,רוטב צ'ילי מתוק 300,גרמים,300.00,100 גרם,false,,13.90,0.0463,true,1,117548
7290112358240,false,רוטב גריל יד מרדכי 300 גרם,"בית אל מזון בע""מ",IL,רוטב גריל,גרמים,300.00,100 גרם,false,,13.90,0.0463,true,1,116482
7290112358431,false,עד חצות דאבל ביסקוויט עם שוקולד חלב -8 אריזות אישיות,הדקלאים אגודת שיתופי,IL,עד חצות דאבל 200 גרם,גרמים,200.00,100 גרם,false,,13.90,0.0695,false,1,121997
7290112359353,false,קפה טורקי קלוי וטחון אלדין,שטראוס,IL,קפה טורקי אלדין 200,גרמים,200.00,100 גרם,false,,19.90,0.0995,false,1,167439
7290112490209,false,נמס בכוס מרק עגבניות עם קרוטונים רכיבים טבעיים,אתר חיפה אבקות - Foo,IL,נמס בכוס עגבניות קרו,גרמים,56.00,100 גרם,false,,7.00,0.1250,true,1,107507
7290112490216,false,נמס בכוס מרק עוף עם קרוטונים רכיבים טבעיים,אתר חיפה אבקות - Foo,IL,נמס בכוס טעם עוף קרט,גרמים,48.00,100 גרם,false,,7.00,0.1458,true,1,107508
7290112490230,false,קנור מרק נמס בכוס אפונה רכיבים טבעיים,אתר חיפה אבקות - Foo,IL,נמס בכוס אפונה רכיבי,גרמים,50.00,100 גרם,false,,7.00,0.1400,true,1,107509
7290112490582,false,חרדל דיזון צרפתי 350 ג' הלמנס,הלמנס hellmann's,FR,חרדל דיז'ון צרפתי,גרמים,350.00,100 גרם,false,,13.90,0.0397,true,1,107532
7290112490599,false,חרדל צרפתי עם גרגרים שלמים 350ג',הלמנס hellmann's,FR,חרדל צרפתי עם גרגירי,גרמים,350.00,100 גרם,false,,13.90,0.0397,true,1,107533
7290112490650,false,קונפיטורה תות שדה 340 גרם-צנצנת,קונפיטורות לה-ארדניי,IL,קונפיטורת תות שדה 77,גרמים,340.00,100 גרם,false,,14.40,0.0424,true,1,107627
7290112490667,false,קונפיטורה משמש 340 גרם-צנצנת,אתר חיפה 778 - Food,IL,קונפיטורת משמשים 778,גרמים,340.00,100 גרם,false,,14.40,0.0424,true,1,107628
7290112490674,false,קונפיטורה דובדבן 340 גרם-צנצנת,אתר חיפה 778 - Food,IL,קונפיטורת דובדבנים,גרמים,340.00,100 גרם,false,,14.40,0.0424,true,1,107629
7290112490728,false,מרק עשיר ירקות עם בורגול רכיבים טבעיים 95 ג' קנור,יוניליוור ישראל מזון,IL,מרק היום ירקות בורגו,גרמים,95.00,100 גרם,false,,12.90,0.1358,true,1,108399
7290112490735,false,מרק עשיר עגבניות פסטה ר.טבעי קנור 105ג',יוניליוור,IL,מרק היום עגבניות ופס,גרמים,105.00,100 גרם,false,,12.90,0.1229,true,1,108363
7290112490742,false,מרק עשיר פטריות עם גריסים רכיבים טבעיים 104 ג' קנור,יוניליוור,IL,מרק עשיר פטריות גריס,גרמים,104.00,100 גרם,false,,12.90,0.1240,true,1,108035
7290112490759,false,מרק עשיר עוף עם אטריות רכיבים טבעיים 74 ג' קנור,יוניליוור,IL,מרק היום עוף אטריות,גרמים,74.00,100 גרם,false,,12.90,0.1743,true,1,108364
7290112490827,false,תרסיס ריחני למייבש הכביסה בדין בייבי 500,"זוהר דליה, קיבוץ דלי",IL,בדין תרסיס למייבש בי,מיליליטרים,500.00,"100 מ""ל",false,,19.50,0.0390,true,1,108008
7290112490896,false,"קנור רוטב צ'ילי חריף 370 מ""ל PAL",יוניליוור,IL,רוטב צ'ילי חריף קנור,גרמים,370.00,100 גרם,false,,12.90,0.0349,true,1,108865
7290112491701,false,ברנפלקס בטעם וניל מעודן 20% חלבון Extra Protein,יוניליוור ישראל מזון,IL,ברנפלקס אקסטרה פייבר,גרמים,375.00,100 גרם,false,,21.90,0.0584,false,1,110694
7290112491770,false,בייגלה דקים דקים מלח ב.בייגל 300 גר',בייגל את בייגל מזון,IL,בייגלה דקים דקים מלח,גרמים,300.00,100 גרם,false,,8.90,0.0297,true,1,109375
7290112491787,false,בייגלה דקים דקים שומשום ב.בייגל 300 גר',בייגל בייגל BB,IL,בייגלה דקים דקים שומ,גרמים,300.00,100 גרם,false,,8.90,0.0297,true,1,109376
7290112491794,false,בייגלה דקים דקים בטעם שמנת בצל 300 גרם,בייגל בייגל BB,IL,בייגלה דקים דקים שמנ,גרמים,300.00,100 גרם,false,,8.90,0.0297,true,1,109377
7290112492449,false,"פינוק - שמפו לשיער רגיל 700 מ""ל",יוניליוור ישראל טיפו,IL,פינוק שמפו לשיער רגי,מיליליטרים,700.00,"100 מ""ל",false,,11.90,0.0170,false,1,116330
7290112492456,false,"שמפו פינוק לשיער יבש/פגום 700 מ""ל",יוניליוור ישראל טיפו,IL,פינוק שמפו שיער יבש,מיליליטרים,700.00,"100 מ""ל",false,,11.90,0.0170,false,1,116332
7290112492463,false,"שמפו ומרכך פינוק 2 ב1 לשיער רגיל 700 מ""ל",יוניליוור ישראל טיפו,IL,שמפו פינוק 2-ב-1 רגי,מיליליטרים,700.00,"100 מ""ל",false,,11.90,0.0170,false,1,117037
7290112492470,false,פינוק 2ב-1 שמפו ומרכך לשיער יבש ופגום,אתר ליוור - HPC,IL,פינוק 2-ב-1 יבש 700,מיליליטרים,700.00,"100 מ""ל",false,,11.90,0.0170,false,1,120523
7290112492487,false,פינוק שמפו לשיער עם שמן מרוקאי 700 מל,יוניליוור ישראל טיפו,IL,פינוק שמפו שמן מרוקא,מיליליטרים,700.00,"100 מ""ל",false,,11.90,0.0170,false,1,116133
7290112492500,false,פינוק שמפו לשיער עם שמן קוקוס 700 מל,"יוניליור ישראל, טיפו",IL,שמפו פינוק שמן קוקוס,מיליליטרים,700.00,"100 מ""ל",false,,11.90,0.0170,false,1,116346
7290112492531,false,"פינוק מרכך לשיער רגיל 700 מ""ל",אתר ליוור - HPC,IL,פינוק מרכך לשיער רגי,מיליליטרים,700.00,"100 מ""ל",false,,11.90,0.0170,false,1,114019
7290112492548,false,"מרכך פינוק עם שמן חוחובה 700 מ""ל",אתר ליוור - HPC,IL,פינוק מרכך לשיער יבש,מיליליטרים,700.00,"100 מ""ל",false,,11.90,0.0170,false,1,114020
7290112492593,false,תחליב רחצה פינוק בניחוח פינוק קלאסי 700,אתר ליוור - HPC,IL,פינוק תחליב רחצה קלא,מיליליטרים,700.00,"100 מ""ל",false,,11.90,0.0170,false,1,114013
7290112492609,false,"תחליב רחצה פינוק 700 מ""ל לבנדר ווניל",אתר ליוור - HPC,IL,פינוק תחליב רחצה לבנ,מיליליטרים,700.00,"100 מ""ל",false,,11.90,0.0170,false,1,114014
7290112492647,false,"פינוק לגבר 3 ב1 שמפו ג'ל רחצה וסבון פנים 700 מ""ל",אתר ליוור - HPC,IL,פינוק לגבר 3-ב-1 ספו,מיליליטרים,700.00,"100 מ""ל",false,,11.90,0.0170,false,1,121080
7290112492678,false,פינוק שמפו לשיער רגיל אריזת נסיעות 100 מ,יוניליוור ישראל טיפו,IL,פינוק שמפו רגיל שפרפ,מיליליטרים,100.00,"100 מ""ל",false,,5.00,0.0500,true,1,121477
7290112492685,false,פינוק מרכך לשיער רגיל אריזת נסיעות 100 מ,יוניליוור ישראל טיפו,IL,פינוק מרכך רגיל 100,מיליליטרים,100.00,"100 מ""ל",false,,5.00,0.0500,true,1,119409
7290112492692,false,פינוק תחליב רחצה קלאסי אריזת נסיעות 100,יוניליוור ישראל טיפו,IL,פינוק תחליב רחצה רגי,מיליליטרים,100.00,"100 מ""ל",false,,5.00,0.0500,true,1,117991
7290112492715,false,"פינוק שמפו ללא דמעות לסירוק קל לילדים 700 מ""ל",אתר ליוור - HPC,IL,פינוק שמפו ללא דמעות,מיליליטרים,700.00,"100 מ""ל",false,,12.90,0.0184,true,1,117237
7290112492746,false,"פינוק מרכך ללא דמעות לסירוק קל לילדים 700 מ""ל",אתר ליוור - HPC,IL,פינוק מרכך לסירוק קל,מיליליטרים,700.00,"100 מ""ל",false,,12.90,0.0184,true,1,117239
7290112492982,false,"אבקת מרק פטריות כשל""פ 100% רכיבים טבעיים 400 גרם",יוניליוור ישראל מזון,IL,קנור מרק פטריות רכיב,גרמים,400.00,100 גרם,false,,19.90,0.0497,false,1,113987
7290112492999,false,קנור מרק עוף אמיתי 400 גרם פרווה,יוניליוור ישראל מזון,IL,מרק טעם עוף קנור 400,גרמים,400.00,100 גרם,false,,13.90,0.0348,false,1,113988
7290112493088,false,נמס בכוס עדשים מרק רכיבים טבעיים קנור 54 ג',אתר חיפה אבקות - Foo,IL,קנור מרק נמס בכוס עד,גרמים,54.00,100 גרם,false,,7.00,0.1296,false,1,112797
7290112493095,false,נמס בכוס מרק עגבניות חריף רכיבים טבעיים קנור 48 ג',אתר חיפה אבקות - Foo,IL,קנור מרק נמס בכוס עג,גרמים,85.00,100 גרם,false,,7.00,0.0824,false,1,112429
7290112493293,false,קנור - נמס ירקות וקרוטונים ר.טבעי 44 גרם,אתר חיפה אבקות - Foo,IL,קנור מרק נמס בכוס יר,גרמים,0.00,100 גרם,false,,7.00,0.0000,false,1,112430
7290112493316,false,מרק אפונה רכיבים טבעיים 117 ג' קנור,יוניליוור,IL,מרק היום אפונה 100%,גרמים,117.00,100 גרם,false,,12.90,0.1103,true,1,112796
7290112493927,false,גלידה בטעם ריבת חלב 1.33ל' קרמיסימו,"גלידת שטראוס בע""מ, ר",IL,גלידה קרמיסימו ריבת,ליטרים,1.33,ליטר,false,,24.90,18.7218,false,1,114029
7290112493934,false,גלידה וניל צרפתי 1.33ל' קרמיסימו,"גלידת שטראוס בע""מ, ר",IL,גלידה קרמיסימו וניל,ליטרים,1.33,ליטר,false,,24.90,18.7218,false,1,114030
7290112493965,false,קרמיסימו חלבית בטעם מסטיק וניל 665 גר,"גלידת שטראוס בע""מ, ר",IL,גלידה קרמיסימו מסטיג,ליטרים,1.33,ליטר,false,,24.90,18.7218,false,1,114031
7290112494016,false,מיונז מופחת שומן תלמה 500 גר',יוניליוור,IL,מיונז מופחת שומן 500,גרמים,500.00,100 גרם,false,,10.90,0.0218,false,1,112182
7290112494153,false,תיבולית ניחוח צלי קנור 72 גרם,יוניליוור ישראל מזון,IL,קנור תיבולית בניחוח,גרמים,72.00,100 גרם,false,,10.00,0.1389,true,1,114734
7290112494221,false,קליק - ביסקויט תפזורת 65 גרם,יוניליוור ישראל מזון,IL,קליק ביסקויט,גרמים,65.00,100 גרם,false,,7.00,0.1077,false,1,113689
7290112494238,false,קליק - כדורים חלב תפזורת 65 גרם,יוניליוור ישראל מזון,IL,קליק כדורים 65 גר',גרמים,65.00,100 גרם,false,,7.00,0.1077,false,1,113690
7290112494276,false,קליק - כריות תפזורת 65 גרם,יוניליוור ישראל מזון,IL,קליק כריות,גרמים,65.00,100 גרם,false,,7.00,0.1077,false,1,113692
7290112494313,false,קליק - קורנפלקס תפזורת 65 גרם,יוניליוור ישראל מזון,IL,קליק קורנפלקס,גרמים,65.00,100 גרם,false,,7.00,0.1077,false,1,113695
7290112494344,false,קורנפלקס כספי אלופים תלמה850 גר',יוניליוור שפע ישראל,IL,קורנפלקס אלופים 850,גרמים,850.00,100 גרם,false,,18.90,0.0222,false,1,115532
7290112494351,false,תלמה קורנפלקס של אלופים 850 ג',יוניליוור שפע ישראל,IL,קורנפלקס אלופים 850,גרמים,850.00,100 גרם,false,,18.90,0.0222,false,1,115756
7290112494610,false,קנור רוטב עגבניות פיקנטי לדג 415 גרם,קונסורזיו קאסאלאסקו,IL,קנור רוטב פיקנטי לדג,גרמים,415.00,100 גרם,false,,13.90,0.0335,true,1,114136
7290112494801,false,ג'ל לכביסה לבנה וצבעונית ורוד 2.5 ל' בדין,אתר ליוור - HPC,IL,בדין ג'ל לכביסה וורו,ליטרים,2.50,ליטר,false,,29.90,11.9600,true,1,113811
7290112494818,false,"ג'ל לכביסה לבנה וצבעונית בייבי 2.5 ק""ג",היינץ צפון אמריקה מק,IL,בדין ג'ל כביסה בייבי,ליטרים,2.50,ליטר,false,,29.90,11.9600,true,1,113812
7290112494825,false,תרחיץ פנים לעור רגיש מכיל 25% קרם לחות,אתר ליוור - HPC,IL,דאב תרחיץ פנים לעור,מיליליטרים,180.00,"100 מ""ל",false,,12.90,0.0717,true,1,119696
7290112494832,false,תרחיץ פנים לכל סוגי העור מכיל 25% קרם לחות,אתר ליוור - HPC,IL,דאב תרחיץ פנים לעור,מיליליטרים,180.00,"100 מ""ל",false,,12.90,0.0717,true,1,118868
7290112495006,false,כריות נוגט 686 גרם - קופסא,יוניליוור שפע ישראל,IL,כריות נוגט תלמה 686,גרמים,686.00,100 גרם,false,,26.90,0.0392,false,1,113677
7290112495037,false,דגני בוקר בטעם שוקולד כדורים 375 ג' קוקומן,יוניליוור שפע ישראל,IL,קוקומן כדורים תלמה ב,גרמים,375.00,100 גרם,false,,19.90,0.0531,false,1,113793
7290112495044,false,קוקומן פצפוצים בטעם שוקולד,יוניליור שפע ישראל ב,IL,קוקומן פצפוצים תלמה,גרמים,375.00,100 גרם,false,,19.90,0.0531,false,1,113792
7290112495105,false,נשנושים חטיף בטעם שמנת בצל,בייגל את בייגל מזון,IL,נשנושים שמנת בצל,גרמים,260.00,100 גרם,false,,13.50,0.0519,false,1,113685
7290112495112,false,נשנושים זעתר ב.בייגל 260ג',בייגל את בייגל מזון,IL,נשנושים זעתר,גרמים,260.00,100 גרם,false,,13.50,0.0519,false,1,113686
7290112495143,false,נשנושים קוקטייל מלוח 300ג' ב.בייגל,בייגל את בייגל מזון,IL,נשנושי קרקר קוקטייל,גרמים,300.00,100 גרם,false,,14.90,0.0497,true,1,113680
7290112495150,false,נשנושי קרקר עיגולים מלוחים 300 גר',בייגל את בייגל מזון,IL,נשנושי קרקר עיגולים,גרמים,300.00,100 גרם,false,,14.90,0.0497,true,1,113681
7290112495167,false,נישנושים קרקר משולשי שומשום 300 גרם,בייגל את בייגל מזון,IL,נשנושי קרקר משולשי ש,גרמים,300.00,100 גרם,false,,14.90,0.0497,true,1,113682
7290112495174,false,נשנושים קוקטייל שומשום 300ג' ב.בייגל,בייגל את בייגל מזון,IL,נשנושי קרקר קוקטייל,גרמים,300.00,100 גרם,false,,14.90,0.0497,true,1,113683
7290112495228,false,"קורנפלקס דבש תלמה 448 ג' בד""צ",יוניליוור שפע ישראל,IL,קורנפלקס דבש 448 גר',גרמים,448.00,100 גרם,false,,19.90,0.0444,false,1,113679
7290112495280,false,ריבועי ברנפלקס קינמון 400 גרם,אתר שפע - Food,IL,ברנפלקס ריבועי קינמו,גרמים,400.00,100 גרם,false,,19.90,0.0497,false,1,115464
7290112495433,false,דגני דליפקאן תוספת אגוזי פקאן ושקדים 400 גר,יוניליור שפע ישראל ב,IL,דליפקאן 400 גר' תלמה,גרמים,400.00,100 גרם,false,,19.90,0.0497,false,1,112792
7290112495488,false,קורנפלקס פתיתי תירס קלויים ללא גלוטן 500,"מולינו ניקולי S.p.A,",IT,קורנפלקס ללא גלוטן 5,גרמים,500.00,100 גרם,false,,19.90,0.0398,false,1,116842
7290112495556,false,מארז שלישיית חטיפי קליק ממולא בנוגט,יוניליוור,IL,קליק שלישיית ברים נו,גרמים,105.00,100 גרם,false,,14.90,0.1419,true,1,117038
7290112495594,false,בייגלה שמיניות גדולותללא תוספת מלח 400 גרם,אתר בייגל - Food,IL,בייגלה שמיניות גדולו,גרמים,400.00,100 גרם,false,,13.90,0.0348,true,1,113986
7290112495662,false,קרקר חיטה מלאה ופשתן בייגל בייגל 300 גרם,"מיוצר ע""י קוד יצרן A",IL,קרקר חיטה מלאה עם פש,גרמים,300.00,100 גרם,false,,9.90,0.0330,true,1,117100
7290112495747,false,רוטב צ''ילי מתוק כ 70% פחות סוכר 340 ג' קנור,יוניליוור ישראל מזון,IL,רוטב צ'ילי מופחת סוכ,גרמים,340.00,100 גרם,false,,12.90,0.0379,true,1,115468
7290112495754,false,"רטבי הלמנס לסלט 300 מ""ל אלף האיים",יוניליוור ישראל מזון,IL,הלמנס לסלט אלף האיים,גרמים,305.00,100 גרם,false,,12.90,0.0423,false,1,115466
7290112495785,false,רוטב לסלט שום הלמנס 300ג,יוניליוור ישראל מזון,IL,רוטב שום לסלט הלמנס,גרמים,300.00,100 גרם,false,,12.90,0.0430,true,1,115017
7290112495792,false,הלמנס רוטב לסלט שום לייט 300 גר',יוניליוור ישראל מזון,IL,רוטב שום לייט לסלט ה,גרמים,300.00,100 גרם,false,,12.90,0.0430,true,1,115018
7290112495808,false,"רטבי הלמנס לסלט 300 מ""ל חרדל ודבש",יוניליוור ישראל מזון,IL,הלמנס רוטב לסלט חרדל,גרמים,305.00,100 גרם,false,,12.90,0.0423,true,1,116018
7290112495815,false,רוטב סלט חרדל דבש לייט הלמנס 305ג',יוניליוור ישראל מזון,IL,הלמנס רוטב סלט חרדל,גרמים,305.00,100 גרם,false,,12.90,0.0423,true,1,116019
7290112495938,false,קרקר 6 דגנים בייגל בייגל 250 גרם,"מיוצר ע""י קוד יצרן A",IL,קרקר משפחתי 6 דגנים,גרמים,250.00,100 גרם,false,,9.90,0.0396,true,1,116132
7290112495976,false,פריכיות אורז מצופות שוקולד חלב 35 גרם,גוד פוד פרודקטס Sp.z,PL,פתית פריכיות תירס מצ,גרמים,35.00,100 גרם,false,,5.40,0.1543,true,1,116559
7290112495983,false,פרכיות פתיתבציפוי שוקולד חלב ושבבי קרמל מלוח 39 גר',גוד פוד פרודקטס Sp.z,PL,פתית פריכיות תירס שו,גרמים,39.00,100 גרם,false,,5.40,0.1385,true,1,116560
7290112496027,false,סירופ שוקולד 580 גרם-בקבוק,יוניליוור ישראל מזון,IL,אפיכל סירופ שוקולד 5,גרמים,580.00,100 גרם,false,,12.90,0.0222,true,1,115578
7290112496034,false,סירופ מייפל אפיכל 580 גרם,יוניליוור ישראל מזון,IL,סירופ מייפל 580 גר',גרמים,580.00,100 גרם,false,,12.90,0.0222,true,1,116326
7290112496218,false,קנור רוטב טריאקי הפחתה של מעל 50% סוכר ונתרן 310 ג',אתר חיפה 778 - Food,IL,רוטב טריאקי מופחת נת,גרמים,340.00,100 גרם,false,,12.90,0.0379,true,1,116014
7290112496270,false,"פתית צ'יפס תפו""א בתוספת עגבניות ועשבי תיבול 22 ג'",JLM גלובל פודס37 דרך,GB,"פתית צ'יפס תפו""א עם",גרמים,22.00,100 גרם,false,,4.90,0.2227,true,1,117421
7290112496287,false,פתית - צ'יפס בטטה בטעם טבעי 21 גרם,JLM גלובל פודס37 דרך,GB,פתית צ'יפס בטטה בטעם,גרמים,21.00,100 גרם,false,,4.90,0.2333,true,1,117422
7290112496294,false,חטיף פתית צ'יפס עם אפונה ירוקה צהובה וצ'ילי,JLM גלובל פודס37 דרך,GB,פתית צ'יפס עם אפונה,גרמים,22.00,100 גרם,false,,4.90,0.2227,true,1,117423
7290112496430,false,קנור נמס בכוס אקסטרה עגבניות+איטריות 37 גרם - רבנות,יוניליוור ישראל מזון,IL,נמס בכוס אקסטרה עגבנ,גרמים,37.00,100 גרם,false,,4.50,0.1216,false,1,165591
7290112496447,false,נמס בכוס אקסטרה טעם עוף עם המון אטריות 27ג',יוניליוור ישראל מזון,IL,נמס בכוס אקסטרה טעם,גרמים,27.00,100 גרם,false,,4.50,0.1667,false,1,165593
7290112496461,false,נמס בכוס אקסטרה מרק ירקות עם המון אטריות,יוניליוור ישראל מזון,IL,נמס בכוס אקסטרה ירקו,גרמים,32.00,100 גרם,false,,4.50,0.1406,false,1,165592
7290112497031,false,קנור רוטב עגבניות לקציצות 415 גרם,יוניליוור,IL,רוטב עגבניות לקציצות,גרמים,415.00,100 גרם,false,,13.90,0.0335,true,1,122528
7290112497123,false,תערובת להכנת מעדן בטעם סחלב,יוניליוור ישראל מזון,IL,סחלב קנור 112 גר',גרמים,112.00,100 גרם,false,,13.50,0.1205,true,1,119900
7290112497505,false,וזלין תחליב גוף בתוספת אלוורה 600 מל,וזלין Vaseline,US,וזלין תחליב גוף אלוו,מיליליטרים,600.00,"100 מ""ל",false,,27.90,0.0465,true,1,117424
7290112497727,false,פינוק בייבי אל סבון אל דמע לתינוקות 700,יוניליוור,IL,פינוק אל סבון לתינוק,מיליליטרים,700.00,"100 מ""ל",false,,14.90,0.0213,true,1,167779
7290112497864,false,אבקת מרק בטעם עוף רכיבים טבעיים 33% פחות נתרן 400 גרם,יוניליוור,IL,מרק עוף רכיביים טבעי,גרמים,400.00,100 גרם,false,,19.90,0.0497,true,1,120522
7290112497994,false,גרנולה פרוטאין בתוספת חלבון ואגוזים תלמה 300 ג',חטיפי העמק,IL,גרנולה פרוטאין בתוספ,גרמים,300.00,100 גרם,false,,14.90,0.0497,true,1,122066
7290112498007,false,גרנולה פרוטאין בתוספת חלבון שקדים וחמוציות תלמה 300 ג',חטיפי העמק,IL,גרנולה פרוטאין בתוספ,גרמים,300.00,100 גרם,false,,14.90,0.0497,true,1,122062
7290112498090,false,מרכך בתוספת שמן חוחבה 700 מ''ל פינוק,אתר ליוור - HPC,IL,פינוק מרכך שמן חוחוב,מיליליטרים,700.00,"100 מ""ל",false,,11.90,0.0170,false,1,119510
7290112498281,false,"אל סבון לידיים בתוספת שמן קוקוס פינוק 950 מ""ל",יוניליוור ישראל טיפו,TR,פינוק סבון ידיים נוז,מיליליטרים,950.00,"100 מ""ל",false,,13.90,0.0146,true,1,123050
7290112498298,false,"אל סבון ליידים בתוספת שמן מרוקאי פינוק 950 מ""ל",קוסטר אירוסול ולף סנ,TR,פינוק סבון ידיים נוז,מיליליטרים,950.00,"100 מ""ל",false,,13.90,0.0146,true,1,123051
7290112498441,false,רוטב אסייתי למוקפץ קנור 370 גרם,אתר חיפה 778 - Food,IL,רוטב אסייתי למוקפץ ק,גרמים,370.00,100 גרם,false,,12.90,0.0349,false,1,121982
7290112498526,false,פתית צ'יפס בטטה סגולה בטעם שמנת בצל 22 גרם,JLM גלובל פודס37 דרך,GB,פתית צ'יפס עם בטטה ס,גרמים,22.00,100 גרם,false,,4.90,0.2227,true,1,123040
7290112498748,false,מאגדת מיני סולרו ותות 350ג',"מיוצר ע""י גלידת שטרא",IL,מאגדת שלגונים מיני ס,גרמים,350.00,100 גרם,false,,25.90,0.0740,true,1,120773
7290112498885,false,מאגדת גודי'ז תותים ושוקולד לבן 235ג',מנדלז סי.אר. פרודקשן,IL,מאגדת גודי'ס תותים ו,גרמים,235.00,100 גרם,false,,25.90,0.1102,true,1,120999
7290112498915,false,מאגדת מיני מגנום שקדים מובחרים 250 ג',"מיוצר ע""י גלידת שטרא",IL,מאגדת מיני מגנום שקד,גרמים,250.00,100 גרם,false,,27.90,0.1116,true,1,122685
7290112498922,false,מאגדת מיני מגנום שוקולד לבן 250 ג',"מיוצר ע""י גלידת שטרא",IL,מאגדת מיני מגנום שוק,גרמים,250.00,100 גרם,false,,27.90,0.1116,true,1,122684
7290112499097,false,מאגדת מיני מגנום מריר INTENSE DARK,"מיוצר ע""י גלידת שטרא",IL,מיני מגנום מריר מאגד,גרמים,240.00,100 גרם,false,,27.90,0.1162,true,1,165517
7290112499103,false,קורנטו קליק וניל עוגיות 72 ג' שטראוס,שטראוס גרופ גלידות,IL,קורנטו קליק וניל עוג,גרמים,72.00,100 גרם,false,,6.90,0.0958,true,1,166981
7290112499127,false,שלגון גלידה שוקולד לבן ותות 77 גרם,"מיוצר ע""י גלידת שטרא",IL,מגנום שוקולד לבן תות,גרמים,77.00,100 גרם,false,,11.00,0.1429,true,1,165518
7290112499219,false,מאגדת מיני גודיז פיסטוק ושוקולד 235 ג' שטראוס,"גלידת שטראוס בע""מ, ר",IL,מאגדת שלגונים גודיס,גרמים,235.00,100 גרם,false,,25.90,0.1102,true,1,166823
7290112499226,false,גלידונית פיסטוק בננה 703 גרם,שטראוס גרופ גלידות,IL,גלידונית בננה פיסטוק,גרמים,630.00,100 גרם,false,,49.90,0.0792,false,1,168728
7290112499257,false,שלגון שוקובו עם ציפוי שוקולד לבן 85 גרם,שטראוס גרופ גלידות,IL,שלגון שוקובו שטראוס,גרמים,85.00,100 גרם,false,,9.00,0.1059,true,1,168841
7290112499448,false,"מרכך פינוק בתוספת שמן מרוקאי 700 מ""ל",יוניליוור ישראל טיפו,IL,פינוק מרכך שיער שמן,מיליליטרים,700.00,"100 מ""ל",false,,11.90,0.0170,false,1,122618
7290112499455,false,פינוק תחליב רחצה 700 בתוספת שמן מרוקאי,יוניליוור ישראל טיפו,IL,פינוק תחליב רחצה מרו,מיליליטרים,700.00,"100 מ""ל",false,,11.90,0.0170,false,1,122755
7290112499462,false,פינוק תחליב רחצה 700 בתוספת שמן קוקוס,יוניליוור ישראל טיפו,IL,פינוק תחליב רחצה שמן,מיליליטרים,700.00,"100 מ""ל",false,,11.90,0.0170,false,1,122679
7290112499493,false,"רקסונה - דאודורנט ספריי לאישה אלוורה 150 מ""ל",יונילוור ארגנטינה -,RU,דאודורנט רקסונה ספרי,מיליליטרים,150.00,"100 מ""ל",false,,14.90,0.0993,true,1,166531
7290112499639,false,טילון סופר מגנום וניל צ'יפ ושוקולד 110 ג',"מיוצר ע""י גלידת שטרא",IL,טילון סופר מגנום וני,גרמים,110.00,100 גרם,false,,11.00,0.1000,true,1,114436
7290112499677,false,מגנום וניל בציפוי שוקולד לבן,"מיוצר ע""י גלידת שטרא",IL,שלגון מגנום שוקולד ל,גרמים,85.00,100 גרם,false,,11.00,0.1294,true,1,114437
7290112499776,false,מאגדת גלידת גודיז שלגון אישי  240 ג',"גלידת שטראוס בע""מ, ר",IL,מאגדת גודיז,גרמים,297.00,100 גרם,false,,25.90,0.0872,true,1,115658
7290112499813,false,קרחון שרבט בטעם אבטיח פרווה 75 גרם,"גלידת שטראוס בע""מ, ר",IL,אסקימו אבטיח,גרמים,75.00,100 גרם,false,,2.50,0.0333,true,1,115097
7290112499837,false,מגנום דואט שוקולד עם נוגט 90 גרם,"מיוצר ע""י גלידת שטרא",IL,מגנום דואט שוקולד עם,גרמים,90.00,100 גרם,false,,11.00,0.1222,true,1,114438
7290112499844,false,מאגדת מיני מגנום דואט שוקולד עם נוגט 5 יח' שטראוס,"מיוצר ע""י גלידת שטרא",IL,מאגדת מיני מגנום דוא,גרמים,310.00,100 גרם,false,,27.90,0.0900,true,1,114435
7290112499929,false,מגנום שוקולד אימפלס פסח 120מל,"מיוצר ע""י גלידת שטרא",IL,שלגון מגנום שוקולד,גרמים,85.00,100 גרם,false,,11.00,0.1294,true,1,114428
7290112499936,false,מגנום שקדים אימפלס פסח 125מל,"מיוצר ע""י גלידת שטרא",IL,מגנום שקדים,גרמים,85.00,100 גרם,false,,11.00,0.1294,true,1,114429
7290112499943,false,מיני מאגדת מיני מגנום טעמים שונים וניל+שוקו,"מיוצר ע""י גלידת שטרא",IL,מאגדת מיני מגנום קלא,גרמים,250.00,100 גרם,false,,27.90,0.1116,true,1,114441
7290112938671,false,שלישיית גרביים,,,שלישיית גרביים,יחידה,0.00,יחידה,false,,12.90,0.0000,true,1,116057
7290112938725,false,גרביי גברים עקב,,,גרביי גברים עקב,יחידה,0.00,יחידה,false,,12.90,0.0000,true,1,115529
7290112960856,false,טילון אקסטרים מטבע שוקולד וריבת חלב 126 גר',שוורצקוף& הנקל דיסלד,IL,טילון ריבת חלב נסטלה,גרמים,115.00,100 גרם,false,,10.00,0.0870,true,1,110832
7290112961266,false,בייגלה כפיות פיזור איטלקי 300 ג' אסם,"אסם תעשיות בע""מ",IL,אסם בייגלה כפיות פיז,גרמים,300.00,100 גרם,false,,11.90,0.0397,true,1,110682
7290112961372,false,פיטנס חטיפי פריכיות דקות קינמון 60 גרם,"פרח תעשיות מזון בע""מ",IL,פיטנס חטיפי פריכיות,גרמים,60.00,100 גרם,false,,8.50,0.1417,true,1,109657
7290112961440,false,פיטנס חטיפי פריכיות שוקולד מריר 84 גרם,פרח תעשיות,IL,פיטנס בר פריכיות שוק,גרמים,84.00,100 גרם,false,,12.90,0.1536,true,1,115411
7290112961464,false,פיטנס חטיפי פריכיות דגנים וחומוס מתובלות,"פרח תעשיות מזון בע""מ",IL,חטיפי פריכיות פיטנס,גרמים,60.00,100 גרם,false,,8.50,0.1417,true,1,109658
7290112961754,false,עוגיות שוקולד ציפס עם קרם בטעם אגוזים,מיוצר עי קונדיטוריית,IL,עוגיות שוקוצ'יפס קרם,גרמים,220.00,100 גרם,false,,11.50,0.0523,true,1,109258
7290112962287,false,טבעול שווארמה טבעונית 6*450 גרם,מיוצר עי קונדיטוריית,IL,טבעול שווארמה טבעוני,גרמים,450.00,100 גרם,false,,31.00,0.0689,true,1,114614
7290112962546,false,ארטיק לה פרוטה מלון תפוח מאגדת 443 גר',שוורצקוף& הנקל דיסלד,IL,מאגדת לה פרוטה מלון,גרמים,443.00,100 גרם,false,,23.90,0.0540,true,1,109518
7290112962751,false,אוראו שלגון אימפלס 6,שוורצקוף& הנקל דיסלד,IL,שלגון אוראו אימפלס,גרמים,65.00,100 גרם,false,,9.90,0.1523,true,1,110252
7290112963321,false,גרטיפי בייגלה שטוח הכל ללא גלוטן 300 גר,מיוצר עי קונדיטוריית,IL,בייגלה גרפיטי שטוח ל,גרמים,300.00,100 גרם,false,,12.90,0.0430,true,1,116401
7290112963918,false,פיטנס חטיפי קרקר דק רוזמרין 140 גרם,נסטלה Nestle,IL,פיטנס קרקר דק רוזמרי,גרמים,140.00,100 גרם,false,,11.90,0.0850,true,1,111583
7290112964410,false,רוטב אוסם אלף האיים לסלט 290 ג' אסם,"אסם תעשיות בע""מ",IL,רוטב אלף האיים לסלט,מיליליטרים,290.00,"100 מ""ל",false,,12.00,0.0414,false,1,111561
7290112964434,false,"רוטב לסלט קיסר 295 מ""ל אסם","אסם תעשיות בע""מ",IL,רוטב קיסר לסלט אסם 2,מיליליטרים,295.00,"100 מ""ל",false,,12.00,0.0407,true,1,111562
7290112964458,false,רוטב ויניגרט חדש לסלט 295 גרם אסם,"אסם תעשיות בע""מ",IL,רוטב ויניגרט לסלט אס,מיליליטרים,295.00,"100 מ""ל",false,,12.00,0.0407,false,1,111564
7290112964472,false,"רוטב שום לסלט 290 מ""ל אסם","אסם תעשיות בע""מ",IL,רוטב שום לסלט אסם 29,מיליליטרים,290.00,"100 מ""ל",false,,12.00,0.0414,true,1,111563
7290112964564,false,"רוטב אלף האיים לייט לסלט 290 מ""ל אסם","אסם תעשיות בע""מ",IL,רוטב אלף האיים לייט,מיליליטרים,295.00,"100 מ""ל",false,,12.00,0.0407,false,1,111565
7290112964601,false,רוטב בנוסח סצ'ואן הסדרה האסייתית,"אסם תעשיות בע""מ",IL,רוטב בנוסח סצו'אן 29,מיליליטרים,290.00,"100 מ""ל",false,,13.90,0.0479,true,1,111424
7290112964625,false,רוטב שום לייט לסלט 310 גרם אסם,"אסם תעשיות בע""מ",IL,רוטב שום לייט לסלט א,מיליליטרים,310.00,"100 מ""ל",false,,12.00,0.0387,false,1,111566
7290112964724,false,טבעול המבורגר טבעוני 580 גרם,מיוצר עי קונדיטוריית,IL,המבורגר טבעוני טבעול,גרמים,580.00,100 גרם,false,,31.00,0.0534,true,1,112302
7290112965103,false,תבשיל קוסקוס עם ירקות 146 גרם אסם,אסם,IL,קוסקוס עם ירקות אסם,גרמים,146.00,100 גרם,false,,10.90,0.0747,true,1,114218
7290112965240,false,אוסם - מרק נמס עגבניות זוג 30 גרם * 2,"אסם תעשיות בע""מ",IL,זוג מרק נמס עגבניות,גרמים,44.00,100 גרם,false,,5.90,0.1341,true,1,112420
7290112965264,false,אוסם - מרק נמס אפונה זוג 26 גרם * 2,"אסם תעשיות בע""מ",IL,זוג מרק נמס אפונה אס,גרמים,30.00,100 גרם,false,,5.90,0.1967,true,1,112421
7290112965288,false,אוסם - מרק נמס ירקות זוג 28 גרם * 2,"אסם תעשיות בע""מ",IL,זוג מרק נמס ירקות אס,גרמים,30.00,100 גרם,false,,5.90,0.1967,true,1,112422
7290112965301,false,זוג מרק נמס בטעם עוף עם שקדי מרק רגע חם,"אסם תעשיות בע""מ",IL,זוג מרק נמס טעם עוף,גרמים,38.00,100 גרם,false,,5.90,0.1553,true,1,112416
7290112965325,false,תבשיל אורז ספרדי אוסם 140 גרם,"אסם תעשיות בע""מ",IL,אורז ספרדי אסם,גרמים,140.00,100 גרם,false,,10.90,0.0779,false,1,114217
7290112965585,false,פרפקטו פסטה קסרצה 500 גרם,אסם פרפקטו Perfecto,IL,פסטה קסרצה פרפקטו,גרמים,500.00,100 גרם,false,,7.70,0.0154,false,1,111879
7290112965684,false,פיטנס - חטיף מולטיגריין עשבי תיבול 25 גרם,מיוצר עי קונדיטוריית,IL,פיטנס חטיף מולטיגריי,גרמים,25.00,100 גרם,false,,4.90,0.1960,true,1,119327
7290112965707,false,פיטנס - חטיף מולטיגריין צילי מעודן 25 גרם,"אסם השקעות בע""מ",IL,פיטנס חטיף מולטיגריי,גרמים,25.00,100 גרם,false,,4.90,0.1960,true,1,119328
7290112965745,false,אוסם - ביסלי פריסטייל בצל מעושן 60 גרם,"אסם תעשיות בע""מ",IL,ביסלי פריסטייל בצל מ,גרמים,60.00,100 גרם,false,,4.70,0.0783,true,1,122476
7290112965783,false,אוסם - ביסלי פריסטייל על האש 60 גרם,"אסם תעשיות בע""מ",IL,ביסלי פריסטייל על הא,גרמים,60.00,100 גרם,false,,4.70,0.0783,true,1,122477
7290112965806,false,אוסם - ביסלי פריסטייל חמוץ חריף 60 גרם,"אסם תעשיות בע""מ",IL,ביסלי פריסטייל חמוץ,גרמים,60.00,100 גרם,false,,4.70,0.0783,true,1,122478
7290112965868,false,קרם קרקר במליחות מעודנת 250 גרם אסם,"אסם תעשיות בע""מ",IL,קרם קרקר במליחות מעו,גרמים,250.00,100 גרם,false,,8.50,0.0340,true,1,114177
7290112965905,false,בייגלה שמיניות במליחות מעודנת אסם 400 גר',מיוצר עי קונדיטוריית,IL,בייגלה אסם שמיניות ב,גרמים,400.00,100 גרם,false,,11.40,0.0285,true,1,114238
7290112965943,false,טבעול נאגטס ירקות ירוקים 6*500גרם,טבעול תעשיות מזון בע,IL,טבעול נאגטס ירקות יר,גרמים,500.00,100 גרם,false,,31.00,0.0620,true,1,116492
7290112965967,false,טבעול נאגטס ירקות כתומים 6*500גרם,טבעול תעשיות מזון בע,IL,טבעול נאגטס ירקות כת,גרמים,500.00,100 גרם,false,,31.00,0.0620,true,1,116493
7290112965981,false,טבעול גורמה ארוחת דגנים 450 גרם,טבעול (מקבוצת אסם הש,IL,טבעול גורמה ארוחת דג,גרמים,450.00,100 גרם,false,,33.90,0.0753,true,1,165694
7290112966001,false,"טבעול גורמה ארוחת ירוקים, 450 גרם",טבעול (מקבוצת אסם הש,IL,טבעול גורמה ארוחת יר,גרמים,450.00,100 גרם,false,,33.90,0.0753,true,1,165695
7290112966094,false,הבית עוגת תפוז מופחתת סוכר 400 גרם,מיוצר עי קונדיטוריית,IL,עוגת הבית תפוז מופחת,גרמים,400.00,100 גרם,false,,14.50,0.0363,false,1,114179
7290112966247,false,לחמית כוסמין 200 ג' אסם,"אסם תעשיות בע""מ",IL,לחמית כוסמין 200 גרם,גרמים,200.00,100 גרם,false,,10.50,0.0525,false,1,115979
7290112966445,false,במבה מתוקה אריזה גדולה 100 ג' אסם,"אסם תעשיות בע""מ",IL,במבה מתוקה 100 גר,גרמים,100.00,100 גרם,false,,8.00,0.0800,false,1,113341
7290112966803,false,אסם פודינג אינסטנט שוקולד 88 גרם,"אסם תעשיות בע""מ",IL,אינסטנט פודינג שוקול,גרמים,88.00,100 גרם,false,,5.90,0.0670,false,1,114220
7290112967114,false,פיטנס חטיפי פריכיות קטניות ופלפל 60 גרם,"פרח תעשיות מזון בע""מ",IL,פיטנס חטיפי פריכיות,גרמים,60.00,100 גרם,false,,8.50,0.1417,true,1,115412
7290112967381,false,פיטנס חטיפי פריכיות קטניות ומלח ים 60 גר',"פרח תעשיות מזון בע""מ",IL,פיטנס חטיפי פריכיות,גרמים,60.00,100 גרם,false,,8.50,0.1417,true,1,115413
7290112967848,false,אסם גלי תות שדה מופחת סוכר 90 גרם,מיוצר עי קונדיטוריית,IL,ג'לי תות שדה מופחת ס,גרמים,90.00,100 גרם,false,,6.60,0.0733,true,1,114222
7290112968203,false,צבר סלט טחינה בלאדי 6*250גרם,שוורצקוף& הנקל דיסלד,IL,סלט טחינה בלאדי צבר,גרמים,250.00,100 גרם,false,,10.90,0.0436,true,1,115302
7290112968449,false,סלט טחינה כרוב אדום 250 גרם,שוורצקוף& הנקל דיסלד,IL,סלט כרוב אדום צבר 25,גרמים,250.00,100 גרם,false,,10.90,0.0436,true,1,115303
7290112968524,false,צבר סלט חומוס גרגירים רכים 6*250גרם,שוורצקוף& הנקל דיסלד,IL,סלט חומוס סמיר צבר 2,גרמים,250.00,100 גרם,false,,10.90,0.0436,true,1,115304
7290112968807,false,פיטנס - קרקר דק סלק 140 גרם,מפעל אסם יקנעם,IL,פיטנס קרקר דק סלק,גרמים,140.00,100 גרם,false,,11.90,0.0850,true,1,120044
7290112968821,false,פיטנס - קרקר דק בטטה 140 גרם,מפעל אסם יקנעם,IL,פיטנס קרקר דק בטטה,גרמים,140.00,100 גרם,false,,11.90,0.0850,true,1,120047
7290112969903,false,טבעול נאגטס ירקות לבנים 6*500גרם,טבעול תעשיות מזון בע,IL,טבעול נאגטס ירקות לב,גרמים,500.00,100 גרם,false,,31.00,0.0620,true,1,116494
7290113192300,false,זיתים מושחרים חרוזית 275 גרם בית השיטה,בית השיטה,IL,זיתים חרוזית מושחר 2,גרמים,275.00,100 גרם,false,,9.90,0.0360,true,1,114442
7290113192317,false,טבעות זיתים מושחרים 280 גרם בית השיטה,בית השיטה,IL,טבעות זיתים מושחרים,גרמים,280.00,100 גרם,false,,10.90,0.0389,true,1,114443
7290113192324,false,בית השיטה זית ירוק א2 12*340גרם חדש,בית השיטה,IL,זיתים ירוקים מנזנילו,גרמים,340.00,100 גרם,false,,8.90,0.0262,true,1,114444
7290113192331,false,בית השיטה זית ירוק גדול א2 12*340ג חדש,בית השיטה,IL,זיתים ירוקים גדולים,גרמים,340.00,100 גרם,false,,9.90,0.0291,true,1,114445
7290113192348,false,זיתים ירוקים שלמים גדולים מאוד בטעם שום,בית השיטה,IL,זיתים ירוקים 17-19 ב,גרמים,340.00,100 גרם,false,,9.90,0.0291,true,1,114447
7290113192355,false,חרוזית זיתים ירוקים ללא גלעין 275 ג' בית השיטה,בית השיטה,IL,זיתים ירוקים חרוזית,גרמים,275.00,100 גרם,false,,9.90,0.0360,false,1,114448
7290113192362,false,זיתים ירוקים טבעות A2 בית השיטה 280 גרם,בית השיטה,IL,זיתים ירוקים טבעות 2,גרמים,280.00,100 גרם,false,,10.90,0.0389,true,1,114449
7290113192379,false,בית השיטה זיתים ירוקים מבוקעים א2 340גר',בית השיטה,IL,זיתים ירוקים מבוקעים,גרמים,340.00,100 גרם,false,,9.90,0.0291,true,1,114460
7290113192386,false,זיתים סורי מבוקע A2 בית השיטה 340ג',בית השיטה,IL,זיתים סורי מבוקע 340,גרמים,340.00,100 גרם,false,,10.90,0.0321,true,1,114461
7290113192393,false,קוקטייל זיתים A2 בית השיטה 336 גרם,בית השיטה,IL,קוקטייל זיתים 336 גר,גרמים,336.00,100 גרם,false,,11.90,0.0354,true,1,114462
7290113192478,false,בית השיטה מלפפונים במלח בינוני 10-12 320 גרם,בית השיטה,IL,מלפפון במלח 10-12 32,גרמים,320.00,100 גרם,false,,8.50,0.0266,false,1,114470
7290113192485,false,בית השיטה מלפפונים בחומץ בינוני 10-12 290 גרם,בית השיטה,IL,מלפפון בחומץ 10-12 2,גרמים,290.00,100 גרם,false,,8.50,0.0293,true,1,114471
7290113192492,false,בית השיטה מלפפונים בחומץ קטנים 1317 290 גרם,בית השיטה,IL,מלפפון בחומץ 13-17 2,גרמים,290.00,100 גרם,false,,10.90,0.0376,false,1,114472
7290113192508,false,בית השיטה מלפפונים במלח קטן 1317 320 גרם,בית השיטה,IL,מלפפון במלח 13-17 ב,גרמים,320.00,100 גרם,false,,10.90,0.0341,false,1,114473
7290113192515,false,בית השיטה מלפפונים במלח קטן מאוד 1825 320 גרם,בית השיטה,IL,מלפפון במלח 18-25 32,גרמים,320.00,100 גרם,false,,12.90,0.0403,true,1,114478
7290113192522,false,בית השיטה מלפפונים בחומץ קטן מאוד 1825 290 גרם,בית השיטה,IL,מלפפון בחומץ 18-25 2,גרמים,290.00,100 גרם,false,,12.90,0.0445,true,1,114479
7290113192539,false,בית השיטה מלפפונים במלח גדול 79 320 גרם,בית השיטה,IL,מלפפון במלח 7-9 320,גרמים,320.00,100 גרם,false,,6.90,0.0216,false,1,114480
7290113192546,false,בית השיטה מלפפונים בחומץ גדול 79 290 גרם,בית השיטה,IL,מלפפון בחומץ 7-9 290,גרמים,290.00,100 גרם,false,,6.90,0.0238,false,1,114481
7290113192553,false,בית השיטה מלפפונים במלח 13-17 בלדי 320 גר',בית השיטה,IL,מלפפון במלח בלדי 13-,גרמים,320.00,100 גרם,false,,10.90,0.0341,true,1,114482
7290113192560,false,בית השיטה פלפל שיפקה חריף כבוש 230 גרם,בית השיטה,IL,פלפל שיפקה 230 גרם,גרמים,230.00,100 גרם,false,,6.90,0.0300,true,1,114483
7290113192577,false,בית השיטה כרוב כבוש חתוך 430 גרם,בית השיטה,IL,כרוב כבוש 430 גרם,גרמים,430.00,100 גרם,false,,7.90,0.0184,false,1,114484
7290113192881,false,"טורטיה חיטה מופחת קלוריות, קוטר 20 ס""מ - 6 יח'",דין שיווק,TR,טורטיה חיטה מופחת קל,גרמים,270.00,100 גרם,false,,9.90,0.0367,true,1,164981
7290113192997,false,זית מרוקאי 340 גרם בית השיטה,בית השיטה,IL,בית השיטה זיתים מרוק,גרמים,340.00,100 גרם,false,,12.90,0.0379,false,1,115399
7290113193000,false,פלפל שיפקונית 230 גרם בית השיטה,שוורצקוף& הנקל דיסלד,IL,פלפל שיפקונית בית הש,גרמים,230.00,100 גרם,false,,12.90,0.0561,true,1,115403
7290113193017,false,קוקטייל זיתים 275 גרם בית השיטה,"אסם תעשיות בע""מ",IL,קוקטייל זיתים בית הש,גרמים,275.00,100 גרם,false,,12.90,0.0469,false,1,115400
7290113193031,false,חרוזית קלמטה - זיתים שחורים ללא גלעין קלמטה,שוורצקוף& הנקל דיסלד,IL,חרוזית קלמטה בית השי,גרמים,275.00,100 גרם,false,,12.90,0.0469,false,1,115397
7290113193321,false,"שמן זית כתית מעולה בית השיטה 750 מ""ל",בית השיטה,IL,שמן זית כתית מעולה 7,מיליליטרים,750.00,"100 מ""ל",false,,29.90,0.0399,false,1,115910
7290113193369,false,בית השיטה תרסיס שמן קנולה מזוכך 150 מל,פוד אירוסולס ספיין,ES,תרסיס שמן קנולה בית,מיליליטרים,150.00,"100 מ""ל",false,,13.90,0.0927,true,1,120837
7290113193406,false,"קוקטייל טבעות זיתים - זיתים ירוקים, שחורים מרינד",בית השיטה,IL,טבעות קוקטייל זיתים,גרמים,280.00,100 גרם,false,,12.90,0.0461,false,1,115891
7290113193888,false,חצילים מוחמצים 320 גרם בית השיטה,שוורצקוף& הנקל דיסלד,IL,בית השיטה חצילים מוח,גרמים,320.00,100 גרם,false,,11.90,0.0372,true,1,120071
7290113194090,false,בית השיטה טבעות זיתים קלמטה 280 גרם,בית השיטה,IL,טבעות זיתים קלמטה בי,גרמים,280.00,100 גרם,false,,12.90,0.0461,false,1,119064
7290113195042,false,מלפפון חמוץ במלח כבישה ביתית בית השיטה 750 גר',שוורצקוף& הנקל דיסלד,IL,בית השיטה מלפפון במל,גרמים,750.00,100 גרם,false,,26.90,0.0359,true,1,120412
7290113195356,false,שמן קנולה מזוכך זית השיטה 1 ליטר,בית השיטה,IL,שמן קנולה בית השיטה,ליטרים,1.00,ליטר,false,,12.90,12.9000,false,1,122688
7290113195363,false,שמן חמניות מזוכך זית השיטה 1 ליטר,בית השיטה,IL,שמן חמניות בית השיטה,ליטרים,1.00,ליטר,false,,13.90,13.9000,true,1,122693
7290113196414,false,"אורז בסמטי 1 ק""ג כחול מטאלי שקדיה",דאבה סינג שאם סינג,IN,"אורז בסמטי 1 ק""ג שקד",קילוגרמים,1.00,"ק""ג",false,,9.90,9.9000,true,1,164553
7290113196490,false,פריכיות כוסמת בתוספת זרעי ציה שקדיה 150 ג',זנבר המכללה לטבעונות,IL,פריכיות כוסמת בתוספת,גרמים,150.00,100 גרם,false,,9.90,0.0660,true,1,164551
7290113197800,false,בית השיטה פלפל קלוי 400 גרם,,,פלפל קלוי בית השיטה,גרמים,400.00,100 גרם,false,,11.90,0.0298,true,1,166871
7290113197817,false,בית השיטה חציל קלוי 670 גרם,בית השיטה,,חציל קלוי בית השיטה,גרמים,670.00,100 גרם,false,,11.90,0.0178,true,1,166872
7290113197824,false,בית השיטה לבבות דקל 220 דקל,,,בית השיטה לבבות דקל,גרמים,220.00,100 גרם,false,,9.90,0.0450,true,1,168155
7290113197855,false,תירס גמדי בית השיטה,,,בית השיטה תירס גמדי,גרמים,230.00,100 גרם,false,,9.90,0.0430,true,1,168156
7290113197923,false,בית השיטה טונה בשמן קנולה *4,בית השיטה עסיס תעשיו,IL,בית השיטה טונה בשמן,גרמים,392.00,100 גרם,false,,24.90,0.0635,false,1,168239
7290113198067,false,פקאן מצופה שוקולד לבן 150 גרם,"דין שיווק וקלייה בע""",IL,פקאן סיני מצופה שוקו,גרמים,150.00,100 גרם,false,,14.90,0.0993,true,1,164130
7290113198074,false,פקאן מצופה שוקולד שיש 150 גרם,"דין שיווק וקלייה בע""",IL,פקאן סיני מצופה שוקו,גרמים,150.00,100 גרם,false,,14.90,0.0993,true,1,164127
7290113199767,false,ממרח שקדים 300 גרם השקדיה,פפאיינס,TW,ממרח 100% שקדים,גרמים,300.00,100 גרם,false,,26.90,0.0897,true,1,167024
7290113199774,false,ממרח בוטנים 300 גרם השקדיה,פפאיינס,TW,ממרח 100% בוטנים,גרמים,300.00,100 גרם,false,,13.90,0.0463,true,1,167026
7290113199781,false,ממרח אגוזים ובוטנים 100% 200 גרם,פפאיינס,TW,ממרח 100% אגוזים ובו,גרמים,200.00,100 גרם,false,,14.90,0.0745,true,1,167025
7290113199798,false,ממרח 100% אגוזי קשיו,פפאיינס,TW,ממרח 100% אגוזי קשיו,גרמים,200.00,100 גרם,false,,21.90,0.1095,true,1,167027
7290113199880,false,טורטיה בתוספת קמח כוסמין ושיבולת שועל 360 ג' שקדיה,מוטלוקל,IL,טורטיה בתוספת קמח כו,מיליליטרים,360.00,"100 מ""ל",false,,9.90,0.0275,true,1,168342
7290113284999,false,מסכה לפנים חד פעמית,,,מסכה לפנים חד פעמית,יחידה,0.00,יחידה,false,,10.90,0.0000,true,1,119068
7290113300125,false,בונזו מקלות בקר 50 ג,"ביופט- מזון לבע""ח",CN,בונזו מקלות בקר,גרמים,50.00,100 גרם,false,,8.90,0.1780,true,1,118479
7290113300156,false,חטיף מקלות עוף בונזו 50 ג',"ביופט- מזון לבע""ח",CN,בונזו מקלות עוף,גרמים,50.00,100 גרם,false,,8.90,0.1780,true,1,118481
7290113300194,false,פאוצ' להקט עוף ברוטב 85 גר',"ביופט- מזון לבע""ח",FR,לה קט נתחוני עוף ברו,גרמים,85.00,100 גרם,false,,4.90,0.0576,true,1,118474
7290113300224,false,פאוצ' לה קט סלמון ברוטב 85 ג',"ביופט- מזון לבע""ח",CZ,לה קט נתחוני סלמון ב,גרמים,85.00,100 גרם,false,,4.90,0.0576,true,1,118475
7290113300231,false,פאוצ' לה קט בקר ג'לי 85 ג',"ביופט- מזון לבע""ח",CZ,לה קט נתחוני בקר בג',גרמים,85.00,100 גרם,false,,4.50,0.0529,true,1,118476
7290113300262,false,פאוצ' לה קט טונה ג'לי 85 ג',"ביופט- מזון לבע""ח",CZ,לה קט נתחונים עם טונ,גרמים,85.00,100 גרם,false,,4.90,0.0576,true,1,118477
7290113318885,false,"בקבוק שתייה מפלסטיק 500מ""ל - מתחת למים",,,בקבוק שתייה מפלסטיק,יחידה,0.00,יחידה,false,,24.90,0.0000,true,1,111779
7290113560055,false,פרודונטקס מי פה טיפול יומי לחניכיים 500,פרודונטקס Parodontax,GB,פרדונטקס מי פה 500 מ,מיליליטרים,500.00,"100 מ""ל",false,,29.90,0.0598,true,1,118135
7290113560109,false,פרודונטקס מ.שיניים בטעם צמחי 75 מל,פרודונטקס Parodontax,SK,פרדונטקס בטעם צמחי 7,מיליליטרים,75.00,"100 מ""ל",false,,30.90,0.4120,true,1,120374
7290114151566,false,"שמפו לכל סוגי השיער בוטני 500 מ""ל",אף.סי תבליני בגליל ב,IL,שמפו לכל סוגי השיער,מיליליטרים,500.00,"100 מ""ל",false,,19.90,0.0398,true,1,119747
7290114151573,false,"שמפו לשיער רגיל-שמן בוטני 500 מ""ל",אף.סי תבליני בגליל ב,IL,שמפו לשיער רגיל / שמ,מיליליטרים,500.00,"100 מ""ל",false,,19.90,0.0398,true,1,120000
7290114151580,false,"שמפו לשיער צבוע ויבש מאוד בוטני 500 מ""ל",,IL,שמפו לשיער צבוע ויבש,מיליליטרים,500.00,"100 מ""ל",false,,19.90,0.0398,true,1,120004
7290114151597,false,"שמפו לשיער רגיל-יבש בוטני 500 מ""ל",אף.סי תבליני בגליל ב,IL,שמפו לשיער רגיל/יבש,מיליליטרים,500.00,"100 מ""ל",false,,19.90,0.0398,true,1,119748
7290114151658,false,"סבון גוף לעור יבש בוטני 500 מ""ל",אף.סי תבליני בגליל ב,IL,סבון גוף לעור יבש Bo,מיליליטרים,500.00,"100 מ""ל",false,,19.90,0.0398,true,1,119752
7290114151665,false,"סבון ידיים שמן קוקוס עץ התה 500 מ""ל",אף.סי תבליני בגליל ב,IL,סבון ידיים קוקוס אלו,מיליליטרים,500.00,"100 מ""ל",false,,15.90,0.0318,true,1,119753
7290114151672,false,"סבון ידיים לעור יבש בוטני 500 מ""ל",אף.סי תבליני בגליל ב,IL,סבון ידיים לבנדר/ארג,מיליליטרים,500.00,"100 מ""ל",false,,15.90,0.0318,true,1,119754
7290114152181,false,סבון גוף תפוז מורינג,אף.סי תבליני בגליל ב,IL,סבון גוף תפוז מורינג,מיליליטרים,500.00,"100 מ""ל",false,,19.90,0.0398,true,1,119756
7290114154109,false,"מסיכה לשיער ללא מלחים בוטני 350 מ""ל",,IL,Botany מסיכת שיער לל,מיליליטרים,350.00,"100 מ""ל",false,,34.90,0.0997,true,1,122821
7290114154116,false,"מרכך ללא מלחים בוטני 500 מ""ל",,IL,Botany מרכך ללא מלחי,מיליליטרים,500.00,"100 מ""ל",false,,24.90,0.0498,true,1,122822
7290114154123,false,"מסיכה לשיער רגיל/יבש בוטני 350 מ""ל",,IL,Botany מסיכה לשיער ר,מיליליטרים,350.00,"100 מ""ל",false,,29.90,0.0854,true,1,122819
7290114154130,false,"שמפו ללא מלחים בוטני 500 מ""ל",,IL,Botany שמפו ללא מלחי,מיליליטרים,500.00,"100 מ""ל",false,,24.90,0.0498,true,1,122823
7290114154147,false,"מסיכה לשיער צבוע בוטני 350 מ""ל",,IL,Botany מסיכה לשיער צ,מיליליטרים,350.00,"100 מ""ל",false,,29.90,0.0854,true,1,122820
7290114310215,false,"**טרה שמנת מתוקה 38% 250 מ""ל בקבוק.",מילקו תעשיות בעמ,IL,"שמנת מתוקה 250 מ""ל 3",מיליליטרים,250.00,"100 מ""ל",false,,6.47,0.0259,true,1,116637
7290114310239,false,חלב טרה נטול לקטוז מועשר בוויטמין D 2% 1.5 ל',מילקו תעשיות בעמ,IL,חלב 2% דל לקטוז 1.5,ליטרים,1.50,ליטר,false,,11.90,7.9333,true,1,117339
7290114310338,false,צפתית מעודנת 5% 225 גר' משק צוריאל,מחלבת משק צוריאל,IL,צפתית 5% מעודנת 225,גרמים,225.00,100 גרם,false,,17.50,0.0778,true,1,120859
7290114310536,false,יוגורט לייט מעושר בחלבון בטעם וניל מולר 200 ג',מולר Muller,IL,יוגורט לייט מועשר 25,גרמים,200.00,100 גרם,false,,6.20,0.0310,true,1,121411
7290114310567,false,לאבנה עיזים 5% שומן 200 גרם,מחלבת משק צוריאל,IL,לאבנה עיזים 5% צוריא,גרמים,200.00,100 גרם,false,,14.90,0.0745,true,1,123631
7290114310611,false,"משקה חלב בננה בבקבוק פקק ספורט טרה 250 מ""ל",טרה,IL,משקה חלב בטעם בננה 2,מיליליטרים,250.00,"100 מ""ל",false,,5.50,0.0220,true,1,122168
7290114310895,false,סימפלי מולר מאגדת שמינייה מנגו תות 1.5% 150X8 גר',מולר Muller,IL,מאגדת שמינייה סימפלי,גרמים,1200.00,100 גרם,false,,31.90,0.0266,true,1,164647
7290114310901,false,גבינה לבנה טרה 5% 250 ג',טרה,IL,גבינה לבנה 250 גר' 5,גרמים,250.00,100 גרם,false,,4.98,0.0199,false,1,163734
7290114311038,false,שמנת מתוקה עמידה 32% 250מל בקבוק,מילקו,IL,שמנת מתוקה 32% בבקבו,מיליליטרים,250.00,"100 מ""ל",false,,6.90,0.0276,true,1,166696
7290114311069,false,יוגורט לבן מועשר בחלבון 0% שומן 200 גרם muller active,מולר Muller,IL,מולר אקטיב 25 גר' חל,גרמים,200.00,100 גרם,false,,5.80,0.0290,true,1,166006
7290114311298,false,יוגורט מולר פרופ בטעם תות בננה מלון 150,מולר Muller,IL,יוגורט מולר קציפת תו,גרמים,150.00,100 גרם,false,,5.30,0.0353,true,1,167810
7290114311304,false,יוגורט קציפת מנגו פסיפלורה בננה 150 ג' מולר,מולר Muller,IL,יוגורט מולר פרופ קצי,גרמים,150.00,100 גרם,false,,5.30,0.0353,true,1,167811
7290114311328,false,חלב נטול לקטוז 2% שומן מועשר בויטמין D,ג'י.אר.אמ.גרופו אלימ,IL,חלב נטול לקטוז מועשר,ליטרים,1.00,ליטר,false,,7.80,7.8000,false,1,167726
7290114311359,false,יוגורט עם קציפת מנגו 3% שומן פרופ 150 ג' מולר,מולר Muller,IL,יוגורט מולר קציפת מנ,גרמים,150.00,100 גרם,false,,5.30,0.0353,true,1,167809
7290114311434,false,מולר אקטיב יוגורט בטעם קרמל מלוח 200 גרם,מילקו,IL,מולר אקטיב בטעם קרמל,גרמים,200.00,100 גרם,false,,6.20,0.0310,true,1,168893
7290114311441,false,"מולר אקטיב בטעם עוגיות חמאה 0% שומן, 200 גרם",מילקו,IL,מולר אקטיב בטעם עוגי,גרמים,200.00,100 גרם,false,,6.20,0.0310,true,1,168894
7290114311458,false,"חלב מועשר 3% וויטמין קרטון, 1 ל טרה",טרה,IL,חלב 3% מועשר 1 ליטר,ליטרים,1.00,ליטר,false,,7.50,7.5000,false,1,168318
7290114311496,false,"חלב מועשר 1% שומן קרטון, 1 ל טרה",טרה,IL,חלב 1% מועשר 1 ליטר,ליטרים,1.00,ליטר,false,,7.50,7.5000,false,1,168317
7290114311502,false,"משקה חלב בקבוק בטעם סחלב, 1 ליטר",מילקו תעשיות בעמ,IL,משקה חלב בטעם סחלב 1,ליטרים,1.00,ליטר,false,,12.50,12.5000,true,1,168960
7290114600927,false,מאסטר שף עלי טורטייה חיטה מלאה 320 גרם,אלקאטי קורביישיסי גי,ES,מאסטר שף עלי טורטיה,גרמים,320.00,100 גרם,false,,9.90,0.0309,true,1,119580
7290114600941,false,מאסטר שף מיונז הולנדי לחיץ 435 גרם,רמיה סי.וי,NL,מאסטר שף מיונז לחיץ,מיליליטרים,435.00,"100 מ""ל",false,,12.90,0.0297,true,1,118034
7290114600989,false,"רוטב אלף האיים מאסטר שף 250 מ""ל",מאסטר שף,NL,מאסטר שף רוטב אלף הא,מיליליטרים,257.00,"100 מ""ל",false,,9.90,0.0385,true,1,118811
7290114600996,false,"רוטב שום מאסטר שף 250 מ""ל",מאסטר שף,NL,מאסטר שף רוטב שום,מיליליטרים,256.00,"100 מ""ל",false,,9.90,0.0387,true,1,118812
7290114602778,false,פרי סלייסים ציפס ירקות שורש 90 גרם,פלפר אפרטיבוס,ES,פרי סלייסים ירקות שו,גרמים,90.00,100 גרם,false,,12.90,0.1433,true,1,122523
7290114602785,false,פרי סלייסים ציפס בננה מלחו 90 גרם,פלפר אפרטיבוס,ES,פרי סלייסים ציפס בננ,גרמים,90.00,100 גרם,false,,12.90,0.1433,true,1,122522
7290114602853,false,FREE ילדודס חטיף תות,,,FREE ילדודס חטיף תות,גרמים,125.00,100 גרם,false,,16.50,0.1320,true,1,117934
7290114602952,false,פרי מיניס קרקר אפונה 120 ג',אפיפית,IL,פרי מיניס קרקר אפונה,גרמים,120.00,100 גרם,false,,10.90,0.0908,true,1,119864
7290114603034,false,"פרי גרנולה אגוזים צימוקים וחמוציות, 300 ג'","אפקט טבעי בע""מ",IL,פרי גרנולה אגוזים צי,גרמים,300.00,100 גרם,false,,13.90,0.0463,true,1,120042
7290114603041,false,"פרי גרנולה בוטנים אגוזים וקוקוס, 300 ג'","אפקט טבעי בע""מ",IL,פרי גרנולה בוטנים אג,גרמים,300.00,100 גרם,false,,13.90,0.0463,true,1,120043
7290114603508,false,"רוטב להקצפה מאסטר שף 300 מ""ל",סיטי פוד,TH,מאסטר שף רוטב להקפצה,מיליליטרים,300.00,"100 מ""ל",false,,7.90,0.0263,true,1,119543
7290114603515,false,רוטב קארי אדום מאסטר שף 340 ג',תאי סופרים,TH,מאסטר שף רוטב קארי א,גרמים,340.00,100 גרם,false,,14.90,0.0438,true,1,120762
7290114603539,false,קרוטונים למרק שום בצל מאסטר שף 350 גרם,מאסטר שף,IL,מאסטר שף קרוטונים למ,גרמים,350.00,100 גרם,false,,18.90,0.0540,true,1,119267
7290114603768,false,"מארז אג'קס כלורון נוזל לניקוי אסלות 750 מ""ל*2 יח'",cp,FR,"אג'קס שירותים 750 מ""",מיליליטרים,1500.00,"100 מ""ל",false,,24.90,0.0166,true,1,117760
7290114604840,false,"דפי אורז מאסטר שף קוטר 16 ס""מ 400 גרם",מאסטר שף,,מאסטר שף דפי אורז 16,גרמים,400.00,100 גרם,false,,12.90,0.0323,true,1,120814
7290114604857,false,"דפי אורז מאסטר שף קוטר 22 ס""מ 400 גרם",מאסטר שף,VN,מאסטר שף דפי אורז 22,גרמים,400.00,100 גרם,false,,12.90,0.0323,true,1,120657
7290114604864,false,מאסטר שף קוסקוס דק 350 גרם,דוידוביץ,IL,מאסטר שף קוסקוס דק 3,גרמים,350.00,100 גרם,false,,5.90,0.0169,true,1,119954
7290114604871,false,מאסטר שף קוסקוס בינוני 350 גרם,דוידוביץ,IL,מאסטר שף קוסקוס בינו,גרמים,350.00,100 גרם,false,,5.90,0.0169,true,1,119955
7290114604895,false,ממרח ספייסי לחיץ מאסטר שף 446 גרם,מאסטר שף,NL,מאסטר שף ממרח ספייסי,גרמים,446.00,100 גרם,false,,12.90,0.0289,true,1,122739
7290114604901,false,ממרח שום לחיץ מאסטר שף 444 גרם,מאסטר שף,NL,מאסטר שף ממרח שום לח,גרמים,444.00,100 גרם,false,,12.90,0.0291,true,1,122738
7290114604925,false,מאסטר שף קרם קוקוס לייט 400 גרם,"תאי קוקונאט חברה בע""",TH,קרם קוקוס לייט מאסטר,מיליליטרים,400.00,"100 מ""ל",false,,8.90,0.0223,true,1,164566
7290114604932,false,רוטב ברביקיו דבש מאסטר שף 520 ג',רמיה סי.וי. הולנד,NL,מאסטר שף רוטב ברביקי,גרמים,520.00,100 גרם,false,,12.90,0.0248,true,1,122381
7290114604949,false,מאסטר שף רוטב ברביקיו 524 גרם,רמיה סי.וי. הולנד,NL,מאסטר שף רוטב ברביקי,גרמים,524.00,100 גרם,false,,12.90,0.0246,true,1,122380
7290114604963,false,פירורי לחם מתובלים מאסטר שף 230 גרם,מאסטר שף,IL,מאסטר שף פירורים מתו,גרמים,230.00,100 גרם,false,,6.90,0.0300,true,1,122085
7290114606530,false,רוטב בטעם מיונז וקטשופ מאסטר שף 515 גרם,מאסטר שף,NL,מאסטר שף רוטב בטעם מ,גרמים,515.00,100 גרם,false,,12.90,0.0250,true,1,122792
7290114606547,false,מיונז פטריות כמהין לחיץ מאסטר שף 242 גרם,מאסטר שף,NL,מיונז עם פטריות כמהי,גרמים,242.00,100 גרם,false,,12.90,0.0533,true,1,122908
7290114606554,false,מיונז מופחת קלוריות בקבוק לחיץ,מאסטר שף,NL,מאסטר שף ממרח ספייסי,גרמים,470.00,100 גרם,false,,12.90,0.0274,true,1,122791
7290114606561,false,מאסטר שף אטריות אורז דקות ורמיצ'לי 400 ג,ליינג טונג רייס פלוו,TH,מאסטר שף איטריות אור,גרמים,400.00,100 גרם,false,,7.90,0.0198,true,1,164275
7290114606578,false,שקדי מרק מאסטר שף 400 גרם,שסטוביץ,IL,שקדי מרק מאסטר שף,גרמים,400.00,100 גרם,false,,9.90,0.0248,true,1,163652
7290114606592,false,רוטב סויה מסורתית 46% פולי סויה מאסטר שף 620 ג',קריניציה ויטמינה אס,TH,סויה מסורתית מאסטר ש,מיליליטרים,620.00,"100 מ""ל",false,,15.90,0.0256,true,1,163930
7290114606608,false,רוטב סויה מסורתי מאסטר שף 620 גר,קריניציה ויטמינה אס,TH,סויה דל נתרן מאסטר ש,מיליליטרים,620.00,"100 מ""ל",false,,15.90,0.0256,true,1,163931
7290114607391,false,"קולגייט משחת לילדים ברבי 2-5 שנים, 75 מ""ל",קולגייט פלמוליב,PL,קולגייט משחת ילדים ב,מיליליטרים,75.00,"100 מ""ל",false,,15.90,0.2120,true,1,123504
7290114608169,false,פרי גרנולה קפה וקקאו עם אגוזים 300 גר',"אפקטבעי בע""מ",IL,פרי גרנולה קפה וקקאו,גרמים,300.00,100 גרם,false,,13.90,0.0463,true,1,164799
7290114608633,false,"דפי אצה מאסטר שף, 25 גרם",מאסטר שף,,מאסטר שף דפי אצה,גרמים,25.00,100 גרם,false,,12.90,0.5160,true,1,165459
7290114608640,false,קרוטונים לסלט כוסמין מאסטר שף 260 גרם,עינת תעשיות מזון אגו,IL,מאסטר שף קרוטונים לס,גרמים,260.00,100 גרם,false,,18.90,0.0727,true,1,164028
7290114608657,false,סילאן טבעי מאסטר שף,,AE,מאסטר שף סילאן,גרמים,700.00,100 גרם,false,,18.90,0.0270,true,1,123959
7290114608664,false,סילאן לחיץ מאסטר שף 680 גרם,,AE,מאסטר שף סילאן לחיץ,גרמים,680.00,100 גרם,false,,20.90,0.0307,true,1,123960
7290114608671,false,סילאן לחיץ מאסטר שף 470 גרם,מאסטר שף,AE,מאסטר שף סילאן לחיץ,גרמים,470.00,100 גרם,false,,14.90,0.0317,true,1,123961
7290114608695,false,מיונז עם ווסאבי לחיץ מאסטר שף 241 גרם,רמיה סי.וי,NL,מיונז עם ווסאבי מאסט,גרמים,241.00,100 גרם,false,,12.90,0.0535,true,1,164565
7290114750813,false,דאו גילט קליר גל Cool Wave מארז זוג לגברלגבר,פרוקטר אנד גמבל,GB,דאודורנט קליר ג'ל C,יחידה,0.00,יחידה,false,,28.90,0.0000,false,1,117849
7290114750820,false,גילט קליר דאורדורנט גל ארטיק אייס 2יח,פרוקטר אנד גמבל,GB,דאודורנט קליר ג'ל A,יחידה,0.00,יחידה,false,,28.90,0.0000,true,1,117850
7290115071481,false,6 מטבעות שוקולד באריזת רשת 31 גר LOL,שמחה זה אנחנו,NL,מטבעות שוקולד ברשת L,גרמים,31.00,100 גרם,false,,3.90,0.1258,true,1,120740
7290115071498,false,מטבעות שוקולד ברשת פי גיי 31 גר,,NL,מטבעות שוקולד ברשת כ,גרמים,31.00,100 גרם,false,,3.90,0.1258,true,1,120749
7290115071504,false,6 מטבעות שוקולד באריזת רשת 31 גר סמי הכב,שמחה זה אנחנו,NL,מטבעות שוקולד ברשת ס,גרמים,31.00,100 גרם,false,,3.90,0.1258,true,1,120750
7290115071535,false,מטבעות שוקולד ברשת מפרץ הרפתקאות 31 גר,,NL,מטבעות שוקולד ברשת מ,גרמים,31.00,100 גרם,false,,3.90,0.1258,true,1,120753
7290115079371,false,בקבוק נירוסטה דופן כ,,,בקבוק נירוסטה דופן כ,יחידה,0.00,יחידה,false,,39.00,0.0000,true,1,164225
7290115079395,false,בקבוק נירוסטה דופן כ,,,בקבוק נירוסטה דופן כ,יחידה,0.00,יחידה,false,,39.00,0.0000,true,1,164228
7290115120714,false,חטיף באדי סנאק עוף מיובשים 80 ג',,,חטיף באדי סנאק עוף,גרמים,80.00,100 גרם,false,,12.90,0.1613,true,1,122594
7290115120769,false,חטיף באדי סנאק מקלות בשר 80 ג',,,חטיף באדי סנאק מקלות,גרמים,80.00,100 גרם,false,,12.90,0.1613,true,1,122596
7290115120790,false,חטיף באדי סנאק נתחי ברווז 80 ג',,,חטיף לכלב באדי סנאק,גרמים,80.00,100 גרם,false,,12.90,0.1613,true,1,122835
7290115120813,false,חטיף באדי סנאק נתחי סלומון 80 ג',,,חטיף באדי סנאק נתחי,גרמים,80.00,100 גרם,false,,12.90,0.1613,true,1,122836
7290115120967,false,"חבל נשיכה דנטלי לכלב 25 ס""מ",,,חבל נשיכה דנטלי לכלב,יחידה,0.00,יחידה,false,,12.90,0.0000,true,1,164039
7290115180251,false,יחידות טבק לחימום אמבר PP קרטוש,פיליפ מוריס,,יחידות טבק לחימום אמ,יחידה,0.00,יחידה,false,,27.00,0.0000,false,1,120501
7290115180268,false,יחידות טבק לחימום צהוב PP,פיליפ מוריס,IL,יחידות טבק לחימום צה,יחידה,0.00,יחידה,false,,27.00,0.0000,false,1,120502
7290115180305,false,יחידות טבק לחימום אמבר PP,,,פקט יחידות טבק לחימו,יחידה,0.00,יחידה,false,,265.00,0.0000,false,1,120506
7290115180688,false,יחידות טבק לחימום סגול PP,,,יחידות טבק לחימום סג,יחידה,0.00,יחידה,false,,27.00,0.0000,false,1,120512
7290115190007,false,סיגריות PPמרלבורו רד,פיליפ מוריס,,פקט מרלבורו רד PP,יחידה,0.00,יחידה,false,,340.00,0.0000,false,1,118981
7290115190014,false,סיגריות מרלבורו רד קצר בוקס,פיליפ מוריס,,מרלבורו רד PP חפיסה,יחידה,0.00,יחידה,false,,34.50,0.0000,false,1,118946
7290115190038,false,סיגריות מרלבורו רד קצר סופט,פיליפ מוריס,,מרלבורו רד סופט PP ח,יחידה,0.00,יחידה,false,,32.50,0.0000,false,1,118947
7290115190045,false,מרלבורו פלייבור מיקס PP קרטוש,פיליפ מוריס,,פקט מרלבורו פלייבור,יחידה,0.00,יחידה,false,,340.00,0.0000,false,1,118976
7290115190052,false,סיגריות מרלבורו מדיום פלייבור מיקס,פיליפ מוריס,,מרלבורו פלייבור מיקס,יחידה,0.00,יחידה,false,,34.50,0.0000,false,1,118942
7290115190076,false,סיגריות מרלבורו גולד ארוך 100 בוקס,פיליפ מוריס,,מרלבורו גולד 100 PP,יחידה,0.00,יחידה,false,,34.50,0.0000,false,1,119716
7290115190083,false,מרלבורו גולד קצר פאקט,פיליפ מוריס,,פקט מרלבורו גולד PP,יחידה,0.00,יחידה,false,,340.00,0.0000,false,1,118979
7290115190090,false,סיגריות מרלבורו גולד קצר בוקס,פיליפ מוריס,,מרלבורו גולד PP חפיס,יחידה,0.00,יחידה,false,,34.50,0.0000,false,1,118943
7290115190113,false,מרלבורו גולד קצר קופסא סופט,פיליפ מוריס,,מרלבורו גולד סופט PP,יחידה,0.00,יחידה,false,,32.50,0.0000,false,1,118944
7290115190120,false,מרלבורו גולד פיין טאצ' פאקט,פיליפ מוריס,,פקט מרלבורו פיין טאץ,יחידה,0.00,יחידה,false,,300.00,0.0000,false,1,118982
7290115190137,false,מלבורו פיין טאצ 7.1 חפיסה,פיליפ מוריס,,מרלבורו פיין טאץ' P,יחידה,0.00,יחידה,false,,31.00,0.0000,false,1,118948
7290115190144,false,מרלבורו גולד טאצ' פאקט,פיליפ מוריס,,פקט מרלבורו טאץ' PP,יחידה,0.00,יחידה,false,,300.00,0.0000,false,1,118983
7290115190151,false,מלבורו גולד טאצ 7.1 חפיסה,פיליפ מוריס,,מרלבורו טאץ' PP חפיס,יחידה,0.00,יחידה,false,,31.00,0.0000,false,1,118949
7290115190175,false,פרלמנט סופר סלימס קופסא,פיליפ מוריס,,פרלמנט סופר סלימס PP,יחידה,0.00,יחידה,false,,40.00,0.0000,false,1,118934
7290115190182,false,פרלמנט נייט 100 PP קרטוש,פיליפ מוריס,,פקט פרלמנט נייט 100P,יחידה,0.00,יחידה,false,,392.00,0.0000,false,1,120483
7290115190199,false,סיגריות פרלמנט (חפיס,פיליפ מוריס,,פרלמנט נייט 100PP,יחידה,0.00,יחידה,false,,40.00,0.0000,false,1,120484
7290115190205,false,פרלמ נט בלו 100 PP קרטוש,פיליפ מוריס,,פקט פרלמנט בלו 100 P,יחידה,0.00,יחידה,false,,392.00,0.0000,false,1,118966
7290115190212,false,פרלמנט ארוך בלו RCB קופסא,פיליפ מוריס,,פרלמנט בלו 100 PP חפ,יחידה,0.00,יחידה,false,,40.00,0.0000,false,1,118936
7290115190236,false,סיגריות פרלמנט קצר בלו,פיליפ מוריס,,פרלמנט בלו PP חפיסה,יחידה,0.00,יחידה,false,,40.00,0.0000,false,1,118937
7290115190250,false,סיגריות פרלמנט נייטP,פיליפ מוריס,,פרלמנט נייט PP חפיסה,יחידה,0.00,יחידה,false,,40.00,0.0000,false,1,118938
7290115190274,false,סיגריות פרלמנט סילבר,פיליפ מוריס,,פרלמנט סילבר PP חפיס,יחידה,0.00,יחידה,false,,40.00,0.0000,false,1,118939
7290115190328,false,ל.מ. בלו לייבל ארוך פאקט,פיליפ מוריס,,פקט ל.מ בלו 100 PP,יחידה,0.00,יחידה,false,,300.00,0.0000,false,1,120485
7290115190335,false,ל.מ.בלו לייבל ארוך בוקס חפיסה,פיליפ מוריס,,ל.מ בלו 100 PP,יחידה,0.00,יחידה,false,,31.00,0.0000,false,1,120490
7290115190342,false,LM בלו לייבל קצר פאקט,פיליפ מוריס,,פקט ל.מ. בלו PP,יחידה,0.00,יחידה,false,,300.00,0.0000,false,1,118953
7290115190359,false,L&M בלו לייבל קצר-חפיסה,פיליפ מוריס,,ל.מ. בלו PP חפיסה,יחידה,0.00,יחידה,false,,31.00,0.0000,false,1,118925
7290115190373,false,סיגריות ל.מ. קפסולהP,פיליפ מוריס,,ל.מ. קפסולה PP חפיסה,יחידה,0.00,יחידה,false,,31.00,0.0000,false,1,118929
7290115190397,false,סיגריות LM רד לייבל קצר,פיליפ מוריס,,ל.מ. רד PP חפיסה,יחידה,0.00,יחידה,false,,31.00,0.0000,false,1,118926
7290115190410,false,ל.מ. סילבר לייבל חפיסה,פיליפ מוריס,,ל.מ. סילבר PP חפיסה,יחידה,0.00,יחידה,false,,31.00,0.0000,false,1,118930
7290115190427,false,אל אם וייב סלימס פאק,פיליפ מוריס,IL,פקט ל.מ. וייב PP,יחידה,0.00,יחידה,false,,300.00,0.0000,false,1,118957
7290115190434,false,סיגריות LM לייט וייב סלימס,פיליפ מוריס,IL,ל.מ. וייב PP חפיסה,יחידה,0.00,יחידה,false,,31.00,0.0000,false,1,118927
7290115190458,false,סיגריות נקסט אדג בוד,פיליפ מוריס,,נקסט אדג' חפיסה,יחידה,0.00,יחידה,false,,26.50,0.0000,false,1,119896
7290115190465,false,נקסט פיין אדג PP קרטוש,פיליפ מוריס,,נקסט פיין אדג' פקט,יחידה,0.00,יחידה,false,,260.00,0.0000,false,1,120393
7290115190472,false,סיגריות נקסט פיין אדג',פיליפ מוריס,,נקסט פיין אדג' חפיסה,יחידה,0.00,יחידה,false,,26.50,0.0000,false,1,120392
7290115190496,false,סיגריות נקסט פיין 10,פיליפ מוריס,IL,נקסט פיין 100,יחידה,0.00,יחידה,false,,29.50,0.0000,false,1,120495
7290115190519,false,סיגריות נקסט פיין חפ,פיליפ מוריס,,נקסט פיין PP חפיסה,יחידה,0.00,יחידה,false,,29.50,0.0000,false,1,118931
7290115190533,false,סיגריות נקסט כחול ארוך,פיליפ מוריס,,נקסט פיין ריסס ארוך,יחידה,0.00,יחידה,false,,27.50,0.0000,false,1,119938
7290115190540,false,סיגריות נקסט ריסס קצ,פיליפ מוריס,,פקט נקסט ריסס קצר PP,יחידה,0.00,יחידה,false,,268.00,0.0000,false,1,118959
7290115190571,false,סיגריות נקסט לילךPP,פיליפ מוריס,,נקסט לילך PP חפיסה,יחידה,0.00,יחידה,false,,29.50,0.0000,false,1,118932
7290115190588,false,נקסט אוריגינל PP קרטוש,פיליפ מוריס,,פקט נקסט אוריג'ינל P,יחידה,0.00,יחידה,false,,290.00,0.0000,false,1,118961
7290115190595,false,סיגריות נקסט אוריגינ,פיליפ מוריס,,נקסט אוריג'ינל PP חפ,יחידה,0.00,יחידה,false,,29.50,0.0000,false,1,118933
7290115190632,false,טבק מרלבורו גולד 30 גרם חפיסה,פיליפ מוריס,,טבק מרלבורו גולד,יחידה,0.00,יחידה,false,,75.90,0.0000,false,1,120498
7290115190656,false,טבק נקסט פיין 40 גרם חפיסה,פיליפ מוריס,,טבק נקסט פיין 5 PP,יחידה,0.00,יחידה,false,,80.00,0.0000,false,1,119930
7290115190892,false,מרלבורו פיוזן קפסולה חפיסה,פיליפ מוריס,IL,מרלבורו פיוז'ן קפסו,יחידה,0.00,יחידה,false,,28.50,0.0000,false,1,123199
7290115190977,false,מרלבורו טאצ' אדום קופסא,פיליפ מוריס,TR,מרלבורו טאץ אדום בוד,יחידה,0.00,יחידה,false,,31.00,0.0000,false,1,167423
7290115191035,false,מרלבורו סאמר ספלאש קופסא,פיליפ מוריס,RS,מרלבורו סאמר ספלאש ח,יחידה,0.00,יחידה,false,,31.00,0.0000,false,1,166788
7290115200003,false,אסם פתי בר פינוקי וניל 220 גרם,תאי פרזידנט פוד פאבל,PL,פתיבר פינוקי וניל אס,גרמים,220.00,100 גרם,false,,10.90,0.0495,true,1,118127
7290115200027,false,פתי בר פינוקי שוקו 220 גר' אסם.,דיקסר,PL,פתיבר פינוקי שוקו אס,גרמים,220.00,100 גרם,false,,10.90,0.0495,true,1,118128
7290115200676,false,עוגיות קרמוגית במילוי קרם בטעם קרמל מלוח,היינץ צפון אמריקה מק,IL,אסם קרמוגית קרמל מלו,גרמים,200.00,100 גרם,false,,11.50,0.0575,true,1,119144
7290115200713,false,במבה קלאסי מארז אחיד 8 50*5 ג',אסם,IL,מארז במבה,גרמים,250.00,100 גרם,false,,12.90,0.0516,true,1,117812
7290115200881,false,בייגלה אסם שטוחים שומשום במליחות מעודנת 300 גר,"אסם תעשיות בע""מ",IL,בייגלה שטוחים שומשום,גרמים,300.00,100 גרם,false,,11.90,0.0397,true,1,120373
7290115201031,false,אסם פתי בר דובי שוקולד 175 גרם,טרופיקל דגיל תעשיות,PL,פתיבר דובי שוקולד,גרמים,175.00,100 גרם,false,,10.90,0.0623,true,1,121730
7290115201475,false,טבעול גורמה לביבות כרישה 434 גרם,טבעול (מקבוצת אסם הש,IL,טבעול גורמה לביבות כ,גרמים,434.00,100 גרם,false,,33.90,0.0781,true,1,165936
7290115201536,false,טבעול גורמה לביבות כרובית ותפוא 442 גרם,עיצובים 2020 (4.8),IL,טבעול גורמה לביבות כ,גרמים,442.00,100 גרם,false,,33.90,0.0767,true,1,165937
7290115201550,false,ביסלי קרנבל מיקס 150 ג' אסם,פרו מן יו פתרונות אר,IL,ביסלי קרנבל מיקס 150,גרמים,150.00,100 גרם,false,,9.00,0.0600,false,1,119132
7290115201680,false,ביסלי בטעם ברביקיו 70 ג' אסם,"אסם תעשיות בע""מ",IL,ביסלי ברביקיו 70 גרם,גרמים,70.00,100 גרם,false,,4.70,0.0671,false,1,119133
7290115201703,false,ביסלי בטעם ברביקיו 200 ג' אסם,מיוצר עי קונדיטוריית,IL,ביסלי ברביקיו 200 גר,גרמים,200.00,100 גרם,false,,9.00,0.0450,false,1,119134
7290115201741,false,ביסלי בטעם בצל 70 גרם,"אסם תעשיות בע""מ",IL,ביסלי בצל 70 גרם,גרמים,70.00,100 גרם,false,,4.70,0.0671,false,1,119136
7290115202212,false,טבעול גורמה לביבות סלק 434 גרם,עיצובים 2020 (4.8),IL,טבעול גורמה לביבות ס,גרמים,434.00,100 גרם,false,,33.90,0.0781,true,1,165938
7290115202236,false,טבעול טופו קראנצים 470 גרם,עיצובים 2020 (4.8),IL,טבעול טופו קראנצ'ים,גרמים,470.00,100 גרם,false,,31.00,0.0660,false,1,123409
7290115202250,false,טבעול טופו קראנצים צ'ילי פיקנטי 470 גרם,עיצובים 2020 (4.8),IL,טבעול טופו קראנצ'ים,גרמים,470.00,100 גרם,false,,31.00,0.0660,false,1,123410
7290115202434,false,צבר סלט חומוס עם זעתר 375 גרם,ג'נרל מילס סאן אדריא,IL,צבר חומוס זעתר,גרמים,375.00,100 גרם,false,,12.00,0.0320,true,1,120907
7290115202786,false,מנה חמה פאוצ נדלס.אטר.טעם בקר 70 גרם,אסם,IL,מנה חמה פאוצ' בקר,גרמים,70.00,100 גרם,false,,4.40,0.0629,true,1,121900
7290115202816,false,מנה חמה פאוצ נדלס.אטר.טעם עוף 70 גרם,אסם,IL,מנה חמה פאוצ' עוף,גרמים,70.00,100 גרם,false,,4.40,0.0629,true,1,121901
7290115202847,false,מנה חמה פאוצ' נדלס ספייסי אסם 70 ג',אסם,IL,מנה חמה פאוצ' נודלס,גרמים,70.00,100 גרם,false,,4.40,0.0629,true,1,121902
7290115202939,false,מנה חמה רייס נודלס עוף פטריות 50 ג' אסם,מיוצר עי קונדיטוריית,TH,מנה חמה רייס נודלס ע,גרמים,50.00,100 גרם,false,,8.50,0.1700,true,1,164498
7290115203134,false,פופקו פופקורן במבה 80 ג' אסם,"אסם תעשיות בע""מ",IL,פופקו פופקורן במבה,גרמים,80.00,100 גרם,false,,5.30,0.0662,false,1,122479
7290115203172,false,במבה PRO מכיל 18 גרם חלבון בשקית,"אסם תעשיות בע""מ",IL,במבה פרו 80 גר',גרמים,80.00,100 גרם,false,,5.00,0.0625,false,1,167463
7290115203295,false,פרפקטו פסטה ריציאולי מהדורה 12*500גרם,אסם פרפקטו Perfecto,IT,פרפקטו פסטה ריציאולי,גרמים,500.00,100 גרם,false,,11.50,0.0230,false,1,121894
7290115203486,false,אסם פירורית בטעם ביסלי גריל 200 גרם,עינת תעשיות מזון אגו,IL,פירורית בטעם ביסלי ג,גרמים,200.00,100 גרם,false,,6.00,0.0300,false,1,122485
7290115203806,false,"רוטב בסיס לבישול אסם 290 מ""ל","אסם תעשיות בע""מ",IL,רוטב בסיס לבישול אסם,מיליליטרים,290.00,"100 מ""ל",false,,13.90,0.0479,true,1,163723
7290115204018,false,מנה חמה איטלקי פסטה בסגנון אלפרדו 60 ג' אסם,"אסם תעשיות בע""מ",IL,מנה חמה איטלקי פסטה,גרמים,60.00,100 גרם,false,,6.70,0.1117,false,1,122753
7290115204056,false,אסם קטשופ 56% פחות סוכר 690 גרם,"אסם תעשיות בע""מ",IL,קטשופ אסם מופחת סוכר,גרמים,690.00,100 גרם,false,,11.00,0.0159,false,1,122876
7290115204155,false,צבר סחוג אדום 6*190גרם חדש,צבר,IL,צבר סחוג אדום,גרמים,190.00,100 גרם,false,,12.90,0.0679,true,1,165234
7290115204186,false,פסטו המעדינה של צבר,צבר,IL,צבר פסטו,גרמים,190.00,100 גרם,false,,16.90,0.0889,true,1,165101
7290115204261,false,אריסה חריפה המעדנייה,צבר,IL,צבר אריסה,גרמים,190.00,100 גרם,false,,12.90,0.0679,true,1,165266
7290115205022,false,אוסם - שקדי מרק מקלונים 350 גרם,"אסם תעשיות בע""מ",IL,שקדי מרק מקלונים אסם,גרמים,350.00,100 גרם,false,,10.90,0.0311,false,1,163733
7290115205176,false,פיטנס - קרקר דק כפרי פיטנס 140 גרם,נסטלה Nestle,IL,פיטנס קרקר דק כפרי,גרמים,140.00,100 גרם,false,,11.90,0.0850,true,1,164146
7290115205251,false,פיטנס בר פריכיות קרמל מלוח 84 גרם,פרח תעשיות,,פיטנס בר פריכיות קרמ,גרמים,84.00,100 גרם,false,,12.90,0.1536,true,1,168043
7290115205312,false,קרקר פיטנס דק עם זיתי קלמטה ועשבי תיבול,"אסם השקעות בע""מ",IL,פיטנס קרקר זיתים,גרמים,140.00,100 גרם,false,,11.90,0.0850,true,1,166712
7290115205527,false,חטיף פיטנס מולטיגריין עם עדשים 25 גרם,פיטנס,IL,פיטנס חטיף מולטגריין,גרמים,25.00,100 גרם,false,,4.90,0.1960,true,1,166864
7290115205541,false,חטיף פיטנס מולטיגריין עם חומוס 25 גרם,"אסם השקעות בע""מ",IL,פיטנס חטיף מולטיגריי,גרמים,25.00,100 גרם,false,,4.90,0.1960,true,1,166865
7290115206531,false,אסם קרמוגית במילוי קרם בייגלה 12*200 גרם,אסם-נסטלה,IL,קרמוגית קרם בייגלה,גרמים,200.00,100 גרם,false,,11.50,0.0575,true,1,163926
7290115207507,false,צבר סלט טורקי 6*360גרם,ג'נרל מילס סאן אדריא,IL,צבר סלט טורקי,גרמים,360.00,100 גרם,false,,15.90,0.0442,true,1,165104
7290115207620,false,"רוטב בסגנון סויה קלאסי 290 מ""ל אסם","אסם תעשיות בע""מ",IL,רוטב בסגנון סויה קלא,מיליליטרים,290.00,"100 מ""ל",false,,13.90,0.0479,true,1,166521
7290115207682,false,"אסם רוטב בסגנון סויה סיני 290 מ""ל","אסם תעשיות בע""מ",IL,רוטב סויה בסגנון סינ,מיליליטרים,290.00,"100 מ""ל",false,,12.00,0.0414,true,1,166519
7290115207798,false,טבעול המבורגר חריף טבעוני 420 גרם,עיצובים 2020 (4.8),IL,טבעול בורגר חריף טבע,גרמים,420.00,100 גרם,false,,31.00,0.0738,true,1,166718
7290115207941,false,ויטמינצ'יק תרכיז אננס 1 ליטר,בית-השיטה עסיס תעשיו,IL,ויטמינצ'יק אננס 1 לי,ליטרים,1.00,ליטר,false,,21.90,21.9000,false,1,165279
7290115207965,false,ויטמינצ'יק תרכיז מנגו אפרסק 1 ליטר,בית-השיטה עסיס תעשיו,IL,ויטמינצ'יק מנגו אפרס,ליטרים,1.00,ליטר,false,,21.90,21.9000,false,1,165281
7290115207989,false,ויטמינצ'יק תרכיז לימון 1 ליטר,בית-השיטה עסיס תעשיו,IL,ויטמינצ'יק לימון 1 ל,ליטרים,1.00,ליטר,false,,21.90,21.9000,false,1,165394
7290115208009,false,ויטמינצ'יק תרכיז ענבים 1 ליטר,בית-השיטה עסיס תעשיו,IL,ויטמינצ'יק ענבים 1 ל,ליטרים,1.00,ליטר,false,,21.90,21.9000,false,1,165288
7290115208047,false,ויטמינצ'יק תרכיז פטל 1 ליטר,בית-השיטה עסיס תעשיו,IL,ויטמינצ'יק פטל 1 ליט,ליטרים,1.00,ליטר,false,,21.90,21.9000,false,1,165280
7290115208061,false,ויטמינצ'יק תרכיז תפוח 1 ליטר,בית השיטה עסיס תעשיו,IL,ויטמינצ'יק תפוח 1 לי,ליטרים,1.00,ליטר,false,,21.90,21.9000,false,1,165282
7290115208320,false,אפרופו חטיף בטעם ביסלי בצל 50 גרם,"אסם תעשיות בע""מ",IL,אפרופו בטעם ביסלי בצ,גרמים,50.00,100 גרם,false,,5.20,0.1040,false,1,168668
7290115208344,false,אסם בייגלה כפיות שמנת בצל 300 גרם,אסם,IL,בייגלה כפיות שמנת בצ,גרמים,300.00,100 גרם,false,,11.90,0.0397,false,1,167611
7290115208597,false,אסם קרמוגית מיניס קרמל מלוח 200 גרם,"אסם השקעות בע""מ",IL,אסם קרמוגית מיניס קר,גרמים,200.00,100 גרם,false,,11.50,0.0575,true,1,167468
7290115208801,false,לחמית דבש ואגוזים 190ג אסם,אסם,IL,לחמית דבש ואגוזים,גרמים,200.00,100 גרם,false,,10.50,0.0525,true,1,167610
7290115208849,false,"מנה חמה פסטה מוקרמת ט.עוף בד""צ 55גר","אסם תעשיות בע""מ",IL,מנה חמה פירה עם בטטה,גרמים,51.00,100 גרם,false,,6.70,0.1314,false,1,168662
7290115209198,false,במבה אורירית 80 ג' אסם,"אסם תעשיות בע""מ",IL,במבה אוורירית 80 גר,גרמים,80.00,100 גרם,false,,5.20,0.0650,false,1,166861
7290115209235,false,פתי בר קפה 500 גרם אסם,"אסם תעשיות בע""מ",IL,אסם פתי בר קפה,גרמים,500.00,100 גרם,false,,14.00,0.0280,false,1,168046
7290115209358,false,במבה במילוי קרם בטעם בראוניז,"אסם תעשיות בע""מ",IL,במבה במילוי בראוניז,גרמים,60.00,100 גרם,false,,5.30,0.0883,true,1,168665
7290115209372,false,במבה במילוי בראוניז 150ג' אסם,"אסם תעשיות בע""מ",IL,במבה במילוי בראוניז,גרמים,150.00,100 גרם,false,,9.60,0.0640,false,1,168666
7290115250503,false,קרקר כוסמין שום ועשבי תיבול שקית 225 גרם,"מאפיית פת במלח בע""מ",IL,קרקר כוסמין שום ועשב,גרמים,225.00,100 גרם,false,,21.90,0.0973,true,1,168485
7290115251227,false,קרקר חומוס מתובל פתפ,"מאפיית פת במלח בע""מ",IL,קרקר חומוס מתובל פת,גרמים,225.00,100 גרם,false,,21.90,0.0973,true,1,168486
7290115252354,false,וירו מנת קינואה ים תיכוני 470 גרם,,PE,וירו - מנת קינואה בס,גרמים,470.00,100 גרם,false,,11.90,0.0253,true,1,164544
7290115252460,false,מקלות כוסמין פתפותים,"מאפיית פת במלח בע""מ",IL,מקלות כוסמין פתפותים,גרמים,200.00,100 גרם,false,,19.90,0.0995,true,1,121888
7290115252538,false,פאי אגוזי מלך ומייפל,,,פאי אגוזי מלך ומייפל,גרמים,400.00,100 גרם,false,,44.90,0.1122,true,1,168484
7290115252552,false,פאי אגוזים טבעוני פ,פתפותים,IL,פאי אגוזים טבעוני פ,גרמים,400.00,100 גרם,false,,44.90,0.1122,true,1,122371
7290115252798,false,עוגיות כוסמין חמאה פ,,,עוגיות כוסמין חמאה פ,גרמים,200.00,100 גרם,false,,18.90,0.0945,true,1,168414
7290115252927,false,דובשניות כוסמין פתפו,,,דובשניות כוסמין פתפו,גרמים,180.00,100 גרם,false,,15.90,0.0883,true,1,168413
7290115259230,false,מרציפן פיסטוק Fenste,,,מרציפן פיסטוק Fenste,גרמים,40.00,100 גרם,false,,9.90,0.2475,true,1,121493
7290115259421,false,מרציפן דובדבן בציפוי,,,מרציפן דובדבן בציפוי,גרמים,40.00,100 גרם,false,,9.90,0.2475,true,1,168523
7290115480023,false,קפסולות ג'ל כביסה 45 יח' סוד,הנקל,RS,סוד קפסולות ג'ל 45 י,יחידה,0.00,יחידה,false,,39.90,0.0000,true,1,167134
7290115670677,false,גרנולה פירות טרופיים אנרגי 400 גרם,,CZ,גרנולה אנרג'י פירות,גרמים,400.00,100 גרם,false,,14.90,0.0373,true,1,122072
7290115670684,false,גרנולה שיבולת שועל עם אגוזי לוז,אנרג'י Energy - שטראוס,CZ,גרנולה אנרג'י אגוזים,גרמים,400.00,100 גרם,false,,14.90,0.0373,true,1,122073
7290115670691,false,גרנולה שיבולת שועל עם פירות יער,אנרג'י Energy - שטראוס,CZ,גרנולה אנרג'י פירות,גרמים,400.00,100 גרם,false,,14.90,0.0373,true,1,122075
7290115670707,false,גרנולה שיבולת שועל עם שוקולד ואגוזי לוז,אנרג'י Energy - שטראוס,CZ,גרנולה אנרג'י שוקול,גרמים,400.00,100 גרם,false,,14.90,0.0373,true,1,122074
7290115671155,false,שלישיית סוכריות FRESH ענבים 45 ג' בזוקה,הליקון גידה,TR,שלישיית סוכריות פרש,גרמים,45.00,100 גרם,false,,9.50,0.2111,true,1,165162
7290115671223,false,מסטיק מאסט פאן בצנצנת אבטיח מנגו,אסקום קונפקשיין,DE,מאסט פאן אבטיח מנגו,גרמים,58.00,100 גרם,false,,9.90,0.1707,true,1,165160
7290115671308,false,מסטיק מאסט פאן בצנצנת תות דובדבן,אסקום קונפשטיין,DE,מאסט פאן תות דובדבן,גרמים,58.00,100 גרם,false,,9.90,0.1707,true,1,165161
7290115671339,false,מיני פינוקיות בראוניז בייגל בוטן עלית 180 ג' עלית,הגביע מוצרי ופלים בע,IL,מיני פינוקיות בראוני,גרמים,180.00,100 גרם,false,,11.50,0.0639,true,1,123548
7290115671346,false,מיני פינוקיות טופי קרמל מלוח 180 ג' עלית,הגביע מוצרי ופלים בע,IL,מיני פינוקיות טופי ק,גרמים,180.00,100 גרם,false,,11.50,0.0639,true,1,123549
7290115671353,false,מיני פינוקיות עוגיות קקאו במילוי קרם בטעם וניל,הגביע,IL,מיני פינוקיות שחור ל,גרמים,180.00,100 גרם,false,,11.50,0.0639,true,1,165167
7290115671421,false,פולי אספרסו עשירים וארומטיים עוצמה 10 250 ג' עלית,שטראוס קפה בי.וי,IL,פולי אספרסו עשירים ו,גרמים,250.00,100 גרם,false,,21.90,0.0876,false,1,165897
7290115674743,false,BREADZ פיתה מלח ים 170 גרם,"אלאדין בייקרס בע""מ",US,פיתה מלח ים 170 גר',גרמים,170.00,100 גרם,false,,12.90,0.0759,true,1,164985
7290115675559,false,מארז קפה טורקי לדרך 10 יחידות,שטראוס קפה בי.וי.,IL,מארז קפה טורקי לדרך,גרמים,70.00,100 גרם,false,,8.50,0.1214,false,1,121779
7290115675696,false,דגני בוקר קראנצ'ים שיבולת שועל עם אגוזים ושקדים,גלידות שטראוס,IL,קוואקר Cruesli אגוזי,גרמים,375.00,100 גרם,false,,19.90,0.0531,true,1,123579
7290115675702,false,דגני בוקר קראנצ'ים שיבולת שועל עם פירות מיובשים,גלידות שטראוס,IL,קוואקר Cruesli פירות,גרמים,375.00,100 גרם,false,,19.90,0.0531,true,1,123580
7290115675986,false,יוגורט עם אגוזי לוז ושקדים בקרמל מלוח 4.5%,"שטראוס בריאות בע""מ",IL,דנונה קראנצ אגוזים מ,גרמים,173.00,100 גרם,false,,4.60,0.0266,false,1,120676
7290115676037,false,דנונה ריפרש יוגורט עם תות ודומדמניות 1.6% שומן,מיוצר עי קונדיטוריית,IL,דנונה ריפרש תות דומד,גרמים,250.00,100 גרם,false,,5.50,0.0220,true,1,122583
7290115676051,false,"אקטיביה משקה+שיבולת שועל במתיקות מעודנת 250 מ""ל",מיוצר עי קונדיטוריית,IL,משקה אקטיביה עם שיבו,גרמים,265.00,100 גרם,false,,4.90,0.0185,true,1,164154
7290115676082,false,משקה דנונה פרו 20 יוגורט תות 255 ג' רבנות,"שטראוס בריאות בע""מ.",IL,משקה דנונה פרו תות,גרמים,255.00,100 גרם,false,,6.90,0.0271,true,1,122586
7290115676099,false,משקה דנונה פרו 20 יוגורט וניל 255 ג' רבנות,"שטראוס בריאות בע""מ.",IL,משקה דנונה פרו וניל,גרמים,255.00,100 גרם,false,,6.90,0.0271,true,1,122587
7290115676273,false,אבקת קקאו 500 גרם +10% עלית,שטראוס גרופ,IL,קקאו 500 גרם +10% תו,גרמים,550.00,100 גרם,false,,26.90,0.0489,true,1,121998
7290115677089,false,קונפיטורת יד מרדכי תפוח וקינמון 340 גרם,"בית אל מזון בע""מ",IL,קונפיטורה תפוח וקינמ,גרמים,340.00,100 גרם,false,,13.90,0.0409,true,1,123625
7290115677140,false,תפוצ'יפס WAVY פפריקה 200 גרם,שטראוס פריטו ליי בע”,IL,תפוצ'יפס בטעם פפריקה,גרמים,200.00,100 גרם,false,,10.90,0.0545,false,1,168713
7290115677362,false,נודלס טריאקי דלישס 350 גרם,"טרופיקל דגיל בע""מ אז",IL,נודלס טריאקי דלישס,גרמים,350.00,100 גרם,false,,23.90,0.0683,true,1,163900
7290115677409,false,אורז קארי צהוב עם ירקות ברוטב קארי וקרם קוקוס,אוכל ביתי ניר עציון,IL,אורז קארי צהוב דלישס,גרמים,350.00,100 גרם,false,,23.90,0.0683,true,1,163902
7290115677423,false,אורז ירוק קארי חריף חריף דלישס 350 גרם,"טרופיקל דגיל בע""מ אז",IL,אורז קארי ירוק חריף,גרמים,350.00,100 גרם,false,,23.90,0.0683,true,1,163903
7290115677966,false,ממרח אבוקדו 200 ג' שטראוס,ג'י. אר. סימפלוט,MX,ממרח אבוקדו 200 גרם,גרמים,200.00,100 גרם,false,,13.90,0.0695,true,1,163940
7290115678376,false,מעדן הגולן שוקולד 125 גרם,מיוצר עי קונדיטוריית,IL,מעדן הגולן שוקולד,גרמים,125.00,100 גרם,false,,2.80,0.0224,false,1,123619
7290115678383,false,מעדן הגולן שוקולד מריר 125 גרם,מיוצר עי קונדיטוריית,IL,מעדן הגולן מריר,גרמים,125.00,100 גרם,false,,2.80,0.0224,false,1,123620
7290115678598,false,חסה אייסברג חיתוך גס,שטראוס גרופ,IL,חסה אייסברג חיתוך גס,גרמים,300.00,100 גרם,false,,9.90,0.0330,true,1,164331
7290115678635,false,נשנושי גבינה -גבינת שמנת 16%+כעכים שטוחים עם מלח,"מחלבת טבע עז בע""מ",IL,נשנושי גבינה 16% עם,גרמים,67.00,100 גרם,false,,10.00,0.1493,false,1,167445
7290115678888,false,שוקולית טופי קרמל 500 ג' עלית,שטראוס גרופ,IL,שוקולית טופי קרמל,גרמים,500.00,100 גרם,false,,15.90,0.0318,false,1,166583
7290115678970,false,מארז סוכריות FRESH בטעם בזוקה עלית 3*15 ג',הליקון גידה,TR,סוכריות FRESH בטעם ב,גרמים,45.00,100 גרם,false,,9.50,0.2111,true,1,123624
7290115679762,false,שייק פירות צהוב דליש,סיבהפרוסט,BE,דלישס שייק פירות צהו,גרמים,300.00,100 גרם,false,,21.00,0.0700,true,1,168688
7290115679779,false,שייק פירות אדום דליש,סיבהפרוסט,BE,דלישס שייק פירות אדו,גרמים,300.00,100 גרם,false,,21.00,0.0700,true,1,168689
7290115732429,false,קערות קסרול גרניט לב,,,קערות קסרול גרניט לב,יחידה,0.00,יחידה,false,,11.90,0.0000,true,1,166447
7290115732658,false,צלחות עלים דקל בנוני,,,צלחות עלים דקל בנוני,יחידה,0.00,יחידה,false,,6.90,0.0000,true,1,121021
7290115732900,false,כוס גרנית לשתיה קרה,,,כוס גרנית לשתיה קרה,יחידה,0.00,יחידה,false,,14.90,0.0000,true,1,121190
7290115732924,false,כוס גרניט לשתיה קרה,,,כוס גרניט לשתיה קרה,יחידה,0.00,יחידה,false,,14.90,0.0000,true,1,121547
7290115732948,false,כוס גרנית לשתיה קרה,,,כוס גרנית לשתיה קרה,יחידה,0.00,יחידה,false,,14.90,0.0000,true,1,121192
7290115733129,false,קופסית עוגה אינגליש,,,קופסית עוגה אינגליש,יחידה,0.00,יחידה,false,,7.90,0.0000,true,1,163842
7290115733136,false,קופסת עוגה תבנית גדו,,,קופסת עוגה תבנית גדו,יחידה,0.00,יחידה,false,,11.00,0.0000,true,1,163843
7290115733631,false,קופסאות ומכסים רב פע,,,קופסאות ומכסים רב פע,יחידה,0.00,יחידה,false,,8.90,0.0000,true,1,123907
7290115733648,false,קופסאות ומכסים רב פע,,,קופסאות ומכסים רב פע,יחידה,0.00,יחידה,false,,8.90,0.0000,true,1,123906
7290115733655,false,קופסאות ומכסים רב פע,,,קופסאות ומכסים רב פע,יחידה,0.00,יחידה,false,,8.90,0.0000,true,1,123908
7290115735017,false,צלחת 7 קיסר לבן זהב,,,צלחת 7 קיסר לבן זהב,יחידה,0.00,יחידה,false,,18.90,0.0000,true,1,123882
7290115735024,false,צלחת 7 קיסר שחור כסף,,,צלחת 7 קיסר שחור כסף,יחידה,0.00,יחידה,false,,17.90,0.0000,true,1,124039
7290115735086,false,צלחת 8.5 קיסר לבן זה,,,צלחת 8.5 קיסר לבן זה,יחידה,0.00,יחידה,false,,24.90,0.0000,true,1,123883
7290115735161,false,צלחת 10 קיסר לבן זהב,,,צלחת 10 קיסר לבן זהב,יחידה,0.00,יחידה,false,,34.90,0.0000,true,1,123881
7290115735192,false,צלחת 10 קיסר שחור כס,,,צלחת 10 קיסר שחור כס,יחידה,0.00,יחידה,false,,34.90,0.0000,true,1,124050
7290115735246,false,מרקיה קיסר לבן זהב,,,מרקיה קיסר לבן זהב,יחידה,0.00,יחידה,false,,24.90,0.0000,true,1,123885
7290115735321,false,לפתניות קיסר לבן זהב,,,לפתניות קיסר לבן זהב,יחידה,0.00,יחידה,false,,12.90,0.0000,true,1,123886
7290115735352,false,לפתן קיסר שחור כסף,,,לפתן קיסר שחור כסף,יחידה,0.00,יחידה,false,,11.90,0.0000,true,1,124042
7290115735598,false,כוסות קרטון שתיה חמה 8B 40 יח',,,כוסות נייר 40 יח',יחידה,0.00,יחידה,false,,7.50,0.0000,true,1,165393
7290115736984,false,"קופסה קשיחה 500 מ""ל",,,"קופסה קשיחה 500 מ""ל",יחידה,0.00,יחידה,false,,47.90,0.0000,true,1,165544
7290115739060,false,מגש אירוח והגשה +ידי,,,מגש אירוח והגשה +ידי,יחידה,0.00,יחידה,false,,10.00,0.0000,true,1,168197
7290115739114,false,מגש אירוח והגשה מעץ,,,מגש אירוח והגשה מעץ,יחידה,0.00,יחידה,false,,11.90,0.0000,true,1,168200
7290116130750,false,אשכולות שוקולד מריר,,,אשכולות שוקולד מריר,גרמים,120.00,100 גרם,false,,12.90,0.1075,true,1,168670
7290116244051,false,אצבעות שוקולד חלב 84 גרם LOL,,NL,אצבעות שוקולד חלב LO,גרמים,84.00,100 גרם,false,,7.90,0.0940,true,1,165821
7290116244068,false,אצבעות שוקולד חלב 84 גר'-כוח פי גיי,,NL,אצבעות שוקולד חלב כו,גרמים,84.00,100 גרם,false,,7.90,0.0940,true,1,165824
7290116244075,false,סמי הכבאי אצבעות שוקולד חלב 84 גרם,,NL,אצבעות שוקולד חלב סמ,גרמים,84.00,100 גרם,false,,7.90,0.0940,true,1,165826
7290116244082,false,מפרץ הרפתקאות אצבעות שוקולד חלב 84 גרם,,NL,אצבעות שוקולד חלב מפ,גרמים,84.00,100 גרם,false,,7.90,0.0940,true,1,165827
7290116530062,false,הלמנס רוטב ויניגרט לסלט 295 גרם,אתר חיפה ממרחים - Fo,IL,הלמנס לסלט ויניגרט 2,גרמים,295.00,100 גרם,false,,12.90,0.0437,true,1,123480
7290116530109,false,חטיף קליק נוגט ציפוי שוקולד לבן 35 גרם,"טחנת האבן תעשיות בע""",IL,קליק אוקיי נוגט לבן,גרמים,35.00,100 גרם,false,,5.00,0.1429,true,1,163763
7290116530161,false,"תחליב רחצה בניחוח שייק אננס, מלון וחלב שיבולת שועל",יוניליוור ישראל טיפו,IL,פינוק תחליב רחצה אננ,מיליליטרים,700.00,"100 מ""ל",false,,11.90,0.0170,false,1,122616
7290116530185,false,דגני בוקר דלישקד קרמל מלוח 400 ג' תלמה,יוניליוור שפע ישראל,IL,דלישקד 400 גר' תלמה,גרמים,400.00,100 גרם,false,,19.90,0.0497,false,1,163988
7290116530239,false,אקס דאו סטיק לגבר בלאק 7 גרם,יוניליוור,US,אקס בלאק סטיק,גרמים,77.00,100 גרם,false,,15.90,0.2065,false,1,122613
7290116530482,false,תלמה מארז קורנפלקס אלופים 30 גרם*5 יחידו,פרו מן-יו פתרנות ארי,IL,מאגדת קורנפלקס אלופי,גרמים,150.00,100 גרם,false,,11.90,0.0793,false,1,163989
7290116530871,false,מיקס נשנושים 240 ג' בייגל בייגל,בייגל בייגל BB,IL,נשנושים מיקס 240 גר',גרמים,240.00,100 גרם,false,,13.50,0.0563,true,1,122751
7290116530888,false,ג'ל לכביסה לבנה וצבעונית פינוק כחול בדין 2.5 ל',"זוהר דליה, קיבוץ דלי",IL,בדין ג'ל לכביסה פינו,ליטרים,2.50,ליטר,false,,29.90,11.9600,true,1,123428
7290116530895,false,"תרסיס ריחני למייבש כביסה פינוק כחול בדין 500 מ""ל","זוהר דליה, קיבוץ דלי",TR,בדין תרסיס למייבש פי,מיליליטרים,500.00,"100 מ""ל",false,,19.50,0.0390,true,1,123421
7290116531021,false,"שוקולד חלב ורד הגליל 100 גרם כשל""פ",יוניליוור ישראל מזון,IL,שוקולד חלב 100 גר' ו,גרמים,100.00,100 גרם,false,,5.90,0.0590,true,1,164217
7290116531090,false,דג-דג חטיף אפוי במליחות מעודנת 250 גרם,בייגל את בייגל מזון,IL,דגדג במליחות מעודנת,גרמים,250.00,100 גרם,false,,11.50,0.0460,true,1,165219
7290116531496,false,דגני בוקר קינמונים 375 ג' תלמה,נאוג'אזיס נווזיס UAB,LT,קינמונים 375 גר',גרמים,375.00,100 גרם,false,,19.90,0.0531,false,1,166764
7290116531557,false,"פריכיות פתית תירס עם מלח 150 גרם כשל""פ",גוד פוד פרודקטס,PL,מאגדת פתית פריכיות ת,גרמים,150.00,100 גרם,false,,13.90,0.0927,true,1,166082
7290116531564,false,מאגדת פתית פריכיות תירס דקות עם קינואה ובזיליקום 150 ג',גוד פוד פרודקטס,PL,מאגדת פתית פריכיות ק,גרמים,150.00,100 גרם,false,,13.90,0.0927,true,1,166083
7290116531762,false,בדין דפי מרכך למייבש כביסה ורוד 40 יחיד,"קלינטסט - 3p ארה""ב",US,בדין דפים למייבש ורו,יחידה,0.00,יחידה,false,,18.90,0.0000,true,1,166674
7290116531779,false,בדין דפי מרכך למייבש כביסה כחול 40 יחיד,"קלינטסט - 3p ארה""ב",US,בדין דפי מרכך כחול 4,יחידה,0.00,יחידה,false,,18.90,0.0000,true,1,166890
7290116531793,false,הלמנס רוטב לסלט קיסר 295 גרם,יוניליוור ישראל מזון,IL,הלמנס רוטב לסלט קיסר,גרמים,295.00,100 גרם,false,,12.90,0.0437,true,1,164863
7290116531885,false,מיונז טבעוני הלמנס 500 גרם,יוניליוור ישראל מזון,IL,הלמנס ממרח טבעוני 50,גרמים,500.00,100 גרם,false,,13.90,0.0278,true,1,167426
7290116531892,false,רוטב על האש רוטב בטעם ברביקיו מעושן,אתר חיפה 778 - Food,IL,רוטב ברביקיו מעושן 3,גרמים,350.00,100 גרם,false,,12.50,0.0357,false,1,166673
7290116531939,false,"גלידונית תות שדה 955 מ""ל שטראוס","גלידת שטראוס בע""מ, ר",IL,גלידונית תות שדה,מיליליטרים,955.00,"100 מ""ל",false,,49.90,0.0523,false,1,166677
7290116531977,false,אקס דאודורנט בודי ספריי סקייטבורד וורדים,יוניליוור HPC,GB,"אקס ספריי גוף 150 מ""",מיליליטרים,150.00,"100 מ""ל",false,,11.90,0.0793,false,1,168249
7290116532219,false,קורנפלקס תות 448 גרם תלמה רבנות,אתר שפע - Food,IL,קורנפלקס תות 448 תלמ,גרמים,500.00,100 גרם,false,,19.90,0.0398,false,1,167028
7290116532264,false,מאגדת גודיז פרי אפרסק יוגורט בציפוי 300 ג' שטראוס,"גלידת שטראוס בע""מ, ר",IL,מאגדת גודיז פרי אפרס,גרמים,300.00,100 גרם,false,,25.90,0.0863,true,1,166983
7290116532271,false,סנדוויץ לייט גודיז שוקולד וניל 270 ג' שטראוס,"גלידת שטראוס בע""מ, ר",IL,מאגדת גודיז סנדוויץ,גרמים,270.00,100 גרם,false,,29.90,0.1107,true,1,166982
7290116532400,false,בייגל בייגל בייגלה מקלות עם מלח 235ג,בייגל בייגל,IL,בייגלה עם מלח אחד אח,גרמים,255.00,100 גרם,false,,6.50,0.0255,true,1,168503
7290116532462,false,גלידת שמנת קליק בטעמי שוקולד בננה 384 ג' שטראוס,"גלידת שטראוס בע""מ, ר",IL,גלידת שמנת פיינט קלי,מיליליטרים,520.00,"100 מ""ל",false,,19.90,0.0383,true,1,166511
7290116532479,false,קליק גלידת שמנת בטעמי שוקולד לבן עוגיות 384 ג' שטראוס,"גלידת שטראוס בע""מ, ר",IL,גלידת שמנת פיינט קלי,מיליליטרים,520.00,"100 מ""ל",false,,19.90,0.0383,true,1,166510
7290116532486,false,גלידת שמנת קליק בטעמי וניל קרמל מלוח 384 ג' שטראוס,"גלידת שטראוס בע""מ, ר",IL,גלידת שמנת פיינט קלי,מיליליטרים,520.00,"100 מ""ל",false,,19.90,0.0383,true,1,166512
7290116532622,false,פינוק מרכך לשיער בתוספת גוגי ברי 700 מל,אתר ליוור - HPC,IL,פינוק מרכך גוג'י ברי,מיליליטרים,700.00,"100 מ""ל",false,,11.90,0.0170,false,1,167424
7290116532875,false,פינוק בייבי אל סבון אל דמע לתינוקות 900,יוניליוור,IL,פינוק סבון נוזלי ביי,מיליליטרים,900.00,"100 מ""ל",false,,19.90,0.0221,true,1,167780
7290116930282,false,ארוחה בקטנה לאבנה עם קרקרים 150ג' תנובה,תנובה חלב,IL,ארוחה בקטנה לאבנה עם,גרמים,150.00,100 גרם,false,,7.60,0.0507,true,1,167513
7290116930435,false,יוגורט סמיך 0% דובדבן יופלה 200 ג' GO,תנובה מרכז שיתופי לש,IL,יוגורט גו סמיך 0% דו,גרמים,200.00,100 גרם,false,,6.20,0.0310,true,1,166735
7290116930459,false,"יופלה שייק מנגו בננה אננס וקוקוס 230 מ""ל",קבוצת המזון אקטשלאר,IL,יופלה SHAKE בננה אננ,מיליליטרים,230.00,"100 מ""ל",false,,7.90,0.0343,false,1,167084
7290116930466,false,"משקה SHAKE בננה מנגן פסיפלורה והל 230 מ""ל יופלה",קבוצת המזון אקטשלאר,IL,יופלה SHAKE מנגו בננ,מיליליטרים,230.00,"100 מ""ל",false,,7.90,0.0343,false,1,167085
7290116930480,false,"משקה SHAKE בננה קיווי תפוח 230 מ""ל יופלה",קבוצת המזון אקטשלאר,IL,יופלה SHAKE בננה קיו,מיליליטרים,230.00,"100 מ""ל",false,,7.90,0.0343,false,1,167083
7290116930626,false,ארוחה בקטנה ציזיקי עם קרקרים 150ג' תנובה,תנובה חלב,IL,ארוחה בקטנה צזיקי עם,גרמים,150.00,100 גרם,false,,7.60,0.0507,true,1,167514
7290116930657,false,משקה חלב גו בטעם בננה תמר עם ש. שועל 340,תנובה מרכז שיתופי לש,IL,משקה גו בטעם בננה תמ,מיליליטרים,340.00,"100 מ""ל",false,,8.00,0.0235,true,1,168930
7290116930701,false,מעדן חלב GO מועשר בחלבון בטעם קרמל מלוח,תנובה מרכז שיתופי לש,IL,מעדן חלב גו בטעם קרמ,גרמים,120.00,100 גרם,false,,4.70,0.0392,true,1,167082
7290116930718,false,מעדן תנובה דיאט בטעם שוקולד וקרמל מלוח 0% 150ג' תנובה,"תנובה בע""מ",IL,מעדן דיאט שוקולד קרמ,גרמים,150.00,100 גרם,false,,4.10,0.0273,false,1,167473
7290116930725,false,סויה BIO קוקוס גביע 150 גרם אלטרנטיב,תנובה חלב,IL,סויה ביו קוקוס,גרמים,150.00,100 גרם,false,,4.40,0.0293,true,1,167515
7290116930954,false,יוגורט טעם פאי תפוחים 3% 150 ג' יופלה,"תנובה בע""מ",IL,יופלה פאי תפוחים 3%,גרמים,150.00,100 גרם,false,,5.10,0.0340,true,1,168877
7290116931081,false,מעדן סויה - טופי קרמל 125 גרם אלטרנטיב,תנובה מרכז שיתופי לש,IL,מעדן סויה בטעם טופי,גרמים,125.00,100 גרם,false,,3.90,0.0312,true,1,167516
7290116931104,false,יופלה גו במרקם סמיך עם אננס 0% שומן 200ג',תנובה חלב,IL,יופלה גו במרקם סמיך,גרמים,200.00,100 גרם,false,,5.80,0.0290,true,1,167517
7290117100004,false,לחם כוסמין 80%,,,לחם כוסמין 80%,גרמים,730.00,100 גרם,false,,26.90,0.0368,true,1,123191
7290117100011,false,לחם כוסמין מלא וצ'יה,,,לחם כוסמין מלא וצ'יה,גרמים,730.00,100 גרם,false,,26.90,0.0368,true,1,123192
7290117100059,false,לחמניות כוסמין שומשו,,,לחמניות כוסמין שומשו,גרמים,360.00,100 גרם,false,,14.50,0.0403,true,1,168253
7290117100110,false,לחמניות דגנים 4 יח',,,לחמניות דגנים 4 יח',גרמים,360.00,100 גרם,false,,11.90,0.0331,true,1,168252
7290117100127,false,לחמניות כוסמין רכות,,,לחמניות כוסמין רכות,גרמים,340.00,100 גרם,false,,14.50,0.0426,true,1,168254
7290117260067,false,קונפיטורה תפוזים 380 ג' ויליפוד,וילי פוד,,קונפיטורה תפוזים ויל,גרמים,380.00,100 גרם,false,,8.90,0.0234,true,1,164774
7290117260395,false,מאפה פילו יווני מסורתי ממולא תרד וגבינת פטה,וילי פוד,,מאפה פילו ממולא תרד,גרמים,400.00,100 גרם,false,,21.90,0.0547,true,1,165758
7290117260821,false,גבינת כבשים צ'אנק עם פטריות כמהין 150 ג' אל פסטור,אל פסטור,ES,גבינת כבשים צ'אנק פט,גרמים,150.00,100 גרם,false,,25.90,0.1727,true,1,164826
7290117260937,false,קרקרים עם עגבניות ואורגנו ללא גלוטן 125 ג' ויליפוד,ארמנדומודיאה אס.אר.א,IT,קרקרים ללא גלוטן עם,גרמים,125.00,100 גרם,false,,9.90,0.0792,true,1,165769
7290117261088,false,בוראטה גבינת מוצרלה רכה 125ג' 18%שומן,קסריה להפואנטה,ES,בוראטה ג.מוצרלה רכה,גרמים,125.00,100 גרם,false,,19.90,0.1592,true,1,168558
7290117261354,false,גבינת ריקוטה 200 גרם 5%שומן מחלבת אירופה,באלבן גידה סנאי,TR,גבינה ריקוטה 200גר 5,גרמים,200.00,100 גרם,false,,9.90,0.0495,true,1,168174
7290117261378,false,גבינת קשקבל לייט 250 גרם 8% שומן מחלבת א,סאסו פטוראגס קומטויס,TR,גבינת קשקבל לייט 250,גרמים,250.00,100 גרם,false,,15.50,0.0620,true,1,168176
7290117261385,false,גבינת פטה לייט 500 גרם 8% שומן מחלבת איר,באלבן גידה סנאי,IL,גבינה פטה לייט 500גר,גרמים,500.00,100 גרם,false,,19.90,0.0398,true,1,168235
7290117261514,false,סלמון אטלנטי בשמן קנולה ולימון 120 גרם,,LV,סלמון אטלנטי ב.קנול,גרמים,120.00,100 גרם,false,,8.50,0.0708,true,1,168227
7290117261576,false,סרדינים בריסלינג מעושנים ברוטב עגבניות 129 גרם,ליסיט,LV,סרדינים בריסלינג מעו,גרמים,185.00,100 גרם,false,,13.90,0.0751,true,1,168170
7290117261606,false,פרוסות צהובה בטעם טבעי טבעוני 140 גרם,קוליוס,GR,פרוסות צהובה טבעונית,גרמים,140.00,100 גרם,false,,13.90,0.0993,true,1,168178
7290117261644,false,פרוסות צהובה בטעם צדר טבעוני 140 גרם,קוליוס,GR,פרוסות צהובה טבעונית,גרמים,140.00,100 גרם,false,,13.90,0.0993,true,1,168181
7290117261989,false,גבינת מנורי רכה מחלב צאן 43% שומן 170 גרם,קוליוס,GR,גבינת מנורי רכה מחלב,גרמים,170.00,100 גרם,false,,15.90,0.0935,true,1,168177
7290117262221,false,"משקה יוגורט פרוביוטי עם אננס 200מ""ל 2.3%שומן יורו",Euro יורו מחלבות אירופה,TR,משקה יוגורט פרוביוטי,מיליליטרים,200.00,"100 מ""ל",false,,4.90,0.0245,true,1,167793
7290117262238,false,"משקה יוגורט פרוביוטי עם תות שדה 200מ""ל 2.3%שומן יורו",Euro יורו מחלבות אירופה,TR,משקה יוגורט פרוביוטי,מיליליטרים,200.00,"100 מ""ל",false,,4.90,0.0245,true,1,167794
7290117262245,false,"משקה יוגורט פרוביוטי עם אפרסק ומשמש 200מ""ל 2.3%שומן יורו",Euro יורו מחלבות אירופה,TR,משקה יוגורט פרוביטי,מיליליטרים,200.00,"100 מ""ל",false,,4.90,0.0245,true,1,167795
7290117380192,false,חטיף פוף קראנץ בטעם גריל 60 גרם,מנה,IL,פוף קראנצ בטעם גריל,גרמים,60.00,100 גרם,false,,3.90,0.0650,true,1,165002
7290117380857,false,"מרבה סלים דליס פייבר עוגות אישיות בטעם לימון, 120 גרם",שסטוביץ,NL,סלים דליס פייבר-עוגו,גרמים,120.00,100 גרם,false,,10.90,0.0908,true,1,167448
7290117380864,false,עוגות בראוניס אישיות בטעם שוקולד 120 ג' סלים דליס פייבר,הלמה הלום,NL,מרבה סלים דליס פייבר,גרמים,120.00,100 גרם,false,,10.90,0.0908,true,1,167102
7290117380871,false,עוגות אישיות בטעם אוכמניות 120 ג' סלים דליס פייבר,הלמה הלום,NL,מרבה סלים דליס פייבר,גרמים,120.00,100 גרם,false,,10.90,0.0908,true,1,167103
7290117381182,false,"רוטב סריראצה מאסטר שף 360 מ""ל",,TH,רוטב סרירציה מאסטר ש,מיליליטרים,360.00,"100 מ""ל",false,,14.90,0.0414,true,1,168538
7290117381205,false,מאסטר שף שמן שומשום,,,מאסטר שף שמן שומשום,מיליליטרים,370.00,"100 מ""ל",false,,21.90,0.0592,true,1,168345
7290117381236,false,פוף פריכיות מצופות שוקולד מריר 70 גרם,בנליאן פודס,RS,פוף פריכיות מצופות ש,גרמים,70.00,100 גרם,false,,7.90,0.1129,true,1,167815
7290117382318,false,סלים דליס - חטיף חלבון מצופה שוקולד מריר 60 גרם,"י. מרבה ישראל בע""מ",IT,סלים דליס חטיף חלבון,גרמים,60.00,100 גרם,false,,11.90,0.1983,true,1,167784
7290117382325,false,סלים דליס - פרו 33 חטיף חלבון מצופה שוקולד חלב 60 גרם,"י. מרבה ישראל בע""מ",IT,סלים דליס חטיף חלבון,גרמים,60.00,100 גרם,false,,11.90,0.1983,true,1,167785
7290117382332,false,סלים דליס - חטיף חלבון מצופה שוקולד בטעם עוגיות 60 גרם,"י. מרבה ישראל בע""מ",IT,סלים דליס חטיף חלבון,גרמים,60.00,100 גרם,false,,11.90,0.1983,true,1,167786
7290117824047,false,ממתק ליקריץ מקלות 35גר-בטעם פירות ליגת ה,שמחה זה אנחנו,,ממתק ליקריץ מקלות 35,גרמים,35.00,100 גרם,false,,2.90,0.0829,true,1,168794
7290117825860,false,ממתק ליקריץ מקלות 35גר-בטעם פירות LOL,שמחה זה אנחנו,,ממתק ליקריץ מקלות 35,גרמים,35.00,100 גרם,false,,2.90,0.0829,true,1,168798
7290117825914,false,ממתק ליקריץ מקלות חמ,,,ממתק ליקריץ מקלות חמ,גרמים,35.00,100 גרם,false,,2.90,0.0829,true,1,168801
7290117901205,false,טורטיה דגנים בתוספת שומשום ופשתן 520 ג שקדיה,מוטלוקל,TR,טורטיה דגנים בתוספת,גרמים,420.00,100 גרם,false,,9.90,0.0236,true,1,168343
7290118420071,false,במבה ביסלי ברביקיו מיקס 80ג' אסם,"אסם תעשיות בע""מ",IL,במבה ביסלי ברבקיו מי,גרמים,80.00,100 גרם,false,,4.90,0.0613,false,1,168667
7290118420378,false,פתיבר פינוקים בטעם תותים בשמנת - חלבי,דר גררד,IL,אסם פתי בר פינוקים ת,גרמים,220.00,100 גרם,false,,10.90,0.0495,true,1,168664
7290118420477,false,אסם בייגלה שטוחים בטעם ביסלי בצל 300 גר,"אסם תעשיות בע""מ",IL,אסם בייגלה שטוחים בט,גרמים,300.00,100 גרם,false,,11.90,0.0397,true,1,168669
7290118420514,false,אסם אינסטנט פודינג נוגט 75 גרם,"אסם תעשיות בע""מ",IL,אסם אינסטנט פודינג נ,גרמים,75.00,100 גרם,false,,5.80,0.0773,false,1,168663
7290118430445,false,מארז 6 מאג זכוכית,,,מארז 6 מאג זכוכית,יחידה,0.00,יחידה,false,,29.90,0.0000,true,1,168203
7291044048834,false,כבל מאריך 2 3X1.5 מטר,,IL,כבל מאריך 1.5*3 2 מט,יחידה,0.00,יחידה,false,,15.90,0.0000,true,1,116997
7291546455635,false,תירס לבן מתוק ארוז,חקלאי,IL,תירס לבן כפרי חן,יחידה,0.00,יחידה,false,,19.90,0.0000,true,1,109396
7294034321184,false,חטיף דאמבל לכלב לבבו,,,חטיף דאמבל לכלב לבבו,גרמים,80.00,100 גרם,false,,11.00,0.1375,true,1,165576
7296021268328,false,פרייבט שף מארז מגבות,,,מארז מגבות מטבח 40/6,יחידה,0.00,יחידה,false,,24.90,0.0000,true,1,165407
7296035001805,false,נייר 4-A,,,נייר 4-A,יחידה,0.00,יחידה,false,,16.90,0.0000,true,1,118410
7296058000526,false,פרח פרכיות כוסמת 130 גרם,פרח תעשיות,IL,פרכיות פרח כוסמת 130,גרמים,130.00,100 גרם,false,,7.90,0.0608,true,1,67425
7296058110010,false,"פריכיות אורז פרח כשל""פ 110 גר'",פרח תעשיות,IL,פריכיות אורז פרח,גרמים,110.00,100 גרם,false,,4.90,0.0445,true,1,121261
7296082000035,false,ביצים ביו אומגה L יח,המכון למיון ושיווק ב,IL,ביצה פלוס 6 יח,יחידה,0.00,יחידה,false,,13.90,0.0000,true,1,16828
7296082000080,false,ביצי חופש תריסר,המכון למיון ושיווק ב,IL,ביצי חופש תריסר,יחידה,0.00,יחידה,false,,22.90,0.0000,true,1,51942
7296082000110,false,"ביצה סופר טריה "" L",,,"ביצה סופר טריה "" L",יחידה,0.00,יחידה,false,,30.13,0.0000,true,1,54335
7296082000127,false,ביצים ענק 12 יח XL,,,ביצים ענק XL,יחידה,0.00,יחידה,false,,13.10,0.0000,false,1,38711
7296082000134,false,ביצים רגילות 12 יח L,המכון למיון ושיווק ב,IL,ביצים גדול L,יחידה,0.00,יחידה,false,,12.05,0.0000,false,1,34815
7296082000141,false,ביצים רגילות 12 יח M,המכון למיון ושיווק ב,IL,ביצים בינוני M,יחידה,0.00,יחידה,false,,11.15,0.0000,false,1,40872
7296082000165,false,ביצים אורגניות תריסר,המכון למיון ושיווק ב,IL,ביצים אורגניות תריסר,יחידה,0.00,יחידה,false,,22.90,0.0000,true,1,51943
7296082000172,false,ביצה פלוס אומגה M 30,,,ביצה פלוס 30 יח' M,יחידה,0.00,יחידה,false,,34.90,0.0000,false,1,94157
7296082000189,false,ביצה פלוס אומגה L 30,,,ביצה פלוס 30 יח' L,יחידה,0.00,יחידה,false,,37.90,0.0000,true,1,94256
7296168017117,false,פרמה דוקט פלסטר רגיל 100 יח,,,פלסטר 100יח' פארמדוק,יחידה,0.00,יחידה,false,,12.90,0.0000,true,1,28057
7296168017155,false,פרמה דוקט פלסטר מעור,,,פרמה דוקט פלסטר מעור,יחידה,0.00,יחידה,false,,6.90,0.0000,true,1,27293
7296168017193,false,פלסטר פארמדוקט 30 יח,,,פלסטר פארמדוקט 30 יח,יחידה,0.00,יחידה,false,,6.90,0.0000,true,1,26331
7296168017278,false,פלסטר ילדים 20 יח,,,פלסטר 20'חי,יחידה,0.00,יחידה,false,,6.90,0.0000,true,1,102044
7296179000160,false,BCHIC-מסיר איפור דו,,,BCHIC-מסיר איפור דו,מיליליטרים,200.00,"100 מ""ל",false,,24.90,0.1245,true,1,53386
7296179006254,false,לק עמיד 300,,,לק עמיד 300,מיליליטרים,17.00,"מ""ל",false,,12.90,0.7588,true,1,90531
7296179006292,false,לק עמיד 282,,,לק עמיד 282,מיליליטרים,17.00,"מ""ל",false,,12.90,0.7588,true,1,90533
7296179007381,false,קרם רב שימושי אלוורה,,,קרם רב שימושי אלוורה,מיליליטרים,0.00,"מ""ל",false,,21.90,0.0000,true,1,23751
7296179007398,false,מסיר לק אלוורה ירוק,,,מסיר לק אלוורה,מיליליטרים,100.00,"100 מ""ל",false,,13.90,0.1390,true,1,23744
7296179007411,false,מסיר לק ללא אצטון ורוד,,,מסיר לק ללא אציטון,מיליליטרים,100.00,"100 מ""ל",false,,13.90,0.1390,true,1,23745
7296179007879,false,קרם ידיים אובליפיחה,,,קרם ידיים אובליפיחה,מיליליטרים,0.00,"מ""ל",false,,12.90,0.0000,true,1,57975
7296179008074,false,מייבש לק עם מברשת שי,,,מייבש לק עם מברשת שי,יחידה,0.00,יחידה,false,,24.90,0.0000,true,1,46309
7296179008081,false,לק עמיד 498,,,לק עמיד 498,מיליליטרים,17.00,"מ""ל",false,,12.90,0.7588,true,1,90542
7296179008098,false,לק מטאלי 901 כסף,,,לק מטאלי 901 כסף,מיליליטרים,17.00,"מ""ל",false,,16.90,0.9941,true,1,92549
7296179008128,false,לק מטאלי 904 זהב,,,לק מטאלי 904 זהב,מיליליטרים,17.00,"מ""ל",false,,16.90,0.9941,true,1,92550
7296179008173,false,לק מטאלי 908 ורוד בה,,,לק מטאלי 908 ורוד בה,יחידה,0.00,יחידה,false,,16.90,0.0000,true,1,97796
7296179008241,false,טופ קוט למראה ג'ל בת,,,לק ג'ל טופ קוט,יחידה,0.00,יחידה,false,,26.90,0.0000,true,1,60538
7296179008289,false,לק עמיד 477,,,לק עמיד 477,מיליליטרים,17.00,"מ""ל",false,,12.90,0.7588,true,1,90543
7296179010107,false,לק עמיד 011,,,לק עמיד 011,מיליליטרים,17.00,"מ""ל",false,,12.90,0.7588,true,1,90459
7296179010213,false,לק עמיד 022,,,לק עמיד 022,מיליליטרים,17.00,"מ""ל",false,,12.90,0.7588,true,1,90462
7296179010305,false,לק עמיד 031,,,לק עמיד 031,מיליליטרים,17.00,"מ""ל",false,,12.90,0.7588,true,1,90464
7296179010312,false,לק עמיד 032,,,לק עמיד 032,מיליליטרים,17.00,"מ""ל",false,,12.90,0.7588,true,1,90473
7296179010398,false,לק עמיד 040,,,לק עמיד 040,מיליליטרים,17.00,"מ""ל",false,,12.90,0.7588,true,1,90477
7296179010404,false,לק עמיד 041,,,לק עמיד 041,מיליליטרים,17.00,"מ""ל",false,,12.90,0.7588,true,1,90478
7296179011029,false,לק עמיד 314,,,לק עמיד 314,מיליליטרים,17.00,"מ""ל",false,,12.90,0.7588,true,1,90552
7296179011104,false,לק עמיד 218,,,לק עמיד 218,מיליליטרים,17.00,"מ""ל",false,,12.90,0.7588,true,1,90491
7296179011517,false,לק עמיד 120,,,לק עמיד 120,מיליליטרים,17.00,"מ""ל",false,,12.90,0.7588,true,1,90500
7296179011579,false,לק עמיד 226,,,לק עמיד 226,מיליליטרים,17.00,"מ""ל",false,,12.90,0.7588,true,1,90504
7296179011654,false,לק עמיד 223,,,לק עמיד 223,מיליליטרים,17.00,"מ""ל",false,,12.90,0.7588,true,1,90505
7296179011685,false,לק עמיד 245,,,לק עמיד 245,מיליליטרים,17.00,"מ""ל",false,,12.90,0.7588,true,1,90506
7296179011807,false,לק בסיס,שיק,,לק בסיס,מיליליטרים,0.00,"מ""ל",false,,16.90,0.0000,true,1,46622
7296179011814,false,לק שכבת הגנה,שיק,,לק שכבת הגנה,יחידה,0.00,יחידה,false,,16.90,0.0000,true,1,46623
7296179011968,false,לק עמיד 284,,,לק עמיד 284,מיליליטרים,17.00,"מ""ל",false,,12.90,0.7588,true,1,90558
7296179012132,false,לק עמיד 289,,,לק עמיד 289,מיליליטרים,17.00,"מ""ל",false,,12.90,0.7588,true,1,90569
7296179012187,false,לק עמיד שיק 048,,,לק עמיד 048,מיליליטרים,17.00,"מ""ל",false,,12.90,0.7588,true,1,90513
7296179012699,false,לק עמיד 420,,,לק עמיד 420,מיליליטרים,17.00,"מ""ל",false,,12.90,0.7588,true,1,90580
7296179012712,false,לק עמיד 313,,,לק עמיד 313,מיליליטרים,17.00,"מ""ל",false,,12.90,0.7588,true,1,90582
7296179014969,false,לק עמיד 255,,,לק עמיד 255,מיליליטרים,17.00,"מ""ל",false,,12.90,0.7588,true,1,90518
7296179020007,false,חמאת גוף לבנדר שיק,,,חמאת גוף לבנדר שיק,מיליליטרים,0.00,"מ""ל",false,,25.90,0.0000,true,1,51883
7296179021028,false,לק עמיד 036,,,לק עמיד 036,מיליליטרים,17.00,"מ""ל",false,,12.90,0.7588,true,1,90520
7296179021660,false,מידנייט חמאת גוף 300 מל,שיק תעשיות תמרוקים,IL,"חמאת גוף 300 מ""ל",מיליליטרים,300.00,"100 מ""ל",false,,34.90,0.1163,true,1,103936
7296179021752,false,מידנייט WHITE קרם גוף 275 מל,General,IL,קרם גוף מידנייט 275,מיליליטרים,275.00,"100 מ""ל",false,,27.90,0.1015,true,1,103802
7296179022766,false,"חמאת גוף 350 מ""ל שיק",,,חמאת גוף PURE CHIC,מיליליטרים,350.00,"100 מ""ל",false,,25.90,0.0740,true,1,94125
7296179024562,false,"מסיק לק אדום 100 מ""ל",,,"מסיק לק אדום 100 מ""ל",מיליליטרים,100.00,"100 מ""ל",false,,7.90,0.0790,true,1,105568
7296179028454,false,לק עמיד822,,,לק עמיד822,מיליליטרים,17.00,"100 מ""ל",false,,12.90,0.7588,true,1,111592
7296179028461,false,לק עמיד823,,,לק עמיד823,מיליליטרים,17.00,"100 מ""ל",false,,12.90,0.7588,true,1,111593
7296179029802,false,לק עמיד,,,לק עמיד,יחידה,0.00,יחידה,false,,12.90,0.0000,true,1,122833
7296179029819,false,לק עמיד 817,,,לק עמיד 817,יחידה,0.00,יחידה,false,,12.90,0.0000,true,1,118409
7297028133831,false,שלישיית קרסלויות פול,,,שלישיית קרסלויות פול,יחידה,0.00,יחידה,false,,17.90,0.0000,true,1,107397
7297028160622,false,גרבי נשים במבוק (3) שחור/לבן,,,גרביים,יחידה,0.00,יחידה,false,,15.90,0.0000,true,1,114868
7297028169489,false,גוזיה,,,גוזיה,יחידה,0.00,יחידה,false,,25.90,0.0000,true,1,122047
7297028183058,false,גוזיות נשים סנטוני עם כיווצים וכתפיות דקות (160244),,,גוזיה,יחידה,0.00,יחידה,false,,25.90,0.0000,true,1,167186
7297028183102,false,גוזיה,,,גוזיה,יחידה,0.00,יחידה,false,,25.90,0.0000,true,1,167364
7297028184222,false,תחתון נשים,,,תחתון נשים,יחידה,0.00,יחידה,false,,15.90,0.0000,true,1,166097
7297028184246,false,תחתון נשים,,,תחתון נשים,יחידה,0.00,יחידה,false,,15.90,0.0000,true,1,166096
7297028185458,false,גוזיה,,,גוזיה,יחידה,0.00,יחידה,false,,25.90,0.0000,true,1,167605
7297028185755,false,שלישיית גרבי במבוק,,,שלישיית גרבי במבוק,יחידה,0.00,יחידה,false,,17.90,0.0000,true,1,167135
7297028185885,false,קרסוליות נשים,,,קרסוליות נשים,יחידה,0.00,יחידה,false,,15.90,0.0000,true,1,168097
7297028190469,false,קרסוליות נשים שלישיי,,,קרסוליות נשים שלישיי,יחידה,0.00,יחידה,false,,15.90,0.0000,true,1,167587
7297028190476,false,קרסוליות שלישייה,,,קרסוליות שלישייה,יחידה,0.00,יחידה,false,,15.90,0.0000,true,1,167588
7297028192623,false,גוזיה,,,גוזיה,יחידה,0.00,יחידה,false,,25.90,0.0000,true,1,168737
7297028193064,false,גרבי שניל מחממות שלי,,,גרבי שניל מחממות שלי,יחידה,0.00,יחידה,false,,19.90,0.0000,true,1,168738
7297028193460,false,תחתון נשים,,,תחתון נשים,יחידה,0.00,יחידה,false,,15.90,0.0000,true,1,168517
7297028193484,false,תחתון נשים,,,תחתון נשים,יחידה,0.00,יחידה,false,,15.90,0.0000,true,1,168518
7297028193491,false,תחתון נשים,,,תחתון נשים,יחידה,0.00,יחידה,false,,15.90,0.0000,true,1,168562
7297307070307,false,שלישית מגבות מטבח,,,שלישית מגבות מטבח,יחידה,0.00,יחידה,false,,24.90,0.0000,true,1,77491
7297391112976,false,גרבי חילות,,,גרבי חילות,יחידה,0.00,יחידה,false,,7.50,0.0000,true,1,102014
7297478003975,false,גרביים,,,גרביים,יחידה,0.00,יחידה,false,,15.90,0.0000,true,1,117558
7297488098015,false,גרנולה קרנץ' עם שוקולד צ'יפס מריר,תות תעשיות מזון (201,IL,דגש גרנולה קרנצ'י שו,גרמים,250.00,100 גרם,false,,14.90,0.0596,true,1,110382
7297488098152,false,דגש קמח חומוס ללא גל,אף.סי תבליני בגליל ב,IL,דגש קמח חומוס,גרמים,500.00,100 גרם,false,,15.90,0.0318,true,1,110171
7297488098220,false,קמח תפוח אדמה ללא גלוטן,תות תעשיות מזון (201,IL,"דגש קמח תפו""א",גרמים,500.00,100 גרם,false,,11.50,0.0230,true,1,110710
7297488098282,false,אבקת מרק בטעם עוף 500 גרם,אף.סי. תבליני הגליל,IL,אבקת מרק עוף דגש 500,גרמים,500.00,100 גרם,false,,19.90,0.0398,true,1,109901
7297488098305,false,קמח שקדים ללא גלוטן,תות תעשיות מזון (201,IL,קמח שקדים דגש 250 גר,גרמים,250.00,100 גרם,false,,25.90,0.1036,true,1,108491
7297488098688,false,"פצפוצי אורז מלא ללת""ס דגש 450 גרם","תירפז בע""מ",IL,פצפוצי אורז מלא ללא,גרמים,450.00,100 גרם,false,,21.00,0.0467,true,1,109615
7297488199590,false,פצפוצי אורז לבן תפוח ללא גלוטן,דגש- דוכן גן שמואל,IL,דגש פצפוצי אורז 450,גרמים,450.00,100 גרם,false,,21.00,0.0467,true,1,110390
7297488199606,false,פצפוצי אורז תפוח ללא תוספת סוכר ומלח ללא גלוטן,דגש- דוכן גן שמואל,IL,פצפוצי אורז מלא קל ל,גרמים,450.00,100 גרם,false,,21.00,0.0467,true,1,109616
7297488199620,false,פצפוצי אורז מלא תפוח ללא גלוטן,דגש- דוכן גן שמואל,IL,פצפוצי אורז מלא ללא,גרמים,450.00,100 גרם,false,,21.00,0.0467,true,1,109617
7297488199781,false,תערובת להכנת קניידלך,"חיים טובים מזון בע""מ",IL,קניידלך דגש,גרמים,130.00,100 גרם,false,,17.90,0.1377,true,1,110380
7312040017034,false,וודקה אבסולוט 1 ליטר,פרנו ריקרד ($),,וודקה אבסולוט 1 ליטר,ליטרים,1.00,ליטר,false,,90.00,90.0000,true,1,96259
7321011040308,false,דוני 20 מפיות תלת שכבתי חלקות,דוני,SE,מפיות דוני 20 יח',יחידה,0.00,יחידה,false,,7.00,0.0000,true,1,47710
7321011040315,false,מפיות נייר דוני תלת,דוני,NL,דוני 12 מפיות תלת שכ,יחידה,0.00,יחידה,false,,10.90,0.0000,true,1,109733
7321011040629,false,דוני 20מפיות תלת שכבתי צבעים שונים,דוני,SE,מפיות ניר תלת שכבתי,יחידה,0.00,יחידה,false,,7.00,0.0000,true,1,28947
7321011404070,false,דוני 20מפיות מעוטרות תלת שכבתי צבעים,דוני,SE,מפיות ניר תלת שכבתי,יחידה,0.00,יחידה,false,,10.90,0.0000,true,1,33171
7321011550067,false,דוני 10 מפיות אלגנט במגוון צבעים,דוני,SE,דוני 10 מפיות אלגנס,יחידה,0.00,יחידה,false,,22.90,0.0000,true,1,37199
7321011941162,false,דוני 50 מפיות תלת שכ,,,דוני 50 מפיות תלת שכ,יחידה,0.00,יחידה,false,,23.90,0.0000,true,1,168367
7321031857054,false,דוני מפות שולחן דוניסל 180X118 דמוי בד במיגוון צבעים,דוני,האיחוד האירופי,דוני מפת שולחן 118*1,יחידה,0.00,יחידה,false,,17.90,0.0000,true,1,111478
7350022390386,false,קקאו הולנדי ואן האוטן 125 גרם,יושלם,,קקאו ואן הוטן,גרמים,125.00,100 גרם,false,,13.50,0.1080,true,1,42795
7394376123337,false,"משקה שיבולת שועל אורגני אוטלי , 1 ל'",טרנסומס פוד איי.בי,SE,אוטלי משקה שיבולת שו,מיליליטרים,1000.00,"100 מ""ל",false,,13.90,0.0139,true,1,117568
7394376615825,false,"אוטלי משקה שיבולת שועל בתוספת סידן וויטמינים , 1 ל'",טרנסומס פוד,SE,אוטלי משקה שיבולת שו,מיליליטרים,1000.00,"100 מ""ל",false,,13.90,0.0139,true,1,117569
7394376615832,false,אוטלי משקה שיבולת שועל בטעם שוקולד 1 ליטר,טרנסומס פוד,SE,אוטלי משקה שיבולת שו,מיליליטרים,1000.00,"100 מ""ל",false,,15.90,0.0159,true,1,117570
7394376616778,false,אוטלי משקה שיבולת שועל להקצפה בריסטה 1 ליטר,טרנסומס פוד,SE,אוטלי משקה שיבולת שו,מיליליטרים,1000.00,"100 מ""ל",false,,15.90,0.0159,true,1,117571
7394376620294,false,משקה ש.שועל בטעם וניל 1 ליטר,איי אם פי אס איי תעש,NL,משקה שיבולת שועל בטע,ליטרים,1000.00,ליטר,false,,15.90,0.0159,true,1,168264
7412952888705,false,קליפסים לאטימה 13 יח,,,קליפסים לאטימה 13 יח,יחידה,0.00,יחידה,false,,16.90,0.0000,true,1,118295
7441000720605,false,לבבות דקל(צנצנת)410 גרם,אינקופלמיטו אס. אי,EC,לבבות דקל שלמים,גרמים,410.00,100 גרם,false,,15.90,0.0388,true,1,164685
7501013101348,false,"ג'ומקס מנגו בקבוק 473 מ""ל תריסר",חומקס קומר קומרסאליז,MX,ג'ומקס מנגו בקבוק 47,מיליליטרים,473.00,"100 מ""ל",false,,8.90,0.0188,true,1,113112
7501013101355,false,"נקטר אפרסק ג'ומקס 473 מ""ל",חומקס קומר קומרסאליז,MX,ג'ומקס אפרסק בקבוק 4,מיליליטרים,473.00,"100 מ""ל",false,,8.90,0.0188,true,1,113090
7501013101362,false,"משקה קוקוס אננס ג'ומקס 473 מ""ל",פארייפאבה אגרואינדוס,MX,ג'ומקס משקה קוקוס אנ,מיליליטרים,473.00,"100 מ""ל",false,,8.90,0.0188,true,1,113171
7501013101393,false,"ג'ומקס אננס בקבוק 473 מ""ל תריסר",פארייפאבה אגרואינדוס,MX,ג'ומקס משקה אננס 473,מיליליטרים,473.00,"100 מ""ל",false,,8.90,0.0188,true,1,113936
7501013122039,false,ג'ומקס מיץ מנגו קרטונית ליטר תריסר,חומקס קומר קומרסאליז,MX,ג'ומקס נקטר מנגו קרט,ליטרים,1.00,ליטר,false,,8.90,8.9000,true,1,113653
7501013122114,false,"נקטר משקה אננס בקרטונית ג'ומקס, 1 ל'",חומקס קומר קומרסאליז,MX,ג'ומקס אננס קרטונית,ליטרים,1.00,ליטר,false,,8.90,8.9000,true,1,113652
7501013122190,false,ג'ומקס מיץ תפוחים קרטונית ליטר תריסר,חומקס קומר קומרסאליז,MX,ג'ומקס תפוחים קרטוני,ליטרים,1.00,ליטר,false,,8.90,8.9000,true,1,113654
7501013122992,false,ג'ומקס מיץ קוקוס אננס קרטונית ליטר תריסר,חומקס קומר קומרסאליז,MX,ג'ומקס קוקוס אננס קר,ליטרים,1.00,ליטר,false,,8.90,8.9000,true,1,113655
7501013138047,false,משקה יוניקו פרסקו רימונים קרטונית 1 ליטר,תומקס קומרסאליזדורה,MX,נקטר רימונים יוניקו,ליטרים,1.00,ליטר,false,,10.90,10.9000,false,1,113781
7501013138184,false,משקה יוניקו פרסקו חמוציות קרטונית 1 ליטר,חומקס קומר קומרסאליז,MX,נקטר חמוציות יוניקו,ליטרים,1.00,ליטר,false,,10.90,10.9000,false,1,113782
7501013138856,false,יוניקו תפוזים סחוט ט,,,יוניקו 100% תפוזים ס,ליטרים,1.00,ליטר,false,,12.90,12.9000,true,1,120647
7501049936945,false,"בירה סול שישייה בקבוק 330 מ""ל",היינקן,NL,בירה סול שישייה 330,מיליליטרים,1980.00,"100 מ""ל",false,,32.90,0.0166,false,1,116666
7501064191398,false,שישיית בירה קורונה אקסטרא *355 מל,קריניציה ויטמינה אס,MX,שישיית בירה קורונה -,ליטרים,2.13,ליטר,false,,34.90,16.3850,false,1,111142
7503012779306,false,סירופ אגבה כחולה 100% 330 גרם נטורפוד,נוטריגבאס דה מקסיקו,MX,סירופ אגבה 330מל,מיליליטרים,330.00,"100 מ""ל",false,,17.90,0.0542,true,1,51837
7503012779405,false,"סירופ אגבה כחולה 660 מ""ל",נוטריאגבס דה מקסיקו,MX,סירופ אגבה כחולה אור,גרמים,660.00,100 גרם,false,,29.90,0.0453,true,1,93267
7509546061665,false,דאודורנט סטיק ג'ל לגבר 24/7 אקסטרים אינטנס,קולגייט פלמוליב,US,ספיד סטיק אקסטרים אי,גרמים,85.00,100 גרם,false,,19.90,0.2341,true,1,167904
7509546063515,false,ליידי ספיד סטיק -סטיק פרו 5 ספריי 150 מל,קולגייט פלמוליב,MX,ליידי ספיד סטיק פרו,מיליליטרים,150.00,"100 מ""ל",false,,14.90,0.0993,true,1,168154
7509546663135,false,קולגייט משחת שיניים זירו פפרמינט 98 מל,CP-Poland swidnica,PL,קולגייט זירו משחת שי,מיליליטרים,98.00,"100 מ""ל",false,,29.90,0.3051,true,1,120022
7509546666846,false,"קולגייט טוטאל משחת שיניים פחם 75 מ""ל",קולגייט פלמוליב,PL,קולגייט טוטאל משחת ש,מיליליטרים,75.00,"100 מ""ל",false,,19.90,0.2653,true,1,122486
7509546678702,false,קולגייט משחת שיניים טוטל אנטי טרטר 100 מ,קולגייט-פלמוליב,PL,קולגייט משחת שיניים,מיליליטרים,100.00,"100 מ""ל",false,,16.90,0.1690,true,1,167711
7610008059073,false,טבלת שוקולד רגוסה קלאסי עם שקדים 100 גר,RAGUSA,CH,טבלת רגוסה קלאסי,גרמים,100.00,100 גרם,false,,14.90,0.1490,true,1,119241
7610008059080,false,טבלת שוקולד רגוסה מריר עם שקדים 100 גר,RAGUSA,CH,טבלת רגוסה מריר,גרמים,100.00,100 גרם,false,,14.90,0.1490,true,1,119242
7610008059097,false,טבלת שוקולד רגוסה בלונד עם שקדים 100 גר,RAGUSA,CH,טבלת רגוסה בלונד,גרמים,100.00,100 גרם,false,,14.90,0.1490,true,1,119243
7610023050215,false,מיזלי קראנצ איקס 500 גרם בשקית,פמיליה familia,CH,"מיזלי ""קראנצ איקס 50",גרמים,500.00,100 גרם,false,,26.90,0.0538,true,1,12609
7610023051212,false,"מיזלי ""שוקו איקס"" 500 גרם בשקית",מיוצר עי קונדיטוריית,CH,"מיזלי ""שוקו איקס 500",גרמים,500.00,100 גרם,false,,26.90,0.0538,true,1,12614
7610100034084,false,שפורפרת מיונז טומי 265 גרם,נסטלה שוויץ ס.א,CH,מיונז טומי 265 גר',גרמים,265.00,100 גרם,false,,12.90,0.0487,true,1,100046
7610113000175,false,"רום בקרדי מוחיטו 700 מ""ל",בקרדי מרטיני,DE,בקרדי מוחיטו,מיליליטרים,700.00,"100 מ""ל",false,,74.90,0.1070,true,1,106406
7610113011652,false,"בקרדי בריזר תפוח 275 מ""ל בקבוק",בקרדי בריזר Bacardi Breezer,BE,בקרדי בריזר מוגז בטע,מיליליטרים,275.00,"100 מ""ל",false,,12.90,0.0469,false,1,117265
7610211130903,false,סוכרזית הרמזית 800+2,מרום את קונפינו,CH,הרמזית 800 יח,גרמים,11.80,100 גרם,false,,29.90,2.5339,true,1,165410
7610243004463,false,"דורגול - מרסס להסרת אבנית במקלחון 600 מ""ל",יעקבי- דורגול Durgol,CH,דורגול מרסס,מיליליטרים,500.00,"100 מ""ל",false,,21.90,0.0438,true,1,35116
7610400010481,false,לינדט אקסלנס מילק 100 גר,לינדט ושפרונגלי קילש,CH,שוקולד חלב לינדט 100,גרמים,100.00,100 גרם,false,,15.00,0.1500,true,1,10177
7610400014632,false,לינדט שוקולד לבן 100 גרם,לינדט Lindt,CH,שוקולד לינדט לבן,גרמים,100.00,100 גרם,false,,15.00,0.1500,true,1,40692
7610400014649,false,שוקולד חלב במילוי קרם רך,לינדט ושפרונגלי קילש,CH,שוקולד לינדט במילוי,גרמים,100.00,100 גרם,false,,15.00,0.1500,true,1,10183
7610400068369,false,שוקולד חלב במילוי קרם אגוזים,לינדט ושפרונגלי,CH,שוקולד לינדור אגוזים,גרמים,100.00,100 גרם,false,,15.00,0.1500,true,1,40749
7610400068529,false,בונבוניירה לינדור אבורטד 200 גרם,לינדט ושפרונגלי קילש,CH,לינדור בונבו' אסורטד,גרמים,200.00,100 גרם,false,,29.90,0.1495,false,1,25018
7610400070577,false,שוקולד מריר אקסלנס עם צ'ילי,לינדט Lindt,CH,שוקולד לינדט אקסלנס,גרמים,100.00,100 גרם,false,,15.00,0.1500,true,1,68344
7610400074155,false,שוקולד מריר במילוי קרם,לינדט ושפרונגלי קילש,CH,שוקולד לינדור 60% קק,גרמים,100.00,100 גרם,false,,15.00,0.1500,true,1,40750
7610400075770,false,שוקולד מריר עם אגוזי לוז שלמים,לינדט ושפרונגלי,CH,לינדט מריר אגוזים 15,גרמים,150.00,100 גרם,false,,23.90,0.1593,true,1,45014
7610400075787,false,שוקולד חלב עם אגוזי לוז שלמים,"לינדט ושפרונגלי, קיל",CH,שוקולד חלב עם אגוזים,גרמים,150.00,100 גרם,false,,23.90,0.1593,true,1,45015
7610400075794,false,לינדט לה גרנד לבן שקד 150 גר,לינדט ושפרונגלי,CH,לינדט לגרנד לבן שקד,גרמים,150.00,100 גרם,false,,23.90,0.1593,true,1,45016
7610400085946,false,לינדט לגרנד דארק אלמונד סולט 150 גרם,לינדט,,שוקולד לינדט לגרנד ס,גרמים,150.00,100 גרם,false,,23.90,0.1593,true,1,113526
7610400086202,false,שוקולד מריר לה גרנד עם אוכמניות וחמוציות,לינדט Lindt,,שוקולד לינדט לגרנד 1,גרמים,150.00,100 גרם,false,,23.90,0.1593,true,1,105228
7610400091060,false,שוקולד מריר לינדט אקסלנס בתוספת תפוז ושקדים,לינדט ושפרונגלי קילש,CH,שוקולד לינדט אקסלנס,גרמים,100.00,100 גרם,false,,15.00,0.1500,true,1,116621
7610700009956,false,ריקולה ללא ת.סוכר סמבוקוס 50 גרם,,CH,סוכריות ריקולה סמבוק,גרמים,50.00,100 גרם,false,,11.90,0.2380,true,1,121268
7610700603024,false,ריקולה חליטת צמח.ירוק 200גר,,,ריקולה תה צמחים,גרמים,200.00,100 גרם,false,,29.90,0.1495,true,1,39764
7610700607046,false,סוכריות צמחים לימון ומנטה ללא תוספת סוכר,ריקולה Ricola,CH,סוכריות ריקולה דיאט,גרמים,50.00,100 גרם,false,,11.90,0.2380,true,1,42594
7610700607077,false,סוכריות צמחים תפוז ומנטה ללא תוספת סוכר,ריקולה Ricola,,ריקולה תפוז-מנטה,גרמים,50.00,100 גרם,false,,11.90,0.2380,true,1,46299
7610928010048,false,נוזל הגרטי לניקוי כל,יעקובי,CH,מבריק כלי כסף יעקבי,יחידה,100.00,יחידה,false,,27.90,0.2790,true,1,22694
7612100005569,false,אובלטין 300 גרם,,,אבלטין 300 ג',גרמים,300.00,100 גרם,false,,27.90,0.0930,true,1,40966
7613030979647,false,דגני בוקר טריקס פירות עולם היורה 480 ג',ג'נרל מילס סאן אדריא,IL,טריקס 480 גר,גרמים,480.00,100 גרם,false,,19.90,0.0415,false,1,106148
7613031513062,false,אבקת משקה בטעם שוקולד 300 ג' נסקוויק,נסטלה,IE,אבקת להכנת משקה שוקו,גרמים,300.00,100 גרם,false,,15.90,0.0530,true,1,118641
7613031608850,false,פיטנס Fitness דגני בוקר קלאסי,נסטלה צרפת איטנקורט,FR,פיטנס דגנים 625 גרם,גרמים,625.00,100 גרם,false,,24.90,0.0398,false,1,31367
7613032045753,false,פיטנס - דגני בוקר שוקולד 375 גרם,נסטלה צרפת איטנקורט,FR,דגנים פיטנס שוקולד 3,גרמים,375.00,100 גרם,false,,21.90,0.0584,false,1,34261
7613033174728,false,נסקפה דולצה גוסטו קפהאולאיט 16 קפס.160 ג,דולצ'ה גוסטו Nescafe Dolce Gusto,GB,קפסולות קפה דולצ'ה ג,גרמים,160.00,100 גרם,false,,26.90,0.1681,true,1,92428
7613033548192,false,פיטנס - דגני בוקר שוקולד מריר 375 גרם,נסטלה צרפת איטנקורט,FR,פיטנס דגנים עם שוקול,גרמים,375.00,100 גרם,false,,21.90,0.0584,false,1,50309
7613035622623,false,פיטנס - גרנולה שקדים ודבש 300 גרם,שוורצקוף& הנקל דיסלד,LT,פיטנס גרנולה דבש,גרמים,300.00,100 גרם,false,,15.90,0.0530,true,1,95606
7613035635845,false,פיטנס גרנולה שוקולד 14*300 גרם,שוורצקוף& הנקל דיסלד,LT,פיטנס גרנולה שוקולד,גרמים,300.00,100 גרם,false,,15.90,0.0530,true,1,95540
7613035758834,false,פיטנס גרנולה חמוציות 300 גרם,שוורצקוף& הנקל דיסלד,LT,פיטנס גרנולה חמוציות,גרמים,300.00,100 גרם,false,,15.90,0.0530,true,1,97484
7613035807778,false,פרפקטו רוטב עגבניות לבולונז 400 ג' אסם,אסם פרפקטו Perfecto,ES,פרפקטו רוטב עגבניות,גרמים,400.00,100 גרם,false,,9.60,0.0240,true,1,97457
7613035809109,false,פרפקטו רוטב עגבניות ובזיליקום 400 ג'אסם,אסם פרפקטו Perfecto,ES,פרפקטו רוטב עגבניות,גרמים,400.00,100 גרם,false,,9.60,0.0240,true,1,97458
7613035809123,false,פרפקטו רוטב עגבניות עם פלפלים 400 ג' אסם,אסם פרפקטו Perfecto,ES,פרפקטו רוטב עגבניות,גרמים,400.00,100 גרם,false,,9.60,0.0240,true,1,97459
7613035809857,false,פרפקטו רוטב עגבניות לפסטה ולבישול 400 ג' אסם,אסם פרפקטו Perfecto,ES,פרפקטו רוטב עגבניות,גרמים,400.00,100 גרם,false,,9.60,0.0240,true,1,97460
7613036280334,false,"פרייה אנד גוס אפרסק דובדבן 4*250 מ""ל",נסטלה ווטרס,FR,פרייה אנד ג'וס אפרסק,מיליליטרים,1000.00,"100 מ""ל",false,,22.90,0.0229,true,1,119576
7613036286015,false,משקה אננס מנגו מוגז פרייה אנד ג'וס - רביעייה,פרייה Perrier,FR,פרייה אנד ג'וס מארז,מיליליטרים,1000.00,"100 מ""ל",false,,22.90,0.0229,true,1,119577
7613036314114,false,נסקפה גולד Gold קפה נמס מיובש בתוספת קפה קלוי,נסקפה Nescafe,IL,נס קפה גולד 200 גר,יחידה,0.00,יחידה,false,,49.90,0.0000,false,1,107113
7613036520492,false,פרפקטו רוטב עגבניות לפיצה 400 גרם,אסם פרפקטו Perfecto,ES,פרפקטו רוטב עגבניות,גרמים,400.00,100 גרם,false,,9.60,0.0240,true,1,105551
7613036576734,false,קרטיב חמשושים חדש נסטלה 60 גר,פרונרי איבריה ס.ל,ES,חמשושים נסטלה,גרמים,60.00,100 גרם,false,,7.50,0.1250,true,1,107959
7613036760195,false,נסקפה דולצה גוסטו אספרסו קפסולות אינטנסו 112 ג',דולצ'ה גוסטו Nescafe Dolce Gusto,,קפסולות קפה דולצה גו,גרמים,112.00,100 גרם,false,,26.90,0.2402,true,1,109544
7613036867870,false,נסקפה דולצה גוסטו אספרסו בריסטה קפסולות 112 ג',נסטלה אנגליה,GB,קפסולות קפה דולצה גו,גרמים,112.00,100 גרם,false,,26.90,0.2402,true,1,109545
7613036880534,false,גרבר מחית ירקות מעורבים מטרנה 190 גר',נסטלה פולסקה אס.איי,PL,גרבר מחית מרק ירקות,גרמים,190.00,100 גרם,false,,6.80,0.0358,true,1,113578
7613037012200,false,גרבר מחית תפוח גזר ומנגו 90 גרם פאוץ,נסטלה פולסקה אס.איי,PL,גרבר מחית תפוח מנגו,גרמים,90.00,100 גרם,false,,5.90,0.0656,true,1,114644
7613037686906,false,פיטנס - דגני בוקר שקדים ודבש 355 גרם,נסטלה צרפת איטנקורט,FR,פיטנס שקדים ודבש 355,גרמים,355.00,100 גרם,false,,21.90,0.0617,false,1,113582
7613037687132,false,דגני בוקר פיטנס שקדים ודבש 585 גר,נסטלה צרפת איטנקורט,FR,פיטנס שקדים ודבש 585,גרמים,585.00,100 גרם,false,,24.90,0.0426,false,1,113583
7613037811629,false,דגני בוקר קורנפלקס גו פרי 500 גר',שוורצקוף& הנקל דיסלד,IL,גו פרי קורנפלקס,גרמים,500.00,100 גרם,false,,13.50,0.0270,false,1,115410
7613038268262,false,דגני בוקר צ'יריוס דבש ושקדים במתיקות מעודנת,נסטלה צרפת איטנקורט,FR,האני נאט ציריוס מופח,גרמים,410.00,100 גרם,false,,19.90,0.0485,true,1,115067
7613039547731,false,גרבר מחית תפוח עץ ומשמש 90 גרם פאוץ,כלורוקס אוקלנד,ES,גרבר מחית תפוח משמש,גרמים,90.00,100 גרם,false,,5.90,0.0656,true,1,118254
7613039879382,false,גרבר - מחית תפוחי עץ 190 גרם,נסטלה פולסקה אס.איי,PL,"גרבר מחית תפ""ע 190 ג",גרמים,190.00,100 גרם,false,,6.80,0.0358,true,1,120604
7613039881521,false,גרבר - מחית מנגו 190 גרם,נסטלה פולסקה אס.איי,PL,גרבר מחית מנגו 190 ג,גרמים,190.00,100 גרם,false,,6.80,0.0358,true,1,120492
7613287121783,false,סמארטיס מיני 16*187 גרם,נסטלה Nestle,DE,סמארטיס מיני,גרמים,187.00,100 גרם,false,,13.90,0.0743,true,1,122470
7613287155924,false,מטרנה מחית תפוח וגזר פאוץ' 90 גר',נסטלה פולסקה אס.איי,ES,גרבר מחית תפוח גזר פ,גרמים,90.00,100 גרם,false,,5.90,0.0656,true,1,121327
7613287181411,false,ויטמינציק מחית סלט פירות 110 גרם,"טרופיקל דגיל בע""מ אז",ES,ויטמינצ'יק מחית סלט,גרמים,110.00,100 גרם,false,,5.50,0.0500,true,1,123711
7613287182357,false,מחית אגס תפוח ופירות יער ויטמינצ'יק 110 ג',נסטלה,ES,ויטמינצ'יק מחית אגס,גרמים,110.00,100 גרם,false,,5.50,0.0500,true,1,123708
7613287182425,false,ויטמינציק מחית תפוח בננה ותות 110 גרם,"טרופיקל דגיל בע""מ אז",ES,ויטמינצ'יק מחית תפו,גרמים,110.00,100 גרם,false,,5.50,0.0500,true,1,123709
7613287182456,false,ויטמינציק מחית אגס בננה תפוח 110 גרם,"נסטלה ספרד ס.א, מפעל",ES,ויטמינצ'יק מחית אגס,גרמים,110.00,100 גרם,false,,5.50,0.0500,true,1,123706
7613287186928,false,סטארבקס קפסולות קפה ברקפסט רוסט 10יח,נסטלה,CH,סטארבקס קפסולות ברקפ,יחידה,0.00,יחידה,false,,21.90,0.0000,true,1,123340
7613287325822,false,אוסם - דיפ אנד ספרד מטבל מיקס 295 גרם,נסטלה,PL,רוטב מיקס לחיץ אוסם,גרמים,295.00,100 גרם,false,,14.90,0.0505,true,1,163749
7613287476494,false,אוסם - דיפ אנד ספרד מיונז בסגנון צרפתי 280 גרם,נסטלה פולין,PL,רוטב מיונז לחיץ אוסם,גרמים,280.00,100 גרם,false,,14.90,0.0532,true,1,163753
7613287476678,false,דגני בוקר סינימיניס צ'ורוס נסטלה 360 ג',נסטלה אוונקה,PT,סינימיניס צו'רוס,גרמים,360.00,100 גרם,false,,19.90,0.0553,false,1,163672
7613287525789,false,"שישיית פרייה מים מוגזים 500 מ""ל",סן-פלגרינו,,"פרייה 500 מ""ל שישייה",יחידה,0.00,יחידה,false,,24.90,0.0000,true,1,164982
7613287821348,false,נתחוני עוף טבעוני סנסשיונל טבעול 350 ג',ג'נרל מילס סאן אדריא,CZ,טבעול נתחוני עוף טבע,גרמים,350.00,100 גרם,false,,33.90,0.0969,true,1,164877
7613287855640,false,סטארבקס קפסולות קפה גוואטמלה 10 יחידות,נסטלה,CH,קפסולות סטארבקס גווא,גרמים,55.00,100 גרם,false,,21.90,0.3982,true,1,167609
7613600003819,false,פאל מאל סופרסלימס כתום עשירייה,BAT,,פקט פאל מאל סופרסלימ,יחידה,0.00,יחידה,false,,290.00,0.0000,false,1,50733
7614500035788,false,טובלרון שוקולד חלב 200 גרם,מונדליז,CH,טובלרון שוקולד חלב 2,גרמים,200.00,100 גרם,false,,14.90,0.0745,true,1,102594
7622010001858,false,אוראו עוגיות ממולאות קרם וניל 176 גרם,פי אר ג'יי אס אי מנד,CZ,עוגיות אוראו ממולאות,גרמים,176.00,100 גרם,false,,8.90,0.0506,false,1,98512
7622201050757,false,שוקולד מילקה טבלת חלב עם קרמל 100 ג',מילקה Milka,DE,שוקולד מילקה קרמל 10,גרמים,100.00,100 גרם,false,,5.90,0.0590,false,1,35306
7622201127206,false,מילקה ממרח אגוזי לוז 350 ג',"נטרה מלה אנ.וי,",AT,ממרח שוקולד מילקה 35,גרמים,350.00,100 גרם,false,,16.90,0.0483,true,1,122924
7622201137052,false,אוראו מיני קוקיס - עוגיות שוקולד צ'יפס ותחתית מצופה שוקולד חלב,מונדלז אספנה גלטאס פ,ES,מילקה מיני קוקיז,גרמים,110.00,100 גרם,false,,8.50,0.0773,true,1,121412
7622201139278,false,גבינת שמנת 27% שומן 150 ג' פילדלפיה,מיודלז אספניה פרודוק,ES,גבינת פילדלפיה 150 ג,גרמים,150.00,100 גרם,false,,13.90,0.0927,true,1,115437
7622201400972,false,מילקה ממרח שוקולד ואגוזים 600 ג',מונדלייז,AT,ממרח שוקולד מילקה 60,גרמים,600.00,100 גרם,false,,24.90,0.0415,true,1,122923
7622201401900,false,עוגיות מילקה סנסיישן אוראו 156 גרם,מונדלז פולסקה פרודקש,PL,עוגיות מילקה סנסיין,גרמים,156.00,100 גרם,false,,12.90,0.0827,true,1,118903
7622201502515,false,מילקה - עוגיות קוקי לופ 132 גרם,גיורי קייקס קייאפטי,HU,עוגיות מילקה קוקי לו,גרמים,132.00,100 גרם,false,,12.90,0.0977,true,1,163922
7622201521493,false,גבינת פילדלפיה שום ועשבי תיבול 150 גרם,מיודלז אספניה פרודוק,ES,פילדלפיה שום ועשבי ת,גרמים,150.00,100 גרם,false,,13.90,0.0927,true,1,167531
7622201798154,false,גבינת שמנת לייט מופחתת שומן 13% שומן,מיודלז אספניה פרודוק,ES,גבינת פילדלפיה לייט,גרמים,150.00,100 גרם,false,,13.90,0.0927,true,1,124049
7622201801809,false,מילקה שוקולד חלב עם אגוזים 100 גרם חדש,מנדלז דויצ'לנד סנקס,DE,מילקה שוקולד חלב עם,גרמים,100.00,100 גרם,false,,5.90,0.0590,true,1,123723
7622201802363,false,שוקולד מילקה טבלה חלב צימוקים ואגוזים 100ג',מנדלז דויצ'לנד סנקס,PL,מילקה שוקולד חלב צימ,גרמים,100.00,100 גרם,false,,5.90,0.0590,true,1,123722
7622201802394,false,שוקולד מילקה חלב מסרונים 100 גרם,מנדלז דויצ'לנד סנקס,PL,מילקה שוקולד חלב 100,גרמים,100.00,100 גרם,false,,5.90,0.0590,false,1,164072
7622201808631,false,אוראו מיני עוגיות ממולאות קרם וניל 67גרם,פי.טי. מונדלז אינדונ,ID,אוראו מיני כוסות בטע,גרמים,67.00,100 גרם,false,,6.90,0.1030,true,1,123733
7622201813390,false,עוגיות מילקה וואפל במילוי קרם קקאו 150 ג,מונדליז סי.אר. ביסקו,CZ,מילקה וופל במילוי קר,גרמים,150.00,100 גרם,false,,12.90,0.0860,true,1,122146
7622201819170,false,שוקולד מילקה דרק שקדים 85 גרם,מונדלז דויטשלנד סנאק,DE,מילקה דארק שקדים,גרמים,85.00,100 גרם,false,,6.90,0.0812,true,1,163923
7622201819408,false,שוקולד מילקה דארק קר,מונדלז דויטשלנד סנאק,DE,מילקה דארק קרמל,גרמים,85.00,100 גרם,false,,6.90,0.0812,true,1,163924
7622201819552,false,מילקה דארק שוקולד 85 גרם חדש,מונדלז דויטשלנד סנאק,DE,שוקולד מילקה דארק,גרמים,85.00,100 גרם,false,,6.90,0.0812,true,1,163925
7622210078131,false,מילקה שוקולד חלב במילוי קרם שמנת 100 ג',מנדלז דויצ'לנד סנקס,PL,שוקולד מילקה חלב שבר,גרמים,100.00,100 גרם,false,,5.90,0.0590,true,1,100902
7622210117762,false,"קוטדור בונבונירה בושה, 200 גרם כשל""פ",מונדליז,SK,קוטדור בושה 200 גר,גרמים,200.00,100 גרם,false,,17.90,0.0895,false,1,66604
7622210137234,false,עוגיות אוראו עם דאבל קרים וניל 170 גר,מונדלייז,ES,אוראו דאבל,גרמים,170.00,100 גרם,false,,7.90,0.0465,true,1,96883
7622210163899,false,שוקולד חלב במילוי סוכריות עדשים,מונדלז דויצ'לנד סנקס,DE,שוקולד מילקה חלב עם,גרמים,100.00,100 גרם,false,,5.90,0.0590,false,1,106455
7622210421968,false,לו ביסקוויט פטיט אקולייה 150 גר,,,לו ביסקוויט פטיט אקו,גרמים,150.00,100 גרם,false,,18.90,0.1260,true,1,109962
7622210453327,false,עוגיות שוקוצ'יפס במילוי שוקולד סנסיישן,מנדלז פולסקה פרודקשן,PL,עוגיות מילקה סנסיישן,גרמים,156.00,100 גרם,false,,12.90,0.0827,true,1,103336
7622210464729,false,אוראו גולדן עוגיות וניל במילוי קרם וניל,אוראו Oreo,CZ,אוראו וניל 154 גר,גרמים,154.00,100 גרם,false,,6.40,0.0416,true,1,113875
7622210597915,false,פרלינים לבבות שוקולד חלב ממולא קרם נוגט,מונדלז בולגריה פרודק,BG,מילקה לבבות פרלינים,מיליליטרים,110.00,"100 מ""ל",false,,9.90,0.0900,true,1,117946
7622210637994,false,מיני עוגיות אוראו קראנצ'י בייטס אורגינל,מונדלז אספניה ג'לאטס,ES,אוראו ביס קראנצ'י או,גרמים,110.00,100 גרם,false,,8.50,0.0773,true,1,118987
7622210638021,false,מיני עוגיות אוראו קראנצ'י בייטס מצופים,מונדלז אספניה ג'לאטס,ES,אוראו ביס קראנצ'י בצ,גרמים,110.00,100 גרם,false,,8.50,0.0773,true,1,119004
7622210690852,false,מילקה שוקולד טריולד 280 גרם,דיפלומט,AT,שוקולד מילקה טריולד,גרמים,280.00,100 גרם,false,,14.90,0.0532,true,1,104999
7622210690883,false,מילקה שוקולד חלב-מהדורת מונדיאל 270 גרם,מונדליז,AT,מילקה מונדיאל 270 גר,גרמים,270.00,100 גרם,false,,12.90,0.0478,false,1,168726
7622210693266,false,מילקה שוקולד אגוזים שלמים 270 גרם,מונדלז אוסטרייך פרוד,AT,מילקה אגוזים שלמים 2,גרמים,270.00,100 גרם,false,,14.90,0.0552,true,1,117957
7622210724557,false,קוטדור ביו מלוח 90 גר',מונדליז,DE,קוטדור ביו מלוח,גרמים,90.00,100 גרם,false,,15.90,0.1767,true,1,120094
7622210826053,false,שוקולד מילקה אוראו סנדוויץ 92 גר',גיאורי קאקסז קייאףטי,HU,שוקולד מילקה אוראו ס,גרמים,92.00,100 גרם,false,,5.90,0.0641,true,1,119095
7622210869616,false,קוטדור ביו 85% קקאו 90 גר',מונדליז,DE,קוטדור ביו 85% קקאו,גרמים,90.00,100 גרם,false,,15.90,0.1767,true,1,120095
7622300200237,false,"שוקולד חלב 250 ג' כשל""פ מילקה",מונדליז אוסטרייך פרו,PL,מילקה שוקולד חלב 250,גרמים,250.00,100 גרם,false,,12.90,0.0516,false,1,41875
7622300270506,false,מילקה גריינס - עוגיות שיבולת שועל מצופות שוקולד 168 ג',מונדלז פולסקה פרודקש,PL,עוגיות מילקה שוקו גר,גרמים,168.00,100 גרם,false,,12.90,0.0768,true,1,49658
7622300315283,false,אוראו עוגיות ממולאות קרם וניל 154 גרם,"מונדלז CR פרודקשיין,",UA,אוראו וניל 154 גר,גרמים,154.00,100 גרם,false,,6.40,0.0416,true,1,123782
7622300441715,false,מילקה - עוגיות שוקומינס 150 גרם,מילקה Milka,CZ,עוגיות מילקה שוקו מי,גרמים,182.00,100 גרם,false,,12.90,0.0709,true,1,98354
7622300489427,false,עוגיות אוראו בציפוי שוקולד לבן 246 גרם,מנדלז אספנה גאלטס פר,ES,עוגיות אוראו בציפוי,גרמים,246.00,100 גרם,false,,16.90,0.0687,false,1,105419
7622300489434,false,"עוגיות אוראו פאדג' בציפוי שוקולד חלב, 246 גרם",מנדלז אספנה גאלטס פר,ES,עוגיות אוראו בציפוי,יחידה,0.00,יחידה,false,,16.90,0.0000,false,1,105420
7622300495046,false,שוקולד מילקה אקסטרה קקאו 100 גרם,מנדלז דויצ'לנד סנקס,DE,שוקולד מילקה אקסטרא,גרמים,100.00,100 גרם,false,,5.90,0.0590,false,1,57269
7622300503079,false,"מילקה, עוגיות ביסקוויט מצופות שוקולד - 200 גרם",מונדלז פולסקה פרודקש,PL,ביסקוויט מצופה שוקול,גרמים,200.00,100 גרם,false,,12.90,0.0645,true,1,49659
7622300617820,false,שוקלד מילקה טבלת חלב אוראו 100ג',מנדלז דויצ'לנד סנקס,PL,שוקולד מילקה אוראו 1,גרמים,100.00,100 גרם,false,,5.90,0.0590,false,1,57270
7622300761363,false,עוגיות מיני אוראו במילוי קרם בטעם שוקולד בכוס,פי.טי. מונדלז אינדונ,ID,אוראו מיני כוסות שוק,גרמים,67.00,100 גרם,false,,6.90,0.1030,true,1,111886
7630311507016,false,סטארבקס קפסולות קפה סאני דיי 10יח,סטארבקס Starbucks,CH,קפסולות סטארבקס סאני,גרמים,57.00,100 גרם,false,,21.90,0.3842,true,1,165861
7630477891592,false,סטארבקס קפסולות קפה האוס בלנד 10 יחידות,סטארבקס Starbucks,CH,קפסולות סטארבקס האוס,גרמים,57.00,100 גרם,false,,21.90,0.3842,true,1,118112
7630477891615,false,סטארבקס קפסולות קפה סומטרה 10 יחידות,סטארבקס Starbucks,CH,קפסולות סטארבקס סומט,גרמים,55.00,100 גרם,false,,21.90,0.3982,true,1,118114
7630477891639,false,סטארבקס קפסולות קפה ורונה 10 יחידות,סטארבקס Starbucks,CH,קפסולות סטארבקס ורונ,גרמים,55.00,100 גרם,false,,21.90,0.3982,true,1,118115
7630477891677,false,סטארבקס קפסולות קפה פייק פלייס 10 יחידות,סטארבקס Starbucks,CH,קפסולות סטארבקס פייק,גרמים,53.00,100 גרם,false,,21.90,0.4132,true,1,118117
7630477891691,false,סטארבקס קפסולות קפה קולמביה 10 יחידות,סטארבקס Starbucks,CH,קפסולות סטארבקס קולו,גרמים,57.00,100 גרם,false,,21.90,0.3842,true,1,118118
7630477891714,false,סטארבקס קפסולות קפה אספרסו 10 יחידות,סטארבקס Starbucks,CH,קפסולות סטארבקס אספר,גרמים,57.00,100 גרם,false,,21.90,0.3842,true,1,118120
7630477891738,false,סטארבקס קפסולות קפה אספרסו בלונד 10 יחיד,סטארבקס Starbucks,CH,קפסולות סטארבקס אספר,גרמים,53.00,100 גרם,false,,21.90,0.4132,true,1,118119
7638900083071,false,סוללות אנרג'ייזר זוג,אנרג'ייזר,CN,סוללות A76 זוג Energ,יחידה,0.00,יחידה,false,,12.90,0.0000,true,1,108493
7638900248357,false,סוללות אנרג'ייזר זוג,אנרג'ייזר,CN,סוללות 2032 זוג Ener,יחידה,0.00,יחידה,false,,17.90,0.0000,true,1,108495
7638900426663,false,סוללת אדוונס פורמולה,אנרג'ייזר,US,סוללות 9V ANERGIZER,יחידה,0.00,יחידה,false,,23.90,0.0000,true,1,114397
7702018069347,false,סכיני גילוח חד פעמיים לנשים Blue 2,פרוקטר אנד גמבל,PL,בלו 2 לנשים 10+5,יחידה,0.00,יחידה,false,,29.90,0.0000,true,1,106777
7702018271788,false,גילט דאו קליר גל 70 מל ספורט,פרוקטר אנד גמבל,PL,ג'ילט פרו דאודורנט S,מיליליטרים,70.00,"100 מ""ל",false,,15.90,0.2271,true,1,56757
7702018321520,false,דאודורנט סטיק לגבר Pro G Arctic ice,תות ממתקי איכות,US,דאודורנט סטיק מתקדם,יחידה,0.00,יחידה,false,,22.90,0.0000,true,1,62118
7702018321582,false,דאודורנט סטיק לגבר Pro G Cool Wave,פרוקטר אנד גמבל,US,ג'ילט דאודורנט סטיק,יחידה,0.00,יחידה,false,,22.90,0.0000,true,1,60148
7702018357871,false,גל גילוח 2 ב1 לעור רגיש פרוגלייד 170 מל,פרוקטר אנד גמבל,PL,ג'ל גילוח פרוגלייד 2,יחידה,0.00,יחידה,false,,24.00,0.0000,true,1,97691
7702018439348,false,מארז ידית + 8 סכיני גילוח פיוז'ן 5 להבים,ג'ילט Gillette,DE,מארז ג'ילט פיוז'ו מכ,יחידה,0.00,יחידה,false,,99.90,0.0000,false,1,167808
7702018462032,false,סכיני גילוח גילט מאך 3 רביעייה,פרוקטור אנד גמבל,DE,ג'ילט מאך 3 רביעיה,יחידה,0.00,יחידה,false,,29.90,0.0000,false,1,113916
7702018469802,false,ג'ילט - ונוס סווירל ידית ו3 סכינים 5 להבים,פרוקטר אנד גמבל,PL,ג'ילט מארז ונוס סווי,יחידה,0.00,יחידה,false,,49.90,0.0000,false,1,167806
7702018471423,false,סכיני גילוח גילט פיוזן רביעייה,פרןקטר אנד גמבל ברלי,PL,ג'ילט פיוז'ן רביעיה,יחידה,0.00,יחידה,false,,34.90,0.0000,false,1,113917
7702018489619,false,גילט בלו 3 סכין גילוח חד פעמי לגבר 3 יח,פרוקטר אנד גמבל,PL,ג'ילט סכיני גילוח חד,יחידה,0.00,יחידה,false,,16.90,0.0000,true,1,117792
7702018539468,false,גילט ונוס תות- ידית ושלושה סכינים 5להבים מארז,פרוקטר אנד גמבל,PL,ג'ילט מארז ונוס תות,יחידה,0.00,יחידה,false,,49.90,0.0000,false,1,123239
7702018610280,false,גילט מארז פרוגלייד מכשיר+4 סכינים,פרוקטר אנד גמבל,PL,ג'ילט פרוגלייד ידית+,יחידה,0.00,יחידה,false,,99.90,0.0000,false,1,167804
7702018866984,false,גילט פיוזן ידני סכיני גילוח 4 יחידות,תות ממתקי איכות,PL,סכיני גילוח פיוז'ן 4,יחידה,0.00,יחידה,false,,44.90,0.0000,true,1,61318
7702018877591,false,סכיני גילוח רביעייה,,,סכיני גילוח ג'ילט רב,יחידה,0.00,יחידה,false,,65.90,0.0000,true,1,114425
7702018978120,false,"ג'ילט - דאודורנט ג'ל לגבר קול וייב 70 מ""ל",פרוקטר אנד גמבל,PL,ג'לט קליר ג'ל דאודור,מיליליטרים,70.00,"100 מ""ל",false,,15.90,0.2271,true,1,40386
7702018980833,false,"ג'ילט ג'ל גילוח סירייס מועשר בלחות - 200 מ""ל",פרוקטר אנד גמבל,GB,ג'ל גילוח סירייס מוע,מיליליטרים,200.00,"100 מ""ל",false,,16.90,0.0845,true,1,98205
7702018980864,false,קצף גילוח סירייס רגיש גילט 250 מל,פרוקטר & גמבל,,קצף גילוח סירייס רגי,מיליליטרים,250.00,"100 מ""ל",false,,16.90,0.0676,true,1,99633
7702024074625,false,פיטנס - חטיפי קרקר חיטה מלאה 234 גרם,קומסטיבלס לה רוזה אס,CO,פיטנס חטיפי קרקר חיט,גרמים,234.00,100 גרם,false,,11.90,0.0509,true,1,107620
7702024258322,false,"חטיפי קרקר עם חיטה מלאה, צ'יה וזרעי פשתן פיטנס",נסטלה Nestle,CO,פיטנס חטיפי קרקר צ'י,גרמים,234.00,100 גרם,false,,11.90,0.0509,true,1,118069
7702174066631,false,לקקן יוגטה פין פופ במילוי מסטיק 170 גר,הדקלאים אגודת שיתופי,EC,פין פופ לקקנים,גרמים,180.00,100 גרם,false,,9.90,0.0550,true,1,41201
7702174068826,false,סוכריות לקקן במילוי טופי בטעמי יוגורט פירות,הדקלאים אגודת שיתופי,CO,לקקן יוגטה פירות 12,יחידה,0.00,יחידה,false,,9.90,0.0000,true,1,56473
7702174068833,false,סוכריות לקקן במילוי טופי בטעמי גלידת פירות,הדקלאים אגודת שיתופי,EC,לקקן יוגטה גלידה 12,יחידה,0.00,יחידה,false,,9.90,0.0000,true,1,55471
7702174070201,false,יוגטה מגיק סוכריות בטעם מסטיק ממולא טופי,הדקלאים אגודת שיתופי,EC,יוגטה מג'יק לקקנים,גרמים,216.00,100 גרם,false,,9.90,0.0458,true,1,57935
7702174073844,false,לקקן יוגטה פין פופ פירות 48 יח 672 גרם,הדקלאים אגודת שיתופי,CO,לקקן פין פופ פירות 4,גרמים,672.00,100 גרם,false,,19.90,0.0296,true,1,92602
7705558030518,false,סט סכינים,,,סט סכינים,יחידה,0.00,יחידה,false,,19.90,0.0000,true,1,90747
7791875005353,false,ריבת חלב הוואנה דוצה דה לצה 450 גרם,פרימיום ברנד,ES,ריבת חלב הוואנה 450,גרמים,450.00,100 גרם,false,,17.90,0.0398,true,1,165222
7792860006218,false,סוכריות לקקנים בייבי דול Baby Doll לריטר,גוד פוד פרודקטס S.p,AR,בייבי דול לקקן,גרמים,24.00,100 גרם,false,,2.30,0.0958,true,1,10206
7798304600011,false,אוכמניות טריות,,,אוכמניות טריות,יחידה,0.00,יחידה,false,,9.90,0.0000,true,1,118420
8000040000802,false,משקה קמפרי 1000 מל פ,קמפרי (יורו),,קמפרי 1 ליטר,ליטרים,1.00,ליטר,false,,89.90,89.9000,true,1,32732
8000070003774,false,קפסולות אספרסו לוואצה אינטנסו 13 16 יח,לואיג'י לוואצה,IT,לוואצה קפסולות אינטנ,גרמים,120.00,100 גרם,false,,29.90,0.2492,true,1,168128
8000070003798,false,קפסולות אספרסו לוואצה דליסיוזו 8 16 יח,לואיג'י לוואצה,IT,לוואצה קפסולות דליסי,גרמים,120.00,100 גרם,false,,29.90,0.2492,true,1,168129
8000070003811,false,קפסולות אספרסו לוואצה פסיונלה 11 16 יח,לואיג'י לוואצה,IT,לוואצה קפסולות פסיונ,גרמים,120.00,100 גרם,false,,29.90,0.2492,true,1,168125
8000070011878,false,לוואצה חוזק 3 דה קפינטו נטול קופאין 250 גר,לווצה טורינו,IT,קפה לוואצה נטול קפאי,גרמים,250.00,100 גרם,false,,39.90,0.1596,false,1,25199
8000070012219,false,אורו פולי קפה 250 גר לוואצה,,IT,לוואצה אורו פולי קפה,גרמים,250.00,100 גרם,false,,36.90,0.1476,true,1,120823
8000070012783,false,קפה לוואצה קלוי וטחון חוזק 5 אורו 250 גר,לווצה טורינו,IT,קפה לוואצה אורו 250,גרמים,250.00,100 גרם,false,,34.90,0.1396,false,1,10715
8000070027398,false,קרמה קלאסיקו פולי קפה 500 גר לוואזה,,IT,לוואצה קרמה קלסיקו פ,גרמים,500.00,100 גרם,false,,64.90,0.1298,true,1,120777
8000070032835,false,קפה לוואצה קלוי וטחון חוזק 10 מטינו 250 גר,לווצה טורינו,IT,"לוואצה ""מטינו"" קפה ק",גרמים,250.00,100 גרם,false,,25.90,0.1036,true,1,25198
8000070035980,false,קפה לוואצה קלוי וטחון חוזק 5 רוסה 250 גר,לווצה טורינו,IT,קפה לוואצה רוסה אדום,גרמים,250.00,100 גרם,false,,28.90,0.1156,false,1,48861
8000070036321,false,פולי קפה לוואצה קואליטה רוסה 500 גר,,IT,לוואצה פולי קפה רוסה,יחידה,0.00,יחידה,false,,64.90,0.0000,true,1,167037
8000070038868,false,קפה לוואצה קלוי וטחון חוזק 8 קלאסיקו 250 גר,לווצה טורינו,IT,לוואצה קרמה גוסטו,גרמים,250.00,100 גרם,false,,27.90,0.1116,false,1,51133
8000070038974,false,"קרמה גוסטו פולי קפה 1 ג""ק לוואזה",,IT,לוואצה קרמה גוסטו פו,קילוגרמים,1.00,"ק""ג",false,,109.90,109.9000,true,1,120778
8000070042025,false,"פולי קפה סופר קרמה לוואצה 1 ק""ג",,,קפה לוואצה 1 קג,יחידה,1.00,יחידה,false,,119.90,119.9000,true,1,12110
8000070053465,false,קפסולות קפה אספרסו אורו דרגת חוזק 8,לווצה טורינו,IT,קפסולות לוואצה אלומי,גרמים,55.00,100 גרם,false,,19.90,0.3618,false,1,168644
8000070053472,false,קפסולות קרמה גוסטו קלאסיקו חוזק 12 57 ג' לוואצה,לואיג'י לוואצה,IT,קפסולות לוואצה אלומי,גרמים,55.00,100 גרם,false,,19.90,0.3618,false,1,168642
8000070053526,false,קפסולות קפה אספרסו רוסה דרגת חוזק 10,לווצה טורינו,IT,קפסולות לוואצה אלומי,גרמים,55.00,100 גרם,false,,19.90,0.3618,false,1,168645
8000070055254,false,קפסולות קרמה גוסטו פורטה חוזק 13 55 ג' לוואצה,לואיג'י לוואצה,IT,קפסולות לוואצה אלומי,גרמים,55.00,100 גרם,false,,19.90,0.3618,false,1,168643
8000070059832,false,קפסולות קרמה גוסטו ריקו חוזק 11 55 ג' לוואצה,לואיג'י לוואצה,IT,קפסולות לוואצה אלומי,גרמים,55.00,100 גרם,false,,19.90,0.3618,false,1,168646
8000091200954,false,טורטיה ללא גלוטן 180 גרם,,IT,טורטיה ללא גלוטן 60*,גרמים,180.00,100 גרם,false,,17.90,0.0994,true,1,113550
8000113003402,false,"קמח תירס בוואקום 1 ק""ג","כד בני דרום בע""מ",IT,קמח תירס 1 קג,קילוגרמים,1.00,"ק""ג",false,,15.90,15.9000,true,1,12130
8000193000452,false,"אורז ריזוטו ארבוריו 1 ק""ג (10)",,,"אורז ריזוטו 1 ק""ג",קילוגרמים,1.00,"ק""ג",false,,19.90,19.9000,true,1,63934
8000193000490,false,"אורז משובח לריזוטו קרנרולי 1 ק""ג (10)",,,אורז משובח לריזוטו ק,קילוגרמים,1.00,"ק""ג",false,,19.90,19.9000,true,1,104135
8000193000759,false,ריזוטו שחור 500 גרם,,,אורז שחור 500 גר',גרמים,500.00,100 גרם,false,,24.90,0.0498,true,1,102508
8000215202406,false,מעדן אורז בטעם שוקו אורגני 400 גרם,בטר אנד דיפרנט,IT,מעדן אורז אורגני קקא,גרמים,400.00,100 גרם,false,,15.90,0.0398,true,1,106608
8000215202413,false,מעדן אורז בטעם וניל אורגני 400 גרם,ויטריז,IT,מעדן אורז אורגני וני,גרמים,400.00,100 גרם,false,,15.90,0.0398,true,1,106711
8000215204219,false,משקה אורז - אורגני 1 ליטר,בטר אנד דיפרנט,IT,חלב אורז אורגני 1 לי,ליטרים,1.00,ליטר,false,,12.90,12.9000,false,1,57971
8000215204240,false,משקה שקדים ואורז - אורגני 1 ליטר,בטר אנד דיפרנט,IT,VITARIZ-חלב אורז שקד,ליטרים,1.00,ליטר,false,,12.90,12.9000,false,1,51309
8000215204271,false,ויטריז - משקה שקדים ואורז אישי 200 גר,"נטורפוד בע""מ",IT,ויטריז- חלב אורז שקד,מיליליטרים,200.00,"100 מ""ל",false,,3.90,0.0195,true,1,67347
8000215204370,false,ויטריז לבישול תחל. שמנת צמחי אורגני 200,ויטריז,IT,VITARIZ- תחליף שמנת,מיליליטרים,200.00,"100 מ""ל",false,,5.90,0.0295,true,1,90177
8000215204387,false,"רוטב בשמל צמחי אורגני ויטריז 500 מ""ל",,,שמנת בשמל לבישול אור,מיליליטרים,500.00,"100 מ""ל",false,,11.90,0.0238,true,1,104119
8000215204394,false,משקה אגוזי לוז ואורז אורגני 1 ליטר,בטר אנד דיפרנט,US,ויטריז-משקה אורז עם,ליטרים,1.00,ליטר,false,,14.90,14.9000,true,1,61055
8000215204561,false,VITASI משקה שקדים אורגני 1 ליטר,בטר אנד דיפרנט,IT,משקה שקדים אורגני vi,מיליליטרים,1000.00,"100 מ""ל",false,,14.90,0.0149,true,1,110161
8000215204653,false,משקה סויה ויטראריס 1,בטר אנד דיפרנט,IT,משקה סויה 1 ליטר,ליטרים,1.00,ליטר,false,,10.90,10.9000,true,1,114553
8000215204677,false,משקה ש.שועל בריסטה אורגני 1 ליטר ויטריז,בטר אנד דיפרנט,IT,VITARIZ משקה שיבולת,ליטרים,1.00,ליטר,false,,12.90,12.9000,false,1,165365
8000215204714,false,משקה שיבולת שועל אורגני 1 ליטר PRIMAVENA,בטר אנד דיפרנט,IT,משקה שיבולת שועל אור,ליטרים,1.00,ליטר,false,,12.90,12.9000,false,1,51838
8000215204745,false,משקה ש.שועל וניל אורגני 1 ליטר PRIMAVENA,אלינור,IT,משקה שיבולת שועל וני,ליטרים,1.00,ליטר,false,,12.90,12.9000,false,1,167430
8000320010026,false,עגבניות תמר מקולפות CIRIO 400 גר,צ'יריו,IT,עגבניות תמר מקולפות,גרמים,400.00,100 גרם,false,,6.20,0.0155,true,1,55033
8000320010088,false,"רוטב עגבניות במרקם גס 680 מ""ל MUTTI",קונסרב,IT,צ'יריו רסק עגבניות,גרמים,816.00,100 גרם,false,,10.90,0.0134,true,1,12137
8000320010095,false,"רוטב עגבניות במרקם עדין 700 מ""ל MUTTI",קונסרב,IT,פסאטה צ'יריו במרקם ע,מיליליטרים,700.00,"100 מ""ל",false,,10.90,0.0156,true,1,166651
8000320353659,false,שפורפרת רכז עגבניות צ'ירו 130 גרם,,,שפורפרת רכז עגבניות,גרמים,130.00,100 גרם,false,,7.50,0.0577,true,1,166662
8000320414855,false,עגבניות מרוסקות 400 גר CIRIO,,,צ'יריו-עגבניות חתוכו,גרמים,400.00,100 גרם,false,,14.90,0.0373,true,1,49859
8000320997266,false,צ'יריו רוטב לפיצה,,,צ'יריו רוטב לפיצה,גרמים,400.00,100 גרם,false,,7.90,0.0198,true,1,149494
8000353006386,false,ליקר לימוצלו לוקסרדו,,,לימונצ'לו לוקסרדו,מיליליטרים,700.00,"100 מ""ל",false,,99.90,0.1427,true,1,165990
8000380003723,false,גרנד פטיסרי עוגיות וופל אגוזים 100ג',קריניציה ויטמינה אס,IT,עוגיות פטיסרי אגוזים,גרמים,100.00,100 גרם,false,,11.90,0.1190,true,1,14742
8000380003761,false,וופל גרנדה פטיסרי קוקוס שוקולד 100ג',קריניציה ויטמינה אס,IT,עוגיות פטיסרי קוקוס,גרמים,100.00,100 גרם,false,,11.90,0.1190,true,1,14744
8000380004669,false,וופל לואקר סנדוויץ קוביות ושוקולד 200ג',"א. לואקר, קונפקט ג'י",AT,וופל קקאו 200 גר',גרמים,200.00,100 גרם,false,,12.00,0.0600,false,1,40369
8000380004676,false,קוביות וופל סנדוויץ Sandwich עם וניל וחלב,"א. לואקר, קונפקט ג'י",AT,וופל וניל 200 גר,גרמים,200.00,100 גרם,false,,12.00,0.0600,false,1,14746
8000380004911,false,קוביות וופל קואדרטיני Quadratini קרם אגוזים,קריניציה ויטמינה אס,AT,וופל קוארדטיני,גרמים,250.00,100 גרם,false,,13.90,0.0556,true,1,14749
8000380004966,false,וופל קוארדטיני לואקר קוביות שוקולד 250ג',קריניציה ויטמינה אס,AT,וופל קוארדטיני,גרמים,250.00,100 גרם,false,,13.90,0.0556,true,1,14750
8000380005598,false,מארז וופל שוקולד טורטינה Tortina שוקולד מריר,ליימן מותגים,IT,טורטינה שישיה מריר,גרמים,125.00,100 גרם,false,,16.00,0.1280,true,1,43374
8000380007219,false,וופל לואקר אגוז קלאסי 175ג',ליימן מותגים,AT,לואקר אגוז 175,גרמים,175.00,100 גרם,false,,10.90,0.0623,true,1,14751
8000380007257,false,וופל גרנדה מצופה שוקולד 200ג',קריניציה ויטמינה אס,IT,וופל גרדנה 200 ג,גרמים,200.00,100 גרם,false,,13.90,0.0695,true,1,14752
8000380007271,false,וופל לואקר קרם חלב 175ג',ליימן מותגים,AT,וופל לואקר 175,גרמים,175.00,100 גרם,false,,10.90,0.0623,true,1,14754
8000380106028,false,טורטינה לואקר וופל שוקולד ואגוזים שישיה 125ג',קריניציה ויטמינה אס,IT,טורטינה 125 גר,גרמים,125.00,100 גרם,false,,16.00,0.1280,true,1,65418
8000380144044,false,וופל גרדנה לואקר שוקולד 200ג',"א. לואקר , AG/SpA, ו",IT,וופל גרדנה שוקולד 20,גרמים,200.00,100 גרם,false,,13.90,0.0695,true,1,31669
8000380148035,false,וופל אגוזי לוג שוקולד מריר גראן פטיסרי Gran Pasticceria,קריניציה ויטמינה אס,IT,גרנד פטיסרי מריר אגו,גרמים,100.00,100 גרם,false,,11.90,0.1190,false,1,95429
8000380152704,false,וופל אצבעות גרדנה חטיפי אגוז שוקו' 125גר,"אינסטנטה בע""מ",IT,חטיפי אצבעות גרדנה א,גרמים,125.00,100 גרם,false,,14.00,0.1120,true,1,54389
8000380152728,false,מארז חטיפי אצבעות גרנדה שוקולד 125 גרם,"אינסטנטה בע""מ",IT,חטיפי אצבעות שוקולד,גרמים,125.00,100 גרם,false,,14.00,0.1120,true,1,54390
8000380153534,false,מארז וופל שוקולד טורטינה Tortina שוקולד לבן,ליימן מותגים,IT,טורטינה שישיות לבן,גרמים,125.00,100 גרם,false,,16.00,0.1280,true,1,60385
8000380157440,false,שוקולד חלב עם וופל במילוי קרם אגוזי לוז,"אינסטנטה בע""מ",IT,שוקולד חלב ממולא קרם,גרמים,85.00,100 גרם,false,,6.90,0.0812,true,1,97753
8000380157570,false,וופלים לואקר קלאסיק אגוז 262.5 גר,ליימן מותגים,AT,וופל לואקר אגוז 262.,גרמים,262.50,100 גרם,false,,10.00,0.0381,true,1,98348
8000380180721,false,לואקר וופל קקאו במילוי קרם חלבי 175 גר,קריניציה ויטמינה אס,AT,לואקר שוקו חלב 175 ג,גרמים,175.00,100 גרם,false,,10.90,0.0623,true,1,94813
8000380180745,false,קוביות וופל קואדרטיני קקאו במילוי קר חלב,"א. לואקר, קונפקט ג'י",AT,וופל קואדרטיני 250 ג,גרמים,250.00,100 גרם,false,,13.90,0.0556,true,1,94814
8000380180837,false,וופל שוקולד לבן וקוקוס גראן פטיסרי Gran Pasticceria,"אינסטנטה בע""מ",IT,גרנד פטיסרי לבן 100,גרמים,100.00,100 גרם,false,,11.90,0.1190,true,1,97239
8000380181032,false,"לואקר גרדנה חטיפי אצבעות אגוזים ושוקולד לבן, 125 גרם","אינסטנטה בע""מ",IT,וופל גרדנה לבן 125 ג,גרמים,125.00,100 גרם,false,,14.00,0.1120,true,1,97240
8000380187249,false,עוגיות עם מילוי קרם שקדים ושוקולד חלב,לואקר Loacker,AT,עוגיות שקדים 100 גר',גרמים,100.00,100 גרם,false,,12.90,0.1290,true,1,119119
8000380189281,false,וופל מיני מיקס לואקר בשקית 210 גרם,ליימן מותגים,AT,מארז לואקר מיני מיקס,גרמים,210.00,100 גרם,false,,21.90,0.1043,true,1,106159
8000380192250,false,וופלים לואקר מקסי בטעם שוקולד 200 גר',לואקר Loacker,IT,לואקר מקסי שוקולד 20,גרמים,200.00,100 גרם,false,,12.50,0.0625,true,1,122389
8000380201396,false,שוקולד חלב ממולא קרם קרמל ועלי וופל פריכ,ליימן מותגים,IT,טורטינה קרמל שישייה,גרמים,126.00,100 גרם,false,,16.00,0.1270,true,1,121910
8000380201525,false,חטיפי גרנד פטיסרי שישיה בטעם אגוזי לוז 126 ג' לואקר,ליימן מותגים,IT,חטיפי גרנד פטיסרי שי,גרמים,126.00,100 גרם,false,,18.90,0.1500,true,1,165336
8000380201549,false,שישייה גרנד פטיסרי קוקוס,ליימן מותגים,IT,חטיפי גרנד פטיסרי שי,גרמים,126.00,100 גרם,false,,18.90,0.1500,true,1,165337
8000380207183,false,שוקולד לואקר טורטינה חמאת בוטנים 126 גר,ליימן מותגים,IT,טורטינה חמאת בוטנים,גרמים,126.00,100 גרם,false,,16.00,0.1270,true,1,167335
8000500009673,false,בונבוניירה פררו רושה 300 גרם,קדבורי,IT,בונבוניירה רושר 300ג,גרמים,300.00,100 גרם,false,,45.90,0.1530,true,1,14756
8000500023624,false,חטיפי הפי היפו Happy Hippo במילוי קרם חלב וקקאו,קינדר Kinder,IT,חטיף קינדר הפי היפו,גרמים,100.00,100 גרם,false,,12.90,0.1290,true,1,32321
8000500023976,false,בונבוניירה רפאלו 150 גרם,פררו Ferrero,PL,בונבונירה רפאלו 150,גרמים,150.00,100 גרם,false,,16.90,0.1127,true,1,14757
8000500026731,false,שוקולד ביצי הפתעה קינדר שלישייה,קינדר Kinder,IT,ביצי קינדר שלישייה,גרמים,60.00,100 גרם,false,,16.50,0.2750,false,1,75968
8000500028124,false,קינדר גוי ביצת הפתעה מארז שלישיה,ליימן שליסל,ZA,שלישיה קינדר ג'וי 3x,גרמים,60.00,100 גרם,false,,16.50,0.2750,false,1,136211
8000500029350,false,מארז וופל מצופה 3יח' *43 גרם קינדר בואנו,קינדר Kinder,PL,שלישיה שוקולד קינדר,גרמים,129.00,100 גרם,false,,10.90,0.0845,true,1,14760
8000500032237,false,בונבוניירה פררו רושר 375 גר,פררו Ferrero,IT,בונבונירה רושר 375 ג,גרמים,375.00,100 גרם,false,,45.90,0.1224,true,1,14761
8000500037874,false,בונבוניירה פררו רושה 200 גרם,פררו Ferrero,IT,בונבונירה רושר 200 ג,גרמים,200.00,100 גרם,false,,25.90,0.1295,false,1,14763
8000500071083,false,אצבעות שוקולד קינדר Kinder שש עשרה יחידות,קינדר Kinder,IT,שוקולד קינדר 200 גר',גרמים,200.00,100 גרם,false,,12.90,0.0645,false,1,14765
8000500094976,false,"בונבוניירה פררו רושר רושה קונוס, 212 גרם T17X4",רושר,IT,פררו רושה קונוס 212,גרמים,212.00,100 גרם,false,,38.90,0.1835,true,1,56792
8000500121436,false,מארז קינדר בואנו Kinder Bueno לבן שלוש יחידות,קינדר Kinder,PL,שלישיה קינדר בואנו ל,גרמים,129.00,100 גרם,false,,10.90,0.0845,true,1,47831
8000500167656,false,קינדר שוקולד עם דגנים סיריאל 94 ג',פררו,IT,קינדר סיריאל מארז רב,גרמים,94.00,100 גרם,false,,8.50,0.0904,true,1,113487
8000500172810,false,סוכריות בטעם תות שדה מנטה- מארז רביעייה,טיק טק Tic Tac,EC,סוכריות טיק טק תות ר,גרמים,49.00,100 גרם,false,,9.90,0.2020,true,1,65169
8000500227848,false,נוטלה - בי רדי אצבעות ביסקוויט במילוי שוקולד 6 יח' * 22 גרם,פררו,IT,וופל מלוח נוטלה מארז,גרמים,132.00,100 גרם,false,,11.90,0.0902,true,1,108833
8000500247167,false,פררו קולקשן - כדורי וופל מצופים 24 יחידו,פררו,DE,פררו קולקשיין,גרמים,269.00,100 גרם,false,,39.90,0.1483,true,1,101567
8000500249352,false,קינדר בואנו מיני מיקס שקית 205 ג',קדבורי,PL,בואנו מיני מיקס,גרמים,205.00,100 גרם,false,,18.90,0.0922,true,1,105247
8000500256213,false,קינדר שוקולד מיני בשקית.,קדבורי,IT,קינדר שוקולד מיני,גרמים,120.00,100 גרם,false,,10.90,0.0908,true,1,165681
8000500267103,false,קינדר דליס עוגת ספוג קקאו במילוי חלבי*10,קינדר Kinder,IT,קינדר דליס עשירייה,גרמים,390.00,100 גרם,false,,19.90,0.0510,true,1,107623
8000500269169,false,קינדר קארדס Kinder Cards - חמישייה,קינדר Kinder,IT,קינדר קארדס חמישייה,גרמים,128.00,100 גרם,false,,12.90,0.1008,true,1,167831
8000500328750,false,כדור וופל פריך מצופה שוקולד פררו רושר 141 ג',פררו,DE,בונבוניירה פררו רונד,גרמים,141.00,100 גרם,false,,24.90,0.1766,true,1,121755
8000500353738,false,רביעיה סוכריות בטעם מנטה חזק 4 * 16 ג' טחק טק,פררו,EC,סוכריות טיק טק רביעי,גרמים,64.00,100 גרם,false,,9.90,0.1547,true,1,119270
8000500366073,false,נוטלה עוגיות נוטלה בשקית 20 יח'- NUTELLA BISCUITTS,פררו,IT,ביסקוויטים במילוי נו,גרמים,276.00,100 גרם,false,,19.90,0.0721,true,1,168974
8000698463295,false,בונבוניירה אלודי 250 גר FELETTI,H.D.I,IT,בונבוניירה אלודי,גרמים,250.00,100 גרם,false,,46.90,0.1876,true,1,118263
8001003100164,false,יוגטה סוכריות גילי בטעם פירות 450 גר,יוגטה yogueta,IT,סוכריות ג'לי 450 גר',גרמים,450.00,100 גרם,false,,11.90,0.0264,true,1,106314
8001003202028,false,יוגטה סוכריות גלי בטעם מנטה 80גר,יוגטה,IT,יוגטה ג'לי בטעם מנטה,גרמים,80.00,100 גרם,false,,4.50,0.0563,true,1,166719
8001090016003,false,טבליות למדיח פיירי 84 יחידות,פרוקטר אנד גמבל,FR,טבליות פיירי 84 יח ל,גרמים,1182.00,100 גרם,false,,49.90,0.0422,false,1,99205
8001090111715,false,תחתונים אולוויז דיסקריט מידה M לבריחת שתן,אולוויז Always,DE,אולוויז דיסקריט תחתו,יחידה,0.00,יחידה,false,,34.90,0.0000,false,1,107988
8001090128836,false,אורל בי 3D WHITE משחה-מנטה עדינה,דיפלומט,DE,אורל בי משחה מנטה עד,יחידה,0.00,יחידה,false,,11.90,0.0000,true,1,168818
8001090184375,false,"נוזל כלים פיירי 900 מ""ל ירוק אורגינל",פרוקטר אנד גמבל,GB,פרי לכלים אורגינל 90,מיליליטרים,900.00,"100 מ""ל",false,,12.90,0.0143,true,1,166866
8001090184412,false,"פיירי נוזל לניקוי כלים לימון שקוף, 900 מ""ל",פרוקטר אנד גמבל,GB,פרי לכלים לימון 900,מיליליטרים,900.00,"100 מ""ל",false,,12.90,0.0143,true,1,166867
8001090222428,false,"הרבל אסנסס - שמפו חלב קוקוס 400 מ""ל",הרבל אסנס Herbal Essences,FR,הרבל אסנסס שמפו חלב,מיליליטרים,400.00,"100 מ""ל",false,,17.90,0.0447,true,1,112231
8001090222541,false,"שמפו תות שדה ומנטה 400 מ""ל הרבל אסנסס",הרבל אסנס Herbal Essences,FR,הרבל אסנסס שמפו תות,מיליליטרים,400.00,"100 מ""ל",false,,17.90,0.0447,true,1,112233
8001090222572,false,"מרכך תות שדה ומנטה 400 מ""ל הרבל אסנסס",הרבל אסנס Herbal Essences,FR,הרבל אסנסס מרכך תות,מיליליטרים,400.00,"100 מ""ל",false,,17.90,0.0447,true,1,112234
8001090222725,false,"הרבל אסנסס - שמפו שמן מורינגה 400 מ""ל",הרבל אסנס Herbal Essences,FR,הרבל אסנסס שמפו שמן,מיליליטרים,400.00,"100 מ""ל",false,,17.90,0.0447,true,1,112235
8001090222756,false,"הרבל אסנסס - מרכך שמן מורינגה 400 מ""ל",הרבל אסנס Herbal Essences,FR,הרבל אסנסס מרכך שמן,יחידה,0.00,יחידה,false,,17.90,0.0000,true,1,112236
8001090222848,false,"הרבל אסנסס - שמפו שיקום שמן ארגן 400 מ""ל",הרבל אסנס Herbal Essences,FR,הרבל אסנסס שמפו שיקו,מיליליטרים,400.00,"100 מ""ל",false,,17.90,0.0447,true,1,112237
8001090222879,false,"הרבל אסנסס - מרכך שיקום שמן ארגן 400 מ""ל",הרבל אסנס Herbal Essences,FR,הרבל אסנסס מרכך שיקו,מיליליטרים,400.00,"100 מ""ל",false,,17.90,0.0447,true,1,112238
8001090290830,false,"משחת שיניים אורל בי 3D white פנינה בוהקת 75 מ""ל",פרוקטר אנד גמבל,DE,אורל בי משחת שיניים3,100 מל,75.00,100 מל,false,,19.90,0.2653,true,1,123537
8001090290939,false,"משחת שיניים אורל בי 3D white לבן בוהק 500 מ""ל",פרוקטר אנד גמבל,DE,אורל בי משחת שיניים3,100 מל,75.00,100 מל,false,,19.90,0.2653,true,1,123538
8001090290984,false,אורל בי 3D WHITE משחה-רעננות מעוררת,דיפלומט,DE,אורל בי משחה- רעננות,יחידה,0.00,יחידה,false,,11.90,0.0000,true,1,168819
8001090291035,false,אורל בי 3D WHITE משחה-רעננות ארקטית,דיפלומט,DE,אורל בי משחה-רעננות,יחידה,0.00,יחידה,false,,11.90,0.0000,true,1,168820
8001090336446,false,פמפרס בייבי דריי חיתולים מידה 4 34 יח,פרוקטר אנד גמבל,DE,פמפרס בייבי דריי מיד,יחידה,0.00,יחידה,false,,31.90,0.0000,false,1,114148
8001090336491,false,פמפרס בייבי דריי חיתולים מידה +4 31 יח,פרוקטר אנד גמבל,DE,פמפרס בייבי דריי מיד,יחידה,0.00,יחידה,false,,31.90,0.0000,false,1,114149
8001090336521,false,פמפרס בייבי דריי חיתולים מידה 5 30 יח,פרוקטר אנד גמבל,DE,פמפרס בייבי דריי מיד,יחידה,0.00,יחידה,false,,31.90,0.0000,false,1,114150
8001090364104,false,"משחת שיניים אורל בי G&E אורגינל 75 מ""ל",פרוקטר אנד גמבל,DE,משחת שיניים אורל בי,100 מל,75.00,100 מל,false,,15.90,0.2120,true,1,123533
8001090364159,false,"משחת שיניים אורל בי G&E רעננות מוגברת 75 מ""ל",פרוקטר אנד גמבל,DE,משחת שיניים אורל בי,100 מל,75.00,100 מל,false,,15.90,0.2120,true,1,123534
8001090364203,false,"משחת שיניים אורל בי G&E להלבנה עדינה 75 מ""ל",פרוקטר אנד גמבל,DE,משחת שיניים אורל בי,100 מל,75.00,100 מל,false,,15.90,0.2120,true,1,123535
8001090375186,false,"פנטן מרכך מרוכז לצבע מלא חיים 200 מ""ל",פרוקטר אנד גמבל,FR,פנטן מרכך הקסם 200 מ,מיליליטרים,200.00,"100 מ""ל",false,,18.90,0.0945,true,1,104204
8001090375230,false,"פנטן מרכך מרוכז 200 מ""ל לחות מוגברת",פרוקטר אנד גמבל,FR,פנטן מרכך הקסם 200 מ,מיליליטרים,200.00,"100 מ""ל",false,,18.90,0.0945,true,1,104205
8001090375285,false,"פנטן מרכך מרוכז 200 מ""ל למגע רך כשמי",פרוקטר אנד גמבל,FR,פנטן מרכך הקסם 200 מ,מיליליטרים,200.00,"100 מ""ל",false,,18.90,0.0945,true,1,104206
8001090379337,false,פמפרס פרימיום קר חיתולים שלב 3 40 יח VP,פרוקטר אנד גמבל,PL,חיתולי פמפרס פרימיום,יחידה,0.00,יחידה,false,,31.90,0.0000,false,1,165363
8001090379368,false,פמפרס פרימיום קר חיתולים שלב 4 34 יח VP,פרוקטר אנד גמבל,PL,חיתולי פמפרס פרימיום,יחידה,0.00,יחידה,false,,31.90,0.0000,false,1,165358
8001090379399,false,פמפרס פרימיום קר חיתולים שלב 5 30 יח VP,פרוקטר אנד גמבל,PL,חיתולי פמפרס פרימיום,יחידה,0.00,יחידה,false,,31.90,0.0000,false,1,165359
8001090458322,false,"פיירי ורדים ומשי 1015 מ""ל",פרוקטר & גמבל,GB,פיירי 1.015 ליטר ורד,ליטרים,1.01,ליטר,false,,14.90,14.7525,false,1,102017
8001090458353,false,סבון כלים פעולה אנטי-בקטריאלית אקליפטוס,פרוקטר אנד גמבל,US,פיירי אנטי בקטריאלי,מיליליטרים,515.00,"100 מ""ל",false,,9.90,0.0192,false,1,101130
8001090493637,false,"הד אנד שולדרס שמפו אולטרא טוטאל קר 450 מ""ל",פרוקטר אנד גמבל,RO,הד אנד שולדרס שמפו ט,מיליליטרים,450.00,"100 מ""ל",false,,16.90,0.0376,true,1,102167
8001090540577,false,"מי פה אורל בי להלבנה 500 מ""ל",אורל בי Oral B,DE,אורל בי מי פה להלבנה,מיליליטרים,500.00,"100 מ""ל",false,,23.90,0.0478,true,1,166341
8001090580122,false,"הד אנד שולדרס שמפו סופרים משקם 400 מ""ל",פרוקטר אנד גמבל,FR,שמפו שולדרס משקם 400,מיליליטרים,400.00,"100 מ""ל",false,,16.90,0.0422,true,1,110150
8001090645517,false,"מרכך הרבל אסנסס גינגר 400 מ""ל",הרבל אסנס Herbal Essences,FR,הרבל אסנסס מרכך ג'ינ,מיליליטרים,400.00,"100 מ""ל",false,,17.90,0.0447,true,1,122315
8001090678614,false,"שמפו סופרים לחות הד אנד שולדרס 400 מ""ל",פרוקטר אנד גמבל,FR,שמפו שולדרס לחות 400,מיליליטרים,400.00,"100 מ""ל",false,,16.90,0.0422,true,1,110151
8001090721099,false,טבליות ג'ל לכביסה 3 ב-1 בניחוח אביב הרים,פרוקטר אנד גמבל,FR,אריאל קפסולות לכביסה,יחידה,0.00,יחידה,false,,29.90,0.0000,true,1,107632
8001090721129,false,אריאל קפסולות גל לכביסה 3ב1 קולור 27 יח,פרוקטר אנד גמבל,FR,אריאל קפסולות לכביסה,יחידה,0.00,יחידה,false,,29.90,0.0000,true,1,107633
8001090737809,false,אולוויז מגן תחתון סינגל טנגה 36 יחידות,פרוקטר אנד גמבל,ES,מגן תחתון אולוויז סי,יחידה,0.00,יחידה,false,,16.90,0.0000,false,1,107219
8001090745903,false,אבקת כביסה טייד פרש אלפיין 4 קג,פרוקטר אנד גמבל,TR,טייד אלפיין פרש 4 קג,קילוגרמים,4.00,"ק""ג",false,,29.90,7.4750,false,1,114812
8001090748607,false,מרכך כביסה לנור מרוכז מיסתרי 1 ל,,SA,לנור מרכך מרוכז 1 לי,ליטרים,1.00,ליטר,false,,27.90,27.9000,true,1,112341
8001090748638,false,מרכך כביסה לנור מרוכז קיס 1 ל,,SA,לנור מרכך כביסה מרוכ,ליטרים,1.00,ליטר,false,,27.90,27.9000,true,1,112342
8001090802385,false,קפסולות גל לכביסה טייד בניחוח לנור 26 יח,פרוקטר אנד גמבל,FR,טייד קפסולות ג'ל 26,גרמים,100.00,100 גרם,false,,26.90,0.2690,false,1,117810
8001090832450,false,"שמפו פנטן הנוסחה הקלאסית 660 מ""ל",פרוקטר אנד גמבל,RO,פנטן שמפו נוסחה קלאס,מיליליטרים,660.00,"100 מ""ל",false,,17.90,0.0271,false,1,119601
8001090832535,false,"שמפו פנטן שמן מרוקאי משקם 660 מ""ל",פרוקטר אנד גמבל,RO,פנטן שמפו שמן מרוקאי,מיליליטרים,660.00,"100 מ""ל",false,,17.90,0.0271,false,1,119603
8001090832573,false,"שמפו פנטן לחות מוגברת 660 מ""ל",פרוקטר אנד גמבל,RO,פנטן שמפו לחות מוגבר,מיליליטרים,660.00,"100 מ""ל",false,,17.90,0.0271,false,1,119604
8001090832610,false,"שמפו פנטן למגע רך כמשי 660 מ""ל",פרוקטר אנד גמבל,RO,פנטן שמפו למגע רך כמ,מיליליטרים,660.00,"100 מ""ל",false,,17.90,0.0271,false,1,119605
8001090832696,false,"פנטן שמפו לתלתלים מושלמים 660 מ""ל",פרוקטר אנד גמבל,RO,פנטן שמפו לתלתלים מו,מיליליטרים,660.00,"100 מ""ל",false,,17.90,0.0271,false,1,119607
8001090832771,false,"פנטן שמפו להזנת קרטין 660 מ""ל",פרוקטר אנד גמבל,RO,פנטן שמפו הזנת קרטין,מיליליטרים,660.00,"100 מ""ל",false,,17.90,0.0271,false,1,119609
8001090832818,false,מרכך פנטן הנוסחה הקלאסית לשיער רגיל ומעורב,פרוקטר אנד גמבל,RO,פנטן קונדישנר נוסחה,מיליליטרים,660.00,"100 מ""ל",false,,17.90,0.0271,false,1,119611
8001090832856,false,"קונדישנר פנטן מרוקאי משקם 660 מ""ל",פרוקטר אנד גמבל,RO,פנטן קונדישנר מרוקאי,מיליליטרים,660.00,"100 מ""ל",false,,17.90,0.0271,false,1,119612
8001090832894,false,מרכך לשיער חלש ופגום לחות מוגברת,פרוקטר אנד גמבל,RO,פנטן קונדישנר לחות מ,מיליליטרים,660.00,"100 מ""ל",false,,17.90,0.0271,false,1,119613
8001090832931,false,"קונדישנר פנטן למגע רך כמשי 660 מ""ל",פרוקטר אנד גמבל,RO,פנטן קונדישנר למגע ר,מיליליטרים,660.00,"100 מ""ל",false,,17.90,0.0271,false,1,119614
8001090832979,false,"פנטן מרכך לתלתלים מושלמים 660 מ""ל",פרוקטר אנד גמבל,RO,פנטן מרכך לתלתלים מו,מיליליטרים,660.00,"100 מ""ל",false,,17.90,0.0271,false,1,119615
8001090833051,false,"פנטן מרכך הזנת קרטין 660 מ""ל",פרוקטר אנד גמבל,RO,פנטן מרכך הזנת קרטין,מיליליטרים,660.00,"100 מ""ל",false,,17.90,0.0271,false,1,119617
8001090833136,false,אריאל ג'ל כביסה בייבי 2.255 ליטר,פרוקטר אנד גמבל,FR,אריאל ג'ל בייבי 2.25,ליטרים,2.26,ליטר,false,,27.90,12.3451,false,1,109015
8001090833167,false,גל כביסה אריאל בניחוח הרים 2.365 ליטר,פרוקטור אנד גמבל,FR,אריאל ג'ל כביסה 2.36,ליטרים,2.37,ליטר,false,,28.90,12.1941,false,1,109016
8001090833198,false,אריאל נוזל כביסה 2.47 ליטר ניחוח מרענן,פרוקטור אנד גמבל,FR,אריאל ג'ל כביסה 2.36,ליטרים,2.37,ליטר,false,,28.90,12.1941,false,1,109017
8001090833228,false,אריאל ג'ל כביסה קולור 2.365 ליטר,פרוקטר אנד גמבל,FR,אריאל ג'ל כביסה 2.36,ליטרים,2.37,ליטר,false,,27.90,11.7722,false,1,109018
8001090833259,false,גל כביסה אריאל בניחוח הרים 3.740 ליטר,פרוקטר אנד גמבל,FR,אריאל ג'ל כביסה 3.74,ליטרים,3.74,ליטר,false,,45.90,12.2727,false,1,109013
8001090861276,false,"פנטן קונדישנר סופר פוד 660 מ""ל",דיפלומט,RO,פנטן קונדישנר סופר פ,מיליליטרים,660.00,"100 מ""ל",false,,17.90,0.0271,false,1,119618
8001090861795,false,"פנטן שמפו סופר פוד 660 מ""ל",דיפלומט,RO,פנטן שמפו סופר פוד,מיליליטרים,660.00,"100 מ""ל",false,,17.90,0.0271,false,1,119610
8001090891273,false,לנור כדוריות בושם בניחוח סחלב 210 גרם,פרוקטר אנד גמבל,US,לנור כדוריות הבושם ס,גרמים,210.00,100 גרם,false,,27.90,0.1329,true,1,118772
8001090899194,false,תחבושות אולוויז פלטינום נורמל 24 יח',פרוקטר אנד גמבל,DE,תחבושות אולוויז פלטי,יחידה,0.00,יחידה,false,,16.90,0.0000,true,1,113918
8001090899224,false,תחבושות אולוויז פלטינום לונג 20 יח',פרוקטר אנד גמבל,DE,תחבושות אולוויז פלטי,יחידה,0.00,יחידה,false,,16.90,0.0000,true,1,113919
8001090899255,false,תחבושות אולוויז פלטינום לילה 16 יח',פרוקטר אנד גמבל,DE,תחבושות אולוויז פלטי,יחידה,0.00,יחידה,false,,16.90,0.0000,true,1,113920
8001090899286,false,תחבושות אולוויז פלטינום לילה בטוח 14 יח',פרוקטר אנד גמבל,DE,תחבושות אולוויז פלטי,יחידה,0.00,יחידה,false,,16.90,0.0000,true,1,113921
8001090943095,false,סבון כלים פעולה אנטי-בקטריאלית אקליפטוס,פיירי Fairy,,פיירי אנטיבקטריאלי 1,ליטרים,1.01,ליטר,false,,14.90,14.7525,false,1,117814
8001090992338,false,פיירי טבליות למדיח פלטינום פלוס 50 יחידו,פרוקטר אנד גמבל,BE,פיירי קפסולות למדיח,יחידה,0.00,יחידה,false,,49.90,0.0000,true,1,116618
8001110016303,false,ליקר דיסארונו אמרטו,אילווה סרונו,,דיסרונו ליקר אמרטו,יחידה,750.00,יחידה,false,,79.90,0.1065,true,1,45147
8001160000888,false,"גטורייד משקה ספורט תפוז 500 מ""ל",ALOE VERA HEAVEN SRL,IT,גטורייד-ספורט תפוז,מיליליטרים,500.00,"100 מ""ל",false,,10.00,0.0200,true,1,57980
8001160001786,false,"משקה אנרגיה גטורייד ספורט כחול 500מ""ל",סאן בנדטו אס פי איי,IT,גטורייד ספורט כחול,מיליליטרים,590.00,"100 מ""ל",false,,10.00,0.0169,true,1,57052
8001160001892,false,"משקה אנרגיה גטורייד ספורט תפוז אדום 500מ""ל",פארייפאבה אגרואינדוס,IT,גטורייד-ספורט תפוז א,מיליליטרים,500.00,"100 מ""ל",false,,10.00,0.0200,true,1,57979
8001250003652,false,פסטה רדיאטורי מס 199,דה צ'אקו DE CECCO,,פסטה רדיאטורי 500 גר,מיליליטרים,500.00,"100 מ""ל",false,,9.90,0.0198,true,1,58932
8001250009999,false,דה צ'קו ניוקי תפוחי,דה צ'אקו DE CECCO,,דה צ'קו ניוקי תפוחי,גרמים,500.00,100 גרם,false,,8.90,0.0178,true,1,33699
8001250110015,false,לזניה דה צקו 500 גרם,דה צ'אקו DE CECCO,IT,פסטה לזניה מס 1',גרמים,500.00,100 גרם,false,,16.90,0.0338,true,1,26344
8001250120069,false,פסטה פטוצלה מס 6 דה,,,פסטה דה צ'קו פטו,יחידה,0.00,יחידה,false,,9.90,0.0000,true,1,12156
8001250120113,false,פסטה ספגטיני מס 11 ד,,,ספגטי מס' 11,יחידה,0.00,יחידה,false,,9.90,0.0000,true,1,12158
8001250120229,false,פסטה פסטונטי מס 22,,,פסטה פסטונטי 22,יחידה,500.00,יחידה,false,,9.90,0.0198,true,1,44902
8001250120236,false,טורטוליוני 500 גרם DE CECCO,,,פסטה איטלקית טורטולי,מיליליטרים,500.00,"100 מ""ל",false,,9.90,0.0198,true,1,58763
8001250120243,false,ריגטוני 500 גרם DE CECCO,דה צ'אקו DE CECCO,,פסטה דה צ'יקו,יחידה,0.00,יחידה,false,,9.90,0.0000,true,1,25164
8001250120267,false,ריגטוני קצר 500 גרם DE CECCO,,,דה צ'יקו ריטוני קצר,יחידה,0.00,יחידה,false,,9.90,0.0000,true,1,40708
8001250120335,false,קיפרי ריגטי 500 גרם DE CECCO,,,פסטה איטלקית קיפרי ר,גרמים,500.00,100 גרם,false,,9.90,0.0198,true,1,58764
8001250120410,false,פסטה פנה מס 41 דה צק,דה צ'אקו DE CECCO,IT,פסטה פנה ריגטה,גרמים,500.00,100 גרם,false,,9.90,0.0198,true,1,96998
8001250120465,false,קונכיות ניוקי 500 גרם DE CECCO,,,פסטה דה צ'קו ניו,יחידה,0.00,יחידה,false,,9.90,0.0000,true,1,12162
8001250120502,false,פסטה קונצלי מס 50 דה,,,פסטה דה צ'יקו,יחידה,0.00,יחידה,false,,9.90,0.0000,true,1,25166
8001250120748,false,פסטה ריזו מס 74 דה צ,,,פסטה ריזו 74,יחידה,500.00,יחידה,false,,9.90,0.0198,true,1,44731
8001250120878,false,קוואטפי 500 גרם DE CECCO,,,פסטה דה צ'יקו,יחידה,0.00,יחידה,false,,9.90,0.0000,true,1,25167
8001250120885,false,חונקי כמרים 500 גרם DE CECCO,דה צ'אקו DE CECCO,,חונקי כרמים דה צ'יקו,גרמים,500.00,100 גרם,false,,9.90,0.0198,true,1,32739
8001250120908,false,פסטה ראקט מס 90 דה צ,דה צ'אקו DE CECCO,,דה-צ'יקו ראקט,יחידה,0.00,יחידה,false,,9.90,0.0000,true,1,33452
8001250120915,false,אורקייטה 500 גרם DE CECCO,,,דה-צ'יקו אורקייטה 91,יחידה,0.00,יחידה,false,,9.90,0.0000,true,1,33700
8001250120939,false,פסטה פרפלה מס 93 דה,,,פסטה דה צ'יקו,גרמים,500.00,100 גרם,false,,9.90,0.0198,true,1,25168
8001250121264,false,פסטה קנציליוני מס 12,דה צ'אקו DE CECCO,,דה צ'קו קונצ'יליוני,יחידה,500.00,יחידה,false,,15.90,0.0318,true,1,39594
8001250121813,false,אטריות דה צקו פיליני,,,פסטה פיליני 500 גר',גרמים,500.00,100 גרם,false,,9.90,0.0198,true,1,119408
8001250121981,false,פוזילי מסולסל 500 גרם DE CECCO,,,פוזילי מסולסל 198,יחידה,500.00,יחידה,false,,9.90,0.0198,true,1,44903
8001250152015,false,פסטה פפרדלה דה צקו ק,דה צ'אקו DE CECCO,IT,דה-צ'יקו פפרדלה 201,יחידה,0.00,יחידה,false,,13.90,0.0000,true,1,33701
8001250152091,false,קאפלי דאנגלו 500 גרם 209,General,,דה-צ'יקו קאפלי ד'אנג,יחידה,0.00,יחידה,false,,13.90,0.0000,true,1,51052
8001250152114,false,טריפוליני 500 גרם DE CECCO,דה צ'אקו DE CECCO,,פסטה טריפולין 11,יחידה,0.00,יחידה,false,,13.90,0.0000,true,1,12165
8001250201034,false,פטוציני ביצים 250 גרם DE CECCO,DE CECCO,IT,פטוצ'יני ביצים 103,יחידה,0.00,יחידה,false,,10.90,0.0000,true,1,59908
8001250250018,false,"שמן זית EXTRA VIRGIN CLASSICO (כחול) 750 מ""ל",VIRGINIAS INDUSTRIAS,IT,"שמן זית 750 מ""ל",מיליליטרים,750.00,"100 מ""ל",false,,39.90,0.0532,true,1,120830
8001250310125,false,ספגטי חיטה מלאה 500 גרם DE CECCO,,,דה-צ'יקו ספגטי 12 חי,יחידה,0.00,יחידה,false,,9.90,0.0000,true,1,57138
8001250310415,false,פנה חיטה מלאה 500 גרם DE CECCO,,,דה-צ'יקו פנה 41 חיטה,יחידה,0.00,יחידה,false,,9.90,0.0000,true,1,34428
8001250861764,false,קמח מחיטת דורום דה צ,דה צקו,IT,קמח חיטת דורום 1,יחידה,0.00,יחידה,false,,15.90,0.0000,true,1,34010
8001435310018,false,בירה מורטי בקבוק 330,,,בירה מורטי בקבוק 330,מיליליטרים,330.00,"100 מ""ל",false,,8.00,0.0242,true,1,114008
8001440118944,false,CIRIO מארז שלישיית עגבניות חתוכות דק,דיפלומט,IT,שלישיית עגבניות פולפ,גרמים,400.00,100 גרם,false,,14.90,0.0373,true,1,166652
8001440124167,false,"רוטב פומודורו לפסטה צ'ריו 446 מ""ל CIRIO",,,רוטב פומודורו לפסטה,מיליליטרים,446.00,"100 מ""ל",false,,11.90,0.0267,true,1,166654
8001440124181,false,"רוטב עגבניות בזיליקום לפסטה צ'ריו 446 מ""ל CIRIO",,,רוטב עגבניות בזיליקו,מיליליטרים,446.00,"100 מ""ל",false,,11.90,0.0267,true,1,166655
8001440134487,false,עגבניות שרי מקולפות 400 גר CIRIO,,IT,עגבניות שרי מקולפות,גרמים,400.00,100 גרם,false,,8.90,0.0223,true,1,166658
8001505001105,false,ממרח אגוזי לוז אורגני 270 גרם NICCIOLATA,פיור די פרוטה,,ממרח אגוזי לוז אורגנ,גרמים,270.00,100 גרם,false,,19.90,0.0737,true,1,111380
8001505003963,false,ממרח אגוזי לוז קראנצי אורגני 270 גרם,,IT,ממרח אגוזי לוז קראנצ,גרמים,270.00,100 גרם,false,,19.90,0.0737,true,1,166329
8001561101252,false,פילה טינה וונטרסקה ב,גיאצינטו קליפו,IT,נתחי טונה בשמן זית 1,גרמים,125.00,100 גרם,false,,42.90,0.3432,true,1,112311
8001561301706,false,שימורי טונה 160 גרם CALLIPO,קליפו קונסרב,IT,CALLIPO-טונה בשמן זי,גרמים,160.00,100 גרם,false,,16.90,0.1056,true,1,56655
8001561521708,false,גושי טונה במיי מלח זוגות 2*160 גר קליפו,גיאצינטו קליפו,,קליפו-גושי טונה במים,גרמים,320.00,100 גרם,false,,31.90,0.0997,true,1,62856
8001620011935,false,מים מינרלים מוגזים שישייה בקבוק אישי,אקווה מינרלה סאן בנד,IT,סאן בנדטו מוגז שישיי,ליטרים,3.00,ליטר,false,,12.90,4.3000,false,1,49468
8001620015636,false,"משקה פירות פרוטה-מיקס פירות 400 מ""ל סאן בנדטו",אקווה מינרלה סאן בנד,IT,סאן בנדטו מיקס פירות,מיליליטרים,400.00,"100 מ""ל",false,,6.50,0.0163,true,1,122051
8001620017456,false,"מים מינרלים שישיה ספורט סאן בנדטו 500 מ""ל",סאן בנדטו San Benedetto,,סאן בנדטו פקק ספורט,ליטרים,3.00,ליטר,false,,13.90,4.6333,true,1,104960
8001620018248,false,"מים מינרלים 750 מ""ל סאן בנדטו-פקק ספורט",סאן בנדטו San Benedetto,,סאן בנדטו פקק ספורט,מיליליטרים,750.00,"100 מ""ל",false,,3.90,0.0052,true,1,111148
8001620018408,false,"משקה פירות בטעם מנגו תפוח 400 מ""ל פרוטה",אקווה מינרלה סאן בנד,IT,סן בנדטו משקה פירות,מיליליטרים,400.00,"100 מ""ל",false,,6.50,0.0163,true,1,165122
8001620019160,false,"סן בנדטו אפרסק 400 מ""ל 12 יח'",אקווה מינרלה סאן בנד,IT,מים סן בנדטו אפרסק 4,מיליליטרים,400.00,"100 מ""ל",false,,5.90,0.0147,true,1,168261
8001841006710,false,לנור כדוריות הריח בניחוח רענן 210 גרם,פרוקטר אנד גמבל,US,לנור כדוריות הבושם ר,גרמים,210.00,100 גרם,false,,27.90,0.1329,true,1,118773
8001841006833,false,לנור כדוריות הבושם בניחוח אביבי 210 ג',פרוקטר אנד גמבל,,לנור כדוריות הבושם א,גרמים,210.00,100 גרם,false,,27.90,0.1329,true,1,118774
8001841053646,false,תחבושות אולוויז עבות נורמל פלוס 14 יח,פרוקטר אנד גמבל,HU,תחבושות אולוויז עבה,יחידה,0.00,יחידה,false,,11.90,0.0000,true,1,123349
8001841053684,false,תחבושות אולוויז עבות לונג פלוס 12 יח,פרוקטר אנד גמבל,HU,תחבושות אולוויז עבה,יחידה,0.00,יחידה,false,,11.90,0.0000,true,1,123350
8001841053806,false,תחבושות היגייניות אולוויז מקסי עבה לילה,פרוקטר & גמבל,HU,תחבושות אולוויז עבה,יחידה,0.00,יחידה,false,,11.90,0.0000,true,1,123345
8001841062624,false,פמפרס מגבונים לחים ללא בישום רביעייה,פרוקטר אנד גמבל.,DE,מגבוני פמפרס ללא ביש,יחידה,0.00,יחידה,false,,15.90,0.0000,true,1,119619
8001841077949,false,מארז מגבוני פמפרס בניחוח מרענן - רביעייה,פרוקטר אנד גמבל,DE,פמפרס מגבונים פרש,יחידה,0.00,יחידה,false,,15.90,0.0000,false,1,112695
8001841104751,false,פמפרס פרימיום קר חיתולים שלב 1 52 יח VP,פרוקטר אנד גמבל,PL,חיתולי פמפרס פרימיום,יחידה,0.00,יחידה,false,,31.90,0.0000,false,1,165360
8001841104799,false,פמפרס פרימיום קר חיתולים שלב 2 46 יח VP,פרוקטר אנד גמבל,PL,חיתולי פמפרס פרימיום,יחידה,0.00,יחידה,false,,31.90,0.0000,false,1,165361
8001841105093,false,פמפרס פרימיום קר חיתולים שלב 6 26 יח VP,פרוקטר אנד גמבל,PL,חיתולי פמפרס פרימיום,יחידה,0.00,יחידה,false,,31.90,0.0000,false,1,165362
8001841137179,false,קונדישינר הד&שולדרס הנוסחה הקלאסית 275מל,פרוקטר אנד גמבל,RO,הד אנד שולדרס קונדיש,מיליליטרים,275.00,"100 מ""ל",false,,14.90,0.0542,true,1,113699
8001841137216,false,"קונדישנר למגע רך כמשי הד אנד שולדרס 275 מ""ל",פרוקטר אנד גמבל,RO,הד אנד שולדרס קונדיש,מיליליטרים,275.00,"100 מ""ל",false,,14.90,0.0542,true,1,113700
8001841272757,false,אורל-בי משחת שיניים להלבנה פחם- לניקוי עמוק,פרוקטר אנד גמבל,DE,אורל בי משחת שיניים,מיליליטרים,75.00,"100 מ""ל",false,,19.90,0.2653,true,1,164869
8001841427126,false,מגן תחתון אולוויז מגה פק פרו פרש נורמל 64 יחי,פרוקטר אנד גמבל,DE,מגן תחתון אולוויז מג,יחידה,0.00,יחידה,false,,16.90,0.0000,true,1,117863
8001841500799,false,"הרבל אסנסס - שמפו ללא סולפטים אלוורה ומנגו 380 מ""ל",הרבל אסנס Herbal Essences,FR,הרבל אסנס שמפו ללא ס,מיליליטרים,380.00,"100 מ""ל",false,,17.90,0.0471,true,1,120085
8001841500942,false,"הרבל אסנסס - שמפו ללא סולפטים אלוורה ובמבוק 380 מ""ל",הרבל אסנס Herbal Essences,FR,הרבל אסנס שמפו ללא ס,מיליליטרים,380.00,"100 מ""ל",false,,17.90,0.0471,true,1,120086
8001841566771,false,לנור כדוריות בושם בניחוח יסמין 210 גרם,פרוקטר אנד גמבל,US,לנור כדוריות הבושם ב,גרמים,210.00,100 גרם,false,,27.90,0.1329,true,1,118775
8001841625188,false,סבון כלים פלטינום לימון X3 פעולות להסרת שומנים,פרוקטר אנד גמבל,GB,פיירי פלטיניום לימון,מיליליטרים,515.00,"100 מ""ל",false,,9.90,0.0192,false,1,117047
8001841625287,false,סבון כלים פלטינום לימון X3 פעולות להסרת שומנים,פרוקטר אנד גמבל,GB,פיירי לימון 1.015 לי,ליטרים,1.01,ליטר,false,,14.90,14.7525,true,1,116508
8001841625362,false,"נוזל כלים בניחוח לימון פלטינום 780 מ""ל פיירי",פרוקטר אנד גמבל,GB,פרי לכלים לימון פלטי,מיליליטרים,780.00,"100 מ""ל",false,,12.90,0.0165,true,1,166868
8001841625461,false,סבון כלים פלטינום X3 פעולות להסרת שומנים,פרוקטר אנד גמבל,GB,פיירי פלטיניום 515 מ,מיליליטרים,515.00,"100 מ""ל",false,,9.90,0.0192,false,1,117048
8001841625508,false,סבון כלים פלטינום X3 פעולות להסרת שומנים,פרוקטר אנד גמבל,GB,פיירי פלטיניום אורגי,מיליליטרים,1015.00,"100 מ""ל",false,,14.90,0.0147,true,1,116658
8001841660530,false,קרם לחות מינרלס במבוק + חלבון משקם לשיער ארוך,פנטן Pantene,FR,פנטן מיראקלס קרם לחו,מיליליטרים,270.00,"100 מ""ל",false,,17.90,0.0663,true,1,122785
8001841669465,false,אריאל קפסולות לכביסה ג'ל 24 יח' בניחוח לנור,פרוקטר אנד גמבל,FR,אריאל קפסולות 24 יח,יחידה,0.00,יחידה,false,,29.90,0.0000,false,1,121400
8001841669519,false,אריאל קפסולות גל לכביסה 3ב1 רגיל 55 יח,פרוקטר אנד גמבל,FR,אריאל קפסולות כביסה,גרמים,1386.00,100 גרם,false,,54.90,0.0396,false,1,117921
8001841680989,false,מגן תחתון אולוויז מגה פק פרו פרש לארג' 60 יחי,פרוקטר אנד גמבל,DE,מגן תחתון אולוויז מג,יחידה,0.00,יחידה,false,,16.90,0.0000,true,1,117778
8001841716312,false,הד אנד שולדרס ג'ל רחצה ושמפו ספורט 360מל,"פרוקטר אנד גמבל, צרפ",FR,הד אנד שולדרס ג'ל רח,מיליליטרים,360.00,"100 מ""ל",false,,18.90,0.0525,true,1,123061
8001841716435,false,"הד אנד שולדרס ג'ל רחצה ושמפו לעור רגיש 360 מ""ל","נארז ע""י : א.ג. גילר",FR,הד אנד שולדרס ג'ל רח,מיליליטרים,360.00,"100 מ""ל",false,,18.90,0.0525,true,1,123062
8001841941929,false,אולוויז לילה בטוח אקסטרה 16יח תחבושות ול,פרוקטר אנד גמבל,DE,תחבושות אולוויז וליו,יחידה,0.00,יחידה,false,,16.90,0.0000,false,1,122789
8001841943961,false,לנור כדוריות בושם בניחוח אוקיינוס 210 גר,פרוקטר אנד גמבל,US,לנור כדוריות הבושם א,גרמים,210.00,100 גרם,false,,27.90,0.1329,true,1,118776
8001876002169,false,ניוקי 500 גר',,,ניוקי 500 גר',גרמים,500.00,100 גרם,false,,7.50,0.0150,true,1,113409
8001876012588,false,שמן זית כתית מעולה י,COLAVITA SpA,,COLAVITA MEDITERRAN,מיליליטרים,750.00,"100 מ""ל",false,,44.90,0.0599,true,1,51207
8001876012595,false,שמן זית קולאויטה כתי,COLAVITA SpA,,COLAVITA GREEK-שמן,מיליליטרים,750.00,"100 מ""ל",false,,44.90,0.0599,true,1,51208
8001876020088,false,שמן זית קולאויטה כתי,COLAVITA SpA,IT,COLAVITA שמן זית 750,יחידה,750.00,יחידה,false,,44.90,0.0599,true,1,43905
8001876550028,false,חומץ יין לבן 500 מל,COLAVITA SpA,IT,COLAVITA חומץ יין לב,יחידה,500.00,יחידה,false,,17.90,0.0358,true,1,39842
8001876550561,false,חומץ בלסמי ממודנה 50,COLAVITA SpA,IT,COLAVITA חומץ בלסמי,יחידה,500.00,יחידה,false,,23.00,0.0460,true,1,40407
8001906997557,false,פרל אנימה - מבעבע רוזה חצי מתוק 750 מל,,IT,פרל אנימה מבעבע רוזה,מיליליטרים,750.00,"100 מ""ל",false,,35.00,0.0467,true,1,117956
8001906998561,false,יין פרימו וי פרוסקו,,,פרימו וי פרוסקו,מיליליטרים,750.00,"100 מ""ל",false,,52.90,0.0705,true,1,164636
8001931120944,false,"פסטה קן לציפור דק, 500 גרם",,,פסטה סמולינה דק 500,גרמים,500.00,100 גרם,false,,7.50,0.0150,true,1,166888
8001931120982,false,פסטה עבה 500 גרם קן לציפור - טליאטלה,,,פסטה סמולינה עבה 500,גרמים,500.00,100 גרם,false,,7.50,0.0150,true,1,166889
8001931121002,false,פסטה קן לציפור עבה במיוחד 500 גרם,,,פסטה קן לציפור עבה 5,גרמים,500.00,100 גרם,false,,7.50,0.0150,true,1,165663
8001940000015,false,וילדה מטלית חלונות,,,מטלית וילדה לחלון,יחידה,0.00,יחידה,false,,13.90,0.0000,true,1,166137
8001940000213,false,וילדה מטלית ספוג 3 י,,,מטליות וילדה 3 יח',יחידה,0.00,יחידה,false,,13.90,0.0000,true,1,166141
8002066001399,false,אטריות ביצים טלייאטלה ללא גלוטן 250גר,,IT,אטריות ביצים ללא גלו,גרמים,250.00,100 גרם,false,,18.90,0.0756,true,1,121386
8002066001405,false,אטריות ביצים טלייאטלה ללא גלוטן 250גר,,IT,אטריות ביצים ללא גלו,גרמים,250.00,100 גרם,false,,18.90,0.0756,true,1,121387
8002066001412,false,אטריות ביצים טליאוליני ללא גלוטן 250גר,,IT,אטריות ביצים ללא גלו,גרמים,250.00,100 גרם,false,,18.90,0.0756,true,1,121388
8002110383709,false,נוטרוגינה ס.נורבגית ק.ידיים לא מבושם 50מל,ניוטרוג'ינה Neutrogena,FR,קרם ידיים נוטורוג'ינ,מיליליטרים,50.00,"100 מ""ל",false,,26.90,0.5380,true,1,45611
8002213004068,false,קמח לפיצה ורוד 1 קג,,,"קמח לפיצה 1 ק""ג",קילוגרמים,1.00,"ק""ג",false,,9.50,9.5000,true,1,104815
8002230000012,false,מארז משקה קוקטייל אפ,אלכוהול (איי.בי.בי),,אפרול -משקה אפרטיף,ליטרים,1.00,ליטר,false,,90.00,90.0000,true,1,60293
8002267014662,false,שלישייה ביצי שוקולד חלב עם צעצוע ברבי,צ'וקטה Chocketa,IT,ביצת הפתעה ברבי שליש,גרמים,60.00,100 גרם,false,,12.90,0.2150,true,1,106505
8002267014945,false,שלישייה ביצי שוקולד חלב עם צעצוע הוט ווילס,צ'וקטה Chocketa,IT,ביצת הפתעה הוט ווילס,גרמים,60.00,100 גרם,false,,12.90,0.2150,true,1,106506
8002267015263,false,ביצי שוקולד חלב עם הפתעת צעצוע - מארז 3 יח',צ'וקטה Chocketa,IT,ביצי הפתעה שלישייה מ,גרמים,60.00,100 גרם,false,,12.90,0.2150,true,1,118595
8002267016475,false,ביצת שוקולד הפתעה בוב הבנאי שלישייה 60 ג,מולינו ניקולי s.p.a,IT,צ'וקטה ביצי הפתעה בו,יחידה,0.00,יחידה,false,,12.90,0.0000,true,1,109469
8002270015649,false,משקה סאן פלגרינו 250 מל,סן פלגרינו ס.פ.א לוק,IT,סן פלגרינו קטן,מיליליטרים,250.00,"100 מ""ל",false,,5.50,0.0220,true,1,20891
8002270015656,false,סאן פלגרינו מים מוגז,סן פלגרינו ס.פ.א לוק,IT,מים סאן פלגרינו,מיליליטרים,750.00,"100 מ""ל",false,,8.90,0.0119,true,1,20892
8002270166594,false,"שישיית סאן פלגרינו 250 מ""ל",טמפו,,שישייה סאן פלגרינו,ליטרים,1.50,ליטר,false,,29.90,19.9333,true,1,102716
8002270256790,false,אסנזה משקה מוגז בטעם תפוז דם ופטל שחור,סן פלגרינו San Pellegrino,,סן פלגרינו אסנזה תפו,מיליליטרים,3000.00,"100 מ""ל",false,,29.90,0.0100,true,1,166578
8002270436581,false,"שישיית מים סאן פלגרינו פלסט 500 מ""ל",סן-פלגרינו,IL,סן פלגרינו פלסטיק מו,ליטרים,3.00,ליטר,false,,26.90,8.9667,true,1,112455
8002270576645,false,סן פלגרינו אורגני לי,סן פלגרינו,IT,סאן פלגרינו אורגני ל,מיליליטרים,200.00,"100 מ""ל",false,,6.00,0.0300,true,1,114187
8002270866524,false,סאן פלנגרינו מים מינ,סן פלגרינו San Pellegrino,IL,סאן פלגרינו 1 ליטר,ליטרים,1.00,ליטר,false,,8.90,8.9000,true,1,58905
8002450205006,false,*מבצע* ורדי תות שדה,איטליה בוסקה,IT,ורדי תות שדה,מיליליטרים,750.00,"100 מ""ל",false,,22.90,0.0305,true,1,99860
8002450206003,false,ורדי רימונים ספרקלטיני,"איי, בי, אינבוו",IT,ספרקלטיני ורדי רימונ,מיליליטרים,750.00,"100 מ""ל",false,,22.90,0.0305,true,1,42279
8002520011186,false,"מאפרה כבדה 12 ס""מ",,,"מאפרה כבדה 12 ס""מ",יחידה,0.00,יחידה,false,,12.90,0.0000,true,1,119544
8002530111029,false,מאורו דה לוקס קפה טח,,,מאורו דה לוקס קפה טח,גרמים,250.00,100 גרם,false,,31.90,0.1276,true,1,46761
8002530164629,false,קפה מאורו צ'נטופרצנט,,IT,קפה מאורו צ'נטופרצנט,קילוגרמים,1.00,"ק""ג",false,,130.00,130.0000,false,1,166690
8002530164827,false,קפה מאורו דה לוקס שק,,IT,קפה מאורו דה לוקס שק,קילוגרמים,1.00,"ק""ג",false,,120.00,120.0000,false,1,165460
8002530164926,false,קפה מאורו פרימיום שק,,IT,קפה מאורו פרימיום שק,קילוגרמים,1.00,"ק""ג",false,,105.90,105.9000,true,1,166304
8002960103199,false,CA70W 'רוטב פומודורינה בצנצנת 370 ג MENU,מנורה,IT,רוטב פומודורינה בצנצ,גרמים,370.00,100 גרם,false,,12.90,0.0349,true,1,166850
8003007800484,false,פסטה צוקה 4 טעמים 500 גרם,,IT,פסטה טארולרו צ'וקה 5,גרמים,500.00,100 גרם,false,,12.90,0.0258,true,1,95444
8003007800842,false,פסטה קונצינטלי 4 טעמים 500 גרם,,IT,פסטה טארולרו קונקילי,גרמים,500.00,100 גרם,false,,12.90,0.0258,true,1,43787
8003007810001,false,פסטה פנטה 4 טעמים 500 גרם,,IT,פסטה פנטה צבעוני,גרמים,500.00,100 גרם,false,,12.90,0.0258,true,1,95546
8003250006398,false,שמן גרעיני ענבים 1 ליטר Olivital,תבואות,,שמן זרעי ענבים 1 ליט,ליטרים,1.00,ליטר,false,,24.90,24.9000,true,1,123578
8003340091280,false,בונבוניירת לינדור Lindor שוקולד מריר,לינדט ושפרונגלי קילש,IT,בונבונירת לינדור 60%,גרמים,200.00,100 גרם,false,,29.90,0.1495,false,1,40751
8003407150578,false,רוטב בלסמי לבן 500 מ,אקטיפיקו,IT,רוטב בלסמי לבן 500 מ,מיליליטרים,500.00,"100 מ""ל",false,,21.90,0.0438,true,1,58931
8003440997710,false,גומי לעיסה ביג באבול בטעם קולה לימון27.6 ג',,IT,צ'ופה צ'ופס מסטיק בי,גרמים,27.60,100 גרם,false,,3.40,0.1232,true,1,121561
8003440997741,false,גומי לעיסה ביג באבול בטעם תפוח ירוק 27.6 ג',,IT,צ'ופה צ'ופס מסטיק בי,גרמים,27.60,100 גרם,false,,3.40,0.1232,true,1,121562
8003440997772,false,גומי לעיסה ביג באבול - פטל כחול צובע לשון 27.6 גרם,,IT,צ'ופה צ'ופס מסטיק בי,גרמים,27.60,100 גרם,false,,3.40,0.1232,true,1,121563
8003440997871,false,מסטיק פיורפרש תות אריזת חיסכון 200 ג,פרפטי ואן מלה ברדה,TR,מנטוס פיור פרש 100 י,גרמים,200.00,100 גרם,false,,21.90,0.1095,true,1,122864
8003653003000,false,מברשת לניקוי כלים,טונקיטה,IT,מברשת ניקוי כלים,יחידה,0.00,יחידה,false,,7.90,0.0000,true,1,118192
8003653005400,false,יעה נצמד,טונקיטה,IT,יעה נצמד,יחידה,0.00,יחידה,false,,6.90,0.0000,true,1,118190
8003653006407,false,מברשת לניקוי בקבוקים,טונקיטה,IT,מברשת לניקוי בקבוקים,יחידה,0.00,יחידה,false,,8.90,0.0000,true,1,118193
8003653008258,false,"tonkitaTK854 מגב לריצפה 44 ס""מ+מקל",טונקיטה,IT,"מגב ריצפה 44 ס""מ+מקל",יחידה,0.00,יחידה,false,,19.90,0.0000,true,1,118196
8003653008708,false,"מגב לרצפה 55 ס""מ ללא מקל",טונקיטה,IT,"מגב לריצפה 55 ס""מ+מק",יחידה,0.00,יחידה,false,,29.90,0.0000,true,1,118197
8003753158556,false,אילי קפסולות אספרסו קלאסיקו 10 יח' 57 גרם,ג'ייקובס דאו אגרבטס,FR,אילי קפסולות אספרסו,גרמים,57.00,100 גרם,false,,22.90,0.4018,true,1,122857
8003753158587,false,אילי קפסולות אספרסו פורטה 10 יח' 57 גרם,ג'ייקובס דאו אגרבטס,FR,אילי קפסולות אספרסו,גרמים,57.00,100 גרם,false,,22.90,0.4018,true,1,122859
8003753158617,false,אילי קפסולות אספרסו לונגו קלאסיקו 10 יח' 57 גרם,ג'ייקובס דאו אגרבטס,FR,אילי קפסולות אספרסו,גרמים,57.00,100 גרם,false,,22.90,0.4018,true,1,122860
8003753158648,false,אילי קפסולות אספרסו אינטנסו 10 יח' 57 גר',ג'ייקובס דאו אגרבטס,FR,אילי קפסולות אספרסו,גרמים,57.00,100 גרם,false,,22.90,0.4018,true,1,122858
8003753900438,false,קפה לנדוור אילי אספרסו טחון 250 גרם,קפה לנדוור,IL,קפה אספרסו אילי 250,גרמים,250.00,100 גרם,false,,39.90,0.1596,false,1,7020
8003753900469,false,קפה לנדוור אילי קלייה כהה 250 גרם,קפה לנדוור,IL,קפה אילי טחון בקלייה,גרמים,250.00,100 גרם,false,,39.90,0.1596,false,1,33886
8004030022010,false,ירקות גינה עם טונה ריו מרה אינסלטיסימי 160 ג',"בולטון אלימנטרי בע""מ",IT,ריו מארה אינסלטיסימי,גרמים,160.00,100 גרם,false,,15.90,0.0994,false,1,89536
8004030026018,false,"מקסיקני עם טונה ריו מרה אינסלטיסימי, 160 ג'","בולטון אלימנטרי בע""מ",IT,ריו מארה אינסלטיסימי,גרמים,160.00,100 גרם,false,,15.90,0.0994,false,1,89537
8004030044005,false,נתחי טונה בשמן זית ריו מרה 160 ג',"בולטון אלימנטרי בע""מ",IT,טונה ריו בשמן זית 16,גרמים,160.00,100 גרם,false,,17.90,0.1119,false,1,8666
8004030081024,false,נתחי טונה עם שום ופלפל אדום ריו מרה 160 ג',"בולטון אלימנטרי בע""מ",IT,טונה בשמן זית ופלפל,גרמים,160.00,100 גרם,false,,17.90,0.1119,false,1,8671
8004030102033,false,טונה בשמן זית עם מיץ לימון ופלפל שחור - מארז 3 יח',בולטון אלימנטרי,IT,ריו מרה טונה בשמן זי,גרמים,240.00,100 גרם,false,,26.90,0.1121,true,1,109628
8004030103399,false,טונה בשמן זית רביעיו,BOLTON GROUP- RIO,IT,טונה ריו בשמן זית 80,גרמים,320.00,100 גרם,false,,29.90,0.0934,true,1,118556
8004030177000,false,טונה בשמן זית וצ'ילי ריו מרה מארז 80X3 גר',ריו מארה Rio Mare,IT,ריו מרה טונה בשמן זי,גרמים,240.00,100 גרם,false,,26.90,0.1121,true,1,106270
8004030180000,false,טונה בשמן זית כתית ריו מרה 3*80 גרם,בולטון אלימנטרי,IT,ריו מרה טונה בשמן זי,גרמים,240.00,100 גרם,false,,28.90,0.1204,true,1,167331
8004030344938,false,ריו מרה טונה בשמן זית 80 גרם*שלישייה,"בולטון אלימנטרי בע""מ",IT,ריו מרה טונה בשמן של,גרמים,240.00,100 גרם,false,,26.90,0.1121,true,1,67679
8004030381681,false,טונה בשמן זית ריו מרה זוגות * 160 ג',BOLTON GROUP- RIO,,ריו מארה טונה בשמן ז,גרמים,160.00,100 גרם,false,,31.90,0.1994,true,1,111634
8004030845046,false,טונה עם ירקות בתוספת עם אורז ריו מרה אינסלטיסימי 160 ג',בולטון אלימנטרי,IT,ריו מארה אינטלטיסימי,גרמים,160.00,100 גרם,false,,15.90,0.0994,true,1,110878
8004030860001,false,ירקות עם קוקוס וטונה ריו מרה אינסלטיסימי 160 ג',"בולטון אלימנטרי בע""מ",IT,סלט טונה עם קוסקוס ר,גרמים,160.00,100 גרם,false,,15.90,0.0994,false,1,98687
8004123004893,false,"שמן מתובל בטעם פטריות כמהין 250 מ""ל",,IT,שמן מתובל בטעם פטריו,מיליליטרים,250.00,"100 מ""ל",false,,27.90,0.1116,true,1,109354
8004275058942,false,"שמן זית כתית מעולה 750 מ""ל CIRIO",,,CIRIO שמן זית,מיליליטרים,750.00,"100 מ""ל",false,,37.90,0.0505,true,1,65759
8004323110035,false,COLAVITA ספגטי מס 3,,,COLAVITA ספגטי מס 3,גרמים,500.00,100 גרם,false,,8.50,0.0170,true,1,39832
8004323110073,false,COLAVITA ספגטי מס 7,,,COLAVITA ספגטי מס 7,גרמים,500.00,100 גרם,false,,8.50,0.0170,true,1,39833
8004323110134,false,COLAVITA ספגטי מס 13,,,COLAVITA ספגטי מס 13,גרמים,500.00,100 גרם,false,,8.50,0.0170,true,1,39834
8004323110318,false,COLAVITA ריגטוני 31,,,COLAVITA ריגטוני 31,גרמים,500.00,100 גרם,false,,9.90,0.0198,true,1,40358
8004323110639,false,COLAVITA ראוטו 63,,,COLAVITA ראוטו 63,גרמים,500.00,100 גרם,false,,9.90,0.0198,true,1,41033
8004323110646,false,COLAVITA ניוצ'טי סרד,,,COLAVITA ניוצ'טי סרד,גרמים,500.00,100 גרם,false,,9.90,0.0198,true,1,39835
8004323110707,false,COLAVITA פסטה פוזילי,,,COLAVITA פסטה פוזילי,גרמים,500.00,100 גרם,false,,9.90,0.0198,true,1,39383
8004323110813,false,COLAVITA ספגטי מלא,,,COLAVITA ספגטי מלא,גרמים,500.00,100 גרם,false,,11.90,0.0238,true,1,40359
8004323110837,false,COLAVITA פנה רגטה חי,,,COLAVITA פנה רגטה חי,גרמים,500.00,100 גרם,false,,11.90,0.0238,true,1,39849
8004323110844,false,COLAVITA פוזילי פסטה,,,COLAVITA פוזילי פסטה,גרמים,500.00,100 גרם,false,,11.90,0.0238,true,1,39845
8004323111605,false,COLAVITA פסטה פרפלה,,,COLAVITA פסטה פרפלה,גרמים,500.00,100 גרם,false,,10.90,0.0218,true,1,39384
8004323111650,false,COLAVITA פסטה פנטצ'י,,,COLAVITA פסטה פנטצ'י,גרמים,500.00,100 גרם,false,,10.90,0.0218,true,1,40185
8004323111698,false,COLAVITA רדיוטורי 16,,,COLAVITA רדיוטורי 16,גרמים,500.00,100 גרם,false,,10.90,0.0218,true,1,41034
8004323130378,false,COLAVITA פסטה פנה רי,,,COLAVITA פסטה פנה רי,גרמים,500.00,100 גרם,false,,9.90,0.0198,true,1,39382
8004323212654,false,פסטה קפליני 265 קולא,INDULCO,IT,COLAVITA פסטה קפליני,גרמים,500.00,100 גרם,false,,10.90,0.0218,true,1,39385
8004323212685,false,פסטה פטוציני 268 קול,INDULCO,,COLAVITA פטוצ'יני פס,גרמים,500.00,100 גרם,false,,11.90,0.0238,true,1,39839
8004323212708,false,פסטה פפארדלה 270 קול,INDULCO,,COLAVITA פסטה פפרדלה,גרמים,500.00,100 גרם,false,,10.90,0.0218,true,1,39386
8004323312675,false,COLAVITA פסטה טליאטל,,,COLAVITA פסטה טליאטל,גרמים,500.00,100 גרם,false,,11.90,0.0238,true,1,39387
8004323933696,false,פסטה רדיאטורי ב3 צבע,INDULCO,,COLAVITA רדיאטור טרי,יחידה,500.00,יחידה,false,,11.90,0.0238,true,1,45030
8004708018987,false,מלח ורוד הימלאיה במטחנה 90 ארומה דה טוסק,דרוגריה ואלימנטרי אס,IT,טוסקנה-מלח ורוד הימל,גרמים,90.00,100 גרם,false,,13.90,0.1544,true,1,48059
8004800000064,false,לאגו פלאסיר- גלילי ופל קרם קקאו בציפוי ש.חלב - 100 ג',לאגו,IT,לאגו פלאסיר גלילי וו,גרמים,100.00,100 גרם,false,,11.90,0.1190,true,1,167920
8004800004819,false,וופלים לאגו פלאסיר שוקולד חלב 110 גר,לאגו,IT,לאגו פלאסיר וופלים מ,גרמים,110.00,100 גרם,false,,11.90,0.1082,true,1,167923
8004800004826,false,לאגו פלאסיר - וופלים במילוי קרם קוקוס שוקולד מריר - 98ג,לאגו,IT,לאגו פלאסיר וופלים ב,גרמים,98.00,100 גרם,false,,11.90,0.1214,true,1,167924
8005085719429,false,קריספו-צימוקים מצופים שוקולד מריר 150 גר,,IT,קריספו-צימוקים מצופי,גרמים,150.00,100 גרם,false,,12.90,0.0860,true,1,110411
8005110000416,false,מארז זוג עגבניות חתו,,,מארז זוג עגבניות חתו,גרמים,600.00,100 גרם,false,,12.50,0.0208,true,1,168821
8005110001413,false,מארז זוג רסק עגבניות 140 ג' MUTTI,"איי, בי, אינבוו",IT,מארז זוג רסק עגבניות,גרמים,280.00,100 גרם,false,,10.90,0.0389,true,1,114067
8005110001772,false,רוטב עגבניות לפסטה מ,,,רוטב עגבניות לפסטה מ,גרמים,400.00,100 גרם,false,,11.90,0.0298,true,1,168825
8005110002243,false,רכז עגבניות Doppio Concentr בשפופרת 185 ג' MUTTI,"איי, בי, אינבוו",IT,רכז עגבניות בשפורפרת,גרמים,185.00,100 גרם,false,,7.50,0.0405,true,1,118439
8005110002533,false,רוטב עגבניות לפסטה מ,,,רוטב עגבניות לפסטה מ,גרמים,400.00,100 גרם,false,,11.90,0.0298,true,1,168826
8005110002557,false,רוטב עגבניות לפסטה מ,,,רוטב עגבניות לפסטה מ,גרמים,400.00,100 גרם,false,,11.90,0.0298,true,1,168827
8005110060007,false,עגבניות מקולפות 400 גרם MUTTI,,,עגבניות מקולפות,גרמים,400.00,100 גרם,false,,7.50,0.0188,true,1,53418
8005110060106,false,מארז זוג עגבניות מקולפות 400*2 גרם MUTTI,"איי, בי, אינבוו",IT,מארז זוג עגבניות מקו,גרמים,800.00,100 גרם,false,,14.90,0.0186,true,1,96202
8005110170300,false,עגבניות מרוסקות חתוכות מוטי MUTTI שלישיה *400,מוטי Mutti,IT,עגבניות חתוכות במארז,קילוגרמים,1.20,"ק""ג",false,,16.90,14.0833,false,1,50459
8005110171215,false,עגבניות חתוכות 690 POLPAPEZZI ג' (כחול) MUTTI,"איי, בי, אינבוו",IT,רסק עגבניות קצוצות,גרמים,690.00,100 גרם,false,,13.90,0.0201,true,1,23538
8005110191015,false,רסק עגבניות ובזיליקום 700 ג' (ירוק) MUTTI,"איי, בי, אינבוו",IT,רסק עגבניות MUTTI,גרמים,700.00,100 גרם,false,,13.50,0.0193,true,1,103211
8005110200014,false,רסק עגבניות 210 ג' CONCENTRATO MUTTI,"איי, בי, אינבוו",IT,רכז עגבניות איטלקיות,יחידה,0.00,יחידה,false,,7.00,0.0000,true,1,28192
8005110550508,false,עגבניות שרי 400 גרם MUTTI,,,MUTTI עגבניות שרי 40,גרמים,400.00,100 גרם,false,,8.90,0.0223,true,1,28196
8005110551253,false,רוטב לפיצה להכנת פיצה איטלקית קלאסית,"איי, בי, אינבוו",IT,רוטב עגבניות לפיצה 4,גרמים,400.00,100 גרם,false,,8.50,0.0213,true,1,116169
8005200256587,false,משקה תה בטעם אפרסק 1.5ל' NESTEA,מפעל סאנפלגרינו S.P.,IT,נסטי אפרסק 1.5 ליטר,ליטרים,1.50,ליטר,false,,8.90,5.9333,false,1,164603
8005200286584,false,משקה תה בטעם מנגו אננס 1.5 ל' NESTEA,מפעל סאנפלגרינו S.P.,IL,נסטי מנגו אננס 1.5 ל,ליטרים,1.50,ליטר,false,,8.90,5.9333,false,1,164604
8005469951452,false,ממרח אנשובי עם שמן חמניות,בנדטו סקלייה סרל,IT,ממרח אנשובי איטלקי,גרמים,60.00,100 גרם,false,,12.90,0.2150,true,1,62727
8005709201064,false,דפי לזניה גרנד ארמנדו 500 גרם,,,לזניה,גרמים,500.00,100 גרם,false,,11.90,0.0238,true,1,100186
8005709201279,false,פסטה פפרדלה גרנד ארמנדו 500 גרם,,,פסטה פפרדלה 500 גר',גרמים,500.00,100 גרם,false,,12.50,0.0250,true,1,103501
8005803010357,false,גריסיני קלאסי עם שמן זית ומלח 125 גר,"אינסטנטה בע""מ",IT,גריסיני קלאסי 125 גר,גרמים,125.00,100 גרם,false,,6.90,0.0552,true,1,98632
8005803010371,false,מקלות גריסיני עם רוזמרין,"אינסטנטה בע""מ",IT,גריסיני רוזמרין 125,גרמים,125.00,100 גרם,false,,6.90,0.0552,true,1,98633
8005803010586,false,מקלות גריסיני בטעם פיצה,"הוסטה איטליה, ס.ר.ל.",IT,גריסיני פיצה 125 גר',גרמים,125.00,100 גרם,false,,6.90,0.0552,true,1,98634
8005803010661,false,אמור די פאן - שומשום 125 גרם,"הוסטה איטליה, ס.ר.ל.",IT,גריסיני שומשום 125 ג,גרמים,125.00,100 גרם,false,,6.90,0.0552,true,1,98635
8006050090239,false,"חומץ בלסמי ממודנה מאצטי אורגני 500 מ""ל",יבואן ומשווק: ש. שסט,IT,חומץ בלסמי ממודנה מא,מיליליטרים,500.00,"100 מ""ל",false,,25.90,0.0518,true,1,110168
8006227000399,false,מנצאטו-לחם פרוס לבן 400 גרם,,IT,לחם מחמצת פרוס לבן 4,גרמים,400.00,100 גרם,false,,12.90,0.0323,true,1,166830
8006227000405,false,סמנצאטו-לחם פרוס חיטה מלאה 400 גרם,,IT,סמנצאטו לחם מחמצת פר,גרמים,400.00,100 גרם,false,,12.90,0.0323,true,1,167771
8006227000870,false,סמנצאטו לחם מחמצת עג,,IT,סמנצאטו לחם מחמצת עג,גרמים,350.00,100 גרם,false,,14.90,0.0426,true,1,168545
8006227001389,false,סמנצאטו לחם מלא שמן זית ללא קשה 400 גר,רו. מאר ס.ר.ל,IT,סמנצאטו לחם מחמצת קמ,גרמים,400.00,100 גרם,false,,15.90,0.0398,true,1,165688
8006290803514,false,מים מינרלים פרללה 33,,,מים מינרלים פרללה 33,מיליליטרים,330.00,"100 מ""ל",false,,6.90,0.0209,false,1,118706
8006540088692,false,הרבל אסנס מסכה אינטנסיבית ארגן 450 מל,דיפלומט,FR,הרבל אסנס מסכה לשיער,מיליליטרים,450.00,"100 מ""ל",false,,37.90,0.0842,true,1,167819
8006540091906,false,לנור כדוריות הבושם בניחוח אריאל 140 גרם,פרוקטר אנד גמבל,US,לנור כדוריות הבושם ב,גרמים,140.00,100 גרם,false,,18.90,0.1350,true,1,163932
8006540091937,false,לנור כדוריות הבושם בניחוח אריאל 210 גרם,פרוקטר אנד גמבל,US,לנור כדוריות הבושם ב,גרמים,210.00,100 גרם,false,,27.90,0.1329,true,1,164090
8006540110317,false,שמפו מינרלס ביוטין + במבוק לשיער חזק וארוך,פרוקטר אנד גמבל,RO,פנטן מיראקלס שמפו ב,מיליליטרים,400.00,"100 מ""ל",false,,17.90,0.0447,true,1,122787
8006540112793,false,"מרכך כביסה מרוכז בניחוח יסמין לנור 900 מ""ל",פרוקטר אנד גמבל,FR,לנור מרכך מרוכז בניח,מיליליטרים,900.00,"100 מ""ל",false,,14.90,0.0166,true,1,122322
8006540112823,false,"לנור מרכך כביסה מרוכז בניחוח האוקיינוס 900 מ""ל",פרוקטר אנד גמבל,FR,לנור מרכך מרוכז בניח,מיליליטרים,900.00,"100 מ""ל",false,,14.90,0.0166,true,1,122318
8006540112854,false,"מרכך כביסה מרוכז בניחוח סחלב לנור 900 מ""ל",פרוקטר אנד גמבל,FR,לנור מרכך מרוכז בניח,מיליליטרים,900.00,"100 מ""ל",false,,14.90,0.0166,true,1,122323
8006540157374,false,מרכך מינרלס ביוטין + במבוק לשיער חזק וארוך,פנטן Pantene,FR,פנטן מיראקלס במבוק מ,מיליליטרים,275.00,"100 מ""ל",false,,17.90,0.0651,true,1,122788
8006540163986,false,קפסולות לכביסה אריאל 35 יח,פרוקטר אנד גמבל,FR,אריאל קפסולות 35 יח,יחידה,0.00,יחידה,false,,39.90,0.0000,true,1,122324
8006540383087,false,פיירי טבליות פלטינום פלוס ניקוי עמוק 42,פרוקטר אנד גמבל,BE,פיירי טבליות פלטינום,יחידה,0.00,יחידה,false,,49.90,0.0000,true,1,167359
8006540404898,false,דיסקריט תחבושות לבריחת שתן לונג פלוס 8 י,פרוקטר & גמבל,DE,תחבושות אולוויז לברי,יחידה,0.00,יחידה,false,,19.90,0.0000,false,1,167764
8006540405031,false,דיסקריט תחבושות לבריחת שתן סמול פלוס 16,פרוקטר & גמבל,DE,תחבושות אולוויז בריח,יחידה,0.00,יחידה,false,,19.90,0.0000,false,1,167766
8006540425930,false,אריאל קפסולות לכביסה ג'ל 24 יח' לכתמים קשים,פרוקטר אנד גמבל,FR,אריאל קפסולות 24 יח,יחידה,0.00,יחידה,false,,29.90,0.0000,false,1,164866
8006540429327,false,פיירי מקס פאוור לימון עם מנגנון למניעת נזילות,פיירי Fairy,CZ,"פיירי לימון 440 מ""ל",מיליליטרים,440.00,"100 מ""ל",false,,9.90,0.0225,false,1,165174
8006540463550,false,פיירי טבליות למדיח פלטינום 63 יחידות,פרוקטר אנד גמבל,BE,פיירי טבליות למדיח פ,יחידה,0.00,יחידה,false,,49.90,0.0000,false,1,167357
8006540491539,false,"נוזל כלים פיירי פלטינום אוריגינל 780 מ""ל",פרוקטר אנד גמבל,GB,פיירי פלטיניום אורגי,גרמים,780.00,100 גרם,false,,12.90,0.0165,false,1,167148
8006540495186,false,לנור מרכך כביסה מרוכז רגיש בייבי 900 מל,פרוקטר אנד גמבל,FR,לנור מרכך כביסה 900,מיליליטרים,900.00,"100 מ""ל",false,,14.90,0.0166,true,1,167146
8006540495216,false,"לנור מרכך כביסה מרוכז בניחוח אמאטיסט 900 מ""ל",פרוקטר אנד גמבל,FR,לנור מרכך כביסה 900,מיליליטרים,900.00,"100 מ""ל",false,,14.90,0.0166,true,1,167147
8006540495247,false,"לנור מרכך כביסה מרוכז ורוד""פרח בר"" 900 מ""ל",פרוקטר אנד גמבל,FR,לנור מרכך כביסה 900,מיליליטרים,900.00,"100 מ""ל",false,,14.90,0.0166,true,1,167145
8007150901296,false,שמן אבוקדו אורגני בכבישה קרה 250 מל,,,שמן אבוקדו אורגני בכ,מיליליטרים,250.00,"100 מ""ל",false,,47.90,0.1916,true,1,102181
8007150901623,false,שמן זרעי ענבים 1 ליטר + 0.5 ליטר,,,שמן זרעי ענבים 1.5 ל,ליטרים,1.50,ליטר,false,,49.90,33.2667,true,1,103684
8007150905621,false,שמן זית אולאיטליה 1,,,שמן זית אולאיטליה 1,ליטרים,1.00,ליטר,false,,45.90,45.9000,true,1,112109
8007150907175,false,שמן אורז אוליטליה 1ל,אולאיטליה,IT,שמן אורז אוליטליה 1ל,ליטרים,1.00,ליטר,false,,32.90,32.9000,true,1,55338
8007150909513,false,קרם בלסמי קלאסי 250,,,קרם בלסמי קלאסי 250,מיליליטרים,250.00,"100 מ""ל",false,,27.90,0.1116,true,1,102242
8007150909551,false,שמן בוטנים אולאיטליה 1 ליטר,,,שמן בוטנים 1 ליטר,ליטרים,1.00,ליטר,false,,34.90,34.9000,true,1,66716
8007178120310,false,חומץ בלסמי ד'מודנה Giacobazzi,פטורייה ג'יאקובאזי ס,IT,חומץ בלסמי,יחידה,500.00,יחידה,false,,21.90,0.0438,true,1,12211
8007178223547,false,קרם מצומצם עם חומץ בלסמי ממודנה,פארייפאבה אגרואינדוס,IT,קרם בלסמי מצומצם 250,מיליליטרים,250.00,"100 מ""ל",false,,23.90,0.0956,true,1,90006
8007178510685,false,"רוטב בסגנון בלסמי לבן 250 מ""ל",זקובזי,IT,רוטב לתיבול בסגנון ב,מיליליטרים,250.00,"100 מ""ל",false,,16.90,0.0676,true,1,107335
8007270126791,false,"שמן זית אורגני קוסטה דאורו 750 מ""ל",קוסטה דיאורו,IT,שמן זית אורגני כתית,מיליליטרים,750.00,"100 מ""ל",false,,42.90,0.0572,true,1,119150
8007270999012,false,שמן גרעיני ענבים 1 ליטר,קוסטה דיאורו,IT,שמן זרעי ענבים 1 ליט,ליטרים,1.00,ליטר,false,,34.90,34.9000,true,1,104218
8007537005203,false,טורטיליה ציפס עגול 450 גר,FOX,IT,טורטיליה נאציוס 450,גרמים,450.00,100 גרם,false,,19.90,0.0442,true,1,149568
8007537006538,false,"טורטיליה ציפס תירס כחול לל""ג 450 גרם",,IT,טורטיליה צ'יפס תירס,גרמים,300.00,100 גרם,false,,21.90,0.0730,true,1,164330
8008245004847,false,ממרח מובנפיק אגוזי ל,נאטקו,IT,ממרח אגוזי לוז וקקאו,גרמים,300.00,100 גרם,false,,12.90,0.0430,true,1,119005
8008245004861,false,ממרח חלב עם אגוזי לוז 300ג M?venpick,יבואן ומשווק: ש. שסט,IT,ממרח אגוזי לוז עם ח,גרמים,300.00,100 גרם,false,,12.90,0.0430,true,1,119006
8008343200035,false,פסטה ספגטי Spaghetti,רומו Rummo,,ספגטי רומו 500 גר,גרמים,500.00,100 גרם,false,,8.50,0.0170,true,1,103891
8008343200134,false,פסטה לינגוינה רומו 5,רומו Rummo,,פסטה לינגוינה רומו 5,גרמים,500.00,100 גרם,false,,8.50,0.0170,true,1,103892
8008343200424,false,פסטה קונקילי ריגטה Conchiglie rigate,רומו Rummo,,פסטה קונקילי ריגטה ר,גרמים,500.00,100 גרם,false,,8.50,0.0170,true,1,103893
8008343200486,false,פסטה RUMMO פוזילי 50,רומו Rummo,,פוזילי רומו 500 גר,גרמים,500.00,100 גרם,false,,8.50,0.0170,true,1,103894
8008343200660,false,פסטה פנה ריגטה Penne rigate,רומו Rummo,,פנה ריגטה רומו 500 ג,גרמים,500.00,100 גרם,false,,8.50,0.0170,true,1,103882
8008343201377,false,פסטה רדיאטורי רומו 5,רומו Rummo,,פסטה רדיאטורי רומו 5,גרמים,500.00,100 גרם,false,,8.50,0.0170,true,1,103897
8008440222008,false,בירה פרוני נאסטרו אז,מבשל שיכר פרוני,IT,פרוני בירה בקבוק,מיליליטרים,330.00,"100 מ""ל",false,,7.90,0.0239,true,1,116782
8008440249425,false,בירה אסהי יבשה מאד 330 מל בקבוק,פרונרי,IT,בירה אסהי,מיליליטרים,330.00,"100 מ""ל",false,,7.90,0.0239,true,1,108315
8008660210021,false,מעדן ריבה מנץ אנד גאססר דובדבן 300 גר,שוורצקוף& הנקל דיסלד,IT,ריבת מעדן דובדבן,גרמים,300.00,100 גרם,false,,16.90,0.0563,true,1,96184
8008660210038,false,מעדן ריבה מנץ אנד גאססר תות שדה 300 גר,קריניציה ויטמינה אס,IT,ריבת מעדן תות שדה,גרמים,300.00,100 גרם,false,,16.90,0.0563,true,1,96185
8008698002025,false,בסיס לפיצה ללא גלוטן 300 גרם,"ד""ר שר ס.ר.ל",IT,בסיס לפיצה ללא גלוטן,גרמים,300.00,100 גרם,false,,36.90,0.1230,true,1,109389
8008698003503,false,עוגיות שיבולת שועל עם צימוקים 250 גר,"דר שר ס.ר.ל פוסטל, א",IT,קרקר אפוי 210 גר' לל,גרמים,210.00,100 גרם,false,,27.90,0.1329,true,1,115485
8008698004548,false,ביסקוויטים בציפוי קרם ללא גלוטן 150 גר,"ד""ר שר ס.ר.ל",IT,ביסקוויט ללא גלוטן מ,גרמים,150.00,100 גרם,false,,18.90,0.1260,true,1,97733
8008698004630,false,עוגיות דבל שוקולד 250 גרם,ס.ר.ל פוסטל,DE,עוגיות סנדוויץ במילו,גרמים,250.00,100 גרם,false,,24.90,0.0996,true,1,117525
8008698004807,false,תערובת קמחים לאפיית לחם ל.גלוטן 1020קג,ס.ר.ל פוסטל,AT,תערובת קמחים לאפיית,קילוגרמים,1.02,"ק""ג",false,,27.90,27.3529,true,1,115490
8008698008157,false,שר עוגיות שוקולד במילוי קרם שמנת ללא גלוטן 100 גר',דר שר ס.ר.ל פוסטל,IT,עוגיות בטעם שוקולד ב,גרמים,100.00,100 גרם,false,,11.90,0.1190,true,1,97709
8008698010358,false,תערובת קמחים ללא גלוטן 500 גר SCHAER,"ד""ר שר ס.ר.ל",IT,תערובת קמחים לאפייה,גרמים,500.00,100 גרם,false,,15.90,0.0318,true,1,115491
8008698013021,false,עוגיות ללא גלוטן עם שבבי שוקולד מריר,דר שר פוסטל,IT,עוגיות שוקולד ציפס מ,גרמים,100.00,100 גרם,false,,12.90,0.1290,true,1,115487
8008698024065,false,לחם ללא גלוטן פאן בלנקו 250 גר,schar,IT,פאן בלנקו לחם ללא גל,גרמים,250.00,100 גרם,false,,16.50,0.0660,true,1,109391
8008698024140,false,לחם ללא גלוטן פאן מולטי גראנו 250 גר,schar,DE,פאן מולטיגרנו מאפה ל,גרמים,250.00,100 גרם,false,,16.50,0.0660,true,1,109392
8008698024188,false,לחם ללא גלוטן פאן רוסטיקו 250 גר,schar,DE,פאן רוסטיקו מאפה ללא,גרמים,250.00,100 גרם,false,,16.50,0.0660,true,1,109393
8008698033876,false,SCHAR קרקר בתוספת דגנים 210 גרם,,DE,קרקרים בתוספת דגנים,גרמים,210.00,100 גרם,false,,26.90,0.1281,true,1,166789
8008990000514,false,tonkitaTK051 מברשת ויעה,טונקיטה,,מברשת ויעה,יחידה,0.00,יחידה,false,,11.90,0.0000,true,1,118186
8008990000750,false,מברשת לניקוי אסלות,טונקיטה,IT,מברשת לניקוי אסלות,יחידה,0.00,יחידה,false,,7.90,0.0000,true,1,93684
8008990002167,false,יעה עם מקל מתכת ארוך טונקיטה,טונקיטה,IT,יעה עם מקל מתכת ארוך,יחידה,0.00,יחידה,false,,19.90,0.0000,true,1,93686
8008990008923,false,דלי אובלי טונקיטה 13 ליטר,טונקיטה,IT,דלי אובלי 13 ליטר,יחידה,0.00,יחידה,false,,19.90,0.0000,true,1,93687
8008990061508,false,tonkitaTK615 מטאטא פנימי rapida+מקל,טונקיטה,IT,מטאטא פנימי,יחידה,0.00,יחידה,false,,27.90,0.0000,true,1,93666
8009621006073,false,איטליה ניוקי תפוח אד,,,איטליה ניוקי תפוח אד,גרמים,500.00,100 גרם,false,,9.90,0.0198,true,1,40700
8009621006172,false,ניוקי תפוא מיני וינצ,,,ניוקי מיני פנינים 50,גרמים,500.00,גרם,false,,9.90,0.0198,true,1,63727
8009915000251,false,ספגטי לה וניצאן ללא גלוטן 250 ג',LE VENEZIANE,IT,ספגטי לה וניצאן 250,גרמים,250.00,100 גרם,false,,12.90,0.0516,true,1,115477
8009915000282,false,פסטה פטוציני ללא גלוטן 250 גרם,LE VENEZIANE,IT,פסטה מקמח תירס מסולס,גרמים,250.00,100 גרם,false,,12.90,0.0516,true,1,46869
8009915000374,false,פסטה דיטאליני ללא גל,,,פסטה דיטאליני ללא גל,גרמים,250.00,100 גרם,false,,12.90,0.0516,true,1,104141
8009915000701,false,פסטה תירס ריגוטיני ללא גלוטן,לה וואניציאני La Venezian,,פסטה ריגטוני מקמח תי,יחידה,250.00,יחידה,false,,12.90,0.0516,true,1,46870
8009915001340,false,פסטה אליקה ללא גלוטן 250 גרם,לה וואניציאני La Venezian,,פסטה אליקה ללא גלטן,גרמים,250.00,100 גרם,false,,12.90,0.0516,true,1,46864
8009915004150,false,ביסקוויט מקמח תירס שוקולד אגוזים 250 גר,מולינו דה פירו,IT,ביסקוויט מקמח תירס ש,גרמים,250.00,100 גרם,false,,16.90,0.0676,true,1,108467
8009915004204,false,ביסקוויט מקמח תירס בטעם מעודן 300 גרם,מולינו דה פירו,IT,ביסקוויט מקמח תירס ק,גרמים,300.00,100 גרם,false,,16.50,0.0550,true,1,102515
8009915008714,false,לזניה מקמח תירס ואורז ללא גלוטן 250 גר (12),LE VENEZIANE,IT,לזניה קמח תירס ואורז,גרמים,250.00,100 גרם,false,,15.90,0.0636,true,1,65460
8009915008905,false,מיני גריסיני ל.גלוטן עם שמן זית 250 גרם,מולינו דה פירו,IT,מיני גריסיני ללא גלו,גרמים,250.00,100 גרם,false,,15.90,0.0636,true,1,102505
8009915008912,false,מיני גריסיני ללא גלוטן עם זרעי צ'יה ושומשום 250,מולינו דה פירו,,מיני גריסיני ללא גלו,גרמים,250.00,100 גרם,false,,15.90,0.0636,true,1,102660
8009915008950,false,מיני גריסיני ל.גלוטן עם רוזמרין 250 גרם,מולינו דה פירו,,מיני גריסיני ללא גלו,גרמים,250.00,100 גרם,false,,15.90,0.0636,true,1,102661
8011033011279,false,קוסקוס אמיתי 1 קג מר,אמירה,,"קוסקוס מראקש 1 ק""ג",קילוגרמים,1.00,"ק""ג",false,,11.90,11.9000,true,1,55895
8013108003530,false,בונבוניירה קרמיני 165 גר CAFFAREL,CAFFAREL,IT,בונבוניירה קורנט קרמ,גרמים,165.00,100 גרם,false,,21.90,0.1327,true,1,123665
8013108005329,false,בונ קורנט פיימונטה מריר 165 ג CAFFAREL,Lindt & Spr?ngli AG,IT,בונבוניירה קורנט פיי,גרמים,165.00,100 גרם,false,,21.90,0.1327,true,1,123667
8013399145278,false,דיאטורל סוכריות סטיביה ליקוריץ רך 70 גרם,דיאטורל Dietorelle,IT,סוכריות דיטורל ליקור,גרמים,70.00,100 גרם,false,,10.00,0.1429,true,1,63547
8013399145315,false,סוכריות סטיביה דיטרול תות 70 גרם,דיאטורל Dietorelle,IT,סוכריות דיטורל ג'לי,גרמים,70.00,100 גרם,false,,10.00,0.1429,true,1,63548
8013656001330,false,דלי משפך אובלי איכות,,,דלי משפך אובלי איכות,יחידה,0.00,יחידה,false,,13.90,0.0000,true,1,107140
8014601011565,false,קמח קונדיטוריה קאפוט,קאפוטו,IT,קמח קונדיטוריה,קילוגרמים,1.00,"ק""ג",false,,11.90,11.9000,true,1,120097
8014601012456,false,קמח נובולה קאפוטו 1,קאפוטו,IT,קמח נובולה,קילוגרמים,1.00,"ק""ג",false,,15.90,15.9000,true,1,120098
8014601026354,false,"קמח ""00"" איטלקי לפיצה שף אדום 1 ק""ג",קאפוטו,IT,קמח פיצה שף (אדום),קילוגרמים,1.00,"ק""ג",false,,13.90,13.9000,true,1,119969
8014601028747,false,קמח 00 איטלקי כחול 1 קג CAPUTO,קאפוטו,IT,קמח אקסטרה לכל מטרה,קילוגרמים,1.00,"ק""ג",false,,11.50,11.5000,true,1,120099
8014601651969,false,קמח ללא גלוטן קאפוטו,קאפוטו,IT,קמח ללא גלוטן,קילוגרמים,1.00,"ק""ג",false,,49.90,49.9000,true,1,120100
8014601999870,false,סמולינה קאפוטו בטחינ,קאפוטו,IT,קמח סמולינה בטחינה כ,קילוגרמים,1.00,"ק""ג",false,,13.90,13.9000,true,1,119970
8015216710034,false,פסטה ביצים עם תרד,,,פסטה ביצים עם תרד,גרמים,250.00,100 גרם,false,,21.90,0.0876,true,1,122359
8015912503367,false,קיפי מעדן לחתול עם ב,,,קיפי מעדן לחתול עם ב,גרמים,200.00,100 גרם,false,,8.00,0.0400,true,1,165571
8015997000607,false,מאריני בישקוטים פריכים 200 גרם,biscanova SRL,,מאריני בישקוטים פריכ,גרמים,200.00,100 גרם,false,,6.50,0.0325,true,1,121606
8016867002646,false,מגן תחתון אורגניק ארוך במיוחד 20 יח,CORMAN,IT,מגן תחתון ארוך במיוח,יחידה,0.00,יחידה,false,,21.90,0.0000,true,1,66151
8016867008969,false,טמפונים עם מוליך סופר אורגניק,COTTON HITEC,DE,טמפונים עם מוליך סופ,יחידה,0.00,יחידה,false,,31.90,0.0000,true,1,66154
8016867009904,false,טמפונים ללא מוליך סופר פלוס אורגניק,ONTEX,,טמפונים ללא מוליך סו,יחידה,0.00,יחידה,false,,28.90,0.0000,true,1,66157
8016867009935,false,תחבושות דקות 03 לזרימה מוגברת אורגניק,corman,IT,תחבושות דקות לזרימה,יחידה,0.00,יחידה,false,,29.90,0.0000,true,1,66160
8016867009942,false,תחבושות דקות 02 לזרימה רגילה אורגניק,corman,IT,תחבושות דקות לזרימה,יחידה,0.00,יחידה,false,,29.90,0.0000,true,1,66161
8016867009959,false,מגן תחתון באריזה אישית אורגניק,CORMAN,,מגן תחתון 24 יח',יחידה,0.00,יחידה,false,,25.90,0.0000,true,1,89729
8016867015080,false,מגן תחתון תפזורת 48,,,מגן תחתון תפזורת 48,יחידה,0.00,יחידה,false,,35.90,0.0000,true,1,166207
8017938005122,false,ביוטרנטינו חומץ תפוח,מריה לוצ'יה מלצ'יורי,IT,חומץ תפוחים אורגני,ליטרים,1.00,ליטר,false,,18.90,18.9000,true,1,55896
8017938005764,false,מיץ תפוחים אורגני 100% 1 ליטר נטורפוד,לוצ'ה מריה,IT,נטור פוד-מיץ תפוחים,ליטרים,1.00,ליטר,false,,19.90,19.9000,true,1,55897
8018102000110,false,ריזוטו ארבוריו סופרפינו 500 גרם,,,ריזוטו ארבורי 500ג',יחידה,0.00,יחידה,false,,21.90,0.0000,true,1,51403
8019428000013,false,משקה אורז אורגני 1 ליטר,the bridge,IT,משקה אורז אורגני 1 ל,ליטרים,1.00,ליטר,false,,10.90,10.9000,true,1,103263
8019428000099,false,משקה אורז אורגני בתוספת שקדים 1 ליטר,the bridge,IT,חלב אורז אורגני ושקד,ליטרים,1.00,ליטר,false,,11.90,11.9000,true,1,103264
8019428000105,false,משקה שיבולת שועל אורגני 1 ליטר,the bridge,IT,משקה שיבולת שועל 1 ל,ליטרים,1.00,ליטר,false,,11.90,11.9000,true,1,102193
8019428000228,false,משקה אורז אורגני בטעם שוקו 1 ליטר,,,משקה אורז אורגני שוק,ליטרים,1.00,ליטר,false,,11.90,11.9000,true,1,106746
8019428004066,false,"משקה אורז שקדים אורגני 250 מ""ל",,,משקה אורז אורגני שקד,מיליליטרים,250.00,"100 מ""ל",false,,4.90,0.0196,true,1,104812
8019428004158,false,משקה קפה אורגני בכוס,,,משקה קפה אורגני בכוס,מיליליטרים,220.00,"100 מ""ל",false,,7.50,0.0341,true,1,166947
8019428007005,false,משקה סויה אורגני 1 ליטר,the bridge,IT,משקה סויה אורגני 1 ל,ליטרים,1.00,ליטר,false,,10.90,10.9000,true,1,102183
8019428007111,false,משקה שקדים אורגני 1 ליטר,THE BRIDGE,IT,משקה שקדים אורגני 1,ליטרים,1.00,ליטר,false,,19.90,19.9000,true,1,102845
8019428007272,false,משקה שקדים במתיקות מעודנת 1 ליטר,,,משקה שקדים אורגני 3%,ליטרים,1.00,ליטר,false,,14.90,14.9000,true,1,106390
8019428007289,false,משקה שקדים ללא סוכר,,,משקה שקדים אורגני 3%,ליטרים,1.00,ליטר,false,,14.90,14.9000,true,1,103675
8019428007296,false,משקה שיבולת שועל אורגני ללא גלוטן 1 ליטר,,,משקה שיבולת שועל אור,ליטרים,1.00,ליטר,false,,12.90,12.9000,true,1,104814
8019428007647,false,משקה סויה בריסטה אור,,,משקה סויה בריסטה אור,ליטרים,1.00,ליטר,false,,11.50,11.5000,true,1,166104
8019428009078,false,מעדן אורז אורגני וני,The Bridge S.R.L,IT,מעדן אורז אורגני וונ,גרמים,260.00,100 גרם,false,,9.90,0.0381,true,1,166106
8019428009108,false,מעדן שיבולת שועל וני,דה ברידג' ס.ר.ל,IT,מעדן שיבולת שועל אור,גרמים,260.00,100 גרם,false,,9.90,0.0381,true,1,167292
8021423011499,false,רבעי ארטישוק על הגריל בשמן חמניות 510 ג' (12),אהלרומנה,,רבעי ארטישוק על הגרי,גרמים,310.00,100 גרם,false,,32.90,0.1061,true,1,98426
8022470213393,false,דרגיה שקד מריר 500 גר PRISCO MAX,,IT,דרג'ה שקד מריר 500גר,גרמים,500.00,100 גרם,false,,26.90,0.0538,true,1,57946
8022470213409,false,דרגיה שקד לבן 500 גר PRISCO MAX,,,דרג'ה שקד לבן 500גר,גרמים,500.00,100 גרם,false,,26.90,0.0538,true,1,109229
8022470213416,false,דרגיה לוז חלב 500 גר PRISCO MAX,,,MAX דרג'ה לוז בשוקול,גרמים,500.00,100 גרם,false,,26.90,0.0538,true,1,58159
8022470213423,false,דרגיה לוז מריר 500 גר PRISCO MAX,,,דרג'ה אגוזי לוז בשוק,גרמים,500.00,100 גרם,false,,26.90,0.0538,true,1,56536
8022470213430,false,דרגיה לוז לבן 500 גר PRISCO MAX,,,דרג'ה לוז לבן 500גר,גרמים,500.00,100 גרם,false,,26.90,0.0538,true,1,107695
8022470213485,false,דרגיה דובדובן מריר 500 ג PRISCO MAX,,IT,דרג'ה דובדבן בשוקולד,גרמים,500.00,100 גרם,false,,26.90,0.0538,true,1,56537
8022470213492,false,דרגיה דובדובן לבן 500 גר PRISCO MAX,,,דרג'ה דבדבן לבן,גרמים,500.00,100 גרם,false,,26.90,0.0538,true,1,107104
8022470213508,false,דרגיה צימוקים חלב 500 גר PRISCO MAX,,IT,דרג'ה צימוקים חלב 50,גרמים,500.00,100 גרם,false,,21.90,0.0438,true,1,57947
8022470213522,false,דרגיה צימוקים לבן 500 גר PRISCO MAX,,,דר'גה צימוקים לבן,גרמים,500.00,100 גרם,false,,21.90,0.0438,true,1,107681
8022470213539,false,דרג'ה בוטנים חלב 500,,,דרג'ה בוטנים חלב 500,גרמים,500.00,100 גרם,false,,21.90,0.0438,true,1,99539
8022470213546,false,דרגיה בוטנים מריר 500 גר PRISCO MAX,,,דרג'ה בוטנים מריר 50,גרמים,500.00,100 גרם,false,,21.90,0.0438,true,1,99540
8022470217773,false,דרגיה שקדים שיש 500 גר PRISCO MAX,,,דרג'ה שקד לבן 500גר,גרמים,500.00,100 גרם,false,,26.90,0.0538,true,1,57104
8022470217780,false,דרג'ה לוז שיש,,,דרג'ה לוז שיש,גרמים,500.00,100 גרם,false,,26.90,0.0538,true,1,67261
8022470221329,false,אגוזי לוז בשוקולד מר,,,אגוזי לוז בשוקולד מר,גרמים,500.00,100 גרם,false,,26.90,0.0538,true,1,100277
8022470221336,false,שקדים בשוקולד מריר ו,,,שקדים בשוקולד מריר ו,גרמים,500.00,100 גרם,false,,26.90,0.0538,true,1,100278
8022470226379,false,דרגיה קשיו מריר 500 גר PRISCO MAX,ITALIANA CONFETTI,IT,דרג'ה קשיו בשוקולד מ,גרמים,500.00,100 גרם,false,,26.90,0.0538,true,1,103141
8023492000336,false,סטיק שוקולד מריר עם אגוזים 150 גר DG 3,די.גי 3 דולצאריה ס.ר,IT,סטיק שוקולד מריר עם,גרמים,150.00,100 גרם,false,,10.90,0.0727,true,1,105004
8023492004327,false,טורונה גיאנדויה אגוז,די.גי 3 דולצאריה ס.ר,IT,סטיק נוגט טורונה עם,גרמים,150.00,100 גרם,false,,12.90,0.0860,true,1,123675
8023678161363,false,משקה שבולת שועל אורגני 1 ליטר ISOLA,איזולה ביו Isola Bio,IT,חלב שיבולת שועל,ליטרים,1.00,ליטר,false,,12.50,12.5000,true,1,44574
8023678161387,false,משקה סויה אורגני 1 ליטר ISOLA,איזולה ביו Isola Bio,,משקה סויה אורגני 1 ל,ליטרים,1.00,ליטר,false,,9.90,9.9000,true,1,53437
8023678164517,false,"משקה שקדים אורגני ללת""ס 1 ליטר isola",איזולה ביו Isola Bio,IT,משקה שקדים ללא סוכר,ליטרים,1.00,ליטר,false,,15.90,15.9000,true,1,112755
8023678728290,false,משקה סויה בריסטה אור,,IT,משקה סויה בריסטה אור,ליטרים,1.00,ליטר,false,,9.90,9.9000,true,1,167089
8023678728832,false,משקה שיבולת שועל ברי,,,משקה שיבולת שועל ברי,ליטרים,1.00,ליטר,false,,9.90,9.9000,true,1,167090
8024985002783,false,סמוזי נטורה נובה גזר ודלעת 100 גרם,נטורה נובה,,סמוצ'י תפוח גזר ודלע,גרמים,100.00,100 גרם,false,,5.00,0.0500,true,1,104616
8024985002912,false,סמוזי אגס בטטה 100 גר נטורה נובה,נטורה נובה,IT,סמוצ'י תפוח אגס בטטה,גרמים,100.00,100 גרם,false,,5.00,0.0500,true,1,107869
8024985002943,false,סמוזי נטורה נובה תפוח אננס קוקוס 100 גרם,נטורה נובה,IT,סמוזי אננס קוקוס אור,גרמים,100.00,100 גרם,false,,5.00,0.0500,true,1,113103
8024985002950,false,סמוזי שזיף אורגני 100 גרם,נטורה נובה,IT,סמוזי שזיף אורגני 10,גרמים,100.00,100 גרם,false,,5.00,0.0500,true,1,112666
8024985002967,false,סמוזי נטורה נובה בננה תרד 100 גרם,נטורה נובה,IT,סמוזי בננה תרד אורגנ,גרמים,100.00,100 גרם,false,,5.00,0.0500,true,1,113104
8024985003988,false,סמוזי תפוח בננה 100 גר נטורה נובה,נטורה נובה,IT,מחית תפוחים ובננה 10,גרמים,100.00,100 גרם,false,,5.00,0.0500,true,1,92296
8024985005234,false,סמוזי נטורה נובה סמוצי תפוח מנגו 100 גרם,נטורה נובה,IT,סמוצ'י אפרסק ומנגו א,גרמים,100.00,100 גרם,false,,5.00,0.0500,true,1,98815
8024985005296,false,סמוזי אגס בננה תפוח וקינואה אורגני,נטורה נובה,IT,סמוצ'י אגס בננה תפוח,גרמים,120.00,100 גרם,false,,6.20,0.0517,true,1,102086
8024985005302,false,סמוזי תפוח רימון פטל אוכמניות אורגני,נטורה נובה,IT,סמוצ'י תפוח רימון פט,גרמים,120.00,100 גרם,false,,6.20,0.0517,true,1,102087
8024985008037,false,סמוזי נטורה נובה סמוצי תפוח 100 גרם,"נטורפוד בע""מ",IT,סמוצ'י תפוחים אורגני,גרמים,100.00,100 גרם,false,,5.00,0.0500,true,1,67259
8024985008044,false,סמוזי נטורה נובה סמוצי אגס 100 גרם,"נטורפוד בע""מ",IT,מחית אגסים אורגני 10,גרמים,100.00,100 גרם,false,,5.00,0.0500,true,1,67461
8024985008051,false,סמוזי נטורה נובה סמוצי פירות אדומים 100,"נטורפוד בע""מ",IT,סמוצ'י פירות אדומים,גרמים,100.00,100 גרם,false,,5.00,0.0500,true,1,67260
8024985011204,false,סמוזי תפוח תות בננה 100 גר נטורה נובה,נטורה נובה,IL,נטורה נובה סמוזי תפו,גרמים,100.00,100 גרם,false,,5.00,0.0500,true,1,123003
8028048270515,false,פולי קפה סאן ג'וסטו,,,פולי קפה סאן ג'וסטו,קילוגרמים,1.00,"ק""ג",false,,94.90,94.9000,true,1,110659
8032523530452,false,ממרח פיסטוק פיסטי אי,פיסטי,IT,ממרח פיסטוק 200 גר',גרמים,200.00,100 גרם,false,,31.90,0.1595,true,1,121970
8032685196770,false,עגבניות אורגניות מקולפות 400 גרם SOLANIA,סולניה,IT,SOLANIA עגבניות אורג,יחידה,240.00,יחידה,false,,6.50,0.0271,true,1,45706
8032685196787,false,עגבניות אורגניות חתוכות 400 גרם SOLANIA,פתח תקווה,IT,SOLANIA עגבניות אורג,יחידה,240.00,יחידה,false,,6.50,0.0271,true,1,45707
8032793344520,false,תרכיז עגבניות רסק עגבניות מרוכז מאוד,קונסוריזיו דל פרומוד,IT,רסק עגבניות מרוכז מא,גרמים,200.00,100 גרם,false,,9.40,0.0470,true,1,118682
8032804430440,false,אטריות כוסמת אורגניות ללא גלוטן,אף.סי תבליני בגליל ב,IT,פליסיה קופסא ספגטי כ,גרמים,400.00,100 גרם,false,,16.90,0.0422,true,1,113221
8032804430471,false,פליסיה פסטה סדניני עדשים אורגני 250 גרם,אף.סי תבליני בגליל ב,IT,פסטה עדשים אדומים או,גרמים,250.00,100 גרם,false,,13.50,0.0540,true,1,104619
8032804435643,false,פוזילי אורז מלא אורגני 340 גרם פליסיה,פליסיה Felicia Bio,,פליסיה קופסא פוזילי,גרמים,340.00,100 גרם,false,,11.90,0.0350,true,1,115311
8032817240319,false,רוטב עגבניות שרי לפסטה 330,מנורה,IT,רוטב עגבניות שרי 330,גרמים,330.00,100 גרם,false,,11.90,0.0361,true,1,103289
8032880800243,false,פיקניק הפתעה 50 גרם-איגוד רבנים,"הוסטה איטליה, ס.ר.ל.",IT,פיקניק הפתעה 50 גרם,גרמים,50.00,100 גרם,false,,6.40,0.1280,true,1,30738
8033020445973,false,"PIVETTI קמח 00 לכל מטרה 1 ק""ג",פיווטי Pivetti,IT,"קמח 1 ק""ג רב תכליתי",קילוגרמים,1.00,"ק""ג",false,,8.00,8.0000,true,1,110822
8033020445980,false,"קמח לפסטה 1 pasta fresca ק""ג 00 PIVETTI",PIVETTI,IT,"קמח לפסטה 1 ק""ג",קילוגרמים,1.00,"ק""ג",false,,12.90,12.9000,true,1,112356
8033020445997,false,"קמח איטלקי ללחמים 1 ק""ג 0 PIVETTI",PIVETTI,IT,קמח איטלקי ללחמים 1,קילוגרמים,1.00,"ק""ג",false,,11.50,11.5000,true,1,111151
8033020446000,false,"קמח איטלקי לפיצה ופוקצה 1 ק""ג 00 PIVETTI",פיווטי Pivetti,IT,קמח לפיצה ופוקצ'ה,קילוגרמים,1.00,"ק""ג",false,,10.90,10.9000,true,1,110881
8033087771374,false,"ניוקי תפ""א 500 גר",,,"ניוקי תפ""א 500 גר",גרמים,500.00,100 גרם,false,,8.90,0.0178,true,1,98818
8033275522368,false,מונטארו קיאנטי כשר,סרסטר,IT,מונטרו קיאנטי,מיליליטרים,750.00,"100 מ""ל",false,,52.90,0.0705,true,1,112703
8034023209272,false,ארטישוק א-לה רומנה בשמן חמניות 510 ג' (12),אהלרומנה,,"ארטישוק ""אל-לה רומנה",גרמים,510.00,100 גרם,false,,32.90,0.0645,true,1,61836
8052440756216,false,שמן חמניות אורגני כבישה קרה 1 ליטר,תות תעשיות מזון (201,IT,שמן חמניות אורגני,מיליליטרים,1000.00,"100 מ""ל",false,,31.90,0.0319,true,1,110191
8076800195019,false,ברילה - צ.א ספגטי מס1 קפליני 500 גרם,ברילה גי.אי.אר פרטלי,IT,ספגטי מס'1 קפליני.,גרמים,500.00,100 גרם,false,,6.90,0.0138,false,1,8680
8076800195033,false,ברילה - צ.א ספגטיני מס3 חדש 500 גרם,ברילה גי.אי.אר פרטלי,IT,ברילה ספגטיני.,גרמים,500.00,100 גרם,false,,6.90,0.0138,false,1,8681
8076800195057,false,ברילה - צ.א ספגטי מס5 חדש 500 גרם,ברילה גי.אי.אר פרטלי,IT,ספגטיני ברילה 5.,גרמים,500.00,100 גרם,false,,6.90,0.0138,false,1,8682
8076800195132,false,ברילה - צ.א בבטה מס13 500 גרם,ברילה גי.אי.אר פרטלי,IT,ברילה איטריות בבטה מ,גרמים,500.00,100 גרם,false,,6.90,0.0138,false,1,8683
8076800315097,false,ברילה - צ.א בוקטיני מס9 500 גרם,ברילה גי.אי.אר פרטלי,IT,ברילה בוקטיני מס' 9,גרמים,500.00,100 גרם,false,,6.90,0.0138,false,1,8684
8076802085738,false,ברילה - צ.ק פנה רגטה חדש 500 גרם,ברילה גי.אי.אר פרטלי,IT,ברילה פנה רגטה מס' 7,גרמים,500.00,100 גרם,false,,6.90,0.0138,false,1,8688
8076802085837,false,ברילה - צ.ק טורטליוני מס83 500 גרם,הנסיך- מפעל לייצור ט,IT,ברילה טורטליוני מס',גרמים,500.00,100 גרם,false,,6.90,0.0138,false,1,8689
8076802085936,false,ברילה פסטה צ.ק. קונצילה ריגטה חדש,ברילה גי.אי.אר פרטלי,IT,ברילה קונציליאה ריגא,גרמים,500.00,100 גרם,false,,6.90,0.0138,false,1,8692
8076802085981,false,ברילה - צ.ק פוזילי חדש 500 גרם,ברילה גי.אי.אר פרטלי,IT,פוסילי ברילה 98.,גרמים,500.00,100 גרם,false,,6.90,0.0138,false,1,8693
8076808050440,false,ברילה - צ.ק מקרוני מס44 500 גרם,ברילה Barilla,IT,ברילה פליני מס' 44.,גרמים,500.00,100 גרם,false,,6.90,0.0138,false,1,8695
8076808060654,false,ברילה - צ.ק פרפלה חדש 500 גרם,ברילה גי.אי.אר פרטלי,IT,ברילה פרפלה.,גרמים,500.00,100 גרם,false,,6.90,0.0138,false,1,8696
8076808070882,false,פסטה למילוי קנלוני 250 גר,פאסטיפיקו ריגו אס.אר,IT,קנלוני ברילה,גרמים,500.00,100 גרם,false,,13.90,0.0278,true,1,8697
8076808150072,false,ברילה - צ.א ספגטוני מס7 חדש 500 גרם,ברילה גי.אי.אר פרטלי,IT,ברילה ספגטי מס' 7.,גרמים,500.00,100 גרם,false,,6.90,0.0138,false,1,8698
8076809501415,false,ברילה קנלוני/פנה 500 ג' מצה פנה טרקולור 500 גרם,ברילה Barilla,IT,פסטה פנה טריקולור,גרמים,500.00,100 גרם,false,,13.90,0.0278,true,1,8701
8076809512268,false,ברילה - צ.ק גירנדולה חדש 500 גרם,ברילה גי.אי.אר פרטלי,IT,ברילה גירנדולה מס' 3,גרמים,500.00,100 גרם,false,,6.90,0.0138,false,1,8703
8076809513388,false,ברילה - רוטב ארביאטה 400 גרם,ברילה גי.אי.אר פרטלי,IT,ברילה רוטב ארביאטה,גרמים,400.00,100 גרם,false,,13.90,0.0348,false,1,8704
8076809513395,false,ברילה פומודורו רוטב עגבניות קלאסי 400 גר,ברילה גי.אי.אר פרטלי,IT,ברילה רוטב פומודורו,גרמים,400.00,100 גרם,false,,13.90,0.0348,true,1,8705
8076809513654,false,בסיס רוטב עגבניות לבולונז 400 גרם ברילה,ברילה גי.אי.אר פרטלי,IT,רוטב ברילה בסיס לבול,גרמים,400.00,100 גרם,false,,13.90,0.0348,true,1,8706
8076809513692,false,רוטב עגבניות נפולטנה בתוספת ירקות,ברילה גי.אי.אר פרטלי,IT,ברילה רוטב נפוליטנה,גרמים,400.00,100 גרם,false,,13.90,0.0348,true,1,8707
8076809513739,false,ברילה רוטב עגבניות עם בזיליקום 400 גרם,ברילה גי.אי.אר פרטלי,IT,רוטב בזיליקום ברילה,גרמים,400.00,100 גרם,false,,13.90,0.0348,true,1,25097
8076809514774,false,ברילה איטריות ביצים פפרדלה 250ג',ברילה גי.אי.אר פרטלי,IT,ברילה איטריות פפרדל,גרמים,250.00,100 גרם,false,,17.90,0.0716,true,1,8709
8076809523561,false,ברילה - רוטב פסטה בטעם טוסקנה 400 גרם,ברילה גי.אי.אר פרטלי,IT,רוטב פסטה ברילה בטעם,גרמים,400.00,100 גרם,false,,13.90,0.0348,true,1,38952
8076809523714,false,"פסטה ברילה טליאטלה, 500 ג'","ש. שסטוביץ בע""מ",IT,ברילה טליאטלה 500 גר,גרמים,500.00,100 גרם,false,,25.90,0.0518,true,1,8719
8076809523738,false,פסטה ברילה לזניה 500ג',ברילה גי.אי.אר פרטלי,IT,לזניה ברילה,גרמים,500.00,100 גרם,false,,19.90,0.0398,true,1,8720
8076809529419,false,ספגטי מחיטה מלאה מס' 5 500 ג' ברילה,ברילה גי. אי. אר פרט,IT,ספגטי ברילה מחיטה מל,גרמים,500.00,100 גרם,false,,13.90,0.0278,true,1,25895
8076809529433,false,ברילה פנטה רגטה מחיטה מלאה 500ג',"ש. שסטוביץ בע""מ",IT,ברילה פנה רגטה מחיטה,גרמים,500.00,100 גרם,false,,13.90,0.0278,true,1,25896
8076809545457,false,ברילה אטריות ללא גלוטן 400 ג' צינורות 400 ג',"ש. שסטוביץ בע""מ",IT,ברילה ללא גלוטן צינו,גרמים,400.00,100 גרם,false,,14.90,0.0373,true,1,92763
8076809545464,false,ברילה פסטה ללא גלוטן צורת ספירלי 400 גר,מולינו אנדריאני אס.א,IT,ברילה ללא גלוטן ספיר,גרמים,400.00,100 גרם,false,,14.90,0.0373,true,1,92764
8076809547956,false,ברילה - צ.ק קיפרי 500 גרם,ברילה סורג,IT,ברילה צ.ק קיפרי 500,גרמים,500.00,100 גרם,false,,6.90,0.0138,true,1,116033
8076809576352,false,ברילה לזניה ללא גלוטן 250 ג',ברילה גי.אי.אר פרטלי,IT,ברילה לזניה ללא גלוט,גרמים,250.00,100 גרם,false,,19.90,0.0796,true,1,122627
8076809578998,false,ברילה - צ.ק. סטלינה 500 גרם,ברילה Barilla,IT,פסטה ברילה סטלינה,גרמים,500.00,100 גרם,false,,6.90,0.0138,true,1,122349
8076809580496,false,פסטה פפירי 450 ג' ברילה,ברילה,IT,פסטה פפירי ברילה,גרמים,450.00,100 גרם,false,,12.90,0.0287,true,1,163720
8121300206946,false,ממתיק סיטיביה טרוביה 80 שקיות אישיות,הרתסייד פוד,US,טרוביה סטיביה ממתיק,גרמים,80.00,100 גרם,false,,29.90,0.3737,true,1,114588
8121300207172,false,טרוביה- סטיביה תערובת סוכר קנים- 500ג',קספרס פאקאגעהג,US,טרוביה סטיביה תערובת,גרמים,500.00,100 גרם,false,,34.90,0.0698,true,1,114590
8358110076302,false,כוסות לחיים 40 יחידות,"איטיליאן פוד, אס.פי.",CN,"כוסות ליין ח""פ 40 יח",יחידה,0.00,יחידה,false,,6.50,0.0000,true,1,60317
8410001109978,false,ספוגי קרצוף ללכלוך קשה זוג,3m,TR,זוג ספוגי קרצוף ללכל,יחידה,0.00,יחידה,false,,10.90,0.0000,true,1,119530
8410001134833,false,זוג ספוגי ניקוי ללא שריטות שמזון אינו נלכד בתוכו,3m,US,זוג ספוגי ניקוי ללא,יחידה,0.00,יחידה,false,,12.90,0.0000,true,1,123682
8410001134864,false,זוג ספוגים לניקוי קשה שמזון אינו נלכד בתוכו,3m,US,זוג ספוגים לניקוי קש,יחידה,0.00,יחידה,false,,12.90,0.0000,true,1,123683
8410001134888,false,זוג ספוגים עם ידית אחיזה לניקוי קשה שמזון אינו נלכד בתוכו,3m,US,זוג ספוגים עם ידית א,יחידה,0.00,יחידה,false,,12.90,0.0000,true,1,123685
8410001134918,false,זוג ספוגים עם ידית אחיזה ללא שריטות שמזון אינו נלכד בתוכו,3m,US,זוג ספוגים עם ידית א,יחידה,0.00,יחידה,false,,12.90,0.0000,true,1,123686
8410001135304,false,סקוטש ברייט כרית ניקוי לכיריים מזכוכית,3m,US,סקוטש ברייט כרית ניק,יחידה,0.00,יחידה,false,,15.90,0.0000,true,1,123684
8410076600622,false,חטיפי גרנולה Crunchy שיבולת שועל מלאה ושבבי שוקולד מריר,ג'נרל מילס סאן אדריא,ES,נייטשר ואלי חמישייה,גרמים,210.00,100 גרם,false,,19.00,0.0905,true,1,57950
8410076610379,false,נייטשר ואלי פרוטאין בוטנים ושבבי שוקולד 160 ג',סריילטו ספיין פודס,ES,נייטשר ואלי פרוטאין,גרמים,160.00,100 גרם,false,,22.90,0.1431,true,1,95961
8410076610386,false,נייטשר ואלי פרוטאין בוטנים עם ציפוי בטעם קרמל מלוח 160 ג',סריילטו ספיין פודס,ES,חטיף נייטשר ואלי פרו,גרמים,160.00,100 גרם,false,,22.90,0.1431,true,1,95962
8410076610492,false,סוויט אנד סולטי שוקולד מריר בציפוי חמאת בוטנים,יבואן ומשווק: ש. שסט,ES,נייטשר ואלי צ'ואי בו,גרמים,150.00,100 גרם,false,,19.00,0.1267,true,1,98255
8410076610508,false,"נייטשר וואלי צ'ואי שוקולד מריר בוטנים ושקדים, חמישיה 5 * 30 גרם",נייצ'ר ואלי Nature Valley,ES,נייטשר ואלי צ'ואי בו,גרמים,150.00,100 גרם,false,,19.00,0.1267,true,1,98256
8410076621009,false,עוגות אישיות בטעם קרמל עם חתיכות בטעם קרמל מלוח,"גלאטס סירו בע""מ",PT,חטיף פייבר 1 בטעם קר,גרמים,120.00,100 גרם,false,,14.90,0.1242,true,1,119886
8410076621047,false,עוגות אישיות בטעם שוקולד עם חתיכות בטעם שוקולד,"גלאטס סירו בע""מ",ES,חטיפי פייבר 1 בראוני,גרמים,120.00,100 גרם,false,,14.90,0.1242,true,1,119791
8410104039134,false,"פיניש מנקה ומחדש מדיח 250 מ""ל",הדקלאים אגודת שיתופי,PL,פיניש מנקה ומחדש,מיליליטרים,250.00,"100 מ""ל",false,,14.90,0.0596,true,1,17271
8410104044916,false,פיניש אבקה למדיח 2.7 לימון,רקיט בנקיזר,DE,פיניש אבקה למדיח 2.7,קילוגרמים,2.70,"ק""ג",false,,39.90,14.7778,false,1,17272
8410104045111,false,"פיניש מלח למדיח כלים 2ק""ג",רקיט בנקיזר,IL,פיניש מלח למדיח,קילוגרמים,2.00,"ק""ג",false,,14.90,7.4500,true,1,116123
8410104425906,false,שעווה חמה בניחוח יסמין,רקיט בנקיזר צרפת,FR,שעווה חמה ויט,מיליליטרים,250.00,"100 מ""ל",false,,19.90,0.0796,true,1,17286
8410104437268,false,פיניש דאו ציטרופרש מנטה,רקיט בנקיזר,HU,פיניש ציטרו פרש,גרמים,27.00,100 גרם,false,,14.90,0.5519,true,1,51051
8410128768324,false,משקה ויוה סוי שקדים קרטונים 1 ל',קלידאד פסקואל,ES,ויוה סוי שקדים קרטונ,ליטרים,1.00,ליטר,false,,12.90,12.9000,true,1,115623
8410128768355,false,ויוה סוי סויה קלאסי קרטונית ליטר,קלידאד פסקואל,ES,ויוה סוי סויה קרטוני,ליטרים,1.00,ליטר,false,,11.90,11.9000,true,1,115624
8410179100043,false,שמן זית בורחס מעולה7,PONTU BORGES ACEITES,ES,שמן זית בורחס מעולה7,יחידה,750.00,יחידה,false,,37.90,0.0505,true,1,27960
8410342004789,false,טוראס-שוקולד מריר 72% ללא סוכר 100 גרם,,,טוראס שוקולד מריר 72,גרמים,100.00,100 גרם,false,,15.90,0.1590,true,1,121051
8410342004994,false,"שוקולד מריר שבבי קקאו חמוציות ללת""ס 125",צ'יקולטס טוארס,ES,טוראס שוקולד מריר שב,גרמים,125.00,100 גרם,false,,14.90,0.1192,true,1,114882
8410342005632,false,טוראס שוקולד חלב שקד ללא סוכר 75 גרם,,ES,טוראס שוקולד חלב שקד,גרמים,75.00,100 גרם,false,,8.50,0.1133,true,1,120872
8410342006318,false,טוראס שוקולד מריר קפה ללא סוכר 75 גרם,,ES,טוראס שוקולד מריר קפ,גרמים,75.00,100 גרם,false,,8.50,0.1133,true,1,117123
8410376009392,false,גולון- ביסקוויטחיטה מלאה ללא סוכר 170 גר'1/16,גאלטס גלון סא,ES,ביסקוויט מחיטה מלאה,גרמים,170.00,100 גרם,false,,9.90,0.0582,true,1,42501
8410376010701,false,"ביסקוויט ללת""ס גולון גלטה מריה 400 גר",תות תעשיות מזון (201,ES,גולון ביסקוויט מרי ל,גרמים,400.00,100 גרם,false,,17.90,0.0447,true,1,39785
8410376013191,false,קרקר פיק קוקטייל בצילינדר 350 גר גולון,GULLON,,גולון קרקר פיק קוקטי,יחידה,0.00,יחידה,false,,12.90,0.0000,true,1,51397
8410376016857,false,גולון - ביסקוויט דיאגסטיב דל שומן 400,GULLON,,ביסקוויט דיאג'סטיב ד,גרמים,400.00,100 גרם,false,,12.90,0.0323,true,1,61388
8410376017342,false,גולון-עוגיות שוקו צ'יפס ללא גלוטן 200 ג'1/12,גולון,,עוגיות שוקו ציפס -20,גרמים,200.00,100 גרם,false,,21.00,0.1050,true,1,37187
8410376023831,false,גולון-ביסקוויט ח.מלאה 400 גר' ללא סוכר 1/15,גולון,,גולון ביסקוויט חיטה,גרמים,400.00,100 גרם,false,,16.90,0.0422,true,1,43568
8410376037784,false,"ביסקויט ללת""ס סנדוויץ שוקו 250 גר גונץ",תות תעשיות מזון (201,ES,גולון ביסקויט שוקו ל,גרמים,250.00,100 גרם,false,,13.50,0.0540,true,1,59186
8410376037883,false,גוליאן עוגיות שוקו צפס ללא גלוטן 130 ג ו,תות תעשיות מזון (201,ES,עוגיות שוקו צ'יפס לל,גרמים,125.00,100 גרם,false,,13.50,0.1080,true,1,60733
8410376044393,false,גולון עוגיות סנדוויץ,GULLON,,גולון עוגיות סנדוויץ,גרמים,210.00,100 גרם,false,,18.90,0.0900,true,1,93312
8410376044959,false,גולון דיבוס שרקיז ללא גלוטן ולקטוז 250גר,דן נקסט,ES,גולון דיבוס בסקויט ל,גרמים,250.00,100 גרם,false,,18.90,0.0756,true,1,95164
8410376047509,false,"גולון ביסקויט ללת""ס 400 גרם",גלטס גולון,ES,גולון ביסקויט ללא סו,גרמים,400.00,100 גרם,false,,15.90,0.0398,true,1,98605
8410376052633,false,גולון-עוגיות שוקוצ'יפס ללא תוספת סוכר 150 ג 1/12,VIRGINIAS INDUSTRIAS,ES,גולון עוגיות שוקולד,גרמים,150.00,100 גרם,false,,12.90,0.0860,true,1,117049
8410376057270,false,גולון-ביסקוויט ללא סוכר עם ש.מריר 150 גר' 1/12,גולון,ES,גולון ביסקוויט ללא ס,גרמים,150.00,100 גרם,false,,17.90,0.1193,true,1,116408
8410376059380,false,גולון וופל וניל ללא תוספת סוכר 180 גרם,GULLON,ES,גולון וופל וניל ללא,גרמים,180.00,100 גרם,false,,15.90,0.0883,true,1,120465
8410376059397,false,גולון וופל שוקולד ללא תוספת סוכר 180 גרם,GULLON,ES,גולון וופל שוקולד לל,גרמים,200.00,100 גרם,false,,15.90,0.0795,true,1,121609
8410441000576,false,יין פאוסטינו VI אדום,גרופו פאוסיטינו,ES,פאוסטינו אדום VI,מיליליטרים,750.00,"100 מ""ל",false,,65.00,0.0867,true,1,116359
8410655000409,false,"בירה סאן מיגל 250 מ""",,,"בירה סאן מיגל 250 מ""",מיליליטרים,1500.00,"100 מ""ל",false,,32.90,0.0219,true,1,166170
8410655000423,false,"מארז בירה סאן מיגל 4*330 מ""ל",,,בירה סאן מיגל רביעיי,ליטרים,1.32,ליטר,false,,24.90,18.8636,false,1,59349
8410655001147,false,בירה סאן מיגל 500 מל פחית,,,בירה סאן מיגל פחית 5,מיליליטרים,500.00,"100 מ""ל",false,,9.00,0.0180,true,1,106431
8410655002458,false,"בירה סאן מיגל ללא גלוטן 330 מ""ל",,,בירה סאן מיגל ללא גל,מיליליטרים,330.00,"100 מ""ל",false,,9.90,0.0300,true,1,117613
8410655006555,false,"בירה סאן מיגל פרסקה 330 מ""ל מארז שישייה",,,בירה סאן מיגל פרסקה,מיליליטרים,1980.00,"100 מ""ל",false,,34.90,0.0176,true,1,117799
8410721443611,false,פלפל שחור שלם-מטחנת זכוכית 45 גרם,ליימן שליסל,ES,פלפל שחור שלם 45 גרם,גרמים,45.00,100 גרם,false,,11.90,0.2644,true,1,116915
8410721443635,false,מלח ים-מטחנת זכוכית-100 גרם,ליימן שליסל,ES,מלח ים מטחנת זכוכית,גרמים,100.00,100 גרם,false,,11.90,0.1190,true,1,116916
8410721443659,false,תערובת פלפלים לתיבול-מטחנת זכוכית-40 גרם,ליימן שליסל,ES,תערובת פלפלים לתיבול,גרמים,40.00,100 גרם,false,,11.90,0.2975,true,1,116917
8410721443680,false,מלח ים מרקדו טייסט 425ג',,,מלח ים מטחנה 425 גר',גרמים,425.00,100 גרם,false,,21.90,0.0515,true,1,116913
8410743700297,false,יין קווה קסטילו פרלדה יבש 750 מל,PERGALE,ES,קסטילו פרלדה ברוט יי,מיליליטרים,750.00,"100 מ""ל",false,,31.90,0.0425,true,1,110216
8410743700303,false,יין קווה קסטילו פרלדה חצי יבש 750 מל,PERGALE,ES,קסטילו פרלדה חצי יבש,מיליליטרים,750.00,"100 מ""ל",false,,31.90,0.0425,true,1,110215
8411210005259,false,סארסה רבעי לבבות ארט,,,סארסה רבעי לבבות ארט,גרמים,340.00,100 גרם,false,,13.50,0.0397,true,1,111908
8411277063049,false,קווה כשרה גאום סרה ב,ג'אום סרה,,קווה ג'אום סרה ברוט,מיליליטרים,750.00,"100 מ""ל",false,,29.90,0.0399,true,1,50739
8411277350118,false,"קאווה ג'ום סרה חצי יבש 750 מ""ל",ג'אום סרה,,קווה ג'אום סרה חצי י,יחידה,0.00,יחידה,false,,29.90,0.0000,true,1,53629
8411320234006,false,נתחי טונה לבנה בשמן זית 112 ג ORTIZ פחית,אורטיז ORTIZ,ES,ORTIZ-טונה בשמן זית,גרמים,82.00,100 גרם,false,,18.90,0.2305,true,1,59473
8411320334027,false,נתחי טונה צהובה בשמן זית (פחית) 112 ג ORTIZ,אורטיז ORTIZ,ES,ORTIZ-טונה בשמן זית,גרמים,82.00,100 גרם,false,,14.50,0.1768,true,1,51435
8411320382967,false,טונה צהובה בשמן זית (צנצנת) 220 גרם,אורטיז ORTIZ,ES,טונה צהובה בשמן זית,גרמים,220.00,100 גרם,false,,35.90,0.1632,true,1,106063
8411320801000,false,סרדינים אורטיז בשמן,,,אורטיז-סרדינים בשמן,גרמים,140.00,100 גרם,false,,25.90,0.1850,true,1,66851
8411320801055,false,סרדינים בשמן זית (פחית) 140 ג ORTIZ,,,אורטיז-סרדינים בשמן,גרמים,100.00,100 גרם,false,,16.90,0.1690,true,1,66852
8411514802608,false,חול חתולים סניקט אלוורה 4 לי',,,"חול לחתולים 4 ק""ג",קילוגרמים,4.00,"ק""ג",false,,18.90,4.7250,true,1,108555
8412168002529,false,מחייה 13 משקה כוהלי בטעם לימונים,דיסטילריאס לה הורטנה,ES,מחייה 13% לימונים,מיליליטרים,700.00,"100 מ""ל",false,,49.90,0.0713,true,1,104963
8412168003106,false,"ערק מחייה 13 פסיפלורה 700 מ""ל",דיסטילריאס לה הורטנה,ES,מחייה משקה בטעם פסיפ,מיליליטרים,700.00,"100 מ""ל",false,,49.90,0.0713,true,1,165707
8412168008903,false,מחייה 13 משקה כוהלי בטעם אשכולית אדומה,מנדלז סי.אר. פרודקשן,ES,מחייה 13% אשכוליות א,מיליליטרים,700.00,"100 מ""ל",false,,49.90,0.0713,true,1,104964
8413664611611,false,פאפאס ארגנטה-ציפס דליקטס 180 גרם 1/12 121007,,ES,צ'יפס דליקטס 180 גר',גרמים,180.00,100 גרם,false,,15.90,0.0883,true,1,165422
8413664811905,false,פאפאס ארגנטה-ציפס ש.זית קינואה ומלח הימלאיה 150 גרם,,ES,צ'יפס שמן זית קינואה,גרמים,150.00,100 גרם,false,,15.90,0.1060,true,1,165423
8413700631290,false,פפריקה חריפה מעושנת,,,פפריקה חריפה מעושנת,גרמים,75.00,100 גרם,false,,14.90,0.1987,true,1,121960
8420708012822,false,קשקבל צאן ספרדי בשלה,מיוצר עי קונדיטוריית,ES,גבינת קשקבל בשלה,גרמים,200.00,100 גרם,false,,22.90,0.1145,true,1,123468
8420708018817,false,גבינת מנצ'גו בשלה 15,האי נאם סי או אל.טי.,ES,גבינת מנצ'גו בשלה 15,גרמים,150.00,100 גרם,false,,28.90,0.1927,true,1,97853
8420822130600,false,"ספריי סופר מסיר שומנים 750מ""ל יעקבי",קה לורדה,ES,סופר מסיר שומנים 750,מיליליטרים,750.00,"100 מ""ל",false,,14.90,0.0199,true,1,165224
8420822130624,false,"ספריי סופר מסיר כתמים 750מ""ל יעקבי",קה לורדה,ES,סופר מסיר כתמים 750,מיליליטרים,750.00,"100 מ""ל",false,,17.90,0.0239,true,1,165223
8423207206488,false,ס.דליס חטיף דגנים מלאים מצופה שוקולד חלב,אף.סי תבליני בגליל ב,ES,חטיף דגנים מלאים מצו,יחידה,0.00,יחידה,false,,10.90,0.0000,true,1,55420
8423207206495,false,חטיף דגנים מלאים מצופה שוקולד מריר 120 ג,אף.סי תבליני בגליל ב,ES,חטיף דגנים מלאים מצו,יחידה,0.00,יחידה,false,,10.90,0.0000,true,1,55421
8423207206501,false,חטיף רב דגנים עם שוקולד חלב 78 גרם,סלים דליס Slim Delis,ES,מרבה סלים דליס חצי מ,יחידה,0.00,יחידה,false,,10.90,0.0000,true,1,55422
8423207207362,false,חטיף דגנים סלים דליס שוקולד לבן 120 גר,ביסנצ'ורי אס.אל.יו,ES,חטיף דגנים שוקולד לב,יחידה,0.00,יחידה,false,,10.90,0.0000,true,1,63187
8423207208260,false,מרבה סלים דליס 125 ג' ללא גלוטן שוקולד חלב,ביסנצ'ורי אס.אל.יו,ES,סלים דליס שוקולד חלב,יחידה,0.00,יחידה,false,,10.90,0.0000,true,1,91963
8423207208680,false,מרבה חטיפי סלים דליס לילדים שוקולד חלב,ביסנצ'ורי אס.אל.יו,ES,סלים דליס לילדים עם,יחידה,0.00,יחידה,false,,10.90,0.0000,true,1,93390
8423207208697,false,מרבה סלים דליס לילדים עם שוקולד לבן חדש,ביסנצ'ורי אס.אל.יו,ES,סלים דליס לילדים עם,יחידה,0.00,יחידה,false,,10.90,0.0000,true,1,93391
8423207208703,false,מרבה חטיפי סלים דליס לילדים שוקולד מריר,ביסנצ'ורי אס.אל.יו,ES,סלים דליס לילדים עם,יחידה,0.00,יחידה,false,,10.90,0.0000,true,1,93392
8423207208871,false,פרכיות תירס בטעם טבעי סלים דליס 130ג',סלים דליס Slim Delis,ES,פרכיות תירס בטעם טבע,גרמים,130.00,100 גרם,false,,8.90,0.0685,true,1,97383
8423207208888,false,פריכיות תירס בטעם עגבניות ועשבי תיבול סלים דליס 123 ג',סלים דליס Slim Delis,ES,פריכיות תירס בטעם עג,גרמים,123.50,100 גרם,false,,8.90,0.0721,true,1,97245
8423207208895,false,פריכיות תירס בטעם זיתים ועירית סלים דליס 123 ג',סלים דליס Slim Delis,ES,פריכיות תירס בטעם זי,גרמים,123.50,100 גרם,false,,8.90,0.0721,true,1,97246
8423207209885,false,מרבה חטיפי סלים דליס מהדורה מיוחדת שוקולד חלב,סלים דליס Slim Delis,ES,מרבה סלים דליס מהדור,גרמים,125.00,100 גרם,false,,10.90,0.0872,true,1,104256
8423207210287,false,מרבה סלים דליס שוקולד לבן בטעם יוגורט 120 ג',סלים דליס Slim Delis,ES,מרבה סלים דליס שוקול,גרמים,120.00,100 גרם,false,,10.90,0.0908,true,1,107950
8423207210928,false,חטיף דגנים מצופה שוקולד חלב ואגוזי לוז - 5 במארז,נוטרישן אנד סנטה קוב,ES,סלים דליס טופינג אגו,גרמים,90.00,100 גרם,false,,10.90,0.1211,true,1,117840
8423207210942,false,חטיף דגנים מצופה שוקולד לבן ופירות יער,נוטרישן אנד סנטה קוב,ES,סלים דליס טופינג פיר,גרמים,90.00,100 גרם,false,,10.90,0.1211,true,1,117842
8423207210966,false,חטיף רב דגנים מצופה שוקולד לבן קוקוס ולימון,נוטרישן אנד סנטה קוב,ES,סלים דליס טופינג קוק,גרמים,90.00,100 גרם,false,,10.90,0.1211,true,1,117841
8423207210980,false,סלים דליס טופינג קליפת תפוז 90 גרם,נוטרישן אנד סנטה קוב,ES,סלים דליס טופינג קלי,גרמים,90.00,100 גרם,false,,10.90,0.1211,true,1,117871
8423371000202,false,מיקס בוטנים מלוחים SALYSOL,,ES,חטיף בוטנים עם מלח,גרמים,150.00,100 גרם,false,,8.90,0.0593,true,1,117338
8423371002312,false,בוטנים צילי סאליסול 150 גרם,סאליסול,ES,חטיף בוטנים עם צ'ילי,גרמים,350.00,100 גרם,false,,8.90,0.0254,true,1,164803
8423371002725,false,סאליסול- קוקטייל מיקס 100 גרם,גלוברנדס,ES,חטיף בוטנים ואגוזים,גרמים,100.00,100 גרם,false,,8.90,0.0890,true,1,117066
8423371002749,false,סאליסול- בוטנים ושקדים מקורמלים 135 גרם,גלוברנדס,ES,חטיף בוטנים ושקדים ב,גרמים,135.00,100 גרם,false,,8.90,0.0659,true,1,117067
8423371005085,false,סאליסול- מיקס פיקנטי 100 גרם,גלוברנדס,ES,חטיף בוטנים ואגוזים,גרמים,100.00,100 גרם,false,,8.90,0.0890,true,1,118527
8423371007089,false,סאליסול- בוטנים מלוחים בדבש 150 גרם,גלוברנדס,ES,חטיף בוטנים עם דבש ו,גרמים,150.00,100 גרם,false,,8.90,0.0593,true,1,117068
8423371007492,false,גרעיני חמניה סאליסול 140 גרם,,ES,חטיף גרעיני חמניה,גרמים,140.00,100 גרם,false,,8.90,0.0636,true,1,164804
8424842050016,false,צ'יפס בטעם כמהין 125 גרם,RUBIO,ES,צ'יפס בטעם כמהין,גרמים,130.00,100 גרם,false,,12.90,0.0992,true,1,121857
8424842050030,false,צ'יפס עם מלח הימלאיה 125 גרם,RUBIO,ES,צ'יפס עם מלח הימלאי,גרמים,125.00,100 גרם,false,,12.90,0.1032,true,1,121855
8424842050085,false,צ'יפס בטעם חרדל ודבש 125 גרם,RUBIO,ES,צ'יפס בטעם חרדל ודבש,גרמים,125.00,100 גרם,false,,12.90,0.1032,true,1,121856
8424842201340,false,צ'יפס מסורתי פרימיום 130 גרם,,ES,צ'יפס מסורתי פרימיום,גרמים,130.00,100 גרם,false,,12.90,0.0992,true,1,121858
8425206000142,false,ריבת חלב מרדל בקבוק לחיץ 370 גרם,גורי,ES,ריבת חלב בבקבוק לחיץ,גרמים,370.00,100 גרם,false,,19.90,0.0538,true,1,100027
8425206000272,false,מרדל סירופ בטעם ריבת חלב 550 ג',קארו,ES,סירופ בטעם ריבת חלב,גרמים,550.00,100 גרם,false,,19.90,0.0362,true,1,108814
8428818164172,false,מלח ים אטלנטי אפור ל,,,מלח ים אטלנטי אפור ל,קילוגרמים,1.00,"ק""ג",false,,14.90,14.9000,true,1,68174
8435495805168,false,"תינוקלין לכביסה לעור רגיש אולימפיק 1.25ק""ג",מולינו ניקולי s.p.a,PL,"תינוקלין 1.25 ק""ג",קילוגרמים,1.25,"ק""ג",false,,24.90,19.9200,true,1,106053
8435495805199,false,"תינוקלין אבקת כביסה 3 ק""ג",מולינו ניקולי s.p.a,TR,"תינוקלין 3 ק""ג",קילוגרמים,3.00,"ק""ג",false,,43.90,14.6333,true,1,106325
8435495807605,false,תינוקלין מרכך כביסה היפואלרגני מרוכז 1 ליטר,מולינו ניקולי s.p.a,TR,תינוקלין מרכך כביסה,ליטרים,1.00,ליטר,false,,17.90,17.9000,false,1,109044
8435495807636,false,ג'ל כביסה היפואלרגני 2 ל' תינוקלין,פרוקטר אנד גמבל,PL,תינוקלין ג'ל כביסה 2,ליטרים,2.00,ליטר,false,,29.90,14.9500,true,1,110097
8435495819363,false,תינוקלין - מרכך כביסה פרש & ג'נטל 1 ליטר,פרוקטר אנד גמבל,TR,תינוקלין מרכך כביסה,ליטרים,1.00,ליטר,false,,17.90,17.9000,true,1,163953
8436575292205,false,ארטיק חמשושים מאגדת 15*12 גר',שוורצקוף& הנקל דיסלד,IL,מאגדת חמושושים,גרמים,220.00,100 גרם,false,,19.50,0.0886,true,1,111259
8445290046284,false,רד מאג נס קפה קלאסיק 220 גרם,נסטלה ספרד קפה,ES,נסקפה רד מאג,גרמים,220.00,100 גרם,false,,20.00,0.0909,false,1,166882
8445290341617,false,פנסי פיסט פטה עוף וסלמון 85גר,נסטלה פורינה USA סט,US,פנסי פיסט פטה עוף וס,גרמים,85.00,100 גרם,false,,6.00,0.0706,true,1,168050
8445290427120,false,דגני פיטנס Fitness שוקולד מריר ובננה,נסטלה צרפת איטנקורט,FR,פיטנס שוקולד מריר וב,גרמים,330.00,100 גרם,false,,21.90,0.0664,false,1,167823
8565255620813,false,סט סכיני סטייק,,,סט סכיני סטייק,יחידה,0.00,יחידה,false,,26.90,0.0000,true,1,99120
8593868006014,false,בירה בלו מון פחית 50,"איי, בי, אינבוו",CZ,בירה בלו מון פחית 50,מיליליטרים,500.00,"100 מ""ל",false,,11.90,0.0238,true,1,120240
8594006931328,false,בירה פרימטור ויצן 500 מל צכיה,,CZ,פרימטור וויצן בירה,מיליליטרים,510.00,"100 מ""ל",false,,12.90,0.0253,true,1,55492
8594404001418,false,בירה קוזל כהה בקבוק,פילזנסקי,CZ,בירה קוזל כהה,מיליליטרים,500.00,"100 מ""ל",false,,8.50,0.0170,true,1,47259
8594404110110,false,בירה פילסנר אוראקוול 500 מל,Plznsky,IT,בירה פילזנראורקוול,מיליליטרים,500.00,"100 מ""ל",false,,12.00,0.0240,true,1,24302
8594404115115,false,בירה פילזנר אורקוול פחית 500 מל,פילזן,CZ,פילזנר אורקוול פחית,מיליליטרים,500.00,"100 מ""ל",false,,8.90,0.0178,true,1,167719
8595028418583,false,סכין רב שימושית 14סמ,,,סכין רב שימושית 14סמ,יחידה,0.00,יחידה,false,,29.90,0.0000,true,1,60748
8595028436716,false,קופסא עגולה 1 ליטר,,,קופסא עגולה 1 ליטר,יחידה,0.00,יחידה,false,,10.00,0.0000,true,1,103987
8595028439922,false,קליפס אטימה 5 יח,,,קליפס אטימה 5 יח,יחידה,0.00,יחידה,false,,9.90,0.0000,true,1,96538
8595028440522,false,קולפן כרוב,,,קולפן כרוב,יחידה,0.00,יחידה,false,,19.90,0.0000,true,1,68897
8595028498080,false,קולפן דו צדדי,,,קולפן דו צדדי,יחידה,0.00,יחידה,false,,16.90,0.0000,true,1,107547
8606018615827,false,גלידת וניל עם שברי עוגיות אוראו 480 ג',פרונרי סרביה,IL,גלידת וניל עם שברי ע,גרמים,480.00,100 גרם,false,,17.90,0.0373,true,1,165596
8606018615841,false,גלידת וניל עם ליבת שוקולד חלב 480 ג' מילקה,פרונרי סרביה,IL,גלידת וניל עם ליבת ש,גרמים,480.00,100 גרם,false,,17.90,0.0373,true,1,165597
8606018615865,false,פיינט מילקה קרמל ליבת שוקולד 480 גרם,פרונרי סרביה,IL,גלידת קרמל,גרמים,480.00,100 גרם,false,,17.90,0.0373,true,1,165598
8606109023609,false,"פרוויטה מיץ תפוחי עץ ודובדבנים 750 מ""ל",,IL,פרוויטה מיץ תפוחי עץ,מיליליטרים,750.00,"100 מ""ל",false,,10.90,0.0145,true,1,122869
8606109023623,false,פרוויטה מיץ תפוחי עץ ולימון ליים 750 מ,,IL,פרוויטה מיץ תפוח עץ,מיליליטרים,750.00,"100 מ""ל",false,,10.90,0.0145,true,1,122757
8606109023708,false,פרוויטה מיץ תפוחי עץ,,,פרוויטה מיץ תפוחי עץ,מיליליטרים,330.00,"100 מ""ל",false,,6.90,0.0209,true,1,122874
8683130008355,false,מיונז עם שום הלמנס לחיץ 400 גרם,יוניליוור ישראל שיוו,TR,מיונז הלמנס שום לחיץ,גרמים,400.00,100 גרם,false,,12.90,0.0323,true,1,164208
8683130008935,false,ממרח קטשיונז לחיץ 425 גם,יוניליוור ישראל שיוו,TR,הלמנס קטשיונז 425 גר,גרמים,425.00,100 גרם,false,,12.90,0.0304,true,1,165218
8683130012666,false,מגנום דאבל לבן עוגיות 200 גרם,"מיוצר ע""י יונילוור ס",TR,שלגון מגנום דאבל לבן,גרמים,74.00,100 גרם,false,,11.00,0.1486,true,1,166676
8683130025581,false,"בדין - מרכך כביסה אקסטרא ענבר 960 מ""ל",יונילוור - תורכיה,TR,בדין אקסטרה ענבר 960,מיליליטרים,960.00,"100 מ""ל",false,,14.90,0.0155,false,1,167536
8683323063024,false,יוגטה שטיחים בטעם תותי פרוטי 220 גרם,ליימן מותגים,TR,יוגטה שטיחים תותי פר,גרמים,220.00,100 גרם,false,,10.90,0.0495,true,1,98947
8690504081913,false,מקוויטיס טינס מצופה שוקולד חלב 150 גרם,שוורצקוף& הנקל דיסלד,TR,מיקוויטיס ביסקוויטים,גרמים,150.00,100 גרם,false,,10.00,0.0667,true,1,106051
8690504081920,false,מקוויטיס טינס מצופה שוקולד מריר 150 גרם,שוורצקוף& הנקל דיסלד,TR,טינס מצופה שוקולד מר,גרמים,150.00,100 גרם,false,,10.00,0.0667,true,1,106238
8690504153740,false,שוקולד מריר במילוי קרם בטעם שוקולד מריר,ביסקוט ביסקווי סילבר,TR,שוקולד מריר עם גאנש,גרמים,86.00,100 גרם,false,,13.90,0.1616,true,1,107032
8690504153849,false,שוקולד חלב במילוי קרם בטעם פרלין אגוזים,"אולקר מקבוצת פלאדיס,",TR,שוקולד חלב קרם אגוזי,גרמים,83.00,100 גרם,false,,13.90,0.1675,true,1,107033
8690504156543,false,טבלת שוקלד חלב ממולא בקרם גנאש שוקולד חלב 88 גר',ביסקוט ביסקווי סילבר,TR,גודייבה שוקולד חלב מ,גרמים,88.00,100 גרם,false,,13.90,0.1580,true,1,119410
8690572784303,false,"שוורצקוף גליס שמפו לשיער לאורך מושלם, 400 מ""ל",שוורצקופף והנקל,DE,גליס שמפו לאורך מושל,מיליליטרים,400.00,"100 מ""ל",false,,14.90,0.0373,true,1,107690
8690637073373,false,תה ארל גריי בטעם ברגמוט ליפטון 25 שקיקים,יונילוור - תורכיה,TR,תה ארל גריי סרוויס 2,גרמים,50.00,100 גרם,false,,8.00,0.1600,true,1,35682
8690637073434,false,תה ליפטון ארל גריי 100 שקיקים,ליפטון Lipton,,תה ארל גריי ליפטון 1,גרמים,200.00,100 גרם,false,,27.90,0.1395,true,1,35683
8690637503856,false,ממרח הלמנס כ- 40% פחות שומן לעומת מיונז,"בסטפוד - 3P ארה""ב Fo",TR,ממרח הלמנס לחיץ 355,גרמים,355.00,100 גרם,false,,12.90,0.0363,false,1,119939
8690637504426,false,"קרם ניקוי סיף בניחוח לימון 500 מ""ל",יונילוור - תורכיה,TR,סיף קרם לימון,מיליליטרים,500.00,"100 מ""ל",false,,9.90,0.0198,true,1,165019
8690637505607,false,מרכך כביסה מרוכז בדין אקסטרה בניחוח פינוק כחול,יוניליוור סנאיי וי ט,TR,בדין אקסטרה פינוק קל,מיליליטרים,960.00,"100 מ""ל",false,,14.90,0.0155,false,1,123422
8690637505614,false,"מרכך כביסה בדין אקסטרה פינוק קוקוס 960 מ""ל",יוניליוור סנאיי וי ט,TR,בדין אקסטרה פינוק קו,מיליליטרים,960.00,"100 מ""ל",false,,14.90,0.0155,false,1,123423
8690637555084,false,מרכך כביסה בדין אקסטרא פריחת תפוז 960 מל,יוניליוור סנאיי וי ט,TR,בדין אקסטרא לבן 960מ,מיליליטרים,960.00,"100 מ""ל",false,,14.90,0.0155,false,1,42291
8690637688195,false,ליפטון תה ירוק מעטפות קלאסי 30 ג',יונילוור - תורכיה,TR,תה ירוק קלאסי ליפטון,יחידה,0.00,יחידה,false,,14.90,0.0000,true,1,66303
8690637704277,false,"שמפו ומרכך לשיער רגיל 600 מ""ל דאב",יונילוור - תורכיה,TR,דאב שמפו יום יומי 2-,מיליליטרים,600.00,"100 מ""ל",false,,15.90,0.0265,false,1,68296
8690637704291,false,שמפו לשיקום אינטנסיבי לשיער פגום,יוניליוור טורקיה. אז,TR,"דאב שמפו משקם 600 מ""",מיליליטרים,600.00,"100 מ""ל",false,,15.90,0.0265,false,1,68297
8690637704376,false,שמפו יום יומי לשיער רגיל,יוניליוור טורקיה. אז,TR,דאב שמפו יום יומי 60,מיליליטרים,600.00,"100 מ""ל",false,,15.90,0.0265,false,1,68298
8690637704390,false,"מרכך לשיער רגיל 600 מ""ל דאב",יוניליוור טורקיה. אז,TR,דאב מרכך יום יומי 60,מיליליטרים,600.00,"100 מ""ל",false,,15.90,0.0265,false,1,68430
8690637704437,false,שמפו עם שמני הזנה לטיפוח לשיער יבש,יוניליוור טורקיה. אז,TR,דאב שמפו שמני הזנה 6,מיליליטרים,600.00,"100 מ""ל",false,,15.90,0.0265,false,1,68299
8690637799594,false,תה ירוק ליפטון נענע בסגנון מרוקאי 20יח',בסן בסין סנאיי וי טי,TR,תה ירוק נענע בסגנון,גרמים,36.00,100 גרם,false,,14.90,0.4139,true,1,97363
8690637835643,false,תה ירוק לואיז הולימונית 20 שק ליפטון,ליפטון Lipton,TR,תה ירוק לואיזה ולימו,גרמים,30.00,100 גרם,false,,14.90,0.4967,true,1,102039
8690637842382,false,מגנום דאבל פרי יער שטראוס 82 גר,"מיוצר ע""י יונילוור ס",TR,מגנום דאבל פרי יער,יחידה,0.00,יחידה,false,,11.00,0.0000,true,1,105278
8690637842399,false,מאגדת מגנום מיני דאבל פרי יער שוקולד 6 יח' נסטלה,יוניליוור סנאי וי סי,TR,מאגדת מיני מגנום דאב,יחידה,0.00,יחידה,false,,32.90,0.0000,true,1,105279
8690637858734,false,ג'ל לניקוי כללי בתוספת אקונומיקה בניחוח לימון,סיף פנטסטיק Cif Fantastic,IL,סיף ג'ל אקונומיקה לי,מיליליטרים,750.00,"100 מ""ל",false,,10.90,0.0145,true,1,107385
8690637858741,false,ג'ל לניקוי כללי בתוספת אקונומיקה בניחוח רוח ים,סיף פנטסטיק Cif Fantastic,IL,סיף ג'ל אקונומיקה רו,מיליליטרים,750.00,"100 מ""ל",false,,10.90,0.0145,true,1,114225
8690637866654,false,תה ירוק קלאסי ליפטון 50 שקיקים 75ג',ליפטון,TR,ליפטון תה ירוק קלאסי,יחידה,0.00,יחידה,false,,25.90,0.0000,true,1,108200
8690637871245,false,הלמנס מיונז אמיתי 395 גר' בקבוק לחיץ.,"בסטפוד - 3P ארה""ב Fo",TR,הלמנס מיונז אמיתי לח,גרמים,395.00,100 גרם,false,,12.90,0.0327,true,1,111486
8690637890666,false,מאגדת מגנום מיני דאבל פיסטוק 6 יח' שטראוס,יוניליוור סנאיי וי ט,TR,מגנום דאבל פיסטוק מא,גרמים,282.00,100 גרם,false,,32.90,0.1167,true,1,110288
8690637946301,false,"בדין - מרכך כביסה אקסטרא בייביי כחול 960 מ""ל",יוניליוור סנאיי וי ט,TR,בדין אקסטרא בייבי כח,מיליליטרים,960.00,"100 מ""ל",false,,14.90,0.0155,false,1,115864
8690637946318,false,מרכך כביסה אקסטרה בייבי היפואלרגני בריח טלק,יוניליוור סנאיי וי ט,IL,בדין אקסטרה בייבי צה,מיליליטרים,960.00,"100 מ""ל",false,,14.90,0.0155,false,1,117983
8690637971310,false,"מרכך כביסה אקסטרה בניחוח יערת הדבש 960 מ""ל בדין",יוניליוור סנאיי וי ט,TR,בדין אקסטרא יערת הדב,מיליליטרים,960.00,"100 מ""ל",false,,14.90,0.0155,false,1,119697
8690637976995,false,"בדין - מרכך כביסה אקסטרא ורוד סחלבים פראי 960 מ""ל",יוניליוור סנאיי וי ט,TR,בדין אקסטרה ורוד 960,מיליליטרים,960.00,"100 מ""ל",false,,14.90,0.0155,false,1,119878
8690637989612,false,מאגדת מיני מגנום דולצה גולד 6 יח 246 גרם,יונילוור סנאיי וי טי,TR,מגנום מיני דאבל דולצ,גרמים,246.00,100 גרם,false,,32.90,0.1337,true,1,121003
8690637989629,false,מגנום דאבל דולצה גולד 63 גרם,יונילוור סנאיי וי טי,TR,מגנום דאבל דולצ'ה גו,גרמים,63.00,100 גרם,false,,11.00,0.1746,true,1,121004
8690637994029,false,מרכך כביסה אקסטרה בניחוח סחלבים פראי,בדין,TR,בדין אקסטרה סחלבים 1,ליטרים,1.44,ליטר,false,,19.90,13.8194,false,1,121139
8690637994036,false,מרכך כביסה אקסטרה בניחוח יסמין מרענן,בדין,TR,בדין אקסטרה יסמין 1.,ליטרים,1.44,ליטר,false,,19.90,13.8194,false,1,121140
8690766156367,false,שוקולד חלב גודייבה מעולה 90 גר,"אולקר מקבוצת פלאדיס,",TR,שוקולד חלב מעולה גוד,גרמים,90.00,100 גרם,false,,14.50,0.1611,true,1,117767
8690766156374,false,שוקולד גודייבה מריר 72% מוצרי קקאו 90 גר,"אולקר מקבוצת פלאדיס,",TR,שוקולד מריר 72% גודי,גרמים,90.00,100 גרם,false,,14.50,0.1611,true,1,117092
8690766156381,false,גודייבה שוקולד מריר 90% מוצקי קקאו 90 גרם,"אולקר מקבוצת פלאדיס,",TR,שוקולד מריר מעולה 90,גרמים,90.00,100 גרם,false,,14.50,0.1611,true,1,115865
8690766156398,false,שוקולד חלב מעולה בתוספת שברי שקדים קלויים דבש ומלח 90ג',"אולקר מקבוצת פלאדיס,",TR,שוקולד חלב מעולה בתו,גרמים,90.00,100 גרם,false,,14.50,0.1611,true,1,117087
8690766156404,false,שוקולד מריר מעולה גודייבה תפוז אדום 90 גרם,גודייבה,TR,שוקולד מריר מעולה בט,גרמים,90.00,100 גרם,false,,14.50,0.1611,true,1,115866
8690766156411,false,שוקולד מריר מעולה בטעם פלפל ורוד עם חתיכות תות מסוכר 90ג',"אולקר מקבוצת פלאדיס,",TR,שוקולד גודייבה מריר,גרמים,90.00,100 גרם,false,,14.50,0.1611,true,1,116013
8690770322598,false,"שמרים יבשים 125 גר` בד""צ",בראבו Bravo,,שמרים יבשים 125 גר,גרמים,125.00,100 גרם,false,,5.00,0.0400,true,1,92505
8690777204071,false,פלפלים כבושים - חריפים,יוליניבר,TR,SERA פלפלים חריפים כ,גרמים,640.00,100 גרם,false,,10.90,0.0170,true,1,37783
8690777221405,false,פלפל אדום קלויים על האש 650 גרם SERA,קוראהן פזלרמה וי דיס,TR,SERA פלפל אדום קלוי,גרמים,650.00,100 גרם,false,,10.90,0.0168,true,1,37784
8690784516440,false,דאק נוזל לניקוי מתקדם בניחוח לבנדה בודד 750מל,טואלט דאק (ג'ונסון),NL,דאק ג'ל נוזל לבנדר 7,מיליליטרים,750.00,"100 מ""ל",false,,8.90,0.0119,true,1,114773
8690784611442,false,סבון מוצק לניקוי אסלה בניחוח הדרים בתוספת אקונומיקה,דאופלור אס פי אי כונ,PL,דאק סבון אקטיבי עם א,יחידה,0.00,יחידה,false,,9.90,0.0000,true,1,121628
8690784614665,false,סבון דאק לניקוי אסלה בניחוח ים נתלה,דאופלור אס.פי.אי כונ,PL,דאק סבון ניקוי אסלה,גרמים,38.60,100 גרם,false,,9.90,0.2565,true,1,107245
8690784614771,false,סבון מוצק לניקוי אסלה בניחוח רענן,דאופלור אס.פי.אי כונ,IT,דאק סבון ניקוי אסלה,גרמים,38.60,100 גרם,false,,9.90,0.2565,true,1,107246
8690784616775,false,סבון מוצק לאסלה דאק אקווה בלו 4 ב-1 80 ג,טואלט דאק (ג'ונסון),RS,דאק אקווה בלו,יחידה,0.00,יחידה,false,,9.90,0.0000,true,1,109154
8691530924670,false,רכז רימונים טבעי 345 גר,נטורסן,TR,סירופ רימונים,מיליליטרים,345.00,"100 מ""ל",false,,17.90,0.0519,true,1,107142
8693323085100,false,גומי יוגטה שטיחים חמוצים טעם פירות 100 ג,יוגטה yogueta,TR,יוגטה שטיחים חמוצים,גרמים,100.00,100 גרם,false,,8.00,0.0800,true,1,108778
8693323099107,false,מרשמלו לבבות בטעם תות ווניל,ליימן שליסל,TR,יוגטה מרשמלו לבבות 1,גרמים,150.00,100 גרם,false,,8.50,0.0567,true,1,103301
8693495037853,false,קולגייט מברשת סלים ספוט זוג,הנסיך- מפעל לייצור ט,CN,קולגייט מברשת סלים ס,יחידה,0.00,יחידה,false,,24.90,0.0000,true,1,59458
8693495050333,false,"פלמוליב סבון נוזלי לגבר לימון ירוק 500 מ""ל",פלמוליב Palmolive,TR,פלמוליב סבון נוזלי ל,מיליליטרים,500.00,"100 מ""ל",false,,14.90,0.0298,true,1,101271
8693495051002,false,קולגייט מברשת שיניים מיניונים 6+ לילדים,קולגייט Colgate,CN,קולגייט מברשת שיניים,יחידה,0.00,יחידה,false,,9.90,0.0000,true,1,101606
8693495052177,false,פלמוליב ס.נוזלי זיתים 750 מל משאבה,קולגייט פלמוליב,TR,פלמוליב זיתים 750 מ',מיליליטרים,750.00,"100 מ""ל",false,,19.90,0.0265,true,1,104251
8693495052931,false,זוג מברשות שיניים אדוונסט 360 לניקוי כל חלל הפה,קולגייט Colgate,CN,קולגייט זוג מברשות 3,יחידה,0.00,יחידה,false,,29.90,0.0000,true,1,111636
8693495054034,false,פלמוליב ס.נוזלי לומינוס אבוקדו 750 משאבה,שסטוביץ,TR,פלמוליב ג'ל רחצה לומ,מיליליטרים,750.00,"100 מ""ל",false,,19.90,0.0265,true,1,164567
8696219358579,false,סט 3 יח' קופסאות איח,,,סט 3 יח' קופסאות איח,יחידה,0.00,יחידה,false,,27.90,0.0000,true,1,166144
8696219361302,false,"סט 3 קופסאות מלבניות 0.4,0.8,2.6 ליטור",,,סט 3 יח' קופסאות איח,יחידה,0.00,יחידה,false,,27.90,0.0000,true,1,166143
8696219363726,false,סט 4 יח' קופסאות איח,IRAK PLASTIC,,סט 4 יח' קופסאות איח,יחידה,0.00,יחידה,false,,27.90,0.0000,true,1,166142
8696219371752,false,סט 3 יח' קופסאות איח,,,סט 3 יח' קופסאות איח,יחידה,0.00,יחידה,false,,13.90,0.0000,true,1,166145
8697040108975,false,אסותא סבון נוזלי להיגיינה אישית 1/12,,TR,אסותא שטיפה אינטימית,מיליליטרים,400.00,"100 מ""ל",false,,15.90,0.0398,true,1,104236
8697040109323,false,אסותא סבון מוצק להיגיינה,אטש סונמז כימיה,TR,סבון מוצק אסותא 100,גרמים,100.00,100 גרם,false,,5.90,0.0590,true,1,104684
8697418280104,false,עלי טורטייה 30 יח,,,עלי טורטייה,יחידה,1.10,יחידה,false,,25.90,23.5455,true,1,54888
8697418280111,false,עלי טורטייה 25 סמ 840 גרם LAVALIA,פרינסיס און וה אונלו,TR,עלי טורטילה 840 ג',גרמים,840.00,100 גרם,false,,22.90,0.0273,true,1,24355
8697418280128,false,עלי טורטייה 20 סמ 540 גרם LAVALIA,פרינסיס און וה אונלו,TR,עלי טורטייה 540גר',גרמים,540.00,100 גרם,false,,18.90,0.0350,true,1,28413
8697418280173,false,עלי טורטייה מחיטה מלאה 840 גרם LAVALIA,פרינסס גידה,TR,עלי טורטייה חיטה מלא,גרמים,840.00,100 גרם,false,,22.90,0.0273,true,1,28414
8697418280180,false,עלי טורטייה 360 גר LAVALIA,פרינסיס און וה אונלו,TR,LAVALIA-עלי טורטייה,גרמים,360.00,100 גרם,false,,13.50,0.0375,true,1,54177
8697418280333,false,שערות קדאיף מיובשות 500 גרם,פרינסיס און וה אונלו,TR,LAVALIA-שערות קדאיף,גרמים,500.00,100 גרם,false,,18.90,0.0378,true,1,89531
8697420500375,false,מיץ תפוחים אורגני 1 ליטר,פרימור,TR,מיץ תפוחים אורגני 1,ליטרים,1.00,ליטר,false,,17.90,17.9000,true,1,29979
8697425880090,false,"מגב שיש איכותי 20 ס""מ",,,"מגב שייש 20 ס""מ",יחידה,0.00,יחידה,false,,6.90,0.0000,true,1,97122
8697425880281,false,"מגב שייש 30 ס""מ",,,"מגב שייש 30 ס""מ",יחידה,0.00,יחידה,false,,9.90,0.0000,true,1,97123
8697431460378,false,קונפיטורה70% שזיף 450 ג' FRUPPA,פרוטנגו Fruitango,,קונפיטורה שזיפים,גרמים,450.00,100 גרם,false,,12.00,0.0267,true,1,61783
8697431921701,false,קונפיטורה תות שדה 70% פרי פרופה 454 גר',פרוטנגו Fruitango,,פרופה-קונפיטורה תות,גרמים,450.00,100 גרם,false,,12.00,0.0267,true,1,66959
8697431921718,false,קונפיטורה דובדבן חמוץ 70% פרי פרופה 454 גר',פרוטנגו Fruitango,,פרופה-קונפיטורה דובד,גרמים,450.00,100 גרם,false,,12.00,0.0267,true,1,66960
8697431925143,false,קונפיטורה 70% פירות יער 450 ג' FRUPPA,פרוטנגו Fruitango,,קונפיטור 70% פרי-פיר,גרמים,450.00,100 גרם,false,,12.00,0.0267,true,1,67538
8697530910743,false,סיגריות פאל מאל כחול קצר מטאליק,BAT,,פאל מאל כחול קצר מטא,יחידה,0.00,יחידה,false,,29.50,0.0000,false,1,32086
8697530910750,false,סיגריות פאל מאל כחול ארוך האוס,BAT,,פאל מאל כחול ארוך מט,יחידה,0.00,יחידה,false,,29.50,0.0000,false,1,32238
8697530910781,false,סיגריות פאל מאל אדום מטאליק,BAT,,פאל מאל אדום מטאליק,יחידה,0.00,יחידה,false,,29.50,0.0000,false,1,32847
8697530910958,false,פאל מאל כחול ארוך האוס עשירייה,BAT,,פקט פאל מאל כחול ארו,יחידה,0.00,יחידה,false,,290.00,0.0000,false,1,32187
8697530911276,false,סיגריות קנט קצר חפיס,BAT,,קנט קצר,יחידה,0.00,יחידה,false,,37.00,0.0000,false,1,33391
8697659230821,false,מ.אוויר פרש אנד מור פטל ורדין וסוכריות75,יעקובי,TR,פרח הפלא סגול פטל ור,יחידה,0.00,יחידה,false,,19.90,0.0000,true,1,108832
8697659233631,false,"אל סבון נוזלי טום וג'רי 430 מ""ל",,,אל סבון נוזלי טום וג,מיליליטרים,430.00,"100 מ""ל",false,,9.90,0.0230,true,1,166470
8697659244842,false,"שמפו סופרמן 600 מ""ל",,,"שמפו סופרמן 600 מ""ל",מיליליטרים,600.00,"100 מ""ל",false,,11.90,0.0198,true,1,166469
8697826469092,false,טורטיה קטנה 12 יחידות 540 גרם,דין שיווק,TR,טורטיה קטנה,יחידה,0.00,יחידה,false,,9.90,0.0000,true,1,66341
8699433690975,false,שמן זית כתית בכד קאס,,,שמן זית כתית בכד קאס,מיליליטרים,500.00,"100 מ""ל",false,,26.90,0.0538,true,1,166694
8699568532003,false,וולה פלקס ספריי לעיצוב שיער מגה עמיד 250,דיפלומט,FR,וולה פלקס ספריי לעי,מיליליטרים,250.00,"100 מ""ל",false,,32.90,0.1316,true,1,119940
8710447224311,false,מרכך בוטניק בתוספת שמן קוקוס ואלוורה,יוניליוור פולין,PL,טרזמה מרכך בוטניק 40,מיליליטרים,400.00,"100 מ""ל",false,,17.90,0.0447,true,1,109758
8710447224342,false,טרזמה שמפו עם קרטין 400 מל,"יוניליוור פולין, רחו",PL,טרזמה שמפו קרטין 400,מיליליטרים,400.00,"100 מ""ל",false,,17.90,0.0447,true,1,109759
8710447275306,false,דאב קרם ידיים שמן אבוקדו ותמצית קלנדולה,אתר ליוור - HPC,PL,דאב קרם ידיים אבוקדו,מיליליטרים,75.00,"100 מ""ל",false,,11.50,0.1533,true,1,111692
8710447275313,false,דאב קרם ידיים שמן קוקוס וחלב שקדים,אתר ליוור - HPC,PL,דאב קרם ידיים קוקוס,מיליליטרים,75.00,"100 מ""ל",false,,11.50,0.1533,true,1,111693
8710447284117,false,"ג'ל רחצה אקס בלאק 400 מ""ל",יוניליוור גרמניה (בו,DE,אקס ג'ל רחצה בלק,מיליליטרים,400.00,"100 מ""ל",false,,15.00,0.0375,true,1,105990
8710447320662,false,דאודורנט ספריי בניחוח אפרסק ולימון ללא אלומיניום,"פרמול איטליה, קומון",GB,דאב ספריי אפרסק ללא,מיליליטרים,150.00,"100 מ""ל",false,,16.90,0.1127,true,1,116021
8710448580089,false,מיונז הולנדי 500 מל לחיץ,רמייה,,REMIA- מיונז אמיתי,מיליליטרים,500.00,"100 מ""ל",false,,11.90,0.0238,true,1,95972
8710448583561,false,רוטב מיו ציפס רמייה,רמייה,,רוטב צ'יפס הולנדי 50,מיליליטרים,500.00,"100 מ""ל",false,,11.90,0.0238,true,1,105880
8710448588733,false,רוטב לסלט שום ועשבי תיבול רמייה 500 גר,רמייה,NL,רוטב לסלט עשבי תיבול,גרמים,500.00,100 גרם,false,,13.90,0.0278,true,1,113239
8710448588740,false,רוטב חרדל דבש רמייה 500 גר,רמייה,NL,רוטב חרדל ודבש רמיה,גרמים,500.00,100 גרם,false,,13.90,0.0278,true,1,109371
8710448595175,false,"רוטב מעושן 450 מ""ל BLACEJACK",רמייה,,רוטב ברביקיו מעושן 4,גרמים,450.00,100 גרם,false,,17.90,0.0398,true,1,105318
8710448595182,false,"רוטב ברביקיו מעושן דבש 500 מ""ל DALTON",רמייה,NL,רוטב ברביקיו מעושן ד,יחידה,0.00,יחידה,false,,17.90,0.0000,true,1,113241
8710448638162,false,מיונז גאודס הולנדי,,,"מיונז 750 מ""ל",מיליליטרים,750.00,"100 מ""ל",false,,21.90,0.0292,true,1,168884
8710448692737,false,קטשופ רמיה הולנדי לח,רמייה,NL,"קטשופ לחיץ 300 מ""ל",מיליליטרים,300.00,"100 מ""ל",false,,7.90,0.0263,true,1,165043
8710448692744,false,קטשופ קארי רמייה 300 גר,רמייה,NL,"קטשופ קארי 300 מ""ל",מיליליטרים,300.00,"100 מ""ל",false,,9.50,0.0317,true,1,120713
8710488190811,false,כרוב כבוש לבן מובחר,,NL,כרוב כבוש 500 גר',גרמים,500.00,100 גרם,false,,9.90,0.0198,true,1,116328
8710502060021,false,מרבה פטיסרי עוגיות מאפין רכות 210 גרם,מרבה,NL,מרבה פטיסרי-עוגיות,גרמים,210.00,100 גרם,false,,9.90,0.0471,true,1,167450
8710502100864,false,עוגיות מרבה פטיסרי דאבל שוקולד 200 גרם,מרבה,NL,מרבה פטיסרי עוגיות ד,גרמים,200.00,100 גרם,false,,9.90,0.0495,true,1,167449
8710502139017,false,עוגיות שוקוציפס מצופות שוקולד 180 ג',בנקטבקריי מרבה בי.וי,NL,עוגיות טריפל שוקולד,גרמים,180.00,100 גרם,false,,8.90,0.0494,true,1,46022
8710502231018,false,מרבה מיני עוגיות שוקולד צ'יפס 175 גרם,"מרבה בע""מ",NL,מרבה עוגיות שוקולד צ,מיליליטרים,175.00,"100 מ""ל",false,,10.90,0.0623,true,1,120658
8710502279010,false,מרבה עוגיות שוקולד ציפס מצופות שוקולד 175 גרם - רבנות,"י.מרבה ישראל בע""מ",NL,מרבה עוגיות שוקולד צ,גרמים,175.00,100 גרם,false,,8.90,0.0509,true,1,119880
8710502470028,false,עוגיות שוקולד צ'יפס ממולאות בקרם נוגט,קריניציה ויטמינה אס,NL,עוגיות נוגטלי שוקולד,גרמים,160.00,100 גרם,false,,8.90,0.0556,true,1,45844
8710502470035,false,מרבה פטיסרי עוגיות נוגטלי אגוזים 200 גרם,מרבה,NL,מרבה פטיסרי-עוגיות נ,גרמים,200.00,100 גרם,false,,9.90,0.0495,true,1,167451
8710552274614,false,שמפו קצף לנ.שטיחים וניש קליה גולד 600 מל,קליה וניש Kalia Vanish,GB,וניש גולד לשטיחים,מיליליטרים,600.00,"100 מ""ל",false,,24.90,0.0415,true,1,107503
8710800027573,false,סוכריות מיני מנטוס פירות שקית 178ג',פרפטי ואן מלה,NL,מיני מנטוס,גרמים,178.00,100 גרם,false,,12.50,0.0702,true,1,14846
8710800961310,false,סוכריות מנטוס תות מארז 37.5X4ג',פרפטי ואן מלה ברדה,NL,מנטוס רביעיה,גרמים,150.00,100 גרם,false,,10.90,0.0727,false,1,14847
8710847942679,false,טרזמה שמפו לשיער יבש בתוספת שמן המפ,יוניליוור,PL,טרזמה שמפו שמן המפ 4,מיליליטרים,400.00,"100 מ""ל",false,,17.90,0.0447,true,1,163644
8710847973970,false,"תחליב רחצה דאב אלוורה ועץ שדה 750 מ""ל",יוניליוור גרמניה (בו,DE,דאב תחליב רחצה אלוור,מיליליטרים,750.00,"100 מ""ל",false,,17.90,0.0239,false,1,120359
8710908326691,false,תחליב רחצה דאב אדמונית 750 מל,יוניליוור גרמניה (בו,DE,תחליב רחצה דאב אדמונ,מיליליטרים,750.00,"100 מ""ל",false,,17.90,0.0239,false,1,96117
8711000360606,false,לור קפסולות קפה אספרסו רוז 7,דיפלומט,FR,לור קפסולות אספרסו ר,יחידה,0.00,יחידה,false,,16.90,0.0000,true,1,118575
8711000362556,false,לור קפסולות קפה אספרסו פורזה 52 גר,גיקובס דאו אגברטס צר,FR,קפסולות קפה לור 8,גרמים,52.00,100 גרם,false,,16.90,0.3250,true,1,107990
8711000362570,false,לור קפסולות קפה אספרסו פורזה 9,גיקובס דאו אגברטס צר,FR,קפסולות קפה לור 9,גרמים,52.00,100 גרם,false,,16.90,0.3250,true,1,107991
8711000362617,false,לור קפסולות קפה אספרסו לונגו פרופונדו 8,יוניליוור גרמניה Gm,FR,קפסולות קפה לור 8,גרמים,52.00,100 גרם,false,,16.90,0.3250,true,1,107992
8711000362631,false,לור קפסולות קפה אספרסו 12 אוניקס 52ג',יוניליוור גרמניה Gm,FR,קפסולות קפה לור 12,גרמים,52.00,100 גרם,false,,16.90,0.3250,true,1,107993
8711000362655,false,לור קפסולות קפה אספרסו אור אבס 52ג,דיפלומט,FR,לור קפסולות אספרסו א,יחידה,0.00,יחידה,false,,16.90,0.0000,true,1,118033
8711000362679,false,לור קפסולות קפה אספרסו קולומביה 8,קריניציה ויטמינה אס,FR,קפסולות קפה לור קולו,גרמים,52.00,100 גרם,false,,16.90,0.3250,true,1,112212
8711000362747,false,לור קפסולות קפה אספרסו ריסטרטו 11,גיקובס דאו אגברטס צר,FR,קפסולות קפה לור 11,גרמים,52.00,100 גרם,false,,16.90,0.3250,true,1,107994
8711000371176,false,קפסולות קפה אספרסו קלאסיקו 10*52 ג' ג'ייקובס,קריניציה ויטמינה אס,FR,ג'ייקובס קפסולות קפה,גרמים,52.00,100 גרם,false,,14.90,0.2865,true,1,108921
8711000371183,false,קפסולות קפה אספרסו אינטנסו 10*52 ג' ג'ייקובס,קריניציה ויטמינה אס,FR,ג'ייקובס קפסולות קפה,גרמים,52.00,100 גרם,false,,14.90,0.2865,true,1,108922
8711000371206,false,קפסולות קפה אספרסו ריסטרטו 10*52 ג' ג'ייקובס,קריניציה ויטמינה אס,FR,ג'ייקובס קפסולות קפה,גרמים,52.00,100 גרם,false,,14.90,0.2865,true,1,108923
8711000371244,false,קפסולות קפה אספרסו לונגו 10*52 ג' ג'ייקובס,ג'ייקובס Jacobs,FR,ג'ייקובס קפסולות אספ,גרמים,52.00,100 גרם,false,,14.90,0.2865,true,1,117967
8711000397466,false,לור קפסולות קפה אספרסו ריסטרטו נטול קפאין,קריניציה ויטמינה אס,FR,קפסולות קפה לור נטו,גרמים,52.00,100 גרם,false,,16.90,0.3250,true,1,165750
8711000431108,false,לור קפסולות קפה אספרסו הודו 52 גר,"ג'ייקובס דאו אגרבטס,",FR,קפסולות קפה לור הודו,גרמים,52.00,100 גרם,false,,16.90,0.3250,true,1,112214
8711000471296,false,לור קפסולות קפה אספרסו אולטימו 13,דיפלומט,FR,לור קפסולות אספרסו א,גרמים,52.00,100 גרם,false,,16.90,0.3250,true,1,117797
8711000472040,false,קפסולות קפה אספרסו סלקשיין גייקובס 52 גר,ג'ייקובס Jacobs,FR,ג'יקובס קפסולות בית,גרמים,52.00,100 גרם,false,,14.90,0.2865,true,1,123650
8711000495933,false,גייקובס בריסטה קפסול,,,ג'ייקובס בריסטה קפסו,יחידה,0.00,יחידה,false,,18.90,0.0000,true,1,168240
8711000497050,false,קפסולות גייקובס בריס,,,ג'ייקובס בריסטה קפסו,יחידה,0.00,יחידה,false,,18.90,0.0000,true,1,168241
8711200425990,false,חמאת בוטנים חלקה 350 גר Calve,יוניקורן פיקלס,NL,חמאת בוטנים חלקה CAL,גרמים,350.00,100 גרם,false,,16.50,0.0471,true,1,113010
8711200426034,false,חמאת בוטנים קראנצי 350 גר Calve,יוניקורן פיקלס,NL,חמאת בוטנים קראנצ'י,גרמים,350.00,100 גרם,false,,16.50,0.0471,true,1,113203
8711200443789,false,"חרדל גרגרים בבקבוק לחיץ 235 מ""ל",מיילי,FR,חרדל גרגרים 235 גר ל,גרמים,235.00,100 גרם,false,,14.90,0.0634,true,1,110898
8711200443802,false,"חרדל דיזון בבקבוק לחיץ 235 מ""ל",מיילי,FR,חרדל דיז'ון 235 גר ל,גרמים,235.00,100 גרם,false,,14.90,0.0634,true,1,110829
8711281013345,false,חרדל הולנדי מקורי גרגירים 335 גרם,מוסטאד מולן דה האוסמ,,חרדל הולנדי גרגרים,גרמים,335.00,100 גרם,false,,10.90,0.0325,true,1,102618
8711281023344,false,חרדל הולנדי מקורי חלק קרמי 335 גרם,מוסטאד מולן דה האוסמ,,חרדל הולנדי חלק,גרמים,335.00,100 גרם,false,,10.90,0.0325,true,1,102619
8711327475618,false,מגנום פיינט וניל קלאסיק 440X8מל,"מפעל גלידות בווספרם,",HU,גלידת מגנום וניל קלא,גרמים,260.00,100 גרם,false,,21.90,0.0842,true,1,120082
8711327475663,false,מגנום פיינט וניל שוקולד לבן 440X8מל,"מפעל גלידות בווספרם,",HU,גלידת מגנום וניל שוק,גרמים,260.00,100 גרם,false,,21.90,0.0842,true,1,120081
8711327475717,false,מגנום פיינט וניל שקדים 440X8מל,"מפעל גלידות בווספרם,",HU,גלידת מגנום וניל שקד,גרמים,260.00,100 גרם,false,,21.90,0.0842,true,1,120083
8711327475762,false,"גלידת מגנום שוקולד לבן עוגיות 440 מ""ל","מפעל גלידות בווספרם,",HU,גלידת מגנום שוקולד ל,גרמים,260.00,100 גרם,false,,21.90,0.0842,true,1,120084
8711351010090,false,גלידה סורבה לימונענע,,,גלידה רפאלו סורבה לי,מיליליטרים,750.00,"100 מ""ל",false,,21.90,0.0292,true,1,16847
8711351010113,false,גלידה רפאלו סורבה קו,יעקב בן יקר ובניו.,,גלידה רפאלו סורבה קו,מיליליטרים,750.00,"100 מ""ל",false,,21.90,0.0292,true,1,16848
8711351010120,false,גלידה רפאלו סורבה אנ,,,גלידה רפאלו סורבה אנ,מיליליטרים,750.00,"100 מ""ל",false,,21.90,0.0292,true,1,16849
8711351010137,false,גלידה רפאלו סורבה מנ,יעקב בן יקר ובניו.,,גלידה רפאלו סורבה מנ,מיליליטרים,750.00,"100 מ""ל",false,,21.90,0.0292,true,1,16850
8711351010151,false,גלידה סורבה וניל חלב,,,גלידה איטלקית אש,יחידה,500.00,יחידה,false,,21.90,0.0438,true,1,16851
8711351010199,false,גלידה רפאלו סורבה פי,יעקב בן יקר ובניו.,,גלידה רפאלו סורבה פי,מיליליטרים,750.00,"100 מ""ל",false,,21.90,0.0292,true,1,16853
8711351010205,false,גלידה רפאלו סורבה תו,,,גלידה רפאלו סורבה תו,מיליליטרים,750.00,"100 מ""ל",false,,21.90,0.0292,true,1,16854
8711700665834,false,סבון מוצק Beauty cream bar בניחוח מלפפון ותה ירוק - מארז שישיה,יוניליוור,DE,סבון דאב מוצק שישייה,גרמים,0.00,גרם,false,,17.90,0.0000,true,1,54175
8712000051099,false,"שישיית בירה היינקן 0.0% אלכוהול 330 מ""ל",פארייפאבה אגרואינדוס,NL,הייניקן 0% שישייה 33,מיליליטרים,1980.00,"100 מ""ל",false,,32.00,0.0162,false,1,109001
8712100739231,false,תה פיגי 40שקיקים פרמ,,GB,PG תה שחור פירמידה,גרמים,116.00,100 גרם,false,,17.90,0.1543,true,1,93634
8712400802512,false,תרכובת מזון המשך לפעוטות על בסיס חלב שלב 2,נוטרישיה קאלק ב. ו.,NL,נוטרילון 2- 800גר,גרמים,800.00,100 גרם,false,,64.90,0.0811,false,1,51225
8712400802536,false,תרכובת מזון המשך לפעוטות על בסיס חלב שלב 3,נוטרישיה קאלק ב. ו.,NL,נוטרילון 3- 800גר,גרמים,800.00,100 גרם,false,,64.90,0.0811,false,1,51227
8712561594608,false,"דאב תחליב רחיצה להזנה עמוקה 750 מ""ל",יוניליוור גרמניה (בו,DE,תחליב רחצה דאב 750,מיליליטרים,750.00,"100 מ""ל",false,,17.90,0.0239,false,1,91076
8712561611411,false,תחליב רחצה מזין בניחוח מלפפון ותה ירוק,יוניליוור גרמניה (בו,DE,תחליב רחצה דאב 750 מ,מיליליטרים,750.00,"100 מ""ל",false,,17.90,0.0239,false,1,91237
8712561626286,false,"תחליב רחצה דאב זוהר כמשי 750 מ""ל",יוניליוור גרמניה (בו,DE,תחליב רחצה דאב 750 מ,מיליליטרים,750.00,"100 מ""ל",false,,17.90,0.0239,false,1,91648
8712561631570,false,"תחליב רחצה דאב חלב קוקוס 750 מ""ל",יוניליוור גרמניה (בו,DE,תחליב רחצה דאב 750 מ,מיליליטרים,750.00,"100 מ""ל",false,,17.90,0.0239,false,1,91302
8714443620030,false,מרק ירקות אורגני 200 גרם,תות תעשיות מזון (201,NL,נטורפוד-מרק ירקות או,גרמים,200.00,100 גרם,false,,27.90,0.1395,true,1,63282
8714599410530,false,גייקובס קרונינג שקית רפיל 200 גרם,מונדליז,UA,ג'קובס שקית 200 גר,גרמים,200.00,100 גרם,false,,19.90,0.0995,false,1,104173
8714599412336,false,קפה נמס בריסטה אמריקנו קלוי וטחון 160 ג' ג'ייקובס,ג'ייקובס דאו אגברטס,RU,ג'ייקובס בריסטה אמרי,גרמים,160.00,100 גרם,false,,22.90,0.1431,false,1,123658
8714599513781,false,גייקובס גולד קפה נמס מיובש בהקפאה 200גרם,אל.אל. סי ג''יקובס ד,RU,קפה נמס ג'יקובס גולד,גרמים,200.00,100 גרם,false,,24.90,0.1245,false,1,94243
8714599513835,false,ג'ייקובס נטול קפאין מיובש בהקפאה 200 ג',ג'ייקובס Jacobs,RU,ג'יקובס נטול קופאין,גרמים,200.00,100 גרם,false,,32.90,0.1645,false,1,96768
8714599513866,false,גייקובס קרוננג קפה נמס מיובש בהקפאה 200ג,אל.אל.סי גייקובס דאו,RU,ג'קובס קרוננג מיובש,גרמים,200.00,100 גרם,false,,24.90,0.1245,false,1,94615
8714789177229,false,מברשת שיניים אקסטרה קלין מדיום - מארז רביעיה,הנסיך- מפעל לייצור ט,CN,רביעיה מברשות שיניים,יח',4.00,יח',false,,9.90,2.4750,true,1,24074
8714789218465,false,מברשת שיניים קולגייט 360 מדיום זוג,הנסיך- מפעל לייצור ט,CN,זוג קולגייט 360 סופט,יחידה,0.00,יחידה,false,,24.90,0.0000,true,1,27432
8714789303925,false,מברשת שיניים 360 Sensitive אקסטרא סופט - מארז זוג,קולגייט- פלמוליב,CH,מברשת שיניים קולגייט,יחידה,0.00,יחידה,false,,24.90,0.0000,true,1,34951
8714789402918,false,נוזל לניקוי כללי ולרצפה בניחוח פרחי בר,הנסיך- מפעל לייצור ט,GR,אג'קס חגיגת פרחים 1.,ליטרים,1.50,ליטר,false,,19.90,13.2667,true,1,37136
8714789402932,false,נוזל לניקוי כללי ולרצפה בניחוח ורדים,הנסיך- מפעל לייצור ט,GR,אג'קס חגיגת פרחים ור,ליטרים,1.50,ליטר,false,,19.90,13.2667,true,1,37152
8714789402970,false,נוזל לניקוי כללי ולרצפה בניחוח פרחי אביב,הנסיך- מפעל לייצור ט,GR,אג'קס חגיגת פרחים 1.,ליטרים,1.50,ליטר,false,,19.90,13.2667,true,1,37138
8714789450315,false,פלמוליב נוזל כלים לימון 1.5 ליטר,הנסיך- מפעל לייצור ט,GR,פלמוליב שקוף לכלים 1,ליטרים,1.50,ליטר,false,,15.90,10.6000,false,1,68765
8714789740058,false,קולגייט מברשת שיניים טוויסטר סופט זוג,הנסיך- מפעל לייצור ט,CN,קולגייט מברשת טוויסט,יחידה,0.00,יחידה,false,,17.90,0.0000,true,1,56389
8714789797786,false,פלמוליב כלים שקוף גרם בלסטר 750,יבואן ומשווק: ש. שסט,GR,פלמוליב כלים שקוף 4,מיליליטרים,750.00,"100 מ""ל",false,,9.90,0.0132,false,1,56334
8714789831275,false,קולגייט מברשת שיניים 360 אופטיק וואיט זוג,קולגייט פלמוליב,CN,קולגייט מברשת 360 או,יחידה,0.00,יחידה,false,,24.90,0.0000,true,1,57607
8714789834467,false,פלמוליב נוזל כלים 1.5 ליטר,פלמוליב Palmolive,GR,פלמוליב כלים קלאסי 1,ליטרים,1.50,ליטר,false,,15.90,10.6000,true,1,59609
8714789930848,false,"משחת שיניים אופטיק וויט אינסטנט 75 מ""ל קולגייט",הנסיך- מפעל לייצור ט,PL,קולגייט משחת אופטיק,מיליליטרים,75.00,"100 מ""ל",false,,16.90,0.2253,true,1,65853
8714789966403,false,ליידי ספיד סטיק פרו 5 ג'ל 65 גר',קולגייט פלמוליב,US,ליידי ספיד סטיק פרו,גרמים,65.00,100 גרם,false,,19.90,0.3062,true,1,123505
8715035520301,false,פונזו רוטב יפני מסורתי מבוסס על רוטב סויה ולימון,קיקומן פודז יורופ בי,NL,קיקומן רוטב יפני מסו,מיליליטרים,250.00,"100 מ""ל",false,,18.90,0.0756,true,1,111358
8715700110141,false,מיונז קרמי היינץ צנצנת 460ג',ה.י.היינץ הולדינג בי,NL,מיונז היינץ 460 גר,גרמים,460.00,100 גרם,false,,9.90,0.0215,false,1,103758
8715700110158,false,היינץ ממרח במרקם קרמי צנצנת 490 גרם,ה.י.היינץ הולדינג בי,NL,מיונז לייט צנצנת הי,גרמים,490.00,100 גרם,false,,9.90,0.0202,false,1,103759
8715700115641,false,ממרח מיונז לחיץ לייט במרקם קרמי 420 ג' היינץ,ה.י. היינץ,NL,ממרח היינץ 420 גר,גרמים,420.00,100 גרם,false,,14.90,0.0355,true,1,102485
8715700117805,false,"קטשופ היינץ מתבל עגבניות ללא תוספת סוכר ומלח 425 מ""ל",ה.י היינץ הולדינג בי,NL,קטשופ היינץ ללא תוספ,מיליליטרים,400.00,"100 מ""ל",false,,9.90,0.0248,false,1,115851
8715700120874,false,מתבל עגבניות היינץ בתוספת שום,ה.י. היינץ,NL,קטשופ היינץ שום,גרמים,460.00,100 גרם,false,,9.90,0.0215,false,1,163697
8715700419695,false,רוטב ברביקיו מתוק 500 גרם,היינץ Heinz,NL,רוטב ברבקיו מתוק,גרמים,500.00,100 גרם,false,,15.90,0.0318,true,1,102968
8715700419732,false,היינץ מתבל עגבניות 700 גרם,ה.י. היינץ,NL,קטשופ היינץ 700 גר,גרמים,700.00,100 גרם,false,,9.90,0.0141,false,1,65633
8715700421032,false,ממרח סנדויץ טבעי 300 גרם,,,ממרח לסנדויץ היינץ,גרמים,300.00,100 גרם,false,,14.90,0.0497,true,1,91257
8715700421056,false,ממרח סנדויץ פיקנטי 300 גרם,,,ממרח סנדביץ פיקנטי,גרמים,300.00,100 גרם,false,,14.90,0.0497,true,1,95702
8715700421322,false,רוטב ברביקיו צילי 490 גרם,היינץ Heinz,NL,רוטב ברבקיו בטעם צ'י,גרמים,490.00,100 גרם,false,,15.90,0.0324,true,1,102710
8715700422473,false,ממרח מיונז ללא חומרים משמרים 395 ג' היינץ,ה.י. היינץ,NL,ממרח היינץ 395 גר,גרמים,395.00,100 גרם,false,,14.90,0.0377,true,1,98516
8715700423906,false,קטשופ מתובל עגבניות 50% פחות סוכר 555ג' היינץ,היינץ צפון אמריקה מק,NL,מתבל עגבניות היינץ,גרמים,555.00,100 גרם,false,,9.90,0.0178,true,1,104850
8717163607305,false,דאב סבון מוצק גרגירים לעיסוי עדין *4,יוניליוור גרמניה Gm,DE,רביעיה דאב גרגרי,גרמים,400.00,100 גרם,false,,13.90,0.0348,false,1,14460
8717163647226,false,"דאו אקס ספריי גוף לגבר בלאק 150 מ""ל",ארנסט. רחוב קומבינצק,GB,דאודורנט אקס ספריי ג,מיליליטרים,150.00,"100 מ""ל",false,,11.90,0.0793,false,1,111834
8717163647240,false,"אקס דאודורנט ספריי גוף לגבר שוקולד 150 מ""ל",יוניליוור גרמניה (בו,GB,דאודורנט אקס ספריי ג,מיליליטרים,150.00,"100 מ""ל",false,,11.90,0.0793,false,1,111684
8717163647264,false,"דאו אקס ספרי גוף לגבר אייס ציל 150 מ""ל",יוניליוור HPC,GB,אקס דאודורנט ספריי ג,מיליליטרים,150.00,"100 מ""ל",false,,11.90,0.0793,false,1,110830
8717163647301,false,אקס דאודורנט ספריי גולד לגבר 150 מל,יוניליוור,GB,אקס ספריי אנטי פרספי,מיליליטרים,150.00,"100 מ""ל",false,,14.90,0.0993,false,1,114277
8717163655764,false,"רקסונה - דאודורנט ספריי לאישה שוואר פרש 150 מ""ל",קוסטר - תורכיה,GB,דאודורנט רקסונה ספרי,מיליליטרים,150.00,"100 מ""ל",false,,14.90,0.0993,true,1,113585
8717163655825,false,"רקסונה דאו' ספריי לנשים בניחוח כותנה, 150 מ""ל",קוסטר - תורכיה,GB,דאודורנט רקסונה ספרי,מיליליטרים,150.00,"100 מ""ל",false,,14.90,0.0993,true,1,113586
8717163711668,false,"דאודורנט רקסונה ספריי נשים טלק 150 מ""ל",יוניליוור,GB,רקסונה ספריי טלק 150,מיליליטרים,150.00,"100 מ""ל",false,,14.90,0.0993,true,1,114192
8717644390566,false,סבון מוצר רביעיה תמצית מלפפון ותה ירוק,יוניליוור גרמניה (מנ,DE,סבון דאב מוצק ירוק ר,גרמים,400.00,100 גרם,false,,13.90,0.0348,false,1,35406
8717677336593,false,טוניס שוקולד חלב 180 גרם רבנות - נוכרי,טוניס/שוקולונלי,NL,טוניס שוקולד חלב,גרמים,180.00,100 גרם,false,,18.90,0.1050,true,1,165396
8717677336616,false,טוניס שוקולד מריר+שקדים ומלח 180 גרם רבנות - נוכרי,טוניס/שוקולונלי,NL,טוניס שוקולד מריר עם,גרמים,180.00,100 גרם,false,,18.90,0.1050,true,1,165397
8717677336630,false,טוניס שוקולונלי שוקולד חלב שקדים ודבש180,טוניס/שוקולונלי,NL,טוניס שוקולד חלב עם,גרמים,180.00,100 גרם,false,,18.90,0.1050,true,1,165398
8717677336654,false,טוניס - שוקולד חלב מעולה עם שברי קרמל מלוח,טוניס/שוקולונלי,NL,טוניס שוקולד חלב עם,גרמים,180.00,100 גרם,false,,18.90,0.1050,true,1,167914
8717677336661,false,טוניס שוקולד מריר מעולה 70% 180 גרם רבנות - נוכרי,טוניס/שוקולונלי,NL,טוניס שוקולד מריר מע,גרמים,180.00,100 גרם,false,,18.90,0.1050,true,1,165399
8717677338436,false,טוניס שוקולד חלב+אגוזי לוז 180 גרם רבנות - נוכרי,טוניס/שוקולונלי,NL,טוניס שוקולד חלב עם,גרמים,180.00,100 גרם,false,,18.90,0.1050,true,1,165400
8718114734484,false,מיונז מאילי 320 גר צ,בונגראן,FR,מיונז דיילי 320גר,גרמים,320.00,100 גרם,false,,12.90,0.0403,true,1,62386
8718117607662,false,נוטרילון A.R תרכובת מזון מגיל לידה,נוטרישה-נוטרילון,NL,נוטרילון AR,גרמים,900.00,100 גרם,false,,89.90,0.0999,false,1,167415
8718951001602,false,"אגקס ספריי רב פעולות 600 מ""ל",הנסיך- מפעל לייצור ט,GR,אג'קס ספריי רב פעולו,מיליליטרים,600.00,"100 מ""ל",false,,14.90,0.0248,true,1,91380
8718951048669,false,אג'קס ספריי לניקוי חלונות בניחוח חגיגת הפרחים,Colgate - Greece,GR,אג'קס ספריי לניקוי ח,100 מל,750.00,100 מל,false,,14.90,0.0199,true,1,165791
8718951079205,false,"קולגייט סנסיטיב פרו רליף רפיר פריוונט 75 מ""ל",קולגייט Colgate,PL,קולגייט סנסיטיב פרו,מיליליטרים,75.00,"100 מ""ל",false,,19.90,0.2653,true,1,103351
8718951093331,false,מרידול מברשת שיניים אקסטרה סופט זוג,קולגייט פלמוליב,CH,זוג מברשות שיניים מר,יחידה,0.00,יחידה,false,,34.90,0.0000,true,1,94404
8718951144064,false,מרידול מברשת שיניים פרודונט אקספרט זוג,מרידול Meridol,CH,מברשות שיניים מרידול,יחידה,0.00,יחידה,false,,34.90,0.0000,true,1,100357
8718951166288,false,"משחת שיניים קולגייט מקס וייט 125 מ""ל",הנסיך- מפעל לייצור ט,PL,קולגייט משחת מקס ויי,מיליליטרים,125.00,"100 מ""ל",false,,15.90,0.1272,true,1,108510
8718951166561,false,משחת שיניים לרעננות מוגברת max fresh cooling crystals,הנסיך- מפעל לייצור ט,PL,קולגייט משחת מקס פרש,מיליליטרים,125.00,"100 מ""ל",false,,15.90,0.1272,true,1,108511
8718951167094,false,נוזל כלים פלמוליב צילינדר תפוז וליים 1 ל,יבואן ומשווק: ש. שסט,GR,פלמוליב צילינדר תפוז,ליטרים,1.00,ליטר,false,,13.90,13.9000,false,1,103935
8718951236790,false,"קולגייט טוטאל משחת שיניים קלין מינט לפה בריא 100 מ""ל",קולגייט Colgate,PL,קולגייט טוטל קלין מי,מיליליטרים,100.00,"100 מ""ל",false,,16.90,0.1690,true,1,109473
8718951236806,false,"קולגייט טוטאל הלבנה להסרת כתמים מהשן 100 מ""ל",קולגייט Colgate,PL,קולגייט טוטל הלבנה מ,מיליליטרים,100.00,"100 מ""ל",false,,16.90,0.1690,true,1,109474
8718951236813,false,"קולגייט טוטאל משחת שיניים ניקוי מתקדם לפה בריא יותר 100 מ""ל",קולגייט Colgate,PL,קולגייט טוטאל אדוונס,מיליליטרים,100.00,"100 מ""ל",false,,16.90,0.1690,true,1,112542
8718951240742,false,"קולגייט טוטאל משחת שיניים פסים מרעננים 100 מ""ל",קולגייט Colgate,PL,קולגייט טוטל פסים מר,מיליליטרים,100.00,"100 מ""ל",false,,16.90,0.1690,true,1,109470
8718951264618,false,"קולגייט אופטיק וייט פחם צ'רקול משחת שיניים, 75 מ""ל",קולגייט-פלמוליב,PL,קולגייט אופטיק וייט,מיליליטרים,75.00,"100 מ""ל",false,,25.90,0.3453,true,1,115881
8718951265103,false,מברשת שיניים קולגייט אולטרה סופט זוג,קולגייט פלמוליב,CN,קולגייט מברשת אולטרה,יחידה,0.00,יחידה,false,,29.90,0.0000,true,1,112301
8718951281738,false,אלמקס סנסיטיב משחה לשיניים רגישות,CP-Poland swidnica,PL,משחת שיניים אלמקס סנ,מיליליטרים,75.00,"100 מ""ל",false,,18.90,0.2520,true,1,116845
8718951286672,false,קולגייט משחת שיניים Gum Invigorate,קולגייט פלמוליב,PL,קולגייט משחת שיניים,מיליליטרים,75.00,"100 מ""ל",false,,29.90,0.3987,true,1,168831
8718951289833,false,פלמוליב סבון מוצק רביעייה לומינוס 360 ג,קולגייט פלמוליב,TR,פלמוליב סבון מוצק לו,גרמים,360.00,100 גרם,false,,17.00,0.0472,true,1,114196
8718951290150,false,קולגייט שטיפת פה Gum Invigorate,שסטוביץ,PL,מי פה לחניכיים קולגי,מיליליטרים,500.00,"100 מ""ל",false,,29.90,0.0598,true,1,168833
8718951313927,false,"פלמוליב סבון לידיים בחימר טונוס, 300 מ""ל",פלמוליב Palmolive,TR,פלמוליב סבון ידיים ח,מיליליטרים,300.00,"100 מ""ל",false,,10.90,0.0363,true,1,118586
8718951315303,false,משחת שיניים קולגייט הגנה מקסימלית - מארז זוג,קולגייט-פלמוליב,PL,קולגייט אדומה ביטיוב,מיליליטרים,200.00,"100 מ""ל",false,,19.90,0.0995,true,1,117015
8718951319806,false,פלמוליב לגבר גל רחצה ושמפו מרענן 750 משא,פלמוליב Palmolive,TR,פלמוליב לגבר ג'ל רחצ,מיליליטרים,750.00,"100 מ""ל",false,,19.90,0.0265,true,1,115284
8718951320093,false,זוג מברשות 360 אדוונס וויט שיניים קולגייט,קולגייט-פלמוליב,CN,קולגייט זוג מברשות 3,יחידה,0.00,יחידה,false,,29.90,0.0000,true,1,117131
8718951333048,false,"פלמוליב סבון לידיים למטבח, 300 מ""ל",הנסיך- מפעל לייצור ט,IT,פלמוליב סבון ידיים ל,מיליליטרים,300.00,"100 מ""ל",false,,10.90,0.0363,true,1,121087
8718951334090,false,"סופלין מרכך כביסה מרוכז כחול 650 מ""ל",סופלין Soupline,GR,סופלין מרכך כביסה מר,מיליליטרים,650.00,"100 מ""ל",false,,9.90,0.0152,true,1,116383
8718951334120,false,"סופלין מרכך כביסה מרוכז לבנדר 650 מ""ל",סופלין Soupline,GR,סופלין מרכך כביסה מר,מיליליטרים,650.00,"100 מ""ל",false,,9.90,0.0152,true,1,116446
8718951338128,false,"ליידי ספיד סטיק רול און שאוור פרש 50 מ""ל",שסטוביץ,IT,ליידי ספיד סטיק רול,מיליליטרים,50.00,"100 מ""ל",false,,14.90,0.2980,true,1,123448
8718951338364,false,ספריי ניקוי אנטיבקטריאלי בניחוח תפוח,קולגייט פלמוליב,GR,אג'קס טריגר פיור הום,מיליליטרים,500.00,"100 מ""ל",false,,14.90,0.0298,true,1,119020
8718951345119,false,נוזל לניקוי רצפות וכללי היביסקוס 2 ליטר,הנסיך- מפעל לייצור ט,GR,אג'קס ניקוי כללי היב,ליטרים,2.00,ליטר,false,,22.90,11.4500,true,1,119928
8718951354807,false,נוזל רצפות אגקס חגיגת הפרחים יסמין 1.5 ל,Colgate - Greece,GR,אג'קס חגיגת הפרחים י,מיליליטרים,1500.00,"100 מ""ל",false,,19.90,0.0133,true,1,119023
8718951365865,false,קולגייט זוג מברשות עם סיבי פחם בצפיפות ג,קולגייט פלמוליב,PL,קולגייט מברשת עם סיב,יחידה,0.00,יחידה,false,,33.90,0.0000,true,1,123210
8718951366015,false,"קולגייט - משחת שיניים אופטיק וויט אקס קומפ 75 מ""ל",CP-Poland swidnica,PL,קולגייט משחת אופטיק,מיליליטרים,75.00,"100 מ""ל",false,,49.90,0.6653,true,1,168383
8718951370135,false,"סבון נוזלי ארומה סנסיישן גלואו 750 מ""ל פלמוליב",קולגייט פלמוליב,TR,פלמוליב ארומה סנסייש,מיליליטרים,750.00,"100 מ""ל",false,,19.90,0.0265,true,1,117549
8718951377998,false,קולגייט סופט פואם זוג מברשות שיניים לניק,קולגייט פלמוליב,CN,קולגייט מברשת סופטנס,יחידה,0.00,יחידה,false,,29.90,0.0000,true,1,119449
8718951381292,false,"משחת שיניים מקס דיטוקס פואם קולגייט 125 מ""ל",קולגייט Colgate,PL,קולגייט משחת מקס דיט,מיליליטרים,125.00,"100 מ""ל",false,,15.90,0.1272,true,1,120530
8718951382640,false,"פלמוליב ג'ל רחצה חימר דיטוקס 750 מ""ל",פלמוליב Palmolive,TR,פלמוליב ג'ל רחצה חימ,מיליליטרים,750.00,"100 מ""ל",false,,19.90,0.0265,true,1,118587
8718951382718,false,"פלמוליב ג'ל רחצה חימר התחדשות 750 מ""ל",פלמוליב Palmolive,TR,פלמוליב ג'ל רחצה חימ,מיליליטרים,750.00,"100 מ""ל",false,,19.90,0.0265,true,1,118589
8718951382787,false,"משחת שיניים אופטיק וויט חימר ומינרלים 75 מ""ל קולגייט",קולגייט Colgate,PL,קולגייט אופטיק וויט,מיליליטרים,75.00,"100 מ""ל",false,,25.90,0.3453,true,1,165177
8718951385290,false,אג'קס ניקוי כללי עוצמת ה7 כחול 2 ליטר,קולגייט פלמוליב,GR,אג'קס ניקוי כללי עוצ,ליטרים,2.00,ליטר,false,,22.90,11.4500,true,1,120764
8718951391314,false,"מרסס אגקס טריגר אנטי בקטריאלי 500 מ""ל",קולגייט פלמוליב,GR,אג'קס טריגר אנטי בקט,מיליליטרים,500.00,"100 מ""ל",false,,14.90,0.0298,true,1,121229
8718951409798,false,זוג מברשות שיניים מקס וויט פחם קולגייט,הנסיך- מפעל לייצור ט,PL,קולגייט מברשת מקס וו,יחידה,0.00,יחידה,false,,23.90,0.0000,true,1,122487
8718951412378,false,משחת שיניים לחניכיים רגישות ולנשימה רעננה,קולגייט פלמוליב,PL,מרידול משחת שיניים נ,מיליליטרים,75.00,"100 מ""ל",false,,24.90,0.3320,true,1,167329
8718951415836,false,קולגייט מי פה פלאקס פחם לחיוך לבן 500 מל,קולגייט Colgate,PL,קולגייט מי פה פלאקס,מיליליטרים,500.00,"100 מ""ל",false,,29.90,0.0598,true,1,123223
8718951428492,false,"פלמוליב סבון רחצה לגבר 4ב1 מועשר בפחם 750 מ""ל",שסטוביץ,TR,פלמוליב סבון רחצה לג,מיליליטרים,750.00,"100 מ""ל",false,,19.90,0.0265,true,1,165474
8718951428522,false,"פלמוליב סבון רחצה לגבר 4 ב-1 המפ 750 מ""ל",שסטוביץ,TR,פלמוליב סבון רחצה לג,מיליליטרים,750.00,"100 מ""ל",false,,19.90,0.0265,true,1,164280
8718951470323,false,קולגייט סופט פואם פחם זוג מברשות שיניים,קולגייט Colgate,CN,קולגייט זוג מברשות ס,יחידה,0.00,יחידה,false,,29.90,0.0000,true,1,167328
8718951477384,false,"קולגייט משחת שיניים טוטאל ג'ל מתקדם פיור 75 מ""ל",קולגייט פלמוליב,PL,משחת שיניים קולגייט,מיליליטרים,75.00,"100 מ""ל",false,,19.90,0.2653,true,1,165315
8718951498754,false,שישיית מברשות שיניים סופר פלקסי קולגייט,קולגייט פלמוליב,VN,קולגייט מברשת סופר פ,יחידה,0.00,יחידה,false,,17.90,0.0000,true,1,167194
8718951509627,false,"משחת שיניים אופטיק וויט לאוהבי קפה 75 מ""ל קולגייט",קולגייט פלמוליב,PL,קולגייט אופטיק וויט,מיליליטרים,75.00,"100 מ""ל",false,,25.90,0.3453,true,1,166514
8719200997998,false,מרגרינה למריחה בישול וטיגון 200 ג' בלו בנד,אתר חיפה מרגרינה - F,IL,בלובנד עם מלח 200 גר,גרמים,200.00,100 גרם,false,,4.50,0.0225,false,1,113943
8719200998001,false,מרגרינה לאפיה ובישול בלי מלח 200 ג' בלו בנד,מיוצר עי קונדיטוריית,IL,בלובנד בלי מלח 200 ג,גרמים,200.00,100 גרם,false,,4.50,0.0225,false,1,113944
8719200998018,false,מחמאה מרגרינה בטעם חמאה 200 ג' בלו בנד,פארייפאבה אגרואינדוס,IL,מחמאה ב.בנד 200 גרם,גרמים,200.00,100 גרם,false,,4.60,0.0230,false,1,113969
8719200998032,false,מזולה גלורי טעם חמאה 250ג',פארייפאבה אגרואינדוס,IL,מזולה גלורי טעם חמאה,גרמים,250.00,100 גרם,false,,9.90,0.0396,false,1,113959
8719200998049,false,מרגרינה מזולה בטעם טבעי,פארייפאבה אגרואינדוס,IL,מזולה גלורי רגיל 250,גרמים,250.00,100 גרם,false,,9.50,0.0380,false,1,113960
8719200998094,false,מרגרינה מזולה בטעם טבעי ללא תוספת מלח,"מיוצר ע""י יוניליוור",IL,מזולה לאפיה ללא מלח,גרמים,200.00,100 גרם,false,,6.50,0.0325,false,1,113967
8720181045912,false,"אקס דאודורנט ספריי גוף אפריקה 150 מ""ל",יוניליוור,GB,אקס דאודורנט ספריי א,מיליליטרים,150.00,"100 מ""ל",false,,11.90,0.0793,true,1,118874
8720181046605,false,דאב - דאודורנט ספריי לאישה אורגינל כחול 150מל,יונילוור ארגנטינה -,GB,דאב דאודורנט ספריי א,מיליליטרים,150.00,"100 מ""ל",false,,16.90,0.1127,true,1,119850
8720181046612,false,"דאב - דאודורנט רול און לאישה אורגינל 50 מ""ל",יוניליוור HPC,GB,דאב דאודורנט רולאון,מיליליטרים,50.00,"100 מ""ל",false,,16.90,0.3380,true,1,123052
8720181123955,false,"אקס - ג'ל רחצה ריצארג קריד 400 מ""ל",יוניליוור גרמניה (בו,GB,אקס ג'ל רחצה ריצארג,מיליליטרים,400.00,"100 מ""ל",false,,15.00,0.0375,true,1,165443
8720182256362,false,שישיית סבון מוצק דאב קלאסי 540 גר',יוניליוור,DE,דאב סבון מוצק קלאסי,גרמים,540.00,100 גרם,false,,17.90,0.0331,true,1,168900
8721200060107,false,בקרסלנד-סטרופ וופל הולנדי 250 גרם,דה בנקט גרופ,NL,וופל הולנדי עם קרמל,גרמים,260.00,100 גרם,false,,10.90,0.0419,true,1,35638
8722700197508,false,גלייז חומץ בלסמי,,,גלייז חומץ בלסמי,מיליליטרים,250.00,"100 מ""ל",false,,31.90,0.1276,true,1,168063
8722700202325,false,מלפפון קורנישון מיני,מיילי,,מלפפון קורנישון מיני,גרמים,400.00,100 גרם,false,,22.90,0.0572,true,1,66597
8723400756552,false,מארז סוכריות מנטוס Mentos ריינבואו,פרפטי ואן מלה ברדה,NL,מנטוס ריינבואו רביעי,יחידה,0.00,יחידה,false,,10.90,0.0000,true,1,55974
8723400782544,false,מנטוס סוכריות לעיסה בתפזורת בטעם מנטה 160 ג',פרפטי ואן מלה,NL,מנטוס תפזורת בשקית מ,גרמים,160.00,100 גרם,false,,9.90,0.0619,true,1,106619
8723900935174,false,טבק גולדן ירוק בודד,,,טבק גולדן ירוק,יחידה,0.00,יחידה,false,,87.90,0.0000,false,1,110630
8727500033094,false,קקאו הולנדי בלוקר 250 גרם,Van houten,,קקאו הולנדי בלוקר 25,גרמים,250.00,100 גרם,false,,15.90,0.0636,true,1,104700
8801055706440,false,מנות אישיות קפה נמס טייסטרס צ'ויס Taster's Choice,נסטלה קוריאה - קפה,KR,טייסטר צ'ויס טו גו 2,גרמים,36.00,100 גרם,false,,11.50,0.3194,true,1,43144
8801055707966,false,קפה טייסטר צו'יס נס קפה בריסטה 180ג',נסטלה קוריאה - קפה,KR,טסטר צו'יס בריסטה 18,גרמים,180.00,100 גרם,false,,31.90,0.1772,false,1,95982
8801055709458,false,אבקה להכנת משקה קפה בטעם קפוצ'ינו קרמל,נסטלה קוריאה - קפה,IL,נסקפה קפוצ'ינו בטעם,גרמים,170.00,100 גרם,false,,19.00,0.1118,true,1,165497
8801055709465,false,אבקה להכנת משקה קפה בטעם קפוצ'ינו וניל,נסטלה קוריאה - קפה,DE,נסקפה קפוצ'ינו בטעם,גרמים,185.00,100 גרם,false,,19.00,0.1027,true,1,165498
8801055709472,false,נסטלה - נסקפה קפוצ'ינו קלאסי 12.50 גרם * 10,נסטלה קוריאה - קפה,DE,נסקפה קפוצ'ינו קלאסי,גרמים,125.00,100 גרם,false,,19.00,0.1520,true,1,165499
8801055709489,false,אבקה להכנת משקה קפה בטעם קפוצ'ינו אגוזים,נסטלה קוריאה - קפה,IL,נסקפה קפוצ'ינו בטעם,גרמים,180.00,100 גרם,false,,19.00,0.1056,true,1,165500
8801055709526,false,אבקה להכנת משקה קפה בטעם קפוצ'ינו שוקולד לבן,נסטלה קוריאה - קפה,IL,נס קפה קפוצ'ינו שוקו,גרמים,180.00,100 גרם,false,,19.00,0.1056,true,1,167195
8801085020301,false,אטריות נאמה אודון 200 גרם,Alpha international,,אטריות אודון,גרמים,200.00,100 גרם,false,,9.90,0.0495,true,1,41527
8802241131664,false,חטיף אצות קלויות עם מלח ים Laverland Crunch,טעמי אסיה Taste of Asia,KR,חטיף אצות ים קלויות,גרמים,40.50,100 גרם,false,,22.90,0.5654,true,1,101750
8802241131671,false,חטיף אצות בטעם ווסאב,"מאן-גון פוד בע""מ",KR,חטיף אצות בטעם ווסאב,יחידה,0.00,יחידה,false,,23.90,0.0000,true,1,113930
8809168840471,false,חטיף אצות מיובשות מז,ג'י וואן גלובול נאט,KR,חטיף אצה מארז 9 יח',גרמים,40.00,100 גרם,false,,25.90,0.6475,true,1,167457
8850100004833,false,אטריות אורז דקות 1 מ,תאי פריסרבר,,אטריות אורז דקות,יחידה,500.00,יחידה,false,,10.90,0.0218,true,1,46842
8850100004840,false,אטריות אורז חום 500 גרם,תאי פריסרבר,,אטריות אורז חום,גרמים,500.00,100 גרם,false,,12.50,0.0250,true,1,44387
8850122103040,false,אטריות שעועית דאבל ק,,,אטריות שעועית דאבל ק,גרמים,200.00,100 גרם,false,,7.90,0.0395,true,1,167400
8850122103347,false,מארז סיבי שעועית דאב,,TH,מארז סיבי שעועית דאב,גרמים,400.00,100 גרם,false,,18.90,0.0472,true,1,167402
8850122201104,false,דפי שעועית דאבל קירי,פאם ואן דונג סטריט,TH,דפי שעועית דאבל קירי,גרמים,190.00,100 גרם,false,,14.90,0.0784,true,1,167401
8850122201111,false,שבבי שעועית דאבל דרג,,TH,שבבי שעועית דאבל דרג,גרמים,190.00,100 גרם,false,,14.90,0.0784,true,1,149742
8850122364151,false,פניני טפיוקה לבנ,,,פניני טפיוקה לבנ,גרמים,400.00,100 גרם,false,,8.50,0.0213,true,1,149743
8850161160851,false,"מי קוקוס קוקו מקס 350 מ""ל",פארייפאבה אגרואינדוס,TH,מי קוקוס קוקו מקס 35,מיליליטרים,350.00,"100 מ""ל",false,,8.00,0.0229,true,1,112261
8850161166204,false,"קרם קוקוס 17-19% 500 מ""ל - AMPAWA",אמפווה קוקונט פרודקט,TH,"קרם קוקוס 500 מ""ל",מיליליטרים,500.00,"100 מ""ל",false,,10.90,0.0218,true,1,111153
8850161167089,false,חלב קוקוס קוקו וואי 1 ליטר,קוקו וואי Cocoway,TH,חלב קוקוס קוקו וואי,ליטרים,1.00,ליטר,false,,15.90,15.9000,true,1,111704
8850367992164,false,קרם קוקוס 250 מל 20-22% ללא חומר משמר,טאפ פאד ונגפורן,TH,קרם קוקוס ללא גלוטן,מיליליטרים,250.00,"100 מ""ל",false,,8.50,0.0340,true,1,96569
8850367992171,false,קרם קוקוס 1 ליטר 20-22% ללא חומר משמר,טאפאדונגפורן קוקינט,TH,קרם קוקוס ללא גלוטן,ליטרים,1.00,ליטר,false,,21.90,21.9000,true,1,68476
8850367992898,false,"רוטב לסלט עם למון גראס ל.גלוטן 285 מ""ל",Theppadungporn cocon,,רוטב לסלט עם למון גר,מיליליטרים,285.00,"100 מ""ל",false,,13.50,0.0474,true,1,105953
8850367992997,false,"קרם קוקוס ללא גלוטן וחומרי משמר 250 מ""ל",Theppadungporn cocon,,חלב קוקוס ללא גלוטן,גרמים,250.00,100 גרם,false,,7.50,0.0300,true,1,102084
8850372000472,false,מקלוני שעועית תאילנד,טעמי אסיה Taste of Asia,TH,מקלוני שעועית,גרמים,200.00,100 גרם,false,,8.90,0.0445,true,1,23737
8850389103111,false,"משקה קל סאפה בטעם ענבים 300 מ""ל",פארייפאבה אגרואינדוס,TH,משקה סאפה אלוורה ענב,מיליליטרים,300.00,"100 מ""ל",false,,7.00,0.0233,true,1,30233
8850389103128,false,"משקה קל סאפה בטעם תפוח 300 מ""ל",פארייפאבה אגרואינדוס,TH,משקה סאפה אלוורה תפו,מיליליטרים,300.00,"100 מ""ל",false,,7.00,0.0233,true,1,30234
8850389103159,false,"משקה ליצ'י עם חתיכות גלי קוקוס 320 מ""ל מוגו מוגו",סאפה פובליק קומפני ל,TH,מוגו מוגו ליצ'י עם ח,מיליליטרים,320.00,"100 מ""ל",false,,6.90,0.0216,true,1,165548
8850389104637,false,"משקה קל סאפה אלוורה אפרסק 300 מ""ל",פארייפאבה אגרואינדוס,TH,סאפה אלוורה אפרסק,מיליליטרים,300.00,"100 מ""ל",false,,7.00,0.0233,true,1,41560
8850389105825,false,סאפה אלוורה ענבים 1 ליטר,סאפה פובליק קומפני ל,TH,סאפה אלוורה ענבים 1,ליטרים,1.00,ליטר,false,,12.90,12.9000,true,1,46504
8850389105832,false,סאפה אלוורה תפוחים 1 ליטר,פארייפאבה אגרואינדוס,TH,סאפה אלוורה תפוח 1 ל,ליטרים,1.00,ליטר,false,,12.90,12.9000,true,1,46705
8850389105849,false,סאפה אלוורה אפרסק 1 ליטר,סאפה פובליק קומפני ל,TH,סאפה אלוורה אפרסק 1,ליטרים,1.00,ליטר,false,,12.90,12.9000,true,1,46505
8850389111352,false,"משקה מלון עם חתיכות גלי קוקוס 320 מ""ל מוגו מוגו",סאפה פובליק קומפני ל,TH,מוגו מוגו מלון עם חת,מיליליטרים,320.00,"100 מ""ל",false,,6.90,0.0216,true,1,165549
8850389115312,false,"משקה קל סאפה בטעם מלון 300 מ""ל",סאפה פובליק קומפני ל,TH,סאפה אלוורה מלון,מיליליטרים,300.00,"100 מ""ל",false,,7.00,0.0233,true,1,105664
8850389115336,false,סאפה מלון בקבוק תריסר 1ל',סאפה פובליק קומפני ל,TH,סאפה מלון בקבוק ליטר,ליטרים,1.00,ליטר,false,,12.50,12.5000,true,1,105514
8850545777552,false,TIPAROS,,,TIPAROS,מיליליטרים,700.00,"100 מ""ל",false,,12.90,0.0184,true,1,110459
8850620888074,false,רוטב דגים סקוויד 100,,,רוטב דגים סקוויד 100,מיליליטרים,100.00,"100 מ""ל",false,,10.90,0.1090,true,1,60721
8850632601098,false,סוכריית גומי חמוצה,,,סוכריית גומי חמוצה,גרמים,40.00,100 גרם,false,,3.50,0.0875,true,1,37690
8850632601104,false,סוכריית גומי חמוצה,,,סוכריית גומי חמוצה,גרמים,40.00,100 גרם,false,,3.50,0.0875,true,1,37691
8850632604259,false,חיספוסים ממתק בטעם תות שדה בצורת מקלות,ג'נרל קנדי בעמ,TH,יוגטה מקלות תות,גרמים,50.00,100 גרם,false,,4.50,0.0900,true,1,42559
8850632604266,false,יוגטה מקלות חמוצות בטעם קולה 50 גרם 24 יח',ג'נרל קנדי בעמ,TH,יוגטה מקלות קולה,גרמים,50.00,100 גרם,false,,4.50,0.0900,true,1,42506
8850632604372,false,יוגטה מקלות חמוצות שטיח - תות שדה 50 גרם,ג'נרל קנדי בעמ,TH,יוגטה שטיח תות,גרמים,50.00,100 גרם,false,,4.50,0.0900,true,1,42513
8850632604402,false,יוגטה מקלות חמוצות שטיח בטעם מעורב24 יח',"ג'נרל קנדי בע""מ",TH,יוגטה טעם מעורב בצור,גרמים,50.00,100 גרם,false,,4.50,0.0900,true,1,42604
8850632605201,false,חיספוסים ממתק בטעמי פירות בצורת שטיח,הדקלאים אגודת שיתופי,TH,יוגטה חיספוסים בצורת,גרמים,50.00,100 גרם,false,,4.50,0.0900,true,1,46238
8850632606390,false,חיספוסים ממתק חמוץ בטעם אבטיח בצורת שטיח,ג'נרל קנדי בעמ,TH,יוגטה שטיח אבטיח,גרמים,50.00,100 גרם,false,,4.50,0.0900,true,1,60307
8850632608998,false,שטיח ממותק פירות בטע,,,שטיח ממותק פירות בטע,גרמים,40.00,100 גרם,false,,3.50,0.0875,true,1,164887
8850854000013,false,"רוטב צדפות 700 מ""ל",,,"רוטב צדפות 700 מ""ל",מיליליטרים,700.00,"100 מ""ל",false,,13.90,0.0199,true,1,90037
8851613101378,false,"נוזל קוקוס ארוי די 250 מ""ל",כלורוקס אוקלנד,TH,"נוזל קוקוס 250 מ""ל",מיליליטרים,250.00,"100 מ""ל",false,,11.50,0.0460,true,1,106829
8851613101385,false,"חלב קוקוס ארוי-די קרטון 500מ""ל",תאי אגרי פוד פובליק,TH,"חלב קוקוס 500 מ""ל",מיליליטרים,500.00,"100 מ""ל",false,,12.90,0.0258,true,1,56404
8851613101392,false,נוזלי אגוז קוקוס 1ליטר,,,חלב קוקוס 1 ליטר,ליטרים,1.00,ליטר,false,,19.90,19.9000,true,1,115317
8852633119039,false,אסיה רוטב דגים 300 מ,טעמי אסיה Taste of Asia,,"רוטב דגים 300 מ""ל",מיליליטרים,300.00,"100 מ""ל",false,,8.90,0.0297,true,1,95253
8852633119077,false,רוטב דגים ירוק טעמי,,,רוטב דגים סקוויד 750,מיליליטרים,750.00,"100 מ""ל",false,,12.90,0.0172,true,1,95254
8852633520408,false,סוכר דקלים 400 גרם SUP,Super J Internationa,TH,סוכר דקלים,גרמים,400.00,100 גרם,false,,12.90,0.0323,true,1,106616
8853662056661,false,"רוטב סריראצ''ה מיו 455 מ""ל",EXOTIC FOOD PCL,,רוטב סריראצ'ה מיו 45,מיליליטרים,455.00,"100 מ""ל",false,,22.90,0.0503,true,1,107887
8853662056982,false,"רוטב סריראצ'ה צ'ילי ירוק חריף 455 מ""ל",EXOTIC FOOD PCL,,רוטב סריראצ'ה צ'ילי,מיליליטרים,455.00,"100 מ""ל",false,,22.90,0.0503,true,1,107888
8853662060385,false,"רוטב סריראצ'ה שחור רוטב על בסיס צ'ילי 455 מ""ל",EXOTIC FOOD PCL,,רוטב סריראצ'ה שחור,מיליליטרים,455.00,"100 מ""ל",false,,22.90,0.0503,true,1,122361
8858271002870,false,"רוטב פאד תאי 250 מ""ל מקסצאפ","ייאן וואל יון בע""מ",TH,רוטב פאד תאי 250מל,מיליליטרים,250.00,"100 מ""ל",false,,12.90,0.0516,true,1,61970
8858271002887,false,"רוטב טרייאקי 250 מ""ל מקסצאפ",דאנינג יוה פודס קו,TH,MAXCHAP- רוטב טרייאק,מיליליטרים,250.00,"100 מ""ל",false,,13.90,0.0556,true,1,96585
8858271003075,false,רוטב סויה מתוקה 700 גרם מקסצאפ,דאנינג יוה פודס קו,TH,רוטב סויה מתוקה 700,מיליליטרים,700.00,"100 מ""ל",false,,19.90,0.0284,true,1,96573
8858271003945,false,"רוטב קארי צהוב 250 מ""ל מקסצאפ",Yan Wal Yun Corpora,TH,מקסצאפ - רוטב קארי צ,מיליליטרים,250.00,"100 מ""ל",false,,12.90,0.0516,true,1,119823
8858271004423,false,רוטב טום יאם 250 מל מקסצאפ,מזרח ומערב,,"רוטב טום יאם 250 מ""ל",מיליליטרים,250.00,"100 מ""ל",false,,12.90,0.0516,true,1,96575
8858744800019,false,ממרח קארי ירוק 50 גר,קנוקוואן פוד פרודקטס,TH,מחית קארי ירוק,גרמים,50.00,100 גרם,false,,5.00,0.1000,true,1,66568
8858744800033,false,מחית קארי פאנאנאג,,,מחית קארי פאנאנאג,גרמים,50.00,100 גרם,false,,4.90,0.0980,true,1,67266
8858744800057,false,ממרח טום יאם 30 גר,קנוקוואן פוד פרודקטס,,מחית טום יאם,גרמים,30.00,100 גרם,false,,5.00,0.1667,true,1,66569
8858744800064,false,ממרח קארי אדום 50 גר,קנוקוואן פוד פרודקטס,TH,מחית קארי אדום,גרמים,50.00,100 גרם,false,,5.00,0.1000,true,1,67267
8858744800088,false,ממרח קארי מסאמן 50 ג,קנוקוואן פוד פרודקטס,,מחית קארי מאסאמאן,גרמים,50.00,100 גרם,false,,5.00,0.1000,true,1,67268
8858744800149,false,תערובת חמשת התבלינים,קנוקוואן פוד פרודקטס,,תערובת חמשת התבלינים,גרמים,50.00,100 גרם,false,,6.50,0.1300,true,1,66570
8886303210504,false,"קארה קרם קוקונט 24% 500 מ""ל",,,"קרם קוקוס 500 מ""ל 24",מיליליטרים,500.00,"100 מ""ל",false,,13.90,0.0278,true,1,104710
8886303210542,false,"קארה קרם קוקונט 17% 400 מ""ל",,,"קרם קוקוס 400 מ""ל",מיליליטרים,400.00,"100 מ""ל",false,,9.90,0.0248,true,1,104799
8888021200256,false,סוללות אנרג'יזר MAX AA שמינייה,יצרן: אנרג'ייזר סינג,SG,סוללות ENERGIZER 1X8,יחידה,0.00,יחידה,false,,27.90,0.0000,false,1,18862
8888021200720,false,סוללות אנרג'יזר MAX AAA שמינייה,יצרן: אנרג'ייזר סינג,SG,סוללות ENERGIZER 1X8,יחידה,0.00,יחידה,false,,27.90,0.0000,false,1,18863
8888757103005,false,"שמן שומשום 300 מ""ל",אוך אייק גואן פוד אי,SG,שמן שומשום 300 מ,יחידה,300.00,יחידה,false,,19.90,0.0663,true,1,47946
8901483010482,false,מלפפונים בחומץ 690גרם כ,,,מלפפונים שלמים בחומץ,גרמים,383.00,100 גרם,false,,8.90,0.0232,true,1,95166
8901483010505,false,מלפפון קורנישון בחומ,יושלם,,מלפפון קורנישון בחומ,גרמים,690.00,100 גרם,false,,9.90,0.0143,true,1,95250
8901537024014,false,"אורז בסמטי מובחר 1 ק""ג - דוואט) יורה דיעה",הנסיך- מפעל לייצור ט,IN,אורז בסמטי מובחר 1 ק,קילוגרמים,1.00,"ק""ג",false,,11.90,11.9000,false,1,37481
8901537076679,false,"אורז בסמטי חום מלא 1 ק""ג דאוואט",האי נאם סי או אל.טי.,IN,אורז בסמטי חום מלא D,קילוגרמים,1.00,"ק""ג",false,,11.90,11.9000,true,1,105996
8904079302121,false,בקבוק רוטב,,,בקבוק רוטב,יחידה,0.00,יחידה,false,,9.90,0.0000,true,1,98297
8904180001340,false,רוטב מנגו צאטני חריף 340 גרם,אלמק פודס,IN,מנגו צ'אטני חריף בנג,גרמים,340.00,100 גרם,false,,19.90,0.0585,true,1,113544
8904180001371,false,ממרח קארי רגה 300 גרם,,,ממרח קארי 300 גר',גרמים,300.00,100 גרם,false,,19.90,0.0663,true,1,113547
8904180001395,false,ממרח טנדורי רגה 300 גרם,,IN,קארי טנדורי 300 גר',גרמים,300.00,100 גרם,false,,19.90,0.0663,true,1,113549
8904180001425,false,ממרח ראגה ביריאני300,אלמק פודס,IN,ממרח ביריאני 300 גר',גרמים,300.00,100 גרם,false,,19.90,0.0663,true,1,113553
8904180001432,false,ממרח גראראם מסאלה נמ,אלמק פודס,IN,גראם מסאלה 300 גר',גרמים,300.00,100 גרם,false,,19.90,0.0663,true,1,113554
8904180001449,false,ממרח להכנת עוף מסאלה בחמאה 300 גרם,,,ממרח להכנת עוף מסאלה,גרמים,300.00,100 גרם,false,,19.90,0.0663,true,1,113555
8904180001463,false,רוטב קארי צהוב נמאסט,,IN,רוטב קארי צהוב 283 ג,גרמים,283.00,100 גרם,false,,19.90,0.0703,true,1,113557
8904180001470,false,רוטב קארי ירוק נמאסט,,IN,רוטב קארי ירוק 283 ג,גרמים,283.00,100 גרם,false,,19.90,0.0703,true,1,113558
8904180001494,false,רוטב טנדורי נמסטה 25,,,רוטב טנדורי 250 גר',גרמים,250.00,100 גרם,false,,19.90,0.0796,true,1,113560
8904180001593,false,רוטב צ'ילי חריף אדום,,,רוטב צ'ילי חריף אדום,מיליליטרים,60.00,"100 מ""ל",false,,5.90,0.0983,true,1,123836
8904180001609,false,רוטב צ'ילי חריף ירוק,,,רוטב צ'ילי חריף ירוק,מיליליטרים,60.00,"100 מ""ל",false,,5.90,0.0983,true,1,123837
8934878081811,false,"דפי אורז 22 ס""מ 400 גר'(Trav) ללא גלוטן",דאנינג יוה פודס קו,CN,דפי אורז קמח טפיוקה,יחידה,0.00,יחידה,false,,14.90,0.0000,true,1,102265
8997206332016,false,סוכר קוקוס אורגני 454 גרם אינדונזיה,,,סוכר קוקוס אורגני,גרמים,454.00,100 גרם,false,,18.90,0.0416,true,1,104620
9000101329322,false,סבון אסלה בניחוח מתחלף תפוח נופר 50 ג' ברף,הנקל סוד,RS,סבון אסלה ברף בניחוח,גרמים,50.00,100 גרם,false,,9.90,0.1980,true,1,163885
9000101329742,false,סבון אסלה בניחוח מתחלף אפרסק תפוח 50 ג' ברף,הנקל סוד,RS,סבון אסלה ברף בנחוח,גרמים,50.00,100 גרם,false,,9.90,0.1980,true,1,163886
9000101372878,false,קפסולות דיסקס לניקוי כביסה לבנה וצבעונית Deep Clean,פרסיל Persil,HU,פרסיל דיקסק הלבנה וצ,יחידה,0.00,יחידה,false,,32.90,0.0000,true,1,123443
9000101380255,false,פרסיל דיסקס דיפ קלין מנטרל ריחות 22 קפסו,פרסיל Persil,HU,פרסיל דיסק הגייני 22,גרמים,550.00,100 גרם,false,,32.90,0.0598,true,1,165143
9000101417050,false,סבון אסלה ברף דלקס מונפלאוור 50 גרם,גורי,RS,כדוריות סוד לאסלה מו,גרמים,50.00,100 גרם,false,,9.90,0.1980,true,1,116220
9000101417081,false,סבון אסלה ברף דלקס מגנוליה 50 גרם,גורי,RS,כדוריות סוד לאסלה מג,גרמים,50.00,100 גרם,false,,9.90,0.1980,true,1,116221
9000101511635,false,קפסולות ג'ל לכביסה פרסיל דיסקס לעור רגיש,פרסיל Persil,HU,פרסיל דיסקס סנסיטיב,יחידה,0.00,יחידה,false,,34.90,0.0000,true,1,165523
9000101512526,false,פרסיל - פאוור קאפס קפסולות ג'ל מרוכזות לכביסה 26 יח',פרסיל Persil,RS,פרסיל פאוור 26 קפסול,יחידה,0.00,יחידה,false,,34.90,0.0000,true,1,165941
9000101521436,false,סבון אסלה בניחוח מתחלף לוטוס במבוק 50 ג' ברף,הנקל סוד,RS,סבון אסלה בניחוח מתח,גרמים,50.00,100 גרם,false,,9.90,0.1980,true,1,163887
9000101536560,false,פרסיל פאוור קפסולות,הנקל סוד,RS,פרסיל פאוור קפסולות,יחידה,0.00,יחידה,false,,69.90,0.0000,true,1,167198
9000101537550,false,פרסיל קאפסולות לכביסה לבנה וצבעונית 52 יח',הנקל סוד,HU,פרסיל פוואר קאפס יונ,יחידה,0.00,יחידה,false,,59.90,0.0000,true,1,166688
9000101537581,false,פרסיל קאפסולות לכביסה צבעונית 52 יחידו,הנקל סוד,IL,פרסיל פוואר קאפס קול,יחידה,0.00,יחידה,false,,59.90,0.0000,true,1,166689
9000101548419,false,קולור קאצ`ר דפים למכונת לכביסה מחדש צבע לבן 18 יח',הנקל סוד,IE,מחדש צבע לבן Colour,יחידה,0.00,יחידה,false,,19.90,0.0000,true,1,168321
9001531947322,false,"מרכך כביסה פרוש לבנדר 750 מ""ל",ארדל רקס,,פרוש מרכך כביסה לבנד,מיליליטרים,750.00,"100 מ""ל",false,,17.90,0.0239,true,1,110321
9001616202100,false,זוג מוצצי סיליקון לאב אנד אפקשן 6+,General,,מוצצים זמן לאהבה 6+,יחידה,0.00,יחידה,false,,34.90,0.0000,true,1,100749
9001616202131,false,זוג מוצצי סיליקון 0-6 חודשים Original,מאם Mam,,מוצצי פרל 0-6 בנים,יחידה,0.00,יחידה,false,,34.90,0.0000,true,1,91928
9001616202445,false,מאם מוצצים סיליקון 0-6 איי לאב מאמי תכלת,אלפא,AT,מוצצים איי לאב ממי 0,יחידה,0.00,יחידה,false,,34.90,0.0000,true,1,91935
9001616203305,false,זוג פטמות X לבקבוק 6+ חודשים,מאם Mam,AT,פטמה X,יחידה,0.00,יחידה,false,,24.90,0.0000,true,1,91936
9001616203626,false,מאם זוג פטמות מס 3 זרימה מהירה,General,AT,פטמה שלב 3,יחידה,0.00,יחידה,false,,24.90,0.0000,true,1,91929
9001616676406,false,מאם בקבוק אנטי קוליק 320 מל תכלת,אלפא,AT,בקבוק אנטי קוליק 320,יחידה,0.00,יחידה,false,,39.90,0.0000,true,1,108635
9001616680991,false,מאם בקבוק אנטי קוליק 260 מל תכלת,מאם Mam,AT,בקבוק אנטי קוליק 260,יחידה,0.00,יחידה,false,,34.90,0.0000,true,1,108636
9001616702655,false,מאם מוצצים סיליקון 0-6 לילה זוהרים ורוד,General,AT,מוצצים 0-6 זוהרים בח,יחידה,0.00,יחידה,false,,34.90,0.0000,true,1,108621
9001616702730,false,זוג מוצצי סיליקון לאב אנד אפקשן 6+ ו רוד,General,HU,מוצצים זמן לאהבה 6+,יחידה,0.00,יחידה,false,,34.90,0.0000,true,1,108628
9001616702921,false,מאם בקבוק אנטי קוליק 260 מל לבן,General,,בקבוק אנטי קוליק 260,יחידה,0.00,יחידה,false,,34.90,0.0000,true,1,109363
9002859011061,false,מקלות אפויים עם מלח ים 250 גר גונץ,,,גונץ מקלות אפויים עם,גרמים,250.00,100 גרם,false,,15.90,0.0636,true,1,42504
9002859025204,false,גונץ - גונץ פלחי מרמלדה 200 ג',GUNZ WARENHANDELS,,פלחי מרמלדה 200גר,גרמים,200.00,100 גרם,false,,10.90,0.0545,true,1,51387
9002859036583,false,לשונות חתול שוקולד חלב 100ג,GUNZ WARENHANDELS,,גונץ לשונות חתול חלב,גרמים,100.00,100 גרם,false,,10.90,0.1090,true,1,52412
9002859050671,false,לבבות שוקולד ברשת 100 גרם גונץ,GUNZ WARENHANDELS,DE,גונץ- לבבות שוקולד ב,גרמים,100.00,100 גרם,false,,8.90,0.0890,true,1,60195
9002859050848,false,מטבעות זהב וכסף ברשת 100 גרם גונץ,,,גונץ מטבעות שוקולד,גרמים,100.00,100 גרם,false,,8.90,0.0890,true,1,93514
9002859054099,false,מוצרט-שוקולד ממולא 300ג',GUNZ WARENHANDELS,,מוצרט-שוקולד ממולא,גרמים,297.00,100 גרם,false,,32.90,0.1108,true,1,46199
9002859055591,false,בוגי-סוכריות בפחית בטעם לימון 200 גרם,,,ווגי-סוכריות לימון פ,גרמים,200.00,100 גרם,false,,8.90,0.0445,true,1,63100
9002859064104,false,בוגי-סוכ'בפחית בטעם מנטה 200 גרם 1/12(86105),,,WOOGIE-סוכרית מנטה ב,גרמים,200.00,100 גרם,false,,8.90,0.0445,true,1,57466
9002859066047,false,בוגי-סוכ'בפחית בטעם קפה 200 גרם 1/12(86105),,,בוגי סוכריות בפח קפה,גרמים,200.00,100 גרם,false,,8.90,0.0445,true,1,57941
9002859067143,false,גונץ בונבונירה אצבעות שוקולד מעורב 200 ג',,,גונץ בונבונירה אצבעו,גרמים,200.00,100 גרם,false,,11.90,0.0595,true,1,91823
9002859073298,false,כדורגל שוקולד ברשת 100 גרם גונץ,GUNZ WARENHANDELS,DE,גונץ כדורגל שוקולד ב,גרמים,100.00,100 גרם,false,,8.90,0.0890,true,1,67632
9002859090516,false,גונץ בוגי סוכריות בפחית בטעם תפוח 200 גר,,,סוכריות בפח תפוח,גרמים,200.00,100 גרם,false,,8.90,0.0445,true,1,95602
9002859090530,false,גונץ בוגי סוכריות בפחית בטעם תפוז 200 גר,,,סוכריות בפח תפוז,גרמים,200.00,100 גרם,false,,8.90,0.0445,true,1,95603
9002859092657,false,גונץ-בננה ציפוי מריר 150 גר,,,גונץ בננה בציפוי מרי,גרמים,150.00,100 גרם,false,,7.50,0.0500,true,1,97404
9002859100536,false,בונבוניירה אצבעות שוקולד מוצרט 200 גרם,GUNZ WARENHANDELS,,גונץ בונבונירה אצבעו,גרמים,200.00,100 גרם,false,,13.90,0.0695,true,1,107279
9002859105630,false,גונץ מרציפן מצופה שוקולד חלב ונוגט 75 גר,,AT,גונץ חטיף בטעם מרציפ,גרמים,75.00,100 גרם,false,,8.00,0.1067,true,1,111713
9002859107054,false,גונץ-אצבעות שוקולד פרחים 200 גרם,,AT,גונץ אצבעות שוקולד פ,גרמים,200.00,100 גרם,false,,17.90,0.0895,true,1,114907
9002975393829,false,סוכריות גילי הריבו פיציס 70 גרם,,AT,סוכריות הריבו פיצ'ס,גרמים,70.00,100 גרם,false,,6.90,0.0986,true,1,121806
9002975393836,false,סוכריות גילי הריבו האפי קולה 70 גרם,"האריבו , ג'י.אם.בי.א",AT,סוכריות הריבו האפי ק,גרמים,70.00,100 גרם,false,,6.90,0.0986,true,1,121805
9002975393843,false,סוכריות גילי הריבו גולדברס 70 גרם,"האריבו , ג'י.אם.בי.א",AT,סוכריות הריבו גולדבר,גרמים,70.00,100 גרם,false,,6.90,0.0986,true,1,121803
9002975393850,false,סוכריות גילי הריבו וורמס 70 גרם,"האריבו , ג'י.אם.בי.א",AT,סוכריות הריבו וורמס,גרמים,70.00,100 גרם,false,,6.90,0.0986,true,1,121807
9005835312626,false,קלרו 50 טבליות למדיח ללא פוספטים,יעקובי,AT,קלרו 50 טבליות למדיח,יחידה,0.00,יחידה,false,,45.90,0.0000,true,1,113258
9005835312718,false,"קלרו פירמידה מלח למדיח כלים 1 ק""ג CLARO",יעקובי,AT,קלרו פירמידה מלח אקו,קילוגרמים,1.00,"ק""ג",false,,9.90,9.9000,true,1,113244
9005835312732,false,"קלרו נוזל הברקה למדיח כלים 500 מ""ל CLARO",יעקובי,AT,קלרו נוזל הברקה למדי,מיליליטרים,500.00,"100 מ""ל",false,,9.90,0.0198,true,1,113245
9005835312756,false,"קלרו ניקוי יסודי למדיח כלים 250 מ""ל CLARO",יעקובי,AT,קלרו נוזל לניקוי יסו,מיליליטרים,250.00,"100 מ""ל",false,,9.90,0.0396,true,1,113259
9005835313661,false,טבליות ניקוי וחיטוי למדיח99.9% קלרו 30 יח',קלרו,AT,קלרו טבליות ניקוי וח,יחידה,0.00,יחידה,false,,29.90,0.0000,true,1,123746
9008700148146,false,נקטר ליצי 1 ליטר ראוך,ראוך,HU,נקטר ליצ'י 1 ליטר,ליטרים,1.00,ליטר,false,,11.50,11.5000,true,1,167657
9008700170666,false,מיץ תפוח פטל 1 ליטר ראוך,,,מיץ תפוחים+פטל 1 ליט,ליטרים,1.00,ליטר,false,,11.50,11.5000,true,1,167658
9044400826861,false,סוכריות פז בטעם בננה אגס אסיאתי 68 גר,פז פרודקשיין יורו,AT,סוכריות פז מילוי בננ,גרמים,68.00,100 גרם,false,,8.90,0.1309,true,1,119931
9044400851672,false,סוכריות פז סוגים שונים + 3 מילויים,פז פרודקשיין יורו,HU,סוכריות פז בטעם פירו,גרמים,25.50,100 גרם,false,,12.00,0.4706,true,1,166541
9120025839896,false,חטיף מילקה מצונן 128 גרם,בובארד איטליה אס.פי.,IT,מארז חטיף מילקה,גרמים,128.00,100 גרם,false,,13.90,0.1086,true,1,168255
9120097310583,false,חטיף שוקו בננה מיניונים מצונן 108 גרם רבנות,בובארד איטליה אס.פי.,IT,חטיף שוקו בננה מיניו,גרמים,108.00,100 גרם,false,,13.90,0.1287,true,1,168168
9310072028743,false,טים טם Tim Tam וופל שוקולד קלאסי,"ארנוטס ביסקוויטס בע""",AU,טים טם אוריגינל 200,גרמים,200.00,100 גרם,false,,19.90,0.0995,true,1,95018
9310072028750,false,טים טם Tim Tam וופל שוקולד ציפוי כפול,"ארנוטס ביסקוויטס בע""",AU,טים טם דאבל 200 גר',גרמים,200.00,100 גרם,false,,19.90,0.0995,true,1,94809
9310088007015,false,דיפנד תחבושות אוברנייט בלילה,KC Vietnam,VN,תחבושות פויז,יחידה,0.00,יחידה,false,,19.90,0.0000,false,1,59142
9322969000015,false,פריכיות תירס בטעם אורגינל ריל פודס 150 ג',אף.סי תבליני בגליל ב,AU,פריכיות תירס - 150ג',גרמים,150.00,100 גרם,false,,14.90,0.0993,true,1,45697
9322969000022,false,פריכיות תירס עם סויה וזרעי פשתן ללא גלוטן,אף.סי תבליני בגליל ב,AU,פריכיות תירס - 150ג',גרמים,150.00,100 גרם,false,,14.90,0.0993,true,1,46852
9322969000039,false,פריכיות תירס 150 גרם עם 5 סוגי דגנים,,,פרכיות תירס עם ד,גרמים,150.00,100 גרם,false,,14.90,0.0993,true,1,107638
9322969000046,false,פריכיות תירס שומשום אורגני ריל פודס 150 ג',אף.סי תבליני בגליל ב,AU,פריכיות תירס אורגניו,גרמים,150.00,100 גרם,false,,13.90,0.0927,true,1,45282
9322969000053,false,פריכיות אורז מלא ריל פוד 150 גר,סנו מפעלי ברונוס.,IT,פריכיות אורז חום,גרמים,150.00,100 גרם,false,,14.90,0.0993,true,1,149823
9330344004473,false,סכין גילוח שיק היידרו סילק חד פעמי 2 יח,שסטוביץ,CN,סכין גילוח שיק היידר,יחידה,0.00,יחידה,false,,26.90,0.0000,true,1,115020
9421018071508,false,מאד האוס סובניון בלא,קוואליטי ווין,NZ,מאד האוס סובניון בלא,מיליליטרים,750.00,"100 מ""ל",false,,50.00,0.0667,true,1,112704
9720188050109,false,טופוטי ממרח טופו בטעם גבינה 227 ג`,טופוטי ברנדס אינק.ג',IL,ממרח טופו טבעי 27%,גרמים,225.00,100 גרם,false,,19.90,0.0884,true,1,14982
9720188060108,false,טופוטי ממרח על בסיס סויה בסגנון שמנת 340ג',טופוטי ברנדס אינק.ג',IL,ממרח טופו טבעי,גרמים,340.00,100 גרם,false,,19.90,0.0585,true,1,14986
9770793913016,false,ג'רוזלם פוסט יום א',,,ג'רוזלם פוסט יום א',יחידה,0.00,יחידה,false,,13.00,0.0000,false,1,67911
9770793913023,false,ג'רוזלם פוסט יום ב',,,ג'רוזלם פוסט יום ב',יחידה,0.00,יחידה,false,,13.00,0.0000,false,1,67918
9770793913030,false,ג'רוזלם פוסט יום ג',,,ג'רוזלם פוסט יום ג',יחידה,0.00,יחידה,false,,13.00,0.0000,false,1,67865
9770793913054,false,פוסט חול,,,פוסט חול,יחידה,0.00,יחידה,false,,13.00,0.0000,false,1,67912
9770793914006,false,עיתון גירוסלים פוסט יום שישי,,,עיתון ג'רוזלם פוסט,יחידה,0.00,יחידה,false,,22.00,0.0000,false,1,16624
9770793918004,false,גלובס שישי,,,גלובס שישי,יחידה,0.00,יחידה,false,,20.00,0.0000,false,1,46210
9770793973003,false,עיתון מקור ראשון יום,,,עיתון מקור ראשון יום,יחידה,0.00,יחידה,false,,30.00,0.0000,false,1,90432
9770793998037,false,מעריב השבוע יום ג',,,מעריב השבוע יום ג',יחידה,0.00,יחידה,false,,7.00,0.0000,false,1,64794
9770793998044,false,מעריב השבוע יום ד',,,מעריב השבוע יום ד',יחידה,0.00,יחידה,false,,7.00,0.0000,false,1,64795
9771565025005,false,עיתון מעריב שישי,,,סופהשבוע,יחידה,0.00,יחידה,false,,10.00,0.0000,false,1,57028
9771565039125,false,עיתון לאישה יום ב,,,"""לאשה""",יחידה,0.00,יחידה,false,,21.90,0.0000,false,1,15974
9771565051066,false,"ידיעות אחרונות סופ""ש",,,"ידיעות אחרונות סופ""ש",יחידה,0.00,יחידה,false,,20.00,0.0000,false,1,15984
9771565192431,false,עיתון מנטה יום ג`,,,מגזין מנטה,יחידה,0.00,יחידה,false,,28.00,0.0000,false,1,15987
9771565290007,false,עיתון הארץ יום שישי,,,עיתון הארץ שישי,יחידה,0.00,יחידה,false,,33.00,0.0000,false,1,25169
9771565305008,false,עיתון ניו יורק טיימס,,,ניו יורק טיימס,יחידה,0.00,יחידה,false,,33.00,0.0000,false,1,24841
