code,internal_code,name,manufacturer_name,manufacture_country,manufacturer_item_description,unit_qty,quantity,unit_of_measure,weighted,qty_in_package,price,unit_of_measure_price,allow_discount,status,item_id
4955,true,תוספת קירור,,,תוספת קירור,,0.00,,false,,1.00,0.0000,true,1,154650
2057451,true,מלפפונים גדולים בחומ,,,מלפפונים גדולים בחומ,,0.00,,false,,5.00,0.0000,true,1,144352
4119522,true,שוקו שוק בשקית 225 מ,,,שוקו שוק בשקית 225 מ,,0.00,,false,,5.00,0.0000,true,1,144988
10320850,false,גבינת עמק 28% שומן פ,,,גבינת עמק 28% שומן פ,גרמים,200.00,100 גרם,false,,15.90,0.0795,true,1,154874
10321680,false,יוגורט 2.9% תות גו 2,,,יוגורט 2.9% תות גו 2,גרמים,200.00,100 גרם,false,,5.50,0.0275,true,1,154589
10322014,false,טופו טבעי 300 גרם,,,טופו טבעי 300 גרם,גרמים,300.00,100 גרם,false,,12.50,0.0417,true,1,154675
10323592,false,יוגורט לייט 0.5% מוע,,,יוגורט לייט 0.5% מוע,גרמים,200.00,100 גרם,false,,5.70,0.0285,true,1,154587
13022038,true,טופו פיקנטי 300 גרם,,,טופו פיקנטי 300 גרם,,0.00,,false,,12.90,0.0000,true,1,154762
13024704,true,טופו פרובנס 300 גרם,,,טופו פרובנס 300 גרם,,0.00,,false,,12.90,0.0000,true,1,154763
40084107,false,ביצת שוקולד הפתעה קינדר,פרדי קונדטוריה אס פי,,קינדר ביצת הפתעה 20,גרמים,20.00,100 גרם,false,,5.90,0.2950,true,1,146586
72940754,false,"מילקי מעדן וניל עם קצפת שטראוס 133 מ""ל","שטראוס גרופ בע""\מ",,מילקי מעדן וניל עם ק,גרמים,133.00,100 גרם,false,,2.90,0.0218,true,1,147661
72940761,false,"מילקי מעדן שוקולד עם קצפת שטראוס 133 מ""ל",מיוצר עי קונדיטוריית,,"מילקי שוקולד 170 מ""ל",מיליליטרים,170.00,"100 מ""ל",false,,2.90,0.0171,true,1,142810
72940952,false,מעדן מילקי בטעם שוקולד עם אקסטרה קצפת,"שטראוס גרופ בע""\מ",,מילקי אקסטרה קצפת 17,מיליליטרים,170.00,"100 מ""ל",false,,3.90,0.0229,true,1,157914
72940976,false,סלט כרוב אדום אחלה 250 גרם,מיוצר עי קונדיטוריית,,כרוב אדום 250 גרם,גרמים,250.00,100 גרם,false,,7.40,0.0296,true,1,148912
72941041,false,מעדן מילקי מיני בטעם שוקולד עם קצפת,"שטראוס גרופ בע""\מ",,מיני מילקי בטעם שוקו,גרמים,71.00,100 גרם,false,,2.00,0.0282,true,1,148914
72961520,false,"פרילי יוגורט עם אננס 1.5% תנובה 125 מ""ל",מיוצר עי קונדיטוריית,,פרילי אננס 1.5% 125,מיליליטרים,125.00,"100 מ""ל",false,,3.50,0.0280,true,1,165881
72961544,false,"באדי יוגורט בטעם תות שדה 3% תנובה 125 מ""ל",מחלבת אלון תבור,,באדי יוגרט תות גביע,מיליליטרים,125.00,"100 מ""ל",false,,3.00,0.0240,true,1,147161
72993637,false,מעדן חלב בטעם שוקולד 125 ג' דני,"שטראוס גרופ בע""\מ",,דני מעדן חלב בטעם שו,גרמים,125.00,100 גרם,false,,2.70,0.0216,true,1,142813
72994061,false,חטיף פסק זמן GOOD גלילית לבן 40 גרם,שולן צ'\יקולטה גידה סאן.,,פסק זמן 2 גוד עלית 3,גרמים,36.00,100 גרם,false,,4.90,0.1361,true,1,155099
80050124,false,סוכריות טיק טק מנטה 16 גרם,פררו - אלבה,,סוכריות טיק טק מנטה,גרמים,16.00,100 גרם,false,,3.00,0.1875,true,1,146588
80052760,false,קינדר בואנו Kinder Bueno עם חלב ואגוזי לוז,פררו - אלבה,,קינדר בואנו חלב 43 ג,גרמים,43.00,100 גרם,false,,3.90,0.0907,true,1,146593
80136194,false,חטיפי הפי היפו Happy Hippo במילוי קרם חלבי ואגוזי לוז,קינדר Kinder,,קינדר הפי היפו אגוז,גרמים,103.50,100 גרם,false,,12.50,0.1208,true,1,146594
80177616,false,אצבעות שוקולד קינדר Kinder שמונה יחידות,פררו - אלבה,,קינדר 100 גרם 10 יחי,גרמים,100.00,100 גרם,false,,6.90,0.0690,true,1,147557
80310167,false,קינדר מקסי מאגדת שישיה,קינדר,,קינדר מקסי שישייה 12,גרמים,126.00,100 גרם,false,,9.90,0.0786,true,1,149971
80310891,false,ג'וי ביצת הפתעה קינדר 20 גרם,קריות זול,,קינדר גוי בודד 20 גר,גרמים,20.00,100 גרם,false,,5.90,0.2950,true,1,167662
80761761,false,קינדר בואנו לבן בודד 39 גרם,ליימן שליסל,,קינדר בואנו לבן 39 ג,גרמים,39.00,100 גרם,false,,3.90,0.1000,true,1,146598
80769545,false,מסטיק מנטוס פיור פרש בבקבוק בינוני בטעם לימון 60 ג',"פרפטי ואן מלה ג'ידה,סאן",,מסטיק מנטוס פיור פרש,גרמים,60.00,100 גרם,false,,9.90,0.1650,true,1,150891
80769699,false,מסטיק מנטוס -מנטוס וויט פירות מנטה,הדקלאים אגודת שיתופי,,מסטיק מנטוס white פי,גרמים,60.00,100 גרם,false,,9.90,0.1650,true,1,145260
80773429,false,מנטוס בקבוק מעוגל - מסטיק ללא סוכר בטעם תות 60 גרם,"פרפטי ואן מלה ג'\ידה,סאן",,מסטיק מנטוס בקבוק מע,גרמים,60.00,100 גרם,false,,9.90,0.1650,true,1,147109
80773443,false,מנטוס בקבוק מעוגל - מסטיק ללא סוכר בטעם מנטה 60 גרם,"פרפטי ואן מלה ג'\ידה,סאן",,גומי לעיסה בטעם מנטה,גרמים,60.00,100 גרם,false,,9.90,0.1650,true,1,150892
80790990,false,מסטיק מנטוס בבקבוק מעוגל בטעם פירות -מנטה 60 ג',"פרפטי ואן מלה ג'\ידה,סאן",,מסטיק מנטוס מעוגל 60,גרמים,60.00,100 גרם,false,,9.90,0.1650,true,1,150893
80854753,false,סוכריות מנטוס מנטה 30 יח' ללא סוכר CLEAN BREATH,פרפטי ואן מלה,,סוכריות מנטוס מרעננו,גרמים,21.00,100 גרם,false,,6.90,0.3286,true,1,163811
80864295,false,סוכריות פיור וויט טעם מנטה עדינה 60 ג' מנטוס,"פרפטי ואן מלה ג'ידה,סאן",,מסטיק מנטוס בקבוק מע,גרמים,60.00,100 גרם,false,,9.90,0.1650,true,1,162770
80936848,false,סוכריות טיק טק בטעם תות שדה,ליימן-שליסל,,סוכריות טיק טק תות 1,גרמים,16.00,100 גרם,false,,3.00,0.1875,true,1,146600
87108019,false,סוכריות מנטוס מנטה37.5גר,פרפטי ואן מלה,,סוכריות בגליל בטעם מ,גרמים,37.50,100 גרם,false,,3.50,0.0933,true,1,153918
87108538,false,סוכריות בטעם תות מנטוס 37.5 גרם,הדקלאים אגודת שיתופי,,סוכריות בגליל בטעם ת,גרמים,37.00,100 גרם,false,,3.50,0.0946,true,1,145263
88888000,true,Temp SuperDept,,,Temp SuperDept,,0.00,,false,,0.00,0.0000,true,1,155025
88888001,true,אוכל,,,אוכל,,0.00,,false,,0.00,0.0000,true,1,155026
88888002,true,שתיה,,,שתיה,,0.00,,false,,0.00,0.0000,true,1,155027
88888003,true,אימפולס,,,אימפולס,,0.00,,false,,0.00,0.0000,true,1,169027
88888004,true,תוספות לקפה,,,תוספות לקפה,,0.00,,false,,0.00,0.0000,true,1,155028
88888005,true,חומרי גלם,,,חומרי גלם,,0.00,,false,,0.00,0.0000,true,1,155029
88888006,true,פירות וירקות,,,פירות וירקות,,0.00,,false,,0.00,0.0000,true,1,169028
88888008,true,ללא מעמ,,,ללא מעמ,,0.00,,false,,0.00,0.0000,true,1,155030
88888009,true,ניר פוד,,,ניר פוד,,0.00,,false,,0.00,0.0000,true,1,169029
88888010,true,אלכוהול,,,אלכוהול,,0.00,,false,,0.00,0.0000,true,1,169030
88888014,true,נון פוד,,,נון פוד,,0.00,,false,,0.00,0.0000,true,1,169031
88888016,true,תפעול,,,תפעול,,0.00,,false,,0.00,0.0000,true,1,169032
88888018,true,שוויצריה הקטנה,,,שוויצריה הקטנה,,0.00,,false,,0.00,0.0000,true,1,155031
88888100,true,"מפעל-ללא מע""מ",,,"מפעל-ללא מע""מ",,0.00,,false,,0.00,0.0000,true,1,155032
88888102,true,גלידות ושלגונים,,,גלידות ושלגונים,,0.00,,false,,0.00,0.0000,true,1,155033
88888119,true,מאפים,,,מאפים,,0.00,,false,,0.00,0.0000,true,1,169033
88888124,true,משקאות לא אלכוהוליים,,,משקאות לא אלכוהוליים,,0.00,,false,,0.00,0.0000,true,1,169034
88888144,true,קינוחים,,,קינוחים,,0.00,,false,,0.00,0.0000,true,1,169035
88888156,true,פירות וירקות לסחיטה,,,פירות וירקות לסחיטה,,0.00,,false,,0.00,0.0000,true,1,155034
88888158,true,מוצרי מכולת,,,מוצרי מכולת,,0.00,,false,,0.00,0.0000,true,1,155035
88888159,true,משקאות,,,משקאות,,0.00,,false,,0.00,0.0000,true,1,155036
88888160,true,מצוננים,,,מצוננים,,0.00,,false,,0.00,0.0000,true,1,155037
88888161,true,קפואים,,,קפואים,,0.00,,false,,0.00,0.0000,true,1,155038
88888162,true,ירקות ופירות טריים,,,ירקות ופירות טריים,,0.00,,false,,0.00,0.0000,true,1,155039
88888164,true,מוצרים לבית,,,מוצרים לבית,,0.00,,false,,0.00,0.0000,true,1,155040
88888165,true,י שירות/ עזר לסניפים,,,י שירות/ עזר לסניפים,,0.00,,false,,0.00,0.0000,true,1,155041
88888166,true,ארוחות מבושלות,,,ארוחות מבושלות,,0.00,,false,,0.00,0.0000,true,1,155042
88888167,true,אריזות לזכיינים,,,אריזות לזכיינים,,0.00,,false,,0.00,0.0000,true,1,169036
88888168,true,זיכויים,,,זיכויים,,0.00,,false,,0.00,0.0000,true,1,155043
88888169,true,אבזרי עזר וייצור,,,אבזרי עזר וייצור,,0.00,,false,,0.00,0.0000,true,1,155044
88888170,true,מזון טרי,,,מזון טרי,,0.00,,false,,0.00,0.0000,true,1,155045
88888171,true,משקאות קרון,,,משקאות קרון,,0.00,,false,,0.00,0.0000,true,1,155046
88888172,true,ירקות ופירות מעמ,,,ירקות ופירות מעמ,,0.00,,false,,0.00,0.0000,true,1,155047
88888173,true,ל-חומרי גלם ואביזרים,,,ל-חומרי גלם ואביזרים,,0.00,,false,,0.00,0.0000,true,1,155048
88888174,true,מפעל-תוצרת גמורה,,,מפעל-תוצרת גמורה,,0.00,,false,,0.00,0.0000,true,1,155049
88888175,true,סיגריות,,,סיגריות,,0.00,,false,,0.00,0.0000,true,1,155050
88888176,true,מאפה טרי פרדס,,,מאפה טרי פרדס,,0.00,,false,,0.00,0.0000,true,1,155051
88888177,true,קצבייה פרדס,,,קצבייה פרדס,,0.00,,false,,0.00,0.0000,true,1,155052
88888178,true,ואביזרים (ללא מלאי),,,ואביזרים (ללא מלאי),,0.00,,false,,0.00,0.0000,true,1,155053
88888179,true,פירות יבשים ללא מעמ,,,פירות יבשים ללא מעמ,,0.00,,false,,0.00,0.0000,true,1,157433
88888999,true,,,,,,0.00,,false,,0.00,0.0000,true,1,155054
90087066,false,מיץ תפוזים 100% טבעי 1 ל' RAUCH,ראוך Rauch,,מיץ תפוזים 100% טבעי,מיליליטרים,1000.00,"100 מ""ל",false,,11.90,0.0119,true,1,164880
90087271,false,נקטר אוכמניות 1 ליטר קרטונית ראוך,Rauch fruchtsafte gm,,נקטר אוכמניות 1 ליטר,מיליליטרים,1000.00,"100 מ""ל",false,,13.10,0.0131,true,1,166320
90087547,false,מיץ עגבניות 1 ליטר ראוך קרטונית,Rauch fruchtsafte gm,,מיץ עגבניות ראוצ' 1,מיליליטרים,1000.00,"100 מ""ל",false,,11.90,0.0119,true,1,165103
90087769,false,מיץ אננס 100% קרטונית ראוך,Rauch fruchtsafte gm,,מיץ אננס ראוצ' 1 ליט,מיליליטרים,1000.00,"100 מ""ל",false,,11.90,0.0119,true,1,164881
90087974,false,חומץ טבעי מתפוחים 750 מל,ראוך פרוכטסאפה,,חומץ טבעי מתפוחים רא,מיליליטרים,750.00,"100 מ""ל",false,,12.90,0.0172,true,1,164882
90162602,false,רד בול משקה אנרגיה פקדון 30 אג,רד בול ג'י.אם.בי. אץ,,משקה אנרגיה רד בול 2,מיליליטרים,250.00,"100 מ""ל",false,,6.90,0.0276,true,1,152350
90162800,false,רד בול משקה אנרגיה ללא סוכר פקדון 30 אג,רד בול ג'י.אם.בי. אץ,,משקה אנרגיה רד בול ל,מיליליטרים,250.00,"100 מ""ל",false,,6.90,0.0276,true,1,152351
9800800056,false,חטיף שוקולד עם מקלות לחם אנד גו,פררו - אלבה,,נוטלה טו גו 52 גרם,גרמים,52.00,100 גרם,false,,5.00,0.0962,true,1,147515
11182700930,false,קינג קול שעועית אדומה כהה 439 גרם,הנובר פודס,,שעועית אדומה כהה קינ,גרמים,439.00,100 גרם,false,,9.90,0.0226,true,1,162529
16000423534,false,חטיפי גרנולה קראנצ'י עם שיבולת שועל ושוקולד מריר נייצ'ר ואלי 5*42 גרם,ג'נרל מילס סאן אדריאן,,חטיפי גרנולה שיבולת,גרמים,210.00,100 גרם,false,,19.90,0.0948,true,1,145270
16000548404,false,חטיפי גרנולה קראנצ'י עם שיבולת שועל ודבש נייצ'ר ואלי 5*42 גרם,ג'נרל מילס סאן אדריאן,,חטיפי גרנולה שיבולת,גרמים,210.00,100 גרם,false,,19.90,0.0948,true,1,145271
16229924263,false,"ארוי-די קרם קוקוס 250 מ""ל",תאי אגרי פוד פובליק קו'\,,"קרם קוקוס 250 מ""ל",גרמים,250.00,100 גרם,false,,9.90,0.0396,true,1,166931
25675120006,false,חמצוצים 4 צבעים טעמים טבעי 100 גרם,פאסין ב.ו,,מקלות חמצוצים 100 גר,גרמים,100.00,100 גרם,false,,8.90,0.0890,true,1,166909
30000315958,false,קוואקר פרוטאין בננה אגוזים 366 גרם,קוואקר אוטס קומפני,,קוואקר פרוטאין בננה,גרמים,366.00,100 גרם,false,,22.90,0.0626,true,1,150979
36000516876,false,ממחטות נייר קלינקס לושן 3 שכבות 75 דף,חוגלה קימברלי,,טישו קלינקס 75 3 שכב,Unknown,75.00,יחידה,false,,10.90,0.1453,true,1,153302
36000516890,false,קלינקס לושן שלוש שכבות 120 יחידות,חוגלה קימברלי,,טישו קלינקס 120 3 שכ,Unknown,120.00,יחידה,false,,17.90,0.1492,true,1,153303
37600207256,false,חמאת בוטנים סקיפי עם שברי בוטנים 462 גרם,חברת המזון אלגוד,,חמאת בוטנים סקיפי עם,גרמים,462.00,100 גרם,false,,18.90,0.0409,true,1,148598
38000138638,false,חטיף צ'יפס פרינגלס פיצה 158 גרם,פרינגלס מנופקצ'ורינג קונ,,פרינגלס בטעם פיצה 15,גרמים,158.00,100 גרם,false,,8.90,0.0563,true,1,156667
38000138720,false,חטיף צ'יפס פרינגלס ראנץ 158 גרם,פרינגלס מנופקצ'ורינג קונ,,פרינגלס ראנץ 158 גרם,גרמים,158.00,100 גרם,false,,8.90,0.0563,true,1,156668
38000183690,false,חטיף צ'יפס פרינגלס מידי ברביקיו 71 גרם,פרינגלס מנופקצ'ורינג,,פרינגלס ברביקיו 71 ג,גרמים,71.00,100 גרם,false,,5.90,0.0831,true,1,143695
38000232152,false,פרינגלס חטיפי תפוח אדמה בטעם ברביקיו 158 גרם,פרינגלס מנופקצ'ורינג קומ,,פרינגלס ברביקיו 158,גרמים,149.00,100 גרם,false,,8.90,0.0597,true,1,154582
38000232169,false,פרינגלס מידי אורגינל 67 גרם.,פרינגלס מנופקצ'ורינג קונ,,פרינגלס אורגינל 67 ג,גרמים,67.00,100 גרם,false,,5.90,0.0881,true,1,153460
38000232176,false,פרינגלס ביג שמנת בצל 158 גרם,פרינגלס מנופקצ'ורינג קונ,,פרינגלס שמנת בצל 161,גרמים,158.00,100 גרם,false,,8.90,0.0563,true,1,153461
38000232183,false,פרינגלס ביג אורגינל 149 גרם,פרינגלס מנופקצ'ורינג קונ,,פרינגלס אורגינל 149,גרמים,149.00,100 גרם,false,,8.90,0.0597,true,1,153462
38000845253,false,חטיף צ'יפס פרינגלס מידי שמנת בצל 71 גרם,פרינגלס מנופקצ'ורינג קונ,,פרינגלס שמנת בצל 71,גרמים,71.00,100 גרם,false,,5.90,0.0831,true,1,143697
38527591060,false,דגני קוואקר מרובעים Quaker Squares עם סוכר חום,קוואקר אוטס קומפני,,קוואקר ריבועים סוכר,גרמים,411.00,100 גרם,false,,19.90,0.0484,true,1,147494
40000514510,false,M&M אריזה קטנה's בוטנים אריזה קטנה 49 גרם,M&M אם אנד אם,,סוכריות שוקולד במילו,גרמים,49.00,100 גרם,false,,4.90,0.1000,true,1,149187
40000555391,false,עדשי מ&מ'ס בראוניז 40גרם,מרס ריגלי קונפקשונרי,,סוכריות שוקולד צבעונ,גרמים,40.00,100 גרם,false,,4.90,0.1225,true,1,163722
55369901703,false,"רסק אפל סנקס תפו""ע תות שדה לל""ס מארז 113X4ג'",ליייהי אורצ'רדס,,מחית תפוחי עץ ותות ש,גרמים,452.00,100 גרם,false,,15.90,0.0352,true,1,162538
55369902557,false,אפלסנקס רביעיות רסק תפוחי עץ ממותק בסגנון ביתי עברית,ליהי אורצ'דאניק,,רסק תפוחים רביעייה 1,גרמים,452.00,100 גרם,false,,15.90,0.0352,true,1,162556
55369902564,false,אפלסנקס רביעיות רסק תפוחי עץ ללא תוספת סוכר עברית,ליהי אורצ'דאניק,,רסק תפוחים ללא סוכר,גרמים,452.00,100 גרם,false,,15.90,0.0352,true,1,162557
64144090051,false,"ספריי שמן PAM קנולה אורגינל 148 מ""ל",קונאגרה פודס,,פאם קנולה 148 מ'ל,גרמים,170.00,100 גרם,false,,17.90,0.1053,true,1,145269
70221011116,false,טובלרון - שוקולד חלב 100 גרם,טובלרון Toblerone,,טובלרון 100 גרם,גרמים,100.00,100 גרם,false,,11.90,0.1190,true,1,164489
72600062290,false,הר חטיף גבינה חלפניו חריף 198 גרם,הר פודס,,הרס חטיף גבינה בטעם,גרמים,198.00,100 גרם,false,,23.90,0.1207,true,1,162561
72600062320,false,הר חטיף גבינה בטעם פיצה 198 גרם,הר פודסn\,,הר חטיף בוטנים עם גב,גרמים,198.00,100 גרם,false,,23.90,0.1207,true,1,162564
77245110610,false,סוכריות מאסט ללא סוכר בטעם מנטה 80 ג'עלית,MIESZKO S.A - MS. JO,,"סוכריות לל""ס מאסט מנ",גרמים,80.00,100 גרם,false,,7.90,0.0988,true,1,155121
77975094631,false,סניידרס סנדוויץ' בייגלה במילוי קרם בטעם צ'דר 226 גרם,סניידרס Snyder's,,סניידרס סנדביץ קרם צ,גרמים,266.00,100 גרם,false,,16.90,0.0635,true,1,156973
77975094761,false,סניידרס חטיפים על בסיס קמח חיטה בטעם גבינת צ'דר,סניידרס אוף האנובר,,סניידרס בטעם צ'דר 34,גרמים,340.00,100 גרם,false,,16.90,0.0497,true,1,159362
78652693062,false,סט 3 קופסאות ריבועיות עם מכסה אדום,,,סט 3 קופסאות ריבועיו,Unknown,1.00,יחידה,false,,9.90,9.9000,true,1,167132
608614331475,false,כרובית ארוזה ביכורי,חקלאי,,כרובית,יח',1.00,יח',false,,9.90,9.9000,true,1,152853
613008753290,false,"אריזונה אפרסק בקבוק 450 מ""ל",לני אנד לארי,,אריזונה אפרסק בקבוק,מיליליטרים,450.00,"100 מ""ל",false,,8.20,0.0182,true,1,150801
613008753320,false,"אריזונה ג'ינסנג ודבש בקבוק 450 מ""ל.",לני אנד לארי,,אריזונה ג'ינסנג ודבש,מיליליטרים,450.00,"100 מ""ל",false,,8.20,0.0182,true,1,150802
613008753351,false,"בקבוק אריזונה רימונים 450 מ""ל",לני אנד לארי,,אריזונה רימונים בקבו,מיליליטרים,450.00,"100 מ""ל",false,,8.20,0.0182,true,1,150803
613008753382,false,"בקבוק אריזונה אוכמניות 450 מ""ל",לני אנד לארי,,אריזונה אוכמניות בקב,מיליליטרים,450.00,"100 מ""ל",false,,8.20,0.0182,true,1,150804
841058005209,false,אדג' ג'ל כתום לעור רגיש+ 20%תוספת,אנרג'ייזר,,ג'ל גילוח כתום לעור,גרמים,200.00,100 גרם,false,,15.90,0.0795,true,1,154680
859547004329,false,ספוג ניקוי צבעוני סקראב דדי Scrub Daddy,סקארקיסט,,ספוג ניקוי בצבעים סק,גרמים,34.00,100 גרם,false,,18.90,0.5559,true,1,165100
884912365200,false,דגני בוקר אוראו שחור ולבן 311 גרם,פוסט ארצות הברית,,דגני בוקר אוראו פוסט,גרמים,311.00,100 גרם,false,,22.90,0.0736,true,1,167888
3387390320244,false,פיטנס דגני בוקר מחיטה מלאה עם פירות נסטלה 375 גרם,קבוצת אוסם סחר שותפות מוגבלת,,דגני פיטנס פירות נסט,גרמים,375.00,100 גרם,false,,19.90,0.0531,true,1,151006
3387390525960,false,קראנץ' דגני בוקר עם שוקולד חלב נסטלה 500 גרם,קבוצת אוסם סחר שותפות מוגבלת,,דגני בוקר פריכים עם,גרמים,500.00,100 גרם,false,,22.90,0.0458,true,1,143215
3574660389128,false,ליסטרין שטיפת פה קול מינט טעם מעודן 500,איינשטיין צור-יבוא-יצוא וסחר ב,,"ליסטרין 500 מ""ל COOL",מיליליטרים,500.00,"100 מ""ל",false,,19.90,0.0398,true,1,154442
4000415856601,false,שוקולד לבן טבעי שגוטן 100 גרם,"לודוויג שוקולד בע""\מ",,שוגטן לבן 100 גרם,גרמים,100.00,100 גרם,false,,5.90,0.0590,true,1,164549
4000417025005,false,שוקולד מריר במילוי מרציפן ריטר ספורט 100 גרם,ריטר ספורט Ritter sport,,שוקולד מריר במילוי מ,גרמים,100.00,100 גרם,false,,8.90,0.0890,true,1,147115
4000417026002,false,שוקולד ריטר ספורט פרלין 100 גרם חלב נוכרי,ריטר ספורט Ritter sport,,שוקולד פרלין ריטר ספ,גרמים,100.00,100 גרם,false,,8.90,0.0890,true,1,151249
4000417298003,false,שוקולד ריטר ספורט קוקוס 100 גרם חלב נוכרי,ריטר ספורט Ritter sport,,שוקולד קוקוס ריטר ספ,גרמים,100.00,100 גרם,false,,8.90,0.0890,true,1,151255
4000522009747,false,"מקלות בייגלה תפו""א צ'יו 80 גרם",טרופיקל דגיל תעשיות,,בייגלה צ'יו מקלות תפ,גרמים,80.00,100 גרם,false,,3.90,0.0487,true,1,150653
4000607850004,false,שוקולד חלב טבעי שוגטן 100 גרם,"לודוויג שוקולד בע""\מ",,שוגטן חלב 100 גרם,גרמים,100.00,100 גרם,false,,5.90,0.0590,true,1,164550
4000607851001,false,שוקולד חלב אגוזים טבעי שוגטן 100 גרם,"לודוויג שוקולד בע""\מ",,שוגטן אגוזים 100 גרם,גרמים,100.00,100 גרם,false,,5.90,0.0590,true,1,164551
4004666042004,false,"מלרוד מרסס משמיד עובש יעקבי 500 מ""ל","יעקב יעקבי ובניו בע""מ",,מרסס משמיד עובש מלרו,מיליליטרים,500.00,"100 מ""ל",false,,32.90,0.0658,true,1,163881
4011800290078,false,חטיף חלבון עוגיות ללא תוספת סוכר,מ.סידס ובנו בעמ,,קורני חלבון עוגיות 5,גרמים,50.00,100 גרם,false,,9.90,0.1980,true,1,168102
4011800628512,false,חטיף קורני שוקולד חלב 6 יח 150 גר,מיוצר עי קונדיטוריית,,קורני בייס שוקו 150,גרמים,150.00,100 גרם,false,,10.90,0.0727,true,1,148201
4011800630515,false,חטיף קורני שוקולד חלב ובננה 6 יח 150 גר,מיוצר עי קונדיטוריית,,קורני בייס שוק בננה,גרמים,150.00,100 גרם,false,,10.90,0.0727,true,1,148202
4014400901191,false,בונבונריית מרסי מבחר ממתקי שוקולד 250 גרם,ליימן שליסל בע`מ,,בונבוניירת שוקולד חל,גרמים,250.00,100 גרם,false,,26.90,0.1076,true,1,147112
4014400913910,false,וורטרס אורגינל סוכריות חמאה ממולאות קרם קרמל בשקית,ליימן שליסל בע`מ,,סוכריות חמאה במילוי,גרמים,125.00,100 גרם,false,,9.90,0.0792,true,1,151260
4014400923711,false,בונבוניירה שוקולד אגוזים טופיפי 125 גרם,ליימן שליסל בע`מ,,בונבוניירה טופיפי 12,גרמים,125.00,100 גרם,false,,12.90,0.1032,true,1,145275
4015400681670,false,תחבושות אולוויז וליו פק לילה בטוח 18 יחידות,דיפלומט מפיצים (1986) בע`מ,,תחבושות אולוויז וליו,גרמים,126.00,100 גרם,false,,19.90,0.1579,true,1,143704
4015400731719,false,תחבושות היגייניות אולוויז יום ולילה Day & Night,דיפלומט מפיצים (1986) בע`מ,,תחבושות אולוויז וליו,גרמים,126.00,100 גרם,false,,19.90,0.1579,true,1,143708
4015400755241,false,תחבושות היגייניות אולוויז אולטרה נורמל - 28 יח',דיפלומט מפיצים (1986) בע`מ,,תחבושות אולוויז וליו,גרמים,136.00,100 גרם,false,,19.90,0.1463,true,1,143710
4015400755487,false,תחבושות היגייניות אולוויז אולטרה לונג - 24 יח',דיפלומט מפיצים (1986) בע`מ,,תחבושות אולוויז וליו,גרמים,132.00,100 גרם,false,,19.90,0.1508,true,1,143711
4017100198151,false,בלזן היט ביסקוויט עם מלית קרם בטעם וניל (41%) 220 גרם,הדקלאים אגודת שיתופי,,עוגיות היט וניל 220,גרמים,220.00,100 גרם,false,,9.90,0.0450,true,1,145276
4025700001962,false,מילקה טבלה 100 גר' לבן 1/22 (4248023),דיפלומט מפיצים (1968) בעמ**,,שוקולד לבן מילקה 100,גרמים,100.00,100 גרם,false,,6.90,0.0690,true,1,154731
4084500088917,false,נוזל לניקוי כלים לימון פיירי (650 מל),דיפלומט מפיצים (1986) בע`מ,,"פיירי לימון 650 מ""ל",מיליליטרים,650.00,"100 מ""ל",false,,10.90,0.0168,true,1,143724
4603400000043,false,וודקה רוסקי יורוסטנדרט (700 מל),רוסקי סטנדרט וודקה,,וודקה רוסקי סטנדרט 7,מיליליטרים,700.00,"100 מ""ל",false,,64.90,0.0927,true,1,155370
4605561010343,false,פילה דג הרינג חתיכות בשמן 500 גרם,דילר בי.אמ.די פורמולה בעמ,,פילה הרינג בשמן חתיכ,גרמים,500.00,100 גרם,false,,27.90,0.0558,true,1,163417
4605561013009,false,פילה דג הרינג בשמן 400 גרם,דילר בי.אם.די. פורמולה בעמ,,פילה הרינג בשמן 400,גרמים,400.00,100 גרם,false,,16.90,0.0422,true,1,163420
4710068001715,false,משקה בטעם טירמיסו מאסטר קפה (240 מל),יוני פרזינדנט אנטרפר,,קפה בטעם טירמיסו מאס,מיליליטרים,240.00,"100 מ""ל",false,,6.90,0.0288,true,1,144572
4710068002798,false,מאסטר קפה בטעם וניל בפחית 240מ`ל,מאיטה פוד אינדוסטריאל קו,,קפה קר בפחית בטעם ונ,מיליליטרים,240.00,"100 מ""ל",false,,7.20,0.0300,true,1,150885
4751007739917,false,נתחי דג סלמון במיץ טבעי תומר 185 גרם,,,סלמון במיץ טבעי 185,גרמים,185.00,100 גרם,false,,7.90,0.0427,true,1,166341
4770237049443,false,גלידת שמנת בטעם קרמל- קרם ברולה פלומביר בגביע וופל אישי 70 גר' SVALIA,אייס דילר בי.אמ.די בעמ,,גלידת שמנת בטעם קרמל,גרמים,70.00,100 גרם,false,,5.90,0.0843,true,1,166280
4770237049450,false,גלידת שמנת בטעם וניל בגביע וופל אישי פלומביר 70 גר' SVALIA,אייס דילר בי.אמ.די בעמ,,גלידת שמנת בטעם וניל,גרמים,70.00,100 גרם,false,,5.90,0.0843,true,1,166270
4770237055567,false,גלידת שמנת בטעם שוקולד עם אגוזי לוז מצופה צמקאו פלומביר 63 גר SVALIA,אייס דילר בי.אמ.די בעמ,,גלידת שמנת בטעם שוקו,מיליליטרים,63.00,"100 מ""ל",false,,5.90,0.0937,true,1,166272
4770237056809,false,גלידת וניל ללא גלוטן עם שקד בגביע סבילה 85 גרם,,,גלידה עם שקד ללא גלו,גרמים,85.00,100 גרם,false,,5.90,0.0694,true,1,166131
4770577201204,false,"סלק מבושל בוואקום 1 ק""ג",,,סלק אדום מקולף 1 קיל,Unknown,1.00,יחידה,false,,9.90,9.9000,true,1,152855
4810168000066,false,פילה דג הרינג מלוח מצונן עם תבלינים 250 גרם,דילר בי.אם.די. פורמולה בעמ,,פילה דג הרינג מלוח מ,גרמים,250.00,100 גרם,false,,13.90,0.0556,true,1,163422
4810168001056,false,פילה דג הרינג מלוח מצונן בצנצנת חתיכות 260גרם,דילר בי.אם.די. פורמולה בעמ,,פילה הרינג מלוח מצונ,גרמים,260.00,100 גרם,false,,18.90,0.0727,true,1,163424
4810168038977,false,גלידת שמנת בטעם וניל בגביע וופל אישי פלומביר 75 גרם YUKKI,אייס דילר בי.אמ.די בעמ,,גלידת שמנת בטעם וניל,גרמים,75.00,100 גרם,false,,5.90,0.0787,true,1,166263
4810168038984,false,גלידת שמנת משובחת בטעם וניל וופל בין השכבות 80 גר YUKKI,אייס דילר בי.אמ.די בעמ,,גלידת שמנת משובחת בט,גרמים,80.00,100 גרם,false,,5.90,0.0738,true,1,166264
4810168053031,false,YUKKI גלידת שמנת משובחת בטעם שוקולד וופל בין שכבות 80גר,אייס דילר בי.אמ.די בעמ,,YUKKI גלידת שמנת משו,גרמים,80.00,100 גרם,false,,5.90,0.0738,true,1,166139
4810168055905,false,פילה דג הרינג סקנדינבי ממולח בשמן 1200 גרם,דילר בי.אם.די. פורמולה בעמ,,פילה דג הרינג סקנדינ,גרמים,1200.00,100 גרם,false,,45.90,0.0382,true,1,167374
4810168057435,false,חתיכות פילה דג XXLהרינג מלוח בשמן מצונן 400 גרם,דילר בי.אם.די. פורמולה בעמ,,חתיכות פילה דג הרינג,גרמים,400.00,100 גרם,false,,27.90,0.0697,true,1,165593
4823077602863,false,רושן סוכריות ג'לי קרייזי פצ'ולקה 200 גרם,דילר בי.אמ.די.אינטרנשויונל בעמ,,רושן סוכריות ג'לי קר,גרמים,200.00,100 גרם,false,,6.90,0.0345,true,1,163333
4823077608513,false,רושן סוכריות טופי חלב קורבקה 205 גרם,דילר בי.אמ.די.אינטרנשויונל בעמ,,רושן סוכריות טופי חל,גרמים,205.00,100 גרם,false,,6.90,0.0337,true,1,163336
4823077612732,false,רושן סוכריות ממולאות בטעם פירות ביים בום 200 גרם,דילר בי.אמ.די.אינטרנשויונל בעמ,,רושן סוכריות בטעם פי,גרמים,200.00,100 גרם,false,,4.90,0.0245,true,1,163339
4823077613630,false,חטיף שוקולד רושן ממולה קרם בורלה 43 גרם,דילר בי.אמ.די.אינטרנשויונל בעמ,,חטיף שוקולד רושן ממו,גרמים,43.00,100 גרם,false,,3.50,0.0814,true,1,163341
4823077614675,false,48230776ביסקוויט לקפה רושן בטעם חלב 18,דילר בי.אמ.די.אינטרנשויונל בעמ,,ביסקוויט לקפה רושן ב,גרמים,185.00,100 גרם,false,,3.90,0.0211,true,1,165650
4823077614767,false,שוקולד רושן חלב נוגט בטעם אגוזי לוז 90 גרם,דילר בי.אמ.די.אינטרנשויונל בעמ,,שוקולד רושן חלב נוגט,גרמים,90.00,100 גרם,false,,4.90,0.0544,true,1,163342
4823077617041,false,חטיף שוקולד רושן ממולה קרם קרמל 43 גרם,דילר בי.אמ.די.אינטרנשויונל בעמ,,חטיף שוקולד רושן ממו,גרמים,43.00,100 גרם,false,,3.50,0.0814,true,1,163345
4823077621659,false,חטיף שוקולד רושן בטעם אגוז 72 גר,דילר בי.אמ.די.אינטרנשויונל בעמ,,וופל רושן בטעם אגוז,גרמים,72.00,100 גרם,false,,3.50,0.0486,true,1,163349
4823077623714,false,רושן סוכריות טופי ממולאים בטעם חלב מילקי ספלש 150 גרם,דילר בי.אמ.די.אינטרנשויונל בעמ,,רושן סוכריות טופי ממ,גרמים,150.00,100 גרם,false,,6.90,0.0460,true,1,163352
4823077624391,false,"רושן סוכריות טופי ""מינקי בינקי"" 185 גר",דילר בי.אמ.די.אינטרנשויונל בעמ,,רושן סוכריות טופי מי,גרמים,185.00,100 גרם,false,,6.90,0.0373,true,1,163355
4823077625626,false,וופל וואפרס אגוז רושן 216 גר,דילר בי.אמ.די.אינטרנשויונל בעמ,,וופל רושן בטעם אגוז,גרמים,216.00,100 גרם,false,,6.90,0.0319,true,1,163363
4823077626203,false,שוקולד רושן אורירי מריר 80 גרם,דילר בי.אמ.די.אינטרנשויונל בעמ,,שוקולד רושן אורירי מ,גרמים,80.00,100 גרם,false,,6.90,0.0863,true,1,163365
4823077626227,false,שוקולד רושן אורירי חלב 80 גרם,דילר בי.אמ.די.אינטרנשויונל בעמ,,שוקולד רושן אורירי ח,גרמים,80.00,100 גרם,false,,6.90,0.0863,true,1,163366
4823077626364,false,שוקולד רושן אורירי לבן 80 גרם,דילר בי.אמ.די.אינטרנשויונל בעמ,,שוקולד אורירי לבן רו,גרמים,80.00,100 גרם,false,,6.90,0.0863,true,1,163833
4823077629136,false,שוקולד רושן חלב lacmuי 90 גרם,דילר בי.אמ.די.אינטרנשויונל בעמ,,שוקולדרושן חלב 90 גר,גרמים,90.00,100 גרם,false,,6.90,0.0767,true,1,166458
4823077631863,false,גליליות ופל רושן קונפטו וניל 140 גרם,דילר בי.אמ.די.אינטרנשויונל בעמ,,גליליות רושן קונאפטו,גרמים,140.00,100 גרם,false,,6.90,0.0493,true,1,163382
4823077632112,false,וופל רושן בטעם קקאו חלב 2.16 גר`,דילר בי.אמ.די.אינטרנשויונל בעמ,,וופל רושן בטעם קקאו,גרמים,216.00,100 גרם,false,,6.90,0.0319,true,1,163384
4823077632259,false,חטיף שוקולד רושן עם בוטנים 43 גרם,דילר בי.אמ.די.אינטרנשויונל בעמ,,חטיף שוקולד רושן עם,גרמים,38.00,100 גרם,false,,3.50,0.0921,true,1,163385
4823077632570,false,שוקולד רושן BRUT מריר 85 גרם,דילר בי.אמ.די.אינטרנשויונל בעמ,,שוקולד רושן מריר 85,גרמים,85.00,100 גרם,false,,6.90,0.0812,true,1,163390
4823077632587,false,שוקולד רושן חלב עם שקד שלם 90 גר` LACMI,דילר בי.אמ.די.אינטרנשויונל בעמ,,שוקולד רושן חלב עם ש,גרמים,90.00,100 גרם,false,,8.50,0.0944,true,1,163391
4823077632594,false,שוקולד רושן חלב עם אגוז שלם 90 גר` LACMI,דילר בי.אמ.די.אינטרנשויונל בעמ,,שוקולד רושן חלב עם א,גרמים,90.00,100 גרם,false,,8.50,0.0944,true,1,163392
4823077633058,false,"גליליות וופל רושן ""קונאפטו"" אגוז 140 ג",דילר בי.אמ.די.אינטרנשויונל בעמ,,גליליות רושן קונאפטו,גרמים,140.00,100 גרם,false,,6.90,0.0493,true,1,163396
4823077633317,false,עוגיות שוקוצ'יפס LOVITA שוקולד עם חתיכות שוקולד 150 גרם,דילר בי.אמ.די.אינטרנשויונל בעמ,,עוגיות לביטה שוקולד,גרמים,150.00,100 גרם,false,,6.90,0.0460,true,1,163397
4823077633348,false,עוגיות שוקוצ'יפס LOVITA עם חתיכות בוטנים 150 גרם,דילר בי.אמ.די.אינטרנשויונל בעמ,,עוגיות רושן לביטה עם,גרמים,15.00,100 גרם,false,,6.90,0.4600,true,1,163399
4823077634178,false,עוגיות רושן LOVITA במילוי תפוח קינמון 168 גרם,דילר בי.אמ.די.אינטרנשויונל בעמ,,עוגיות לביטה עם מילו,גרמים,168.00,100 גרם,false,,6.90,0.0411,true,1,163405
4823077634192,false,עוגיות רושן LOVITA במילוי דובדבן וניל 168 גרם,דילר בי.אמ.די.אינטרנשויונל בעמ,,עוגיות לביטה עם מילו,גרמים,168.00,100 גרם,false,,6.90,0.0411,true,1,163406
4823077634222,false,עוגיות Lovita ממולאות ג'לי תפוז מצופות צימקאו,דילר בי.אמ.די.אינטרנשויונל בעמ,,עוגיות לביטה תפוז 13,גרמים,135.00,100 גרם,false,,6.90,0.0511,true,1,163407
4823077634277,false,עוגיות Lovita ממולאות ג'לי תות שדה מצופות צימקאו,דילר בי.אמ.די.אינטרנשויונל בעמ,,עוגיות תות שדה לוביט,גרמים,135.00,100 גרם,false,,6.90,0.0511,true,1,165654
4823077634741,false,עוגיות רושן LOVITA במילוי תות שדה 168 גרם,דילר בי.אמ.די.אינטרנשויונל בעמ,,עוגיות עם מילוי תות,גרמים,168.00,100 גרם,false,,6.90,0.0411,true,1,165655
4823077636172,false,וופל רושן בטעם לימון 216 גרם,דילר בי.אמ.די.אינטרנשויונל בעמ,,וופל רושן בטעם לימון,גרמים,216.00,100 גרם,false,,5.90,0.0273,true,1,165923
4860019001414,false,מים מינרליים 750 מל בורזוימי,האי נאם סי או אל.טי.,,מים מינרלים בורז'ומי,מיליליטרים,750.00,"100 מ""ל",false,,8.90,0.0119,true,1,155559
5010677552387,false,"בקרדי בריזר אננס 275 מ""ל בקבוק",בקרדי בריזר Bacardi Breezer,,משקה אלכוהולי 4% אננ,מיליליטרים,275.00,"100 מ""ל",false,,14.70,0.0535,true,1,147698
5010677554398,false,בריזר אבטיח בבקבוק בקרדי (275 מל),בקרדי בריזר Bacardi Breezer,,משקה אלכוהולי 4% אבט,מיליליטרים,275.00,"100 מ""ל",false,,14.70,0.0535,true,1,147699
5010852000917,false,ווסקי בארקליס 0.7 ליטר,יורוסטנדרט בעמ,,"ויסקי בארקליס 700 מ""",מיליליטרים,700.00,"100 מ""ל",false,,69.90,0.0999,true,1,155539
5060639128051,false,"משקה אנרגיה מונסטר אולטרה בפחית 500 מ""ל",החברה המרכזית להפצת משקאות בעמ,,משקה אנרגיה זירו ללא,מיליליטרים,500.00,"100 מ""ל",false,,7.30,0.0146,true,1,157045
5060751219033,false,"משקה אנרגיה מונסטר אנרג'י זירו paradise בפחית 500 מ""ל",החברה המרכזית להפצת משקאות בעמ,,משקה אנרגיה מונסטר 5,מיליליטרים,500.00,"100 מ""ל",false,,7.50,0.0150,true,1,165728
5201004020338,false,גליליות קפריס קרם אגוזים שוקולד 400 גר,משה סידס ובנו בעמ,,קפריס רולס קלאסיק 40,גרמים,400.00,100 גרם,false,,19.90,0.0497,true,1,163296
5201246002215,false,"בירה פילס היילס ויליפוד 500 מ""ל",ג. וילי-פוד אינטרנשיונל בע`מ,,בירה פילס היילס 500,מיליליטרים,500.00,"100 מ""ל",false,,6.20,0.0124,true,1,151608
5202287008020,false,צלחות חד פעמיות גדולות,לפיד,,צלחות חד פעמיות גדול,Unknown,50.00,יחידה,false,,12.90,0.2580,true,1,146713
5400265035918,false,המלט פרלינים אקסלסיום זהב 180 גרם,,,פרלינים אקסלסיום זהב,גרמים,180.00,100 גרם,false,,16.90,0.0939,true,1,168077
5410126006087,false,ביסקויט ביסקפה לוטוס בטעם קרמל 700גר`ב,דיפלומט מפיצים (1968) בעמ**,,עוגיות לוטוס 700 גרם,גרמים,700.00,100 גרם,false,,26.90,0.0384,true,1,154437
5410126106183,false,עוגיות לוטוס 50 יחידות ארוזות בנפרד 312 גרם,דיפלומט מפיצים (1968) בעמ**,,ביסקויט ביסקפה לוטוס,גרמים,312.00,100 גרם,false,,19.90,0.0638,true,1,143728
5410126116953,false,ממרח ביסקוויט קרמל לוטוס (400 גרם),דיפלומט מפיצים (1968) בעמ**,,לוטוס ממרח ביסקוויט,גרמים,400.00,100 גרם,false,,23.90,0.0597,true,1,143729
5410126666038,false,"ביסקוויט קרמל לוטוס 279 גרם בד""צ",דיפלומט מפיצים (1968) בעמ**,,ביסקוויט בטעם קרמל ל,גרמים,279.00,100 גרם,false,,12.90,0.0462,true,1,157700
5410316983693,false,וודקה סמירנוף אייס בודד 275 מ``ל.,החברה המרכזית להפצת משקאות בעמ,,משקה סמירנוף אייס 27,מיליליטרים,275.00,"100 מ""ל",false,,12.90,0.0469,true,1,151797
5410769100081,false,"בירה לה שוף קטן 330 מ""ל בקבוק",הכרם משקאות חריפים בעמ,,"בקבוק לה שוף 330 מ""ל",מיליליטרים,330.00,"100 מ""ל",false,,15.90,0.0482,true,1,148885
5411188112709,false,"משקה קוקוס אלפרו 1 ליטר משקה שקדים לל""ס",הנסיך- מפעל לייצור ט,,אלפרו משקה שקדים ללס,מיליליטרים,1000.00,"100 מ""ל",false,,13.90,0.0139,true,1,148474
5411188134985,false,אלפרו 3.5% NOT M*LK שיבולת שועל 1 ליטר בית יוסף,שטראוס גרופ בעמ/מצונן,,אלפרו שיבולת שועל 3.,מיליליטרים,1000.00,"100 מ""ל",false,,13.90,0.0139,true,1,162359
5701932026964,false,"הוטפופ גרעיני תירס להכנת פופקורן במיקרוגל בטעם טבעי, בתוספת מלח, 600 גרם",ליימן שליסל בע`מ,,פופקורן למיקרוגל בתו,גרמים,600.00,100 גרם,false,,16.90,0.0282,true,1,151263
5701932026971,false,הוטפופ גרעיני תירס להכנת פופקורן במיקרוגל בטעם חמאה 600 גרם,ליימן שליסל בע`מ,,פופקורן למיקרוגל בטע,גרמים,600.00,100 גרם,false,,16.90,0.0282,true,1,151264
5701932026995,false,"הוטפופ גרעיני תירס להכנת פופקורן במיקרוגל בטעם טבעי מופחת שומן, 510 גרם",קריניציה ויטמינה אס,,פופקורן בטעם טבעי הו,גרמים,510.00,100 גרם,false,,15.90,0.0312,true,1,154870
5711953106583,false,גבינת שמנת בטעם טבעי 200 גרם ארלה,שטראוס גרופ בעמ/מצונן,,גבינת שמנת 24.5% בטע,גרמים,200.00,100 גרם,false,,15.90,0.0795,true,1,152929
5740900403215,false,ממרח חמאה דנית לורפק עם מלח 250 גרם,שטראוס גרופ בעמ/מצונן,,ממרח לורפק עם מלח 25,גרמים,250.00,100 גרם,false,,16.90,0.0676,true,1,148916
5740900403239,false,ממרח חמאה דנית לורפק ללא מלח 250 גרם,שטראוס גרופ בעמ/מצונן,,ממרח לורפק בלי מלח 2,גרמים,250.00,100 גרם,false,,16.90,0.0676,true,1,148918
5740900403864,false,חמאה +מלח 200 גרם לורפק כשרות או קיי,שטראוס גרופ בעמ/מצונן,,חמאה עם מלח לורפק 20,גרמים,200.00,100 גרם,false,,11.90,0.0595,true,1,162365
5902198160403,false,XL משקה אנרגיה מוגז ללא סוכר עד 10 קלוריות לפחית 250 מל,"טמפו משקאות בע""\מ",,"אקסל 250 TEN מ""ל",מיליליטרים,250.00,"100 מ""ל",false,,4.80,0.0192,true,1,144575
5906485301012,false,משקה אנרגיה XL מוגז פחית 250 מל,"טמפו משקאות בע""מ",,משקה אנרגיה אקסל 250,מיליליטרים,250.00,"100 מ""ל",false,,4.80,0.0192,true,1,144576
5998710131877,false,בונבונטי חטיף דובדבן בשוקולד 36 גרם,דילר בי.אמ.די.אינטרנשיונל בעמ,,ממתק שוקולד 36 גרם C,גרמים,36.00,100 גרם,false,,4.50,0.1250,true,1,163413
6001067027324,false,קולגייט בארבי-באטמן מברשת חשמלית,קולגייט - פלמוליב,,קולגייט מברשת חשמלית,Unknown,1.00,יחידה,false,,49.90,49.9000,true,1,162795
6111094000198,false,קוסקוס דארי בינוני 350 גרם,דארי קוספאט אס. איי. או,,קוסקוס דק דארי 350 ג,גרמים,350.00,100 גרם,false,,6.90,0.0197,true,1,163254
6253507370600,false,כוסות נייר שתיה חמה,כוסות שתייה חמה 3 ב,,כוסות נייר שתיה חמה,Unknown,50.00,יחידה,false,,11.90,0.2380,true,1,159662
6902176502491,false,סלק אדום מקולף מבושל 500 גרם לירון,ביג פוד כחול לבן בעמ*שיק 30 יו,,סלק מבושל בוואקום,גרמים,500.00,100 גרם,false,,5.90,0.0118,true,1,168002
6902176502507,false,סלק אדום בוואקום 500 גרם,ביג פוד כחול לבן בעמ*שיק 30 יו,,סלק מבושל בוואקום,גרמים,500.00,100 גרם,false,,5.90,0.0118,true,1,168003
6910191800287,false,אצות נורי בלו 10 דף (ננגטונג),מזרח ומערב יבוא ושיווק,,אצות נורי בלו 10 דף,Unknown,10.00,יחידה,false,,11.90,1.1900,true,1,145230
6912977000140,false,אטריות שעועית 250 גר' ( Yantai)ללא גלוטן(כ),מזרח ומערב יבוא ושיווק,,אטריות שעועית 250 גר,גרמים,250.00,100 גרם,false,,8.90,0.0356,true,1,145231
6926832407074,false,בראל חטיף אורז יפני 100גרם,קסימן די ברייט,,חטיף אורז יפני 100 ג,גרמים,100.00,100 גרם,false,,7.90,0.0790,true,1,144108
6930548976243,false,מארז שום הלפרין,אראל תוצרת חקלאית בע,,שום ארוז יבוא,מארז,1.00,מארז,false,,7.90,7.9000,true,1,154585
6936613888667,false,שום ארוז יבוא,ביכורי השדה צפון 1994 ג.ד. בעמ,,שום ארוז יבוא,Unknown,1.00,יחידה,false,,7.90,7.9000,true,1,165700
6936745600462,false,"מירין 500 מ""ל (דאניינג)",מזרח ומערב יבוא ושיווק,,רוטב מירין לתיבול 50,מיליליטרים,500.00,"100 מ""ל",false,,19.90,0.0398,true,1,145234
7290000000035,false,תוספת שתיה בקירור,,,תוספת שתיה בקירור,Unknown,0.00,יחידה,false,,1.00,0.0000,true,1,162467
7290000000282,false,חסה ערבית יחידה,אראל תוצרת חקלאית בע,,חסה ערבית יחידה,פריט,1.00,"ק""ג",false,,4.90,4.9000,true,1,165901
7290000000374,false,"פטריות שמפיניון בד""ץ (רביבים)",ביכורי השדה צפון 1994 ג.ד. בעמ,,פטריות שמפיניון א.א.,Unknown,1.00,יחידה,false,,9.90,9.9000,true,1,157142
7290000000411,false,שום יבש יבוא רמי לוי,אראל תוצרת חקלאית בע,,שום ארוז יבוא,מארז,1.00,מארז,false,,7.90,7.9000,true,1,144666
7290000000466,false,נקניק חי סרוולט גוסט,ביכורי השדה צפון 1994 ג.ד. בעמ,,בצל ירוק,Unknown,1.00,יחידה,false,,4.90,4.9000,true,1,153196
7290000000960,false,"פקדון רביעיה 1.2 ש""ח",,,"פקדון רביעיה 1.2 ש""ח",Unknown,0.00,יחידה,false,,1.20,0.0000,true,1,157299
7290000000961,false,"פקדון שישיה 1.8 ש""ח",,,"פקדון שישיה 1.8 ש""ח",Unknown,0.00,יחידה,false,,1.80,0.0000,true,1,157300
7290000000998,false,פקדון,,,פקדון,Unknown,0.00,יחידה,false,,0.30,0.0000,true,1,142820
7290000001104,false,פטריות חורש מיני ארוז 200 ג',"בכורי השדה צפון1994 ג.ד. בע""מ",,פטריות פורטבלה ארוז,Unknown,1.00,יחידה,false,,10.90,10.9000,true,1,153203
7290000003345,false,נביעות מים מינרלים ש,,,נביעות מים מינרלים ש,מיליליטרים,1500.00,"100 מ""ל",false,,5.00,0.0033,true,1,145985
7290000009001,false,בננה,5 יחידות,,בננה,קילוגרמים,1.00,"ק""ג",true,,8.70,8.7000,true,1,152736
7290000009002,false,לחם בטעמים אגדת לחם,5 יחידות,,עגבניה,קילוגרמים,1.00,"ק""ג",true,,7.70,7.7000,true,1,152737
7290000009003,false,מלפפון ירוק,6 יחידות,,מלפפון ירוק,קילוגרמים,1.00,"ק""ג",true,,7.70,7.7000,true,1,152738
7290000009004,false,לימון,,,לימון,קילוגרמים,1.00,"ק""ג",true,,7.70,7.7000,true,1,152739
7290000009005,false,אבוקדו,,,אבוקדו,קילוגרמים,1.00,"ק""ג",true,,10.70,10.7000,true,1,152740
7290000009007,false,תפוח עץ ירוק סמיט,4 יחידות,,תפוח עץ ירוק סמיט,קילוגרמים,1.00,"ק""ג",true,,10.90,10.9000,true,1,152742
7290000009008,false,תפוח עץ אדום חרמון,4 יחידות,,תפוח עץ אדום חרמון,קילוגרמים,1.00,"ק""ג",true,,9.90,9.9000,true,1,152743
7290000009010,false,פלפל אדום,5 יחידות,,פלפל אדום,קילוגרמים,1.00,"ק""ג",true,,10.70,10.7000,true,1,152744
7290000009011,false,קלמנטינה,,,קלמנטינה,קילוגרמים,1.00,"ק""ג",true,,6.90,6.9000,true,1,152745
7290000009012,false,אפרסמון,,,אפרסמון,קילוגרמים,1.00,"ק""ג",true,,12.90,12.9000,true,1,152746
7290000009013,false,תפוזים,3 יחידות,,תפוזים,קילוגרמים,1.00,"ק""ג",true,,5.90,5.9000,true,1,152747
7290000009014,false,תפוח פינק ליידי,,,תפוח פינק ליידי,קילוגרמים,1.00,"ק""ג",true,,17.90,17.9000,true,1,152748
7290000009015,false,בצל יבש לבן,4 יחידות,,בצל יבש לבן,קילוגרמים,1.00,"ק""ג",true,,4.70,4.7000,true,1,152749
7290000009016,false,בטטה,,,בטטה,קילוגרמים,1.00,"ק""ג",true,,7.70,7.7000,true,1,152750
7290000009017,false,אגס ירוק,5 יחידות,,אגס ירוק,קילוגרמים,1.00,"ק""ג",true,,12.90,12.9000,true,1,152751
7290000009018,false,תפוח עץ מוזהב,4 יחידות,,תפוח עץ מוזהב,קילוגרמים,1.00,"ק""ג",true,,9.90,9.9000,true,1,152752
7290000009019,false,פלפל צהוב,5 יחידות,,פלפל צהוב,קילוגרמים,1.00,"ק""ג",true,,10.70,10.7000,true,1,152753
7290000009021,false,בצל אדום,4 יחידות,,בצל אדום,קילוגרמים,1.00,"ק""ג",true,,6.70,6.7000,true,1,152755
7290000009022,false,רימון,,,רימון,קילוגרמים,1.00,"ק""ג",true,,8.70,8.7000,true,1,152756
7290000009023,false,אננס,,,אננס,Unknown,1.00,יחידה,false,,29.90,29.9000,true,1,152757
7290000009024,false,חציל,3 יחידות,,חציל,קילוגרמים,1.00,"ק""ג",true,,7.90,7.9000,true,1,152758
7290000009025,false,פיתה ל.גלוטן 70יח,1 יחידה,,כרוב לבן שלם,קילוגרמים,1.00,"ק""ג",true,,5.70,5.7000,true,1,152759
7290000009026,false,אשכולית אדומה,,,אשכולית אדומה,קילוגרמים,1.00,"ק""ג",true,,6.70,6.7000,true,1,152760
7290000009027,false,קיווי,,,קיווי,קילוגרמים,1.00,"ק""ג",true,,12.90,12.9000,true,1,152761
7290000009029,false,מלון,,,מלון,קילוגרמים,1.00,"ק""ג",true,,6.90,6.9000,true,1,152763
7290000009030,false,פומלה,,,פומלה,קילוגרמים,1.00,"ק""ג",true,,8.90,8.9000,true,1,152764
7290000009031,false,פלפל ירוק,5 יחידות,,פלפל ירוק,קילוגרמים,1.00,"ק""ג",true,,9.70,9.7000,true,1,152765
7290000009033,false,כרוב אדום שלם,,,כרוב אדום שלם,קילוגרמים,1.00,"ק""ג",true,,5.70,5.7000,true,1,152767
7290000009034,false,קולורבי,,,קולורבי,קילוגרמים,1.00,"ק""ג",true,,8.90,8.9000,true,1,152768
7290000009036,false,דלורית,,,דלורית,קילוגרמים,1.00,"ק""ג",true,,6.90,6.9000,true,1,152770
7290000009039,false,פומלית,,,פומלית,קילוגרמים,1.00,"ק""ג",true,,6.70,6.7000,true,1,152773
7290000009040,false,שומר,,,שומר,קילוגרמים,1.00,"ק""ג",true,,8.90,8.9000,true,1,152774
7290000009046,false,קישוא,5 יחידות,,קישוא,קילוגרמים,1.00,"ק""ג",true,,8.90,8.9000,true,1,152779
7290000009051,false,"תפו""א לבן תפזורת",3 יחידות,,"תפו""א לבן תפזורת",קילוגרמים,1.00,"ק""ג",true,,4.90,4.9000,true,1,152782
7290000009052,false,"תפו""א אדום תפזורת",3 יחידות,,"תפו""א אדום תפזורת",קילוגרמים,1.00,"ק""ג",true,,5.90,5.9000,true,1,152783
7290000009054,false,פלפל חריף,,,פלפל חריף,קילוגרמים,1.00,"ק""ג",true,,10.90,10.9000,true,1,152785
7290000009056,false,גבינה מגורדת במש,תנובה חלב,,סלק אדום תפזורת,קילוגרמים,1.00,"ק""ג",true,,4.90,4.9000,true,1,152787
7290000009059,false,חסה ערבית יחידה,,,חסה ערבית יחידה,פריט,1.00,"ק""ג",false,,4.90,4.9000,true,1,152790
7290000009061,false,גזר ארוז,,,גזר ארוז,קילוגרמים,1.00,"ק""ג",true,,4.90,4.9000,true,1,152791
7290000009063,false,כרובית,,,כרובית,Unknown,1.00,יחידה,false,,9.90,9.9000,true,1,152792
7290000009068,false,שום בתפזורת,,,שום בתפזורת,קילוגרמים,1.00,"ק""ג",true,,22.90,22.9000,true,1,152797
7290000009074,false,ענב אדום,,,ענב אדום,קילוגרמים,1.00,"ק""ג",true,,24.90,24.9000,true,1,153424
7290000009075,false,תירס מתוק,,,תירס מתוק,קילוגרמים,1.00,"ק""ג",true,,8.70,8.7000,true,1,152803
7290000009076,false,שום לח,,,שום לח,קילוגרמים,1.00,"ק""ג",true,,19.90,19.9000,true,1,154137
7290000009083,false,נענע,,,נענע,Unknown,1.00,יחידה,false,,4.90,4.9000,true,1,153187
7290000009096,false,ענבים שחורים,,,ענבים שחורים,קילוגרמים,1.00,"ק""ג",true,,19.90,19.9000,true,1,152819
7290000009097,false,אגס נאשי,,,אגס נאשי,קילוגרמים,1.00,"ק""ג",true,,14.90,14.9000,true,1,152820
7290000009101,false,חבוש,,,חבוש,קילוגרמים,1.00,"ק""ג",true,,12.90,12.9000,true,1,152824
7290000009104,false,תפוח עץ גלה,4 יחידות,,תפוח עץ גלה,קילוגרמים,1.00,"ק""ג",true,,9.90,9.9000,true,1,152827
7290000009110,false,אנונה,,,אנונה,קילוגרמים,1.00,"ק""ג",true,,19.90,19.9000,true,1,152833
7290000009112,false,סוכריית פז,Unknown,,תפוז ברשת,קילוגרמים,1.00,"ק""ג",true,,4.90,4.9000,true,1,152835
7290000009116,false,פלפל כתום,5 יחידות,,פלפל כתום,קילוגרמים,1.00,"ק""ג",true,,10.70,10.7000,true,1,152839
7290000009124,false,שום ארוז יבוא,,,שום ארוז יבוא,Unknown,1.00,יחידה,false,,7.90,7.9000,true,1,153425
7290000009164,false,גזר תפזורת,,,גזר תפזורת,קילוגרמים,1.00,"ק""ג",true,,6.90,6.9000,true,1,169131
7290000023816,false,קלאסיק אמרלד ריזלינג יקבי ברקן (750 מל),יקבי ברקן שיווק והפצה בע,,יין לבן חצי יבש קלאס,מיליליטרים,750.00,"100 מ""ל",false,,32.90,0.0439,true,1,148542
7290000023977,false,קלאסיק מרלו יקבי ברקן (750 מל),יקבי ברקן שיווק והפצה בע,,יין מרלו ברקן קלאסיק,מיליליטרים,750.00,"100 מ""ל",false,,32.90,0.0439,true,1,148543
7290000024523,false,"תירוש של סגל ,מיץ ענבים , 1 ליטר",כרמי צבי - האחים סגל,,מיץ ענבים טבעי תירוש,מיליליטרים,1000.00,"100 מ""ל",false,,15.90,0.0159,true,1,144583
7290000040042,false,יוגורט יופלה תות 3% שומן 150 גרם,"תנובה בע""מ ***",,יופלה יוגורט תות %3,גרמים,150.00,100 גרם,false,,5.00,0.0333,true,1,147758
7290000040066,false,יוגורט יופלה דובדבן 3% שומן 150 גרם,תנובה מרכז שיתופי לש,,יופלה יוגורט דובדבן,מיליליטרים,150.00,"100 מ""ל",false,,5.00,0.0333,true,1,157308
7290000040080,false,יוגורט יופלה אפרסק 3% שומן 150 גרם,"תנובה בע""מ ***",,יופלה יוגורט אפרסק %,מיליליטרים,150.00,"100 מ""ל",false,,5.00,0.0333,true,1,152398
7290000040974,false,חלב 2% דל לקטוז בקרטון תנובה (1 ליטר),תנובה מרכז שיתופי לש,,חלב בקרטון דל לקטוז,מיליליטרים,1000.00,"100 מ""ל",false,,6.90,0.0069,true,1,150786
7290000040974,false,חלב 2% דל לקטוז בקרטון תנובה (1 ליטר),תנובה מרכז שיתופי לש,,חלב בקרטון דל לקטוז,מיליליטרים,1000.00,"100 מ""ל",false,,6.90,0.0069,true,1,152408
7290000041445,false,קוטג תנובה גביע 250 גרם 5% בדצ,מיוצר עי קונדיטוריית,,גבינת קוטג' 5% תנובה,גרמים,250.00,100 גרם,false,,5.70,0.0228,true,1,144967
7290000041445,false,קוטג תנובה גביע 250 גרם 5% בדצ,מיוצר עי קונדיטוריית,,גבינת קוטג' 5% תנובה,גרמים,250.00,100 גרם,false,,5.70,0.0228,true,1,145002
7290000041858,false,"שמנת חמוצה 15% מועשרת יטבתה 200 מ""ל",שטראוס גרופ בעמ/מצונן,,שמנת חמוצה מועשרת 15,מיליליטרים,200.00,"100 מ""ל",false,,2.40,0.0120,true,1,142821
7290000041872,false,"לבן 3% יטבתה 200מ""ל מהדרין",שטראוס גרופ בעמ/מצונן,,"לבן 3% שומן 200 מ""ל",מיליליטרים,200.00,"100 מ""ל",false,,2.00,0.0100,true,1,148923
7290000042015,false,חלב 3% בשקית בדצ תנובה (1 ליטר)פיקוח,תנובה מרכז שיתופי לש,,שקית חלב 3% העדה החר,מיליליטרים,1000.00,"100 מ""ל",false,,5.17,0.0052,true,1,145126
7290000042435,false,חלב דל שומן 1% בקרטון תנובה (1 ליטר)פיק,תנובה מרכז שיתופי לש,,חלב בקרטון תנובה 1%,מיליליטרים,1000.00,"100 מ""ל",false,,5.86,0.0059,true,1,145003
7290000042640,false,"חלב תנובה עמיד 3% קרטון 250 מ""ל",תנובה מרכז שיתופי לש,,"חלב עמיד 250 מ""ל 3%",מיליליטרים,250.00,"100 מ""ל",false,,2.60,0.0104,true,1,153710
7290000042855,false,"שוקו בשקית 250 מ""ל ""יטבתה""",שטראוס גרופ בעמ/מצונן,,שוקו בשקית יטבתה 225,מיליליטרים,225.00,"100 מ""ל",false,,2.50,0.0111,true,1,142822
7290000043814,false,השף הלבן שמנת להקצפה 38% שומן 250 מל - מוצר בפיקוח,תנובה מרכז שיתופי לש,,השף הלבן שמנת עמידה,מיליליטרים,250.00,"100 מ""ל",false,,6.47,0.0259,true,1,145005
7290000043890,false,תנובה רויון לבן מחלב מפסוטר 1.5%,תנובה מרכז שיתופי לש,,רויון 1.5% תנובה 1 ל,מיליליטרים,1000.00,"100 מ""ל",false,,11.30,0.0113,true,1,147761
7290000045580,false,גבינה מותכת נעמה חורש תנובה 240 גרם,תנובה מרכז שיתופי לש,,גבינה מותכת 25% נעמה,גרמים,240.00,100 גרם,false,,17.40,0.0725,true,1,145007
7290000046327,false,גלבוע גבינה צהובה פרוסה 22% תנובה 200 גרם,תנובה מרכז שיתופי לש,,גבינה צהובה פרוסה 22,גרמים,200.00,100 גרם,false,,12.90,0.0645,true,1,147764
7290000046327,false,גלבוע גבינה צהובה פרוסה 22% תנובה 200 גרם,תנובה מרכז שיתופי לש,,גבינה צהובה פרוסה 22,גרמים,200.00,100 גרם,false,,12.90,0.0645,true,1,147831
7290000048185,false,גבינה לבנה 5% תנובה 250 גרם מהדרין,מיוצר עי קונדיטוריית,,גבינה לבנה 5% תנובה,גרמים,250.00,100 גרם,false,,4.98,0.0199,true,1,147162
7290000048192,false,גבינה לבנה 9% תנובה 250 גרם מהדרין,מחלבת אלון תבור,,גבינה לבנה 9% תנובה,גרמים,250.00,100 גרם,false,,4.98,0.0199,true,1,147157
7290000051307,false,"מארז הפסקת אוכל עם דגני עוגי ומשקה חלב עמיד בטעם וניל 150 מ""ל",תנובה מרכז שיתופי לש,,מארז הפסקת בטעם וניל,Unknown,1.00,יחידה,false,,9.90,9.9000,true,1,159125
7290000051376,false,יוגורט יופלה דיאט אננס 0% שומן 150 גרם,תנובה מרכז שיתופי לש,,יופלה דיאט אננס גביע,מיליליטרים,150.00,"100 מ""ל",false,,5.00,0.0333,true,1,152399
7290000052311,false,גבינה צהובה עמק לייט 15% שומן 200 גרם,תנובה מרכז שיתופי לש,,גבינה צהובה פרוסה 15,גרמים,200.00,100 גרם,false,,15.90,0.0795,true,1,147768
7290000052311,false,גבינה צהובה עמק לייט 15% שומן 200 גרם,תנובה מרכז שיתופי לש,,גבינה צהובה פרוסה 15,גרמים,200.00,100 גרם,false,,15.90,0.0795,true,1,147820
7290000055015,false,פיראוס גבינת פטה כבשים 5% תנובה 250 גרם,תנובה מחלבת טנא נוגה,,פיראוס פטה כבשים 5%,גרמים,250.00,100 גרם,false,,26.50,0.1060,true,1,159092
7290000055329,false,"משקה בוקר יוגורט 1.5% בטעם תות מלון יופלה 250 מ""ל",תנובה מרכז שיתופי לש,,יופלה משקה יוגורט תו,גרמים,250.00,100 גרם,false,,5.40,0.0216,true,1,144975
7290000055336,false,"משקה יוגורט 1.5% בטעם בננה אפרסק יופלה 250 מ""ל",תנובה מרכז שיתופי לש,,יופלה משקה יוגורט בנ,גרמים,250.00,100 גרם,false,,5.40,0.0216,true,1,144976
7290000055343,false,משקה יוגורט יופלה פירות טרופיים 250 גרם,תנובה מרכז שיתופי לש,,יופלה משקה יוגורט טר,גרמים,250.00,100 גרם,false,,5.40,0.0216,true,1,144977
7290000055893,false,חמאה משמנת מפוסטרת 200גרם 82% כ.מהדרין - מוצר בפיקוח,תנובה מרכז שיתופי לש,,חמאה מהדרין תנובה 20,גרמים,200.00,100 גרם,false,,7.80,0.0390,true,1,145009
7290000056845,false,תנובה חלב טרי 3% שומן 1.5 ליטר - מוצר בפיקוח,פארייפאבה אגרואינדוס,,חלב טרי 3% בקרטון תנ,מיליליטרים,1500.00,"100 מ""ל",false,,9.34,0.0062,true,1,150918
7290000057118,false,גבינה צהובה עמק 28% שומן ואקום 400 גרם,תנובה מרכז שיתופי לש,,גבינת עמק קלאסית פרו,גרמים,400.00,100 גרם,false,,20.90,0.0522,true,1,147078
7290000057552,false,יופלה דיאט עוגת גבינה ותות 0% גביע 150ג',תנובה - חלב,,יופלה דיאט עוגת גבינ,מיליליטרים,150.00,"100 מ""ל",false,,5.00,0.0333,true,1,157309
7290000058047,false,שמנת להקצפה 38% 500מל מהדרין עמיד השף הלבן,תנובה מרכז שיתופי לש,,שמנת להקצפה 38% שומן,מיליליטרים,500.00,"100 מ""ל",false,,12.94,0.0259,true,1,155177
7290000060088,false,בייגלה מקלות עם מלח אסם (400 גרם),קבוצת אוסם סחר שותפות מוגבלת,,בייגלה אסם מקלות מלו,גרמים,375.00,100 גרם,false,,9.90,0.0264,true,1,143232
7290000060163,false,פסטה אסם אטריות דקות 400גר,קבוצת אוסם סחר שותפות מוגבלת,,אטריות דקות אסם 400,גרמים,401.00,100 גרם,false,,6.90,0.0172,true,1,143233
7290000060200,false,פסטה אסם פתיתים אפויים קוסקוס 500גר,קבוצת אוסם סחר שותפות מוגבלת,,פתיתים אפויים קוסקוס,גרמים,500.00,100 גרם,false,,6.90,0.0138,true,1,143234
7290000060217,false,פסטה מקרוני מספר 7 אסם (500 גרם),קבוצת אוסם סחר שותפות מוגבלת,,פסטה מקרוני מספר 7 א,גרמים,500.00,100 גרם,false,,5.90,0.0118,true,1,151620
7290000060408,false,פסטה אסם פתיתים אפויים טבעות 500 גר,קבוצת אוסם סחר שותפות מוגבלת,,פתיתים אפויים טבעות,גרמים,500.00,100 גרם,false,,6.90,0.0138,true,1,151010
7290000060828,false,פסטה קרניים בינוניות אסם (500 גרם),קבוצת אוסם סחר שותפות מוגבלת,,פסטה פרומנטי קרניים,גרמים,500.00,100 גרם,false,,5.90,0.0118,true,1,143235
7290000060842,false,פסטה אסם פתיתים צדפים גדולים 500גר,קבוצת אוסם סחר שותפות מוגבלת,,פסטה צדפים אסם 500 ג,גרמים,500.00,100 גרם,false,,5.90,0.0118,true,1,151013
7290000060880,false,פסטה ספגטי מספר 8 אסם 500 גרם,קבוצת אוסם סחר שותפות מוגבלת,,פסטה ספגטי מספר 8 אס,גרמים,500.00,100 גרם,false,,5.90,0.0118,true,1,143236
7290000060958,false,אטריות מובחרות בינוניות אסם (400 גרם),קבוצת אוסם סחר שותפות מוגבלת,,אטריות בינוניות אסם,גרמים,402.00,100 גרם,false,,6.90,0.0172,true,1,151016
7290000060965,false,פסטה אסם אטריות רחבות 400גר,קבוצת אוסם סחר שותפות מוגבלת,,אטריות רחבות אסם 400,גרמים,403.00,100 גרם,false,,6.90,0.0171,true,1,151017
7290000061245,false,עוגיות שוקוצ'יפס במילוי שוקולד אסם 220 גרם,קבוצת אוסם סחר-שות.מוגבלת,,עוגיות שוקוצ'יפס עם,גרמים,220.00,100 גרם,false,,10.90,0.0495,true,1,143239
7290000061450,false,פתיתים אפויים קוסקוס 3 צבעים אסם 500 גרם,קבוצת אסם סחר שות. מוגבלת,,פתיתים אפויים קוסקוס,גרמים,500.00,100 גרם,false,,6.90,0.0138,true,1,151020
7290000062952,false,אוסם - מיני קרוטונים למרק ולסלט 250 גרם,קבוצת אוסם סחר שותפות מוגבלת,,מיני קרוטונים מתובלי,גרמים,250.00,100 גרם,false,,14.90,0.0596,true,1,149321
7290000063102,false,קמח עוגה תופח מאליו אסם 350 גרם,קבוצת אוסם סחר שותפות מוגבלת,,אסם קמח עוגה תופח מא,גרמים,350.00,100 גרם,false,,4.90,0.0140,true,1,143241
7290000063133,false,אסם שקדי מרק רכיבים טבעיים 24*100גרם,קבוצת אוסם סחר שותפות מוגבלת,,אסם שקדי מרק רכיבים,גרמים,100.00,100 גרם,false,,5.90,0.0590,true,1,147930
7290000063140,false,שקדי מרק רכיבים טבעיים בשקית 400 ג' אסם,קבוצת אוסם סחר שותפות מוגבלת,,אסם שקדי מרק רכיבים,גרמים,400.00,100 גרם,false,,11.90,0.0298,true,1,143242
7290000063157,false,"קמח עוגה תופח מאליו אסם 1 ק""ג",קבוצת אוסם סחר שותפות מוגבלת,,קמח תופח מאליו אסם 1,גרמים,1000.00,100 גרם,false,,8.90,0.0089,true,1,150773
7290000064758,false,קוסקוס בינוני אמיתי אסם 350 ג',קבוצת אוסם סחר שותפות מוגבלת,,אסם קוסקוס אמיתי 350,גרמים,350.00,100 גרם,false,,7.90,0.0226,true,1,143245
7290000064871,false,"אוסם - מנה חמה פירה תפו""א עם בצל 56 גרם",קבוצת אוסם סחר שותפות מוגבלת,,"מנה חמה פירה תפו""א ו",גרמים,56.00,100 גרם,false,,5.90,0.1054,true,1,143246
7290000065090,false,מיני קרוטונים מתובלים למרק ולסלט אסם 400 גרם,קבוצת אוסם סחר שותפות מוגבלת,,אסם מיני קרוטונים למ,גרמים,400.00,100 גרם,false,,21.90,0.0547,true,1,151023
7290000065557,false,אוסם - מנה חמה קוסקוס עם ירקות 84 גרם,קבוצת אוסם סחר שותפות מוגבלת,,מנה חמה קוסקוס וירקו,גרמים,84.00,100 גרם,false,,5.90,0.0702,true,1,143249
7290000066196,false,ביסלי חטיף בטעם גריל אסם (200 גרם),קבוצת אוסם סחר שותפות מוגבלת,,ביסלי גריל 200 גרם,גרמים,200.00,100 גרם,false,,7.90,0.0395,true,1,155388
7290000066264,false,דובונים חטיף תפוחי אדמה אסם (40 גרם),קבוצת אוסם סחר שותפות מוגבלת,,דובונים 40 גרם,גרמים,40.00,100 גרם,false,,4.50,0.1125,true,1,143251
7290000066295,false,אסם במבה תות מחומרים טבעיים 30גר,קבוצת אוסם סחר שותפות מוגבלת,,במבה מתוקה בטעם תות,גרמים,30.00,100 גרם,false,,2.90,0.0967,true,1,143252
7290000066332,false,אפרופו חטיף תירס אסם (50 גרם),קבוצת אוסם סחר שותפות מוגבלת,,אפרופו 50 גרם,גרמים,50.00,100 גרם,false,,4.90,0.0980,true,1,143254
7290000066431,false,פופקו חטיף פופקורן בטעם חמאה ודבש אסם 80 גרם,קבוצת אוסם סחר שותפות מוגבלת,,פופקו חמאה ודבש 80 ג,גרמים,80.00,100 גרם,false,,5.40,0.0675,true,1,143255
7290000067544,false,פירורית זהב פירורי לחם אסם 200 גרם,קבוצת אוסם סחר שותפות מוגבלת,,אסם פירורית פירורי ל,גרמים,200.00,100 גרם,false,,6.40,0.0320,true,1,151032
7290000067599,false,מנה חמה ספגטי ברוטב בולונז אסם 65 גרם,קבוצת אוסם סחר שותפות מוגבלת,,מנה חמה ספגטי בולונז,גרמים,65.00,100 גרם,false,,5.90,0.0908,true,1,143258
7290000068138,false,אינסטנט פודינג בטעם וניל אסם 80 גרם,קבוצת אוסם סחר שותפות מוגבלת,,פודינג אינסטנט בטעם,גרמים,80.00,100 גרם,false,,5.50,0.0688,true,1,143261
7290000068190,false,אסם ג'לי תות שדה צבעים טבעיים 90 גרם,קבוצת אוסם סחר שותפות מוגבלת,,ג'לי בטעם תות פרווה,גרמים,90.00,100 גרם,false,,6.30,0.0700,true,1,143264
7290000069715,false,אוסם - חטיפי קרקר מלוח 300 גרם,קבוצת אסם סחר שות. מוגבלת,,חטיפי קרקר מלוח אסם,גרמים,300.00,100 גרם,false,,11.90,0.0397,true,1,151035
7290000070308,false,אבקת מרק עוף אמיתי בשרי אסם 400 גרם,קבוצת אוסם סחר שותפות מוגבלת,,אסם מרק עוף אמיתי 40,גרמים,400.00,100 גרם,false,,18.70,0.0467,true,1,143272
7290000070919,false,בייגלה רשתות עם מלח אסם (400 גרם),קבוצת אוסם סחר שותפות מוגבלת,,בייגלה רשתות כעכים ח,גרמים,400.00,100 גרם,false,,12.90,0.0323,true,1,155394
7290000071008,false,בייגלה שטוחים טבעות עם מלח אסם (60 גרם),קבוצת אוסם סחר שותפות מוגבלת,,בייגלה כעכים שטוחים,גרמים,60.00,100 גרם,false,,3.10,0.0517,true,1,153109
7290000072227,false,רוטב סויה בסגנון סיני אסם (290 מל),קבוצת אוסם סחר-שות.מוגבלת,,רוטב סויה בסגנון סינ,מיליליטרים,293.00,"100 מ""ל",false,,10.90,0.0372,true,1,148096
7290000072241,false,"רוטב פיצה 290 מ""ל-בקבוק",קבוצת אוסם סחר שותפות מוגבלת,,רוטב לפיצה 320 גרם,מיליליטרים,290.00,"100 מ""ל",false,,10.90,0.0376,true,1,148097
7290000072623,false,קטשופ אסם בקבוק לחיץ 750 גרם,קבוצת אוסם סחר שותפות מוגבלת,,קטשופ אסם בקבוק לחיץ,גרמים,750.00,100 גרם,false,,10.90,0.0145,true,1,143274
7290000072630,false,קטשופ אסם חריף 750 גרם-בקבוק,קבוצת אוסם סחר שותפות מוגבלת,,קטשופ חריף אסם 750 ג,גרמים,750.00,100 גרם,false,,12.90,0.0172,true,1,153639
7290000072753,false,קפה נמס מגורען טסטרס צ'ויס 200 גרם-,קבוצת אוסם סחר שותפות מוגבלת,,קפה נמס מיובש בהקפאה,גרמים,200.00,100 גרם,false,,29.90,0.1495,true,1,143275
7290000072760,false,נסקפה טייסטרס צויס 100 גר אוריגנל,קבוצת אוסם סחר שותפות מוגבלת,,קפה נמס טסטר'ס צ'ויס,גרמים,100.00,100 גרם,false,,24.90,0.2490,true,1,153632
7290000072777,false,קפה נמס מגורען נטול קפאין טסטרס צ'ויס 200 גרם,קבוצת אוסם סחר שותפות מוגבלת,,טייסטר צ'וייס נטול ק,גרמים,200.00,100 גרם,false,,38.90,0.1945,true,1,149947
7290000072968,false,דגני בוקר סיני מיניס חיטה מלאה וקינמון נסטלה 500 גרם,קבוצת אוסם סחר-שות.מוגבלת,,סיני מיניס 500 גרם,גרמים,500.00,100 גרם,false,,23.90,0.0478,true,1,143276
7290000073125,false,מנה חמה פסטה ברוטב עגבניות אסם (62 גרם),קבוצת אוסם סחר שותפות מוגבלת,,מנה חמה פסטה עם עגב.,גרמים,62.00,100 גרם,false,,5.90,0.0952,true,1,147959
7290000073415,false,אוסם - מנה חמה פסטה ברוטב פיצה 61 גרם,קבוצת אוסם סחר שותפות מוגבלת,,מנה חמה פסטה ברוטב פ,גרמים,61.00,100 גרם,false,,5.90,0.0967,true,1,143277
7290000073699,false,סלט חומוס צבר 150 גרם,קבוצת אוסם סחר שותפות מוגבלת,,סלט חומוס סלטי צבר 1,גרמים,150.00,100 גרם,false,,5.50,0.0367,true,1,151038
7290000073750,false,מנה חמה נודלס אטר+ירקות טעם עוף 70 גרם,קבוצת אוסם סחר שותפות מוגבלת,,מנה חמה נודלס אטר.+י,גרמים,70.00,100 גרם,false,,5.90,0.0843,true,1,143278
7290000073767,false,מנה חמה נודלס אטר.+ירקות טעם בקר 70 גרם,קבוצת אוסם סחר שותפות מוגבלת,,מנה חמה נודלס אטר.+י,גרמים,70.00,100 גרם,false,,5.90,0.0843,true,1,143279
7290000073774,false,מנה חמה נודלס אטר+ירקות טעם צילי 70 גרם,קבוצת אוסם סחר שותפות מוגבלת,,מנה חמה ירקות בטעם פ,גרמים,70.00,100 גרם,false,,5.90,0.0843,true,1,143280
7290000074153,false,ביסקוויט פתי בר שוקולד אסם (500 גרם),קבוצת אוסם סחר שותפות מוגבלת,,פתי בר שוקו אסם 500,גרמים,500.00,100 גרם,false,,12.90,0.0258,true,1,143281
7290000074184,false,ביסקוויט פתי בר אסם (500 גרם),קבוצת אוסם סחר שותפות מוגבלת,,פתי בר קלאסי אסם 500,גרמים,500.00,100 גרם,false,,10.90,0.0218,true,1,143282
7290000074245,false,אוסם - קרם קרקר אסם 250 גרם,קבוצת אוסם סחר שותפות מוגבלת,,אסם קרם קרקר 250 גרם,גרמים,250.00,100 גרם,false,,9.90,0.0396,true,1,143283
7290000074252,false,אסם קרקר שומשום 250 גרם,קבוצת אוסם סחר שותפות מוגבלת,,אסם קרקר שומשום 250,גרמים,250.00,100 גרם,false,,9.90,0.0396,true,1,143284
7290000074276,false,קרקר פיקנטי טבעון 250 ג' אסם,קבוצת אוסם סחר שותפות מוגבלת,,קרקר פיקנטי אסם 250,גרמים,250.00,100 גרם,false,,9.90,0.0396,true,1,151039
7290000074375,false,אוסם - קרקר זהב 150 גרם,קבוצת אוסם סחר שותפות מוגבלת,,אסם קרקר זהב 150 גרם,גרמים,150.00,100 גרם,false,,7.90,0.0527,true,1,143285
7290000074481,false,קרקר לחמית אגוזים אסם (160 גרם),קבוצת אסם סחר שות. מוגבלת,,לחמית קרקר מקמח חיטה,גרמים,160.00,100 גרם,false,,9.90,0.0619,true,1,143286
7290000074696,false,"קרם קרקר 1 ק""ג אוסם",קבוצת אוסם סחר שותפות מוגבלת,,"אסם קרם קרקר 1 ק""ג",גרמים,1000.00,100 גרם,false,,24.90,0.0249,true,1,151041
7290000075204,false,קרקר לחמית חיטה מלאה אסם (250 גרם),קבוצת אוסם סחר שותפות מוגבלת,,לחמית קרקר מקמח חיטה,גרמים,250.00,100 גרם,false,,9.50,0.0380,true,1,143288
7290000075693,false,עוגת הבית שמרים בריוש שוקולד אסם 360 גרם,קבוצת אסם סחר שות. מוגבלת,,הבית עוגת שמרים בריו,גרמים,360.00,100 גרם,false,,16.90,0.0469,true,1,151047
7290000076126,false,אוסם - בייגלה שמיניות קטנות 80 גרם,קבוצת אוסם סחר שותפות מוגבלת,,אסם בייגלה שמיניות ק,גרמים,80.00,100 גרם,false,,3.10,0.0388,true,1,153110
7290000076133,false,בייגלה שמיניות קטנות עם מלח אסם 400 גרם,קבוצת אוסם סחר שותפות מוגבלת,,בייגלה אסם שמיניה קט,גרמים,400.00,100 גרם,false,,9.90,0.0248,true,1,143289
7290000077253,false,אוסם - לחמית כפרית עם דגנים מלאים 190 גרם,קבוצת אסם סחר שות. מוגבלת,,לחמית כפרית 190 גרם,גרמים,190.00,100 גרם,false,,9.90,0.0521,true,1,143291
7290000078762,false,אוסם - חטיפי פריכונים מאורז מלא בטעם דבש 80גר,קבוצת אוסם סחר-שות.מוגבלת,,חטיפי פריכונים אורז,גרמים,80.00,100 גרם,false,,8.20,0.1025,true,1,143292
7290000079233,false,קרם קרקר דיאטטי דל נתרן 250 גרם,קבוצת אוסם סחר שותפות מוגבלת,,אסם קרם קרקר דל נתרן,גרמים,250.00,100 גרם,false,,10.90,0.0436,true,1,143293
7290000080765,false,פת קלויה טוסטעים עם שומשום אסם (100 גרם),קבוצת אוסם סחר שותפות מוגבלת,,אסם טוסטעים עם שומשו,גרמים,100.00,100 גרם,false,,10.90,0.1090,true,1,151050
7290000081663,false,"בייגלה טבעות שומשום אסם 300 גרם בד""ץ",קבוצת אוסם סחר שותפות מוגבלת,,אסם בייגלה טבעות שומ,גרמים,300.00,100 גרם,false,,9.90,0.0330,true,1,149326
7290000085180,false,גטניו פתי בר וניל 470 גרם,"אחים גטניו בע""מ",,גטניו פתי בר 470 גרם,גרמים,470.00,100 גרם,false,,10.90,0.0232,true,1,150724
7290000090016,false,בננה,5 יחידות,,בננה,קילוגרמים,1.00,"ק""ג",true,,8.70,8.7000,true,1,158301
7290000090023,false,עגבניה,5 יחידות,,עגבניה,קילוגרמים,1.00,"ק""ג",true,,7.70,7.7000,true,1,158302
7290000090030,false,מלפפון ירוק,6 יחידות,,מלפפון ירוק,קילוגרמים,1.00,"ק""ג",true,,7.70,7.7000,true,1,158303
7290000090047,false,לימון,,,לימון,קילוגרמים,1.00,"ק""ג",true,,7.70,7.7000,true,1,158304
7290000090054,false,ממרח חמאה דנית,,,אבוקדו,קילוגרמים,1.00,"ק""ג",true,,10.70,10.7000,true,1,158305
7290000090078,false,תפוח עץ ירוק סמיט,4 יחידות,,תפוח עץ ירוק סמיט,קילוגרמים,1.00,"ק""ג",true,,10.90,10.9000,true,1,158306
7290000090085,false,תפוח עץ אדום חרמון,4 יחידות,,תפוח עץ אדום חרמון,קילוגרמים,1.00,"ק""ג",true,,9.90,9.9000,true,1,158307
7290000090108,false,פלפל אדום,5 יחידות,,פלפל אדום,קילוגרמים,1.00,"ק""ג",true,,10.70,10.7000,true,1,158308
7290000090115,false,קלמנטינה,,,קלמנטינה,קילוגרמים,1.00,"ק""ג",true,,6.90,6.9000,true,1,158309
7290000090122,false,אפרסמון,,,אפרסמון,קילוגרמים,1.00,"ק""ג",true,,12.90,12.9000,true,1,162882
7290000090139,false,תפוזים,3 יחידות,,תפוזים,קילוגרמים,1.00,"ק""ג",true,,5.90,5.9000,true,1,158310
7290000090146,false,תפוח פינק ליידי,,,תפוח פינק ליידי,קילוגרמים,1.00,"ק""ג",true,,17.90,17.9000,true,1,158311
7290000090153,false,בצל יבש לבן,4 יחידות,,בצל יבש לבן,קילוגרמים,1.00,"ק""ג",true,,4.70,4.7000,true,1,158312
7290000090160,false,בטטה,,,בטטה,קילוגרמים,1.00,"ק""ג",true,,7.70,7.7000,true,1,158313
7290000090177,false,אגס ירוק,5 יחידות,,אגס ירוק,קילוגרמים,1.00,"ק""ג",true,,12.90,12.9000,true,1,158314
7290000090184,false,תפוח עץ מוזהב,4 יחידות,,תפוח עץ מוזהב,קילוגרמים,1.00,"ק""ג",true,,9.90,9.9000,true,1,158315
7290000090191,false,פלפל צהוב,5 יחידות,,פלפל צהוב,קילוגרמים,1.00,"ק""ג",true,,10.70,10.7000,true,1,158316
7290000090214,false,בצל אדום,4 יחידות,,בצל אדום,קילוגרמים,1.00,"ק""ג",true,,6.70,6.7000,true,1,158318
7290000090221,false,רימון,,,רימון,קילוגרמים,1.00,"ק""ג",true,,8.70,8.7000,true,1,158319
7290000090238,false,אננס,,,אננס,Unknown,1.00,יחידה,false,,29.90,29.9000,true,1,158320
7290000090245,false,חציל,3 יחידות,,חציל,קילוגרמים,1.00,"ק""ג",true,,7.90,7.9000,true,1,158321
7290000090252,false,כרוב לבן שלם,1 יחידה,,כרוב לבן שלם,קילוגרמים,1.00,"ק""ג",true,,5.70,5.7000,true,1,158322
7290000090269,false,אשכולית אדומה,,,אשכולית אדומה,קילוגרמים,1.00,"ק""ג",true,,6.70,6.7000,true,1,158323
7290000090276,false,קיווי,,,קיווי,קילוגרמים,1.00,"ק""ג",true,,12.90,12.9000,true,1,158324
7290000090290,false,מלון,,,מלון,קילוגרמים,1.00,"ק""ג",true,,6.90,6.9000,true,1,158325
7290000090306,false,פומלה,,,פומלה,קילוגרמים,1.00,"ק""ג",true,,8.90,8.9000,true,1,158326
7290000090313,false,פלפל ירוק,5 יחידות,,פלפל ירוק,קילוגרמים,1.00,"ק""ג",true,,9.70,9.7000,true,1,158327
7290000090337,false,כרוב אדום שלם,,,כרוב אדום שלם,קילוגרמים,1.00,"ק""ג",true,,5.70,5.7000,true,1,158329
7290000090344,false,קולורבי,,,קולורבי,קילוגרמים,1.00,"ק""ג",true,,8.90,8.9000,true,1,158330
7290000090368,false,דלורית,,,דלורית,קילוגרמים,1.00,"ק""ג",true,,6.90,6.9000,true,1,158332
7290000090399,false,פומלית,,,פומלית,קילוגרמים,1.00,"ק""ג",true,,6.70,6.7000,true,1,158334
7290000090405,false,שומר,,,שומר,קילוגרמים,1.00,"ק""ג",true,,8.90,8.9000,true,1,158335
7290000090467,false,קישוא,5 יחידות,,קישוא,קילוגרמים,1.00,"ק""ג",true,,8.90,8.9000,true,1,158339
7290000090511,false,"תפו""א לבן תפזורת",3 יחידות,,"תפו""א לבן תפזורת",קילוגרמים,1.00,"ק""ג",true,,4.90,4.9000,true,1,158340
7290000090528,false,"תפו""א אדום תפזורת",3 יחידות,,"תפו""א אדום תפזורת",קילוגרמים,1.00,"ק""ג",true,,5.90,5.9000,true,1,158341
7290000090542,false,פלפל חריף,,,פלפל חריף,קילוגרמים,1.00,"ק""ג",true,,10.90,10.9000,true,1,158343
7290000090566,false,סלק אדום תפזורת,5 יחידות,,סלק אדום תפזורת,קילוגרמים,1.00,"ק""ג",true,,4.90,4.9000,true,1,158344
7290000090597,false,בוטן קאטאצ'נג במשקל,,,חסה ערבית יחידה,פריט,1.00,"ק""ג",false,,4.90,4.9000,true,1,158347
7290000090610,false,גזר ארוז,,,גזר ארוז,קילוגרמים,1.00,"ק""ג",true,,4.90,4.9000,true,1,158348
7290000090634,false,כרובית,,,כרובית,יח',1.00,יח',false,,9.90,9.9000,true,1,158349
7290000090689,false,שום בתפזורת,,,שום בתפזורת,קילוגרמים,1.00,"ק""ג",true,,22.90,22.9000,true,1,158353
7290000090740,false,ענב אדום,,,ענב אדום,קילוגרמים,1.00,"ק""ג",true,,24.90,24.9000,true,1,158359
7290000090757,false,תירס מתוק,,,תירס מתוק,קילוגרמים,1.00,"ק""ג",true,,8.70,8.7000,true,1,158360
7290000090764,false,שום לח,,,שום לח,קילוגרמים,1.00,"ק""ג",true,,19.90,19.9000,true,1,158361
7290000090962,false,לימון פרסי טחון במשק,,,ענבים שחורים,קילוגרמים,1.00,"ק""ג",true,,19.90,19.9000,true,1,162007
7290000090979,false,אגס נאשי,,,אגס נאשי,קילוגרמים,1.00,"ק""ג",true,,14.90,14.9000,true,1,158371
7290000091013,false,חבוש,,,חבוש,קילוגרמים,1.00,"ק""ג",true,,12.90,12.9000,true,1,158373
7290000091044,false,תפוח עץ גלה,4 יחידות,,תפוח עץ גלה,קילוגרמים,1.00,"ק""ג",true,,9.90,9.9000,true,1,158374
7290000091105,false,אנונה,,,אנונה,קילוגרמים,1.00,"ק""ג",true,,19.90,19.9000,true,1,158378
7290000091129,false,תפוז ברשת,,,תפוז ברשת,קילוגרמים,1.00,"ק""ג",true,,4.90,4.9000,true,1,158379
7290000091167,false,פלפל כתום,5 יחידות,,פלפל כתום,קילוגרמים,1.00,"ק""ג",true,,10.70,10.7000,true,1,158382
7290000091242,false,שום ארוז יבוא,,,שום ארוז יבוא,מארז,1.00,מארז,false,,7.90,7.9000,true,1,158384
7290000101927,false,אוכמניות כחולות מוקפאות סנפרוסט 300 גרם,תנובה ענף ב.ע.ד,,אוכמניות כחולות מוקפ,גרמים,300.00,100 גרם,false,,17.90,0.0597,true,1,159243
7290000103839,false,מרק כתום עשיר בירקות סנפרוסט (572 גרם),תנובה מרכז שיתופי לשיווק תוצרת,,מרק כתום סנפרוסט 572,גרמים,572.00,100 גרם,false,,17.90,0.0313,true,1,157767
7290000103860,false,מרק עדשים עשיר בירקות סנפרוסט (572 גרם),תנובה מרכז שיתופי לשיווק תוצרת,,מרק עדשים סנפרוסט 57,גרמים,572.00,100 גרם,false,,17.90,0.0313,true,1,157772
7290000104201,false,אפונה עדינה מוקפאת סנפרוסט (600 גרם),"איי, בי, אינבוו",,אפונה עדינה סנפרוסט,גרמים,600.00,100 גרם,false,,17.90,0.0298,true,1,147882
7290000104676,false,אפונה קפואה סנפרוסט 800 גרם,תנובה מרכז שיתופי לשיווק תוצרת,,אפונת גינה סנפרוסט 8,גרמים,800.00,100 גרם,false,,17.90,0.0224,true,1,147883
7290000104683,false,שעועית ירוקה שלמה סנפרוסט (800 גרם),תנובה מרכז שיתופי לשיווק תוצרת,,שעועית ירוקה שלמה סנ,גרמים,800.00,100 גרם,false,,19.90,0.0249,true,1,147890
7290000104690,false,גרעיני תירס מוקפאים סנפרוסט (800 גרם),תנובה מרכז שיתופי לשיווק תוצרת,,גרעיני תירס 800 גרם,גרמים,800.00,100 גרם,false,,17.70,0.0221,true,1,147894
7290000104706,false,גזר גמדי מוקפא סנפרוסט (800 גרם),תנובה מרכז שיתופי לשיווק תוצרת,,גזר גמדי סנפרוסט 800,גרמים,800.00,100 גרם,false,,18.90,0.0236,true,1,159256
7290000104744,false,כרובית מוקפאת סנפרוסט (800 גרם),תנובה מרכז שיתופי לשיווק תוצרת,,כרובית 800 גרם סנפרו,גרמים,800.00,100 גרם,false,,24.90,0.0311,true,1,147895
7290000104775,false,מדליוני תרד סנפרוסט (800 גרם),תנובה מרכז שיתופי לשיווק תוצרת,,תרד מדליונים סנפרוסט,גרמים,800.00,100 גרם,false,,25.90,0.0324,true,1,159261
7290000107295,false,תפרחות ברוקולי סנפרוסט 800 גרם,תנובה מרכז שיתופי לשיווק תוצרת,,תפרחות ברוקולי סנפרו,גרמים,800.00,100 גרם,false,,24.90,0.0311,true,1,145071
7290000111117,false,מרכך כביסה לבן בדין (4 ליטר),"יוניליוור ישראל שיווק בע""מ",,בדין מרכך כביסה לבן,קילוגרמים,4.00,ליטר,false,,19.90,4.9750,true,1,152656
7290000112220,false,טחינה גולמית שומשום טהור בארכה 500 גרם,קבוצת אוסם סחר שותפות מוגבלת,,טחינה גולמית 100% בא,גרמים,500.00,100 גרם,false,,13.90,0.0278,true,1,148098
7290000112497,false,מרק עשיר עוף אטריות קנור 75 גרם - שקיות,יוניליוור ישראל שיווק בע`מ,,מרק עשיר עוף עם איטר,גרמים,68.00,100 גרם,false,,11.90,0.1750,true,1,147212
7290000116884,false,"קנור רוטב ברביקיו 300 מ""ל כשלפ",יוניליוור ישראל שיווק בע`מ,,רוטב ברביקיו פרווה ק,גרמים,350.00,100 גרם,false,,10.90,0.0311,true,1,147214
7290000117720,false,נמס בכוס פטריות קנור 21.5 גרם מארז זוגי,"יוניליוור ישראל שיווק בע""מ",,נמס בכוס מרק פטריות,גרמים,41.00,100 גרם,false,,6.90,0.1683,true,1,144212
7290000120393,false,סיף ג'ל אקונומ.לימון750מ,יונילוור - תורכיה,,CIF ג'ל אקונומיקה מר,גרמים,750.00,100 גרם,false,,10.90,0.0145,true,1,147215
7290000120836,false,מיונז אמיתי הלמנס (394 גרם),"יוניליוור ישראל שיווק בע""מ",,מיונז הלמנס אמיתי צנ,גרמים,394.00,100 גרם,false,,10.90,0.0277,true,1,147218
7290000120874,false,מיונז הלמנס לייט מופחת קלוריות 424ג,יוניליוור ישראל שיווק בעמ,,מיונז הלמנס מופחת קל,גרמים,424.00,100 גרם,false,,10.90,0.0257,true,1,147219
7290000121109,false,גבינה מותכת לייט עם זיתים 7% מון בלאן 120 גרם,נטו מילנדה סחר בעמ*,,מון בלאן זיתים 120 ג,גרמים,120.00,100 גרם,false,,11.40,0.0950,true,1,148315
7290000121154,false,גבינה מותכת לייט עם סלמון 7% מון בלאן 120 גרם,נטו מלינדה סחר בע`מ,,מון בלאן סלמון 120 ג,גרמים,120.00,100 גרם,false,,11.40,0.0950,true,1,148317
7290000135045,false,"XL TEN משקה אנרגיה פתוח ללא סוכר 250 מ""ל","טמפו משקאות בע""\מ",,פחית XL TEN תפוח 250,מיליליטרים,250.00,"100 מ""ל",false,,4.80,0.0192,true,1,150708
7290000135052,false,"XL TEN משקה אנרגיה מנגו ללא סוכר 250 מ""ל","טמפו משקאות בע""\מ",,משקה אנרגיה מוגז בטע,מיליליטרים,250.00,"100 מ""ל",false,,4.80,0.0192,true,1,150709
7290000135113,false,"משקה אנרגיה XL פחית ten נענע ליים 250 מ""ל","טמפו משקאות בע""\מ",,פחית XL TEN נענע-ליי,מיליליטרים,250.00,"100 מ""ל",false,,4.80,0.0192,true,1,152447
7290000135342,false,"מי סודה טמפו בקבוק 500 מ""ל","טמפו משקאות בע""\מ",,סודה 500,מיליליטרים,500.00,"100 מ""ל",false,,3.20,0.0064,true,1,164878
7290000136141,false,פפסי קולה 1.5 ליטר פיקדון,"טמפו משקאות בע""\מ",,פפסי משקה קולה מוגז,מיליליטרים,1500.00,"100 מ""ל",false,,7.80,0.0052,true,1,163572
7290000136158,false,פפסי מקס משקה מוגז דל קלוריות בטעם קולה,"טמפו משקאות בע""\מ",,פפסי מקס 1.5 ליטר,מיליליטרים,1500.00,"100 מ""ל",false,,7.80,0.0052,true,1,163573
7290000136165,false,מירינדה אורנג` 1.5 ליטר פיקדון,"טמפו משקאות בע""\מ",,מירנדה 1.5 ליטר,מיליליטרים,1500.00,"100 מ""ל",false,,7.80,0.0052,true,1,163574
7290000136172,false,משקה 7UP בקבוק 1.5 ליטר פיקדון,"טמפו משקאות בע""\מ",,סבן אפ 1.5 ליטר,מיליליטרים,1500.00,"100 מ""ל",false,,7.80,0.0052,true,1,163575
7290000136189,false,משקה דיאט 7UP בקבוק 1.5 ליטר פיקדון,"טמפו משקאות בע""\ם.",,דיאט סבן אפ 1.5 ליטר,מיליליטרים,1500.00,"100 מ""ל",false,,7.20,0.0048,true,1,163576
7290000136240,false,סודה 1.5 ליטר שישייה בודד,"טמפו משקאות בע""\מ",,מי סודה טמפו 1.5 ליט,מיליליטרים,1500.00,"100 מ""ל",false,,3.80,0.0025,true,1,163577
7290000136301,false,"סירופ בטעם ענבים ג'ויסר סיידר הגליל 330 מ""ל","טמפו משקאות בע""\מ",,סירופ בטעם ענבים סיי,מיליליטרים,330.00,"100 מ""ל",false,,16.90,0.0512,true,1,166007
7290000136516,false,משקה בטעם מנגו פסיפלורה תריסר 1.5 ל' ג'אמפ,טמפו משקאות בע`מ,,ג'אמפ מנגו פסיפלורה,מיליליטרים,1500.00,"100 מ""ל",false,,7.50,0.0050,true,1,163582
7290000136523,false,ג`אמפ משקה קל ענבים 1.5 ליטר פיקדון,"טמפו משקאות בע""\ם.",,ג'אמפ ענבים 1.5 ליטר,מיליליטרים,1500.00,"100 מ""ל",false,,7.50,0.0050,true,1,163583
7290000136561,false,משקה בטעם תות בננה תריסר 1.5 ל' ג'אמפ,"טמפו משקאות בע""\מ",,ג'אמפ תות בננה 1.5 ל,מיליליטרים,1500.00,"100 מ""ל",false,,7.50,0.0050,true,1,163584
7290000136585,false,משקה בטעם תפוזים תריסר 1.5 ל' ג'אמפ,"טמפו משקאות בע""\ם.",,ג'אמפ תפוזים 1.5 ליט,מיליליטרים,1500.00,"100 מ""ל",false,,7.50,0.0050,true,1,163585
7290000136608,false,משקה בטעם תפוח צלול תריסר 1.5 ל' ג'אמפ,"טמפו משקאות בע""\ם.",,ג'אמפ תפוחים 1.5 ליט,מיליליטרים,1500.00,"100 מ""ל",false,,7.50,0.0050,true,1,163586
7290000136646,false,בירה נשר מאלט ללא אלכוהול 1.5 ליטר,"טמפו משקאות בע""\מ",,בירה שחורה נשר מאלט,מיליליטרים,1500.00,"100 מ""ל",false,,9.20,0.0061,true,1,163850
7290000136653,false,בירה שחורה נשר מאלט דיאט בקבוק 1.5ל`,"טמפו משקאות בע""\מ",,בירה נשר מאלט דיאט 1,מיליליטרים,1500.00,"100 מ""ל",false,,9.20,0.0061,true,1,163587
7290000136660,false,סודה טמפו ליטר וחצי,טמפו,,מי סודה טמפו 1.5 ליט,מיליליטרים,1500.00,"100 מ""ל",false,,3.80,0.0025,true,1,164322
7290000136677,false,פפסי קולה פיקדון 1.5 ליטר,טמפו,,פפסי משקה קולה מוגז,מיליליטרים,1500.00,"100 מ""ל",false,,7.80,0.0052,true,1,164323
7290000136684,false,פפסי מקס משקה מוגז דל קלוריות בטעם קולה,טמפו משקאות בע`מ,,פפסי מקס 1.5 ליטר,מיליליטרים,1500.00,"100 מ""ל",false,,7.80,0.0052,true,1,164324
7290000136707,false,טמפו מירינדה 1.5 ליטר,טמפו,,מירנדה 1.5 ליטר,מיליליטרים,1500.00,"100 מ""ל",false,,7.80,0.0052,true,1,164325
7290000136714,false,גאמפ תפוזים דיאט 1.5,,,ג'אמפ 1.5 דיאט תפוזי,מיליליטרים,1500.00,"100 מ""ל",false,,5.70,0.0038,true,1,144586
7290000136790,false,טמפו מי סודה 6*1.5 ליטר פיקדון,"טמפו משקאות בע""\מ",,מי סודה במארז טמפו 6,מיליליטרים,9000.00,"100 מ""ל",false,,17.70,0.0020,true,1,163593
7290000136844,false,מארז מים מזוככים אקווה נובה שישיית 2 ליטר,"טמפו משקאות בע""\מ",,שישיית אקווה נובה 2,מיליליטרים,1200.00,"100 מ""ל",false,,13.70,0.0114,true,1,163594
7290000136851,false,סבן אפ פיקדון 1.5 ליטר,טמפו משקאות בע`מ,,סבן אפ 1.5 ליטר,מיליליטרים,1500.00,"100 מ""ל",false,,7.80,0.0052,true,1,164326
7290000136868,false,סאן בנדטו - מים מינרלים - מארז שישיית 1.5 ליטר,אקווה מינרלה סאן בנדטו ב,,מים מינרלים סאן בנדט,קילוגרמים,9.00,ליטר,false,,20.40,2.2667,true,1,164151
7290000136936,false,דיאט סבן אפ 1.5 ליטר-,טמפו,,דיאט סבן אפ 1.5 ליטר,מיליליטרים,1500.00,"100 מ""ל",false,,7.20,0.0048,true,1,164327
7290000137643,false,שלגוני טעמקור בטעם שוקו וניל שטראוס 8*50 גרם,"גלידת שטראוס בע""\מ, רחוב",,מאגדת טעמקור שוקו ונ,Unknown,8.00,יחידה,false,,33.90,4.2375,true,1,152548
7290000139227,false,דגן לבן משפחתי 150 גר' אשבול,מ.ד אטיאס סוכנויות מזון בע`מ,,דגן תירס תפוח מתוק 1,גרמים,150.00,100 גרם,false,,8.90,0.0593,true,1,163759
7290000139258,false,שלווה דבש וסוכר חום אשבול 200 גרם,אשבל מזון פונקציונלי,,שלווה טבעי חיטה תפוח,גרמים,200.00,100 גרם,false,,8.90,0.0445,true,1,163760
7290000144474,false,שמן עץ הזית קנולה 1 ליטר בריאות מהטבע,סוגת תעשיות בעמ,,שמן קנולה בריאות עץ,מיליליטרים,1000.00,"100 מ""ל",false,,15.90,0.0159,true,1,152272
7290000158105,false,שניצל עוף מיני דינוזאור ללא אנטיביוטיקה מ100% ר.טבעי,קבוצת אסם סחר שות. מוגבלת,,שניצל עוף מיני דינוז,גרמים,700.00,100 גרם,false,,34.90,0.0499,true,1,151052
7290000168173,false,"ברנפלקס קרנצ'ים תלמה בד""ץ 375 גרם",יוניליוור ישראל שיווק בעמ,,ברנפלקס קרנצ'ים תלמה,גרמים,375.00,100 גרם,false,,20.80,0.0555,true,1,147230
7290000169538,false,"נמס בכוס עגבניות וקרוטונים מרק כשרות בד""ץ 62 ג' קנור",יוניליוור ישראל שיווק בע`מ,,נמס בכוס מרק עגבניות,גרמים,62.00,100 גרם,false,,6.90,0.1113,true,1,144223
7290000169798,false,"עוגי מופחת סוכר 20% פצפוצי שוקו' 500ג' בד""צ",יוניליוור ישראל שיווק בע`מ,,עוגי תלמה 500 גרם,גרמים,500.00,100 גרם,false,,19.90,0.0398,true,1,144224
7290000174723,false,שוקולית אבקה להכנת משקה שוקו 500 גרם,הנסיך- מפעל לייצור ט,,שוקולית קופסא עלית 5,גרמים,500.00,100 גרם,false,,11.90,0.0238,true,1,142827
7290000176079,false,קפה טורקי עם הל עלית (100 גרם),הנסיך- מפעל לייצור ט,,קפה טורקי עם הל 100,גרמים,100.00,100 גרם,false,,8.90,0.0890,true,1,142828
7290000176420,false,קפה נמס פחית עלית 200 גרם,פיקסל אם.גי.אם בעמ,,קפה נמס עלית 200 גרם,גרמים,200.00,100 גרם,false,,19.90,0.0995,true,1,142829
7290000176468,false,קפה נמס נטול קפאין 50 ג' קפה האג,"שטראוס גרופ בע""מ",,קפה נמס נטול האג עלי,גרמים,50.00,100 גרם,false,,10.90,0.2180,true,1,148791
7290000178707,false,חטיף צ`יפס בטעם טבעי תפוצ`יפס (50 גרם),"שטראוס פריטו ליי בע""\מ )",,תפוציפס טבעי 50 גרם,גרמים,50.00,100 גרם,false,,4.00,0.0800,true,1,143028
7290000178721,false,חטיף צ`יפס בטעם טבעי תפוצ`יפס (200 גרם),"שטראוס פריטו ליי בע""\מ )",,תפוציפס 200 גרם,גרמים,200.00,100 גרם,false,,10.90,0.0545,true,1,147448
7290000189215,false,מטלית הקסם לרצפה ניקול,חוגלה קימברלי,,ניקול מטלית מיקרופיי,Unknown,1.00,יחידה,false,,10.90,10.9000,true,1,162459
7290000190150,false,מפיות מודפסות תלת שכבתיות ניקול 20 יחידות,קימברלי קלארק ישראל שיווק בעמ,,מפיות ניקול מודפסות,Unknown,20.00,יחידה,false,,7.90,0.3950,true,1,143934
7290000191171,false,קלינקס קולקשן ניילון אריזת זוג,קימברלי קלארק ישראל שיווק בעמ,,קלינקס קולקשן זוג ני,Unknown,2.00,יחידה,false,,10.90,5.4500,true,1,143936
7290000199573,false,שקיות אשפה ניקול 17,,,שקיות אשפה ניקול 17,Unknown,17.00,יחידה,false,,5.00,0.2941,true,1,143943
7290000203782,false,ממחטות לילי צבעוני ז,,,ממחטות לילי צבעוני ז,Unknown,200.00,יחידה,false,,5.00,0.0250,true,1,143949
7290000204086,false,ניקול כרית קרצוף מארז שלישייה,קימברלי קלארק ישראל שיווק בעמ,,שקוטש קרצוף ניקול 3,Unknown,3.00,יחידה,false,,9.90,3.3000,true,1,148712
7290000204086,false,ניקול כרית קרצוף מארז שלישייה,קימברלי קלארק ישראל שיווק בעמ,,סקוטש ניקול,Unknown,3.00,יחידה,false,,10.90,3.6333,true,1,158841
7290000207162,false,רוטב עגבניות מרכיב טבעי 100 ג' יכין,זנלכול יכין,,רוטב עגבניות יכין 22,גרמים,100.00,100 גרם,false,,2.50,0.0250,true,1,153304
7290000208213,false,שעועית לבנה אפויה A2 ברוטב עגבניות יכין 560ג',היינץ צפון אמריקה מק,,שעועית לבנה רוטב עגב,גרמים,355.00,100 גרם,false,,8.90,0.0251,true,1,153307
7290000208336,false,רסק יכין 240גר 22% יכין בית יוסף,"זנלכל בע""\מ",,יכין רוטב עגבניות 26,גרמים,260.00,100 גרם,false,,4.50,0.0173,true,1,153310
7290000208428,false,גרגרי חומוס שלם 550 גרם יכין,היינץ צפון אמריקה מק,,חומוס שלם יכין 550 ג,גרמים,550.00,100 גרם,false,,8.90,0.0162,true,1,153311
7290000208893,false,גרעיני תירס מתוק לייט 400 גרם יכין,היינץ צפון אמריקה מק,,גרעיני תירס לייט יכי,גרמים,246.00,100 גרם,false,,6.90,0.0280,true,1,153312
7290000208947,false,עגבניות מרוסקות יכין (240 גרם),היינץ צפון אמריקה מק,,עגבניות מרוסקות יכין,גרמים,260.00,100 גרם,false,,6.50,0.0250,true,1,153580
7290000209371,false,מארז גרעיני תירס מתוק יכין (200x3 גרם),היינץ צפון אמריקה מק,,גרעיני תירס מתוק יכי,גרמים,420.00,100 גרם,false,,14.90,0.0355,true,1,153316
7290000209388,false,תירס מתוק לייט יכין 200 גרם מארז 3 יח',זנלכול יכין,,תירס לייט יכין 3 * 1,גרמים,369.00,100 גרם,false,,14.90,0.0404,true,1,153317
7290000209722,false,רוטב עגבניות 28% יכין (580 גרם)פריכוז,"זנלכל בע""\מ",,רוטב עגבניות פריכוז,גרמים,580.00,100 גרם,false,,10.90,0.0188,true,1,153319
7290000209951,false,רוטב עגבניות לפיצה 260 גרם יכין,"זנלכל בע""\מ",,רוטב עגבניות לפיצה י,גרמים,260.00,100 גרם,false,,6.50,0.0250,true,1,153321
7290000211169,false,"אורז תאילנדי אחד אחד סוגת 1 ק""ג",האי נאם סי או אל.טי.,,אורז תאילנדי סוגת 1,גרמים,1000.00,100 גרם,false,,6.90,0.0069,true,1,143137
7290000211312,false,סוגת אורז מלא פרסי אחד אחד 1 קג,האי נאם סי או אל.טי.,,אורז מלא ארוך סוגת 1,גרמים,1000.00,100 גרם,false,,8.90,0.0089,true,1,143138
7290000211442,false,אורז בסגנון פרסי קלאסי סוגת (1 קג),האי נאם סי או אל.טי.,,אורז פרסי קלאסי סוגת,גרמים,1000.00,100 גרם,false,,10.90,0.0109,true,1,147391
7290000211503,false,סוכר לבן ארוז בשקית,"סוגת תעשיות בע""\מ",,"סוכר לבן נייר 1 ק""ג",גרמים,1000.00,100 גרם,false,,4.50,0.0045,true,1,148013
7290000211985,false,אורז עגול ריזוטו אחד אחד 1 קג,"סוגת תעשיות בע""\מ",,אורז לבן עגול סוגת 1,גרמים,1000.00,100 גרם,false,,9.90,0.0099,true,1,151630
7290000229123,false,פסטרמה הודו על גחלים,,,פסטרמה הודו על גחלים,גרמים,400.00,100 גרם,false,,28.90,0.0722,true,1,148557
7290000238029,false,"בצק עלים צרפתי מרודד מעדנות 1 ק""ג",תנובה מרכז שיתופי לשיווק תוצרת,,בצק עלים צרפתי מרודד,גרמים,1000.00,100 גרם,false,,21.90,0.0219,true,1,147885
7290000238036,false,מלאווח מעדנות 6 יח`700 גרם קפוא,תנובה מרכז שיתופי לשיווק תוצרת,,מלאווח מעדנות 700 גר,גרמים,700.00,100 גרם,false,,16.90,0.0241,true,1,145072
7290000238173,false,.בורקס במילוי גבינה 800 גרם מעדנות,מיוצר עי קונדיטוריית,,בורקס גבינה מעדנות 8,גרמים,800.00,100 גרם,false,,19.90,0.0249,true,1,145073
7290000238180,false,בורקס במילוי תפוא 800 גרם מעדנות,מיוצר עי קונדיטוריית,,בורקס תפוחי אדמה מעד,גרמים,800.00,100 גרם,false,,18.90,0.0236,true,1,145074
7290000245539,false,"קומפקט סוד 1.250 ק""ג קולור לכביסה צבעונית",גורי שיווק בעמ,,סוד אבקת כביסה קולור,גרמים,1250.00,100 גרם,false,,12.90,0.0103,true,1,147384
7290000253251,false,נטיפי שוקולד צ`יפס לבן לאפיה 250 גרם,תה ויסוצקי (ישראל) בעמ,,שוקולד צ'יפס לבן 250,גרמים,250.00,100 גרם,false,,11.90,0.0476,true,1,150213
7290000256085,false,רולעדין גלילי ופל 100 גר,מאפים 4 ב10,,וופל גלילית רולעדין,גרמים,100.00,100 גרם,false,,5.00,0.0500,true,1,152913
7290000272696,false,מיץ לימון טבעי משומר 1 ליטר עסיס כלפ,קבוצת אוסם סחר שותפות מוגבלת,,מיץ לימון משומר מרכז,מיליליטרים,1000.00,"100 מ""ל",false,,9.90,0.0099,true,1,143299
7290000272726,false,חומץ רכיבים רכיבים טבעיים 5% עסיס 1 ליטר,קבוצת אוסם סחר שותפות מוגבלת,,חומץ טבעי 5% עסיס 1,מיליליטרים,1000.00,"100 מ""ל",false,,6.90,0.0069,true,1,143300
7290000284316,false,קוקה -קולה בקבוק 1.5 ליטר,החברה המרכזית לייצור משקאות,,קוקה קולה 1.5 ליטר,מיליליטרים,1500.00,"100 מ""ל",false,,9.10,0.0061,true,1,145992
7290000284347,false,סודה קינלי (1.5 ליטר),החברה המרכזית להפצת משקאות בעמ,,קינלי סודה 1.5 ליטר,מיליליטרים,1500.00,"100 מ""ל",false,,4.00,0.0027,true,1,145993
7290000284361,false,קולה דיאט בקבוק 1.5 ל',החברה המרכזית לייצור משקאות,,דיאט קוקה קולה 1.5 ל,מיליליטרים,1500.00,"100 מ""ל",false,,8.80,0.0059,true,1,154480
7290000287621,false,"אנטי קאלק נוזל לניקוי אסלות סנו 750 מ""ל",החברה הדרומית לשיווק בעמ,,מנקה אסלות wc אנטי ק,מיליליטרים,700.00,"100 מ""ל",false,,11.90,0.0170,true,1,149611
7290000288017,false,אקונומיקה בריח לימון סנו ז'אוול 1 ליטר,החברה הדרומית לשיווק בעמ,,סנו זאוול אוקונומיקה,מיליליטרים,1000.00,"100 מ""ל",false,,8.90,0.0089,true,1,149612
7290000288017,false,אקונומיקה בריח לימון סנו ז'אוול 1 ליטר,החברה הדרומית לשיווק בעמ,,סנו זאוול אוקונומיקה,מיליליטרים,1000.00,"100 מ""ל",false,,8.90,0.0089,true,1,151584
7290000288024,false,סנו - ז'אוול אקונומיקה בריח לימון 4 ליטר,החברה הדרומית לשיווק בעמ,,אקונומיקה בריח לימון,מיליליטרים,4000.00,"100 מ""ל",false,,17.90,0.0045,true,1,147555
7290000288048,false,ז`אוול מרסס לניקוי כללי לבנדר סנו (1 ליט,החברה הדרומית לשיווק בעמ,,מרסס לבנדר JAVEL 1 ל,מיליליטרים,750.00,"100 מ""ל",false,,18.90,0.0252,true,1,147545
7290000288109,false,"אבקת כביסה מקסימה אפקט ג''אוול 1.25 ק""ג סנו",החברה הדרומית לשיווק בעמ,,אבקת כביסה סנו מקסימ,גרמים,1250.00,100 גרם,false,,14.90,0.0119,true,1,147548
7290000288352,false,"קוטל חרקים וזוחלים K-300 סנו 630 מ""ל",החברה הדרומית לשיווק בעמ,,קוטל חרקים קיי - 300,מיליליטרים,630.00,"100 מ""ל",false,,21.90,0.0348,true,1,144369
7290000288352,false,"קוטל חרקים וזוחלים K-300 סנו 630 מ""ל",החברה הדרומית לשיווק בעמ,,קוטל חרקים קיי - 300,מיליליטרים,630.00,"100 מ""ל",false,,21.90,0.0348,true,1,148789
7290000292687,false,סנובון מוצק לניקוי אסלה קלאסיק כחול סנו 3 יחידות,החברה הדרומית לשיווק בעמ,,סנובון כחול לניקוי ה,גרמים,165.00,100 גרם,false,,16.90,0.1024,true,1,144373
7290000293073,false,מקסימה מרכך כביסה ביו לבן סנו 4 ליטר,החברה הדרומית לשיווק בעמ,,מרכך כביסה ביו לבן ס,מיליליטרים,4000.00,"100 מ""ל",false,,21.90,0.0055,true,1,147965
7290000293820,false,"קרמה מן שמפו וג'ל גל רחצה אקטיב בלוק 700מ""ל",החברה הדרומית לשיווק בעמ,,קרמה מן קרבון ג'ל רח,מיליליטרים,700.00,"100 מ""ל",false,,15.90,0.0227,true,1,147549
7290000293837,false,"קרמה מן דאודורנט ג'ל אנטיפרספירנט 70 מ""ל",קוסמופארם בעמ,,דאו קרמה מן ג'ל קרבו,מיליליטרים,70.00,"100 מ""ל",false,,15.90,0.2271,true,1,147550
7290000294780,false,אקונומיקה סמיכה בריח לימון סנו ז'אוול 4 ליטר,החברה הדרומית לשיווק בעמ,,אקונומיקה סמיכה מבוש,מיליליטרים,4000.00,"100 מ""ל",false,,16.90,0.0042,true,1,149618
7290000295558,false,"רדיד אלומיניום רוחב 30 ס""מ סנו סושי 2 יח' 7.5 מטר",החברה הדרומית לשיווק בעמ,,צמד רדיד אלומיניום,Unknown,2.00,יחידה,false,,10.90,5.4500,true,1,149623
7290000300900,false,שניצל תירס מרכיבים טבעיים טבעול 750 גרם,קבוצת אוסם סחר שותפות מוגבלת,,שניצל תירס הסדרה הקל,גרמים,750.00,100 גרם,false,,27.90,0.0372,true,1,143301
7290000305462,false,יונה – נתחי טונה בשמ,,,יונה – נתחי טונה בשמ,גרמים,140.00,100 גרם,false,,5.00,0.0357,true,1,143731
7290000311128,false,עוגיות מובחרות בטעם חמאה מן (300 גרם),רוקחמן בעמ מפעל לייצור ופלים ו,,עוגיות בטעם חמאה פרו,גרמים,300.00,100 גרם,false,,7.90,0.0263,true,1,153666
7290000311203,false,"וופלים בטעם שוקולד ""מן"" 200 גרם",רוקחמן בעמ מפעל לייצור ופלים ו,,וופלים בטעם שוקולד מ,גרמים,200.00,100 גרם,false,,5.50,0.0275,true,1,150993
7290000311227,false,"וופלים במילוי קרם קפה ""מן"" 200 גרם",ח.כהן סוכנות מזון ומשקאות בע,,וופלים עם קפה מן 200,גרמים,200.00,100 גרם,false,,5.50,0.0275,true,1,153574
7290000311425,false,ופל מצופה עשיריות מן 220 גרם מארז 10 יחידות,רוקחמן בעמ מפעל לייצור ופלים ו,,ופל מצופה אישי מן 10,גרמים,220.00,100 גרם,false,,8.90,0.0405,true,1,150995
7290000311432,false,עוגיות גרנולה קינמון ללא תוספת סוכר 200ג,"רוקחמן בע""מ",,עוגיות גרנולה קינמון,גרמים,200.00,100 גרם,false,,11.90,0.0595,true,1,167634
7290000311463,false,מן עוגיות חיטה מלאה חמאה ללא סוכר 200 גרם,"רוקחמן בע""מ",,עוגיות חיטה מלאה חמא,גרמים,200.00,100 גרם,false,,11.90,0.0595,true,1,167635
7290000311470,false,מיני ופלים בטעם שוקולד ללא סוכר מן 200 גרם,"רוקחמן בע""מ",,מיני וופלים בטעם שוק,גרמים,200.00,100 גרם,false,,12.90,0.0645,true,1,166858
7290000311500,false,וופלים מן שוקו ללא כולסטרול 500 גרם,רוקחמן בעמ מפעל לייצור ופלים ו,,ופלים שוקולד מן 500,גרמים,500.00,100 גרם,false,,9.90,0.0198,true,1,153576
7290000311708,false,מן עוגיות מחיטה מלאה 300 גרם*נ.ל.פ,רוקחמן בעמ מפעל לייצור ופלים ו,,עוגיות חיטה מלאה מן,גרמים,300.00,100 גרם,false,,7.90,0.0263,true,1,153566
7290000311715,false,מן עוגיות כוכבים בטעם שוקולד 300 גרם*נ.ל.פ,רוקחמן בעמ מפעל לייצור ופלים ו,,עוגיות כוכבים בטעם ש,גרמים,300.00,100 גרם,false,,7.90,0.0263,true,1,153567
7290000311722,false,מן עוגיות כוכבים וניל 300 גרם,רוקחמן בעמ מפעל לייצור ופלים ו,,עוגיות כוכבים מן 300,גרמים,300.00,100 גרם,false,,7.90,0.0263,true,1,153572
7290000311883,false,עוגיות גרנולה ללא תוספת סוכר מן 200 גרם,רוקחמן בעמ מפעל לייצור ופלים ו,,עוגיות גרנולה ללא תו,גרמים,200.00,100 גרם,false,,11.90,0.0595,true,1,167672
7290000311890,false,מן וופל לימון ללא סוכר 180 גר-חדש,"רוקחמן בע""מ",,וופלים בטעם לימון לל,גרמים,180.00,100 גרם,false,,9.90,0.0550,true,1,167636
7290000313160,false,זהבה ושלושת הדובים עוגיות בטעם שוקולד אסם 350 גרם,קבוצת אוסם סחר שותפות מוגבלת,,עוגיות זהבה ושלושת ה,גרמים,250.00,100 גרם,false,,7.90,0.0316,true,1,143303
7290000313184,false,עוגיות חברים גן חיות וניל אסם 250 גר',קבוצת אוסם סחר שותפות מוגבלת,,עוגיות גן חיות בטעם,גרמים,250.00,100 גרם,false,,7.90,0.0316,true,1,155398
7290000334684,false,תפוגן טבעות בצל לתנור 700 גרם,קבוצת אוסם סחר שותפות מוגבלת,,טבעות בצל תפוגן 700,גרמים,700.00,100 גרם,false,,17.90,0.0256,true,1,155401
7290000339566,false,מרכך כביסה ורוד בדין (4 ליטר),יוניליוור ישראל שיווק בע`מ,,בדין מרכך כביסה ורוד,קילוגרמים,4.00,ליטר,false,,19.90,4.9750,true,1,152657
7290000342856,false,מרכך כביסה כחול בדין (4 ליטר),"יוניליוור ישראל שיווק בע""מ",,בדין מרכך כביסה כחול,קילוגרמים,4.00,ליטר,false,,19.90,4.9750,true,1,152658
7290000345260,false,תה קלאסיק מעטפות ויסוצקי 25 יחידות,תה ויסוצקי (ישראל) בעמ,,1.5/25 במעטפה,Unknown,25.00,יחידה,false,,7.90,0.3160,true,1,147615
7290000346199,false,חליטת פירות יער הגן הקסום ויסוצקי 25 יחידות,תה ויסוצקי (ישראל) בעמ,,חליטת פירות וצמחים פ,Unknown,25.00,יחידה,false,,17.90,0.7160,true,1,150250
7290000346205,false,חליטת קמומיל הגן הקסום ויסוצקי 25 יחידות,תה ויסוצקי (ישראל) בעמ,,חליטת גן קסום קמומיל,Unknown,25.00,יחידה,false,,17.90,0.7160,true,1,147618
7290000347738,false,תה ירוק בתוספת עלי נענע 25 שקיקים,תה ויסוצקי (ישראל) בעמ,,תה ירוק נענע ויסוצקי,Unknown,25.00,יחידה,false,,24.90,0.9960,true,1,147620
7290000347752,false,תה ירוק לימונית ולואיזה 25 שקיקים *1.5 ג'' ויסוצקי,תה ויסוצקי (ישראל) בעמ,,תה ירוק לימונית ולוא,Unknown,25.00,יחידה,false,,24.90,0.9960,true,1,147621
7290000364285,false,דקניקים סלסולי פסטרמה הודו טירת צבי 120 גרם,תנובה מרכז שיתופי לשיווק תוצרת,,דקניקים פסטרמה הודו,גרמים,120.00,100 גרם,false,,14.90,0.1242,true,1,148555
7290000364810,false,נקניקיות עגל 500 גרםטירת צבי,הנסיך- מפעל לייצור ט,,נקניקיות עגל 500 גרם,גרמים,500.00,100 גרם,false,,28.90,0.0578,true,1,159215
7290000364858,false,"נקניקיות עוף טרי טירת צבי 1 ק""ג",הנסיך- מפעל לייצור ט,,"נקנ' עוף טרי 1 ק""ג",פריט,1.00,"ק""ג",false,,23.90,23.9000,true,1,158034
7290000367590,false,פסטרמה כפרית וסלמי פריזר כפרי טירת צבי 2*400 גרם,תנובה מרכז שיתופי לשיווק תוצרת,,פסטרמה כפרית וסלמי פ,גרמים,800.00,100 גרם,false,,29.90,0.0374,true,1,158081
7290000408316,false,יוגורט דנונה דל לקטוז 200 גרם,שטראוס גרופ בעמ/מצונן,,יוגורט דנונה ביו 3%,גרמים,200.00,100 גרם,false,,3.70,0.0185,true,1,149684
7290000408354,false,יוגורט עם אורז מצופה שוקולד קקאו 175 ג' דנונה,שטראוס גרופ בעמ/מצונן,,דנונה בר פצפוצים 173,גרמים,173.00,100 גרם,false,,4.60,0.0266,true,1,142834
7290000416021,false,ממרח בטעם שוקולד השחר העולה (500 גרם),השחר העולה תעשית ממתקים בעמ,,ממרח שוקולד השחר 500,גרמים,500.00,100 גרם,false,,13.90,0.0278,true,1,148046
7290000416618,false,"ממרח שוקולד פרווה השחר 400 גרם כשל""פ",השחר העולה תעשית ממתקים בעמ,,שוקולד השחר פרווה 40,גרמים,400.00,100 גרם,false,,12.90,0.0323,true,1,148047
7290000416854,false,אבקת קקאו השחר העולה (150 גרם),השחר העולה תעשית ממתקים בעמ,,קקאו 150 גרם השחר הע,גרמים,150.00,100 גרם,false,,10.90,0.0727,true,1,148048
7290000419107,false,לנדוור קפה מקורי לבוקר טחון טורקי 100 גרם,קפה לנדוור בע''מ,,קפה שחור לנדוור המקו,גרמים,100.00,100 גרם,false,,8.90,0.0890,true,1,151058
7290000450209,false,נתחי טונה בהירה בשמן פוסידון (108 גרם),"מיוצר עי וליגר בעמ,",,טונה פוסידון 108 גרם,גרמים,108.00,100 גרם,false,,5.90,0.0546,true,1,148283
7290000450308,false,פוסידון טונה בהירה במי מלח 77 גרם,ויליגר בעמ עבור נטו,,נתחי טונה בהירה במי,גרמים,108.00,100 גרם,false,,5.90,0.0546,true,1,148284
7290000453019,false,שמרים טריים לאפייה שקית שמרית 50 ג',שטראוס גרופ בעמ/מצונן,,שימרית שמרים טריים ב,גרמים,50.00,100 גרם,false,,4.50,0.0900,true,1,149685
7290000453798,false,שמרים יבשים אקטיביים שימרית 500 ג',"גי' בי' רכיבים בע""מ",,שמרים יבשים אקטיבים,גרמים,500.00,100 גרם,false,,14.90,0.0298,true,1,148793
7290000453880,false,מרגרינה ללא מלח לאפיה ובישול שמרית 200גר,שטראוס גרופ בעמ (ח),,מרגרינה ללא מלח לאפי,גרמים,200.00,100 גרם,false,,5.90,0.0295,true,1,148929
7290000453897,false,מרגרינה בטעם חמאה שמרית 200 גרם,גרונבאנג- גרונדנסק א,,מרגרינה בטעם חמאה 20,גרמים,200.00,100 גרם,false,,5.90,0.0295,true,1,148930
7290000462172,false,סחוג זחוק ירוק תימני חריף זהבי (150 גרם),שטראוס גרופ בעמ/מצונן,,זחוק תימני ירוק חריף,גרמים,150.00,100 גרם,false,,7.90,0.0527,true,1,148934
7290000465289,false,זיתים ירוקים מבוקעים,בית השיטה,,ב.הש.זיתים ירוקים מב,גרמים,340.00,100 גרם,false,,10.90,0.0321,true,1,155404
7290000467320,false,מלך החומוס אבו מרוואן 400 גרם,קבוצת אוסם סחר שותפות מוגבלת,,סלט חומוס אבו מרוואן,גרמים,400.00,100 גרם,false,,13.90,0.0348,true,1,151061
7290000467511,false,ביסלי חטיף ברביקיו אסם 55 ג',"אסם השקעות בע""מ",,ביסלי ברביקיו 55 גרם,גרמים,55.00,100 גרם,false,,3.90,0.0709,true,1,143313
7290000467887,false,ביסלי בטעם פיצה 55 גרם אסם,"אסם השקעות בע""מ",,ביסלי פיצה 55 גרם,גרמים,55.00,100 גרם,false,,3.90,0.0709,true,1,155407
7290000468747,false,ביסלי חטיף גריל אסם 55 ג',"אסם השקעות בע""מ",,ביסלי גריל 55 גרם,גרמים,55.00,100 גרם,false,,3.90,0.0709,true,1,143314
7290000468877,false,ביסלי בטעם בצל 55 גרם אסם,"אסם השקעות בע""מ",,ביסלי בצל 55 גרם,גרמים,55.00,100 גרם,false,,3.90,0.0709,true,1,143315
7290000474090,false,"חלב בקרטון 1%- 1 ליטר בד""צ - מוצר בפיקוח",*החברה המרכזית להפצת משקאותבעמ,,חלב בקרטון 1% - 1 לי,מיליליטרים,1000.00,"100 מ""ל",false,,5.86,0.0059,true,1,145997
7290000474373,false,"שמנת חמוצה 15% שומן 200 מ""ל טרה",החברה המרכזית טלהפצת משקאות בע,,שמנת חמוצה לבישול וא,מיליליטרים,200.00,"100 מ""ל",false,,2.40,0.0120,true,1,157627
7290000480107,false,קוואקר שיבולת שועל פחית 500 גרם,שטראוס פריטו ליי בעמ,,שיבולת שועל הולנדי ק,גרמים,500.00,100 גרם,false,,13.90,0.0278,true,1,142835
7290000480442,false,קוואקר שיבולת שועל בשקית 500 גרם,שטראוס פריטו ליי בע`מ,,קוואקר שיבולת שועל ש,גרמים,500.00,100 גרם,false,,12.80,0.0256,true,1,147497
7290000481029,false,10 פיתות בטעם ביתי דגנית עין בר,דגנית עין בר תעשיות מזון ואפיה,,מארז פיתות מזרחיות ע,Unknown,10.00,יחידה,false,,10.90,1.0900,true,1,161524
7290000481043,false,10 פיתות מקמח כוסמין מלא דגנית,דגנית עין בר תעשיות מזון,,פיתות כוסמין מלא 10,גרמים,700.00,100 גרם,false,,15.90,0.0227,true,1,162633
7290000481531,false,דגנית עין בר לחמניות אצבע מחיטה מלאה בשקית 750 ג',דגנית עין בר תעשיות מזון ואפיה,,עשיריית לחמניות מחיט,גרמים,750.00,100 גרם,false,,11.90,0.0159,true,1,161445
7290000481883,false,דגנית עין בר מארז לחמניות 10 יח'*75 ג',דגנית עין בר תעשיות מזון ואפיה,,עשיריית לחמניות אצבע,גרמים,750.00,100 גרם,false,,11.90,0.0159,true,1,161515
7290000482033,false,שקיות לצליה בתנור ובמיקרוגל קוקי 5 יחידות,הנסיך- מפעל לייצור ט,,קוקי ענק שקיות צליה,Unknown,0.00,יחידה,false,,12.90,0.0000,true,1,150557
7290000484747,false,"ארק עלית 700 מ""ל 40% יקב הגליל*",יקב הגליל יוסף גולד ובניו,,"ערק עלית הארק 700 מ""",מיליליטרים,700.00,"100 מ""ל",false,,59.90,0.0856,true,1,152420
7290000484747,false,"ארק עלית 700 מ""ל 40% יקב הגליל*",יקב הגליל יוסף גולד ובניו,,"ערק עלית הארק 700 מ""",מיליליטרים,700.00,"100 מ""ל",false,,59.90,0.0856,true,1,152678
7290000493176,false,אסם אבקת רוטב צלי לבשר 22 ג',קבוצת אוסם סחר שותפות מוגבלת,,אסם אבקת רוטב צלי לב,גרמים,22.00,100 גרם,false,,4.50,0.2045,true,1,143316
7290000493183,false,אבקת רוטב פטריות לבשר-30 גרם,קבוצת אוסם סחר שותפות מוגבלת,,אסם אבקת רוטב פטריות,גרמים,30.00,100 גרם,false,,4.00,0.1333,true,1,143317
7290000521008,false,יין אדום יבש של סגל (750 מל),"כרמי צבי - אחים סגל בע""\",,יין אדום יבש יקבי סג,מיליליטרים,750.00,"100 מ""ל",false,,21.90,0.0292,true,1,149966
7290000521015,false,יין לבן יבש של סגל (750 מל),פארייפאבה אגרואינדוס,,יין לבן יבש יקבי סגל,מיליליטרים,750.00,"100 מ""ל",false,,21.90,0.0292,true,1,149967
7290000522296,false,"מחלבות רמה""ג שקית חל",,,"מחלבות רמה""ג שקית חל",Unknown,0.00,יחידה,false,,2999.90,0.0000,true,1,143976
7290000522302,false,"מחלבות רמה""ג שקית חל",,,"מחלבות רמה""ג שקית חל",Unknown,0.00,יחידה,false,,2999.90,0.0000,true,1,143977
7290000523125,false,מלח הארץ הים האדום 250 ג' עדין,"חברת מלח הארץ אילת בע""\מ",,מלח ים יבש מלח הארץ,גרמים,250.00,100 גרם,false,,5.90,0.0236,true,1,151989
7290000523125,false,מלח הארץ הים האדום 250 ג' עדין,"חברת מלח הארץ אילת בע""\מ",,מלח ים יבש מלח הארץ,גרמים,250.00,100 גרם,false,,5.90,0.0236,true,1,151990
7290000523224,false,מלח הארץ הים האדום 500 ג' עדין,"חברת מלח הארץ אילת בע""\מ",,מלח ים דק מלח הארץ 5,גרמים,500.00,100 גרם,false,,7.90,0.0158,true,1,143199
7290000524443,false,מרוקאיות אנגל,,,מרוקאיות אנגל,גרמים,400.00,100 גרם,false,,11.90,0.0298,true,1,147076
7290000525969,false,מיץ תפוזים סחוט רכיבים טבעיים פרימור 1 ליטר,שטראוס גרופ בעמ/מצונן,,מיץ תפוזים סחוט פרי,מיליליטרים,1000.00,"100 מ""ל",false,,16.20,0.0162,true,1,148938
7290000530086,false,נקניק סלמי מעושן 7000 זוגלובק (600 גרם),נקניק נהריה כשר זוגל,,סלמי מעושן 7000 600,גרמים,600.00,100 גרם,false,,29.90,0.0498,true,1,154681
7290000530291,false,נקניק מבשר הודו קטן זוגלובק 750 גרם,נקניק נהריה כשר זוגל,,נקניק מבשר הודו קטן,גרמים,750.00,100 גרם,false,,19.90,0.0265,true,1,154682
7290000530468,false,"נקניקיות וינר זוגלובק 1 ק""ג",זוגלובק שיווק בעמ,,"נקניקיות וינר 1 ק""ג",גרמים,1000.00,100 גרם,false,,30.80,0.0308,true,1,153748
7290000530598,false,נקניקיות עוף וינר זוגלובק 500 גרם,נקניק נהריה כשר זוגל,,נקניקיות וינר 500 גר,גרמים,500.00,100 גרם,false,,15.80,0.0316,true,1,153477
7290000530703,false,פסטרמה חרמון כפרית ונקניק תה מעושן זוגלובק 2*400 גרם,נקניק נהריה כשר זוגל,,תה מעושן 400 גרם + פ,גרמים,800.00,100 גרם,false,,29.90,0.0374,true,1,147561
7290000531601,false,סטייק בורגר בקר זהב 400 גרם קפוא,נקניק נהריה כשר זוגל,,סטייק בורגר זהב 400,גרמים,400.00,100 גרם,false,,19.90,0.0497,true,1,147562
7290000536743,false,שניצלונים קריספי ט. תירס 500 גר' זוגלובק,נקניק נהריה כשר זוגל,,קריספי סטיקס תירס 50,גרמים,500.00,100 גרם,false,,17.90,0.0358,true,1,147564
7290000537566,false,נקניקיות עוף טרי 400 ג' זוגלובק,נקניק נהריה כשר זוגל,,נקניקיות עוף זוגלובק,גרמים,400.00,100 גרם,false,,12.90,0.0323,true,1,147565
7290000537603,false,"נקניקיות עוף 1 ק""ג זוגלובק.",זוגלובק שיווק בעמ,,"נקניקיות עוף 1 ק""ג",גרמים,1000.00,100 גרם,false,,25.90,0.0259,true,1,153749
7290000538709,false,נקניק סלמי תה מעושן זוגלובק 200 גרם,נקניק זוגלובק נהריה,,תה מעושן זוגלובק 200,גרמים,200.00,100 גרם,false,,14.90,0.0745,true,1,149262
7290000554402,false,מעדן חלב מלבי גד (160 גרם),מחלבות גד שיווק 1992 בעמ,,מעדן חלב מלבי גד 160,גרמים,160.00,100 גרם,false,,5.50,0.0344,true,1,148139
7290000554471,false,נקניק מוצרלה 22 אחוז 180גרם גד מהדרין,מחלבות גד שיווק 1992 בעמ,,גבינת מוצרלה 22% גד,גרמים,180.00,100 גרם,false,,17.90,0.0994,true,1,148143
7290000554532,false,גבינה צפתית מעודנת במלח ים 5% 200 ג' גד,מחלבות גד שיווק 1992 בעמ,,צפתית מעודנת 5% מחלב,גרמים,200.00,100 גרם,false,,14.60,0.0730,true,1,146103
7290000554624,false,ירח מתוק מעדן חלב עם אורז 3% גד 150 גרם,מחלבות גד שיווק 1992 בעמ,,מעדן ירח מתוק 3% 150,גרמים,150.00,100 גרם,false,,5.90,0.0393,true,1,146104
7290000554686,false,גבינת לאבנה בתוספת שמן זית וזעתר 5% גד 250 גרם,מחלבות גד שיווק 1992 בעמ,,גבינת לאבנה בשמן זית,גרמים,250.00,100 גרם,false,,15.00,0.0600,true,1,146105
7290000554822,false,ריקוטה גבינה לבנה בסגנון איטלקי 5% גד 250 גרם,מחלבות גד שיווק 1992 בעמ,,ריקוטה 5% 250 גרם,גרמים,250.00,100 גרם,false,,14.90,0.0596,true,1,146106
7290000554839,false,מסקרפונה שמנת מתוקה קשה בסגנון איטלקי 40% גד 250 גרם,מחלבות גד שיווק 1992 בעמ,,גבינת מסקרפונה 40% ג,גרמים,250.00,100 גרם,false,,19.90,0.0796,true,1,148145
7290000560540,false,אדג`פרו ג`ל לגילוח עור רגיש כתום220,המאפיה של הרמן,,ג'ל גילוח כתום לעור,גרמים,200.00,100 גרם,false,,15.90,0.0795,true,1,148209
7290000572628,false,חלבה חטיף לייט 25 ג* 11יח קופ`שי אחוה,אחדות ביחר לטחינה חל,,חטיפי חלווה ללא תוספ,גרמים,275.00,100 גרם,false,,13.50,0.0491,true,1,152189
7290000574035,false,לחם אחיד פרוס דגנית עין בר (750 גרם),דגנית עין בר תעשיות מזון ואפיה,,לחם אחיד פרוס דגנית,גרמים,750.00,100 גרם,false,,6.90,0.0092,true,1,161448
7290000574141,false,לחם חיטה מלא 750ג' דגנית עין בר,דגנית עין בר תעשיות מזון ואפיה,,לחם חיטה מלא דגנית 7,גרמים,750.00,100 גרם,false,,13.90,0.0185,true,1,161516
7290000574172,false,לחם קל מחיטה מלאה 750 ג' דגנית עין בר,דגנית עין בר תעשיות מזון ואפיה,,לחם קל מחיטה מלאה דג,גרמים,750.00,100 גרם,false,,13.90,0.0185,true,1,161517
7290000574455,false,לחם חיטה מלא פלוס כוסמין 750 ג' דגנית עין בר,דגנית עין בר תעשיות מזון ואפיה,,לחם חיטה+כוסמין דגני,גרמים,750.00,100 גרם,false,,13.90,0.0185,true,1,161453
7290000599755,false,"מגב מתכת כחול 40 ס""מ עם מקל",*** מ.א.ייצור ויבוא מטליות,,"מגב ברזל 40 ס""מ 1 יח",Unknown,0.00,יחידה,false,,6.00,0.0000,true,1,150701
7290000604022,false,ביצים גדולות L תנובה 12 יחידות,ביצי תנובה,,12 ביצים L גדול,Unknown,12.00,יחידה,false,,12.05,1.0042,true,1,145096
7290000604022,false,ביצים גדולות L תנובה 12 יחידות,ביצי תנובה,,12 ביצים L גדול,Unknown,12.00,יחידה,false,,12.05,1.0042,true,1,154149
7290000604121,false,ביצים 18 יח רגיל בינוני L תנובה,תנובה,,ביצים L גדול תנובה 1,Unknown,18.00,יחידה,false,,18.05,1.0028,true,1,154157
7290000644783,false,נתחי פילה סלמון קפוא קג,תנובה קפואים,,מנות סלמון בואקום,קילוגרמים,1.00,"ק""ג",true,,84.90,84.9000,true,1,159224
7290000654355,false,שקית גופיה רמי לוי ב,,,שקית גופיה רמי לוי ב,פריט,1.00,"ק""ג",false,,0.10,0.1000,true,1,161106
7290000654546,false,פילה אמנון 7-9 100% דג תנובה,תנובה,,פילה אמנון קפוא 7-9,קילוגרמים,1.00,"ק""ג",true,,36.90,36.9000,true,1,166024
7290000663135,false,קוביות סלומון קפוא 100% דג 300 גרם תנובה,תנובה מרכז שיתופי לשיווק תוצרת,,קוביות סלמון קפוא דג,גרמים,300.00,100 גרם,false,,29.90,0.0997,true,1,166027
7290000688732,false,שישיית מי עדן 1.5 ליטר משפחתי,"מופק ממקור בזלתי עדן ,1",,מים מינרליים מי עדן,מיליליטרים,9000.00,"100 מ""ל",false,,14.70,0.0016,true,1,143434
7290000961804,false,דלעת חתוכה,"בכורי השדה צפון1994 ג.ד. בע""מ",,דלעת חתוכה,קילוגרמים,1.00,"ק""ג",true,,9.80,9.8000,true,1,153212
7290001045169,false,מיץ תפוחי עץ צלול פרימור 1 ליטר,שטראוס גרופ בעמ/מצונן,,מיץ תפוחי עץ צלול 1,מיליליטרים,1000.00,"100 מ""ל",false,,16.20,0.0162,true,1,148939
7290001179291,false,צלחת 9' קרם (25 יח'),,,צלחת 9' קרם (25 יח'),Unknown,25.00,יחידה,false,,12.90,0.5160,true,1,148541
7290001246320,false,"ג'ל אסלות לימון טאצ' 750 מ""ל",,,ג'ל אסלות לימון 750,מיליליטרים,750.00,"100 מ""ל",false,,10.90,0.0145,true,1,152165
7290001246801,false,נוזל רצפות פרקט טאצ' 2 ליטר,סאסאטק אגשח בעמ,,נוזל רצפות פרקט טאצ,מיליליטרים,2000.00,"100 מ""ל",false,,18.90,0.0094,true,1,166884
7290001247082,false,מיץ עגבניות רכיבים טבעיים ספרינג 1 ליטר,יפאורה שותפות מובגלת לשיווק,,ספרינג קרטוניות עגבנ,מיליליטרים,1000.00,"100 מ""ל",false,,6.50,0.0065,true,1,143435
7290001247099,false,קרטונית נקטר ספרינג מנגו 1 ליטר,יפאורה שותפות מובגלת לשיווק,,קרטוניות ספרינג מנגו,מיליליטרים,1000.00,"100 מ""ל",false,,6.80,0.0068,true,1,143436
7290001247112,false,קרטונית נקטר ספרינג לימונענע 1 ליטר,יפאורה שותפות מובגלת לשיווק,,ספרינג קרטוניות לימו,מיליליטרים,1000.00,"100 מ""ל",false,,6.80,0.0068,true,1,143437
7290001247723,false,"ספרינג נקטר תות בננה פחית 330 מ""ל",יפאורה שותפות מוגבלת לשיווק,,ספרינג נקטר תות בננה,מיליליטרים,330.00,"100 מ""ל",false,,6.20,0.0188,true,1,169089
7290001247730,false,"נקטר ספרינג בטעם מנגו פחית 330 מ""ל",יפאורה שותפות מוגבלת לשיווק,,ספרינג נקטר מנגו פחי,מיליליטרים,330.00,"100 מ""ל",false,,6.20,0.0188,true,1,169090
7290001302194,false,ביסלי בטעם פלאפל 55 גרם אסם,"אסם השקעות בע""מ",,ביסלי פלאפל אסם 55 ג,גרמים,55.00,100 גרם,false,,3.90,0.0709,true,1,155408
7290001302279,false,אוסם - במבה קלאסי 60 גרם,מיוצר עי קונדיטוריית,,במבה קלאסי 60 גרם,גרמים,60.00,100 גרם,false,,4.30,0.0717,true,1,143318
7290001327180,false,שטראוס קרמיסימו וניל ציפ 1.33 ליטר,"גלידת שטראוס בע""\מ, רחוב",,גלידת קרמיסימו 1.33,מיליליטרים,1330.00,"100 מ""ל",false,,18.90,0.0142,true,1,152549
7290001419618,false,וופל בלגי עלמה שחור לבן וניל 200ג',מ.ד אטיאס סוכנויות מזון בע`מ,,ופלים בסגנון בלגי בט,גרמים,200.00,100 גרם,false,,3.50,0.0175,true,1,153175
7290001419892,false,"ופל קלאסי בטעם לימון ""עלמה"" 200 גרם",רזיט שיווק בעמ,,ופלים קלאסיים בטעם ל,גרמים,200.00,100 גרם,false,,3.50,0.0175,true,1,153177
7290001455234,false,פילה אמנון 5-7 וואקו,היינאן קשינגטאי,,פילה אמנון,Unknown,1.00,יחידה,false,,5.00,5.0000,true,1,144115
7290001594155,false,"קוקה-קולה בבקבוק אישי 500 מ""ל",החברה המרכזית להפצת משקאות בעמ,,"קוקה קולה 500 מ""ל",מיליליטרים,500.00,"100 מ""ל",false,,6.50,0.0130,true,1,146003
7290001594179,false,"פאנטה אורנג' בבקבוק אישי 500 מ""ל",החברה המרכזית להפצת משקאות בעמ,,"פאנטה אורנג' 500 מ""ל",מיליליטרים,500.00,"100 מ""ל",false,,6.50,0.0130,true,1,146004
7290001594230,false,קינלי סודה בבקבוק זכוכית,החברה המרכזית להפצת משקאות בעמ,,"קינלי סודה 250 מ""ל",מיליליטרים,250.00,"100 מ""ל",false,,3.90,0.0156,true,1,146005
7290001594384,false,פריגת אשכוליות 0.5 ליטר חייב בפקדון,החברה המרכזית להפצת משקאות בעמ,,פריגת אשכוליות 500 מ,מיליליטרים,500.00,"100 מ""ל",false,,5.80,0.0116,true,1,156455
7290001594520,false,"בירה טובורג רד בקבוק 330 מ""ל",החברה המרכזית להפצת משקאות בעמ,,"בירה טובורג 330 מ""ל",מיליליטרים,330.00,"100 מ""ל",false,,7.10,0.0215,true,1,146006
7290001594575,false,בירה בפחית רד טובורג (500 מל),החברה המרכזית להפצת משקאות בעמ,,בירה טובורג פחית 500,מיליליטרים,500.00,"100 מ""ל",false,,9.10,0.0182,true,1,146008
7290001594858,false,מארז שישייה בירה טובורג רד (330x6 מל),החברה המרכזית להפצת משקאות בעמ,,טובורג רד שישיה 330,מיליליטרים,1980.00,"100 מ""ל",false,,39.90,0.0202,true,1,152231
7290001594865,false,"שישייה בירה קרלסברג בקבוק 330 מ""ל",החברה המרכזית להפצת משקאות בעמ,,"קרלסברג שישיה 330 מ""",מיליליטרים,1980.00,"100 מ""ל",false,,41.70,0.0211,true,1,152232
7290001598429,false,פרנה מרוקאית חמשת 4,מאפיית יוסף ברון בעמ,,לחם פרנה ברון 520 גר,גרמים,520.00,100 גרם,false,,12.90,0.0248,true,1,164588
7290001664353,false,אמנון פילה 800 גרם,,,אמנון פילה 800 גרם,גרמים,800.00,100 גרם,false,,27.90,0.0349,true,1,154699
7290001670071,false,כפות חד פעמי לבן 100 יח',הנמל אריזות ושיווק (1984) בעמ,,כפות לבן 100 יח',Unknown,100.00,יחידה,false,,5.00,0.0500,true,1,144160
7290001779057,false,אקסטרים ענק ריבתחלב יח,נגה גלידות,,טילון גדול אקסטרים ר,Unknown,1.00,יחידה,false,,12.00,12.0000,true,1,144784
7290001780138,false,"קראנצ' בציפוי שוקולד חלב בד""צ",תות תעשיות מזון (201,,קראנץ' וניל,Unknown,1.00,יחידה,false,,10.00,10.0000,true,1,144785
7290001789742,false,סט 3 קופסאות ריבועיות עם מכסה אדום,,,סט 3 קופסאות ריבועיו,Unknown,1.00,יחידה,false,,0.00,0.0000,true,1,169267
7290001791349,false,אקונומיקה פיסגה ריחנית סנו (4 ליטר),החברה הדרומית לשיווק בעמ,,אקונומיקה ריחנית פיס,מיליליטרים,4000.00,"100 מ""ל",false,,11.90,0.0030,true,1,147966
7290001990148,false,"סוכר גולדן קלאסי בצנצנת 1 ק""ג סוגת",האי נאם סי או אל.טי.,,סוכר גולדן קלאסי בצנ,פריט,1.00,"ק""ג",false,,12.90,12.9000,true,1,153646
7290002007975,false,צלחות פלסטיק קטנות חד פעמיות 50 יח,הנמל אריזות ושיווק (1984) בעמ,,צלחות קטן 50 יח',Unknown,50.00,יחידה,false,,5.00,0.1000,true,1,144165
7290002007982,false,מזלגות לבן 100 יח`הנמל,הנמל אריזות ושיווק (1984) בעמ,,מזלגות לבן 100 יח',Unknown,100.00,יחידה,false,,5.00,0.0500,true,1,144166
7290002014782,false,איקרה לבנה 200 גרם,,,איקרה לבנה 200 גרם,גרמים,200.00,100 גרם,false,,5.00,0.0250,true,1,143175
7290002014829,false,חזרת 200 גרם,,,חזרת 200 גרם,גרמים,200.00,100 גרם,false,,5.00,0.0250,true,1,143176
7290002014836,false,שום כתוש 200 גרם,מעדני מיקי,,שום כתוש 200 גרם,גרמים,200.00,100 גרם,false,,5.00,0.0250,true,1,143177
7290002019787,false,רוטב עגבניות מרוכז מאוד 260 גרם פריניר,ח.כהן סוכנות מזון ומשקאות בע,,פריניר רוטב עגבניות,גרמים,260.00,100 גרם,false,,3.90,0.0150,true,1,148063
7290002019794,false,רוטב עגבניות מרוכז מאוד 100 גרם פריניר,ח.כהן סוכנות מזון ומשקאות בע,,רסק עגבניות פריניר 1,גרמים,100.00,100 גרם,false,,1.90,0.0190,true,1,148064
7290002043782,false,אקסטרה צ'יפס אורז חום מלא טקסס ברביקיו 60 גרם,א.ל.ייצור ושיווק תבלינים בעמ,,ציפס אורז חום מלא טק,גרמים,60.00,100 גרם,false,,7.20,0.1200,true,1,157662
7290002057017,false,זיתים ירוקים נובו קבוצת יבנה (540 גרם),קבוצת יבנה מוצרי מזון אגודה שי,,זיתים נובו ענק יבנה,גרמים,540.00,100 גרם,false,,9.90,0.0183,true,1,148189
7290002057031,false,זיתים מבוקעים פיקנטי קבוצת יבנה 340 גרם,"קבוצת יבנה מוצרי מזון בע""מ",,זיתים מבוקעים פיקנטי,גרמים,560.00,100 גרם,false,,8.90,0.0159,true,1,156962
7290002057048,false,זית סורי מתובל בשמן קבוצת יבנה 560 גרם,"קבוצת יבנה מוצרי מזון בע""מ",,זית סורי מבוקע 540 ג,גרמים,540.00,100 גרם,false,,10.90,0.0202,true,1,148179
7290002057123,false,זיתים ירוקים מנזנילו קבוצת יבנה 560 גרם,קבוצת יבנה מוצרי מזון אגודה שי,,זית חרוזית ירוק 275,גרמים,275.00,100 גרם,false,,9.50,0.0345,true,1,148181
7290002057185,false,טבעות זיתים ירוקים קבוצת יבנה 560 גרם,קבוצת יבנה מוצרי מזון אגודה שי,,טבעות זיתים ירוקים ‏,גרמים,275.00,100 גרם,false,,9.90,0.0360,true,1,148183
7290002057352,false,מלפפונים במלח ‏9‏-‏7‏ קבוצת יבנה 320 גרם,"קבוצת יבנה מוצרי מזון בע""מ",,מלפפונים גדולים במלח,גרמים,320.00,100 גרם,false,,6.90,0.0216,true,1,144358
7290002057369,false,מלפפונים במלח ‏12‏-‏10‏ קבוצת יבנה 320 גרם,"קבוצת יבנה מוצרי מזון בע""מ",,מלפפון קטן במלח 540,גרמים,540.00,100 גרם,false,,7.90,0.0146,true,1,144359
7290002057376,false,מלפפונים במלח ‏17‏-‏13‏ קבוצת יבנה 320 גרם,"קבוצת יבנה מוצרי מזון בע""מ",,מלפפון קטן במלח 540,גרמים,540.00,100 גרם,false,,9.90,0.0183,true,1,151922
7290002057451,false,מלפפונים בחומץ ‏9‏-‏7 קבוצת יבנה 290 גרם,קבוצת יבנה מוצרי מזון אגודה שי,,מלפפון גדול בחומץ 7-,גרמים,540.00,100 גרם,false,,6.90,0.0128,true,1,150996
7290002057475,false,מלפפונים בחומץ ‏17‏-‏13 קבוצת יבנה 290 גרם,קבוצת יבנה מוצרי מזון אגודה שי,,מלפפון קטן בחומץ 13-,גרמים,560.00,100 גרם,false,,9.90,0.0177,true,1,148015
7290002057482,false,מלפפונים קטנים בחומץ קבוצת יבנה 560 גרם,קבוצת יבנה מוצרי מזון אגודה שי,,מלפפון בחומץ 18-25 -,גרמים,560.00,100 גרם,false,,12.90,0.0230,true,1,148152
7290002057604,false,פלפל חריף שיפקה קבוצת יבנה (540 גרם),קבוצת יבנה מוצרי מזון אגודה שי,,פלפל חריף שיפקה 225,גרמים,225.00,100 גרם,false,,5.90,0.0262,true,1,144360
7290002057734,false,זיתים חרוזית מושחר קבוצת יבנה 275 גרם,קבוצת יבנה מוצרי מזון בעמ,,זיתים מושחרים ללא גל,גרמים,540.00,100 גרם,false,,8.90,0.0165,true,1,148185
7290002065555,false,שישיית לחמנייה הכי רכה בהפסקה אנג'ל 450 גרם,מאפיית שלמה א. אנג'\ל בע,,הלחמניה - לחמניות רכ,Unknown,6.00,יחידה,false,,11.90,1.9833,true,1,152503
7290002065555,false,שישיית לחמנייה הכי רכה בהפסקה אנג'ל 450 גרם,מאפיית שלמה א. אנג'\ל בע,,הלחמניה - לחמניות רכ,Unknown,6.00,יחידה,false,,11.90,1.9833,true,1,152990
7290002065616,false,לחם שיפון גרעינים פרוס אחדות (750 גרם),מאפיית שלמה א. אנג'\ל בע,,לחם שיפון גרעינים פר,גרמים,750.00,100 גרם,false,,12.90,0.0172,true,1,152334
7290002128205,false,נרות לא נוטפים 45יח-מנורה,,,נרות חנוכה לוקס 45 י,Unknown,45.00,יחידה,false,,6.90,0.1533,true,1,151924
7290002128434,false,נרות שבת אורה 10 יחידות,אבאל יזמות בעמ,,נרות שבת 10 יח' - או,Unknown,10.00,יחידה,false,,3.50,0.3500,true,1,150728
7290002130574,false,דבש טהור מפרחי בר בזכוכית 500 ג' יד מרדכי,מכוורת יד מרדכי שטראוס ב,,דבש טהור 500 גרם,גרמים,500.00,100 גרם,false,,24.90,0.0498,true,1,148795
7290002253815,false,דורות זוג מגשיות שום,,,דורות זוג מגשיות שום,גרמים,160.00,100 גרם,false,,15.90,0.0994,true,1,148113
7290002263562,false,מיץ לימון משומר( 200 מל)תבליני מימון,א.ל.ייצור ושיווק תבלינים בעמ,,"מיץ לימון 200 מ""ל 10",מיליליטרים,200.00,"100 מ""ל",false,,6.70,0.0335,true,1,154271
7290002277927,false,מעדניה - פילה אמנון,,,מעדניה - פילה אמנון,קילוגרמים,1.00,"ק""ג",true,,30.90,30.9000,true,1,156440
7290002278528,false,כריות ניקוי שבתכלין ביאנקו שייני 2 יחידות,מ.א.ייצור ויבוא מטליות בעמ,,שבת כלין,Unknown,2.00,יחידה,false,,8.60,4.3000,true,1,146463
7290002321750,false,"פילה אמנון קפוא בד""ץ מאסטר פוד",,,מעדניה - פילה אמנון,קילוגרמים,1.00,"ק""ג",true,,30.90,30.9000,true,1,156441
7290002331018,false,"נביעות מים עם פקק ספורט 500מ""ל",החברה המרכזית להפצת משקאות בעמ,,מים מינרלים נביעות 5,מיליליטרים,500.00,"100 מ""ל",false,,3.90,0.0078,true,1,146009
7290002331025,false,"מים מינרלים נביעות ספורט 500 מ""ל פקדון",החברה המרכזית להפצת משקאות בעמ,,נביעות TO GO 500,מיליליטרים,500.00,"100 מ""ל",false,,3.90,0.0078,true,1,146010
7290002331322,false,שישיית מים נביעות 1.5 ליטר,נביעות טבע הגליל בעמ,,מים מינרילים נביעות,קילוגרמים,9.00,ליטר,false,,11.90,1.3222,true,1,146014
7290002331360,false,"נביעות מים מינרליים טו גו מארז 500X6מ""ל",החברה המרכזית להפצת משקאות בעמ,,נביעות TOGO שישייה 5,מיליליטרים,3000.00,"100 מ""ל",false,,14.90,0.0050,true,1,146015
7290002345275,false,פילה דג סלמון מעושן 100 גר,,,סלמון מעושן 100 גרם,גרמים,100.00,100 גרם,false,,19.90,0.1990,true,1,148338
7290002346500,false,ספוג הקסם שלישייה,,,ספוג הקסם שלישייה,Unknown,3.00,יחידה,false,,9.60,3.2000,true,1,146465
7290002371533,false,דקניקים סלסולי פסטרמה דבש טירת צבי 120 גרם,תנובה מרכז שיתופי לשיווק תוצרת,,סלסולי פסטרמה דבש 12,גרמים,120.00,100 גרם,false,,14.90,0.1242,true,1,148562
7290002372103,false,חומוס עם שיפקה רמי ל,,,חומוס עם שיפקה רמי ל,גרמים,400.00,100 גרם,false,,7.90,0.0198,true,1,151535
7290002381808,false,נר נשמה שלהבת 24 שעות,,,נר נשמה 24 שעות,Unknown,1.00,יחידה,false,,1.90,1.9000,true,1,169132
7290002399377,false,חומוס רמי לוי 700 גר,,,חומוס רמי לוי 700 גר,גרמים,700.00,100 גרם,false,,7.90,0.0113,true,1,151536
7290002399452,false,פילה מטיאס 200 גרם,,,פילה מטיאס 200 גרם,גרמים,200.00,100 גרם,false,,16.90,0.0845,true,1,148079
7290002399483,false,הרינג פרובנציאל 200,,,הרינג פרובנציאל 200,גרמים,200.00,100 גרם,false,,16.90,0.0845,true,1,148082
7290002399490,false,מקרל מעושן בשמן 200,,,מקרל מעושן בשמן 200,גרמים,200.00,100 גרם,false,,23.90,0.1195,true,1,148083
7290002541981,false,משקה סויה ללא תוספת סוכר,אלפרו השני בחצי מחיר,,אלפרו משקה סויה ללס,מיליליטרים,1000.00,"100 מ""ל",false,,14.90,0.0149,true,1,151476
7290002542780,false,"שישייה בירה סטלה ארטואה בקבוק 330X6 מ""ל","אינבב, ברוורייפליין",,סטלה ארטואה שישיה -3,מיליליטרים,1980.00,"100 מ""ל",false,,37.90,0.0191,true,1,166274
7290002543046,false,דגני בוקר קלוגס פרוסטיס 750 גרם,דיפלומט מפיצים (1968) בעמ**,,קלוגס פרוסטיס 750 גר,גרמים,750.00,100 גרם,false,,17.90,0.0239,true,1,148610
7290002596677,false,מעדניה - פילה אמנון,,,מעדניה - פילה אמנון,קילוגרמים,1.00,"ק""ג",true,,30.90,30.9000,true,1,157017
7290002603771,false,פלמני כיסוני בשר 600 גר רמי לוי,,,קרפלאך בשר 600 גרם ר,גרמים,600.00,100 גרם,false,,11.90,0.0198,true,1,153695
7290002603900,false,פלאפל 500 גר רמי לוי,,,כדורי פלאפל 600 גרם,גרמים,600.00,100 גרם,false,,11.90,0.0198,true,1,153701
7290002603993,false,פיצה מרגריטה זיתים 340 גר רמי לוי,,,פיצה מרגריטה זית רמי,גרמים,340.00,100 גרם,false,,12.90,0.0379,true,1,166001
7290002627616,false,פילה אמנון דלידג 7-9,מאומינג שינזו סאיפוד,,מעדניה - פילה אמנון,קילוגרמים,1.00,"ק""ג",true,,30.90,30.9000,true,1,157120
7290002627623,false,מעדניה - פילה אמנון,דלידג,,מעדניה - פילה אמנון,קילוגרמים,1.00,"ק""ג",true,,30.90,30.9000,true,1,157363
7290002627968,false,קלצ'ונה רמי לוי 2 יח,,,קלצ'ונה רמי לוי 2 יח,גרמים,290.00,100 גרם,false,,21.90,0.0755,true,1,158109
7290002657866,false,"פילה אמנון""דלידג מהדרין",גואנדונג יוג'יה סיפו,,מעדניה - פילה אמנון,קילוגרמים,1.00,"ק""ג",true,,30.90,30.9000,true,1,154547
7290002657866,false,"פילה אמנון""דלידג מהדרין",גואנדונג יוג'יה סיפו,,מעדניה - פילה אמנון,קילוגרמים,1.00,"ק""ג",true,,29.90,29.9000,true,1,157119
7290002715375,false,קבב יווני טיבון ויל 400 גרם,טיבון ויל אחזקות בעמ,,קבב יווני 400 גרם,גרמים,400.00,100 גרם,false,,19.90,0.0497,true,1,148364
7290002730903,false,פלמוליב סבון מוצק ורדים רביעייה * 125 ג',הנסיך- מפעל לייצור ט,,סבון רחצה מוצק חלב ו,גרמים,360.00,100 גרם,false,,16.90,0.0469,true,1,151479
7290002735809,false,בצק עלים רמי לוי 1קג,ינון,,רמי לוי בצק עלים 1 ק,גרמים,1000.00,100 גרם,false,,12.90,0.0129,true,1,149114
7290002735816,false,גחנון רמי לוי 750 גרם,ינון,,רמי לוי ג'חנון 750 ג,גרמים,750.00,100 גרם,false,,12.90,0.0172,true,1,149115
7290002735823,false,מלווח רמי לוי 700 גרם,ינון,,מלווח רמי לוי 700 גר,גרמים,700.00,100 גרם,false,,12.90,0.0184,true,1,149116
7290002735830,false,בורקס תפוא רמי לוי 800 גרם,ינון,,רמי לוי בורקס תפו'א,גרמים,800.00,100 גרם,false,,11.90,0.0149,true,1,149117
7290002735847,false,בורקס גבינה רמי לוי 800 גרם,ינון,,רמי לוי בורקס גבינה,גרמים,800.00,100 גרם,false,,13.90,0.0174,true,1,149118
7290002752332,false,"סוכריות מנטוס פירות בגליל, 37.5 גרם",הדקלאים אגודת שיתופי,,סוכריות בגליל בטעם פ,גרמים,37.50,100 גרם,false,,3.50,0.0933,true,1,145257
7290002752349,false,סוכריות מנטוס מנטה 40יח' בגליל 38ג',ליימן שליסל בעמ,,סוכריות בגליל בטעם מ,גרמים,37.50,100 גרם,false,,3.50,0.0933,true,1,145258
7290002771111,false,.קפה אלנחילה 250 גר עם הל,קפה אל נחלה בני רפיק,,קפה עם הל אל נחלה 25,גרמים,250.00,100 גרם,false,,16.90,0.0676,true,1,157130
7290002771128,false,קפה אלנח'לה בלי הל 250 ג',קפה אל נחלה בני רפיק,,קפה אל נחלה 250 גרם,גרמים,250.00,100 גרם,false,,16.90,0.0676,true,1,157131
7290002782131,false,"פנינה רוזנבלום - דאודורנט ספריי לאישה מס' 1 150 מ""ל","פנינה רוזנבלום בע""מ",,דאודורנט מס' 1 150 מ,מיליליטרים,150.00,"100 מ""ל",false,,24.90,0.1660,true,1,150180
7290002824183,false,"גבינה לבנה סקי 500 גרם 5% ""שטראוס"" -מוצר בפיקוח",שטראוס גרופ בעמ/מצונן,,גבינה לבנה סקי 5% 50,גרמים,500.00,100 גרם,false,,9.95,0.0199,true,1,142841
7290002824466,false,יוגורט דנונה ביו לבן 0% שומן 200 גרם,שטראוס גרופ בעמ/מצונן,,דנונה ביו 0% 200 גרם,גרמים,200.00,100 גרם,false,,3.70,0.0185,true,1,149686
7290002824640,false,"גבינת סקי 250 גרם 5% ""שטראוס"" -מוצר בפיקוח",שטראוס גרופ בעמ/מצונן,,גבינה לבנה סקי 5% שט,גרמים,250.00,100 גרם,false,,4.98,0.0199,true,1,147663
7290002825722,false,כרוב אדום במיונז אחלה (500 גרם),שטראוס גרופ בעמ/מצונן,,כרוב סגול במיונז 500,גרמים,575.00,100 גרם,false,,13.80,0.0240,true,1,148943
7290002862550,false,טחינה גולמית 500 ג',,,טחינה גולמית 500 ג',גרמים,500.00,100 גרם,false,,9.90,0.0198,true,1,148460
7290002868545,false,יוגורט מיוצב טרה בכד 4% שומן,,,"כד 3 ק""ג יוגורט 4%",Unknown,0.00,יחידה,false,,2999.00,0.0000,true,1,146016
7290002868996,false,"קוטג' 5% שומן, רכיבים טבעיים, 250 גרם",*החברה המרכזית להפצת משקאותבעמ,,גבינת קוטג' מועשר 5%,גרמים,250.00,100 גרם,false,,5.50,0.0220,true,1,146017
7290002881025,false,מעדן דובדבן חמוץ 100% 284 גרם,קריות זול,,קונפ' סן מורנו דבדבן,גרמים,284.00,100 גרם,false,,10.90,0.0384,true,1,164903
7290002881407,false,נודלס אטריות ביצים דק תומר 400ג',תומר יבוא ושיווק מוצרי מזון (1,,נודלס דק אטריות מביצ,גרמים,400.00,100 גרם,false,,7.90,0.0198,true,1,143496
7290002881803,false,שמן קנולה מזוכך 1 ליטר,,,שמן קנולה 1 ליטר תומ,מיליליטרים,1000.00,"100 מ""ל",false,,10.90,0.0109,true,1,162057
7290002881940,false,סרדינים מרוקאי בשמן חמניות 125ג' תומר,תומר ייבוא ושיווק מוצרי מזון [,,שימורי סרדין מרוקאי,גרמים,125.00,100 גרם,false,,5.90,0.0472,true,1,143500
7290002881957,false,סרדינים מרוקאי חריף בשמן חמניות 125ג' תומר,תומר ייבוא ושיווק מוצרי מזון [,,סרדין מרוקאי חריף 12,גרמים,125.00,100 גרם,false,,5.90,0.0472,true,1,164912
7290002881964,false,סרדינים מרוקאי ברוטב עגבניות 125ג' תומר,תומר ייבוא ושיווק מוצרי מזון [,,שימורי סרדין מרוקאי,גרמים,125.00,100 גרם,false,,5.90,0.0472,true,1,164913
7290002919353,false,כבד עוף קפוא ארוז 50,Unknown,,כבד עוף קפוא ארוז 50,גרמים,500.00,100 גרם,false,,10.00,0.0200,true,1,144129
7290002929499,false,מעדניה - פילה אמנון,,,מעדניה - פילה אמנון,קילוגרמים,1.00,"ק""ג",true,,30.90,30.9000,true,1,156442
7290002929642,false,נתחי טונה בהירה בשמן ויליגר (140x4 גרם),דיאמנט פוד פרודקט קו,,טונה ויליגר שמן 4*14,גרמים,560.00,100 גרם,false,,19.90,0.0355,true,1,148372
7290002986652,false,גטניו פתי בר שוקו 470 גרם,"אחים גטניו בע""מ",,גטניו פתי בר שוקו 47,גרמים,470.00,100 גרם,false,,10.90,0.0232,true,1,150730
7290003009640,false,מיץ תפוזים סחוט רכיבים טבעיים פריגת 1 ליטר,*החברה המרכזית להפצת משקאותבעמ,,מיץ תפוזים פריגת סחו,מיליליטרים,1000.00,"100 מ""ל",false,,16.20,0.0162,true,1,146021
7290003029181,false,משקה יטבתה שוקו' בקבוק 1ל מהדרין,שטראוס גרופ בעמ/מצונן,,שוקו בבקבוק 2% יטבתה,מיליליטרים,1000.00,"100 מ""ל",false,,11.90,0.0119,true,1,149687
7290003029372,false,יטבתה משקה בטעם בננה %3 בקבוק 1 ליטר,שטראוס גרופ בעמ/מצונן,,משקה חלב בננה 2% בקב,מיליליטרים,1000.00,"100 מ""ל",false,,11.90,0.0119,true,1,149688
7290003029389,false,"משקה חלב בננה פקק ספורט 250 מ""ל יוטבתה",שטראוס גרופ בעמ/מצונן,,משקה חלב בננה 2% פקק,מיליליטרים,250.00,"100 מ""ל",false,,5.50,0.0220,true,1,149689
7290003029433,false,"משקה יטבתה שוקו פקק 250 מ""ל מהדרין",שטראוס גרופ בעמ/מצונן,,שוקו יטבתה 2% פקק יט,גרמים,250.00,100 גרם,false,,5.50,0.0220,true,1,142842
7290003029532,false,מוקה בבקבוק יטבתה 1 ליטר מהדרין,שטראוס גרופ בעמ/מצונן,,משקה מוקה יטבתה 1 לי,מיליליטרים,1000.00,"100 מ""ל",false,,11.90,0.0119,true,1,149690
7290003029792,false,"משקה יטבתה שוקו שקיות מהדרין מארז 225X8מ""ל",שטראוס גרופ בעמ/מצונן,,מארז 8 שקיות שוקו -,Unknown,8.00,יחידה,false,,19.90,2.4875,true,1,142843
7290003029815,false,חלב מועשר 3% בכד יטבתה 2 ליטר,שטראוס גרופ בעמ/מצונן,,כד 2 ליטר חלב 3%- מה,מיליליטרים,2000.00,"100 מ""ל",false,,14.90,0.0075,true,1,149692
7290003029907,false,משקה חלב אייס קפה 2% יטבתה (1 ליטר,שטראוס גרופ בעמ/מצונן,,אייס קפה 1 ליטר,מיליליטרים,1000.00,"100 מ""ל",false,,11.90,0.0119,true,1,148949
7290003060009,false,"קמח חיטה לבן בהיר טחנות ישראליות 1 ק""ג",טחנות ישראליות,,קמח חיטה לבן בהיר 1,גרמים,1000.00,100 גרם,false,,4.50,0.0045,true,1,150731
7290003060023,false,"סולת חיטה 1 ק""ג מטחנות ישראליות",טחנות ישראליות,,"סולת חיטה 1 ק""ג",גרמים,1000.00,100 גרם,false,,5.90,0.0059,true,1,150732
7290003060030,false,"קמח חיטה מלא רמילוי 1 ק""ג",טחנות ישראליות,,"קמח חיטה מלא 1 ק""ג",גרמים,1000.00,100 גרם,false,,6.90,0.0069,true,1,150733
7290003060047,false,קמח תופח בשקיות טחנות ישראליות,טחנות ישראליות,,"קמח תופח 1 ק""ג",גרמים,1000.00,100 גרם,false,,6.50,0.0065,true,1,150734
7290003102495,true,רביעיית סוללות AAA R,,,רביעיית סוללות AAA R,,0.00,,false,,5.00,0.0000,true,1,144476
7290003141159,false,יוגטה מרשמלו ממתק מוקצף בטעמי תות שדה ווניל 180 גרם,ליימן שליסל בעמ,,יוגטה מרשמלו - 180 ג,גרמים,180.00,100 גרם,false,,6.90,0.0383,true,1,155139
7290003143146,false,ממרח תמרים קליית גת (450 גרם),הדקלאים אגודת שיתופי,,ממרח תמרים קלית גת 4,גרמים,450.00,100 גרם,false,,5.90,0.0131,true,1,145279
7290003217014,false,פיתות תנעמי בטעם ביתי דגנית עין בר) (5,דגנית עין בר תעשיות מזון ואפיה,,מארז פיתות מזרחיות ח,גרמים,500.00,100 גרם,false,,6.90,0.0138,true,1,161981
7290003220380,false,"עוגיות סנדויץ' במילוי קרם שוקולד ""מעדני המלך"" 150 גרם",רזיט שיווק בעמ,,מעדני המלך סנדוויץ',גרמים,150.00,100 גרם,false,,3.50,0.0233,true,1,153420
7290003220397,false,עוגיות סנדוויץ וניל 150 ג' נאפה מעדני מלך,אחים פפושדו,,מעדני המלך סנדוויץ',גרמים,150.00,100 גרם,false,,3.50,0.0233,true,1,153421
7290003220403,false,מעדני המלך- קרקר מלוח 110 גרם,מגדנית הדר,,קרקר מלח מעדני מלך 1,גרמים,110.00,100 גרם,false,,3.20,0.0291,true,1,163059
7290003220410,false,"קרקר עם שומשום ""מעדני המלך"" 110 גרם",מגדנית הדר,,קרקר שומשום מעדני מל,גרמים,110.00,100 גרם,false,,3.20,0.0291,true,1,163060
7290003220465,false,מעדני המלך- פתיבר שוקו 500 גרם,מגדנית הדר,,פתי בר שוקו מעדני מל,גרמים,500.00,100 גרם,false,,8.50,0.0170,true,1,163064
7290003220533,false,"רוטב צ'ילי מתוק ווק 700 מ""ל",תאי פרידה אינדסטרי ב,,רוטב צ'ילי מתוק 700,מיליליטרים,700.00,"100 מ""ל",false,,12.90,0.0184,true,1,159425
7290003220779,false,"ווק אטריות אורז עובי 3 מ""מ 400 גרם",אסיאן סופירה פודס חב,,ווק אטריות אורז עובי,גרמים,400.00,100 גרם,false,,9.90,0.0248,true,1,152436
7290003224128,false,כיסוני תפוא 800 גר`קפוא מאמא מרי,מאמא - מרי בעמ,,"כיסונים עם תפ""א קפוא",גרמים,800.00,100 גרם,false,,17.90,0.0224,true,1,160966
7290003224487,false,"כיסונים בשר 1 ק""ג מאמא מרי",מאמא - מרי בעמ,,כיסונים עם בשר קפוא,גרמים,1000.00,100 גרם,false,,27.90,0.0279,true,1,160980
7290003224579,false,כיסונים במילוי בשר 1.5 קג`XXL מאמא מרי,מאמא - מרי בעמ,,כיסוני בשר מאמא מרי,גרמים,1500.00,100 גרם,false,,38.90,0.0259,true,1,160981
7290003224753,false,פירות יער דמדמניות אדומות 380 גר,מאמא מרי,,דומדמניות אדומות קפו,גרמים,300.00,100 גרם,false,,10.90,0.0363,true,1,160982
7290003229116,false,פסטרמה הודו בדבש שומן טירת צבי 400 גרם,תנובה מרכז שיתופי לשיווק תוצרת,,פסטרמה הודו בדבש 3%,גרמים,400.00,100 גרם,false,,25.90,0.0647,true,1,158080
7290003229123,false,פסטרמה הודו על גחלים 2% טירת צבי 400 גרם,תנובה מרכז שיתופי לשיווק תוצרת,,פסטרמה הודו על גחלים,גרמים,400.00,100 גרם,false,,25.90,0.0647,true,1,148563
7290003229192,false,נקניק כתף בקר מעושן 2% טירת צבי 400 גרם,תנובה מרכז שיתופי לשיווק תוצרת,,נקניק כתף בקר מעושן,גרמים,400.00,100 גרם,false,,34.90,0.0872,true,1,159276
7290003268252,false,לחם חיטה מלא לילדים 750 ג' דגנית עין בר,דגנית עין בר תעשיות מזון ואפיה,,לחם חיטה לילדים דגני,גרמים,750.00,100 גרם,false,,13.90,0.0185,true,1,161457
7290003321155,false,יוגורט בר עם פקאן מצופה שוקולד 183 ג' דנונה,שטראוס גרופ בעמ/מצונן,,דנונה בר פקאן 183 גר,גרמים,183.00,100 גרם,false,,4.60,0.0251,true,1,142844
7290003411689,false,לפתניות פלסטיק חד פעמיות 25 יח`,הנמל אריזות ושיווק (1984) בעמ,,צלחות לפתן לבן 25יח',Unknown,25.00,יחידה,false,,2999.90,119.9960,true,1,144175
7290003411696,false,מרקיות פלסטיק חד פעמיות 25 יח`,הנמל אריזות ושיווק (1984) בעמ,,מרקיות לבן 25 יח',Unknown,25.00,יחידה,false,,5.00,0.2000,true,1,144176
7290003411993,false,גפרורים הנמל 10 יחידות,הנמל אריזות ושיווק (1984) בעמ,,גפרורים 10יח',Unknown,10.00,יחידה,false,,3.70,0.3700,true,1,144177
7290003427154,false,"שמן זית כתית מעולה טעם מעודן זיתא 750 מ""ל",תה ויסוצקי (ישראל) בעמ,,שמן זית זייתא כתית מ,מיליליטרים,750.00,"100 מ""ל",false,,32.90,0.0439,true,1,147623
7290003444009,false,הרשי ריזס חטיף במילוי בוטנים 42 גרם,ליימן מותגים,,ריזס שוקולד חלב במיל,גרמים,42.00,100 גרם,false,,4.90,0.1167,true,1,151234
7290003457861,false,"סולרו בטעם פירות טרופיים ""שטראוס""","מיוצר ע""\י גלידת שטראוס",,סולרו קלאסיק חלבי -,Unknown,1.00,יחידה,false,,8.50,8.5000,true,1,152554
7290003457991,false,טילון קורנטו וניל עם וופל ואגוזי לוז מסוכרים,"גלידת שטראוס בע""\מ, רחוב",,מאגדת קורנטו קלאסיק,Unknown,6.00,יחידה,false,,33.90,5.6500,true,1,152558
7290003550753,false,נתחי טונה בהירה בשמן פוסידון (108x4 גרם),"מיוצר עי וליגר בעמ,",,נתחי טונה בהירה בשמן,גרמים,432.00,100 גרם,false,,20.90,0.0484,true,1,148298
7290003569021,false,כרובית ארוזה יח' רמי לוי,,,כרובית,יח',1.00,יח',false,,9.90,9.9000,true,1,152860
7290003578061,false,לבבות דקל שלמים וילי פוד (400 גרם),ג.וילי-פוד אינטרנשיונל בעמ,,לבבות דקל שלמים וילי,גרמים,400.00,100 גרם,false,,13.90,0.0348,true,1,157721
7290003578108,false,חתיכות אננס בסירופ קל וילי פוד (850 גרם),ג.וילי פוד אינטרנשיונל בעמ,,אננס חתוך 850 גרם,גרמים,850.00,100 גרם,false,,8.90,0.0105,true,1,158782
7290003578177,false,תירס צעיר שלם וילי פוד (410 גרם),ג.וילי-פוד אינטרנשיונל בעמ,,תירס גמדי 410 גרם,גרמים,410.00,100 גרם,false,,6.90,0.0168,true,1,143895
7290003578313,false,דובדבנים ללא חרצנים ויליפוד 680 גרם,ג. וילי-פוד אינטרנשיונל בע`מ,,דובדבנים חמוצים ללא,גרמים,680.00,100 גרם,false,,9.90,0.0146,true,1,158784
7290003578672,false,ויליפוד שמן חמניות 1 ליטר{בית יוסף},וילי פוד,,שמן חמניות מזוכך ויל,מיליליטרים,1000.00,"100 מ""ל",false,,13.90,0.0139,true,1,158785
7290003598304,false,"פילה אמנון וואקום בד""ץ עד""ח",,,פילה אמנון,Unknown,1.00,יחידה,false,,5.00,5.0000,true,1,144131
7290003632442,false,מעדניה - פילה אמנון,,,מעדניה - פילה אמנון,קילוגרמים,1.00,"ק""ג",true,,30.90,30.9000,true,1,157454
7290003643004,false,אורז בסמטי קלאסי סוגת (1 קג),האי נאם סי או אל.טי.,,אורז בסמטי קלאסי סוג,גרמים,1000.00,100 גרם,false,,13.90,0.0139,true,1,147390
7290003643127,false,עשיריה אבקת אפיה 10*10 גרם סוגת,גוד פוד פרודקטס S.p,,אבקת אפיה 10 יחידות,גרמים,100.00,100 גרם,false,,1.20,0.0120,true,1,143141
7290003643134,false,סוכר וניל סוגת 100 גרם מארז 10 יחידות,גוד פוד פרודקטס S.p,,סוכר וניל 10 יחידות,גרמים,100.00,100 גרם,false,,1.20,0.0120,true,1,143142
7290003643387,false,"סוכר אריזת פלסטיק 1 ק""ג סוגת",האי נאם סי או אל.טי.,,סוכר לבן בצנצנת סוגת,גרמים,1000.00,100 גרם,false,,7.90,0.0079,true,1,143144
7290003643646,false,"סוכר דמררה קלאסי בצנצנת סוגת 1 ק""ג",האי נאם סי או אל.טי.,,סוכר דמררה בצנצנת סו,גרמים,1000.00,100 גרם,false,,12.90,0.0129,true,1,150887
7290003643707,false,גריסים סוגת (500 גרם),"סוגת תעשיות בע""מ",,גריסים סוגת 500 גרם,גרמים,500.00,100 גרם,false,,5.90,0.0118,true,1,143146
7290003643738,false,חיטה סוגת (500 גרם),האי נאם סי או אל.טי.,,חיטה סוגת 500 גרם,גרמים,500.00,100 גרם,false,,5.90,0.0118,true,1,143148
7290003643745,false,כוסמת סוגת (500 גרם),האי נאם סי או אל.טי.,,כוסמת סוגת 500 גרם,גרמים,500.00,100 גרם,false,,7.90,0.0158,true,1,143149
7290003643752,false,עדשים ירוקים יבש סוגת 500 גר',האי נאם סי או אל.טי.,,עדשים ירוקות סוגת 50,גרמים,500.00,100 גרם,false,,7.90,0.0158,true,1,143150
7290003643776,false,"פופקורן גרעינים סוגת 500 ג' כשל""פ",האי נאם סי או אל.טי.,,פופקורן סוגת 500 גרם,גרמים,500.00,100 גרם,false,,5.90,0.0118,true,1,143152
7290003643806,false,שעועית לבנה יבשה סוגת (500 גרם),האי נאם סי או אל.טי.,,שעועית לבנה יבשה סוג,גרמים,500.00,100 גרם,false,,11.90,0.0238,true,1,148493
7290003643813,false,שעועית אדומה יבשה סוגת 500 גר',האי נאם סי או אל.טי.,,שעועית אדומה סוגת 50,גרמים,500.00,100 גרם,false,,10.90,0.0218,true,1,148494
7290003718146,false,שניצל עוף ארוז 400 ג,,,שניצל עוף ארוז 400 ג,גרמים,400.00,100 גרם,false,,15.00,0.0375,true,1,144133
7290003781652,false,צלפים במי מלח וילי פוד 230 גרם,ג. וילי-פוד אינטרנשיונל בע`מ,,צלפים 350 גרם צנצנת,גרמים,350.00,100 גרם,false,,8.90,0.0254,true,1,147480
7290003805501,false,"פתית בסגנון שוודי תלמה בד""צ 300 גרם",יוניליוור ישראל שיווק בע`מ,,פתית שוודי חסכוני 30,גרמים,300.00,100 גרם,false,,14.90,0.0497,true,1,144233
7290003864478,false,סרדינים בשמן צמחי פתח קל ויליפוד 110 גרם,ג.וילי-פוד אינטרנשיונל בעמ,,סרדין בשמן צמחי 110,גרמים,110.00,100 גרם,false,,5.90,0.0536,true,1,143896
7290003864485,false,סרדינים ברוטב עגבנ יות ויליפוד 110ג' פתח קל,ג. וילי-פוד אינטרנשיונל בע`מ,,סרדין ברוטב עגבניות,גרמים,110.00,100 גרם,false,,5.90,0.0536,true,1,143897
7290003864492,false,סרדין בשמן צמחי חריף פתח קל ויליפוד 110 גרם,ג. וילי-פוד אינטרנשיונל בע`מ,,סרדין בשמן צמחי חריף,גרמים,110.00,100 גרם,false,,5.90,0.0536,true,1,143898
7290003882922,false,עלי גפן ממולאים באורז וילי פוד 360 גרם,ג. וילי-פוד אינטרנשיונל בע`מ,,עלי גפן ממולא 400 גר,גרמים,400.00,100 גרם,false,,9.50,0.0238,true,1,147492
7290003893416,false,פילה אמנון 5-7,בלדי,,פילה אמנון,Unknown,1.00,יחידה,false,,5.00,5.0000,true,1,144139
7290003893539,false,מעדניה - פילה אמנון,,,מעדניה - פילה אמנון,קילוגרמים,1.00,"ק""ג",true,,30.90,30.9000,true,1,156443
7290003989096,false,סלט חצילים פיקנטי אחלה 500 גרם,שטראוס גרופ בעמ/מצונן,,חציל פיקנטי 500,גרמים,575.00,100 גרם,false,,15.90,0.0277,true,1,148951
7290003989539,false,רביולי עם גבינה שטראוס (400 גרם),שטראוס גרופ בעמ/מצונן,,רביולי גבינה 400 גרם,גרמים,400.00,100 גרם,false,,19.80,0.0495,true,1,142846
7290004048518,false,מעדניה - פילה אמנון,,,מעדניה - פילה אמנון,קילוגרמים,1.00,"ק""ג",true,,29.90,29.9000,true,1,156444
7290004048518,false,מעדניה - פילה אמנון,,,מעדניה - פילה אמנון,קילוגרמים,1.00,"ק""ג",true,,30.90,30.9000,true,1,156688
7290004048525,false,פילה אמנון דלידג 5-7,דלידג - נטו,,מעדניה - פילה אמנון,קילוגרמים,1.00,"ק""ג",true,,30.90,30.9000,true,1,148382
7290004048532,false,מעדניה - פילה אמנון,,,מעדניה - פילה אמנון,קילוגרמים,1.00,"ק""ג",true,,30.90,30.9000,true,1,156445
7290004063016,false,מלח שולחן מעולה סלית (1 קג)פיקוח,האי נאם סי או אל.טי.,,"מלח שולחן דק 1 ק""ג",גרמים,1000.00,100 גרם,false,,1.90,0.0019,true,1,146341
7290004063016,false,מלח שולחן מעולה סלית (1 קג)פיקוח,האי נאם סי או אל.טי.,,"מלח שולחן דק 1 ק""ג",גרמים,1000.00,100 גרם,false,,1.90,0.0019,true,1,150720
7290004063115,true,"מלח בישול 1 ק""ג",,,"מלח בישול 1 ק""ג",,0.00,,false,,1.50,0.0000,true,1,148506
7290004063115,false,"מלח מטבח עבה להמלחת בשר ובישול 1 ק""ג 1ק""ג",האי נאם סי או אל.טי.,,"מלח עבה 1 ק""ג",גרמים,1000.00,100 גרם,false,,1.90,0.0019,true,1,150721
7290004119225,false,יוגורט יופלה אננס 3% שומן 150 גרם,תנובה מרכז שיתופי לש,,יופלה יוגורט אננס %3,מיליליטרים,150.00,"100 מ""ל",false,,5.00,0.0333,true,1,152392
7290004120566,false,גבינה בולגרית (25024% גרם)פיראוס תנובה,"תנובה בע""מ ***",,גבינה בולגרית 24% פי,גרמים,250.00,100 גרם,false,,22.90,0.0916,true,1,152405
7290004120573,false,גבינה בולגרית (25016% גרם)פיראוס תנובה,תנובה מרכז שיתופי לש,,פיראוס בולגרית גביע,גרמים,250.00,100 גרם,false,,22.90,0.0916,true,1,152406
7290004121853,false,גבינה בולגרית קוביות (2005% גרם)פיראוס,תנובה מרכז שיתופי לש,,קוביות גבינה בולגרית,גרמים,250.00,100 גרם,false,,20.90,0.0836,true,1,152407
7290004122119,false,פתיתי פרמזן לפסטה 23% השף הלבן 100 גרם,"תנובה בע""מ ***",,פתיתי פרמזן מגורדת 2,גרמים,100.00,100 גרם,false,,12.10,0.1210,true,1,154635
7290004122119,false,פתיתי פרמזן לפסטה 23% השף הלבן 100 גרם,"תנובה בע""מ ***",,פתיתי פרמזן מגורדת 2,גרמים,100.00,100 גרם,false,,12.10,0.1210,true,1,154636
7290004122195,false,גוש חלב גבינה צהובה פרוסה 28% תנובה 200 גרם,"תנובה בע""מ ***",,גוש חלב פרוס 200 גרם,גרמים,200.00,100 גרם,false,,13.80,0.0690,true,1,147777
7290004122270,false,עמק קלאסית פרוסות גבינה חצי קשה 28% 200 גרם,תנובה מרכז שיתופי לש,,גבינה עמק פרוס 28% ב,גרמים,200.00,100 גרם,false,,15.90,0.0795,true,1,147778
7290004122348,false,גבינה צהובה מופחתת שומן 9% עמק (200 גרם),תנובה מרכז שיתופי לש,,עמק לייט פרוס 9% 200,גרמים,200.00,100 גרם,false,,16.60,0.0830,true,1,145016
7290004122683,false,עמק חטיף אצבעות גבינה חצי קשה 28% שומן,תנובה מרכז שיתופי לש,,עמק אצבעות גבינה 28%,גרמים,172.00,100 גרם,false,,16.40,0.0953,true,1,154637
7290004124205,false,יופלה דיאט יוגורט תות %0 גביע 150 גרם,תנובה מרכז שיתופי לש,,יופלה דיאט יוגורט תו,גרמים,150.00,100 גרם,false,,5.00,0.0333,true,1,147780
7290004124847,false,"קצפת צמחית השף הלבן 500 מ""ל תנובה",תנובה מרכז שיתופי לש,,קצפת צמחית 20% השף ה,מיליליטרים,500.00,"100 מ""ל",false,,15.90,0.0318,true,1,159132
7290004125400,false,"אשל שלי מהדרין 200 מ""ל 4.5% ""תנובה""- מוצר בפיקוח",פארייפאבה אגרואינדוס,,שלי אשל 4.5% תנובה 2,מיליליטרים,200.00,"100 מ""ל",false,,1.69,0.0084,true,1,147079
7290004125417,false,"גיל 3% שלי 200 מ""ל ""תנובה"" -מוצר בפיקוח",תנובה מרכז שיתופי לש,,שלי גיל 3% תנובה 200,מיליליטרים,200.00,"100 מ""ל",false,,1.51,0.0076,true,1,147080
7290004125455,false,"שמנת חמוצה 200 מ""ל 15% ""תנובה"" -מוצר בפיקוח",תנובה מרכז שיתופי לש,,שמנת אורגינל 15% תנו,מיליליטרים,200.00,"100 מ""ל",false,,2.40,0.0120,true,1,147084
7290004125509,false,"שמנת חמוצה 15% מועשרת תנובה 100 מ""ל",תנובה מרכז שיתופי לש,,שמנת חמוצה 15% תנובה,מיליליטרים,100.00,"100 מ""ל",false,,1.70,0.0170,true,1,159134
7290004125585,false,משקה סויה בטעם וניל תנובה 1 ליטר,תנובה מרכז שיתופי לש,,משקה סויה בטעם וניל,מיליליטרים,1000.00,"100 מ""ל",false,,10.90,0.0109,true,1,152050
7290004125721,false,"השף הלבן שמנת עמידה לבישול 15% תנובה 250 מ""ל",תנובה מרכז שיתופי לש,,שמנת לבישול 15% השף,מיליליטרים,250.00,"100 מ""ל",false,,8.10,0.0324,true,1,145020
7290004125738,false,שמנת מתוקה להקצפה32% 250מל עמיד השף הלבן,תנובה מרכז שיתופי לש,,שמנת מתוקה להקצפה 32,מיליליטרים,250.00,"100 מ""ל",false,,6.20,0.0248,true,1,152386
7290004126674,false,טל העמק פרוסות גבינה חצי קשה לייט %9 200 גרם בקופסא,תנובה מרכז שיתופי לש,,טל העמק פרוס 9% 200,גרמים,200.00,100 גרם,false,,18.80,0.0940,true,1,159135
7290004126872,false,משקאות חלב תנובה שוקו בקבוק 250מל,תנובה - חלב,,שוקו תנובה בבקבוק 25,מיליליטרים,250.00,"100 מ""ל",false,,5.70,0.0228,true,1,144991
7290004126872,false,משקאות חלב תנובה שוקו בקבוק 250מל,תנובה - חלב,,שוקו תנובה בבקבוק 25,מיליליטרים,250.00,"100 מ""ל",false,,5.70,0.0228,true,1,147781
7290004127077,false,קוטג תנובה 3% גביע 250 גרם מהדרין,מיוצר עי קונדיטוריית,,גבינת קוטג' 3% תנובה,גרמים,250.00,100 גרם,false,,5.70,0.0228,true,1,145022
7290004127329,false,קוטג תנובה גביע 250 גרם %5 ו.מהדרין,מיוצר עי קונדיטוריית,,גבינת קוטג' 5% תנובה,גרמים,250.00,100 גרם,false,,5.70,0.0228,true,1,144992
7290004127336,false,קוטג תנובה גביע 250 גרם %9 ו.מהדרין,מיוצר עי קונדיטוריית,,גבינת קוטג' 9% תנובה,גרמים,250.00,100 גרם,false,,5.70,0.0228,true,1,145023
7290004127800,false,"גבינה לבנה 500 גרם 5% ""תנובה"" -מוצר בפיקוח",מיוצר עי קונדיטוריית,,גבינה לבנה תנובה 5%,גרמים,500.00,100 גרם,false,,9.95,0.0199,true,1,147083
7290004127817,false,גבינה לבנה 9% שומן 500 ג' תנובה,מיוצר עי קונדיטוריית,,גבינה לבנה תנובה 9%,גרמים,500.00,100 גרם,false,,9.95,0.0199,true,1,147085
7290004129101,false,גבינת שמנת 25% בטעם טבעי 225 ג' נפוליאון,תנובה מרכז שיתופי לש,,גבינת שמנת 25% בטעם,גרמים,225.00,100 גרם,false,,13.90,0.0618,true,1,163864
7290004129156,false,גבינת שמנת25% עם שום שמיר 225 ג' נפוליאון,תנובה מרכז שיתופי לש,,נפוליאון שום שמיר 22,גרמים,225.00,100 גרם,false,,13.90,0.0618,true,1,144995
7290004130794,false,משקה סויה במתיקות מופחתת תנובה (1 ליטר),תנובה מרכז שיתופי לש,,משקה סויה טבעי במתיק,מיליליטרים,1000.00,"100 מ""ל",false,,9.90,0.0099,true,1,145025
7290004131074,false,"חלב 1 ליטר 3% קרטון ""תנובה""- מוצר בפיקוח",תנובה מרכז שיתופי לש,,חלב קרטון 3% תנובה 1,מיליליטרים,1000.00,"100 מ""ל",false,,6.23,0.0062,true,1,145026
7290004131814,false,גבינת צפתית מעודנת (2005% גרם)פיראוס ת,פארייפאבה אגרואינדוס,,צפתית מעודנת,פריט,1.00,"ק""ג",false,,14.60,14.6000,true,1,159106
7290004132552,false,משקה סויה בטעם טבעי לייט תנובה 1 ליטר,תנובה מרכז שיתופי לש,,משקה סויה לייט בטעם,מיליליטרים,1000.00,"100 מ""ל",false,,10.90,0.0109,true,1,152051
7290004132712,false,חטיף אצבעות גבינת מוצרלה 20% 172 ג' עמק,תנובה מרכז שיתופי לש,,עמק אצבעות מוצרלה תנ,גרמים,174.00,100 גרם,false,,16.40,0.0943,true,1,154634
7290004134945,false,יוגורט ביו 3% בטעם מוקה יופלה (150 גרם),תנובה מרכז שיתופי לש,,יופלה מוקה 3% 150 גר,גרמים,150.00,100 גרם,false,,5.00,0.0333,true,1,157312
7290004136598,false,מארז הפסקת אוכל עם קורנפלקס ומשקה חלב עמיד בטעם וניל,פארייפאבה אגרואינדוס,,מארז הפסקת אוכל חלב,גרמים,150.00,100 גרם,false,,9.50,0.0633,true,1,147787
7290004136598,false,מארז הפסקת אוכל עם קורנפלקס ומשקה חלב עמיד בטעם וניל,פארייפאבה אגרואינדוס,,מארז הפסקת אוכל חלב,גרמים,150.00,100 גרם,false,,9.50,0.0633,true,1,147836
7290004136857,false,מעדן ג`לי בטעם פטל תנובה (125 גרם),תנובה מרכז שיתופי לש,,ג'לי בטעם פטל 125,גרמים,125.00,100 גרם,false,,2.60,0.0208,true,1,145030
7290004136864,false,מעדן ג'לי בטעם אננס עם חתיכות תנובה 125 גרם,תנובה בעמ ***,,ג'לי אננס עם חתיכות,גרמים,125.00,100 גרם,false,,2.80,0.0224,true,1,144998
7290004136871,false,מעדן ג'לי בטעם אפרסק עם חתיכות תנובה 125 גרם,תנובה מרכז שיתופי לש,,ג'לי אפרסק עם חתיכות,גרמים,125.00,100 גרם,false,,2.80,0.0224,true,1,144999
7290004225285,false,גבינה בסגנון דנאבלו 100 גר,האי נאם סי או אל.טי.,,גבינה בסגנון דנאלבו,גרמים,100.00,100 גרם,false,,11.90,0.1190,true,1,148300
7290004225285,false,גבינה בסגנון דנאבלו 100 גר,האי נאם סי או אל.טי.,,גבינה בסגנון דנאלבו,גרמים,100.00,100 גרם,false,,11.90,0.1190,true,1,148384
7290004228354,false,מעדניה - פילה אמנון,,,מעדניה - פילה אמנון,קילוגרמים,1.00,"ק""ג",true,,30.90,30.9000,true,1,156448
7290004324605,false,גבינה מותכת למריחה בטעם רוקפור 7% מון בלאן 120 ג',נטו מילנדה סחר בעמ*,,מון בלאן רוקפור 120,גרמים,120.00,100 גרם,false,,11.40,0.0950,true,1,148397
7290004324858,false,קבב כבש טיבון ויל 500 גרם,"טיבון ויל אחזקות בע""",,קבב כבש טיבון ויל 50,גרמים,500.00,100 גרם,false,,19.90,0.0398,true,1,162577
7290004554330,false,"קרחון בטעם דובדבן ""שטראוס""","מיוצר ע""\י גלידת שטראוס",,אסקימו דובדבן,Unknown,1.00,יחידה,false,,2.90,2.9000,true,1,152559
7290004554354,false,גלידת פנטזיה שוקו וניל 1 ל' שטראוס,"גלידת שטראוס בע""\מ, רחוב",,פנטסיה שוקו וניל 900,מיליליטרים,900.00,"100 מ""ל",false,,21.90,0.0243,true,1,154403
7290004554903,false,"גלידת פנטזיה שוקו וניל 900 מ""ל שטראוס","גלידת שטראוס בע""\מ, רחוב",,גלידת פנטזיה שוקו ונ,מיליליטרים,900.00,"100 מ""ל",false,,21.90,0.0243,true,1,154404
7290004584306,false,רבעיית גמדים בטעם תות בננה * 100 ג' שטראוס,שטראוס גרופ בעמ/מצונן,,מעדן גמדים תות בננה,גרמים,400.00,100 גרם,false,,11.40,0.0285,true,1,142847
7290004584351,false,גבינה לבנה סימפוניה עם תוספות 200 ג' חמישית 200,שטראוס גרופ בעמ/מצונן,,גבינה במרקם שמנת סימ,גרמים,200.00,100 גרם,false,,11.00,0.0550,true,1,147664
7290004584528,false,יוגורט דנונה ביו לבן 1.7% שומן 200 גרם,שטראוס גרופ בעמ/מצונן,,דנונה ביו 1.7% 200 ג,גרמים,200.00,100 גרם,false,,3.70,0.0185,true,1,149693
7290004585907,false,דני ועדן וניל 1.5% 125ג' שטראוס,שטראוס גרופ בעמ/מצונן,,דני מעדן חלב בטעם ונ,גרמים,125.00,100 גרם,false,,2.70,0.0216,true,1,142848
7290004603175,false,מלח הים האדום גס מלח הארץ (500 גרם),"חברת מלח הארץ אילת בע""\מ",,מלח הים האדום 500 גר,גרמים,500.00,100 גרם,false,,7.90,0.0158,true,1,143200
7290004731472,false,"אל סבון צבעוני כיף שלישיה* 500 מ""ל",החברה הדרומית לשיווק בעמ,,אל סבון צבעוני כיף 3,מיליליטרים,1500.00,"100 מ""ל",false,,19.90,0.0133,true,1,147551
7290004731564,false,"מקסימה מבשם ומרכך למייבש הכביסה בלו בלוסום 750 מ""ל",החברה הדרומית לשיווק בעמ,,מקסימה למייבש בלו בו,מיליליטרים,750.00,"100 מ""ל",false,,16.30,0.0217,true,1,147967
7290004731670,false,"מטהר אוויר דואופרש פצ'ולי לבנדר סנו 300 מ""ל",החברה הדרומית לשיווק בעמ,,סנו מטהר אויר דואופר,מיליליטרים,330.00,"100 מ""ל",false,,11.90,0.0361,true,1,144375
7290004842758,false,סחוג ירוק 200 גרם,,,סחוג ירוק 200 גרם,גרמים,200.00,100 גרם,false,,5.00,0.0250,true,1,143178
7290004842765,false,סחוג אדום 200 גרם,,,סחוג אדום 200 גרם,גרמים,200.00,100 גרם,false,,5.00,0.0250,true,1,143179
7290004872014,false,שרבט גומי גם 75 גר,נגה גלידות,,גומיגם כשלפ,Unknown,1.00,יחידה,false,,5.00,5.0000,true,1,144788
7290004872038,false,קרחון אננס,,,קרחון אננס,Unknown,1.00,יחידה,false,,6.00,6.0000,true,1,144790
7290004873592,false,וניל פטל- קיד וידאו,,,וניל פטל- קיד וידאו,Unknown,0.00,יחידה,false,,6.00,0.0000,true,1,144798
7290004923051,false,מים מינרלים עין גדי 2 ל',יפאורה שותפות מוגבלת לשיווק,,עין גדי 2 ליטר בקבוק,מיליליטרים,2000.00,"100 מ""ל",false,,2.90,0.0014,true,1,143429
7290004923099,false,שישיית מים עין גדי 2 ליטר,עין גדי מיים מינרלים,,מים מינרלים עין גדי,קילוגרמים,12.00,ליטר,false,,11.90,0.9917,true,1,150597
7290005008184,false,"סבון נוזלי בניחוח חלב שקדים פלמוליב 500 מ""ל",הנסיך- מפעל לייצור ט,,תחליב רחצה מועשר בשק,מיליליטרים,500.00,"100 מ""ל",false,,17.90,0.0358,true,1,148756
7290005040955,false,חסה ערבית יחידה,,,חסה ערבית יחידה,פריט,1.00,"ק""ג",false,,4.90,4.9000,true,1,158033
7290005113222,false,זיתים קוקטייל וגמבה יבנה 350ג',קבוצת יבנה מוצרי מזון אגודה שי,,זיתים מיקס יבנה 540,גרמים,540.00,100 גרם,false,,9.80,0.0181,true,1,148191
7290005174513,false,חציל על האש במיונז אחלה 400 גרם+225גר,שטראוס גרופ בעמ/מצונן,,חצילים במיונז 500 ג,גרמים,500.00,100 גרם,false,,15.90,0.0318,true,1,148953
7290005174551,false,סלט חומוס עם צנוברים 125 ג' אחלה,שטראוס גרופ בעמ/מצונן,,סלט חומוס יום יום אח,גרמים,125.00,100 גרם,false,,4.90,0.0392,true,1,142849
7290005174568,false,אחלה יום יום חצילים במיונז 125 גרם,שטראוס גרופ בעמ/מצונן,,סלט חצילים במיונז יו,גרמים,125.00,100 גרם,false,,4.90,0.0392,true,1,149694
7290005174575,false,טחינה אחלה יום יום משובחת 125ג',שטראוס גרופ בעמ/מצונן,,סלט טחינה יום יום אח,גרמים,125.00,100 גרם,false,,4.90,0.0392,true,1,149695
7290005199738,false,גומי מאסט בטעם פפרמינט ריח פה נעים פליפטופ 28 ג' עלית,שטראוס גרופ בע`מ,,"מאסט מנטה מרעננת לל""",גרמים,28.00,100 גרם,false,,4.50,0.1607,true,1,150086
7290005200786,false,תפוצ'יפס בטעם שמנת בצל עלית 50 גרם,"שטראוס פריטו ליי בע""\מ )",,תפוציפס שמנת ובצל 50,גרמים,50.00,100 גרם,false,,4.00,0.0800,true,1,143034
7290005287206,false,רביעיית טונה בשמן סטארקיסט 160 גרם,דיפלומט מפיצים (1968) בעמ**,,טונה סטארקיסט בשמן 4,גרמים,640.00,100 גרם,false,,24.90,0.0389,true,1,143736
7290005287251,false,רביעיית טונה במים סטארקיסט 160 גרם,דיפלומט מפיצים (1968) בעמ**,,נתחי טונה סטארקיסט ב,גרמים,640.00,100 גרם,false,,24.90,0.0389,true,1,143737
7290005317200,false,קרקר טופז טעמים שונים 110 גר,ח.כהן סוכנות מזון ומשקאות בע,,קרקר טופז מלח,גרמים,110.00,100 גרם,false,,5.00,0.0455,true,1,143534
7290005423635,false,ריצפז נוזל רצפות דוחה תיקנים סנו 2 ליטר,החברה הדרומית לשיווק בעמ,,סנו ריצפז דוחה חרקים,מיליליטרים,2000.00,"100 מ""ל",false,,21.90,0.0109,true,1,144377
7290005423888,false,אלסבון כיף שלישיה מעורב,טרופיקל דגיל תעשיות,,אל סבון נוזלי מעורב,מיליליטרים,1500.00,"100 מ""ל",false,,19.90,0.0133,true,1,152599
7290005423918,false,סנו - מקסימה מרכך כביסה היפואלרגני אלוורה 4 ליטר,החברה הדרומית לשיווק בעמ,,מקסימה מרכך 4 ליטר ב,מיליליטרים,4000.00,"100 מ""ל",false,,21.90,0.0055,true,1,149629
7290005425646,false,קליר נוזל לניקוי חלונות רב תכליתי סנו 1 ליטר,החברה הדרומית לשיווק בעמ,,ספריי רב תכליתי לניק,מיליליטרים,1000.00,"100 מ""ל",false,,12.90,0.0129,true,1,144379
7290005430602,false,"סנו אוקסיג'ן ספריי להסרת כתמים עם חמצן פעיל 750 מ""ל",החברה הדרומית לשיווק בעמ,,אוקסיג'ן מרסס מסיר כ,מיליליטרים,750.00,"100 מ""ל",false,,19.90,0.0265,true,1,144380
7290005431913,false,עוגת גבינה פירורים עדן קינוחים 92 גרם,עדן קינוחים Eden,,עוגת גבינה פירורים ע,גרמים,92.00,100 גרם,false,,6.90,0.0750,true,1,163561
7290005437069,false,"שמן זית למאור בד""ץ טעמן 1 ליטר",טעמן שיווק מזון בעמ,,שמן זית מאור טעמן 1,מיליליטרים,1000.00,"100 מ""ל",false,,18.90,0.0189,true,1,163149
7290005437212,false,טעמן שמן זית כ.מעולה ספרדי בדץ 750מל.,טעמן שיווק מזון בעמ,,שמן זית כתית מעולה ט,מיליליטרים,750.00,"100 מ""ל",false,,29.90,0.0399,true,1,147058
7290005437632,false,שמן קנולה 1 ליטר טעמן,,,שמן קנולה טעמן 1 ליט,מיליליטרים,1000.00,"100 מ""ל",false,,10.90,0.0109,true,1,143773
7290005437700,false,נתחי טונה בשמן טעמן,טעמן שיווק מזון בעמ,,נתחי טונה בשמן טעמן,גרמים,150.00,100 גרם,false,,5.00,0.0333,true,1,143774
7290005437755,false,פסטה בילאגיו צינורות 500 גרם טעמן,מוצרי יסוד - טעמן,,פסטה בילאגיו צינורות,גרמים,500.00,100 גרם,false,,4.90,0.0098,true,1,164217
7290005437762,false,פסטה בילאג'יו ספירלה 500גר' טעמן,מוצרי יסוד - טעמן,,פסטה בילאג'יו ספירלה,גרמים,500.00,100 גרם,false,,4.90,0.0098,true,1,164218
7290005559907,false,פיצה משפחתית 100% גבינה מעדנות 500 גרם,תנובה מרכז שיתופי לשיווק תוצרת,,פיצה משפחתית 100% גב,גרמים,500.00,100 גרם,false,,23.90,0.0478,true,1,147887
7290005559914,false,פיצה משפחתית עם 100% גבינה בתוספת זיתים מעדנות 550 גרם,תנובה מרכז שיתופי לשיווק תוצרת,,פיצה משפחתית זיתים מ,גרמים,550.00,100 גרם,false,,23.90,0.0435,true,1,147888
7290005591761,false,דבש טהור מפרחי בר בלחיץ 400 ג' יד מרדכי,מכוורת יד מרדכי שטרא,,דבש טהור לחיץ 400 גר,גרמים,400.00,100 גרם,false,,21.90,0.0547,true,1,147422
7290005678332,true,ענבים שחורים - סייבל,,,ענבים שחורים - סייבל,קילוגרמים,1.00,"ק""ג",true,,19.90,19.9000,true,1,152861
7290005678387,false,ענב אוטום רויאל -שחור,מושב לכיש,,ענב אדום,קילוגרמים,1.00,"ק""ג",true,,24.90,24.9000,true,1,162698
7290005678486,true,ענבים שחורים - מידני,,,ענבים שחורים - מידני,קילוגרמים,1.00,"ק""ג",true,,19.90,19.9000,true,1,152862
7290005678745,false,ענב אדום,,,ענב אדום,קילוגרמים,1.00,"ק""ג",true,,24.90,24.9000,true,1,162804
7290005838002,false,מעדן גבינה ויוגורט בטעם וניל 88 ג' דניאלה,שטראוס גרופ בעמ/מצונן,,דניאלה וניל 150 גרם,גרמים,150.00,100 גרם,false,,4.10,0.0273,true,1,142851
7290005838972,false,סקי יום יום גבינה לבנה %5 125 גרם,שטראוס גרופ בעמ/מצונן,,סקי יום יום 5% 125 ג,גרמים,125.00,100 גרם,false,,3.10,0.0248,true,1,142852
7290005839078,false,שמיניית יוגורט לבן 3% ביו דנונה 150 גרם,שטראוס גרופ בעמ/מצונן,,מארז 8 חסכון - ביו 3,גרמים,1200.00,100 גרם,false,,15.90,0.0133,true,1,158215
7290005839108,false,גבינה לבנה סימפוניה עם תוספות 200 ג'+זיתים 5%,שטראוס גרופ בעמ/מצונן,,גבינה במרקם שמנת 5%,גרמים,200.00,100 גרם,false,,11.00,0.0550,true,1,147665
7290005839313,false,מילקי Top עם שוקולדה מגולגלת 140 גרם,שטראוס גרופ בעמ/מצונן,,מילקי טופ מגולגלת 17,מיליליטרים,170.00,"100 מ""ל",false,,4.90,0.0288,true,1,142853
7290005896637,false,סאן בנדטו - מים מינרלים טבעיים מהאלפים 1.5 ליטר,אקווה מינרלה סאן בנדטו ב,,מים מינרליים טבעיים,מיליליטרים,9000.00,"100 מ""ל",false,,4.80,0.0005,true,1,167047
7290005951039,false,כרובית ארוזה,מלא הסל פירות וירקות בעמ-לא פע,,כרובית,יח',1.00,יח',false,,9.90,9.9000,true,1,158410
7290005966033,false,הר חרמון לבן יקב רמת הגולן (750 מל),היכל היין שקד גולן בעמ,,יין לבן יבש הר חרמון,מיליליטרים,750.00,"100 מ""ל",false,,31.90,0.0425,true,1,154602
7290005966088,false,"יין הר חרמון אדום עברית 750 מ""ל",היכל היין שקד גולן בעמ,,יין אדום יבש הר חרמו,מיליליטרים,750.00,"100 מ""ל",false,,31.90,0.0425,true,1,154603
7290005992575,false,גבינה בולגרית למריחה 5% גד (250 גרם),מחלבות גד שיווק 1992 בעמ,,גבינה בולגרית למריחה,גרמים,250.00,100 גרם,false,,15.90,0.0636,true,1,148146
7290006229427,false,סן בנדטו - מים מינרלים - מארז שישיית 500 מל,טמפו משקאות בע`מ,,שישיית מים סאן בנדטו,מיליליטרים,3000.00,"100 מ""ל",false,,12.90,0.0043,true,1,144604
7290006229427,false,סן בנדטו - מים מינרלים - מארז שישיית 500 מל,טמפו משקאות בע`מ,,שישיית מים סאן בנדטו,מיליליטרים,3000.00,"100 מ""ל",false,,12.90,0.0043,true,1,151178
7290006251275,false,תה ירוק סיני קלאסי ויסוצקי 25 יחידות,תה ויסוצקי (ישראל) בעמ,,תה ירוק סיני,Unknown,25.00,יחידה,false,,24.90,0.9960,true,1,152878
7290006271181,false,ג'חנון אפוי למיקרוגל מעדנות 750 גרם,תנובה מרכז שיתופי לשיווק תוצרת,,ג'חנון אפוי מוקפא לה,גרמים,750.00,100 גרם,false,,25.50,0.0340,true,1,145077
7290006272072,false,חטיפי פיצה גבינה מעדנות 650 גרם,תנובה קפואים,,חטיפי פיצה 24 יחידות,גרמים,650.00,100 גרם,false,,32.90,0.0506,true,1,145078
7290006272430,false,בצק עלים חמאה חלבי מעדנות (600 גרם),מיוצר עי קונדיטוריית,,בצק עלים חמאה מעדנות,גרמים,600.00,100 גרם,false,,27.90,0.0465,true,1,159283
7290006342447,false,גרעיני אבטיח ששון הקולה 200 גרם,דין שיווק וקליה 2021 בעמ,,גרעין אבטיח 200 גרם,גרמים,200.00,100 גרם,false,,12.90,0.0645,true,1,159909
7290006342645,false,טורטיה גדולה שקדיה 840 גרם 12 יחידות,דין שיווק וקליה 2021 בעמ,,טורטיה גדולה 840 גרם,גרמים,840.00,100 גרם,false,,16.90,0.0201,true,1,159912
7290006374738,false,קונפיטורה תות יד מרדכי בטעם תות,אף.סי תבליני בגליל ב,,קונפיטורת תות 340 גר,גרמים,340.00,100 גרם,false,,13.90,0.0409,true,1,148800
7290006492432,false,גבינה מוצרלה בייבי 18% גד (150 גרם),מחלבות גד שיווק 1992 בעמ,,בייבי מוצרלה 18% 150,גרמים,150.00,100 גרם,false,,14.90,0.0993,true,1,146107
7290006492616,false,גבינה בולגרית מעודנת פרוסות 5% גד 250 גרם,מחלבות גד שיווק 1992 בעמ,,גבינה בולגרית מעודנת,גרמים,250.00,100 גרם,false,,26.80,0.1072,true,1,148136
7290006492630,false,גבינת פרומעז עיזים 22% גד 180 גרם,מחלבות גד שיווק 1992 בעמ,,גבינת גליל עיזים 22%,גרמים,180.00,100 גרם,false,,22.50,0.1250,true,1,146102
7290006492852,false,גבינת עיזים למריחה 5% 250 גרם רובין,מחלבות גד שיווק 1992 בעמ,,גבינת עזים למריחה 5%,גרמים,250.00,100 גרם,false,,17.90,0.0716,true,1,146108
7290006633354,false,קופיקס - משקה פרנץ',,,קופיקס - משקה פרנץ',Unknown,0.00,יחידה,false,,2999.90,0.0000,true,1,147607
7290006644817,false,רביעייה שרינק שוופס סודה 1.5 ל',יפאורה שותפות מוגבלת לשיווק,,רביעית שוופס סודה 1.,מיליליטרים,1500.00,"100 מ""ל",false,,10.90,0.0073,true,1,150946
7290006653819,false,קוסקוס אמיתי דק בשקית 350 גרם,קבוצת אוסם סחר שותפות מוגבלת,,אסם קוסקוס דק 350 גר,גרמים,350.00,100 גרם,false,,7.90,0.0226,true,1,151621
7290006664051,false,"אקטימל לבן 1.51 ק""ג מארז 14 יחידות",שטראוס גרופ בעמ/מצונן,,"אקטימל לבן 14*100 מ""",מיליליטרים,1400.00,"100 מ""ל",false,,29.90,0.0214,true,1,142856
7290006664402,false,גבינה לבנה סקי 5% שומן 750 גרם,שטראוס גרופ בעמ/מצונן,,גבינה לבנה סקי % 5 7,גרמים,750.00,100 גרם,false,,14.90,0.0199,true,1,148956
7290006664655,false,דנונה Actimel יוגורט טבעי 8*100 מ``ל,שטראוס גרופ בעמ/מצונן,,"אקטימל לבן 8*100 מ""ל",מיליליטרים,800.00,"100 מ""ל",false,,20.90,0.0261,true,1,148958
7290006664990,false,"יוגורט דנונה ביו לבן 1.7% שומן 8*150 מ""ל",שטראוס גרופ בעמ/מצונן,,מארז 8 חסכון - ביו 1,גרמים,1200.00,100 גרם,false,,15.90,0.0133,true,1,149697
7290006681065,false,"קסטה שוקו וניל ""שטראוס""","מיוצר ע""\י גלידת שטראוס",,טעמקור XL,Unknown,1.00,יחידה,false,,7.90,7.9000,true,1,152565
7290006681553,false,קרמבו בטעם וניל שטראוס 8 יחידות,"גלידות שטראוס בע""מ",,קרמבו שטראוס וניל 8*,Unknown,8.00,יחידה,false,,16.90,2.1125,true,1,147638
7290006681560,false,קרמבו בטעם מוקה שטראוס 8 יחידות,"גלידות שטראוס בע""מ",,קרמבו בטעם מוקה שטרא,Unknown,8.00,יחידה,false,,16.90,2.1125,true,1,147639
7290006736147,false,חומוס מסעדות מסבחה 2,סלטים 2 ב13.90,,חומוס מסעדות מסבחה 2,גרמים,250.00,100 גרם,false,,5.00,0.0200,true,1,143181
7290006736154,false,חומוס מסעדות מסבחה ח,סלטים 2 ב13.90,,חומוס מסעדות מסבחה ח,גרמים,250.00,100 גרם,false,,5.00,0.0200,true,1,143182
7290006736550,false,חציל רומני 250 גרם,,,חציל רומני 250 גרם,גרמים,250.00,100 גרם,false,,5.00,0.0200,true,1,143183
7290006738615,false,קבב פרימיום זהב 100% בשר זוגלובק 400 ג',נקניק נהריה כשר זוגל,,קבב זהב 400 גרם,גרמים,400.00,100 גרם,false,,19.90,0.0497,true,1,147566
7290006739346,false,נקניקיות פרגיות טרי 400 גרם זוגלובק,נקניק נהריה כשר זוגל,,נקניקיות מבשר פרגיות,גרמים,400.00,100 גרם,false,,16.30,0.0408,true,1,153479
7290006739414,false,נקניק סלמי קוניאק זוגלובק 300 גרם,נקניק נהריה כשר זוגל,,סלמי קוניאק 300 גרם,גרמים,300.00,100 גרם,false,,25.90,0.0863,true,1,149263
7290006739421,false,נקניק סלמי מעושן איטלקי זוגלובק 300 גרם,נקניק נהריה כשר זוגל,,נקניק סלמי מעושן איט,גרמים,300.00,100 גרם,false,,25.90,0.0863,true,1,151556
7290006739421,false,נקניק סלמי מעושן איטלקי זוגלובק 300 גרם,נקניק נהריה כשר זוגל,,נקניק סלמי מעושן איט,גרמים,300.00,100 גרם,false,,25.90,0.0863,true,1,149264
7290006739445,false,שניצל תירס קלאסי 750 ג' זוגלובק,נקניק נהריה כשר זוגל,,שניצל תירס קלאסי 750,גרמים,750.00,100 גרם,false,,22.90,0.0305,true,1,147568
7290006742162,false,המבורגר מזרחי זוגלובק 400 גרם,נקניק נהריה כשר זוגל,,המבורגר מזרחי 400 גר,גרמים,400.00,100 גרם,false,,19.90,0.0497,true,1,154145
7290006742292,false,פסטרמה הודו בדבש 330 ג' זוגלובק,נקניק נהריה כשר זוגל,,פסטרמה בדבש 330 גרם,גרמים,330.00,100 גרם,false,,25.90,0.0785,true,1,147575
7290006775023,false,עוגה אנגלית אחוה (450 גרם)אחוה,אחדות ביתחרושת לטחינה חלבה,,עוגה אנגלית 450 גרם,גרמים,450.00,100 גרם,false,,10.90,0.0242,true,1,153558
7290006775030,false,עוגת שוקו צ`יפס אחוה (450 גרם)אחוה,אחדות ביתחרושת לטחינה חלבה,,עוגת שוקולד צ'יפס 45,גרמים,450.00,100 גרם,false,,10.90,0.0242,true,1,153559
7290006775047,false,עוגת שוקולד אחוה (450 גרם)אחוה,אחדות ביתחרושת לטחינה חלבה,,עוגת שוקולד 450 גרם,גרמים,450.00,100 גרם,false,,10.90,0.0242,true,1,153560
7290006775054,false,עוגת שיש אחוה (450 גרם)אחוה,אחדות ביתחרושת לטחינה חלבה,,עוגת שיש 450 גרם אחו,גרמים,450.00,100 גרם,false,,10.90,0.0242,true,1,153561
7290006775085,false,עוגת שמרים במילוי שוקולד אחוה,אחדות ביתחרושת לטחינה חלבה,,עוגת שמרים שוקולד 40,גרמים,400.00,100 גרם,false,,10.90,0.0273,true,1,153562
7290006822192,false,נקטר דיאט חמוציות אושן ספריי פריגת 1 ליטר,החברה המרכזית להפצת משקאות בעמ,,פריגת דיאט חמוציות 1,מיליליטרים,1000.00,"100 מ""ל",false,,11.90,0.0119,true,1,152923
7290006866363,false,מיץ סחוט אשכוליות אדומות פרימור 1 ליטר,שטראוס גרופ בעמ/מצונן,,מיץ אשכוליות אדומות,מיליליטרים,1000.00,"100 מ""ל",false,,16.20,0.0162,true,1,148960
7290006960023,false,כרוב כבוש מאמא מרי 7,מאמא מרי,,כרוב כבוש מאמא מרי 7,גרמים,750.00,100 גרם,false,,16.90,0.0225,true,1,160986
7290006983176,false,קרקר לחמית שיפון אסם (230 גרם),קבוצת אוסם סחר שותפות מוגבלת,,לחמית שיפון 230 גרם,גרמים,230.00,100 גרם,false,,9.50,0.0413,true,1,151065
7290006983770,false,עוגת הבית שיש אסם (400 גרם),קבוצת אוסם סחר שותפות מוגבלת,,עוגת הבית בטעם שוקול,גרמים,400.00,100 גרם,false,,11.90,0.0298,true,1,143325
7290006983787,false,עוגת הבית שוקולד צ'יפס אסם 400 גרם,קבוצת אוסם סחר שותפות מוגבלת,,עוגת הבית שיש אסם 40,גרמים,400.00,100 גרם,false,,11.90,0.0298,true,1,143326
7290006983794,false,עוגת הבית בטעם תפוז אסם 400 גרם,קבוצת אוסם סחר שותפות מוגבלת,,עוגת הבית שוקולד צ'י,גרמים,400.00,100 גרם,false,,11.90,0.0298,true,1,143327
7290007065007,false,מוצרלה פרוסות 22% 20,,,מוצרלה פרוסות 22% 20,גרמים,200.00,100 גרם,false,,17.70,0.0885,true,1,148168
7290008021104,false,מרכך לשיער רגיל פינוק (700 מל),יוניליוור ישראל שיווק בעמ,,מרכך פינוק לשיער רגי,גרמים,700.00,100 גרם,false,,11.90,0.0170,true,1,144242
7290008154222,false,עוף טוב שניצלונים 700 גרם,קבוצת אוסם סחר-שות.מוגבלת,,שניצלונים בציפוי מעו,גרמים,700.00,100 גרם,false,,19.90,0.0284,true,1,151067
7290008347181,false,מעדניה - פילה אמנון,,,מעדניה - פילה אמנון,קילוגרמים,1.00,"ק""ג",true,,30.90,30.9000,true,1,156446
7290008347891,false,מעדניה - פילה אמנון,,,מעדניה - פילה אמנון,קילוגרמים,1.00,"ק""ג",true,,30.90,30.9000,true,1,156447
7290008409100,false,אצבעות שניצל בציפוי שומשום מאמא עוף 700 גרם,תנובה גליל שותפות מוגבלת,,אצבעות שניצל בציפוי,גרמים,700.00,100 גרם,false,,34.90,0.0499,true,1,147905
7290008409124,false,מאמא עוף קפוא שניצל ג'ונגל פריך 700 גרם,תנובה מרכז שיתופי לשיווק תוצרת,,שניצל ג'ונגל פריך 70,גרמים,700.00,100 גרם,false,,34.90,0.0499,true,1,147341
7290008409216,false,מאמא עוף קפוא שניצל דק פריך 700 גרם,תנובה מרכז שיתופי לשיווק תוצרת,,שניצל דק דק פריך מאמ,גרמים,700.00,100 גרם,false,,39.90,0.0570,true,1,147343
7290008409407,false,שניצל דק דק צ`יפס מאמא עוף (700 גרם),תנובה גליל שותפות מוגבלת,,מאמא עוף שניצל דק צי,גרמים,700.00,100 גרם,false,,39.90,0.0570,true,1,147906
7290008409582,false,שניצל עוף אמיתי בציפוי ביתי מאמא עוף 700 גרם,תנובה מרכז שיתופי לשיווק תוצרת,,שניצל עוף אמיתי בציפ,גרמים,700.00,100 גרם,false,,39.90,0.0570,true,1,147342
7290008415071,false,צבר חומוס עם טחינה עגול 150 גרם,קבוצת אוסם סחר שותפות מוגבלת,,צבר חומוס עם טחינה 1,גרמים,150.00,100 גרם,false,,4.90,0.0327,true,1,151068
7290008415514,false,צבר חומוס עם חריף עגול 150 גרם,קבוצת אוסם סחר שותפות מוגבלת,,צבר חומוס עם חריף 15,גרמים,150.00,100 גרם,false,,4.90,0.0327,true,1,151069
7290008462259,false,חרדל דיז'ון גרגירים מיילי 380 גרם,א. סיימן סחר בעמ,,חרדל דז'ון גרגירים 3,גרמים,380.00,100 גרם,false,,16.90,0.0445,true,1,148440
7290008464024,false,"בירה גולדסטאר Unfiltered, בירה לא מסוננת, פחית 500 מ""ל","טמפו משקאות בע""מ",,גולדסטאר לא מסונן פח,מיליליטרים,500.00,"100 מ""ל",false,,8.90,0.0178,true,1,147839
7290008464345,false,"בירה גולדסטאר, בקבוק 330 מ''ל",פארייפאבה אגרואינדוס,,"גולדסטאר 330 מ""ל",מיליליטרים,330.00,"100 מ""ל",false,,7.20,0.0218,true,1,144612
7290008464468,false,בירה בפחית גולדסטאר (500 מל),פארייפאבה אגרואינדוס,,"גולדסטאר פחית 500 מ""",מיליליטרים,500.00,"100 מ""ל",false,,8.40,0.0168,true,1,147840
7290008464505,false,סאן בנדטו מים מינרלים להחזרה 0.5 ל`,אקווה מינרלה סאן בנדטו ב,,מים סאן בנדטו 500 מל,מיליליטרים,500.00,"100 מ""ל",false,,3.00,0.0060,true,1,144613
7290008464604,false,"בירה הייניקן פחית 500 מ""ל",טמפו משקאות בע''מ,,"בירה הייניקן 500 מ""ל",מיליליטרים,500.00,"100 מ""ל",false,,11.90,0.0238,true,1,147838
7290008464604,false,"בירה הייניקן פחית 500 מ""ל",טמפו משקאות בע''מ,,"בירה הייניקן 500 מ""ל",מיליליטרים,500.00,"100 מ""ל",false,,11.90,0.0238,true,1,147841
7290008464611,false,"הסודה של טמפו, מי סודה בגיזוז חזק, 275 מל",טמפו משקאות בעמ,,"סודה 275 מ""ל",מיליליטרים,275.00,"100 מ""ל",false,,3.50,0.0127,true,1,147207
7290008464741,false,"בירה גולדסטאר, מארז שישייה, בקבוק 330 מ''ל","טמפו משקאות בע""\מ",,בירה גולד סטאר שישיי,מיליליטרים,1980.00,"100 מ""ל",false,,38.40,0.0194,true,1,144616
7290008464796,false,"בירה היינקן, מארז שישייה, בקבוק 330 מ''ל",טמפו משקאות בע''מ,,מארז שישייה הייניקן,מיליליטרים,1980.00,"100 מ""ל",false,,38.40,0.0194,true,1,147962
7290008644112,false,אחלה יום יום סלט מטבוחה יום יום 125 גרם,שטראוס גרופ בעמ/מצונן,,סלט מטבוחה אחלה 125,גרמים,125.00,100 גרם,false,,4.90,0.0392,true,1,149698
7290008645935,false,אחלה חומוס לניגוב 750 גרם,שטראוס גרופ בעמ/מצונן,,חומוס אחלה 750 גרם,גרמים,750.00,100 גרם,false,,10.90,0.0145,true,1,148961
7290008690713,false,נקטר חמוציות אושן ספריי פריגת (1 ליטר),החברה המרכזית להפצת משקאות בעמ,,נקטר חמוציות 1 ליטר,קילוגרמים,1.00,ליטר,false,,12.20,12.2000,true,1,146029
7290008693134,false,מעדן גבינה ויוגורט בטעם תות 5% שומן 88 ג' דניאלה,שטראוס גרופ בעמ/מצונן,,"דניאלה תות 150 מ""ל",גרמים,150.00,100 גרם,false,,4.10,0.0273,true,1,142857
7290008713900,false,לחם שיפון עגול פרוס אחדות (750 גרם),מאפיית אנג'\ל אורנים מאפ,,לחם שיפון עגול פרוס,גרמים,750.00,100 גרם,false,,12.90,0.0172,true,1,152335
7290008745239,false,תפוצ'יפס קראנצ' בטעם טבעי עלית 50 גרם,"שטראוס פריטו ליי בע""\מ )",,תפוציפס קראנצ' טבעי,גרמים,50.00,100 גרם,false,,4.00,0.0800,true,1,143035
7290008752244,false,תפוצ'יפס קראנץ' בטעם גריל עלית 50 גרם,"שטראוס פריטו ליי בע""\מ )",,תפוציפס קראנצ' גריל,גרמים,50.00,100 גרם,false,,4.00,0.0800,true,1,143036
7290008753111,false,תפוצ'יפס קראנץ' בטעם מקסיקני עלית 50 גרם,"שטראוס פריטו ליי בע""\מ )",,תפוציפס קראנצ מקסיקנ,גרמים,50.00,100 גרם,false,,4.00,0.0800,true,1,143038
7290008753364,false,דוריטוס גריל עלית 55 ג',"שטראוס פריטו ליי בע""מ",,דוריטוס גריל 55 גרם,גרמים,55.00,100 גרם,false,,3.50,0.0636,true,1,143039
7290008753371,false,דוריטוס 55 גר`נאצ`ו מקסיקני,שטראוס פריטו ליי בעמ,,דוריטוס נאצ'ו 55 גרם,גרמים,55.00,100 גרם,false,,3.30,0.0600,true,1,143040
7290008753388,false,דוריטוס טבעי עלית 55 ג',שטראוס פריטו ליי בעמ,,דוריטוס טבעי 55 גר,גרמים,55.00,100 גרם,false,,3.50,0.0636,true,1,149219
7290008754415,false,גומי מאסט בטעם ספירמינט עדין פליפטופ 28 ג' עלית,שטראוס גרופ בע`מ,,מאסט ספירמינט מגדים,גרמים,28.00,100 גרם,false,,4.50,0.1607,true,1,142864
7290008754422,false,גומי מאסט בטעם פפרמינט קלאסי פליפטופ 28 ג' עלית,שטראוס גרופ בע`מ,,Must LL קלאסי פפרמינ,גרמים,28.00,100 גרם,false,,4.50,0.1607,true,1,150087
7290008757980,false,קרטונית ספרינג נקטר רימונים 1 ליטר,יפאורה שותפות מוגבלת לשיווק,,ספרינג קרטוניות רימו,מיליליטרים,1000.00,"100 מ""ל",false,,6.80,0.0068,true,1,143440
7290008775816,false,ערגליות עוגיות במילוי שוקולד אסם 300 גרם,קבוצת אוסם סחר שותפות מוגבלת,,ערגליות שוקולד שקית,גרמים,300.00,100 גרם,false,,9.90,0.0330,true,1,143328
7290008801089,false,"יין P.C קברנה סוביניון אדום יבש כרמל 375 מ""ל",אגודת הכורמים,,יין אדום יבש קברנה ס,מיליליטרים,375.00,"100 מ""ל",false,,19.90,0.0531,true,1,152522
7290008801157,false,"יין מרלו סלקטד כרמל כרמל 750 מ""ל",אגודת הכורמים -כרמל מזרחי,,יין אדום מרלו סלקטד,מיליליטרים,750.00,"100 מ""ל",false,,29.90,0.0399,true,1,148633
7290008801843,false,סלקטד קברנה סובניון יקבי כרמל (750 מל),אגודת הכורמים בעמ,,יין אדום יבש קברנה ס,מיליליטרים,750.00,"100 מ""ל",false,,29.90,0.0399,true,1,148636
7290008801850,false,סלקטד אמרלד ריזלינג לבן חצי יבש 750 מל,אגודת הכורמים הקואופרטיב,,יין לבן חצי יבש אמרל,מיליליטרים,750.00,"100 מ""ל",false,,29.90,0.0399,true,1,148637
7290008802291,false,יין מרלו פרייבט קולקשן יקבי כרמל,אגודת הכורמים הקואופרטיב,,יין מרלו פרייבט קולק,מיליליטרים,750.00,"100 מ""ל",false,,39.90,0.0532,true,1,157941
7290008804745,false,אזורית גוורצטרמינר יין לבן חצי יבש 750 מ,אגודת הכורמים הקואופרטיב,,יין לבן חצי יבש סדרה,מיליליטרים,750.00,"100 מ""ל",false,,60.20,0.0803,true,1,148639
7290008806305,false,"שלגון פצפצים ""שטראוס""","מיוצר ע"" גלידת שטראו",,פצפצים,Unknown,1.00,יחידה,false,,5.90,5.9000,true,1,152566
7290008806961,false,גלידה שוקולד שבבי שוקולד פרה 1.33 ל' קרמיסימו,"גלידת שטראוס בע""\מ, רחוב",,גלידת קרמיסימו 1.33,מיליליטרים,1330.00,"100 מ""ל",false,,18.90,0.0142,true,1,152567
7290008909853,false,"קוקה קולה זירו בקבוק 500 מ""ל.",החברה המרכזית להפצת משקאות בעמ,,קולה ZERO בקבוק 500,מיליליטרים,500.00,"100 מ""ל",false,,6.50,0.0130,true,1,146034
7290010002030,false,תבלין כמון טחון תבליני מימון 100 גרם,א.ל. ייצור ושיווק תבלינים בע`מ,,כמון טחון במיכל תבלי,גרמים,100.00,100 גרם,false,,11.90,0.1190,true,1,147274
7290010002092,false,תבלין פלפל שחור גרוס דק תבליני מימון 90,א.ל. ייצור ושיווק תבלינים בע`מ,,פלפל שחור גרוס דק במ,גרמים,90.00,100 גרם,false,,15.50,0.1722,true,1,147277
7290010002214,false,תבלין צ'ילי גרוס תבליני מימון 80 גרם,א.ל. ייצור ושיווק תבלינים בע`מ,,צ'ילי גרוס במיכל תבל,גרמים,70.00,100 גרם,false,,11.90,0.1700,true,1,149796
7290010002405,false,תבלין טימין הררי תבליני מימון 40 גרם,א.ל. ייצור ושיווק תבלינים בע`מ,,טימין במיכל תבליני מ,גרמים,40.00,100 גרם,false,,9.90,0.2475,true,1,149803
7290010003693,false,פפריקה מתוקה בשקית תבליני מימון 80 גרם,א.ל. ייצור ושיווק תבלינים בע`מ,,פפריקה מתוקה בשקית ת,גרמים,80.00,100 גרם,false,,6.30,0.0787,true,1,149810
7290010003709,false,פלפל שחור טחון בשקית תבליני מימון 50 גרם,א.ל. ייצור ושיווק תבלינים בע`מ,,פלפל שחור טחון בשקית,גרמים,50.00,100 גרם,false,,7.90,0.1580,true,1,149811
7290010003754,false,כמון טחון בשקית תבליני תבליני מימון 50 גרם,א.ל. ייצור ושיווק תבלינים בע`מ,,כמון טחון בשקית מימו,גרמים,50.00,100 גרם,false,,6.30,0.1260,true,1,149812
7290010003761,false,כורכום טחון בשקית תבליני מימון 80 גרם,א.ל. ייצור ושיווק תבלינים בע`מ,,כורכום טחון בשקית תב,גרמים,80.00,100 גרם,false,,6.30,0.0787,true,1,149813
7290010003778,false,תיבול לגריל עוף בשקית תבליני מימון 80 גרם,א.ל. ייצור ושיווק תבלינים בע`מ,,תיבול לגריל עוף בשקי,גרמים,80.00,100 גרם,false,,6.30,0.0787,true,1,149814
7290010003808,false,זעתר ושומשום בשקית תבליני מימון (80 גרם),א.ל. ייצור ושיווק תבלינים בע`מ,,זעתר ושומשום בשקית מ,גרמים,80.00,100 גרם,false,,6.30,0.0787,true,1,149817
7290010003839,false,קינמון טחון בשקית תבליני מימון 80 גרם,א.ל. ייצור ושיווק תבלינים בע`מ,,קינמון טחון בשקית תב,גרמים,80.00,100 גרם,false,,6.30,0.0787,true,1,149819
7290010065332,false,מחית תפוח עץ בננה ג'וניור פרינוק 190 גרם,גורי מוצרי צריכה (1991) בעמ,,פרינוק מחית תפוחי עץ,גרמים,190.00,100 גרם,false,,6.50,0.0342,true,1,151372
7290010117857,false,דוריטוס חטיף חריף אש 55 ג',שטראוס פריטו ליי בעמ,,דוריטוס חריף אש 55 ג,גרמים,55.00,100 גרם,false,,3.50,0.0636,true,1,143041
7290010119950,false,חטיף דוריטוס בטעם חמוץ חריף 55 גרם,שטראוס פריטו ליי בע`מ,,דוריטוס חמוץ חריף 55,גרמים,55.00,100 גרם,false,,3.50,0.0636,true,1,143043
7290010129676,false,עוגיות מרוקאיות ארוך 350 גרם,שיבולים יצור ושיווק מוצרי מאפה,,עוגיות מרוקאיות ארוך,גרמים,350.00,100 גרם,false,,16.90,0.0483,true,1,150928
7290010129959,false,עוגיות שמרים 400 גרם דולצה ויטה,שיבולים יצור ושיווק מוצרי מאפה,,עוגיות שמרים רוגלך 4,גרמים,400.00,100 גרם,false,,11.90,0.0298,true,1,146195
7290010154005,false,סחוג תימני תבליני ביטון יוחאי (250 גרם),תבליני יוחאי ביטון,,סחוג תימני 250 ביטון,גרמים,250.00,100 גרם,false,,13.90,0.0556,true,1,162572
7290010154012,false,לימון בלאדי תבליני ביטון יוחאי (250 גרם),נטו מלינדה סחר בע`מ,,לימון כבוש 250 גרם,גרמים,250.00,100 גרם,false,,13.90,0.0556,true,1,148411
7290010237531,false,משקה מוגז בטעם קולה פפסי (500 מל),סנו מפעלי ברונוס.,,"פפסי קולה 500 מ""ל",מיליליטרים,500.00,"100 מ""ל",false,,4.50,0.0090,true,1,144618
7290010237562,false,משקה מוגז בטעם תפוזים מירנדה (500 מל),טמפו משקאות בע`מ,,"מירנדה 500 מ""ל",מיליליטרים,500.00,"100 מ""ל",false,,4.50,0.0090,true,1,144620
7290010237579,false,משקה מוגז בטעם ליים סבן אפ (500 מל),טמפו משקאות בע`מ,,"סבן אפ 500 מ""ל",מיליליטרים,500.00,"100 מ""ל",false,,4.50,0.0090,true,1,144621
7290010259007,false,"עוגיות איטלקיות מובחרות ויליפוד 1 ק""ג",ג.וילי פוד אינטרנשיונל בעמ,,עוגיות בישקוטים וילי,גרמים,200.00,100 גרם,false,,8.90,0.0445,true,1,158788
7290010259359,false,וילי פוד נודלס אטר.ביצים להקפצה בדץ 200ג,ג.וילי פוד אינטרנשיונל בעמ,,אטריות רחבות נודלס ו,גרמים,200.00,100 גרם,false,,4.90,0.0245,true,1,158789
7290010259366,false,וילי פוד נודלס אטר.ביצים מסולסל בדץ 200ג,ג. וילי-פוד אינטרנשיונל בע`מ,,אטריות מסולסלות נודל,גרמים,200.00,100 גרם,false,,4.90,0.0245,true,1,158790
7290010259830,false,מנת השף נודלס בסגנון סיני פיקנטי וילי פוד 70 גרם,ג. וילי-פוד אינטרנשיונל בע`מ,,נודלס בסגנון סיני פי,גרמים,70.00,100 גרם,false,,5.50,0.0786,true,1,150106
7290010259847,false,מנת השף מרק עם נודלס בטעם תירס ויליפוד 70 גרם,ג. וילי-פוד אינטרנשיונל בע`מ,,מנת השף נודלס בטעם ת,גרמים,70.00,100 גרם,false,,5.50,0.0786,true,1,163093
7290010259854,false,מנת השף מרק עם נודלס בטעם פטריות ויליפוד 70 גרם,ג. וילי-פוד אינטרנשיונל בע`מ,,נודלס מנת השף בטעם פ,גרמים,70.00,100 גרם,false,,5.50,0.0786,true,1,150107
7290010259861,false,מנת השף מרק עם נודלס בטעם ירקות ויליפוד 70 גרם,ג. וילי-פוד אינטרנשיונל בע`מ,,נודלס עם ירקות מנת ה,גרמים,70.00,100 גרם,false,,5.50,0.0786,true,1,163094
7290010259977,false,שמן קנולה מזוכך ויליפוד 1 ליטר,ג.וילי-פוד אינטרנשיונל ***שמן,,שמן קנולה 1 ליטר,מיליליטרים,1000.00,"100 מ""ל",false,,10.90,0.0109,true,1,143906
7290010259991,false,צנימים מיוחדים בטעם טבעי 250 ג',ג. וילי-פוד אינטרנשיונל בע`מ,,צנימים ויליפוד 250 ג,גרמים,250.00,100 גרם,false,,8.90,0.0356,true,1,158791
7290010328246,false,טחינה גולמית משומשום מלא אחווה 500 גרם,אחדות ביתחרושת לטחינה חלבה,,טחינה גולמית משומשום,גרמים,500.00,100 גרם,false,,12.90,0.0258,true,1,144450
7290010328253,false,טחינה גולמית משומשום טבעי אחווה 500 גרם,אחדות ביתחרושת לטחינה חלבה,,טחינה גולמית אחוה 50,גרמים,500.00,100 גרם,false,,12.90,0.0258,true,1,144451
7290010328468,false,מארז מיני חלווה אחוה בטעמים 18 יחידות 216 גרם,אחדות ביחר לטחינה חל,,מיני חלווה חטיפי חלו,Unknown,18.00,יחידה,false,,11.90,0.6611,true,1,151931
7290010471669,false,יוגורט תות עם קורנפלקס מצופה שוקולד ללא גלוטן 3.9%,שטראוס גרופ בעמ/מצונן,,דנונה בר תות קורנפלק,גרמים,175.00,100 גרם,false,,4.30,0.0246,true,1,142866
7290010814244,false,שלשות שוקולד מריר 85 גרם*3 בלמינט *18 בקרטון,כרמית תעשיות ממתקים בעמ,,שוקולד מריר 60% מוצק,גרמים,255.00,100 גרם,false,,10.90,0.0427,true,1,152229
7290010814268,false,שלשות שוקולד לבן 85 גר*3 בלמינט * 18 בקרטון,"כרמית תעשיות ממתקים בע""\",,שוקולד לבן חלבי אגו,גרמים,255.00,100 גרם,false,,10.90,0.0427,true,1,152233
7290010814695,false,שוקולד מריר פרווה ללא תוספת סוכר כרמית 85 גרם,"כרמית תעשיות ממתקים בע""\",,שוקולד מריר פרווה לל,גרמים,85.00,100 גרם,false,,5.90,0.0694,true,1,143612
7290010839865,false,רוטב רכז רימונים ויליפוד 320 ג',ג. וילי-פוד אינטרנשיונל בע`מ,,רוטב רימונים ויליפוד,גרמים,320.00,100 גרם,false,,10.90,0.0341,true,1,157742
7290010849512,false,למברוסקו די לואיג`י קאוויקיולי (750 מל),הכרם - משקאות חריפים בעמ,,למברוסקו די לואיג'י,מיליליטרים,750.00,"100 מ""ל",false,,32.80,0.0437,true,1,148895
7290010883356,false,כפפות אלוורה רב שימושיות גדולות L סנו סושי,החברה הדרומית לשיווק בעמ,,כפפות אלוורה L,Unknown,1.00,יחידה,false,,10.90,10.9000,true,1,149634
7290010903344,false,אצבעות שניצל רמי לוי 1 קג,,,אצבעות שניצל רמי לוי,גרמים,1000.00,100 גרם,false,,34.90,0.0349,true,1,158166
7290010931330,false,סלט מטבוחה אחלה 500 גרם,שטראוס גרופ בעמ/מצונן,,מטבוחה 500,גרמים,575.00,100 גרם,false,,13.80,0.0240,true,1,148962
7290010945146,false,קוטג' 3% מועשר בסידן טרה 250 ג' מהדרין,*החברה המרכזית להפצת משקאותבעמ,,גבינת קוטג' מועשרת 3,גרמים,250.00,100 גרם,false,,5.50,0.0220,true,1,157083
7290010945306,false,חלב טרה קרטון 2 ליטר מהדרין*%*3,החברה המרכזית טלהפצת משקאות בע,,חלב טרי בקרטון 3% בד,מיליליטרים,2000.00,"100 מ""ל",false,,12.46,0.0062,true,1,161268
7290010967155,true,באגסי בצל 40 גרם,,,באגסי בצל 40 גרם,,0.00,,false,,5.00,0.0000,true,1,143771
7290010984879,false,שום כתוש בצנצנת 200ג רמילוי,,,שום כתוש קפוא בצנצנת,גרמים,200.00,100 גרם,false,,11.90,0.0595,true,1,153135
7290011017866,false,פחית קולה סליק קוקה-קולה (330 מל),החברה המרכזית להפצת משקאות בעמ,,סליק קוקה קולה 330 מ,מיליליטרים,330.00,"100 מ""ל",false,,6.20,0.0188,true,1,146038
7290011017873,false,פחית זירו סליק קוקה-קולה (330 מל),החברה המרכזית להפצת משקאות בעמ,,סליק קולה ZERO 330 מ,מיליליטרים,330.00,"100 מ""ל",false,,6.20,0.0188,true,1,146039
7290011017880,false,פחית דיאט קולה סליק קוקה-קולה (330 מל),החברה המרכזית להפצת משקאות בעמ,,"סליק דק""ק 330 מ""ל מב",מיליליטרים,330.00,"100 מ""ל",false,,6.20,0.0188,true,1,146040
7290011018184,false,תה קר בטעם אפרסק פיוז-טי (500 מל),החברה המרכזית להפצת משקאות בעמ,,FUZE tea אפרסק 0.5 ל,מיליליטרים,500.00,"100 מ""ל",false,,8.40,0.0168,true,1,155055
7290011018917,false,ק.קולה זירו פרידגפק סליק 330 מל שישייה,החברה המרכזית להפצת משקאות בעמ,,שישיית פחיות זירו קו,מיליליטרים,1980.00,"100 מ""ל",false,,25.70,0.0130,true,1,146046
7290011018924,false,"מארז פחיות דיאט קוקה קולה שישייה 330 מ""ל",החברה המרכזית להפצת משקאות בעמ,,שישיית פחיות דיאט קו,מיליליטרים,1980.00,"100 מ""ל",false,,25.70,0.0130,true,1,152096
7290011043049,false,כוסות נייר שתיה חמה,כוסות שתייה חמה 3 ב,,כוסות נייר שתיה חמה,Unknown,50.00,יחידה,false,,11.90,0.2380,true,1,156767
7290011065539,false,שמרים יבשים בוואקום 500ג רמילוי,,,רמי לוי- שמרים יבשים,גרמים,500.00,100 גרם,false,,11.70,0.0234,true,1,146144
7290011081690,false,קרמיסימו פרווה שוקו ציפ+וניל ציפ 1.33ל,"גלידת שטראוס בע""\מ, רחוב",,גלידת קרמיסימו 1.33,מיליליטרים,1330.00,"100 מ""ל",false,,18.90,0.0142,true,1,152571
7290011126469,false,חליטת צמחים וקמומיל הגן הקסום ויסוצקי 25 יחידות,תה ויסוצקי (ישראל) בעמ,,חליטת קמומיל ודבש הג,Unknown,25.00,יחידה,false,,17.90,0.7160,true,1,150258
7290011131654,false,מוזלי קראנצ'י ביג מיקס עם פירות ואגוזים,משה סידס ובנו בעמ,,"מיזלי ביג מיקס 1 ק""ג",גרמים,1000.00,100 גרם,false,,25.90,0.0259,true,1,163301
7290011131968,false,"גרנולה בתוספת שקדים ואגוזים גרין 1 ק""ג",ויטליה ניקולא דו,,"גרנולה אגוזים 1 ק""ג",גרמים,1000.00,100 גרם,false,,24.90,0.0249,true,1,163302
7290011148591,false,שיני שום שלוף 500 גר,עטרה,,כרובית,יח',1.00,יח',false,,9.90,9.9000,true,1,162844
7290011154080,false,"תרכיז תפוחים צלול 500 מ""ל טעמי הגליל",ליימן שליסל בעמ,,תרכיז תפוחים צלול 50,מיליליטרים,500.00,"100 מ""ל",false,,24.90,0.0498,true,1,153917
7290011194215,false,מעדן גבינה ויוגורט בטעם בננה 5% שומן 88 ג' דניאלה,שטראוס גרופ בעמ/מצונן,,דניאלה בננה 150 גרם,גרמים,150.00,100 גרם,false,,4.10,0.0273,true,1,142868
7290011194246,false,קוטג 5% 250 גרם עם סידן שטראוס,שטראוס גרופ בעמ/מצונן,,גבינת קוטג 5% שטראוס,גרמים,250.00,100 גרם,false,,5.90,0.0236,true,1,142869
7290011249748,false,רולים גלילי ופל במילוי קרם שוקולד 100 ג' עלמה,ח.כהן סוכנות מזון ומשקאות בע,,רולים שוקו 100 גרם,גרמים,100.00,100 גרם,false,,3.90,0.0390,true,1,150735
7290011249755,false,רולים גלילי ופל במילוי קרם אגוזים 100 ג' עלמה,ח.כהן סוכנות מזון ומשקאות בע,,רולים אגוז 100 גרם,גרמים,100.00,100 גרם,false,,3.90,0.0390,true,1,150736
7290011300982,false,"סבון נוזלי כחול אושן 500מ""ל",פנינה רוזנבלום בעמ,,סבון כחול אושן 500 מ,מיליליטרים,500.00,"100 מ""ל",false,,5.90,0.0118,true,1,150457
7290011378516,false,טחינה גולמית 100% שומשום בארכה 450 ג',קבוצת אסם סחר,,טחינה 100% שומשום טה,גרמים,450.00,100 גרם,false,,14.90,0.0331,true,1,155417
7290011407506,false,מגבונים לניקוי כללי,א.ש.כ,,מגבונים לניקוי כללי,Unknown,400.00,יחידה,false,,19.90,0.0497,true,1,146469
7290011432751,false,שקית גופיה רמי לוי ב,,,שקית גופיה רמי לוי ב,פריט,1.00,"ק""ג",false,,0.10,0.1000,true,1,161107
7290011438142,false,"משקה יטבתה אייס קפה בבקבוק אישי 350 מ""ל",שטראוס גרופ בעמ/מצונן,,אייס קפה 2% יטבתה 35,מיליליטרים,350.00,"100 מ""ל",false,,6.20,0.0177,true,1,149699
7290011489595,false,קרקר טופז שומשום 110 גרם הדר*,ח.כהן סוכנות מזון ומשקאות בע,,קרקר טופז שומשום,גרמים,110.00,100 גרם,false,,5.00,0.0455,true,1,143537
7290011499105,false,בולגרית מסורתית 5% 250 גרם -רבנות,מחלבות גד שיווק 1992 בעמ,,בולגרית מסורתית 5% 2,גרמים,250.00,100 גרם,false,,22.90,0.0916,true,1,148137
7290011499129,false,גבינה בולגרית מעודנת קוביות קטנות 5% גד 200 גרם,מחלבות גד שיווק 1992 בעמ,,קוביות גבינה בולגרית,גרמים,200.00,100 גרם,false,,22.90,0.1145,true,1,146109
7290011499327,false,גבינה בולגרית מעודנת 5% 250 גרם - רבנות,מחלבות גד שיווק 1992 בעמ,,‏בולגרית מעודנת 5% 2,גרמים,250.00,100 גרם,false,,22.90,0.0916,true,1,148138
7290011499365,false,גבינת חלומי 24% מחלב בקר גד (200 גרם),מחלבות גד שיווק 1992 בעמ,,חלומי 24% 200 גרם,גרמים,200.00,100 גרם,false,,20.90,0.1045,true,1,148141
7290011499419,false,גבינה במרקם שמנת בטעם טבעי 5% ניו יורק,מחלבות גד שיווק 1992 בעמ,,גבינה במרקם שמנת ניו,גרמים,200.00,100 גרם,false,,11.90,0.0595,true,1,148035
7290011499624,false,שמנת 30% ניו יורק טבעי 200 גרם רבנות,מחלבות גד שיווק 1992 בעמ,,גבינת שמנת ניו יורק,גרמים,200.00,100 גרם,false,,12.90,0.0645,true,1,148037
7290011518561,false,"אקטימל תות 1.51 ק""ג מארז 14 יחידות",שטראוס גרופ בעמ/מצונן,,"אקטימל תות 14*100 מ""",מיליליטרים,1400.00,"100 מ""ל",false,,29.90,0.0214,true,1,142871
7290011537371,false,פסטה קונכיות 500 גרם טעמן,מוצרי יסוד - טעמן,,פסטה בילאג'יו קונכיו,גרמים,500.00,100 גרם,false,,4.90,0.0098,true,1,164221
7290011587123,false,קרם קוקוס תומר 400 מ,Thai coconut co ltd,,קרם אגוזי קוקוס 400,מיליליטרים,400.00,"100 מ""ל",false,,10.00,0.0250,true,1,164917
7290011587468,false,מוזלי קראנצי בתוספת אגוזים ויטליה 600 גרם,תומר ייבוא ושיווק מוצרי מזון [,,מוזלי קראנצ'י +אגוז,גרמים,600.00,100 גרם,false,,13.90,0.0232,true,1,164919
7290011598365,false,רביעיית מטליות מיקרופייבר מקצועיות סנו סושי,החב הדרומית לשיווק,,4 מטליות פרופישוניל,Unknown,4.00,יחידה,false,,14.90,3.7250,true,1,149638
7290011723200,false,טחינה הר ברכה 100% שומשום טהור 500 גר,טחינה הר ברכה בעמ,,טחינה הר ברכה 500 גר,גרמים,500.00,100 גרם,false,,18.90,0.0378,true,1,163928
7290011765446,false,משחת שיניים לילדים בוב ספוג בטעם מיץ ענבים עם פלואוריד למניעת עששת,טרופיקל דגיל תעשיות קוסמ,,משחת שיניים אורביטול,גרמים,70.00,100 גרם,false,,7.90,0.1129,true,1,149524
7290011877859,false,סנו אינסטלטור חדש פותח סתימות 200ג',החברה הדרומית לשיווק בעמ,,אינסטלטור פותח סתימו,מיליליטרים,200.00,"100 מ""ל",false,,16.90,0.0845,true,1,147969
7290011947712,false,זית טאסוס 215 גרם זי,זיתים ב 12.90,,זית טאסוס 215 גרם,גרמים,215.00,100 גרם,false,,14.90,0.0693,true,1,150262
7290011947750,false,זיתא זית סורי בתיבול,זיתים בטעמים ב 12.90,,זית סורי בתיבול חריף,גרמים,215.00,100 גרם,false,,14.90,0.0693,true,1,152664
7290011977627,false,סרדינים בשמן צמחי טעים 125 גרם,טעמן שווק מזון בעמ,,סרדינים בשמן צמחי טע,גרמים,125.00,100 גרם,false,,4.10,0.0328,true,1,147159
7290011977924,false,"פסטה קרניים 100% חיטת דורום בד""ץ טעמן 500 גרם",מוצרי יסוד - טעמן,,פסטה בילאג'יו קרניים,גרמים,500.00,100 גרם,false,,4.90,0.0098,true,1,164222
7290011993009,false,סלט טחינה ירוקה 250 גרם,סלטים 2 ב13.90,,טחינה לבנה 250 גרם,גרמים,250.00,100 גרם,false,,5.00,0.0200,true,1,143184
7290011993016,false,חציל תאילנדי 250 גרם,סלטים 2 ב13.90,,חציל תאילנדי 250 גרם,גרמים,250.00,100 גרם,false,,5.00,0.0200,true,1,143185
7290011993030,false,חציל על האש במיונז 250גר,סלטים 2 ב13.90,,חציל על האש במיונז 2,גרמים,250.00,100 גרם,false,,5.00,0.0200,true,1,143186
7290011993047,false,סלט טורקי 250 גרם,סלטים 2 ב13.90,,סלט טורקי 250 גרם,גרמים,250.00,100 גרם,false,,5.00,0.0200,true,1,143187
7290011993054,false,חומוס מסעדות 250 גרם,סלטים 2 ב13.90,,חומוס מסעדות 250 גרם,גרמים,250.00,100 גרם,false,,5.00,0.0200,true,1,143188
7290011993078,false,קוביות חציל בטחינה 2,סלטים 2 ב13.90,,קוביות חציל בטחינה 2,גרמים,250.00,100 גרם,false,,5.00,0.0200,true,1,143189
7290011993115,false,חציל בטעם כבד 250 גרם,מעדני מיקי,,חציל בטעם כבד 250 גר,גרמים,250.00,100 גרם,false,,5.00,0.0200,true,1,143190
7290011993160,false,סלט ביצים 250 גרם,מעדני מיקי,,סלט ביצים 250 גרם,גרמים,250.00,100 גרם,false,,11.00,0.0440,true,1,143191
7290011993184,false,סלט טונה בירקות 250,מעדני מיקי,,סלט טונה בירקות 250,גרמים,250.00,100 גרם,false,,11.00,0.0440,true,1,143192
7290012022203,false,פריכיות חיטה מלאה 60 גרם,דילייט 2005 בע`מ,,קליליות פרכיות חיטה,גרמים,100.00,100 גרם,false,,13.90,0.1390,true,1,162311
7290012022227,false,פריכיות חיטה טבעי 60 גרם,דילייט 2005 בע`מ,,קליליות פרכיות בטעם,גרמים,70.00,100 גרם,false,,11.90,0.1700,true,1,162312
7290012022272,false,פריכיות קליליות קידס,דילייט 2005 בעמ,,קליליות קידס פרכיות,גרמים,30.00,100 גרם,false,,10.90,0.3633,true,1,162313
7290012028137,false,מרלבורו פיין טאצ' 10 יח',פיליפ מוריס,,פאקט מרלבורו פיין טא,Unknown,0.00,יחידה,false,,310.00,0.0000,true,1,145953
7290012028182,false,פאקט-ל.מ. לופט,,,פאקט-ל.מ. לופט,Unknown,0.00,יחידה,false,,300.00,0.0000,true,1,145954
7290012028410,false,מארז טבק מרלבורו רד,,,מארז טבק מרלבורו רד,Unknown,0.00,יחידה,false,,370.00,0.0000,true,1,145955
7290012028427,false,טבק לגלגול מרלבורו א,פיליפ מוריס,,טבק לגלגול מרלבורו א,Unknown,0.00,יחידה,false,,37.00,0.0000,true,1,145956
7290012028434,false,מארז-טבק מרלבורו גול,,,מארז-טבק מרלבורו גול,Unknown,0.00,יחידה,false,,370.00,0.0000,true,1,145957
7290012028854,false,נקסט פיין אדג` (פקט),,,פאקט-נקסט פיין אדג',Unknown,0.00,יחידה,false,,270.00,0.0000,true,1,145959
7290012028861,false,פאקט-נקסט אדג',,,פאקט-נקסט אדג',Unknown,0.00,יחידה,false,,270.00,0.0000,true,1,145960
7290012030468,false,סיגריות L.M לופט פק,פיליפ מוריס,,פאקט-ל.מ. לופט,Unknown,0.00,יחידה,false,,300.00,0.0000,true,1,147155
7290012030536,false,ל.מ. סילבר לייבל חפיסה,פיליפ מוריס,,אל אם סילבר,Unknown,0.00,יחידה,false,,33.00,0.0000,true,1,145961
7290012052187,false,גרנולה חלבה תמרים ושקדים מרכיבים טבעיים,כרמית תעשיות ממתקים בעמ,,גרנולה רפאל - חלבה ת,גרמים,350.00,100 גרם,false,,17.90,0.0511,true,1,150305
7290012117534,false,מרכך כביסה מרוכז תכלת קול סנו מקסימה 1 ליטר,החברה הדרומית לשיווק בעמ,,מקסימה מרכך מרוכז 1,מיליליטרים,1000.00,"100 מ""ל",false,,17.90,0.0179,true,1,149646
7290012117558,false,מקסימה מרכך כביסה מרוכז ורוד בניחוח מאסק סנו 1 ליטר,החברה הדרומית לשיווק בעמ,,מרכך מרוכז מאסק 1 לי,מיליליטרים,1000.00,"100 מ""ל",false,,17.90,0.0179,true,1,144383
7290012117589,false,כפפות סנו סושי לטקס L אריזת 100יח',החב. הדרומית לשיווק,,כפפות לטקס L,Unknown,1.00,יחידה,false,,29.90,29.9000,true,1,149648
7290012226120,false,קבנוס זוגלובק (45x3 גרם),נקניק נהריה כשר זוגל,,קבנוס זוגלובק 135 גר,גרמים,135.00,100 גרם,false,,10.90,0.0807,true,1,147580
7290012226922,false,קבנוס בטעם שום זוגלובק (45x3 גרם),נקניק נהריה כשר זוגל,,קבנוס עם שום 135 גרם,גרמים,135.00,100 גרם,false,,10.90,0.0807,true,1,152472
7290012226939,false,קבנוס עם צ'ילי חריף זוגלובק 135 גרם,נקניק נהריה כשר זוגל,,קבנוס עם צ'ילי חריף,גרמים,135.00,100 גרם,false,,10.90,0.0807,true,1,152473
7290012227912,false,קבנוס מעודן זוגלובק 135 גרם,נקניק זוגלובק נהריה,,קבנוס מעודן 135 גרם,גרמים,135.00,100 גרם,false,,10.20,0.0756,true,1,147589
7290012227974,false,פסטרמה הודו בדבש טהור דק דק דק,זוגלובק שיווק בעמ,,פסטרמה בדבש 120 גרם,גרמים,120.00,100 גרם,false,,14.70,0.1225,true,1,147590
7290012227981,false,פסטרמה דק דק ברביקיו 120 ג' זוגלובק,זוגלובק שיווק בעמ,,פסטרמה ברביקיו 120 ג,גרמים,120.00,100 גרם,false,,14.70,0.1225,true,1,147591
7290012227998,false,פסטרמה דק דק חזה בקר 120 ג' זוגלובק,זוגלובק שיווק בעמ,,חזה בקר 120 גרם,גרמים,120.00,100 גרם,false,,14.70,0.1225,true,1,147592
7290012228124,false,קבנוס סטיקס עם נגיעות מלח ים סדרת ריינהולד'ס,זוגלובק שיווק בעמ,,קבנוסטיקס - חטיף קבנ,גרמים,50.00,100 גרם,false,,9.90,0.1980,true,1,147593
7290012228278,false,נקניקיות בוקוורסט הודו ובקר סדרת ריינהולדס 310 גרם,זוגלובק שיווק בעמ,,נקניקיות הודו -בקר (,גרמים,310.00,100 גרם,false,,21.90,0.0706,true,1,147600
7290012228421,false,פסטרמה בדבש 120ג דק דק רמילוי,,,פסטרמה הודו בדבש דק,גרמים,120.00,100 גרם,false,,11.90,0.0992,true,1,169139
7290012228445,false,קבנוס רמי לוי 135 גר,,,קבנוס רמי לוי 135 גר,גרמים,135.00,100 גרם,false,,9.90,0.0733,true,1,169141
7290012228971,false,סלמי תה פפרוני 180 גר`זוגלובק,זוגלובק שיווק בעמ,,סלמי תה פפרוני 180 ג,גרמים,180.00,100 גרם,false,,14.90,0.0828,true,1,155369
7290012313240,false,מיקס זית ירוק וקלמטה קבוצת יבנה 560 גרם,קבוצת יבנה מוצרי מזון בעמ,,מיקס זית ירוק וקלמטה,גרמים,560.00,100 גרם,false,,11.90,0.0213,true,1,162596
7290012313264,false,כרוב כבוש קבוצת יבנה,קבוצת יבנה מוצרי מזון בעמ,,כרוב כבוש 560 גרם יב,גרמים,560.00,100 גרם,false,,8.90,0.0159,true,1,148016
7290012404146,false,שוופס מוגז תפוחים1.5ל',יפאורה שותפות מובגלת לשיווק,,שוופס מוגז תפוחים 1.,מיליליטרים,1500.00,"100 מ""ל",false,,6.70,0.0045,true,1,150950
7290012642036,false,"פסטה ""לה פסטה"" 400 ג' ספגטי 400 ג'",תומר יבוא ושיווק מוצרי מזון (1,,לה פסטה 5 ספגטי 400,גרמים,400.00,100 גרם,false,,4.50,0.0113,true,1,143507
7290012642586,false,ערמונים קלופים 100 ג' תומר,תומר ייבוא ושיווק מוצרי מזון [,,ערמונים קלופים 100 ג,גרמים,100.00,100 גרם,false,,4.90,0.0490,true,1,143508
7290012642876,false,פלפלונים מעורב צבעוני בחומץ חריף6X,יושלם,,פלפלונים מעורב בחומץ,מיליליטרים,530.00,"100 מ""ל",false,,13.00,0.0245,true,1,164936
7290012823398,false,מטליות חד פעמיות לניקוי הרצפה בניחוח מרכך כביסה 10יח' סנו,החברה הדרומית לשיווק בעמ,,מטליות לחות לרצפה בנ,Unknown,1.00,יחידה,false,,12.90,12.9000,true,1,147539
7290012938405,false,"רדיד אלומיניום עבה במיוחד לבישול,אפייה והקפאה.",גורי ע.ע.ע. בע`מ,,נייר אלומיניום דיימו,100 יחידה,1.00,100 יחידה,false,,16.90,16.9000,true,1,166918
7290013027399,false,לחם קמח מלא קל בתוספת שיפון 750 ג' אנג'ל,מאפיית שלמה א. אנג'\ל בע,,לחם קל פרוס 100% קמח,גרמים,750.00,100 גרם,false,,13.90,0.0185,true,1,152336
7290013089809,false,פילה אמנון קפוא במשקל,,,מעדניה - פילה אמנון,קילוגרמים,1.00,"ק""ג",true,,30.90,30.9000,true,1,156449
7290013117243,false,בורקס פילו בולגרית מעדנות 600 גרם,תנובה מרכז שיתופי לשיווק תוצרת,,בורקס פילו בולגרית מ,גרמים,600.00,100 גרם,false,,19.90,0.0332,true,1,159293
7290013144218,false,מיימונס תערובת עוגת וניל 560 גרם.,א.ל.ייצור ושיווק תבלינים בעמ,,תערובת עוגת וניל 560,גרמים,560.00,100 גרם,false,,17.50,0.0313,true,1,147292
7290013144393,false,תמצית אפיה בטעם וניל מימונס (50 מל),א.ל. ייצור ושיווק תבלינים בע`מ,,מימונס תמצית בטעם ונ,גרמים,50.00,100 גרם,false,,4.90,0.0980,true,1,147297
7290013144522,false,צבע מאכל ירוק מימונס (50 מל),א.ל. ייצור ושיווק תבלינים בע`מ,,מימונס צבע מאכל ירוק,גרמים,50.00,100 גרם,false,,4.50,0.0900,true,1,147302
7290013145178,false,קוקוס לבן טחון מימונס (100 גרם),א.ל. ייצור ושיווק תבלינים בע`מ,,מימונס קוקוס טחון לב,גרמים,100.00,100 גרם,false,,5.00,0.0500,true,1,146504
7290013145192,false,שומשום מיימונס 100 גרם,א.ל. ייצור ושיווק תבלינים בע`מ,,מימונס שומשום 100 גר,גרמים,100.00,100 גרם,false,,4.60,0.0460,true,1,146505
7290013145277,false,עלים לקרמשניט מימונס 300 גרם,א.ל.ייצור ושיווק תבלינים בעמ,,עלים לקרמשניט 300 גר,גרמים,300.00,100 גרם,false,,16.90,0.0563,true,1,147061
7290013145840,false,סוכר וניל מימונס 10יח בצלופן,א.ל. ייצור ושיווק תבלינים בע`מ,,סוכר וניל 10 יח' בצל,גרמים,100.00,100 גרם,false,,2.50,0.0250,true,1,146509
7290013145857,false,אבקת אפיה מימונס 10יח בצלופן,א.ל. ייצור ושיווק תבלינים בע`מ,,אבקת אפיה 10 יח' בצל,גרמים,100.00,100 גרם,false,,2.50,0.0250,true,1,146510
7290013145901,false,"סודה לשתיה 100 גרם ""מיימונס""",א.ל. ייצור ושיווק תבלינים בע`מ,,"סודה לשתיה כשל""פ 100",גרמים,100.00,100 גרם,false,,2.00,0.0200,true,1,146511
7290013145918,false,אבקת סוכר מיימונס 100 גרם,א.ל. ייצור ושיווק תבלינים בע`מ,,מימונס אבקת סוכר 100,גרמים,100.00,100 גרם,false,,2.00,0.0200,true,1,146512
7290013145970,false,קורנפלור מימונס בשקית 200 ג',א.ל. ייצור ושיווק תבלינים בע`מ,,מימונס קורנפלור 200,גרמים,200.00,100 גרם,false,,3.90,0.0195,true,1,147310
7290013146069,false,מלית שוקולד מיימונס 400 גרם,א.ל.יצור ושיווקתבלינים בעמ,,מלית שוקולד 400 גרם,גרמים,400.00,100 גרם,false,,12.90,0.0323,true,1,152369
7290013146724,false,אבקת אייס קפה 350 גרם מימונס,א.ל. ייצור ושיווק תבלינים בע`מ,,אבקה להכנת אייס קפה,גרמים,350.00,100 גרם,false,,18.90,0.0540,true,1,163071
7290013146762,false,מימונס קצפת מעולה 24% מעודנת 200מל,קפוא-זן תעשיות מזון בעמ - תפוג,,קצפת מעולה %24 שומן,מיליליטרים,200.00,"100 מ""ל",false,,6.90,0.0345,true,1,159621
7290013146816,false,אבקת סוכר שקית 500 מימונס,א.ל ייצור ושיווק תבלינים בעמ,,אבקת סוכר שקית 500 ג,גרמים,500.00,100 גרם,false,,7.90,0.0158,true,1,150362
7290013268037,false,מקסימה מרכך כביסה מרוכז בניחוח לבנדר פצ'ולי סנו 1 ליטר,החברה הדרומית לשיווק בעמ,,מקסימה מרכך מרוכז 1,מיליליטרים,1000.00,"100 מ""ל",false,,17.90,0.0179,true,1,149650
7290013268242,false,תרכיז ריחני לניקוי רצפות בריח מלון מפנק ריצפז פרש,החברה הדרומית לשיווק בעמ,,ריצפז פרש הום מלון מ,מיליליטרים,2000.00,"100 מ""ל",false,,21.90,0.0109,true,1,152602
7290013268372,false,פוליוויקס פרקט סנו בתוספת שמן ארגן (2 לי,החברה הדרומית לשיווק בעמ,,פוליויקס נוזל לניקוי,מיליליטרים,2000.00,"100 מ""ל",false,,21.90,0.0109,true,1,157556
7290013268891,false,אוקסיג'ן ג'ל ללא אקונומיקה עם חמצן פעיל סנו 3 ליטר,החברה הדרומית לשיווק בעמ,,ג'ל להסרת כתמי סנו א,מיליליטרים,3000.00,"100 מ""ל",false,,29.90,0.0100,true,1,147970
7290013268990,false,מרכך כביסה מרוכז לבן ביו סנו מקסימה 1 ליטר,החברה הדרומית לשיווק בעמ,,מרכך מרוכז ביו 1 ליט,מיליליטרים,1000.00,"100 מ""ל",false,,17.90,0.0179,true,1,147971
7290013269652,false,פוליויקס נוזל לניקוי רצפות גרניט פורצלן סנו 2 ליטר,החברה הדרומית לשיווק בעמ,,פוליווקס ג.פורצלן 2,מיליליטרים,2000.00,"100 מ""ל",false,,19.90,0.0099,true,1,149653
7290013269751,false,מטליות לחותריצפז פרש לניקוי ריצפה בניחות מלון בוטיק 10 יח' סנו,החברה הדרומית לשיווק בעמ,,מטליות לחות לריצפה ה,Unknown,1.00,יחידה,false,,12.90,12.9000,true,1,153614
7290013269867,false,סנו סושי זוג מפות אירוח צבעים שונים,החברה הדרומית לשיווק בעמ,,סנו סושי זוג מפות חד,Unknown,2.00,יחידה,false,,10.90,5.4500,true,1,149531
7290013284310,false,רוטב פסטה לילדים פריניר 240 גרם,ח.כהן סוכנות מזון ומשקאות בע,,רוטב פסטה לילדים פרי,גרמים,240.00,100 גרם,false,,5.50,0.0229,true,1,142877
7290013389114,false,ניוקי תפוח אדמה לה פסטה 500 גרם,לה פסטה La' Pasta,,"לה פסטה ניוקי תפו""""א",גרמים,500.00,100 גרם,false,,9.00,0.0180,true,1,143509
7290013389138,false,"ניוקי 500 ג' ""לה פסטה"" שלושה צבעים 500 גר' 12X",תומר ייבוא ושיווק מוצרי מזון [,,לה פסטה ניוקי 3 צבעי,גרמים,500.00,100 גרם,false,,9.00,0.0180,true,1,164937
7290013542526,false,כוסות נייר שתיה חמה,כוסות שתייה חמה 3 ב,,כוסות נייר שתיה חמה,Unknown,50.00,יחידה,false,,11.90,0.2380,true,1,157066
7290013566119,false,פינוקים-חטיפי גלידה כשלפ,נסטלה,,פינוקים חטיפי גלידה,Unknown,60.00,יחידה,false,,42.00,0.7000,true,1,144805
7290013585387,false,בקבוק זירו קוקה-קולה (1 ליטר),החברה המרכזית להפצת משקאות בעמ,,קוקה קולה זירו בקבוק,מיליליטרים,1000.00,"100 מ""ל",false,,6.90,0.0069,true,1,146053
7290013585394,false,בקבוק קוקה-קולה (1 ליטר),החברה המרכזית להפצת משקאות בעמ,,קוקה קולה בקבוק 1 לי,מיליליטרים,1000.00,"100 מ""ל",false,,7.50,0.0075,true,1,146054
7290013585554,false,קינלי סודה שישייה 1.,החברה המרכזית לייצור משקאות,,שישיית קינלי סודה 1.,מיליליטרים,9000.00,"100 מ""ל",false,,13.90,0.0015,true,1,154330
7290013585899,true,ויסוצקי ICE לימונית,,,ויסוצקי ICE לימונית,,0.00,,false,,8.00,0.0000,true,1,146055
7290013585967,false,מארז ספרייט זירו Fridge Pack פחית 6*33,החברה המרכזית להפצת משקאות בעמ,,שישיית פחיות ספרייט,מיליליטרים,1980.00,"100 מ""ל",false,,25.70,0.0130,true,1,152097
7290013586711,false,משקה ויסוצקי אייס הי,,,ויסוצקי ICE היביסקוס,מיליליטרים,350.00,"100 מ""ל",false,,8.00,0.0229,true,1,146056
7290013608260,false,מיץ רימונים 100%מיץ סחוט טרי מצונן 1ליט,שטראוס גרופ בעמ/מצונן,,מיץ רימונים 100% סחו,מיליליטרים,1000.00,"100 מ""ל",false,,22.90,0.0229,true,1,148965
7290013771513,false,גבינת שמנת 25% עם זי,,,גבינת שמנת 25% עם זי,גרמים,200.00,100 גרם,false,,9.90,0.0495,true,1,150161
7290013787736,false,רביולי במילוי גבינה 400 רמילוי,,,רביולי במילוי גבינה,גרמים,400.00,100 גרם,false,,21.90,0.0547,true,1,149128
7290013843968,false,כוסות חד פעמי שתיה חמה,ח.כהן סוכנות מזון ומשקאות בע,,כוסות נייר שתיה חמה,Unknown,50.00,יחידה,false,,11.90,0.2380,true,1,147460
7290013847102,false,נתחי טונה בהירה בשמן - מארז שלישיה,דיפלומט מפיצים (1968) בעמ**,,נתחי טונה בשמן סטארק,גרמים,240.00,100 גרם,false,,13.90,0.0579,true,1,153419
7290013847645,false,סטארקיסט טונה בשמן זית 80 גר' שלישיות,סטארקיסט Starkist,,טונה בהירה בשמן זית,גרמים,240.00,100 גרם,false,,17.90,0.0746,true,1,153901
7290013847867,false,מארז זוגות טונה בשמן סויה 140 ג' סטארקיסט,דיפלומט מפיצים (1968) בעמ**,,טונה בהירה בשמן קנול,גרמים,280.00,100 גרם,false,,12.90,0.0461,true,1,163755
7290013906052,false,נקניקיות פרגיות טירת צבי 300 גרם,תנובה מרכז שיתופי לשיווק תוצרת,,נקניקיות פרגיות 300,גרמים,300.00,100 גרם,false,,12.90,0.0430,true,1,155167
7290013906205,false,פסטרמה עם שום וצילי טירת צבי 400 ג',תנובה מרכז שיתופי לשיווק תוצרת,,פסטרמה שום וצ'לי 400,גרמים,400.00,100 גרם,false,,26.90,0.0672,true,1,159298
7290013906489,false,חטיפי מיני קבנוס טירת צבי 120 גרם,תנובה מרכז שיתופי לשיווק תוצרת,,חטיפי קבנוס 120 גרם,גרמים,120.00,100 גרם,false,,11.90,0.0992,true,1,159302
7290014002470,false,תה ויסוצקי קלאסיק - מארז 75 שקיקים,תה ויסוצקי (ישראל) בעמ,,תה קלאסיק 75 יחידות,Unknown,75.00,יחידה,false,,13.90,0.1853,true,1,162642
7290014002944,false,גן קסום חליטת פירות וצמחים חמדת שקד 25 שקיקים,תה ויסוצקי (ישראל) בעמ,,חליטת חמדת השקד הגן,Unknown,25.00,יחידה,false,,17.50,0.7000,true,1,150265
7290014050310,false,ג'ויה שוקולד אגוז,,,ג'ויה שוקולד אגוז,Unknown,1.00,יחידה,false,,10.00,10.0000,true,1,144807
7290014059436,false,"משחת שיניים סנסודיין 75 מ""ל פרימיום לשיקום והגנה מלבינה 75 מ""ל","סמית קליין ביצ'ם בע""",,סנסודיין לשיקום והגנ,מיליליטרים,75.00,"100 מ""ל",false,,23.90,0.3187,true,1,155264
7290014079465,false,אבוקדו,,,אבוקדו,מארז,1.00,מארז,false,,5.00,5.0000,true,1,144705
7290014083813,false,וילי פוד מריגה שפרוטים מעושנים בשמן 190ג,ג. וילי-פוד אינטרנשיונל בע`מ,,שפרוטים מעושנים בשמן,גרמים,190.00,100 גרם,false,,8.90,0.0468,true,1,157733
7290014089037,false,נענע בעציץ יחידה,משתלת ברגר בעמ,,נענע בעציץ,Unknown,1.00,יחידה,false,,8.90,8.9000,true,1,154779
7290014089129,false,רקפת בעציץ יחידה,משתלת ברגר בעמ,,רקפת בעציץ,Unknown,1.00,יחידה,false,,19.90,19.9000,true,1,154787
7290014089143,false,בזיליקום בעציץ יחידה,משתלת ברגר בעמ,,בזיליקום בעציץ,Unknown,1.00,יחידה,false,,8.90,8.9000,true,1,154789
7290014089181,false,מליסה בעציץ יחידה,פרח הארץ,,מליסה בעציץ,Unknown,1.00,יחידה,false,,8.90,8.9000,true,1,154791
7290014089358,false,טגטס בעציץ יחידה,פרח הארץ,,טגטס בעציץ,Unknown,1.00,יחידה,false,,8.90,8.9000,true,1,154800
7290014089433,false,גרניום בעציץ יחידה,פרח הארץ,,גרניום בעציץ,Unknown,1.00,יחידה,false,,8.90,8.9000,true,1,154807
7290014094864,false,פיסטוק קלוי 170 גר עם קליפה ששון הקולה,דין שיווק וקליה 2021 בעמ,,פיסטוק קלוי 170 גר',גרמים,170.00,100 גרם,false,,19.90,0.1171,true,1,159918
7290014094895,false,אגוזים קלופים בשקית ששון הקולה 150 גרם,דין שיווק וקליה 2021 בעמ,,אגוזים קלופים בשקית,גרמים,150.00,100 גרם,false,,11.90,0.0793,true,1,162283
7290014397507,false,מבשם אויר סנו פרש הום בניחוח מאסק מעודן 350 מ''ל,מיוצר עי קונדיטוריית,,מבשם לבית בניחוח מאס,מיליליטרים,350.00,"100 מ""ל",false,,11.90,0.0340,true,1,147519
7290014455252,false,גבינת גרנה פדנו מגורדת 29% גד (100 גרם),מחלבות גד שיווק 1992 בעמ,,פרמז'ן גרנה פדנו מגו,גרמים,100.00,100 גרם,false,,12.40,0.1240,true,1,146112
7290014455320,false,גבינה כדורי מוצרלה פרסקה גד 100ג',מחלבות גד שיווק 1992 בעמ,,מוצרלה פרסקה 100 גרם,גרמים,100.00,100 גרם,false,,9.80,0.0980,true,1,146113
7290014459311,false,שניצל תירס 160 גרם,,,שניצל תירס 160 גרם,גרמים,160.00,100 גרם,false,,5.00,0.0313,true,1,145091
7290014466463,false,הר חרמון מוסקט יקב רמת הגולן (750 מל),היכל היין שקד גולן בעמ,,יין לבן מתוק מבעבע מ,מיליליטרים,750.00,"100 מ""ל",false,,31.90,0.0425,true,1,154608
7290014472136,false,גרעין שחור קלוי ששון הקולה (150 גרם),דין שיווק וקליה 2021 בעמ,,גרעין שחור קלוי 150,גרמים,150.00,100 גרם,false,,4.90,0.0327,true,1,168005
7290014534674,false,"פסטה ""לה פסטה"" 400 ג' פרפר 400 ג'",תומר ייבוא ושיווק מוצרי מזון [,,פסטה פארפלה חיטה דור,גרמים,400.00,100 גרם,false,,4.50,0.0113,true,1,165018
7290014534681,false,"פסטה ""לה פסטה"" 400 ג' בורג 400 ג'",תומר ייבוא ושיווק מוצרי מזון [,,פסטה פוסילי 100% חיט,גרמים,400.00,100 גרם,false,,4.50,0.0113,true,1,143514
7290014534698,false,"פסטה ""לה פסטה"" 400 ג' תלתל 400 ג'",תומר ייבוא ושיווק מוצרי מזון [,,פסטה תלתל חיטה דורום,גרמים,400.00,100 גרם,false,,4.50,0.0113,true,1,164942
7290014534704,false,"פסטה ""לה פסטה"" 400 ג' אטריות מרק 400 ג'",תומר ייבוא ושיווק מוצרי מזון [,,אטריות מרק ורמיצ'לי,גרמים,400.00,100 גרם,false,,4.50,0.0113,true,1,164943
7290014581036,false,"פחם למנגל הלהבה כ2- ק""ג",פחם קוואנגו סחר בעמ,,פחם מעץ טבעי להבה 2,גרמים,2000.00,100 גרם,false,,15.90,0.0080,true,1,165698
7290014647978,false,פפריקה 100 גרם,,,פפריקה 100 גרם,גרמים,100.00,100 גרם,false,,2999.90,29.9990,true,1,157804
7290014647992,false,כמון 100 גרם,,,כמון 100 גרם,גרמים,100.00,100 גרם,false,,2999.90,29.9990,true,1,157805
7290014692565,false,גרעיני תירס מתוק וילי פוד (320 גרם),ג.וילי-פוד אינטרנשיונל בעמ,,גרעיני תירס מתוק ויל,גרמים,320.00,100 גרם,false,,5.90,0.0184,true,1,157731
7290014692749,false,"שמן זית כתית מעולה ויליפוד 750 מ""ל",ג. וילי-פוד אינטרנשיונל בע`מ,,שמן זית כתית מעולה ו,גרמים,750.00,100 גרם,false,,32.90,0.0439,true,1,165478
7290014704091,false,"קפה שחור ""רמי לוי"" 7",,,"קפה שחור ""רמי לוי"" 7",גרמים,70.00,100 גרם,false,,4.10,0.0586,true,1,143820
7290014731486,false,בוחשן כפית 6 000 יח,,,בוחשן כפית 6 000 יח,Unknown,0.00,יחידה,false,,2999.90,0.0000,true,1,146789
7290014758162,false,חלב עיזים מלא 3.6% שומן תנובה (1 ליטר),תנובה מרכז שיתופי לש,,חלב עיזים מלא 3.6% ת,מיליליטרים,1000.00,"100 מ""ל",false,,14.90,0.0149,true,1,159147
7290014759084,false,גבינת שמנת נפוליאון 16% מופחת שומן תנובה 225 גרם,תנובה מרכז שיתופי לש,,נפוליאון גבינת שמנת,גרמים,225.00,100 גרם,false,,13.90,0.0618,true,1,145033
7290014759909,false,פטה עיזים 5% 250 גר`גביע פיראוס תנובה,"תנובה, מחלבת טנא נוג",,פטה עיזים 5% פיראוס,גרמים,250.00,100 גרם,false,,27.90,0.1116,true,1,159149
7290014760134,false,"מעדן סויה בטעם וניל תנובה 125 מ""ל",תנובה Alternative,,מאגדת מעדן סויה וניל,גרמים,250.00,100 גרם,false,,4.20,0.0168,true,1,152052
7290014761056,false,מעדן שוקולד חלב יולו תנובה 123 גרם,מיוצר עי קונדיטוריית,,מעדן חלב עם שוקולד ח,גרמים,123.00,100 גרם,false,,4.70,0.0382,true,1,145038
7290014761070,false,מעדן שוקולד לבן יולו תנובה 123 גרם,מיוצר עי קונדיטוריית,,מעדן חלב עם שוקולד ל,גרמים,123.00,100 גרם,false,,4.70,0.0382,true,1,145040
7290014761414,false,יולו מעדן שכבות שוקולד חלב ולבן 123 גר,מיוצר עי קונדיטוריית,,מעדן חלב עם שכבות שו,גרמים,123.00,100 גרם,false,,4.70,0.0382,true,1,145043
7290014762756,false,גבינת שמנת נפוליאון 16% עם בצל תנובה 225 גרם,תנובה - חלב,,נפוליאון גבינת שמנת,גרמים,225.00,100 גרם,false,,13.90,0.0618,true,1,154482
7290014762831,false,גבינת שמנת נפוליאון 16% עם פלפל חלפיניו תנובה 225 גרם,תנובה מרכז שיתופי לש,,נפוליאון גבינת שמנת,גרמים,225.00,100 גרם,false,,13.90,0.0618,true,1,154483
7290014762909,false,פתיתי מוצרלה השף הלבן 10% תוספת מתנה,"תנובה, מחלבת תל יוסף",,מוצרלה פתיתים 20% שו,גרמים,200.00,100 גרם,false,,15.90,0.0795,true,1,147795
7290014791336,false,מי מינרלים בודד ליטר,יפאורה שותפות מוגבלת לשיווק,,מים מינרלים מי עדן פ,מיליליטרים,500.00,"100 מ""ל",false,,3.90,0.0078,true,1,143448
7290014940901,false,לחם פשוט מלא לילדים פרוס אנג`ל (750 גרם),מאפיית שלמה א. אנג'\ל בע,,לחם פשוט מלא 750 גרם,גרמים,750.00,100 גרם,false,,13.90,0.0185,true,1,152337
7290015014082,false,לבבות קיסר 250 גרם,,,לבבות קיסר 250 גרם,גרמים,250.00,100 גרם,false,,10.90,0.0436,true,1,169103
7290015014182,false,לבבות קיסר בנספק רמי לוי,ביכורי השדה צפון 1994 ג.ד. בעמ,,לבבות קיסר בשקית רמי,Unknown,1.00,יחידה,false,,9.90,9.9000,true,1,153241
7290015014274,false,צנונית ארוזה שמיטה,ביכורי השדה צפון 1994 ג.ד. בעמ,,צנוניות רמי לוי 500,גרמים,500.00,100 גרם,false,,5.90,0.0118,true,1,153243
7290015014472,false,קורנית(בוסתן),ביכורי השדה צפון 1994 ג.ד. בעמ,,טימין תקומה,Unknown,1.00,יחידה,false,,5.90,5.9000,true,1,153247
7290015033619,false,שקדי מרק 1 ק''ג,,,שקדי מרק 1 ק''ג,פריט,1.00,"ק""ג",false,,2999.90,2999.9000,true,1,152137
7290015039246,false,נתחי טונה בשמן צמחי רביעיה * 160 ג' וילי פוד,ג.וילי פוד אינטרנשיונל בעמ,,נתחי טונה בהירה בשמן,גרמים,640.00,100 גרם,false,,21.90,0.0342,true,1,143914
7290015039338,false,נתחי טונה במי מלח רביעיה * 160 ג' וילי פוד,ג.וילי-פוד אינטרנשיונל בעמ,,נתחי טונה במי מלח וי,גרמים,640.00,100 גרם,false,,21.90,0.0342,true,1,143915
7290015042192,true,מרינדה שום ודבש 180,,,מרינדה שום ודבש 180,,0.00,,false,,5.00,0.0000,true,1,144010
7290015139267,false,שוקולד מריר עם שקדים ללא תוספת סוכר וסטהיים,"כרמית תעשיות ממתקים בע""\",,שוקולד מריר עם שקדים,גרמים,85.00,100 גרם,false,,5.90,0.0694,true,1,165897
7290015139519,false,אגו מיקס קוביות וופל 55 גר',כרמית תעשיות ממתקים בעמ,,אגו מיקס קוביות וופל,גרמים,55.00,100 גרם,false,,3.90,0.0709,true,1,147657
7290015150118,false,שלישיית עגבניות חתוכות דק גרנד איטליה 400 גרם,תה ויסוצקי (ישראל) בעמ,,עגבניות חתוכות דק 3*,גרמים,1200.00,100 גרם,false,,16.80,0.0140,true,1,150386
7290015156813,false,מחית פרינוק פאוץ' פירות מעורבים 120 גרם,גורי מוצרי צריכה (1991) בעמ,,פאוץ' פרינוק פירות מ,גרמים,120.00,100 גרם,false,,6.50,0.0542,true,1,166945
7290015193573,false,"ווק אטריות אורז עובי 2 מ""מ 400 גרם",אסיאן סופירה פודס חב,,ווק אטריות אורז עובי,גרמים,400.00,100 גרם,false,,9.90,0.0248,true,1,152440
7290015193962,false,WOK דפים מקמח אורז 200 ג,,,דפים מקמח אורז ועמיל,גרמים,200.00,100 גרם,false,,6.90,0.0345,true,1,162042
7290015325806,false,תחליב רחצה בניחוח קקטוס 750מל רמילוי,,,נועה תחליב רחצה פרח,מיליליטרים,750.00,"100 מ""ל",false,,8.90,0.0119,true,1,149273
7290015325813,false,תחליב רחצה 750מל רמילוי,,,נועה תחליב רחצה ניחו,מיליליטרים,750.00,"100 מ""ל",false,,8.90,0.0119,true,1,146716
7290015328531,false,להבונים 50 יח' 3 שעו,,,להבונים 50 יחידות,Unknown,50.00,יחידה,false,,8.00,0.1600,true,1,147815
7290015328647,false,נר נשמה בפח ירושלים 24 שעות,,,נר נשמה בפח 24 שעות,Unknown,1.00,יחידה,false,,2.00,2.0000,true,1,148149
7290015395939,false,חטיף אורז בטעם מתוק מלוח 120 גרם,דין שיווק וקליה 2021 בעמ,,חטיף יפני 150 גרם-שש,גרמים,150.00,100 גרם,false,,15.90,0.1060,true,1,155191
7290015395960,false,בוטן רביולי בציפוי בטעם מלוח מתוק 200 ג' ENJOY,דין שיווק וקליה 2021 בעמ,,בוטן רביולי 150 גרם-,גרמים,150.00,100 גרם,false,,15.90,0.1060,true,1,155192
7290015437646,false,לה פסטה מיחת עגבניות 680 גרם,רגיה,,לה פסטה מחית עגבניות,מיליליטרים,690.00,"100 מ""ל",false,,9.90,0.0143,true,1,164861
7290015597210,false,מאגדת טילון קורנטו פרווה טבעוני-וויגן פרנדלי,"גלידת שטראוס בע""\מ, רחוב",,מאגדת קורנטו וניל פר,Unknown,6.00,יחידה,false,,33.90,5.6500,true,1,152576
7290015597937,false,קורנטו קלאסיק וניל עם צימוקים,"מיוצר ע""\י גלידת שטראוס",,קורנטו קלאסיק וניל,Unknown,1.00,יחידה,false,,6.90,6.9000,true,1,152577
7290015603201,false,אטריות מחיטה מלאה 454ג' (כ) (fu),קסמיאן קסינגשנג פודסטטפס,,איטריות קמח מלא 454,גרמים,454.00,100 גרם,false,,10.90,0.0240,true,1,149567
7290015642255,false,חומוס נטו 400 גרם,סלטים 2 ב13.90,,חומוס נטו 400 גרם,גרמים,400.00,100 גרם,false,,7.70,0.0193,true,1,143193
7290015642491,false,כרוב שוודי 250 גרם,סלטים 2 ב13.90,,כרוב שוודי 250 גרם,גרמים,250.00,100 גרם,false,,5.00,0.0200,true,1,143197
7290015642729,false,טחינה לבנה רמי לוי 2,,,טחינה לבנה רמי לוי 2,גרמים,250.00,100 גרם,false,,5.90,0.0236,true,1,151525
7290015642743,false,חציל תאילנדי רמי לוי,,,חציל תאילנדי רמי לוי,גרמים,250.00,100 גרם,false,,5.90,0.0236,true,1,151527
7290015642750,false,חציל על האש רמי לוי,,,חציל על האש רמי לוי,גרמים,250.00,100 גרם,false,,5.90,0.0236,true,1,151528
7290015642774,false,חציל על האש במיונז ר,,,חציל על האש במיונז ר,גרמים,250.00,100 גרם,false,,5.90,0.0236,true,1,151530
7290015642811,false,סלט טורקי רמי לוי 25,,,סלט טורקי רמי לוי 25,גרמים,250.00,100 גרם,false,,5.90,0.0236,true,1,151531
7290015642835,false,סלק רמי לוי 250 גרם,,,סלק רמי לוי 250 גרם,גרמים,250.00,100 גרם,false,,5.90,0.0236,true,1,151532
7290015642859,false,כרוב אדום רמי לוי 40,,,כרוב אדום רמי לוי 40,גרמים,400.00,100 גרם,false,,7.90,0.0198,true,1,151533
7290015642866,false,טחינה רמי לוי 400 גר,,,טחינה רמי לוי 400 גר,גרמים,400.00,100 גרם,false,,7.90,0.0198,true,1,151534
7290015642873,false,חציל במיונז רמי לוי,,,חציל במיונז רמי לוי,גרמים,400.00,100 גרם,false,,7.90,0.0198,true,1,151537
7290015642897,false,חציל פיקנטי רמי לוי,,,חציל פיקנטי רמי לוי,גרמים,400.00,100 גרם,false,,7.90,0.0198,true,1,151538
7290015644297,false,שישיית לחמניות פשוט מלא אנג'ל 450 גרם,מאפיית שלמה א. אנג'\ל בע,,לחמניות פשוט מלא אנג,Unknown,6.00,יחידה,false,,11.10,1.8500,true,1,152338
7290015652087,false,תערובת פיצוחים בשקית ששון הקולה 150 גרם,דין שיווק וקליה 2021 בעמ,,תערובת פיצוחים 150 ג,גרמים,150.00,100 גרם,false,,12.90,0.0860,true,1,159926
7290015681735,false,מיזלי צימוקים תפוח רמי לוי 400 גרם,דין שיווק,,מיזלי תפוח קינמון 40,גרמים,400.00,100 גרם,false,,10.90,0.0273,true,1,154627
7290015681773,false,קינואה רמי לוי 400 גרם,דין שיווק,,קינואה 400 גרם - רמי,גרמים,400.00,100 גרם,false,,10.90,0.0273,true,1,155343
7290015719797,false,חסה ערבית יחידה,,,חסה ערבית יחידה,פריט,1.00,"ק""ג",false,,4.90,4.9000,true,1,162988
7290015821179,false,כוסות נייר שתיה חמה,,,כוסות נייר שתיה חמה,Unknown,50.00,יחידה,false,,11.90,0.2380,true,1,164634
7290015834209,false,"ציפס קלאסי רמי לוי 2 ק""ג",קפוא-זן,,רמי לוי צ'יפס קלאסי,גרמים,2000.00,100 גרם,false,,23.90,0.0119,true,1,149135
7290015834469,false,פרוסות דקל רמי לוי 220 גרם,טעמן,,לבבות דקל פרוסות במי,גרמים,400.00,100 גרם,false,,7.90,0.0198,true,1,147440
7290015834483,false,דבש לחיץ רמי לוי 250 גרם,רמי לוי,,דבש טהור מפרחי בר לח,גרמים,250.00,100 גרם,false,,12.90,0.0516,true,1,143791
7290015834896,false,מלפפון בחומץ ‏12‏-‏1,רמי לוי,,מלפפון בחומץ ‏12‏-‏1,גרמים,290.00,100 גרם,false,,7.20,0.0248,true,1,146649
7290015835039,false,כריות יפניות עבות רמי לוי 6 יח,רמי לוי,,כריות יפניות עבות רמ,Unknown,6.00,יחידה,false,,8.90,1.4833,true,1,146470
7290015835121,false,מטליות רמי לוי 9 יח,רמי לוי,,מטליות רמי לוי 9 יח,Unknown,9.00,יחידה,false,,8.90,0.9889,true,1,146473
7290015835435,false,מוזלי אגוזים רמי לוי 400 גרם,רמי לוי,,מוזלי אגוזים רמי לוי,גרמים,400.00,100 גרם,false,,10.40,0.0260,true,1,154631
7290015835756,false,שיבולת שועל דק רמי לוי 500 גרם,רמי לוי,,שיבולת שועל דקה 500,גרמים,500.00,100 גרם,false,,4.90,0.0098,true,1,147102
7290015835763,false,שיבולת שועל עבה רמי לוי 500 גרם,רמי לוי,,שיבולת שועל עבה 500,גרמים,500.00,100 גרם,false,,4.90,0.0098,true,1,147136
7290015835930,false,מגבות נייר רמי לוי 8 יח,רמי לוי,,מגבות נייר רמי לוי 8,Unknown,8.00,יחידה,false,,13.90,1.7375,true,1,158075
7290015835978,false,ממחטות מארז חמישייה רמי לוי,רמי לוי,,ממחטות טישו רמי לוי,Unknown,5.00,יחידה,false,,13.90,2.7800,true,1,149926
7290015858151,false,ממרח שום 180 גרם עללחם בית יוסף,שטראוס גרופ בעמ/מצונן,,ממרח שום עללחם 180 ג,גרמים,180.00,100 גרם,false,,15.90,0.0883,true,1,158223
7290015866132,false,כרובית,,,כרובית,יח',1.00,יח',false,,9.90,9.9000,true,1,158411
7290015899277,false,מרכך כביסה כחול רמי לוי 4 ליטר,רמי לוי,,מרכך כביסה כחול 4 לי,מיליליטרים,4000.00,"100 מ""ל",false,,16.90,0.0042,true,1,152733
7290015951869,false,"יין הר חרמון רוזה 750 מ""ל",מיוצר וממולא על ידי יקב,,יין רוזה יבש הר חרמו,מיליליטרים,750.00,"100 מ""ל",false,,31.90,0.0425,true,1,157711
7290015979559,false,חסה ערבית יחידה,,,חסה ערבית יחידה,פריט,1.00,"ק""ג",false,,4.90,4.9000,true,1,147168
7290015994057,false,"סוכר רמי לוי 1 ק""ג",,,"סוכר רמי לוי 1 ק""ג",גרמים,1000.00,100 גרם,false,,3.90,0.0039,true,1,149149
7290015994064,false,"בורגול רמי לוי 1 ק""ג",רמי לוי,,"בורגול רמי לוי 1 ק""ג",גרמים,1000.00,100 גרם,false,,6.30,0.0063,true,1,149853
7290015994071,false,"גרישה רמי לוי 1 ק""ג",רמי לוי,,"גרישה רמי לוי 1 ק""ג",גרמים,1000.00,100 גרם,false,,6.90,0.0069,true,1,149854
7290015994125,false,"כוסמת רמי לוי 1 ק""ג",רמי לוי,,"כוסמת רמי לוי 1 ק""ג",גרמים,1000.00,100 גרם,false,,7.90,0.0079,true,1,149858
7290015994163,false,"שעועית אדומה רמי לוי 1 ק""ג",רמי לוי,,שעועית אדומה רמי לוי,גרמים,1000.00,100 גרם,false,,13.90,0.0139,true,1,149862
7290016006346,false,שוופס סודה 0.5 ליטר מארז שישייה,יפאורה שותפות מובגלת לשיווק,,שישיית שוופס סודה 50,מיליליטרים,3000.00,"100 מ""ל",false,,14.20,0.0047,true,1,143452
7290016087475,false,עגבניות חתוכות דק 400 גר`פריניר,אבאל יזמות בעמ,,עגבניות חתוכות דק פר,גרמים,0.00,100 גרם,false,,4.90,0.0000,true,1,166904
7290016087499,false,עגבניות חתוכות מארז 400X3ג' אריזות ירושלים,ח.כהן סוכנות מזון ומשקאות בע,,עגבניות חתוכות דק פר,גרמים,400.00,100 גרם,false,,12.90,0.0323,true,1,148071
7290016114270,false,סקוץ' חתוך ניקול 8 י,,,סקוץ' חתוך ניקול 8 י,Unknown,8.00,יחידה,false,,5.00,0.6250,true,1,143956
7290016144017,false,"קמח מלא נפלאות 100% ללא ניפוי 1 ק""ג",תה ויסוצקי (ישראל)בעמ,,קמח חיטה מלא 100% נפ,גרמים,1000.00,100 גרם,false,,9.90,0.0099,true,1,155255
7290016144031,false,"נפלאות קמח חיטה לבן מנופה 1 ק""ג",תה ויסוצקי (ישראל)בעמ,,קמח חיטה לבן מנופה נ,גרמים,1000.00,100 גרם,false,,7.90,0.0079,true,1,155260
7290016150117,false,סלק אדום מקולף ומבושל500,ביג פוד כחול לבן בעמ*שיק 30 יו,,סלק מבושל בוואקום,גרמים,500.00,100 גרם,false,,5.90,0.0118,true,1,150888
7290016162240,false,עוגיות דיזרט פרימיום,,,עוגיות דיזרט פרימיום,גרמים,200.00,100 גרם,false,,21.90,0.1095,true,1,146206
7290016246452,false,טחינה גולמית מעודנת לימון שום בארכה 310ג',קבוצת אוסם סחר שותפות מוגבלת,,בארכה טחינה גולמית מ,גרמים,310.00,100 גרם,false,,12.90,0.0416,true,1,148117
7290016270273,false,כרובית ארוזה גן הירק,משתנה,,כרובית,יח',1.00,יח',false,,9.90,9.9000,true,1,153173
7290016270709,false,עגבניות שרי אשכולות,ביכורי השדה צפון 1994 ג.ד. בעמ,,עגבניות שרי,Unknown,1.00,יחידה,false,,8.90,8.9000,true,1,144727
7290016272796,false,נייר טואלט רמי לוי 30 יח,,,נייר טואלט רמי לוי 3,Unknown,30.00,יחידה,false,,29.90,0.9967,true,1,149923
7290016272802,false,מגבות נייר רמי לוי 6,,,מגבות נייר רמי לוי 6,Unknown,6.00,יחידה,false,,10.90,1.8167,true,1,149927
7290016272819,false,צמר גפן רמי לוי 100,,,צמר גפן רמי לוי 100,גרמים,100.00,100 גרם,false,,5.90,0.0590,true,1,152502
7290016273090,false,סוכריה על מקל בטעם תות בננה 31 גרם,אוריגינל גורמה,,סוכריה על מקל 31 גרם,גרמים,31.00,100 גרם,false,,4.90,0.1581,true,1,151368
7290016273182,false,ציפס אמריקאי רמי לוי,,,רמי לוי צ'יפס אמריקא,גרמים,1500.00,100 גרם,false,,18.90,0.0126,true,1,149139
7290016273601,false,דבש לחיץ 500 גר רמי לוי,,,"דבש ""רמי לוי"" לחיץ 5",גרמים,500.00,100 גרם,false,,23.90,0.0478,true,1,156849
7290016277937,false,מעדן פרי משמש רמי לוי 284 גר,,,מעדן משמש 100% רכיבי,גרמים,284.00,100 גרם,false,,9.90,0.0349,true,1,155354
7290016304060,false,חלה רגילה 500 גרם,,,חלה רגילה 500 גרם,גרמים,500.00,100 גרם,false,,5.17,0.0103,true,1,151434
7290016304442,false,חצי לחם 100% קמח מלא,,,חצי לחם 100% קמח מלא,גרמים,375.00,100 גרם,false,,5.90,0.0157,true,1,143581
7290016319187,false,טוסו עוגיות סנדוויץ שוקו במילוי קרם שוקולד *זוג* 300 גרם,בטר אנד דיפרנט,,טוסו עוגיות סנדוויץ',גרמים,300.00,100 גרם,false,,17.90,0.0597,true,1,156726
7290016319194,false,טוסו מארז זוג עוגיות סנדוויץ ללא סוכר שוקו וניל 300 ג',דנשר (1963) בעמ,,טוסו עוגיות סנדוויץ',גרמים,300.00,100 גרם,false,,17.90,0.0597,true,1,156727
7290016334050,false,סלרי חתוך.,ביכורי השדה צפון 1994 ג.ד. בעמ,,סלרי חתוך,Unknown,1.00,יחידה,false,,5.90,5.9000,true,1,153250
7290016334166,false,לוף רגיל ארוז ליח,ביכורי השדה צפון 1994 ג.ד. בעמ,,לוף רגיל ארוז,Unknown,1.00,יחידה,false,,7.90,7.9000,true,1,153252
7290016334173,false,פלפל טינקרבל שמיטה,ביכורי השדה צפון 1994 ג.ד. בעמ,,פלפלונים רמי לוי,Unknown,1.00,יחידה,false,,9.90,9.9000,true,1,153253
7290016334180,false,מלפפון בייבי רמי לוי,ביכורי השדה צפון 1994 ג.ד. בעמ,,מלפפון בייבי רמי לוי,Unknown,1.00,יחידה,false,,9.90,9.9000,true,1,153254
7290016334296,false,ברוקולי ארוז יחידה שמיטה,ביכורי השדה צפון 1994 ג.ד. בעמ,,ברוקולי רמי לוי,Unknown,1.00,יחידה,false,,9.90,9.9000,true,1,153256
7290016334388,false,פלפל צ'ילי רמי לוי,ביכורי השדה צפון 1994 ג.ד. בעמ,,פלפל צ'ילי רמי לוי,Unknown,1.00,יחידה,false,,6.90,6.9000,true,1,153257
7290016334456,false,בזיליקום רמי לוי,ביכורי השדה צפון 1994 ג.ד. בעמ,,בזיליקום,Unknown,1.00,יחידה,false,,5.90,5.9000,true,1,153260
7290016334500,false,לבבות חסה זוגות בשקי,ביכורי השדה צפון 1994 ג.ד. בעמ,,זוג לבבות חסה,Unknown,1.00,יחידה,false,,9.90,9.9000,true,1,153262
7290016334784,false,ג'ינג'ר ארוז ברכת קטיף 200 גרם,ביכורי השדה צפון 1994 ג.ד. בעמ,,ג'ינג'ר ארוז,Unknown,1.00,יחידה,false,,8.90,8.9000,true,1,153272
7290016334883,false,שרי תמר בוסתן שמיטה,ביכורי השדה צפון 1994 ג.ד. בעמ,,עגבניות שרי תמר,Unknown,1.00,יחידה,false,,9.90,9.9000,true,1,153275
7290016334890,false,עגבניות שרי ליקופן,ביכורי השדה צפון 1994 ג.ד. בעמ,,עגבניות שרי ליקופן,Unknown,1.00,יחידה,false,,9.90,9.9000,true,1,153276
7290016334906,false,מיקס עגבניות שרי.,ביכורי השדה צפון 1994 ג.ד. בעמ,,עגבניות שרי מיקס,Unknown,1.00,יחידה,false,,11.90,11.9000,true,1,153277
7290016370959,false,חציל קלוי (פירה) בצנצנת קבוצת יבנה 530 גרם,"קבוצת יבנה מוצרי מזון בע""מ",,חציל קלוי על האש 560,גרמים,560.00,100 גרם,false,,10.90,0.0195,true,1,148193
7290016372373,false,רסק עגבניות ללא תוספת סוכר ומלח - מארז זוג,תה ויסוצקי (ישראל) בעמ,,רסק עגבניות 22° קונס,גרמים,280.00,100 גרם,false,,7.90,0.0282,true,1,151763
7290016408294,false,"מרשמלו ורוד לבן וסטהיים 150 ג', 26 בקרטון",כרמית תעשיות ממתקים בעמ,,מרשמלו ורוד לבן כרמי,גרמים,150.00,100 גרם,false,,4.90,0.0327,true,1,158703
7290016408423,false,חטיף קרקר עם זיתים שחורים ושום 130 גר,כרמית תעשיות ממתקים בעמ,,חטיף קרקר עם זיתים ש,גרמים,130.00,100 גרם,false,,5.90,0.0454,true,1,143628
7290016408720,false,אגו מיקס בייגלה מצופה שוקולד לבן 55גר* 24 בקר',כרמית תעשיות ממתקים בעמ,,בייגלה מצופה שוקולד,גרמים,55.00,100 גרם,false,,3.90,0.0709,true,1,147658
7290016408744,false,מרשמלו טוויסטר כרמית 150 גרם,"כרמית תעשיות ממתקים בע""\",,מרשמלו כרמית טוויסטר,גרמים,150.00,100 גרם,false,,4.90,0.0327,true,1,158704
7290016408980,false,"מטבעות שוקולד חלב 36 ג' כשל""פ בד""ץ!",כרמית תעשיות ממתקים בעמ,,מטבעות שוקולד חלב 36,גרמים,36.00,100 גרם,false,,3.90,0.1083,true,1,143631
7290016415476,false,מיני דונאטס,,,מיני דונאטס,Unknown,1.00,יחידה,false,,5.00,5.0000,true,1,148174
7290016509786,false,פרסיל גל לכביסה לבנה וצבעונית-ירוק 2.5 ל,גורי שיווק בעמ,,פרסיל ג'ל 2.5 ליטר י,מיליליטרים,2500.00,"100 מ""ל",false,,35.90,0.0144,true,1,151351
7290016530605,false,מטלית בעירה 5 יחידות,,,מטלית בעירה 5 יחידות,Unknown,5.00,יחידה,false,,10.90,2.1800,true,1,147608
7290016542530,false,בירה וקסמן בקבוק 500,,,בירה וקסמן בקבוק 500,מיליליטרים,500.00,"100 מ""ל",false,,5.00,0.0100,true,1,144050
7290016601466,false,נוזל רצפות רמי לוי 2 ליטר,,,נוזל רצפות רמי לוי 2,מיליליטרים,2000.00,"100 מ""ל",false,,9.90,0.0050,true,1,152173
7290016601473,false,נוזל רצפות רמי לוי 2 ליטר,,,נוזל רצפות רמי לוי 2,מיליליטרים,2000.00,"100 מ""ל",false,,9.90,0.0050,true,1,152174
7290016601480,false,נוזל רצפות רמי לוי 2 ליטר,,,נוזל רצפות רמי לוי 2,מיליליטרים,2000.00,"100 מ""ל",false,,9.90,0.0050,true,1,152175
7290016601558,false,מגבונים לניקוי כללי,,,מגבונים לניקוי כללי,Unknown,400.00,יחידה,false,,20.90,0.0522,true,1,153899
7290016609141,false,אפונה וגזר רמי לוי 5,,,אפונה וגזר רמי לוי 5,גרמים,550.00,100 גרם,false,,6.50,0.0118,true,1,146369
7290016609172,false,שעועית לבנה ברוטב עגבניות 335 גר,,,שעועית לבנה אפויה בר,גרמים,580.00,100 גרם,false,,6.50,0.0112,true,1,146371
7290016609189,false,גרעיני תירס 335 גר רמי לוי,,,גרעיני תירס מתוק רמי,גרמים,550.00,100 גרם,false,,5.90,0.0107,true,1,146372
7290016609196,false,גרעיני תירס לייט 335 גר רמי לוי,,,תירס לייט רמי לוי 55,גרמים,550.00,100 גרם,false,,6.90,0.0125,true,1,146373
7290016621341,false,אל סבון היגייני לניקוי יסודי קמיל Clean & Moisture,פישר תעשיות פרמבצטיות בעמ,,קמיל אל סבון 1 ליטר,מיליליטרים,1000.00,"100 מ""ל",false,,15.90,0.0159,true,1,148590
7290016682083,false,"פריניב נקטר תות בננה 400 מ""ל",תנובה - פריניב,,שייק תות בננה 40% פר,מיליליטרים,400.00,"100 מ""ל",false,,9.20,0.0230,true,1,147877
7290016717754,false,יין היובל ישן נושן יקבי כרמל (750 מל),אגודת הכורמים -כרמל מזרחי,,יין אדום מתוק היובל,מיליליטרים,750.00,"100 מ""ל",false,,19.90,0.0265,true,1,148648
7290016733020,false,ממחטות כיס רמי לוי 1,,,ממחטות כיס רמי לוי 1,Unknown,10.00,יחידה,false,,8.50,0.8500,true,1,149928
7290016733044,false,מטליות ריצפה מיקרופייבר שלישייה רמי לוי,,,סחבת רצפה מיקרופייבר,Unknown,3.00,יחידה,false,,15.90,5.3000,true,1,146474
7290016733051,false,מטליות ניקוי כללי מיקרופייבר עשירייה רמי לוי,,,מטליות מיקרופייבר 10,Unknown,10.00,יחידה,false,,14.90,1.4900,true,1,146475
7290016733259,false,סלק מבושל בוואקום 500ג,,,סלק אדום מקולף רמי ל,Unknown,1.00,יחידה,false,,5.90,5.9000,true,1,152868
7290016733754,false,חומץ 5% 1 ליטר רמי ל,,,חומץ 5% 1 ליטר רמי ל,מיליליטרים,1000.00,"100 מ""ל",false,,5.00,0.0050,true,1,146699
7290016823684,false,אבוקדו,,,אבוקדו,מארז,1.00,מארז,false,,5.00,5.0000,true,1,150387
7290016866650,false,"פרודונטקס - משחת שיניים אוריג'ינל 75 מ""ל",פרודונטקס Parodontax,,משחת פרודונטקס אוריג,גרמים,75.00,100 גרם,false,,30.90,0.4120,true,1,151358
7290016912500,false,"ד""ר פישר - אפקטיב קר תרחיץ פנים לעור רגיש 180 מ""ל","פישר תעשיות פרמצביטות בע""מ",,אפקטיב קר תרחיץ פנים,מיליליטרים,180.00,"100 מ""ל",false,,17.90,0.0994,true,1,148592
7290016967074,false,לחם חיטה מלאה עם גרעינים ודגנים,מאפיית שלמה א. אנג'\ל בע,,לחם חיטה מלאה אנג'ל,גרמים,750.00,100 גרם,false,,14.90,0.0199,true,1,152340
7290016998320,false,לבבות קיסר נטורזה יח,ביכורי השדה צפון 1994 ג.ד. בעמ,,לבבות קיסר 250 גרם,גרמים,250.00,100 גרם,false,,10.90,0.0436,true,1,160843
7290017034065,false,אסותא אבקת כביסה 1.2,,,אסותא אבקת כביסה 1.2,גרמים,1250.00,100 גרם,false,,8.90,0.0071,true,1,157648
7290017065007,false,פרוסות גבינה מוצרלה חצי קשה 22% שומן 200 ג' גד,מחלבות גד שיווק 1992 בעמ,,מוצרלה פרוסות 22% 20,גרמים,200.00,100 גרם,false,,17.70,0.0885,true,1,148148
7290017065137,false,ריקוטה למריחה 5% טבעית 200 גר`מחלבות גד,מחלבות גד שיווק 1992 בעמ,,ריקוטה למריחה 5% טבע,גרמים,200.00,100 גרם,false,,10.70,0.0535,true,1,148041
7290017079127,false,פתיתים קוסקוס 500ג רמילוי,,,פתיתים קוסקוס- רמי ל,גרמים,500.00,100 גרם,false,,3.90,0.0078,true,1,147687
7290017105468,false,מארז שלישייה אפונה קטנה יכין 3*200 גר,קשקמט קונסרב הונגריה,,אפונה שלשות יכין 420,גרמים,420.00,100 גרם,false,,11.90,0.0283,true,1,153322
7290017105895,false,גרגרי חומוס להכנת חומוס משובח יכין 560 ג,זנלכל בעמ,,יכין - גרגירי חומוס,גרמים,550.00,100 גרם,false,,9.90,0.0180,true,1,158100
7290017129082,false,אגו וופל טראפלס 110,מאפים 5 ב 10,,אגו וופל טראפלס 110,גרמים,110.00,100 גרם,false,,5.90,0.0536,true,1,143634
7290017129099,false,וופל אגו אלפחורס 110,וופל אגו 2 ב 10,,אגו וופל אלפחורס 110,גרמים,110.00,100 גרם,false,,5.90,0.0536,true,1,143635
7290017129495,false,אגו מיקס כדורי תירס מצופים שוקולד חלב כרמית 55 גרם,כרמית תעשיות ממתקים בעמ,,אגו מיקס כדורי תירס,גרמים,55.00,100 גרם,false,,3.90,0.0709,true,1,143641
7290017129501,false,אגו מיקס כדורי תירס מצופים שוקולד לבן כרמית 55 גרם,כרמית תעשיות ממתקים בעמ,,אגו מיקס כדורי תירס,גרמים,55.00,100 גרם,false,,3.90,0.0709,true,1,143642
7290017129518,false,אגו מיקס כדורי תירס מצופים שוקולד חלב ולבן כרמית 55 גרם,כרמית תעשיות ממתקים בעמ,,אגו מיקס כדורי תירס,גרמים,55.00,100 גרם,false,,3.90,0.0709,true,1,143643
7290017129754,false,"שוקולד מריר מעולה 70% מוצקי קקאו 100 גר בד""ץ",כרמית תעשיות ממתקים בעמ,,שוקולד מריר מעולה 70,גרמים,100.00,100 גרם,false,,7.90,0.0790,true,1,152234
7290017129761,false,שוקולד פרימיום 70% מריר בטעם תפוז כרמית 100 גרם,"כרמית תעשיות ממתקים בע""\",,שוקולד מריר מעולה 70,גרמים,100.00,100 גרם,false,,7.90,0.0790,true,1,152235
7290017129839,false,שוקולד פרימיום 70% מריר בטעם פטל כרמית 100 גרם,כרמית תעשיות ממתקים בעמ,,שוקולד מריר מעולה 70,גרמים,100.00,100 גרם,false,,7.90,0.0790,true,1,152236
7290017197067,false,מגבונים בייבי בישום עדין 100 יח רמי לוי,,,מגבונים לחים בייבי,Unknown,1.00,יחידה,false,,5.90,5.9000,true,1,146720
7290017197159,false,שמפו ומרכך 2 ב1 נועה נגד קשקשים 750 מל רמי לוי,,,נועה שמפו ומרכך נגד,מיליליטרים,750.00,"100 מ""ל",false,,8.90,0.0119,true,1,165932
7290017197388,false,מגבונים הפי דייז מבושם 72*6 רמי לוי,,,מגבונים לחים הפי דיי,Unknown,6.00,יחידה,false,,21.90,3.6500,true,1,149278
7290017197395,false,מגבונים הפי דייז ללא בישום 72*6 רמי לוי,,,מגבונים לחים הפי דיי,Unknown,6.00,יחידה,false,,21.90,3.6500,true,1,149279
7290017197425,false,מגבונים בייבי מבושם 4*72 רמי לוי,,,מגבונים לחים ללא ביש,Unknown,4.00,יחידה,false,,15.90,3.9750,true,1,154351
7290017197432,false,מגבונים בייבי ללא בישום 4*72 רמי לוי,,,מגבונים לחים ללא ביש,Unknown,4.00,יחידה,false,,15.90,3.9750,true,1,154352
7290017197449,false,מגבונים בייבי לעור רגיש 4*72 רמי לוי,,,מגבונים לחים ללא ביש,Unknown,4.00,יחידה,false,,15.90,3.9750,true,1,146721
7290017197500,false,שמפו נועה לשיער יבש 750 מל רמי לוי,,,נועה שמפו לשיער יבש,מיליליטרים,750.00,"100 מ""ל",false,,8.90,0.0119,true,1,149280
7290017197517,false,שמפו נועה לשיער רגיל 750 מל רמי לוי,,,נועה שמפו לשיער רגיל,מיליליטרים,750.00,"100 מ""ל",false,,8.90,0.0119,true,1,149281
7290017197524,false,שמפו נועה לשיער רגיל מרוקאי 750 מל רמי לוי,,,נועה שמפו לשיער רגיל,מיליליטרים,750.00,"100 מ""ל",false,,8.90,0.0119,true,1,149282
7290017197548,false,מרכך נועה מרוקאי לשיער רגיל 750 מל רמי לוי,,,נועה מרכך לשיער רגיל,מיליליטרים,750.00,"100 מ""ל",false,,8.90,0.0119,true,1,149284
7290017197579,false,אמה מגבונים לניקוי כללי לימון ערטול,עיסא ערטול בעמ-סוכן הנקל סוד,,אמה מגבונים לניקוי כ,Unknown,1.00,יחידה,false,,6.00,6.0000,true,1,149457
7290017197654,false,מטליות לחות לניקוי ר,,,מטליות לחות לניקוי ר,Unknown,10.00,יחידה,false,,9.90,0.9900,true,1,146722
7290017197678,false,מגבוני ניקיון שלישייה -רמי לוי,,,מגבונים לניקוי כללי,Unknown,3.00,יחידה,false,,15.90,5.3000,true,1,146723
7290017197685,false,שלישייה מגבוני טואלט לחים,,,מגבוני נייר טואלט רמ,Unknown,3.00,יחידה,false,,10.90,3.6333,true,1,146724
7290017266343,false,וופל קראנץ במילוי קרם שוקולד 150 גרם,ח.כהן סוכנות מזון ומשקאות בע,,עלמה- ופל במילוי קרם,גרמים,150.00,100 גרם,false,,3.50,0.0233,true,1,151938
7290017291093,false,סלק אדום מקולף רמי ל,,,סלק אדום מקולף רמי ל,Unknown,1.00,יחידה,false,,5.90,5.9000,true,1,156685
7290017291123,false,שום ארוז יבוא,",חברת יוסף אופנהימר 1986 בעמ",,שום ארוז יבוא,Unknown,1.00,יחידה,false,,7.90,7.9000,true,1,165154
7290017304885,false,לחם שיפון מחיטה מלאה ללא תוספת סוכר 750 ג' אנג'ל,מאפיית שלמה א. אנג'\ל בע,,לחם שיפון וחיטה מלאה,גרמים,750.00,100 גרם,false,,14.90,0.0199,true,1,152342
7290017389912,false,זרעי צ'יה 300 גר רמילוי,,,זרעי צ'יה 300 גר' קו,גרמים,300.00,100 גרם,false,,15.90,0.0530,true,1,153056
7290017389967,false,ערמונים קלופים 100 גר קליית השקמה,,,ערמונים קלופים שלמים,גרמים,100.00,100 גרם,false,,5.90,0.0590,true,1,153058
7290017390482,false,מטבעות שוקולד חלב לאפיה 300 גר,,,מטבעות שוקולד חלב לא,גרמים,300.00,100 גרם,false,,10.90,0.0363,true,1,159654
7290017390543,false,סוכריות גומי מסוכרות,,,סוכריות גומי מסוכרות,גרמים,300.00,100 גרם,false,,10.90,0.0363,true,1,153075
7290017457727,false,"סוד כחול מרכך כביסה מרוכז20%+בישום 900 מ""ל",גורי שיווק בעמ,,מרכך מרוכז כחול סוד,מיליליטרים,900.00,"100 מ""ל",false,,11.90,0.0132,true,1,151778
7290017457819,false,פרסיל קפסולות גל לכביסה 28 יחידות,פרסיל,,פרסיל קפסולות ג'ל 28,Unknown,28.00,יחידה,false,,32.90,1.1750,true,1,155289
7290017504018,false,זוג פטריות שמפניון א,ביכורי השדה צפון 1994 ג.ד. בעמ,,פטריות זוגות לבן (פט,Unknown,1.00,יחידה,false,,17.90,17.9000,true,1,153281
7290017504025,false,פטריות פורטבלה ברכת קטיף,ביכורי השדה צפון 1994 ג.ד. בעמ,,פטריות פורטבלה א.א (,Unknown,1.00,יחידה,false,,10.90,10.9000,true,1,153282
7290017504032,false,זוג פטריות שמפניון ו,ביכורי השדה צפון 1994 ג.ד. בעמ,,פטריות זוגות איטלקי,Unknown,1.00,יחידה,false,,17.90,17.9000,true,1,153283
7290017513775,false,פליפז בייגלה מצופה שוקולד חלב מקוויטיס 140 גרם,תה ויסוצקי (ישראל) בעמ,,FLIPZ - בייגלה מצופה,גרמים,140.00,100 גרם,false,,9.50,0.0679,true,1,152622
7290017513782,false,פליפז בייגלה מצופה שוקולד מריר מקוויטיס 140 גרם,תה ויסוצקי (ישראל) בעמ,,FLIPZ - בייגלה מצופה,גרמים,140.00,100 גרם,false,,9.50,0.0679,true,1,152623
7290017586007,false,גזר ארוז,ביכורי השדה צפון 1994 ג.ד. בעמ,,גזר ארוז,קילוגרמים,1.00,"ק""ג",true,,4.90,4.9000,true,1,167829
7290017597003,false,פמלה קלופה,,,פמלה קלופה,Unknown,0.00,יחידה,false,,12.00,0.0000,true,1,144753
7290017617411,false,סטארקיסט מיקס סלמון עם אורז מלא וירקות 160 גרם,דיפלומט מפיצים (1968) בעמ**,,סטארקיסט מיקס סלמון,גרמים,160.00,100 גרם,false,,15.90,0.0994,true,1,165925
7290017641096,false,"שוקולד פרימיום 70% לל""ס 100גרם בדצ *12יח*2 בדיס",כרמית תעשיות ממתקים בעמ,,שוקולד פרימיום 70% ל,גרמים,100.00,100 גרם,false,,7.90,0.0790,true,1,150777
7290017641119,false,שוקולד פרימיום 85% מריר כרמית 100 גרם,כרמית תעשיות ממתקים בעמ,,שוקולד פרימיום 85% ב,גרמים,100.00,100 גרם,false,,7.90,0.0790,true,1,152238
7290017641195,false,קרקר עם שיפון מלא וגזר כרמית 130 גרם,כרמית תעשיות ממתקים בעמ,,קרקר עם שיפון מלא וג,גרמים,130.00,100 גרם,false,,5.90,0.0454,true,1,150288
7290017641577,false,"כדורים פריכים מצופים שוקולד חלב ולבן 55 גר כשל""פ",,,אגו מיקס כדור ש.חלב,גרמים,55.00,100 גרם,false,,3.90,0.0709,true,1,153587
7290017677804,false,"רוטב סויה קיקומן ללא חומרים משמרים 444 מ""ל",דיפלומט מפיצים (1968) בעמ**,,רוטב סויה קיקומן 444,מיליליטרים,444.00,"100 מ""ל",false,,20.90,0.0471,true,1,152352
7290017812052,false,יין שיראז-קברנה סוביניון אקסלנס יקבי כרמל,אגודת הכורמים בעמ,,יין אדום יבש אקסלנס,מיליליטרים,750.00,"100 מ""ל",false,,27.20,0.0363,true,1,148649
7290017812083,false,מיץ תירוש אדום רמי לוי 1 לי,,,תירוש ענבים אדום רמי,מיליליטרים,1000.00,"100 מ""ל",false,,13.90,0.0139,true,1,150322
7290017812090,false,מיץ תירוש לבן רמי לוי 1 לי,,,תירוש ענבים לבן רמי,מיליליטרים,1000.00,"100 מ""ל",false,,13.90,0.0139,true,1,150323
7290017812847,false,"יין כרמל סלקטד פרנץ' גוורצטרמינר, 750 מ""ל","כד בני דרום בע""מ",,יין לבן חצי יבש גוור,מיליליטרים,750.00,"100 מ""ל",false,,30.20,0.0403,true,1,157943
7290017812977,false,"יין קריניאנו סלקטדאננס באז כרמל 750 מ""ל",אגודת הכורמים -כרמל מזרחי,,יין מבעבע לבן אננס ב,מיליליטרים,750.00,"100 מ""ל",false,,27.90,0.0372,true,1,159891
7290017845029,false,פטריות צמד משפחתי(מוגו),ביכורי השדה צפון 1994 ג.ד. בעמ,,פטריות צמד משפחתי (מ,Unknown,1.00,יחידה,false,,17.90,17.9000,true,1,153860
7290017845203,false,שמפיניון ארוז א.א-מוגו,ביכורי השדה צפון 1994 ג.ד. בעמ,,פטריות א.א (מוג'ו),Unknown,1.00,יחידה,false,,9.90,9.9000,true,1,153284
7290017864259,false,בזיליקום-תקומה 100 גרם,ביכורי השדה צפון 1994 ג.ד. בעמ,,בזילקום 100 גרם,גרמים,100.00,100 גרם,false,,9.90,0.0990,true,1,154525
7290017864341,false,תפוא למיקרו רמי לוי,,,"תפו""א למיקרו 700 גרם",Unknown,1.00,יחידה,false,,7.90,7.9000,true,1,154233
7290017864358,false,נענע ארוז רמי לוי,,,נענע ארוז רמי לוי,Unknown,1.00,יחידה,false,,4.90,4.9000,true,1,157218
7290017864365,false,פטרוזליה ארוז רמי לוי,,,פטרוזיליה ארוז רמי ל,Unknown,1.00,יחידה,false,,4.90,4.9000,true,1,157219
7290017864372,false,שמיר ארוז רמי לוי,,,שמיר ארוז רמי לוי,Unknown,1.00,יחידה,false,,4.90,4.9000,true,1,157220
7290017864389,false,כוסברה ארוז רמי לוי,,,כוסברה ארוז רמי לוי,Unknown,1.00,יחידה,false,,4.90,4.9000,true,1,157221
7290017864396,false,סלרי ארוז רמי לוי,,,סלרי ארוז רמי לוי,Unknown,1.00,יחידה,false,,6.90,6.9000,true,1,157222
7290017864419,false,שורש פטרוזיליה ארוז,,,שורש פטרוזיליה ארוז,Unknown,1.00,יחידה,false,,5.90,5.9000,true,1,157224
7290017864426,false,בצל ירוק ארוז רמי לוי,,,בצל ירוק רמי לוי,Unknown,1.00,יחידה,false,,6.90,6.9000,true,1,157225
7290017864457,false,סלרי ראש רמי לוי,,,סלרי ראש רמי לוי,Unknown,1.00,יחידה,false,,5.90,5.9000,true,1,157226
7290017864464,false,לוף פרסה ארוז רמי לוי,,,לוף/כרישה,Unknown,1.00,יחידה,false,,7.90,7.9000,true,1,153779
7290017871370,false,פמילי יהלום- סבון ידיים מועשר בשמן אבוקדו לניקוי וטיפוח עור הידיים,המאפיה של הרמן,,סבון ידיים עם שמן אב,מיליליטרים,500.00,"100 מ""ל",false,,10.90,0.0218,true,1,156729
7290017888019,false,"משקה תפוח רימון סלק גינגיר פרות &ווג 350 מ""ל",יפאורה שותפות מוגבלת לשיווק,,פרוט & וג' תפוח רימו,מיליליטרים,330.00,"100 מ""ל",false,,7.80,0.0236,true,1,151784
7290017888026,false,"משקה אננס תפוח גזר פרות & ווג 350 מ""ל",יפאורה שותפות מוגבלת לשיווק,,פרוט & וג' אננס תפוח,מיליליטרים,330.00,"100 מ""ל",false,,7.80,0.0236,true,1,151785
7290017888033,false,"משקה בננה מלון נענע פרות &ווג 350 מ""ל",יפאורה שותפות מוגבלת לשיווק,,פרוט & וג' בננה מלון,מיליליטרים,330.00,"100 מ""ל",false,,7.80,0.0236,true,1,151786
7290017888644,false,"משקה אננס בננה כורכום פרות & ווג 350 מ""ל",יפאורה שותפות מוגבלת לשיווק,,פרוט & ווג' אננס בננ,מיליליטרים,350.00,"100 מ""ל",false,,7.80,0.0223,true,1,162919
7290017928432,false,מקלות גריסיני קראנץ' פרג מאיר בייגל 175 גרם,מאיר את בייגל,,גריסיני קראנץ' פרג 1,גרמים,175.00,100 גרם,false,,11.90,0.0680,true,1,154457
7290017947105,false,לחם אנג'ל בסגנון אמריקה 500 גרם,מאפיית שלמה א. אנג'\ל בע,,לחם סגנון אמריקה אנג,גרמים,500.00,100 גרם,false,,12.90,0.0258,true,1,154414
7290017947464,false,שמיניית פיתות כוסמין אנג'ל 8*50 גרם,מאפיית שלמה א.אנג'\ל בע\,,פיתות כוסמין אנג'ל 4,Unknown,8.00,יחידה,false,,14.90,1.8625,true,1,158487
7290017947891,false,לחם אנג'ל כוסמין וחיטה מלאה 750 גרם,מאפיית שלמה א. אנג'\ל בע,,לחם כוסמין וחיטה מלא,גרמים,750.00,100 גרם,false,,14.90,0.0199,true,1,157269
7290017947921,false,לחמניות המבורגר בסגנון אמריקאי מארז 6 יח',מאפיית שלמה א. אנג'\ל בע,,שישיית לחמניות המבור,גרמים,450.00,100 גרם,false,,12.90,0.0287,true,1,154415
7290018045695,false,דגני בוקר בון בון במילוי קרם בטעם קרמל מ,ר.ב. מוצרי דגנים בעמ,,בון בון דגנים במילוי,גרמים,480.00,100 גרם,false,,21.90,0.0456,true,1,163975
7290018131312,false,להקרמריה שוקווניל כשרלפס,גלידות נסטלה )נגה גלידות,,לה קרמריה שוקו וניל,מיליליטרים,1400.00,"100 מ""ל",false,,19.00,0.0136,true,1,153936
7290018131343,false,להקרמריה שוקווניל כשרלפס,גלידות נסטלה )נגה גלידות,,קרמריה וניל שוקו חלב,מיליליטרים,1400.00,"100 מ""ל",false,,19.00,0.0136,true,1,153937
7290018192610,false,עגבניות שרי,עגבניות שרי 2 ב 15,,עגבניות שרי,Unknown,1.00,יחידה,false,,8.90,8.9000,true,1,156741
7290018192658,false,מארז זוג פטריות פורטובלה ושמפיניון מרינה,קונס`-מרינה פטריות הגליל בעמ*ש,,פטריות זוגות איטלקי,Unknown,1.00,יחידה,false,,17.90,17.9000,true,1,164536
7290018195345,false,"שמן קנולה ""טעים"" 1 ליטר טעמן",טעים,,"שמן קנולה ""טעים"" 1 ל",מיליליטרים,1000.00,"100 מ""ל",false,,10.90,0.0109,true,1,165013
7290018198148,false,"תפוגן צ'יפס קריספי קלאסי 1.25 ק""ג",קבוצת אוסם סחר-שות.מוגבלת,,תפוגן קריספי צ'יפס ק,גרמים,1250.00,100 גרם,false,,22.90,0.0183,true,1,162021
7290018237922,false,שניצלונים ציפוי צ'יפס עוף טוב 700 גרם,קבוצת אוסם סחר שותפות מוגבלת,,שניצלונים ציפוי ציפס,גרמים,700.00,100 גרם,false,,19.90,0.0284,true,1,165794
7290018294369,false,"תירוש מיץ ענבים טבעי 700 מ""ל",יקבי כרמל Carmel Winery,,תירוש אדום יקבי כרמל,מיליליטרים,700.00,"100 מ""ל",false,,14.90,0.0213,true,1,167818
7290018333624,false,גרנולפלקס קשיו פירות יבשים500ג כשלפ בית יוסף,כרמית תעשיות ממתקים בעמ,,גרנולפלקס חלבה ושקד,גרמים,500.00,100 גרם,false,,19.90,0.0398,true,1,165297
7290018333952,false,חטיף אגוזים רפאלס וחמוציות בדצ 150 גר *12יח,כרמית תעשיות ממתקים בעמ,,חטיף אגוזים רפאלס וח,גרמים,150.00,100 גרם,false,,14.90,0.0993,true,1,164129
7290018333969,false,חטיף גרנולה רפאלס שקדים וטחינה בדצ 150 גר *12יח,כרמית תעשיות ממתקים בעמ,,חטיף גרנולה רפאלס שק,גרמים,150.00,100 גרם,false,,14.90,0.0993,true,1,164130
7290018333976,false,חטיף גרנולה רפאלס קשיו וקוקוס בדצ 150 גר *12יח,כרמית תעשיות ממתקים בעמ,,חטיף גרנולה רפאלס קש,גרמים,150.00,100 גרם,false,,14.90,0.0993,true,1,164131
7290018380482,false,"אורז תאילנדי 1 ק""ג 20X",,,אורז תאילנדי תומר 1,גרמים,1000.00,100 גרם,false,,6.40,0.0064,true,1,167293
7290018440209,false,פליפז בייגלה בציפוי פאדג' לבן מקוויטיס 140 גרם,תה ויסוצקי (ישראל) בעמ,,FLIPZ - בייגלה פאדג',גרמים,140.00,100 גרם,false,,9.50,0.0679,true,1,158474
7290018440223,false,תה צ'אי מסאלה 25 שקיקים ויסוצקי,תה ויסוצקי (ישראל) בעמ,,צ'אי מסאלה ויסוצקי 5,גרמים,50.00,100 גרם,false,,21.90,0.4380,true,1,162961
7290018440254,false,תה צ'אי קרמל מלוח 25 שקיקים ויסוצקי,תה ויסוצקי (ישראל) בעמ,,צ'אי קרמל מלוח ויסוצ,גרמים,50.00,100 גרם,false,,21.90,0.4380,true,1,162964
7290018440384,false,תה ירוק מאטה לימון נענע ויסוצקי 25 יחידות,תה ויסוצקי (ישראל) בעמ,,תה ירוק מאטה לימון נ,גרמים,37.50,100 גרם,false,,24.90,0.6640,true,1,162965
7290018443545,false,פלפל צילי אדום 200 גרם,ביכורי השדה צפון 1994 ג.ד. בעמ,,פלפל צ'ילי אדום 200,גרמים,200.00,גרם,false,,10.90,0.0545,true,1,167329
7290018443736,false,בייבי מיקס רמי לוי 150 גרם,,,בייבי מיקס רמי לוי 1,גרמים,150.00,100 גרם,false,,9.90,0.0660,true,1,163132
7290018443781,false,רוקט 150 גרם רמי לוי,,,רוקט 150 ג' רמי לוי,גרמים,150.00,100 גרם,false,,9.90,0.0660,true,1,163137
7290018471395,false,משקה פרוט& ווג' תפוח רימון ג'ינג'ר 1 ליטר,יפאורה שותפות מוגבלת לשיווק,,פרוט & ווג' תפוח רימ,מיליליטרים,1000.00,"100 מ""ל",false,,13.20,0.0132,true,1,158679
7290018471906,false,שוופס מוגז פירות לימונדה ורודה 1.5 ליטר פיקדון,יפאורה - שותפות מוגבלת לשיווק,,שוופס מוגז פינק למונ,מיליליטרים,1500.00,"100 מ""ל",false,,9.10,0.0061,true,1,163440
7290018471913,false,משקה מוגז פירות תפוחים שוופס 1.5 ליטר,יפאורה - שותפות מוגבלת לשיווק,,שוופס מוגז תפוחים 1.,מיליליטרים,1500.00,"100 מ""ל",false,,9.30,0.0062,true,1,163441
7290018471937,false,שוופס מוגז פירות תות ליים 1.5 ליטר פיקדון,יפאורה - שותפות מוגבלת לשיווק,,שוופס מוגז פירות תות,מיליליטרים,1500.00,"100 מ""ל",false,,9.10,0.0061,true,1,163442
7290018471944,false,שוופס מוגז פירות לימונייד 1.5 ליטר פיקדון,יפאורה - שותפות מוגבלת לשיווק,,שוופס מוגז למונייד 1,מיליליטרים,1500.00,"100 מ""ל",false,,9.10,0.0061,true,1,163443
7290018540824,false,ארטיזנל לחם מחמצת כפרי אנג'ל 500 גרם,שלמה א. אנג`ל בעמ,,לחם מחמצת כפרי ארטיז,גרמים,500.00,100 גרם,false,,16.90,0.0338,true,1,163740
7290018540831,false,ארטיזנל לחם מחמצת חיטה מלאה ודגנים אנג'ל 500 גרם,שלמה א. אנג`ל בעמ,,לחם מחמצת חיטה מלאה,גרמים,500.00,100 גרם,false,,16.90,0.0338,true,1,163741
7290018564011,false,אפונת גינה רמילוי 800 גר,,,אפונת גינה 800 גרם ר,גרמים,800.00,100 גרם,false,,8.90,0.0111,true,1,159490
7290018564158,false,שעועית לבנה מבושלים 800גר רמי לוי,,,שעועית לבנה מבושלת 8,גרמים,800.00,100 גרם,false,,9.90,0.0124,true,1,159502
7290018564202,false,לקט ירקות למרק רמילוי 800 גר,,,לקט ירקות למרק 800 ג,גרמים,800.00,100 גרם,false,,11.90,0.0149,true,1,159506
7290018564585,false,ירקות חמוצים בטעם חמוץ מתוק 500 גרם,,,ירקות כבושים חמוץ מת,גרמים,500.00,100 גרם,false,,22.90,0.0458,true,1,162019
7290018720004,false,מעדני המלך- עוגיות סנדוויץ תות 150 גרם,סנו מפעלי ברונוס.,,עוגיות סנדוויץ תות 1,גרמים,150.00,100 גרם,false,,3.50,0.0233,true,1,162043
7290018720011,false,ביסקוויט קרנבל חיות בטעם וניל 250 ג' מעדני מלך,הגביע מוצרי וופלים,,מעדני מלך- קרנבל חיו,גרמים,250.00,100 גרם,false,,6.90,0.0276,true,1,159432
7290018720059,false,WOK פרורי פנקו מוזהבים בסגנון יפני 250 גר',"י.א ברמן בע""מ-מאפיית",,פרורי פנקו מוזהבים ב,גרמים,250.00,100 גרם,false,,8.90,0.0356,true,1,162040
7290018720189,false,מעדני מלך-ביסקוויט קסטה בטעם שוקו 200 גרם,הגביע,,ביסקוויט קסטה מעדני,גרמים,200.00,100 גרם,false,,6.50,0.0325,true,1,166859
7290018825013,false,"תפו""א אדום תפזורת",3 יחידות,,"תפו""א אדום תפזורת",קילוגרמים,1.00,"ק""ג",true,,5.90,5.9000,true,1,167830
7290018825211,false,"תפו""א לבן תפזורת",3 יחידות,,"תפו""א לבן תפזורת",קילוגרמים,1.00,"ק""ג",true,,4.90,4.9000,true,1,167831
7290018878002,false,אגו מיקס קרקר מצופה שוקולד חלב כרמית 55 גרם,כרמית תעשיות ממתקים בעמ,,אגו מיקס קרקר מצופה,גרמים,55.00,100 גרם,false,,3.90,0.0709,true,1,165704
7290018878170,false,אגו שוקולד מריר 60% מוצקי קקאו 2*100גר,כרמית תעשיות ממתקים בעמ,,זוג שוקולד 60% מריר,גרמים,200.00,100 גרם,false,,9.90,0.0495,true,1,165699
7290018893692,false,צוקטה שוקולד חלב מעולה 280 גרם,צ'וקטה Chocketa,,טבלת שוקולד חלב צ'וק,גרמים,280.00,100 גרם,false,,12.90,0.0461,true,1,162296
7290018894002,false,קוביות וופל במילוי קרם קקאו - חלבי,ש. שסטוביץ בע`מ,,בלקוני וופל קוביות ק,גרמים,250.00,100 גרם,false,,11.90,0.0476,true,1,164493
7290018925003,false,"מיץ תפוח דובדבן 750 מ""ל פרימור","שטראוס גרופ ***בע""מ",,מיץ תפוח ודובדבן פרי,מיליליטרים,750.00,"100 מ""ל",false,,13.90,0.0185,true,1,165551
7290018925065,false,מיץ תפוזים סחוט פרימור (2 ליטר),שטראוס גרופ בעמ/מצונן,,מיץ תפוזים סחוט פרימ,מיליליטרים,2000.00,"100 מ""ל",false,,27.20,0.0136,true,1,163611
7290019036234,false,שיני שום קלופות 200 גרק,ביכורי השדה צפון 1994 ג.ד. בעמ,,שיני שום קלופות 200,גרמים,200.00,100 גרם,false,,13.90,0.0695,true,1,169063
7290019056065,false,שוופס מוגז עדין פירות יער 1.5 ליטר פיקדון,יפאורה - שותפות מוגבלת לשיווק,,שוופס מוגז עדין פירו,מיליליטרים,1500.00,"100 מ""ל",false,,8.80,0.0059,true,1,163445
7290019056072,false,שוופס מוגז עדין אננס 1.5 ליטר פיקדון,יפאורה - שותפות מוגבלת לשיווק,,שוופס מוגז עדין אננס,מיליליטרים,1500.00,"100 מ""ל",false,,8.80,0.0059,true,1,163446
7290019056096,false,שוופס מוגז עדין אפרסק 1.5 ליטר פיקדון,יפאורה - שותפות מוגבלת לשיווק,,שוופס מוגז עדין אפרס,מיליליטרים,1500.00,"100 מ""ל",false,,8.80,0.0059,true,1,163447
7290019056164,false,שוופס סודה 1.5 ליטר רביעייה פיקדון,יפאורה - שותפות מוגבלת לשיווק,,רביעית שוופס סודה 1.,מיליליטרים,1500.00,"100 מ""ל",false,,12.10,0.0081,true,1,163448
7290019056249,false,שוופס מים בטעמים ענבים 1.5 ליטר פיקדון,יפאורה - שותפות מוגבלת לשיווק,,מים בטעם ענבים שוופס,מיליליטרים,1500.00,"100 מ""ל",false,,8.20,0.0055,true,1,163453
7290019056256,false,שוופס מים בטעמים תפוחים 1.5 ליטר פיקדון,יפאורה - שותפות מוגבלת לשיווק,,מים בטעם תפוח שוופס,מיליליטרים,1500.00,"100 מ""ל",false,,8.20,0.0055,true,1,165401
7290019056263,false,שוופס מים בטעמים אפרסק 1.5 ליטר פיקדון,יפאורה - שותפות מוגבלת לשיווק,,מים בטעם אפרסק שוופס,מיליליטרים,1500.00,"100 מ""ל",false,,8.20,0.0055,true,1,163454
7290019056317,false,משקה בטעם ראשן 1.5 ל' שוופס,יפאורה - שותפות מוגבלת לשיווק,,משקה Russchian שוופס,מיליליטרים,1500.00,"100 מ""ל",false,,12.20,0.0081,true,1,163457
7290019056324,false,משקה בטעם טוניק 1.5 ל' שוופס,יפאורה - שותפות מוגבלת לשיווק,,שוופס טוניק 1.5 ליטר,מיליליטרים,1500.00,"100 מ""ל",false,,12.20,0.0081,true,1,163458
7290019056355,false,תפוזינה לימונדה מיקס לימונענע 1.5 ליטר,יפאורה - שותפות מוגבלת לשיווק,,תפוזינה לימונענע 1.5,מיליליטרים,1500.00,"100 מ""ל",false,,9.60,0.0064,true,1,163460
7290019056379,false,משקה קל תפוזינה 1.5 ליטר תפוזים,יפאורה - שותפות מוגבלת לשיווק,,תפוזינה תפוזים 1.5 ל,מיליליטרים,1500.00,"100 מ""ל",false,,9.60,0.0064,true,1,163461
7290019056515,false,פרוט ווטר אננס 1.5 ליטר פיקדון,יפאורה - שותפות מוגבלת לשיווק,,משקה בטעם אננס פרוט,מיליליטרים,1500.00,"100 מ""ל",false,,8.80,0.0059,true,1,163465
7290019056546,false,fruit water פרוט ווטר אבטיח 1.5 ליטר-,יפאורה - שותפות מוגבלת לשיווק,,משקה בטעם אבטיח פרוט,מיליליטרים,1500.00,"100 מ""ל",false,,8.80,0.0059,true,1,163467
7290019056553,false,שישיית מים מינרלים עין גדי 2 ליטר,יפאורה - שותפות מוגבלת לשיווק,,מים מינרלים עין גדי,קילוגרמים,12.00,ליטר,false,,13.80,1.1500,true,1,163468
7290019056584,false,משקה קל תפוזים ספרינג 1.5 ליטר,יפאורה - שותפות מוגבלת לשיווק,,משקה קל תפוזים ספרינ,מיליליטרים,1500.00,"100 מ""ל",false,,9.40,0.0063,true,1,163469
7290019056591,false,משקה קל ענבים ספרינג 1.5 ליטר,יפאורה - שותפות מוגבלת לשיווק,,ספרינג ענבים 1.5 ליט,מיליליטרים,1500.00,"100 מ""ל",false,,9.40,0.0063,true,1,163470
7290019056614,false,משקה קל אפרסק ספרינג 1.5 ליטר,יפאורה - שותפות מוגבלת לשיווק,,משקה ספרינג אפרסק 1.,מיליליטרים,1500.00,"100 מ""ל",false,,9.10,0.0061,true,1,163471
7290019056621,false,משקה קל פירות טרופיים ספרינג 1.5 ליטר,יפאורה - שותפות מוגבלת לשיווק,,ספרינג פירות טרופיים,מיליליטרים,1500.00,"100 מ""ל",false,,9.40,0.0063,true,1,163472
7290019056645,false,משקה קל ספרינג 1.5 ליטר אגס תפוח סברס,יפאורה - שותפות מוגבלת לשיווק,,ספרינג אגס סברס תפוח,מיליליטרים,1500.00,"100 מ""ל",false,,9.40,0.0063,true,1,163474
7290019056652,false,משקה קל ספרינג 1.5 ליטר אננס בננה,יפאורה - שותפות מוגבלת לשיווק,,ספרינג אננס בננה 1.5,מיליליטרים,1500.00,"100 מ""ל",false,,9.40,0.0063,true,1,163475
7290019056669,false,משקה קל ספרינג 1.5 ליטר תפוחים דיאט,יפאורה - שותפות מוגבלת לשיווק,,ספרינג תפוחים לייט 1,מיליליטרים,1500.00,"100 מ""ל",false,,8.20,0.0055,true,1,163476
7290019056959,false,מי עדן בקבוק מתכווץ שקט 1.5 מ``ל,יפאורה - שותפות מוגבלת לשיווק,,מי עדן 1.5 ליטר,מיליליטרים,1500.00,"100 מ""ל",false,,4.50,0.0030,true,1,164192
7290019056966,false,מי עדן בקבוק פיקדון 1.5 ליטר,תבורי-שותפות מוגבלת לשיווק,,מי עדן 1.5 ליטר,מיליליטרים,1500.00,"100 מ""ל",false,,4.50,0.0030,true,1,164193
7290019056973,false,מי עדן שישיה בק `1.5ליטר פיקדון,יפאורה - שותפות מוגבלת לשיווק,,מים מינרליים מי עדן,מיליליטרים,9000.00,"100 מ""ל",false,,14.70,0.0016,true,1,163477
7290019232155,false,"חליטת ""לילה טוב"" קמומיל לבנדר ו25 שקיקים ויסוצקי",תה ויסוצקי (ישראל) בעמ,,"תה ""לילה טוב"" קמומיל",גרמים,37.50,100 גרם,false,,25.90,0.6907,true,1,168099
7290019232162,false,"חליטת ""לילה טוב"" קמומיל מליסה 25 שקיקים ויסוצקי",תה ויסוצקי (ישראל) בעמ,,"תה ""לילה טוב"" קמומיל",גרמים,37.50,100 גרם,false,,25.90,0.6907,true,1,168100
7290019297628,false,שקד טבעי בשקית ששון הקולה 150 גרם,דין שיווק וקליה 2021 בעמ,,שקד טבעי 150 גרם ששו,גרמים,150.00,100 גרם,false,,13.90,0.0927,true,1,159930
7290019297635,false,שקדים קלויים ששון הקולה 150 גרם,דין שיווק וקליה 2021 בעמ,,שקדים קלויים 150 גר',גרמים,150.00,100 גרם,false,,15.90,0.1060,true,1,159931
7290019297642,false,גרעין שחור קלוי ללא מלח ששון הקולה 150 ג',דין שיווק וקליה 2021 בעמ,,גרעין שחור קלוי ללא,גרמים,150.00,100 גרם,false,,4.90,0.0327,true,1,168006
7290022005227,false,שום טחון רמי לוי 100 גרם,רמי לוי,,רמי לוי- שום טחון בצ,גרמים,100.00,100 גרם,false,,12.80,0.1280,true,1,146152
7290022005302,false,רמי לוי- מלח לימון ב,,,רמי לוי- מלח לימון ב,גרמים,200.00,100 גרם,false,,8.50,0.0425,true,1,146160
7290022005319,false,ג'לי תות רמי לוי 85 גרם,רמי לוי,,רמי לוי- ג'לי בטעם ת,גרמים,85.00,100 גרם,false,,4.20,0.0494,true,1,146161
7290022005517,false,אבקת שייק וניל עוגיו,,,אבקת שייק וניל עוגיו,Unknown,0.00,יחידה,false,,2999.90,0.0000,true,1,151767
7290100230145,false,בונז`ור חלה מתוקה קלועה,קבוצת אסם סחר שות. מוגבלת,,בונז'ור חלה מתוקה קל,גרמים,550.00,100 גרם,false,,12.90,0.0235,true,1,158554
7290100243671,false,"מרכך כביסה מרוכז אקסטרה כחול בדין 960 מ""ל",יוניליוור ישראל שיווק בע`מ,,מרכך כביסה מרוכז כחו,מיליליטרים,960.00,"100 מ""ל",false,,17.90,0.0186,true,1,144248
7290100245231,false,נמס בכוס מרק בטעם עוף עם אטריות ושקדי מרק-2 שקיות,יוניליוור ישראל שיווק בע`מ,,נמס בכוס עוף עם אטרי,גרמים,50.00,100 גרם,false,,6.90,0.1380,true,1,147241
7290100247051,false,תח.רחצה פינוק קלאסי 700מ,יוניליוור ישראל טיפוח אי,,פינוק תחליב רחצה ניח,מיליליטרים,700.00,"100 מ""ל",false,,10.90,0.0156,true,1,144253
7290100680650,false,מנה חמה נודלס-אטריות ירקות טעם תאילנדי אסם 76 ג',קבוצת אוסם סחר שותפות מוגבלת,,מנה חמה נודלס בסגנון,גרמים,76.00,100 גרם,false,,5.90,0.0776,true,1,143344
7290100680667,false,מנה חמה נודלס בסגנון סצ`ואן אסם (76 גרם),קבוצת אוסם סחר שותפות מוגבלת,,מנה חמה נודלס בסגנון,גרמים,76.00,100 גרם,false,,5.90,0.0776,true,1,143345
7290100680711,false,פירורית זהב אסם זהב 350ג',קבוצת אוסם סחר שותפות מוגבלת,,פירורי לחם מוזהבים פ,גרמים,350.00,100 גרם,false,,8.50,0.0243,true,1,143346
7290100680728,false,פירורית רגילה שקית 350 גרם,קבוצת אוסם סחר שותפות מוגבלת,,פירורי לחם לבנים פיר,גרמים,350.00,100 גרם,false,,7.50,0.0214,true,1,151084
7290100681138,false,מארז אפרופו חטיף תירס 3 יחידות,קבוצת אוסם סחר שותפות מוגבלת,,מארז 3 אפרופו 50 גרם,גרמים,150.00,100 גרם,false,,12.90,0.0860,true,1,143348
7290100685136,false,"אבקת מרק טעם עוף 1 ק""ג 1/8 אסם",קבוצת אוסם סחר שותפות מוגבלת,,מרק בטעם עוף פרווה כ,גרמים,1000.00,100 גרם,false,,14.90,0.0149,true,1,155436
7290100685341,false,אבקת מרק טעם עוף זך רכיבים טבעיים אסם 400 גרם,קבוצת אוסם סחר שותפות מוגבלת,,מרק בטעם עוף זך מרכי,גרמים,400.00,100 גרם,false,,15.90,0.0398,true,1,147932
7290100700020,false,גריסי פנינה סוגת (500 גרם),האי נאם סי או אל.טי.,,גריסי פנינה סוגת 500,גרמים,500.00,100 גרם,false,,5.90,0.0118,true,1,153653
7290100700273,false,קינואה לבנה 500 ג סו,האי נאם סי או אל.טי.,,קינואה סוגת 500 גרם,גרמים,500.00,100 גרם,false,,13.90,0.0278,true,1,143154
7290100700396,false,"אורז יסמין קלאסי סוגת 1 ק""ג",האי נאם סי או אל.טי.,,אורז יסמין קלאסי סוג,גרמים,1000.00,100 גרם,false,,12.30,0.0123,true,1,143155
7290100702994,false,סוכר דמררה קלאסי בשקית סוגת 500 גרם,"סוגת תעשיות בע""מ",,סוכר דמררה בשקית סוג,גרמים,500.00,100 גרם,false,,5.90,0.0118,true,1,143158
7290100704141,false,סוגת אבקת סודה לשתיה 100 גר`,א.ל. ייצור ושיווק תב,,סודה לשתיה 100 גרם,גרמים,100.00,100 גרם,false,,2.90,0.0290,true,1,148504
7290100704158,false,"אורז בסמטי הודי 1 ק""",,,"אורז בסמטי הודי 1 ק""",גרמים,1000.00,100 גרם,false,,14.90,0.0149,true,1,148505
7290100924457,false,שלישיית כדוריות סבון לאסלה לימון סוד 50 גרם,גורי שיווק בעמ,,סבון לאסלה לימון סוד,גרמים,150.00,100 גרם,false,,18.90,0.1260,true,1,162700
7290101501176,false,פלפלונים רמי לוי,ביכורי השדה הצפון בעמ` 1964,,פלפלונים רמי לוי,Unknown,1.00,יחידה,false,,9.90,9.9000,true,1,153295
7290101501305,false,מלפפונים קטנים ארוזי,ביכורי השדה הצפון בעמ` 1964,,מלפפון בייבי רמי לוי,Unknown,1.00,יחידה,false,,9.90,9.9000,true,1,153296
7290101551539,false,יוגורט PRO בטעם אפרסק 0% 20 גרם חלבון בגביע,שטראוס גרופ בעמ/מצונן,,דנונה פרו 20 גר אפרס,גרמים,200.00,100 גרם,false,,5.90,0.0295,true,1,148970
7290101551584,false,תפוצ'יפס קידס מארז 10 יח' * 20 ג',"שטראוס פריטו ליי בע""מ )פ",,מארז תפוצ'יפס קידס 1,גרמים,200.00,100 גרם,false,,12.90,0.0645,true,1,150163
7290101551638,false,חטיף צ'יטוס כאפה בטעם קטשופ - מארז 10 יח',"שטראוס פריטו ליי בע""מ )פ",,מארז ציטוס כאפה 10*2,גרמים,200.00,100 גרם,false,,12.90,0.0645,true,1,150167
7290102036196,false,יוגורט אקטיביה 0% שז,,,יוגורט אקטיביה 0% שז,גרמים,150.00,100 גרם,false,,5.00,0.0333,true,1,142888
7290102390465,false,יוגורט ביו עם קציפת אפרסק ופסיפלורה 3% שומן 150 ג' מולר,החברה המרכזית טלהפצת משקאות בע,,יוגורט ביו פרופ קציפ,מיליליטרים,150.00,"100 מ""ל",false,,5.20,0.0347,true,1,152028
7290102391301,false,"מולר ביאנקו נאטורל ביו 1.7% 150 מ""ל",*החברה המרכזית להפצת משקאותבעמ,,יוגורט מולר 1.7% 150,גרמים,150.00,100 גרם,false,,5.00,0.0333,true,1,146057
7290102391325,false,יוגורט מולר טבעי 2.8%,*החברה המרכזית להפצת משקאותבעמ,,יוגורט מולר 2.8% 150,גרמים,150.00,100 גרם,false,,5.00,0.0333,true,1,146058
7290102391844,false,יוגורט ביו עם קציפת פירות יער3% שומן 150 ג' מולר,החברה המרכזית טלהפצת משקאות בע,,יוגורט ביו פרופ קציפ,מיליליטרים,150.00,"100 מ""ל",false,,5.20,0.0347,true,1,152029
7290102392094,false,חלב עיזים 3.7% בקרטון משק צוריאל 1 ליטר,החברה המרכזית טלהפצת משקאות בע,,חלב עיזים בקרטון 1 ל,מיליליטרים,1000.00,"100 מ""ל",false,,16.90,0.0169,true,1,152030
7290102393039,false,"יוגורט ביו קרמי מיקס פצפוצי שוקולד 7.6% מולר 170 מ""ל",*החברה המרכזית להפצת משקאותבעמ,,יוגורט מיקס פצפוצי ש,גרמים,170.00,100 גרם,false,,5.90,0.0347,true,1,146060
7290102393060,false,"יוגורט ביו קרמי מיקס גלילי ופל ואגוזים 5.9% מולר 170 מ""ל",*החברה המרכזית להפצת משקאותבעמ,,יוגורט מיקס גלילי וו,גרמים,170.00,100 גרם,false,,5.90,0.0347,true,1,146061
7290102393169,false,"יוגורט סימפלי פרוט בטעם תות 3% מולר 150 מ""ל",*החברה המרכזית להפצת משקאותבעמ,,יוגורט סימפלי פרוט ת,גרמים,150.00,100 גרם,false,,5.10,0.0340,true,1,150546
7290102393176,false,סימפלי פרוט יוגורט אפרסק 3% שומן 150 ג' מולר,*החברה המרכזית להפצת משקאותבעמ,,יוגורט סימפלי פרוט א,מיליליטרים,150.00,"100 מ""ל",false,,5.10,0.0340,true,1,150547
7290102393756,false,יוגורט פרי מיני אפרס,,,יוגורט פרי מיני אפרס,גרמים,100.00,100 גרם,false,,5.00,0.0500,true,1,146062
7290102393770,false,יוגורט פרי מיני תות,,,יוגורט פרי מיני תות,גרמים,100.00,100 גרם,false,,2.90,0.0290,true,1,146063
7290102393947,false,סימפלי פרוט יוגורט בטעם קיווי 3% שומן 150 ג' מולר,*החברה המרכזית להפצת משקאותבעמ,,יוגורט סימפלי פרוט ק,גרמים,150.00,100 גרם,false,,5.10,0.0340,true,1,155094
7290102394821,false,גבינה צהובה 28% דק דק לפתיחה חוזרת 200,החברה המרכזית טלהפצת משקאות בע,,פרוסות גבינה צהובה 2,גרמים,200.00,100 גרם,false,,15.80,0.0790,true,1,150549
7290102394845,false,נעם גבינה צהובה לייט פרוסה דק דק 9% טרה 200 גרם,*החברה המרכזית להפצת משקאותבעמ,,פרוסות גבינה צהובה 9,גרמים,200.00,100 גרם,false,,17.00,0.0850,true,1,150550
7290102395446,false,מעדן חלב בטעם וניל עם קצפת 123 ג' טרה,*החברה המרכזית להפצת משקאותבעמ,,מוו וניל וקצפת 123 ג,גרמים,123.00,100 גרם,false,,2.90,0.0236,true,1,157084
7290102395477,false,מעדן חלב בטעם שוקולד עם קצפת 123 ג' טרה,*החברה המרכזית להפצת משקאותבעמ,,מוו שוקולד קצפת 123,גרמים,123.00,100 גרם,false,,2.90,0.0236,true,1,157085
7290102396405,false,מארז 8 יחידות מעדן חלב בטעם וניל 1.5%,החברה המרכזית טלהפצת משקאות בע,,מאגדת שמינייה מעדן מ,גרמים,800.00,100 גרם,false,,13.90,0.0174,true,1,157334
7290102396580,false,מעדן מוו שוקולד ומוס שוקולד טרה 118 גרם,החברה המרכזית טלהפצת משקאות בע,,מעדן מוו שוקולד ומוס,גרמים,118.00,100 גרם,false,,2.90,0.0246,true,1,146069
7290102396597,false,מעדן מוו וניל ומוס שוקולד טרה 118 גרם,*החברה המרכזית להפצת משקאותבעמ,,מעדן מוו וניל ומוס ש,גרמים,118.00,100 גרם,false,,2.90,0.0246,true,1,146070
7290102396665,false,צהובה פרוסות דקדק פתח סגור 15% 200 גר`,*החברה המרכזית להפצת משקאותבעמ,,פרוסות גבינה חצי קשה,גרמים,200.00,100 גרם,false,,15.90,0.0795,true,1,150551
7290102396788,false,"טרה-מוו שוקו בשקית 200 מ""ל",החברה המרכזית טלהפצת משקאות בע,,שוקו בשקית מו,מיליליטרים,200.00,"100 מ""ל",false,,2.80,0.0140,true,1,146073
7290102397150,false,משקה יוגsip.אפרסק/פספ250,טרה,,מולר סיפ אפרסק פסיפל,מיליליטרים,250.00,"100 מ""ל",false,,5.00,0.0200,true,1,146076
7290102397204,false,גבינה צהובה נעם דק דק פתח סגור 200 גר,*החברה המרכזית להפצת משקאותבעמ,,פרוסות גבינה צהובה 2,גרמים,200.00,100 גרם,false,,16.10,0.0805,true,1,150553
7290102397464,false,יוגורט ביו בתוספת גרעינים אגוזים וחמוציות 170 ג' מולר,החברה המרכזית טלהפצת משקאות בע,,יוגורט ביו נטורל פקא,גרמים,170.00,100 גרם,false,,5.90,0.0347,true,1,159466
7290102397600,false,מיקס יוגורט בתוספת שקדים ובוטנים מקורמלים 170 ג' מולר,החברה המרכזית טלהפצת משקאות בע,,יוגורט ביו מיקס שקדי,גרמים,170.00,100 גרם,false,,5.90,0.0347,true,1,146079
7290102397617,false,יוגורט ביו קרמי עם כדורים מצופים שוקולד חום לבן,*החברה המרכזית להפצת משקאותבעמ,,יוגורט ביו מיקס ביו,גרמים,180.00,100 גרם,false,,5.90,0.0328,true,1,146080
7290102398065,false,חלב טרה בקרטון 2 ליטר מהדרין 3% - מוצר בפיקוח,*החברה המרכזית להפצת משקאותבעמ,,חלב בקרטון 3% מהדרין,מיליליטרים,2000.00,"100 מ""ל",false,,12.46,0.0062,true,1,157254
7290102398782,false,.משקה סויה קלאסי 1ל בקבוק משק צוריא,*החברה המרכזית להפצת משקאותבעמ,,משקה סויה קלאסי צורי,מיליליטרים,1000.00,"100 מ""ל",false,,10.90,0.0109,true,1,152428
7290102398836,false,משקה שקדים קלאסי 1 ליטר משק צוריאל,החברה המרכזית טלהפצת משקאות בע,,משקה שקדים קלאסי צור,מיליליטרים,1000.00,"100 מ""ל",false,,12.50,0.0125,true,1,152430
7290102399802,false,יוגורט עם תות מולר אקטיב מועשר בחלבון 200 גר',החברה המרכזית טלהפצת משקאות בע,,יוגורט ביו 20 גרם חל,גרמים,200.00,100 גרם,false,,6.20,0.0310,true,1,155145
7290102845590,false,"אייס לימונענע כשל""פ",,,"אייס לימונענע כשל""פ",Unknown,0.00,יחידה,false,,2999.90,0.0000,true,1,150145
7290103129378,false,ספיד סטיק - דאודורנט ג'ל לגבר איקס 5 85 גרם,הנסיך- מפעל לייצור ט,,דאודורנט ג'ל איקס 5,גרמים,51.00,100 גרם,false,,19.90,0.3902,true,1,151489
7290103129408,false,ליידי ספיד סטיק - דאודורנט סטיק לאישה פרש אסנס פריחת הפרדס 65 גרם,ליידי ספיד סטיק Lady Speed Stick,,דאודורנט סטיק אינפיו,גרמים,65.00,100 גרם,false,,21.90,0.3369,true,1,151491
7290103401429,false,קפה קצב ברזילאי אוריגינס 200 גר,הנסיך- מפעל לייצור ט,,קפה פלטינום ברזילאי,גרמים,200.00,100 גרם,false,,24.90,0.1245,true,1,151947
7290103404758,false,סלט כרוב אדום במיונז אחלה 120 גרם,שטראוס גרופ בעמ/מצונן,,סלט כרוב אחלה 120 גר,גרמים,120.00,100 גרם,false,,4.90,0.0408,true,1,149720
7290103702533,false,מגבות נייר כפול 6 יח רמילוי,,,מגבות נייר כפול 6 יח,Unknown,6.00,יחידה,false,,19.90,3.3167,true,1,152182
7290103702939,false,נייר טואלט גליל כפול 16 רמילוי,,,נייר טואלט רמי לוי 1,Unknown,16.00,יחידה,false,,29.90,1.8687,true,1,149924
7290104061417,false,סלט חומוס עם טחינה אחלה 400 גרם,שטראוס גרופ בעמ/מצונן,,סלט חומוס וטחינה אחל,גרמים,400.00,100 גרם,false,,10.90,0.0273,true,1,149721
7290104061424,false,סלט חומוס עם זעתר אחלה 400 גרם,שטראוס גרופ בעמ/מצונן,,סלט חומוס וזעתר אחלה,גרמים,400.00,100 גרם,false,,10.90,0.0273,true,1,148973
7290104061431,false,סלט חומוס עם צנובר אחלה 400 גרם,שטראוס גרופ בעמ/מצונן,,חומוס עם צנובר אחלה,גרמים,400.00,100 גרם,false,,10.90,0.0273,true,1,149722
7290104061448,false,סלט חומוס עם חריף אחלה 400 גרם,שטראוס גרופ בעמ/מצונן,,סלט חומוס וחריף אחלה,גרמים,400.00,100 גרם,false,,10.90,0.0273,true,1,149723
7290104066566,false,סלט טחינה שומשום מלא 500גר אחלה,שטראוס גרופ בעמ/מצונן,,טחינה 500 גרם,גרמים,500.00,100 גרם,false,,14.90,0.0298,true,1,148974
7290104501661,false,אינסטנט פודינג בטעם וניל צרפתי אסם 80 גרם,קבוצת אוסם סחר-שות.מוגבלת,,פודינג אינסטנט בטעם,גרמים,80.00,100 גרם,false,,4.90,0.0613,true,1,155208
7290104503184,false,הבית עוגת שבת בראוניס טעם שוקולד ריבת חלב 380 גרם,קבוצת אוסם סחר-שות.מוגבלת,,עוגת הבית בראוניס שו,גרמים,380.00,100 גרם,false,,14.90,0.0392,true,1,151089
7290104508943,false,במבה חטיף בוטנים אסם 200 גרם,קבוצת אוסם סחר-שות.מוגבלת,,במבה קלאסי 200 גרם,גרמים,200.00,100 גרם,false,,8.90,0.0445,true,1,155440
7290104570513,false,"תמר מגהול כחול 1 ק""",ביכורי השדה הצפון בעמ` 1964,,"תמר מג'הול 1 ק""ג",גרמים,1000.00,100 גרם,false,,19.90,0.0199,true,1,147516
7290104722530,false,תפוצ'יפס בטעם שמנת בצל עלית 200 גרם,"שטראוס פריטו ליי בע""\מ )",,תפוציפס שמנת בצל 200,גרמים,200.00,100 גרם,false,,10.90,0.0545,true,1,147450
7290104726712,false,מארז 8 יחידות מעדן מילקי בטעם שוקולד עם קצפת,שטראוס גרופ בעמ/מצונן,,מארז 8 מילקי בטעם שו,גרמים,1064.00,100 גרם,false,,19.90,0.0187,true,1,149725
7290104727726,false,שוקולד מריר עלית (100x5 גרם),שטראוס גרופ בעמ,,פרה שוקולד מריר 5*10,גרמים,500.00,100 גרם,false,,19.90,0.0398,true,1,142897
7290104728310,false,"שמנת מתוקה עמידה 38% שומן ""יטבתה"" -מוצר בפיקוח",שטראוס גרופ בעמ/מצונן,,שמנת להקצפה 38% יטבת,מיליליטרים,250.00,"100 מ""ל",false,,6.47,0.0259,true,1,148980
7290105360250,false,קפסולות 09 עשיר וארומטי למכונת נספרסו עלית 10יח',הנסיך- מפעל לייצור ט,,קפסולות 09 למכונות N,Unknown,10.00,יחידה,false,,17.90,1.7900,true,1,157033
7290105360328,false,קפסולות אספרסו חזק למכונות נספרסו 10 יח',הנסיך- מפעל לייצור ט,,קפסולות 10 למכונות N,Unknown,10.00,יחידה,false,,17.90,1.7900,true,1,148811
7290105360762,false,"שמן זית 1 עדין 750 מ""ל יד מרדכי",מכוורת יד מרדכי שטראוס ב,,שמן זית 1 עדין 750 מ,מיליליטרים,750.00,"100 מ""ל",false,,33.90,0.0452,true,1,148813
7290105360878,false,תפוציפס טבעי 50 גרם מארז רביעייה,"שטראוס פריטו ליי בע""\מ )",,תפוצ'יפס טבעי עלית 4,גרמים,200.00,100 גרם,false,,11.90,0.0595,true,1,147645
7290105362339,false,"שמנת לבישול 15% 250 מ""ל יטבתה מהדרין",שטראוס גרופ בעמ/מצונן,,שמנת לבישול 15% יטבת,מיליליטרים,250.00,"100 מ""ל",false,,7.90,0.0316,true,1,148981
7290105363602,false,מקלות כיף כף קלאסי עלית (40 גרם),שולן צ'\יקולטה גידה סאן.,,כיף כף מקלות קלאסי 4,גרמים,40.00,100 גרם,false,,4.90,0.1225,true,1,142901
7290105364289,false,מקלות כיף כף פצפוצים עלית 40 גרם,שולן צ'\יקולטה גידה סאן.,,כיף כף מקלות פצפוצים,גרמים,40.00,100 גרם,false,,4.90,0.1225,true,1,142902
7290105364302,false,"עלית חטיף שוקולד כיף כף מקלות אגוזים, 40 גרם",שולן צ'\יקולטה גידה סאן.,,כיף כף מקלות אגוזים,גרמים,40.00,100 גרם,false,,4.90,0.1225,true,1,142903
7290105366023,false,סלט חצילים בטעם כבד אחלה 400 גרם,שטראוס גרופ בעמ/מצונן,,חציל בטעם כבד 400 גר,גרמים,400.00,100 גרם,false,,15.90,0.0398,true,1,148982
7290105366993,false,סימפוניה גבינת שמנת פלפל שיפקה 5% שטראוס 200 גרם,שטראוס גרופ בעמ/מצונן,,גבינת סימפוניה פילפל,גרמים,200.00,100 גרם,false,,11.00,0.0550,true,1,148983
7290105368904,false,"שמנת מתוקה להקצפה 32% שומן 250 מ""ל יוטבתה",שטראוס גרופ בעמ/מצונן,,שמנת מתוקה להקצפה 32,מיליליטרים,250.00,"100 מ""ל",false,,7.30,0.0292,true,1,148985
7290105691224,false,אסם חטיפי פריכונים טורטייה שום בצל 60 גרם,קבוצת אוסם סחר-שות.מוגבלת,,אסם חטיפי פריכונים ט,גרמים,60.00,100 גרם,false,,7.90,0.1317,true,1,150224
7290105691712,false,אסם עוגיות הפסקת קפה דגנים מלאים 230 גרם,קבוצת אוסם סחר שותפות מוגבלת,,עוגיות הפסקת קפה עם,גרמים,230.00,100 גרם,false,,10.90,0.0474,true,1,151092
7290105693341,false,מארז עשיריית במבה אסם 25*10 גרם,קבוצת אוסם סחר שותפות מוגבלת,,חטיף בוטנים במבה 10*,גרמים,250.00,100 גרם,false,,14.90,0.0596,true,1,150374
7290105693457,false,עוגת הבית דמקה שוקו וניל 320 גר`בחושות,קבוצת אוסם סחר שותפות מוגבלת,,הבית עוגת דמקה שוקו,גרמים,320.00,100 גרם,false,,11.90,0.0372,true,1,151093
7290105693952,false,פירורית זהב אסם זהב שומשום 200 ג',קבוצת אוסם סחר שותפות מוגבלת,,אסם פירורית זהב שומש,גרמים,200.00,100 גרם,false,,6.40,0.0320,true,1,151094
7290105695024,false,פתיתים אפויים אורז עם אטריות אסם 500 גרם,קבוצת אוסם סחר שותפות מוגבלת,,אסם פתיתים אפויים או,גרמים,500.00,100 גרם,false,,6.90,0.0138,true,1,149341
7290105695321,false,עוגת הבית בראוניז פאדג' אסם 380 גרם,קבוצת אוסם סחר שותפות מוגבלת,,הבית עוגת בראוניס פא,גרמים,350.00,100 גרם,false,,14.90,0.0426,true,1,151095
7290105963864,false,חזרת אחלה שטראוס 220,שטראוס גרופ בעמ/מצונן,,חזרת אחלה שטראוס 220,גרמים,220.00,100 גרם,false,,12.90,0.0586,true,1,148989
7290105965738,false,יוגורט לשתיה בטעם תות בננה267 ג' דנונה,שטראוס גרופ בעמ/מצונן,,יוגורט לשתיה 1.5 תות,מיליליטרים,267.00,"100 מ""ל",false,,4.80,0.0180,true,1,142908
7290105968098,false,"סלט קולסלאו 500 גרם ""אחלה""",שטראוס גרופ בעמ/מצונן,,קולסלאו 500 גרם,גרמים,500.00,100 גרם,false,,15.90,0.0318,true,1,148990
7290105968654,false,רביולי עם בטטה פרווה שטראוס (400 גרם),שטראוס גרופ בעמ/מצונן,,רביולי בטטה פרווה 40,גרמים,400.00,100 גרם,false,,19.80,0.0495,true,1,142909
7290105968777,false,פריכיות 5 דגנים עם תחתית שוקולד מריר 70 גרם,"טחנת האבן תעשיות בע""",,פריכיות 5 דגנים תחתי,גרמים,70.00,100 גרם,false,,8.00,0.1143,true,1,167880
7290106520066,false,"רבע לשבע שוקולד חלב במילוי אגוזים עלית 160 גרם בד""צ","הגביע מוצרי וופלים בע""\מ",,רבע לשבע קרם אגוזים,גרמים,160.00,100 גרם,false,,10.90,0.0681,true,1,142910
7290106524439,false,חטיף פופס תפוצ`יפס (60 גרם),"שטראוס פריטו ליי בע""\מ )",,תפוצ'יפס פופס 60 גרם,גרמים,60.00,100 גרם,false,,4.00,0.0667,true,1,143047
7290106524682,false,יוגורט אקטיביה 0% או,,,יוגורט אקטיביה 0% או,גרמים,150.00,100 גרם,false,,5.00,0.0333,true,1,142916
7290106525368,false,גלילי וופל רבע לשבע אין סייד אוט 125 גר,"הגביע מוצרי וופלים בע""\מ",,רבע שבע טבעוני שחור,גרמים,125.00,100 גרם,false,,10.90,0.0872,true,1,163265
7290106525382,false,קפה טורקי עלית 125 גר,עלית,,קפה טורקי עלית 125 ג,גרמים,125.00,100 גרם,false,,9.90,0.0792,true,1,147878
7290106525399,false,קפסולות 06 ברזיל למכונות נספרסו עלית 10יח',הנסיך- מפעל לייצור ט,,קפסולות 06 ברזיל למכ,Unknown,10.00,יחידה,false,,17.90,1.7900,true,1,157035
7290106526822,false,פריכיות אורז חום מלא תחתית שוקולד חלב 80 גרם,"טחנת האבן תעשיות בע""",,פריכיות אורז חום מלא,גרמים,80.00,100 גרם,false,,8.00,0.1000,true,1,142918
7290106528567,false,חטיף תירס גריל דוריטוס (185 גרם),"שטראוס פריטו ליי בע""\מ )",,דוריטוס גריל 185 גרם,גרמים,185.00,100 גרם,false,,7.90,0.0427,true,1,147501
7290106528628,false,חטיף תירס בטעם טבעי דוריטוס (185 גרם),"שטראוס פריטו ליי בע""\מ )",,דוריטוס טבעי 185 גרם,גרמים,185.00,100 גרם,false,,7.90,0.0427,true,1,147502
7290106573598,false,חומוס לבנוני צבר (400 גרם),קבוצת אוסם סחר שותפות מוגבלת,,חומוס לבנוני צבר 400,גרמים,400.00,100 גרם,false,,11.90,0.0298,true,1,151103
7290106573628,false,חומוס עם טחינה צבר (400 גרם),קבוצת אוסם סחר שותפות מוגבלת,,חומוס עם טחינה צבר 4,גרמים,400.00,100 גרם,false,,11.90,0.0298,true,1,143366
7290106574953,false,בייגלה שטוחים כעכים שטוחים עם שומשום,קבוצת אוסם סחר שותפות מוגבלת,,בייגלה שטוחים שומשום,גרמים,300.00,100 גרם,false,,9.90,0.0330,true,1,154337
7290106574977,false,בייגלה שטוחים טבעות עם מלח אסם (300 גרם),קבוצת אוסם סחר שותפות מוגבלת,,בייגלה כעכים שטוחים,גרמים,300.00,100 גרם,false,,9.90,0.0330,true,1,143369
7290106575257,false,עוגת הבית סופלה בטעם שוקולד 340 ג' אסם,קבוצת אוסם סחר שותפות מוגבלת,,עוגת הבית סופלה בטעם,גרמים,340.00,100 גרם,false,,11.90,0.0350,true,1,151107
7290106575431,false,עוגת הבית סופלה בטעם שוקולד וניל 340 ג',קבוצת אוסם סחר-שות.מוגבלת,,עוגת הבית סופלה בטעם,גרמים,340.00,100 גרם,false,,11.90,0.0350,true,1,151108
7290106576223,false,אפרופו מצופה שוקולד 40 ג'!,קבוצת אוסם סחר שותפות מוגבלת,,אפרופו שוקולד כלפ 40,גרמים,40.00,100 גרם,false,,4.90,0.1225,true,1,153758
7290106576513,false,סלט רק חומוס צבר 400 גרם,קבוצת אוסם סחר שותפות מוגבלת,,חומוס חלק צבר 400 גר,גרמים,400.00,100 גרם,false,,9.90,0.0248,true,1,143373
7290106576537,false,חומוס מסעדה צבר (700 גרם),קבוצת אוסם סחר שותפות מוגבלת,,חומוס מסעדה צבר 700,גרמים,700.00,100 גרם,false,,10.90,0.0156,true,1,143374
7290106576797,false,"לה קרמריה גלידת וניל איטלקי כשל""פ 1.4ל'",נגה גלידות שותפות מוגבלת,,לה קרמריה וניל איטלק,מיליליטרים,1400.00,"100 מ""ל",false,,21.90,0.0156,true,1,144812
7290106576810,false,גלידה לה קרמריה ריבת חלב 1.4 ל' נסטלה,נגה גלידות שותפות מוגבלת,,לה קרמריה ריבת חלב 1,מיליליטרים,1400.00,"100 מ""ל",false,,21.90,0.0156,true,1,144813
7290106576834,false,גלידה לה קרמריה פונטש בננה1.4 ל' נסטלה,נגה גלידות שותפות מוגבלת,,גלידה לה קרמריה פונט,מיליליטרים,1400.00,"100 מ""ל",false,,21.90,0.0156,true,1,144814
7290106576858,false,גלידה לה קרמריה תותים בשמנת 1.4 ל' נסטלה,נגה גלידות שותפות מוגבלת,,לה קרמריה תותים בשמנ,מיליליטרים,1400.00,"100 מ""ל",false,,21.90,0.0156,true,1,144815
7290106576896,false,לה קרמריה וניל קוק. כשלפ,נסטלה,,לה קרמריה וניל קוקיל,מיליליטרים,1400.00,"100 מ""ל",false,,19.00,0.0136,true,1,144816
7290106576919,false,"לה קרמריה סורבה תות לימו 1.4 ליטר כשל""פ",נגה גלידות שותפות מוגבלת,,לה קרמריה תות לימון,מיליליטרים,1400.00,"100 מ""ל",false,,21.90,0.0156,true,1,147692
7290106576957,false,"לה קרמריה גלידת שוקו וניל פליק פרווה כשל""פ 1.4",נגה גלידות שותפות מוגבלת,,לה קרמריה פרווה שוקו,מיליליטרים,1400.00,"100 מ""ל",false,,21.90,0.0156,true,1,144817
7290106576971,false,גלידה לה קרמריה שוקולד בלגי 1.4 ל' נסטלה,נגה גלידות שותפות מוגבלת,,לה קרמריה שוקולד בלג,מיליליטרים,1400.00,"100 מ""ל",false,,21.90,0.0156,true,1,144818
7290106576995,false,גלידה סורבה לה קרמריה תות מנגו לייט 1.4 ל' נסטלה,נגה גלידות שותפות מוגבלת,,לה קרמריה סורבה לייט,מיליליטרים,1400.00,"100 מ""ל",false,,21.90,0.0156,true,1,147693
7290106577039,false,גלידה לה קרמריה שוקו וניל פליק 1.4 ל' נסטלה,נגה גלידות שותפות מוגבלת,,לה קרמריה שוקו וניל,מיליליטרים,1400.00,"100 מ""ל",false,,21.90,0.0156,true,1,144819
7290106577282,false,טחינה אמיתית מרובע 400 ג' צבר,קבוצת אוסם סחר-שות.מוגבלת,,סלט טחינה צבר 400 גר,גרמים,400.00,100 גרם,false,,12.90,0.0323,true,1,143375
7290106577541,false,צבר כרוב אדום מרובע 400גרם,קבוצת אוסם סחר-שות.מוגבלת,,סלט כרוב אדום צבר 40,גרמים,400.00,100 גרם,false,,12.90,0.0323,true,1,143378
7290106577572,false,מטבוחה אמיתית מרובע 400 ג' צבר,קבוצת אוסם סחר-שות.מוגבלת,,סלט מטבוחה אמיתית צב,גרמים,400.00,100 גרם,false,,12.90,0.0323,true,1,151110
7290106578692,false,ביסלי במבה מיקס מהדורת אליפות אסם 80 גרם,קבוצת אוסם סחר שותפות מוגבלת,,במבה ביסלי מיקס 80 ג,גרמים,80.00,100 גרם,false,,4.90,0.0613,true,1,155083
7290106578821,false,הבית עוגת שמרים קלאסית בטעם שוקולד 350גר.,קבוצת אוסם סחר שותפות מוגבלת,,עוגת הבית שמרים קלאס,גרמים,350.00,100 גרם,false,,16.90,0.0483,true,1,143381
7290106663121,false,"עוגה אישית במילוי קרם חלב ""מילקי קייק"" שטראוס",בובארד איטליה אס.פי.איי,,מילקי קייק 34 גרם,גרמים,34.00,100 גרם,false,,2.90,0.0853,true,1,142934
7290106667266,false,חטיף תירס חמוץ חריף דוריטוס (185 גרם),"שטראוס פריטו ליי בע""\מ )",,דוריטוס חמוץ חריף 18,גרמים,185.00,100 גרם,false,,7.90,0.0427,true,1,147451
7290106721913,false,מסטיק מאסט MUST ללא סוכר בטעם מנטה מרעננת,שטראוס גרופ בע`מ,,צנצנת מאסט מנטה מרענ,גרמים,66.00,100 גרם,false,,9.90,0.1500,true,1,150093
7290106721920,false,צנצנת מסטיק מאסט בטעם ספירמינט עדין 66 ג' עלית,"שטראוס גרופ בע""\מ.",,"צנצנת ספירמינט לל""ס",גרמים,66.00,100 גרם,false,,9.90,0.1500,true,1,142941
7290107280020,false,שלישיית מטליות לחות לניקוי כללי סנו סושי 50 יחידות,החברה הדרומית לשיווק בעמ,,מטליות לחות לניקוי כ,Unknown,3.00,יחידה,false,,17.90,5.9667,true,1,153619
7290107280341,false,ריצפז מטליות לחות לניקוי הרצפה בניחוח מלון מפנק,החברה הדרומית לשיווק בעמ,,מטליות לחות לרצפה בנ,Unknown,1.00,יחידה,false,,12.90,12.9000,true,1,153621
7290107280730,false,נוזל לניקוי כלים סנו ספארק Spark בניחוח לבנדר,החברה הדרומית לשיווק בעמ,,נוזל כלים ספארק 700,מיליליטרים,700.00,"100 מ""ל",false,,9.90,0.0141,true,1,149661
7290107280747,false,נוזל לניקוי כלים סנו ספארק Spark קלאסי,החברה הדרומית לשיווק בעמ,,נוזל כלים ספארק 700,מיליליטרים,700.00,"100 מ""ל",false,,9.90,0.0141,true,1,149662
7290107646147,false,"חטיף שוגי קורנפלקס תלמה 156 גרם מארז 6 יחידות בד""צ",יוניליוור ישראל שיווק בע`מ,,חטיפי שוגי קורנפלקס,גרמים,156.00,100 גרם,false,,12.90,0.0827,true,1,144269
7290107646895,false,קנור - רוטב פסטה נפוליטנה 415 גרם חתם סופר,יוניליוור ישראל שיווק בע`מ,,קנור רוטב פסטה נפולי,גרמים,415.00,100 גרם,false,,10.90,0.0263,true,1,147921
7290107646918,false,רוטב עגבניות ופלפלים לשקשוקה 415 ג' קנור,יוניליוור ישראל שיווק בע`מ,,קנור רוטב שקשוקה 415,גרמים,415.00,100 גרם,false,,10.90,0.0263,true,1,147925
7290107646963,false,מיונז מתובל עם פלפל צ`ילי 250 גרם,יוניליוור ישראל שיווק בע`מ,,ממרח ספייסי מיונז תל,גרמים,250.00,100 גרם,false,,8.90,0.0356,true,1,166012
7290107646970,false,"מיונז תלמה איולי שום 273 גר בד""ץ",יוניליוור ישראל שיווק בע`מ,,ממרח איולי שום תלמה,גרמים,250.00,100 גרם,false,,8.90,0.0356,true,1,166013
7290107647359,false,דומסטוס סבון אסלה 5 הפועלות בניחות אוקיינוס 3 יח' * 55 ג',יוניליוור ישראל שיווק בע`מ,,דומסטוס שלישיה אסלות,גרמים,165.00,100 גרם,false,,15.50,0.0939,true,1,151716
7290107647816,false,"ברנפלקס ללא תוספת סוכר תלמה בד""ץ 500 גרם","יוניליוור ישראל שיווק בע""מ",,ברנפלקס ללא סוכר 500,גרמים,500.00,100 גרם,false,,21.90,0.0438,true,1,147251
7290107647854,false,"שוגי מופחת סוכר תלמה 500 ג' בד""צ",יוניליוור ישראל שיווק בע`מ,,שוגי 500 גרם,גרמים,500.00,100 גרם,false,,19.90,0.0398,true,1,147252
7290107649100,false,בייגלה טבעות שומשום 300 גרם.,"יוניליוור ישראל שיווק בע""מ",,בייגלה טבעות שומשום,גרמים,300.00,100 גרם,false,,9.90,0.0330,true,1,151723
7290107649858,false,טילון סופר מגנום וניל ושוקלד לבן,"מיוצר ע""\י גלידת שטראוס",,טילון מגנום לבן,Unknown,1.00,יחידה,false,,9.90,9.9000,true,1,152591
7290107870856,false,ביסלי מאנץ' מקסיקני 40גר,חטיפי אסם 6 ב 20,,ביסלי מאנץ' מקסיקני,גרמים,40.00,100 גרם,false,,3.30,0.0825,true,1,143383
7290107874502,false,ביסלי גריל קדמ. מארז אחיד 10 4*55 גרם,קבוצת אוסם סחר שותפות מוגבלת,,ביסלי גריל 4 * 55 גר,גרמים,220.00,100 גרם,false,,12.50,0.0568,true,1,143392
7290107875271,false,ביסלי ברביקיו קדמ. מארז אחיד10 4*55 גרם,קבוצת אוסם סחר שותפות מוגבלת,,ביסלי ברביקיו 4 * 55,גרמים,220.00,100 גרם,false,,12.50,0.0568,true,1,143394
7290107875400,false,גלידה לה קרמריה פיסטוק מוקה 1.4 ל' נסטלה,נגה גלידות שותפות מוגבלת,,לה קרמריה פרווה מוקה,מיליליטרים,1400.00,"100 מ""ל",false,,21.90,0.0156,true,1,147694
7290107876889,false,אוסם - במבה במילוי קרם נוגט 45 גרם,קבוצת אוסם סחר שותפות מוגבלת,,במבה במילוי קרם נוגט,גרמים,45.00,100 גרם,false,,4.30,0.0956,true,1,143395
7290107877619,false,מארז במבה במילוי קרם נוגט 5*30ג' אסם,קבוצת אוסם סחר שותפות מוגבלת,,במבה במילוי קרם נוגט,גרמים,150.00,100 גרם,false,,13.90,0.0927,true,1,143398
7290107931755,false,סוכריות גומי דובונים80ג,טופגאם,,גומי דובונים 80 גרם,גרמים,80.00,100 גרם,false,,5.00,0.0625,true,1,142953
7290107932080,false,חלב 3% מועשר בבקבוק יטבתה (1 ליטר),שטראוס גרופ בעמ/מצונן,,חלב מועשר בקבוק 3% י,מיליליטרים,1000.00,"100 מ""ל",false,,7.70,0.0077,true,1,149733
7290107934480,false,אקטיביה יוגורט 3% דנונה (150x8 גרם),שטראוס גרופ בעמ/מצונן,,מארז אקטיביה שמינייה,גרמים,1200.00,100 גרם,false,,2999.90,2.4999,true,1,149866
7290107936309,false,דנונה יוגורט 7% יווני לבן 130 ג',שטראוס גרופ בעמ/מצונן,,יוגורט דנונה יווני ל,גרמים,130.00,100 גרם,false,,3.40,0.0262,true,1,149738
7290107936958,false,עד חצות ביסקוויט אצבעות שוקולד 125 גרם,ביסקוויטס טור ד'\אלבון,,עד חצות אצבעות 125 ג,גרמים,125.00,100 גרם,false,,9.90,0.0792,true,1,167312
7290107936965,false,עיגולים עד חצות עם שוקולד חלב 225 גר,ביסקווטרי עוגיות סנט,,עד חצות עיגולים 225,גרמים,225.00,100 גרם,false,,12.90,0.0573,true,1,148826
7290107937542,false,משקה יוגורט אקטיביה עם תות 1.2% שומן,שטראוס גרופ בעמ/מצונן,,משקה אקטיביה תות 1.2,מיליליטרים,250.00,"100 מ""ל",false,,4.90,0.0196,true,1,142963
7290107937627,false,מסטיק מאסט Must קוביות ללא סוכר בטעם מנטה עדינה,שטראוס גרופ בע`מ,,צנצנת קוביות מנטה עד,גרמים,58.00,100 גרם,false,,9.90,0.1707,true,1,142964
7290107937634,false,צנצנית מסטיק מאסט קוביות פפירמינט 58 ג' עלית,"שטראוס גרופ בע""מ",,צנצנת קוביות מנטה 58,גרמים,58.00,100 גרם,false,,9.90,0.1707,true,1,142965
7290107938396,false,שמיניית אקטימל תות דיסני בנים 108 גרם,שטראוס גרופ בעמ/מצונן,,אקטימל תות דיסני 8*1,מיליליטרים,800.00,"100 מ""ל",false,,20.90,0.0261,true,1,149008
7290107940467,false,אקטיביה יוגורט קרמי 1.5% דנונה (200 גרם),שטראוס גרופ בעמ/מצונן,,יוגורט 1.5% דנונה אק,גרמים,200.00,100 גרם,false,,4.00,0.0200,true,1,149012
7290107943192,false,"שמנת חמוצה מהערבה 27% שומן 200 מ""ל יטבתה",שטראוס גרופ בעמ/מצונן,,שמנת חמוצה מהערבה 27,מיליליטרים,200.00,"100 מ""ל",false,,3.90,0.0195,true,1,149017
7290107943222,false,"""יטבתה"" שמנת 500 מ""ל 38%- מוצר בפיקוח",יטבתה,,"שמנת 38% 500 מ""ל",מיליליטרים,500.00,"100 מ""ל",false,,12.36,0.0247,true,1,149018
7290107943369,false,קוואקר שיבולת שועל ללא גלוטן 511 גר'.,שטראוס פריטו ליי בע`מ,,קוואקר שיבולת שועל ל,גרמים,511.00,100 גרם,false,,19.90,0.0389,true,1,147509
7290107944243,false,אפיפיות בטעם שוקולד 200 גרם כשר לפסח,"שטראוס גרופ בע""\מ",,אפיפיות בטעם שוקולד,גרמים,200.00,100 גרם,false,,6.90,0.0345,true,1,142977
7290107944472,false,סימפוניה גבינה במרקם שמנת 5% שום שמיר,שטראוס גרופ בעמ/מצונן,,סימפוניה שום שמיר 5%,גרמים,200.00,100 גרם,false,,11.00,0.0550,true,1,147678
7290107951104,false,בפלות ופלים ארוכים בטעם שוקולד,"שטראוס גרופ בע""\מ",,בפלות שוקולד 200 גרם,Unknown,0.00,יחידה,false,,4.90,0.0000,true,1,166426
7290107956642,false,"תרסיס שמן זית 150 מ""ל יד מרדכי כשלפ",פארייפאבה אגרואינדוס,,"תרסיס שמן זית 150 מ""",מיליליטרים,150.00,"100 מ""ל",false,,17.90,0.1193,true,1,148837
7290107956901,false,קפסולות בטעם אגוזים למכונת נספרסו עלית 10 יחידות,שטראוס קפה בי.וי.,,קפסולות אגוזי לוז למ,Unknown,10.00,יחידה,false,,17.90,1.7900,true,1,157037
7290107957991,false,מילקי CAKE מיניס קרם חלב בציפוי שוקולד חלב שקית 16X9ג',בובארד איטליה אס.פי.איי,,מילקי מינייס עוגה אי,גרמים,144.00,100 גרם,false,,13.90,0.0965,true,1,149048
7290107958035,false,יוגורט במתיקות מעודנת 2% ללא תוספת סוכר- מארז 8 יח,שטראוס גרופ בעמ/מצונן,,מארז דנונה מתיקות מע,גרמים,1200.00,100 גרם,false,,17.90,0.0149,true,1,149049
7290107973038,false,"סבון ידיים משאבה פלמוליב אקווריום 300 מ""ל",הנסיך- מפעל לייצור ט,,סבון ידיים אקווריום,מיליליטרים,300.00,"100 מ""ל",false,,10.90,0.0363,true,1,148477
7290107973861,false,מאסטר שף עגבניות קצוצות דק שלישיה 400ג*3 כשלפ,קונסרזיו קאסאלאסקו ד,,עגבניות חתוך דק מאסט,גרמים,1200.00,100 גרם,false,,16.90,0.0141,true,1,150875
7290107974004,false,קוסקוס דורום דק 500גרם,אגרופוד לייבל,,מאסטר שף קוסקוס דורו,גרמים,500.00,100 גרם,false,,7.90,0.0158,true,1,148478
7290107974011,false,קוסקוס דורום בינוני500ג,אגרופוד לייבל,,מאסטר שף קוסקוס דורו,גרמים,500.00,100 גרם,false,,7.90,0.0158,true,1,148479
7290108271171,false,מגשית אלומיניום גדול עם מכסה R2 (3 יח'),חגיגית,,מגשית אלומיניום עם מ,Unknown,3.00,יחידה,false,,7.90,2.6333,true,1,146731
7290108271188,false,כוסות נייר שתיה חמה,,,כוסות נייר שתיה חמה,Unknown,50.00,יחידה,false,,11.90,0.2380,true,1,149993
7290108271416,false,שקיות אשפה 52/65 עם שרוך רמי לוי,רמי לוי,,שקיות אשפה 52/65 עם,Unknown,1.00,יחידה,false,,18.90,18.9000,true,1,146732
7290108271461,false,שקיות רב שימושיות (הקפאה) 200 יחידות,רמי לוי,,שקיות הקפאה-זוגות גל,Unknown,2.00,יחידה,false,,8.30,4.1500,true,1,152205
7290108271492,false,נייר אפייה רמי לוי 37*42,רמי לוי,,נייר אפייה רמי לוי 3,Unknown,50.00,יחידה,false,,8.90,0.1780,true,1,146734
7290108271607,false,"רדיד אלומיניום זוגות רמי לוי 30 ס""מ",רמי לוי,,רדיד אלומיניום זוגות,Unknown,2.00,יחידה,false,,11.90,5.9500,true,1,146736
7290108271614,false,"רדיד אלומיניום זוגות רמי לוי 45 ס""מ",רמי לוי,,רדיד אלומיניום זוגות,Unknown,2.00,יחידה,false,,14.90,7.4500,true,1,146737
7290108272079,false,מגבונים לניקוי כללי 400 יח דלי,רמי לוי,,מגבונים לניקוי כללי,Unknown,400.00,יחידה,false,,20.90,0.0522,true,1,149296
7290108272154,false,מרקיות רמי לוי 25 יח,רמי לוי,,מרקיות רמי לוי 25 יח,Unknown,25.00,יחידה,false,,7.90,0.3160,true,1,146746
7290108272161,false,קערית אובלית קטן רמי לוי 25 יח,רמי לוי,,קערית אובלית קטן רמי,Unknown,25.00,יחידה,false,,5.50,0.2200,true,1,146747
7290108272185,false,צלחת בינוני רמי לוי 50 יח,רמי לוי,,צלחת בינוני רמי לוי,Unknown,50.00,יחידה,false,,13.90,0.2780,true,1,146749
7290108272192,false,חגיגית - זוג מפות אלבד לבן,רמי לוי,,זוג מפות לבן חלק רמי,Unknown,2.00,יחידה,false,,9.90,4.9500,true,1,146750
7290108273083,false,צלחת קטנה איכותית קרם רמי לוי 25 יח,רמי לוי,,צלחת 7' קרם (25 יח'),Unknown,25.00,יחידה,false,,6.90,0.2760,true,1,146755
7290108273168,false,צלחת בינונית איכותית קרם רמי לוי 25 יח,רמי לוי,,צלחת 9' קרם (25 יח'),Unknown,25.00,יחידה,false,,12.90,0.5160,true,1,146756
7290108273410,false,ניילון נצמד זוגות 2*30 רמי לוי,רמי לוי,,ניילון נצמד זוגות 2*,Unknown,2.00,יחידה,false,,8.90,4.4500,true,1,146758
7290108273434,false,שקיות צלייה 28/35 רמי לוי 10 יח,רמי לוי,,שקיות צלייה 28/35 רמ,Unknown,10.00,יחידה,false,,3.30,0.3300,true,1,146759
7290108273618,false,קיסמי שניים מארז מלחייה רמי לוי,רמי לוי,,קיסמי שניים מארז מלח,Unknown,500.00,יחידה,false,,2.90,0.0058,true,1,146761
7290108273663,false,מגשיות אלומיניום גדולות (5 יח') R33 רמי,רמי לוי,,מגשיות אלומיניום גדו,Unknown,5.00,יחידה,false,,6.90,1.3800,true,1,146763
7290108273670,false,מגשיות אלומיניום ענקיות (3 יח') R99 רמי,רמי לוי,,תבניות אלומניום ענקי,Unknown,3.00,יחידה,false,,8.90,2.9667,true,1,146764
7290108273694,false,מגשיות אלומיניום אינגליש (10 יח') R88 רמ,רמי לוי,,תבנית אינגליש קייק ר,Unknown,10.00,יחידה,false,,7.90,0.7900,true,1,146765
7290108273748,false,תבנית חלה גדולה 4 יחידות,חגיגית,,תבנית חלה גדולה (4 י,Unknown,4.00,יחידה,false,,9.90,2.4750,true,1,154896
7290108273809,false,כפפות ניטריל כחולות M רמי לוי,רמי לוי,,כפפות ניטריל ללא אבק,Unknown,1.00,יחידה,false,,23.90,23.9000,true,1,149298
7290108273816,false,כפפות ניטריל כחולות L רמי לוי,רמי לוי,,כפפות ניטריל ללא אבק,Unknown,1.00,יחידה,false,,23.90,23.9000,true,1,149299
7290108273847,false,תבנית מאפין אישית 50 יח,חגיגית,,תבנית מאפין אישית (5,Unknown,50.00,יחידה,false,,9.90,0.1980,true,1,154533
7290108274059,false,מגשיות אלומיניום קטנות (8 יח') R29 רמי ל,,,מגשיות אלומיניום קטנ,Unknown,8.00,יחידה,false,,7.90,0.9875,true,1,146772
7290108274332,false,שקיות צליה 28/35 (10 יח') בסט וליו,,,שקיות צלייה 28/35 רמ,Unknown,10.00,יחידה,false,,3.30,0.3300,true,1,151856
7290108274585,false,כוסות נייר שתיה חמה,,,כוסות נייר שתיה חמה,Unknown,50.00,יחידה,false,,11.90,0.2380,true,1,148017
7290108274592,false,נייר אפייה רמי לוי 3,נייר אפיה 3 ב 21,,נייר אפייה רמי לוי 3,Unknown,50.00,יחידה,false,,8.90,0.1780,true,1,156524
7290108274608,false,לפתניה 25 יח לבן,,,לפתניה 25 יח לבן,Unknown,25.00,יחידה,false,,3.90,0.1560,true,1,152127
7290108274615,false,קעריות אובליות לבן 25 יחידות,,,קערית אובלית קטן רמי,Unknown,25.00,יחידה,false,,5.50,0.2200,true,1,156953
7290108274622,false,לבן מרקיה (25 יח') בסט וליו,,,מרקיות רמי לוי 25 יח,Unknown,25.00,יחידה,false,,7.90,0.3160,true,1,153888
7290108274639,false,צלחות קטנות לבן 50 יחידות-רמי,,,צלחת בינוני רמי לוי,Unknown,50.00,יחידה,false,,13.90,0.2780,true,1,153889
7290108274707,false,קרם צלחת 9' (25 יח') בסט וליו,,,צלחת 9' קרם (25 יח'),Unknown,25.00,יחידה,false,,12.90,0.5160,true,1,147604
7290108275544,false,מזלג לבן (100 יח') ב,,,מזלג לבן (100 יח') ב,Unknown,100.00,יחידה,false,,9.90,0.0990,true,1,146775
7290108275551,false,כף לבנה 100 יחידות,,,כף לבן 100 יחידות,Unknown,100.00,יחידה,false,,9.90,0.0990,true,1,146776
7290108275568,false,כפית לבן 100 יחידות,,,כפית לבן 100 יחידות,Unknown,100.00,יחידה,false,,7.90,0.0790,true,1,146777
7290108276343,false,מטליות רצפה זיגזג רמי לוי,,,מטליות רצפה זיגזג 3,Unknown,3.00,יחידה,false,,7.90,2.6333,true,1,149307
7290108350616,false,סנו - מקסימה מרכך כביסה מרוכז פריחה כחולה 1 ליטר,החברה הדרומית לשיווק בעמ,,מרכך מרוכז 1 ליטר מק,מיליליטרים,1000.00,"100 מ""ל",false,,17.90,0.0179,true,1,147530
7290108351156,false,ג'ל ניקוי כללי בתוספת חומץ בריח לבנדר סנו ג'ט 1.5 ליטר,החברה הדרומית לשיווק בעמ,,גיט ניקוי כללי 1.5 ל,מיליליטרים,1500.00,"100 מ""ל",false,,14.90,0.0099,true,1,150333
7290108351507,false,מרכך כביסה אינספרישיין סנו מקסימה 4 ליטר,החברה הדרומית לשיווק בעמ,,מרכך 4 ליטר סופט סיל,מיליליטרים,4000.00,"100 מ""ל",false,,21.90,0.0055,true,1,147978
7290108351613,false,סנו ריצפז פרש הום 2 ליטר בניחוח מלון חלומי,החברה הדרומית לשיווק בעמ,,הום פרש ריצפז בית מל,מיליליטרים,2000.00,"100 מ""ל",false,,19.90,0.0099,true,1,147980
7290108352399,false,ריצפז פרש הום בניחוח מרכך כביסה פלורל טאצ',החברה הדרומית לשיווק בעמ,,ריצפז פרש הום פלורל,מיליליטרים,2000.00,"100 מ""ל",false,,19.90,0.0099,true,1,164381
7290108352672,false,צמד מטליות הפלא לרצפה מיקרפייבר סנו סושי,החברה הדרומית לשיווק בעמ,,מטליות הפלא לריצפה מ,Unknown,2.00,יחידה,false,,19.90,9.9500,true,1,149529
7290108353532,false,"שקיות אשפה חזקות עם שרוך לארג' 54 * 65 ס""מ סנו סושי 100 יחידות",החברה הדרומית לשיווק בעמ,,סנו סושי שקיות אשפה,Unknown,100.00,יחידה,false,,29.90,0.2990,true,1,153627
7290108356076,false,כיף תחליב רחצה בניחוח קרמל מלוח 700 מל`,החב. הדרומית לשיווק,,כיף תחליב רחצה גלידו,מיליליטרים,700.00,"100 מ""ל",false,,12.90,0.0184,true,1,149669
7290108357707,false,"כיף שמפו לשיער רגיל- תפוח זרעי צ'יה 700 מ""ל",החברה הדרומית לשיווק בעמ,,כיף שמפו לשיער רגיל,מיליליטרים,700.00,"100 מ""ל",false,,12.90,0.0184,true,1,149670
7290108357769,false,"מרכך לשיער רגיל תפוח וזרעי צ'יה 700 מ""ל כיף",החברה הדרומית לשיווק בעמ,,כיף מרכך לשיער רגיל,מיליליטרים,700.00,"100 מ""ל",false,,12.90,0.0184,true,1,149675
7290108358070,false,"תחליב רחצה קלאסי קרמה 700מ""ל.",החברה הדרומית לשיווק בעמ,,תחליב רחצה קרמה קלאס,מיליליטרים,700.00,"100 מ""ל",false,,17.90,0.0256,true,1,158981
7290108501346,false,גבינה מגורדת גאודה 28% שומן EURO CHEESE ויליפוד 500 גרם,ג.וילי-פוד אינטרנשיונל **גבינו,,גבינת גאודה מגורדת 5,גרמים,500.00,100 גרם,false,,24.90,0.0498,true,1,152686
7290108502381,false,בסיסים להכנת פיצה קוטר 26 וילי פוד 480ג',ג. וילי-פוד אינטרנשיונל בע`מ,,תחתיות לפיצה (קוטר 2,Unknown,4.00,יחידה,false,,12.90,3.2250,true,1,157744
7290108503043,false,תפוחונים חטיף פלחים מיובשים מארז 22X4ג',ג. וילי-פוד אינטרנשיונל בע`מ,,תפוחי עץ מיובשים תפו,גרמים,88.00,100 גרם,false,,14.90,0.1693,true,1,151612
7290108506532,false,גליליות וופל במילוי קרם בטעם אגוזי לוז 400ג' ויליפוד,ג. וילי-פוד אינטרנשיונל בע`מ,,גליליות וופל במילוי,גרמים,400.00,100 גרם,false,,14.90,0.0373,true,1,156595
7290108508772,false,קונכיות פתיתים עם תרד 400 גרם וילי פוד,ג. וילי-פוד אינטרנשיונל בע`מ,,קונכיות פתיתים עם תר,גרמים,400.00,100 גרם,false,,6.90,0.0173,true,1,158836
7290108509700,false,אורז פרסי 1 קג`DAAWAT וילי פוד,ג. וילי-פוד אינטרנשיונל בע`מ,,אורז פרסי DAAWAT 1 ק,גרמים,1000.00,100 גרם,false,,9.90,0.0099,true,1,163104
7290108509960,false,נתחי טונה בהירה בשמן זית כתית מעולה - מארז 3 יח',ג. וילי-פוד אינטרנשיונל בע`מ,,נתחי טונה בשמן זית 3,גרמים,240.00,100 גרם,false,,15.90,0.0663,true,1,163871
7290108530056,false,שקית בד סופרקופיקס,,,שקית בד סופרקופיקס,Unknown,1.00,יחידה,false,,5.00,5.0000,true,1,145356
7290108531671,false,צלוחית נייר,,,צלוחית נייר,Unknown,500.00,יחידה,false,,2999.90,5.9998,true,1,145390
7290108531794,false,טוסט גבינה צהובה ברו,,,טוסט גבינה צהובה ברו,Unknown,1.00,יחידה,false,,6.00,6.0000,true,1,143475
7290108531848,false,קופיקס- קפה נטול 1 ק,,,קופיקס- קפה נטול 1 ק,Unknown,0.00,יחידה,false,,2999.90,0.0000,true,1,145153
7290108531862,false,קופיקס -קינמון טחון,,,קופיקס -קינמון טחון,Unknown,0.00,יחידה,false,,2999.90,0.0000,true,1,146799
7290108531961,false,"מגב ברזל 40 ס""מ 1 יח",,,"מגב ברזל 40 ס""מ 1 יח",Unknown,0.00,יחידה,false,,6.00,0.0000,true,1,144920
7290108532227,false,כוס 8OZ,,,כוס 8OZ,Unknown,0.00,יחידה,false,,2999.00,0.0000,true,1,145394
7290108532234,false,כוס פלסטיק 330 מל -,,,כוס פלסטיק 330 מל -,Unknown,0.00,יחידה,false,,2999.90,0.0000,true,1,145395
7290108532241,false,אימפוקיס - מכסה לכוס,,,אימפוקיס - מכסה לכוס,Unknown,0.00,יחידה,false,,2999.90,0.0000,true,1,145396
7290108532258,false,"כוס 250 מ""ל 1000 בקר",,,"כוס 250 מ""ל 1000 בקר",Unknown,0.00,יחידה,false,,2999.90,0.0000,true,1,145397
7290108532265,false,כוס אספרסו,,,כוס אספרסו,Unknown,0.00,יחידה,false,,2999.90,0.0000,true,1,145398
7290108532272,false,מכסה שחור לכוס נייר,,,מכסה שחור לכוס נייר,Unknown,0.00,יחידה,false,,2999.90,0.0000,true,1,145399
7290108532449,false,"בורקס תפו""א",,,"בורקס תפו""א",Unknown,0.00,יחידה,false,,5.00,0.0000,true,1,143476
7290108532456,false,מאפה גבינה מתוקה,,,מאפה גבינה מתוקה,Unknown,1.00,יחידה,false,,5.00,5.0000,true,1,143477
7290108532463,false,מאפה שוקולד,,,מאפה שוקולד,Unknown,1.00,יחידה,false,,5.00,5.0000,true,1,143478
7290108532470,false,מאפה קינמון,,,מאפה קינמון,Unknown,1.00,יחידה,false,,5.00,5.0000,true,1,143479
7290108532487,false,מאפה חמאה,,,מאפה חמאה,Unknown,1.00,יחידה,false,,5.00,5.0000,true,1,143480
7290108532500,false,עוגת שוקולד בחושה,,,עוגת שוקולד בחושה,Unknown,1.00,יחידה,false,,6.00,6.0000,true,1,143481
7290108532517,false,עוגת תפוז בחושה,,,עוגת תפוז בחושה,Unknown,1.00,יחידה,false,,6.00,6.0000,true,1,143482
7290108532524,false,פוקצ'ה בצל,,,פוקצ'ה בצל,Unknown,1.00,יחידה,false,,6.00,6.0000,true,1,143483
7290108532531,false,פוקצ'ה זיתים,,,פוקצ'ה זיתים,Unknown,1.00,יחידה,false,,6.00,6.0000,true,1,143484
7290108532579,false,פרעצל,,,פרעצל,Unknown,1.00,יחידה,false,,6.00,6.0000,true,1,143485
7290108532586,false,בורקס גבינה,,,בורקס גבינה,Unknown,1.00,יחידה,false,,5.00,5.0000,true,1,143486
7290108532722,false,מגש פרספקט גדול 8 יח,,,מגש פרספקט גדול 8 יח,Unknown,0.00,יחידה,false,,2999.90,0.0000,true,1,145400
7290108533279,false,תמצית לשייק טעם בננה,,,תמצית לשייק טעם בננה,Unknown,0.00,יחידה,false,,2999.90,0.0000,true,1,144860
7290108533989,false,מפת שולחן 160*120,,,מפת שולחן 160*120,Unknown,1.00,יחידה,false,,5.00,5.0000,true,1,145409
7290108534108,false,בראוניז,,,בראוניז,Unknown,1.00,יחידה,false,,6.00,6.0000,true,1,144962
7290108534467,false,בקבוק ספורט סופרקופי,,,בקבוק ספורט סופרקופי,Unknown,1.00,יחידה,false,,5.00,5.0000,true,1,145412
7290108534764,false,אייס לימונענע 12 יחי,,,אייס לימונענע 12 יחי,Unknown,0.00,יחידה,false,,2999.90,0.0000,true,1,146170
7290108535433,false,מגש פרספקט גדול,,,מגש פרספקט גדול,Unknown,0.00,יחידה,false,,2999.90,0.0000,true,1,145437
7290108536676,false,מגן מסך סמסונג 6,,,מגן מסך סמסונג 6,Unknown,0.00,יחידה,false,,5.00,0.0000,true,1,145446
7290108536775,false,סכין בשר,,,סכין בשר,Unknown,1.00,יחידה,false,,5.00,5.0000,true,1,145455
7290108536782,false,סכין לחיתוך עוף,,,סכין לחיתוך עוף,Unknown,1.00,יחידה,false,,5.00,5.0000,true,1,145456
7290108536799,false,סכין לחם,,,סכין לחם,Unknown,1.00,יחידה,false,,5.00,5.0000,true,1,145457
7290108536829,false,כובע צמר לילדים,,,כובע צמר לילדים,Unknown,1.00,יחידה,false,,5.00,5.0000,true,1,145460
7290108536911,false,פומפייה,,,פומפייה,Unknown,0.00,יחידה,false,,5.00,0.0000,true,1,145462
7290108536935,false,קוצץ בצל,,,קוצץ בצל,Unknown,0.00,יחידה,false,,5.00,0.0000,true,1,145463
7290108536959,false,מסחטת תפוז ידנית,,,מסחטת תפוז ידנית,Unknown,0.00,יחידה,false,,5.00,0.0000,true,1,145464
7290108537031,false,סט כפות מדידה,,,סט כפות מדידה,Unknown,0.00,יחידה,false,,5.00,0.0000,true,1,145467
7290108537239,false,נף נף,,,נף נף,Unknown,0.00,יחידה,false,,5.00,0.0000,true,1,145469
7290108537260,false,סיכות סבתא,,,סיכות סבתא,Unknown,0.00,יחידה,false,,5.00,0.0000,true,1,145472
7290108537277,false,מפיץ ריח - קולב,,,מפיץ ריח - קולב,Unknown,1.00,יחידה,false,,5.00,5.0000,true,1,145473
7290108537307,false,סט 3 ליפות,,,סט 3 ליפות,Unknown,1.00,יחידה,false,,5.00,5.0000,true,1,145475
7290108537352,false,סט ציפורניים,,,סט ציפורניים,Unknown,1.00,יחידה,false,,5.00,5.0000,true,1,145477
7290108537376,false,סט 6 כוסות תה,,,סט 6 כוסות תה,Unknown,1.00,יחידה,false,,5.00,5.0000,true,1,145478
7290108537390,false,צנצנת זכוכית,,,צנצנת זכוכית,Unknown,0.00,יחידה,false,,5.00,0.0000,true,1,145480
7290108537413,false,מגבות מטבח,,,מגבות מטבח,Unknown,0.00,יחידה,false,,5.00,0.0000,true,1,145481
7290108537437,false,וילון אמבט,,,וילון אמבט,Unknown,0.00,יחידה,false,,5.00,0.0000,true,1,145483
7290108537475,false,גומיות שיער לילדים צ,,,גומיות שיער לילדים צ,Unknown,0.00,יחידה,false,,5.00,0.0000,true,1,145486
7290108537550,false,כותש שום,,,כותש שום,Unknown,0.00,יחידה,false,,5.00,0.0000,true,1,145487
7290108537574,false,מברשת שיער אובלית,,,מברשת שיער אובלית,Unknown,0.00,יחידה,false,,5.00,0.0000,true,1,145489
7290108537581,false,מברשת מטקה,,,מברשת מטקה,Unknown,0.00,יחידה,false,,5.00,0.0000,true,1,145490
7290108537604,false,מראה מגדילה,,,מראה מגדילה,Unknown,0.00,יחידה,false,,5.00,0.0000,true,1,145492
7290108537635,false,מתיר קשרים,,,מתיר קשרים,Unknown,0.00,יחידה,false,,5.00,0.0000,true,1,145494
7290108537673,false,כבל לטעינה אנדרואיד,,,כבל לטעינה אנדרואיד,Unknown,0.00,יחידה,false,,5.00,0.0000,true,1,145497
7290108537741,false,סכין קצבים,,,סכין קצבים,Unknown,0.00,יחידה,false,,5.00,0.0000,true,1,145501
7290108537758,false,סכין חיתוך למנגל,,,סכין חיתוך למנגל,Unknown,1.00,יחידה,false,,5.00,5.0000,true,1,145502
7290108537796,false,זוג מלחיות מסתובבות,,,זוג מלחיות מסתובבות,Unknown,1.00,יחידה,false,,5.00,5.0000,true,1,145504
7290108538144,false,מברשת ברביקיו,,,מברשת ברביקיו,Unknown,0.00,יחידה,false,,5.00,0.0000,true,1,145518
7290108538281,false,סט זוגי 2 רטבים מזכו,,,סט זוגי 2 רטבים מזכו,Unknown,1.00,יחידה,false,,5.00,5.0000,true,1,145522
7290108538304,false,מארז קישוטים לסוכה 3,,,מארז קישוטים לסוכה 3,Unknown,0.00,יחידה,false,,6.00,0.0000,true,1,145524
7290108538311,false,מארז קישוטים לסוכה 2,,,מארז קישוטים לסוכה 2,Unknown,0.00,יחידה,false,,6.00,0.0000,true,1,145525
7290108538328,false,מארז קישוטים לסוכה 2,,,מארז קישוטים לסוכה 2,Unknown,0.00,יחידה,false,,6.00,0.0000,true,1,145526
7290108538335,false,שלט ברוך אתה בבואך,,,שלט ברוך אתה בבואך,Unknown,0.00,יחידה,false,,6.00,0.0000,true,1,145527
7290108538342,false,מארז קישוטים לסוכה 2,,,מארז קישוטים לסוכה 2,Unknown,1.00,יחידה,false,,6.00,6.0000,true,1,145528
7290108538427,false,כיסוי עיניים,,,כיסוי עיניים,Unknown,0.00,יחידה,false,,5.00,0.0000,true,1,145532
7290108538502,false,שקיות צלייה סופרקופי,,,שקיות צלייה סופרקופי,Unknown,10.00,יחידה,false,,5.00,0.5000,true,1,145534
7290108538540,false,פלסטרים,,,פלסטרים,Unknown,0.00,יחידה,false,,5.00,0.0000,true,1,145537
7290108538588,false,כוס למרק,,,כוס למרק,Unknown,0.00,יחידה,false,,2999.90,0.0000,true,1,145541
7290108538939,false,סט שישה סכינים,,,סט שישה סכינים,Unknown,6.00,יחידה,false,,5.00,0.8333,true,1,145547
7290108538946,false,מלחיה,,,מלחיה,Unknown,1.00,יחידה,false,,5.00,5.0000,true,1,145548
7290108538960,false,אינסרט שיווקי סופרקו,,,אינסרט שיווקי סופרקו,Unknown,0.00,יחידה,false,,2999.90,0.0000,true,1,143101
7290108538977,false,מטריה קופיקס,,,מטריה קופיקס,Unknown,1.00,יחידה,false,,8.00,8.0000,true,1,144506
7290108539141,false,כובע צמר,,,כובע צמר,Unknown,1.00,יחידה,false,,5.00,5.0000,true,1,145553
7290108539189,false,כובע צמר שרוך,,,כובע צמר שרוך,Unknown,1.00,יחידה,false,,5.00,5.0000,true,1,145556
7290108539202,false,צעיף צמר,,,צעיף צמר,Unknown,1.00,יחידה,false,,5.00,5.0000,true,1,145558
7290108539226,false,שמיכה לתינוק,,,שמיכה לתינוק,Unknown,1.00,יחידה,false,,5.00,5.0000,true,1,145560
7290108539233,false,כפפות צמר לילדים,,,כפפות צמר לילדים,Unknown,1.00,יחידה,false,,5.00,5.0000,true,1,145561
7290108539271,false,תפריט חורף קיץ,,,תפריט חורף קיץ,Unknown,0.00,יחידה,false,,2999.90,0.0000,true,1,143102
7290108539288,false,חצי גיליון סופרקופיק,,,חצי גיליון סופרקופיק,Unknown,0.00,יחידה,false,,2999.90,0.0000,true,1,143103
7290108539622,false,מעטפות תפריטים,,,מעטפות תפריטים,Unknown,0.00,יחידה,false,,2999.90,0.0000,true,1,143104
7290108539974,false,לחם שום,,,לחם שום,Unknown,0.00,יחידה,false,,6.00,0.0000,true,1,143487
7290109351971,false,פריכיות דגנים פיטנס מצופות שוקולד חלב,קבוצת אוסם סחר שותפות מוגבלת,,פיטנס בר פריכיות שוק,גרמים,84.00,100 גרם,false,,12.90,0.1536,true,1,143400
7290109352916,false,פריכיות דגנים פיטנס מצופות שוקולד לבן,קבוצת אוסם סחר שותפות מוגבלת,,פריכיות שוקולד לבן,גרמים,84.00,100 גרם,false,,12.90,0.1536,true,1,151123
7290109354194,false,ג'ויה ריבת עוגת גבינ,,,ג'ויה ריבת עוגת גבינ,Unknown,1.00,יחידה,false,,10.00,10.0000,true,1,144833
7290109354255,false,ג'ויה פאדג',,,ג'ויה פאדג',Unknown,1.00,יחידה,false,,6.00,6.0000,true,1,144834
7290109355016,false,לה פרוטה ליצ'י פסיפל,,,לה פרוטה ליצ'י פסיפל,Unknown,1.00,יחידה,false,,6.00,6.0000,true,1,147685
7290109355160,false,לה פרוטה משפחתיבננה 680,נסטלה,,גלידת לה פרוטה סורבה,מיליליטרים,680.00,"100 מ""ל",false,,22.00,0.0324,true,1,144837
7290109355184,false,לה פרוטה תות פירותאדומים,נגה גלידות,,גלידת לה פרוטה סורבה,מיליליטרים,680.00,"100 מ""ל",false,,22.00,0.0324,true,1,144838
7290109355207,false,לה פרוטה משפחתי אננס 680,נגה גלידות,,גלידת לה פרוטה סורבה,מיליליטרים,680.00,"100 מ""ל",false,,22.00,0.0324,true,1,144839
7290109355320,false,לה קרמריה פיסטוק וניל1.4,נסטלה,,לה קרמריה פיסטוק וני,מיליליטרים,1400.00,"100 מ""ל",false,,19.00,0.0136,true,1,144840
7290109356273,false,כרוב אדום צבר 200 גר,,,כרוב אדום צבר 200 גר,גרמים,200.00,100 גרם,false,,5.00,0.0250,true,1,143402
7290109356334,false,חציל על האש בטחינה צ,,,חציל על האש בטחינה צ,גרמים,200.00,100 גרם,false,,5.00,0.0250,true,1,143404
7290109580159,false,פסטרמה בנוסח טוסקנה פרימיום זוגלובק 180 גרם,נקניק זוגלובק נהריה,,פסטרמה בנוסח טוסקנה,גרמים,180.00,100 גרם,false,,24.90,0.1383,true,1,159642
7290109580166,false,סרוולד קלאסי פרימיום 150 גרם זוגלובק,נקניק זוגלובק נהריה,,סרוולד פרימיום זוגלו,גרמים,150.00,100 גרם,false,,24.90,0.1660,true,1,159643
7290109580265,false,זוג חזה הודו בדבש+בקביקיו 600ג רמילוי,,,ח.הודו ועוף בדבש+ח.ב,גרמים,600.00,100 גרם,false,,22.90,0.0382,true,1,169142
7290109580432,false,פסטרמה חזה הודו מעושן דק דק זוגלובק 120 גרם,נקניק זוגלובק נהריה,,פסטרמה אקסטרה מעושנת,גרמים,120.00,100 גרם,false,,14.90,0.1242,true,1,166023
7290109580449,false,סלמי בטעם כמהין פרימיום זוגלובק 180 גרם,נקניק זוגלובק נהריה,,סלמי בטעם כמהין פרמ,גרמים,180.00,100 גרם,false,,24.90,0.1383,true,1,166888
7290109920627,false,"אסטוניש קרם ואקונומיקה לניקוי אמבטיות 500 מ""ל","יעקב יעקבי ובניו בע""מ",,קרם לניקוי האמבט אסט,מיליליטרים,500.00,"100 מ""ל",false,,12.90,0.0258,true,1,163888
7290110110581,false,קולה זירו נטול קפאין1.5ל,החברה המרכזית לייצור משק,,דיאט קולה זירו נטול,מיליליטרים,1500.00,"100 מ""ל",false,,8.50,0.0057,true,1,164211
7290110110611,false,ספרייט מופחת 1.5 ליט,החברה המרכזית להפצת משקאות בעמ,,ספרייט ליים 1.5 ליטר,מיליליטרים,1500.00,"100 מ""ל",false,,8.70,0.0058,true,1,162266
7290110110659,false,"ספרייט לימון ליים פחית 330מ""ל",החברה המרכזית להפצת משקאות בעמ,,סליק ספרייט LIME 330,מיליליטרים,330.00,"100 מ""ל",false,,6.20,0.0188,true,1,146085
7290110110703,false,מארז ספרייט שישייה פחיות FRIDGE PACK,החברה המרכזית להפצת משקאות בעמ,,מארז ספרייט חדש 6 פח,מיליליטרים,1980.00,"100 מ""ל",false,,24.10,0.0122,true,1,152099
7290110111809,false,"מארז פחיות פאנטה אורנג' שישייה 330 מ""ל",החברה המרכזית לייצור משק,,פאנטה אורנג' 6 פח FR,מיליליטרים,1980.00,"100 מ""ל",false,,24.10,0.0122,true,1,152100
7290110113490,false,"פיוז טי אפרסק 19 קלוריות 500 מ""ל",החברה המרכזית להפצת משקאות בעמ,,"פיוז תה אפרסק 500 מ""",מיליליטרים,500.00,"100 מ""ל",false,,8.40,0.0168,true,1,154676
7290110114800,false,נביעות+ מים מינרליים בטעם ענבים 1.5 ליטר,החברה המרכזית להפצת משקאות בעמ,,מים מינרליים בטעם ענ,מיליליטרים,1500.00,"100 מ""ל",false,,9.20,0.0061,true,1,163479
7290110114855,false,"נביעות מים מינרליים, שישיה 6 * 1.5 ליטר פקדון",החברה המרכזית להפצת משקאות בעמ,,מים מינרילים נביעות,מיליליטרים,9000.00,"100 מ""ל",false,,13.70,0.0015,true,1,163482
7290110114961,false,משקה קל בטעם תפוזים פריגת (1.5 ליטר),החברה המרכזית להפצת משקאות בעמ,,פריגת תפוזים 1.5 ליט,מיליליטרים,1500.00,"100 מ""ל",false,,9.10,0.0061,true,1,163483
7290110114985,false,משקה קל בטעם אשכוליות פריגת (1.5 ליטר),החברה המרכזית להפצת משקאות בעמ,,פריגת אשכוליות 1.5 ל,מיליליטרים,1500.00,"100 מ""ל",false,,9.10,0.0061,true,1,163485
7290110115005,false,משקה קל בטעם ענבים פריגת (1.5 ליטר),החברה המרכזית להפצת משקאות בעמ,,משקה קל ענבים פריגת,מיליליטרים,1500.00,"100 מ""ל",false,,9.10,0.0061,true,1,163486
7290110115036,false,משקה קל בטעם מנגו פריגת (1.5 ליטר),החברה המרכזית להפצת משקאות בעמ,,פריגת מנגו 1.5 ליטר,מיליליטרים,1500.00,"100 מ""ל",false,,9.10,0.0061,true,1,163489
7290110115043,false,משקה קל בטעם לימונענע פריגת (1.5 ליטר),החברה המרכזית להפצת משקאות בעמ,,פריגת לימונענע 1.5 ל,מיליליטרים,1500.00,"100 מ""ל",false,,9.10,0.0061,true,1,163490
7290110115050,false,משקה קל בטעם תות בננה פריגת (1.5 ליטר),החברה המרכזית להפצת משקאות בעמ,,פריגת מיקס תות-בננה,מיליליטרים,1500.00,"100 מ""ל",false,,9.10,0.0061,true,1,163491
7290110115203,false,קוקה קולה 1.5 ליטר פיקדון,החברה המרכזית להפצת משקאות בעמ,,קוקה קולה 1.5 ליטר,מיליליטרים,1500.00,"100 מ""ל",false,,8.90,0.0059,true,1,163503
7290110115227,false,קוקה קולה Zero בקבוק 1.5 ליטר פיקדון,החברה המרכזית להפצת משקאות בעמ,,קוקה קולה זירו בקבוק,מיליליטרים,1500.00,"100 מ""ל",false,,8.80,0.0059,true,1,163505
7290110115319,false,פאנטה אקזוטי פירות טרופיים 1.5ל פיקדון,החברה המרכזית להפצת משקאות בעמ,,פאנטה אקזוטיק 1.5 לי,מיליליטרים,1500.00,"100 מ""ל",false,,9.10,0.0061,true,1,163510
7290110115357,false,קינלי סודה 1.5 ליטר פיקדון,החברה המרכזית להפצת משקאות בעמ,,קינלי סודה 1.5 ליטר,מיליליטרים,1500.00,"100 מ""ל",false,,4.30,0.0029,true,1,163514
7290110115364,false,קוקה קולה שישיות 1.5 ליטר פיקדון,החברה המרכזית להפצת משקאות בעמ,,קוקה קולה 6*1.5 ליטר,קילוגרמים,9.00,ליטר,false,,51.10,5.6778,true,1,163515
7290110115449,false,פיוז-טי תה מנגו אננס 1.5 ליטר פיקדון,החברה המרכזית להפצת משקאות בעמ,,תה קר מנגו אננס פיוז,מיליליטרים,1500.00,"100 מ""ל",false,,9.50,0.0063,true,1,163522
7290110115456,false,פיוז-טי תה אפרסק 1.5 ליטר 19 קל פיקדון,החברה המרכזית להפצת משקאות בעמ,,תה קר בטעם אפרסק 19,מיליליטרים,1500.00,"100 מ""ל",false,,9.10,0.0061,true,1,163523
7290110115463,false,פיוז-טי תה אפרסק 1.5 ליטר פיקדון,החברה המרכזית להפצת משקאות בעמ,,תה קר אפרסק פיוז-טי,מיליליטרים,1500.00,"100 מ""ל",false,,9.50,0.0063,true,1,163524
7290110115494,false,תה קר בטעם ענבים פיוז טי 1.5 ליטר,החברה המרכזית להפצת משקאות בעמ,,תה קר בטעם ענבים פיו,מיליליטרים,1500.00,"100 מ""ל",false,,9.50,0.0063,true,1,163527
7290110115623,false,פיוז-טי תה אפרסק זירו 1.5 ליטר פיקדון,החברה המרכזית להפצת משקאות בעמ,,פיוז תה אפרסק זירו 1,מיליליטרים,1500.00,"100 מ""ל",false,,8.90,0.0059,true,1,165875
7290110115821,false,"ספרייט לימון, 1.5 ליטר פקדון",כלורוקס אוקלנד,,ספרייט ליים 1.5 ליטר,מיליליטרים,1500.00,"100 מ""ל",false,,8.70,0.0058,true,1,164492
7290110115876,false,קינלי סודה 1.5 ליטר,"אינסטנטה בע""מ",,קינלי סודה 1.5 ליטר,מיליליטרים,1500.00,"100 מ""ל",false,,4.30,0.0029,true,1,167746
7290110116552,false,ספרייט לימון היט 1.5 ליטר LIME פיקדון,החברה המרכזית להפצת משקאות בעמ,,ספרייט למון היט 1.5,מיליליטרים,1500.00,"100 מ""ל",false,,8.90,0.0059,true,1,168019
7290110320850,false,פתיתים גבינה חצי קשה מגורדת 28% שומן,תנובה מרכז שיתופי לש,,גבינת עמק 28% שומן פ,גרמים,200.00,100 גרם,false,,15.90,0.0795,true,1,145064
7290110320867,false,פתיתים גבינה חצי קשה מגורדת 28% שומן,תנובה מרכז שיתופי לש,,פתיתי עמק 28% שומן,גרמים,500.00,100 גרם,false,,29.90,0.0598,true,1,154641
7290110321277,false,קוטג בקטנה 5%. 100 גרם מהדרין תנובה,פארייפאבה אגרואינדוס,,קוטג' בקטנה 5%,גרמים,100.00,100 גרם,false,,2.70,0.0270,true,1,152611
7290110321284,false,קוטג' בקטנה 9% תנובה 100 גרם מהדרין,פארייפאבה אגרואינדוס,,קוטג בקטנה 9%,גרמים,100.00,100 גרם,false,,2.70,0.0270,true,1,157314
7290110321680,false,יוגורט GO בטעם תות 20 גרם חלבון בגביע,מיוצר עי קונדיטוריית,,יוגורט 2.9% תות גו 2,גרמים,200.00,100 גרם,false,,5.50,0.0275,true,1,147804
7290110322014,false,טופו בטעם טבעי תנובה ALTERNATIVE,שוורצקוף& הנקל דיסלד,,טופו טבעי 300 גרם,גרמים,300.00,100 גרם,false,,12.50,0.0417,true,1,147808
7290110323592,false,יוגורט GO לייט בטעם אפרסק 20 גרם חלבון בגביע,תנובה בעמ ***,,יוגורט לייט 0.5% מוע,גרמים,200.00,100 גרם,false,,5.70,0.0285,true,1,152070
7290110324926,false,משקה סויה ללא תוספת סוכר E אלטרנטיב,תנובה מרכז שיתופי לש,,משקה סויה ללא תוספת,מיליליטרים,1000.00,"100 מ""ל",false,,10.90,0.0109,true,1,152090
7290110325169,false,פרוסות גאודה 170 גר` קולקשיין תנובה,תנובה בעמ ***,,פרוסות גבינת גאודה ח,גרמים,170.00,100 גרם,false,,19.90,0.1171,true,1,154391
7290110325305,false,יופלה GO סויה 20 גרם חלבון במתיקות מעודנת תנובה 200 גרם,מיוצר עי קונדיטוריית,,מעדן סויה גו מועשר ב,גרמים,200.00,100 גרם,false,,5.70,0.0285,true,1,159161
7290110325312,false,יופלה GO סויה 20 גרם חלבון בטעם תות תנובה 200 גרם,תנובה בעמ ***,,מעדן סויה גו מועשר ת,גרמים,200.00,100 גרם,false,,5.70,0.0285,true,1,159162
7290110325619,false,משקה שיבולת שועל תנובה E אלטרנטיב,מיוצר עי קונדיטוריית,,משקה שיבולת שועל 1 ל,מיליליטרים,1000.00,"100 מ""ל",false,,12.90,0.0129,true,1,156766
7290110325893,false,משקה חלב GO מועשר בחלבון בטעם אייס קפה,מיוצר עי קונדיטוריית,,תנובה GO אייס קפה 34,מיליליטרים,340.00,"100 מ""ל",false,,7.70,0.0226,true,1,159165
7290110326210,false,יופלה און טופ פצפוצים תנובה 157 גרם,מיוצר עי קונדיטוריית,,יופלה און טופ פצפוצי,גרמים,157.00,100 גרם,false,,5.00,0.0318,true,1,154380
7290110326234,false,יופלה און טופ כוכבים תנובה 157 גרם,מיוצר עי קונדיטוריית,,יופלה און טופ כוכבים,גרמים,157.00,100 גרם,false,,5.00,0.0318,true,1,154382
7290110326333,false,פרוסות גבינה סקנדינבית 170 גר`קולקשיין,"תנובה בע""מ ***",,פרוסות גבינה סקנדינב,גרמים,170.00,100 גרם,false,,19.90,0.1171,true,1,159166
7290110327033,false,משקה סויה תנובה גו מועשר בחלבון במתיקות מופחתת,מיוצר עי קונדיטוריית,,משקה סויה מועשר בחלב,מיליליטרים,1000.00,"100 מ""ל",false,,12.90,0.0129,true,1,157780
7290110328504,false,טריו - מיקס גבינות מוצרלה סקנדינבית וגאודה 300 גרם,מיוצר עי קונדיטוריית,,טריו פתיתים מוצרלה ס,גרמים,300.00,100 גרם,false,,25.90,0.0863,true,1,159204
7290110328627,false,יוגורט יופלה GO במרקם סמיך בטעם בננה קרמל 0%,מיוצר עי קונדיטוריית,,יוגורט גו סמיך בננה,גרמים,200.00,100 גרם,false,,5.90,0.0295,true,1,163020
7290110328764,false,יוגורט יופלה GO במרקם סמיך עם תות 0%,מיוצר עי קונדיטוריית,,יוגורט גו סמיך תות י,גרמים,200.00,100 גרם,false,,5.90,0.0295,true,1,163021
7290110328771,false,יוגורט יופלה GO במרקם סמיך עם פירות יער 0%,מיוצר עי קונדיטוריית,,יוגורט גו סמיך 0% פי,גרמים,200.00,100 גרם,false,,5.90,0.0295,true,1,163022
7290110328788,false,יוגורט יופלה GO במרקם סמיך בטעם אפרסק 0%,תנובה מרכז שיתופי לש,,יוגורט גו סמיך אפרסק,גרמים,200.00,100 גרם,false,,5.90,0.0295,true,1,163008
7290110328955,false,קוביות גבינת עזים בשמן מתובל פיראוס 350 גרם,דודוני תעשיית החלב החקלא,,קוביות גבינת עזים בש,גרמים,350.00,100 גרם,false,,24.90,0.0711,true,1,165585
7290110329136,false,מעדן חלב מעושר בחלבון בטעם שוקולד 120 ג' GO,תנובה מרכז שיתופי לש,,מעדן חלב גו בטעם שוק,גרמים,120.00,100 גרם,false,,4.90,0.0408,true,1,163183
7290110329143,false,מעדן חלב מעושר בחלבון בטעם וניל גביע 120 ג' GO,תנובה מרכז שיתופי לש,,מעדן חלב גו בטעם וני,גרמים,120.00,100 גרם,false,,4.90,0.0408,true,1,163184
7290110329686,false,משקה GO חלב בטעם עוגיות 27 גר`חלבון,מיוצר עי קונדיטוריית,,משקה חלב גו בטעם עוג,מיליליטרים,340.00,"100 מ""ל",false,,7.90,0.0232,true,1,163187
7290110329716,false,משקה חלב קר בטעם קפוצ'ינו 230 גרם תנובה,תנובה מרכז שיתופי לש,,משקה קפה קר בטעם קפו,גרמים,230.00,100 גרם,false,,7.90,0.0343,true,1,165739
7290110329730,false,"משקה חלב עם שוקולד וקפה בסגנון לאטה 2.7%  230 מ""ל תנובה",תנובה מרכז שיתופי לש,,משקה חלב עם שוקולד ו,גרמים,230.00,100 גרם,false,,7.90,0.0343,true,1,165741
7290110329792,false,יוגורט סויה BIO Alternative אפרסק 150 ג' תנובה,מיוצר עי קונדיטוריית,,מעדן סויה ביו אפרסק,גרמים,150.00,100 גרם,false,,4.80,0.0320,true,1,163924
7290110329808,false,יוגורט סויה BIO Alternative תות 150 ג' תנובה,מיוצר עי קונדיטוריית,,מעדן סויה ביו תות אל,גרמים,150.00,100 גרם,false,,4.80,0.0320,true,1,163920
7290110329822,false,יוגורט סויה BIO Alternative פירות יער 150 ג' תנובה,מיוצר עי קונדיטוריית,,מעדן סויה ביו פירות,גרמים,150.00,100 גרם,false,,4.80,0.0320,true,1,163918
7290110329846,false,יוגורט סויה BIO Alternative בטעם טבעי 150 ג' תנובה,מיוצר עי קונדיטוריית,,מעדן סויה ביו טבעי א,גרמים,150.00,100 גרם,false,,4.80,0.0320,true,1,163925
7290110536812,false,צעיף 2,,,צעיף 2,Unknown,0.00,יחידה,false,,5.00,0.0000,true,1,145562
7290110539165,false,צעיף 3,,,צעיף 3,Unknown,0.00,יחידה,false,,5.00,0.0000,true,1,145563
7290110552220,false,יוגורט PRO בטעם תות 0% סוכר לבן 20 גרם חלבון בגביע,שטראוס גרופ בעמ/מצונן,,דנונה פרו 20 גרם ללא,גרמים,200.00,100 גרם,false,,5.90,0.0295,true,1,164110
7290110552237,false,יוגורט פרו בטעם אפרסק מנגו ללא סוכר 200 ג' דנונה,שטראוס גרופ בעמ/מצונן,,דנונה פרו 20 גרם ללא,גרמים,200.00,100 גרם,false,,5.90,0.0295,true,1,164111
7290110554422,false,פומודורו רוטב עגבניות ופלפלים לשקשוקה לפסטה יד מרדכי 350 גרם,אמיליאנה קונסרב סוסייטה,,רוטב עגבניות ופלפלים,גרמים,350.00,100 גרם,false,,11.90,0.0340,true,1,164429
7290110554460,false,ציטוס קראנץ צ'דר חלפיניו 65 ג' עלית,שטראוס פריטו ליי בעמ,,ציטוס קראנץ צ'דר חלפ,גרמים,65.00,100 גרם,false,,3.50,0.0538,true,1,165921
7290110554583,false,מארז חטיפי צ'יטוס פאפס בטעם גבינה - 10 יחידות,"שטראוס פריטו ליי בע""\מ )",,מארז ציטוס פאפ גבינה,גרמים,200.00,100 גרם,false,,12.90,0.0645,true,1,163824
7290110554729,false,קפסולות עלית אספרסו 04 תואמות למכונות NESPRESSO,שטראוס קפה בי.וי.,,קפסולות אספרסו 04 תו,גרמים,50.00,100 גרם,false,,17.90,0.3580,true,1,165317
7290110556242,false,"שוקולד מריר פרווה 100 גר' בד""ץ תוצרת חוץ","שטראוס גרופ בע""מ.",,שוקולד מריר פרווה על,גרמים,100.00,100 גרם,false,,5.50,0.0550,true,1,167604
7290110557133,false,מעדן הגולן וניל 125 ג' שטראוס,שטראוס גרופ בעמ/מצונן,,מעדן הגולן וניל 125,גרמים,125.00,100 גרם,false,,2.90,0.0232,true,1,162987
7290110558253,false,דנונה שייק נונה ריפרש בננה אננס וצ'יה,שטראוס גרופ בעמ/מצונן,,דנונה ריפרש בננה אננ,גרמים,250.00,100 גרם,false,,5.70,0.0228,true,1,166125
7290110558284,false,דנונה ביו מולטי שטראוס 200 גרם,שטראוס גרופ בעמ/מצונן,,דנונה ביו מולטי 200,גרמים,200.00,100 גרם,false,,4.90,0.0245,true,1,166384
7290110558314,false,דנונה פרו 20 גרם חלבון ללא סוכר פיסטוק 200 גרם,שטראוס גרופ בעמ/מצונן,,דנונה פרו ללא סוכר פ,גרמים,200.00,100 גרם,false,,5.90,0.0295,true,1,166872
7290110558666,false,מעדן גבינה בטעם תפוח 88 ג' דניאלה,שטראוס גרופ בעמ/מצונן,,דניאלה בטעם תפוח 88,גרמים,88.00,100 גרם,false,,4.10,0.0466,true,1,167958
7290110559007,false,"שועועית חומה טעם הטבע קופסה, 380 גרם",שטראוס גרופ בע`מ,,שעועית חומה שטראוס ט,גרמים,380.00,100 גרם,false,,6.80,0.0179,true,1,166777
7290110561116,false,מילקי בטעם קפה קרמל,,,מילקי בטעם קפה קרמל,מיליליטרים,170.00,"100 מ""ל",false,,5.00,0.0294,true,1,143001
7290110563431,false,"משקה קפה קר בסגנון קלאסי 230 מ""ל 1.6% יוטבתה",שטראוס גרופ בעמ/מצונן,,משקה קפה קר קלאסי 1.,מיליליטרים,230.00,"100 מ""ל",false,,7.90,0.0343,true,1,150661
7290110563448,false,"משקה קפה קר בסגנון מעודן 230 מ""ל 1.6% יוטבתה",שטראוס גרופ בעמ/מצונן,,משקה קפה קר מעודן 1.,מיליליטרים,230.00,"100 מ""ל",false,,7.90,0.0343,true,1,150662
7290110563462,false,חלב 2% דל לקטוז בבקבוק יטבתה 1 ליטר.,שטראוס גרופ בעמ/מצונן,,חלב בבקבוק נטול לקטו,מיליליטרים,1000.00,"100 מ""ל",false,,7.90,0.0079,true,1,150663
7290110564360,false,חומוס אחלה הסידרה המובחר 40% טחינה 400 גר',שטראוס גרופ בעמ/מצונן,,חומוס עשיר 40% טחינה,גרמים,400.00,100 גרם,false,,13.90,0.0348,true,1,149071
7290110564742,false,"משקה קפה קר בסגנון חזק 230 מ""ל 1.2% יוטבתה",שטראוס גרופ בעמ/מצונן,,משקה קפה קר בסגנון ח,מיליליטרים,230.00,"100 מ""ל",false,,7.90,0.0343,true,1,150665
7290110565527,false,יוגורט PRO פרו 1.5% 20 גרם חלבון בגביע,שטראוס גרופ בעמ/מצונן,,יוגורט פרו 20 גרם חל,גרמים,200.00,100 גרם,false,,5.90,0.0295,true,1,147682
7290110566623,false,קפסולות קולומביה עלית 08 למכונת נספרסו מארז 5X10ג',שטראוס קפה בי.וי.,,קפסולות 08 קולומביה,Unknown,10.00,יחידה,false,,17.90,1.7900,true,1,148846
7290110566647,false,אקטיביה בר גרנולה לל,,,אקטיביה בר גרנולה לל,גרמים,156.00,100 גרם,false,,4.90,0.0314,true,1,149083
7290110566975,false,דנונה פרו יוגורט 0% תות עשיר בחלבון 200ג',שטראוס גרופ בעמ/מצונן,,יוגורט דנונה פרו 20,גרמים,200.00,100 גרם,false,,5.90,0.0295,true,1,149084
7290110567057,false,צנצנת מסטיק מאסט קוביות מנטה חזקה 66 ג' עלית,אסקום קונפקשיין,,מסטיק בוקסי מנטה חזק,גרמים,66.00,100 גרם,false,,9.90,0.1500,true,1,155110
7290110568238,false,"קצפת צמחית 21% שומן 250 מ""ל יוטבתה",שטראוס גרופ בעמ/מצונן,,קצפת צמחית 21% 250 מ,מיליליטרים,250.00,"100 מ""ל",false,,7.90,0.0316,true,1,149091
7290110568276,false,משקה וניל פרו Pro מועשר בחלבון 1.5%,שטראוס גרופ בעמ/מצונן,,יטבתה פרו וניל 350 מ,מיליליטרים,350.00,"100 מ""ל",false,,6.50,0.0186,true,1,149092
7290110570224,false,משקה קפה קר בטעם עוגיות (230 גר`) יטבתה,שטראוס גרופ בעמ/מצונן,,משקה קפה קר בטעם עוג,מיליליטרים,230.00,"100 מ""ל",false,,7.90,0.0343,true,1,166873
7290110572129,false,כיף כף מקלות שוקולד לבן 40 ג' עלית,סולן בעבור שטראוס,,כיף כף מקלות שוקולד,גרמים,40.00,100 גרם,false,,4.90,0.1225,true,1,168046
7290110576318,false,מאגדת שלישיית שוקולד אגוז לבן 300 ג' עלית,"שטראוס גרופ בע""מ",,שוקולד אגוז לבן עלית,גרמים,300.00,100 גרם,false,,24.90,0.0830,true,1,167595
7290110576356,false,"שוקולד ספלנדיד מריר 64% - חלבי , מפולי קקאו מפרו",שטראוס גרופ בע`מ,,ספלנדיד שוקולד מריר,גרמים,100.00,100 גרם,false,,7.90,0.0790,true,1,166413
7290110576363,false,"שוקולד ספלנדיד מריר 80% חלבי ,פולי קקאו מאוגנדה",שטראוס גרופ בע`מ,,ספלנדיד שוקולד מריר,גרמים,100.00,100 גרם,false,,7.90,0.0790,true,1,166414
7290110576776,false,טבלאות שוקולד ספלנדיד מריר 85% 100 ג' עלית,שטראוס גרופ בע`מ,,שוקולד ספלנדיד מריר,גרמים,100.00,100 גרם,false,,10.90,0.1090,true,1,168051
7290110576868,false,רבעיית גמדים סלט פירוט * 100 ג' שטראוס,שטראוס גרופ בעמ/מצונן,,גמדים רביעיית סלט פי,מיליליטרים,400.00,"100 מ""ל",false,,11.40,0.0285,true,1,167962
7290110577230,false,משקה חלב בטעם פיסטוק בבקבוק יטבתה 1 ליטר,שטראוס גרופ בעמ/מצונן,,משקה חלב בטעם פיסטוק,מיליליטרים,1000.00,"100 מ""ל",false,,11.90,0.0119,true,1,167963
7290110577247,false,"יטבתה משקה חלב-פיסטוק בבקבוק 350 מ""ל",שטראוס גרופ בעמ/מצונן,,משקה חלב בטעם פיסטוק,מיליליטרים,350.00,"100 מ""ל",false,,6.20,0.0177,true,1,167964
7290110630003,false,זוג כוסות במארז,,,זוג כוסות במארז,Unknown,2.00,יחידה,false,,0.00,0.0000,true,1,145564
7290110630010,false,קש שחור -400 יח * 20,,,קש שחור -400 יח * 20,Unknown,0.00,יחידה,false,,2999.90,0.0000,true,1,145565
7290110630027,false,מכסה לכוס למרק,,,מכסה לכוס למרק,Unknown,0.00,יחידה,false,,2999.90,0.0000,true,1,145566
7290110630034,false,תחבושת תומך ברך,,,תחבושת תומך ברך,Unknown,0.00,יחידה,false,,5.00,0.0000,true,1,145567
7290110630041,false,תחבושת תומך כף יד,,,תחבושת תומך כף יד,Unknown,0.00,יחידה,false,,5.00,0.0000,true,1,145568
7290110630065,false,תחבושת תומך מפרק יד,,,תחבושת תומך מפרק יד,Unknown,0.00,יחידה,false,,5.00,0.0000,true,1,145570
7290110630072,false,תחבושת תומך עקב,,,תחבושת תומך עקב,Unknown,0.00,יחידה,false,,5.00,0.0000,true,1,145571
7290110630089,false,תחבושת תומך ירך,,,תחבושת תומך ירך,Unknown,0.00,יחידה,false,,5.00,0.0000,true,1,145572
7290110630096,false,פרחים מיובשים,,,פרחים מיובשים,Unknown,0.00,יחידה,false,,5.00,0.0000,true,1,145573
7290110630102,false,חבל קפיצה,,,חבל קפיצה,Unknown,0.00,יחידה,false,,5.00,0.0000,true,1,145574
7290110630119,false,קפיץ יד,,,קפיץ יד,Unknown,0.00,יחידה,false,,5.00,0.0000,true,1,145575
7290110630133,false,קערת מזון כפולה לחיו,,,קערת מזון כפולה לחיו,Unknown,0.00,יחידה,false,,5.00,0.0000,true,1,145577
7290110630157,false,צעצוע לחיית מחמד 015,,,צעצוע לחיית מחמד 015,Unknown,0.00,יחידה,false,,5.00,0.0000,true,1,145579
7290110630164,false,צעצוע לחיית מחמד - כ,,,צעצוע לחיית מחמד - כ,Unknown,0.00,יחידה,false,,5.00,0.0000,true,1,145580
7290110630171,false,צעצוע לחיית מחמד - ת,,,צעצוע לחיית מחמד - ת,Unknown,0.00,יחידה,false,,5.00,0.0000,true,1,145581
7290110630188,false,קולר 0188,,,קולר 0188,Unknown,0.00,יחידה,false,,5.00,0.0000,true,1,145582
7290110630195,false,קולר 0195,,,קולר 0195,Unknown,0.00,יחידה,false,,5.00,0.0000,true,1,145583
7290110630218,false,רצועה לחיית מחמד,,,רצועה לחיית מחמד,Unknown,0.00,יחידה,false,,5.00,0.0000,true,1,145585
7290110630225,false,צעצוע לחיית מחמד - ע,,,צעצוע לחיית מחמד - ע,Unknown,0.00,יחידה,false,,5.00,0.0000,true,1,145586
7290110630232,false,צעצוע לחיית מחמד - ע,,,צעצוע לחיית מחמד - ע,Unknown,0.00,יחידה,false,,5.00,0.0000,true,1,145587
7290110630256,false,מברשת לחיית מחמד,,,מברשת לחיית מחמד,Unknown,0.00,יחידה,false,,5.00,0.0000,true,1,145589
7290110630263,false,רצועת חתולים,,,רצועת חתולים,Unknown,0.00,יחידה,false,,5.00,0.0000,true,1,145590
7290110630270,false,צעצוע לחיית מחמד - ח,,,צעצוע לחיית מחמד - ח,Unknown,0.00,יחידה,false,,5.00,0.0000,true,1,145591
7290110630317,false,פלייסמט,,,פלייסמט,Unknown,0.00,יחידה,false,,5.00,0.0000,true,1,145592
7290110630324,false,שטיח למקלחת,,,שטיח למקלחת,Unknown,0.00,יחידה,false,,5.00,0.0000,true,1,145593
7290110630331,false,סט 3 חלקים למטבח,,,סט 3 חלקים למטבח,Unknown,0.00,יחידה,false,,5.00,0.0000,true,1,145594
7290110630348,false,סט 3 חלקים למטליות,,,סט 3 חלקים למטליות,Unknown,0.00,יחידה,false,,5.00,0.0000,true,1,145595
7290110630355,false,תמונה למטבח,,,תמונה למטבח,Unknown,0.00,יחידה,false,,5.00,0.0000,true,1,145596
7290110630379,false,מעצורים לדלת,,,מעצורים לדלת,Unknown,0.00,יחידה,false,,5.00,0.0000,true,1,145597
7290110630386,false,מסננת אמריקאית,,,מסננת אמריקאית,Unknown,0.00,יחידה,false,,5.00,0.0000,true,1,145598
7290110630393,false,שטיח כניסה,,,שטיח כניסה,Unknown,0.00,יחידה,false,,5.00,0.0000,true,1,145599
7290110630409,false,סט יופי - צעצוע,,,סט יופי - צעצוע,Unknown,0.00,יחידה,false,,5.00,0.0000,true,1,145600
7290110630416,false,סט כלי עבודה - צעצוע,,,סט כלי עבודה - צעצוע,Unknown,0.00,יחידה,false,,5.00,0.0000,true,1,145601
7290110630423,false,סט רופא - צעצוע,,,סט רופא - צעצוע,Unknown,0.00,יחידה,false,,5.00,0.0000,true,1,145602
7290110630430,false,משחק דגים - צעצוע,,,משחק דגים - צעצוע,Unknown,0.00,יחידה,false,,5.00,0.0000,true,1,145603
7290110630454,false,סט שוטר,,,סט שוטר,Unknown,0.00,יחידה,false,,5.00,0.0000,true,1,145605
7290110630461,false,בליסטר כלי מטבח,,,בליסטר כלי מטבח,Unknown,0.00,יחידה,false,,5.00,0.0000,true,1,145606
7290110630485,false,זוג מסננים לכיור,,,זוג מסננים לכיור,Unknown,0.00,יחידה,false,,5.00,0.0000,true,1,145608
7290110630492,false,מארז ווים הדבקת ווקו,,,מארז ווים הדבקת ווקו,Unknown,0.00,יחידה,false,,5.00,0.0000,true,1,145609
7290110630515,false,מד חום,,,מד חום,Unknown,0.00,יחידה,false,,5.00,0.0000,true,1,145611
7290110630539,false,מלקחיים לסופגניות,,,מלקחיים לסופגניות,Unknown,0.00,יחידה,false,,5.00,0.0000,true,1,145612
7290110630546,false,מסננת לסוכר לסופגניו,,,מסננת לסוכר לסופגניו,Unknown,0.00,יחידה,false,,5.00,0.0000,true,1,145613
7290110630560,false,מנעול,,,מנעול,Unknown,0.00,יחידה,false,,5.00,0.0000,true,1,145615
7290110630638,false,מסגרת לתמונה,,,מסגרת לתמונה,Unknown,0.00,יחידה,false,,5.00,0.0000,true,1,145619
7290110630645,false,חיילים בשקית,,,חיילים בשקית,Unknown,0.00,יחידה,false,,5.00,0.0000,true,1,145620
7290110630652,false,מסננת להוצאת סופגניו,,,מסננת להוצאת סופגניו,Unknown,0.00,יחידה,false,,5.00,0.0000,true,1,145621
7290110630669,false,סביבון 0669,,,סביבון 0669,Unknown,0.00,יחידה,false,,5.00,0.0000,true,1,145622
7290110630676,false,סביבון,,,סביבון,Unknown,0.00,יחידה,false,,5.00,0.0000,true,1,145623
7290110630683,false,גרביים לחורף,,,גרביים לחורף,Unknown,1.00,יחידה,false,,5.00,5.0000,true,1,145624
7290110630690,false,גרביים לתינוק,,,גרביים לתינוק,Unknown,0.00,יחידה,false,,5.00,0.0000,true,1,145625
7290110630706,false,נעליים לתינוק,,,נעליים לתינוק,Unknown,0.00,יחידה,false,,5.00,0.0000,true,1,145626
7290110630713,false,שואף נזלת,,,שואף נזלת,Unknown,0.00,יחידה,false,,5.00,0.0000,true,1,145627
7290110630720,false,קוצץ ציפורניים לתינו,,,קוצץ ציפורניים לתינו,Unknown,0.00,יחידה,false,,5.00,0.0000,true,1,145628
7290110630751,false,מספריים לתינוק,,,מספריים לתינוק,Unknown,0.00,יחידה,false,,5.00,0.0000,true,1,145631
7290110630768,false,צעצוע פירמידה,,,צעצוע פירמידה,Unknown,0.00,יחידה,false,,5.00,0.0000,true,1,145632
7290110630775,false,כובע לתינוק,,,כובע לתינוק,Unknown,0.00,יחידה,false,,5.00,0.0000,true,1,145633
7290110630782,false,שלוש מטליות לתינוק,,,שלוש מטליות לתינוק,Unknown,0.00,יחידה,false,,5.00,0.0000,true,1,145634
7290110630805,false,צעצוע טלפון,,,צעצוע טלפון,Unknown,0.00,יחידה,false,,5.00,0.0000,true,1,145636
7290110630812,false,ספוג רחצה,,,ספוג רחצה,Unknown,0.00,יחידה,false,,5.00,0.0000,true,1,145637
7290110630829,false,נשכן יד,,,נשכן יד,Unknown,0.00,יחידה,false,,5.00,0.0000,true,1,145638
7290110630836,false,נשכן אבטיח,,,נשכן אבטיח,Unknown,0.00,יחידה,false,,5.00,0.0000,true,1,145639
7290110630843,false,מברשת לניקוי בקבוק,,,מברשת לניקוי בקבוק,Unknown,0.00,יחידה,false,,5.00,0.0000,true,1,145640
7290110630850,false,כפפות מגן לתינוק,,,כפפות מגן לתינוק,Unknown,0.00,יחידה,false,,5.00,0.0000,true,1,145641
7290110630874,false,צעצוע חיה,,,צעצוע חיה,Unknown,0.00,יחידה,false,,5.00,0.0000,true,1,145643
7290110630881,false,צעצוע פן,,,צעצוע פן,Unknown,0.00,יחידה,false,,5.00,0.0000,true,1,145644
7290110630898,false,צעצוע ברווז,,,צעצוע ברווז,Unknown,0.00,יחידה,false,,5.00,0.0000,true,1,145645
7290110630911,false,שלישית כוסות במארז ס,,,שלישית כוסות במארז ס,Unknown,0.00,יחידה,false,,5.00,0.0000,true,1,145647
7290110630928,false,צעצוע פרח,,,צעצוע פרח,Unknown,0.00,יחידה,false,,5.00,0.0000,true,1,145648
7290110630935,false,כתר מלאכית פורים,,,כתר מלאכית פורים,Unknown,0.00,יחידה,false,,5.00,0.0000,true,1,145649
7290110630942,false,קשת ארנב פורים,,,קשת ארנב פורים,Unknown,0.00,יחידה,false,,5.00,0.0000,true,1,145650
7290110630959,false,מסכה אנונימוס פורים,,,מסכה אנונימוס פורים,Unknown,0.00,יחידה,false,,5.00,0.0000,true,1,145651
7290110630973,false,קשת שטן פורים,,,קשת שטן פורים,Unknown,0.00,יחידה,false,,5.00,0.0000,true,1,145653
7290110631024,false,סט מעודדות פורים,,,סט מעודדות פורים,Unknown,0.00,יחידה,false,,5.00,0.0000,true,1,145657
7290110631048,false,סט חיות זנב פורים,,,סט חיות זנב פורים,Unknown,0.00,יחידה,false,,5.00,0.0000,true,1,145658
7290110631055,false,קשת עכבר פורים,,,קשת עכבר פורים,Unknown,0.00,יחידה,false,,5.00,0.0000,true,1,145659
7290110631062,false,ברכונים פורים,,,ברכונים פורים,Unknown,0.00,יחידה,false,,5.00,0.0000,true,1,145660
7290110631079,false,שליקס פורים,,,שליקס פורים,Unknown,0.00,יחידה,false,,5.00,0.0000,true,1,145661
7290110631086,false,הצעקה פורים,,,הצעקה פורים,Unknown,0.00,יחידה,false,,5.00,0.0000,true,1,145662
7290110631109,false,כובע מכשפה פורים,,,כובע מכשפה פורים,Unknown,0.00,יחידה,false,,5.00,0.0000,true,1,145664
7290110631130,false,טרבוש פורים,,,טרבוש פורים,Unknown,0.00,יחידה,false,,5.00,0.0000,true,1,145667
7290110631147,false,סט מסמרים 1,,,סט מסמרים 1,Unknown,0.00,יחידה,false,,5.00,0.0000,true,1,145668
7290110631154,false,סט ברגים 1,,,סט ברגים 1,Unknown,0.00,יחידה,false,,5.00,0.0000,true,1,145669
7290110631161,false,סט ברגים 2,,,סט ברגים 2,Unknown,0.00,יחידה,false,,5.00,0.0000,true,1,145670
7290110631178,false,קליפס דפיקה לכבל 1,,,קליפס דפיקה לכבל 1,Unknown,0.00,יחידה,false,,5.00,0.0000,true,1,145671
7290110631185,false,קליפס דפיקה לכבל 2,,,קליפס דפיקה לכבל 2,Unknown,0.00,יחידה,false,,5.00,0.0000,true,1,145672
7290110631192,false,סט ברגים 3,,,סט ברגים 3,Unknown,0.00,יחידה,false,,5.00,0.0000,true,1,145673
7290110631208,false,סט ברגים 4,,,סט ברגים 4,Unknown,0.00,יחידה,false,,5.00,0.0000,true,1,145674
7290110631215,false,סט ברגים 5,,,סט ברגים 5,Unknown,0.00,יחידה,false,,5.00,0.0000,true,1,145675
7290110631222,false,סט ברגים 6,,,סט ברגים 6,Unknown,0.00,יחידה,false,,5.00,0.0000,true,1,145676
7290110631239,false,סט דיבלים 1,,,סט דיבלים 1,Unknown,0.00,יחידה,false,,5.00,0.0000,true,1,145677
7290110631246,false,סט דיבלים 2,,,סט דיבלים 2,Unknown,0.00,יחידה,false,,5.00,0.0000,true,1,145678
7290110631253,false,סט דיבלים 3,,,סט דיבלים 3,Unknown,0.00,יחידה,false,,5.00,0.0000,true,1,145679
7290110631260,false,סט דיבלים 4,,,סט דיבלים 4,Unknown,0.00,יחידה,false,,5.00,0.0000,true,1,145680
7290110631277,false,סט מסמרים 2,,,סט מסמרים 2,Unknown,0.00,יחידה,false,,5.00,0.0000,true,1,145681
7290110631284,false,סט מסמרים 3,,,סט מסמרים 3,Unknown,0.00,יחידה,false,,5.00,0.0000,true,1,145682
7290110631291,false,סט מסמרים 4,,,סט מסמרים 4,Unknown,0.00,יחידה,false,,5.00,0.0000,true,1,145683
7290110631307,false,סט מסמרים 5,,,סט מסמרים 5,Unknown,0.00,יחידה,false,,5.00,0.0000,true,1,145684
7290110631314,false,סט מסמרים 6,,,סט מסמרים 6,Unknown,0.00,יחידה,false,,5.00,0.0000,true,1,145685
7290110631345,false,תוספת שיער צבעוני פו,,,תוספת שיער צבעוני פו,Unknown,0.00,יחידה,false,,5.00,0.0000,true,1,145687
7290110631369,false,מסכת עיניים צבעונית,,,מסכת עיניים צבעונית,Unknown,0.00,יחידה,false,,5.00,0.0000,true,1,145688
7290110631376,false,כובע פלסטיק עצמאות,,,כובע פלסטיק עצמאות,Unknown,0.00,יחידה,false,,5.00,0.0000,true,1,145689
7290110631406,false,צמיד עצמאות,,,צמיד עצמאות,Unknown,0.00,יחידה,false,,5.00,0.0000,true,1,145692
7290110631437,false,סט שלושה מברגים,,,סט שלושה מברגים,Unknown,0.00,יחידה,false,,5.00,0.0000,true,1,145695
7290110631444,false,רולר,,,רולר,Unknown,0.00,יחידה,false,,5.00,0.0000,true,1,145696
7290110631451,false,קשת עצמאות,,,קשת עצמאות,Unknown,0.00,יחידה,false,,5.00,0.0000,true,1,145697
7290110631468,false,קשת עצמאות עם לבבות,,,קשת עצמאות עם לבבות,Unknown,0.00,יחידה,false,,5.00,0.0000,true,1,145698
7290110631475,false,כובע טמבל עצצמאות,,,כובע טמבל עצצמאות,Unknown,0.00,יחידה,false,,5.00,0.0000,true,1,145699
7290110631482,false,זוג שפכטלים,,,זוג שפכטלים,Unknown,0.00,יחידה,false,,5.00,0.0000,true,1,145700
7290110631505,false,זוג מברגים גדול,,,זוג מברגים גדול,Unknown,0.00,יחידה,false,,5.00,0.0000,true,1,145702
7290110631512,false,זוג מברגים,,,זוג מברגים,Unknown,0.00,יחידה,false,,5.00,0.0000,true,1,145703
7290110631529,false,סרט מדידה 3 מטר,,,סרט מדידה 3 מטר,Unknown,0.00,יחידה,false,,5.00,0.0000,true,1,145704
7290110631543,false,שפיץ פלייר,,,שפיץ פלייר,Unknown,0.00,יחידה,false,,5.00,0.0000,true,1,145706
7290110631550,false,פלייר,,,פלייר,Unknown,0.00,יחידה,false,,5.00,0.0000,true,1,145707
7290110631567,false,קאטר,,,קאטר,Unknown,0.00,יחידה,false,,5.00,0.0000,true,1,145708
7290110631574,false,מספרי תייל,,,מספרי תייל,Unknown,0.00,יחידה,false,,5.00,0.0000,true,1,145709
7290110631598,false,סט אזיקונים,,,סט אזיקונים,Unknown,0.00,יחידה,false,,5.00,0.0000,true,1,145711
7290110631611,false,חבל,,,חבל,Unknown,0.00,יחידה,false,,5.00,0.0000,true,1,145712
7290110631628,false,סט סכינים יפניים,,,סט סכינים יפניים,Unknown,0.00,יחידה,false,,5.00,0.0000,true,1,145713
7290110631663,false,עט ג'ל,,,עט ג'ל,Unknown,0.00,יחידה,false,,5.00,0.0000,true,1,145716
7290110631680,false,כיסוי מראה דגל עצמאו,,,כיסוי מראה דגל עצמאו,Unknown,0.00,יחידה,false,,5.00,0.0000,true,1,145719
7290110631697,false,קשת עצמאות ארנב,,,קשת עצמאות ארנב,Unknown,0.00,יחידה,false,,5.00,0.0000,true,1,145720
7290110631741,false,תבנית סיליקון כוכב,,,תבנית סיליקון כוכב,Unknown,0.00,יחידה,false,,5.00,0.0000,true,1,145723
7290110631758,false,מקל לדבש מסיליקון,,,מקל לדבש מסיליקון,Unknown,0.00,יחידה,false,,5.00,0.0000,true,1,145724
7290110631772,false,מעמד לכף בישול,,,מעמד לכף בישול,Unknown,0.00,יחידה,false,,5.00,0.0000,true,1,145726
7290110631826,false,תבנית סיליקון צורת ג,,,תבנית סיליקון צורת ג,Unknown,0.00,יחידה,false,,5.00,0.0000,true,1,145731
7290110631833,false,מטרפה,,,מטרפה,Unknown,0.00,יחידה,false,,5.00,0.0000,true,1,145732
7290110631840,false,תבנית סילקון מלבנית,,,תבנית סילקון מלבנית,Unknown,0.00,יחידה,false,,5.00,0.0000,true,1,145733
7290110631888,false,חצי כפפת סיליקון,,,חצי כפפת סיליקון,Unknown,0.00,יחידה,false,,5.00,0.0000,true,1,145737
7290110631932,false,תבנית סיליקון לבבות,,,תבנית סיליקון לבבות,Unknown,0.00,יחידה,false,,5.00,0.0000,true,1,145742
7290110631963,false,סיליקון קאפקייק שושנ,,,סיליקון קאפקייק שושנ,Unknown,0.00,יחידה,false,,5.00,0.0000,true,1,145745
7290110631987,false,תבנית סיליקון כוכב,,,תבנית סיליקון כוכב,Unknown,0.00,יחידה,false,,5.00,0.0000,true,1,145747
7290110632007,false,תבנית סיליקון לשוקול,,,תבנית סיליקון לשוקול,Unknown,0.00,יחידה,false,,5.00,0.0000,true,1,145749
7290110632014,false,תבנית סיליקון שוקולד,,,תבנית סיליקון שוקולד,Unknown,0.00,יחידה,false,,5.00,0.0000,true,1,145750
7290110632038,false,מפת שולחן ליומולדת,,,מפת שולחן ליומולדת,Unknown,0.00,יחידה,false,,5.00,0.0000,true,1,145752
7290110632045,false,מארז מפיות ליומולדת,,,מארז מפיות ליומולדת,Unknown,0.00,יחידה,false,,5.00,0.0000,true,1,145753
7290110632069,false,ערכת יומולדת,,,ערכת יומולדת,Unknown,0.00,יחידה,false,,5.00,0.0000,true,1,145755
7290110632076,false,מארז דגלונים ליומולד,,,מארז דגלונים ליומולד,Unknown,0.00,יחידה,false,,5.00,0.0000,true,1,145756
7290110632113,false,קונפטי,,,קונפטי,Unknown,0.00,יחידה,false,,5.00,0.0000,true,1,145760
7290110632144,false,כובע יומולדת,,,כובע יומולדת,Unknown,0.00,יחידה,false,,5.00,0.0000,true,1,145763
7290110632151,false,קערת נייר,,,קערת נייר,Unknown,0.00,יחידה,false,,5.00,0.0000,true,1,145764
7290110632175,false,מנג'ט דיגל,,,מנג'ט דיגל,Unknown,0.00,יחידה,false,,5.00,0.0000,true,1,145766
7290110632199,false,מארז כפות ליומולדת,,,מארז כפות ליומולדת,Unknown,0.00,יחידה,false,,5.00,0.0000,true,1,145768
7290110632205,false,צלחות יומולדת,,,צלחות יומולדת,Unknown,0.00,יחידה,false,,5.00,0.0000,true,1,145769
7290110632212,false,צלוחיות יומולדת,,,צלוחיות יומולדת,Unknown,0.00,יחידה,false,,5.00,0.0000,true,1,145770
7290110632267,false,מטקות+כדורים,,,מטקות+כדורים,Unknown,0.00,יחידה,false,,5.00,0.0000,true,1,145775
7290110632274,false,משאבת מים,,,משאבת מים,Unknown,0.00,יחידה,false,,5.00,0.0000,true,1,145776
7290110632281,false,אקדח מים,,,אקדח מים,Unknown,0.00,יחידה,false,,5.00,0.0000,true,1,145777
7290110632298,false,עפיפון,,,עפיפון,Unknown,0.00,יחידה,false,,5.00,0.0000,true,1,145778
7290110632304,false,כדור ים,,,כדור ים,Unknown,0.00,יחידה,false,,5.00,0.0000,true,1,145779
7290110632311,false,משקפת,,,משקפת,Unknown,0.00,יחידה,false,,5.00,0.0000,true,1,145780
7290110632328,false,צלחת מעופפת,,,צלחת מעופפת,Unknown,0.00,יחידה,false,,5.00,0.0000,true,1,145781
7290110632335,false,כפכפים,,,כפכפים,Unknown,0.00,יחידה,false,,5.00,0.0000,true,1,145782
7290110632342,false,כפכפים 2,,,כפכפים 2,Unknown,0.00,יחידה,false,,5.00,0.0000,true,1,145783
7290110632359,false,מחצלת,,,מחצלת,Unknown,0.00,יחידה,false,,5.00,0.0000,true,1,145784
7290110632380,false,כובע שחיה,,,כובע שחיה,Unknown,0.00,יחידה,false,,5.00,0.0000,true,1,145787
7290110632410,false,מוקורו,,,מוקורו,Unknown,1.00,יחידה,false,,100.00,100.0000,true,1,145788
7290110632411,false,שדכן,,,שדכן,Unknown,0.00,יחידה,false,,5.00,0.0000,true,1,145789
7290110632434,false,מחורר,,,מחורר,Unknown,0.00,יחידה,false,,5.00,0.0000,true,1,145790
7290110632441,false,שדכן,,,שדכן,Unknown,0.00,יחידה,false,,5.00,0.0000,true,1,145791
7290110632458,false,מתקן לסלוטייפ,,,מתקן לסלוטייפ,Unknown,0.00,יחידה,false,,5.00,0.0000,true,1,145792
7290110632519,false,צבעי שעווה,,,צבעי שעווה,Unknown,0.00,יחידה,false,,5.00,0.0000,true,1,145797
7290110632526,false,טושים ללוח מחיק,,,טושים ללוח מחיק,Unknown,0.00,יחידה,false,,5.00,0.0000,true,1,145798
7290110632618,false,סט 12 טושים,,,סט 12 טושים,Unknown,0.00,יחידה,false,,5.00,0.0000,true,1,145804
7290110632656,false,סט 6 טושים עם חותמת,,,סט 6 טושים עם חותמת,Unknown,0.00,יחידה,false,,5.00,0.0000,true,1,145808
7290110632670,false,סט 4 סרגלים,,,סט 4 סרגלים,Unknown,0.00,יחידה,false,,5.00,0.0000,true,1,145810
7290110632700,false,ילקוט לבית ספר,,,ילקוט לבית ספר,Unknown,1.00,יחידה,false,,30.00,30.0000,true,1,145812
7290110633349,false,פאי אגוזים כשלפ,,,פאי אגוזים כשלפ,Unknown,1.00,יחידה,false,,6.00,6.0000,true,1,145191
7290110633578,false,בוחשנים מעץ 1000 יחי,,,בוחשנים מעץ 1000 יחי,Unknown,0.00,יחידה,false,,2999.90,0.0000,true,1,145821
7290110633585,false,קופיקס- כשלפ- פלפל מ,,,קופיקס- כשלפ- פלפל מ,Unknown,0.00,יחידה,false,,2999.90,0.0000,true,1,150697
7290110633592,false,קופיקס- כשלפ - מלח מ,,,קופיקס- כשלפ - מלח מ,Unknown,0.00,יחידה,false,,2999.90,0.0000,true,1,150698
7290110633660,false,קרואסון חמאה,,,קרואסון חמאה,Unknown,0.00,יחידה,false,,5.00,0.0000,true,1,146363
7290110633684,false,בורקס תפוא,,,בורקס תפוא,Unknown,0.00,יחידה,false,,5.00,0.0000,true,1,146364
7290110633691,false,בורקס גבינה פילסברי,,,בורקס גבינה פילסברי,Unknown,0.00,יחידה,false,,5.00,0.0000,true,1,146365
7290110633837,false,אבקה לאייס שוקו 1 קי,,,אבקה לאייס שוקו 1 קי,Unknown,0.00,יחידה,false,,2999.90,0.0000,true,1,146171
7290110633950,false,ספינר 240,,,ספינר 240,Unknown,1.00,יחידה,false,,1000.00,1000.0000,true,1,145822
7290110633967,false,ספינר 350,,,ספינר 350,Unknown,1.00,יחידה,false,,1000.00,1000.0000,true,1,145823
7290110633974,false,ספינר 360,,,ספינר 360,Unknown,1.00,יחידה,false,,1000.00,1000.0000,true,1,145824
7290110633981,false,ספינר 400,,,ספינר 400,Unknown,1.00,יחידה,false,,1000.00,1000.0000,true,1,145825
7290110633998,false,ספינר 180,,,ספינר 180,Unknown,1.00,יחידה,false,,1000.00,1000.0000,true,1,145826
7290110634315,false,עוגת שמרים רוחלה,,,עוגת שמרים רוחלה,Unknown,1.00,יחידה,false,,6.00,6.0000,true,1,143488
7290110635589,false,חותך תפוחים,,,חותך תפוחים,Unknown,0.00,יחידה,false,,5.00,0.0000,true,1,145828
7290110635633,false,פומפיה קטנה,,,פומפיה קטנה,Unknown,0.00,יחידה,false,,5.00,0.0000,true,1,145833
7290110635640,false,פלסמנט,,,פלסמנט,Unknown,0.00,יחידה,false,,5.00,0.0000,true,1,145834
7290110635657,false,קוביות קרח,,,קוביות קרח,Unknown,0.00,יחידה,false,,5.00,0.0000,true,1,145835
7290110635664,false,פותחן בקבוקי יין מתק,,,פותחן בקבוקי יין מתק,Unknown,0.00,יחידה,false,,5.00,0.0000,true,1,145836
7290110635688,false,כף סינון,,,כף סינון,Unknown,0.00,יחידה,false,,5.00,0.0000,true,1,145838
7290110635725,false,פלסמנט במבוק,,,פלסמנט במבוק,Unknown,0.00,יחידה,false,,5.00,0.0000,true,1,145841
7290110635749,false,משטח לייבוש כלים,,,משטח לייבוש כלים,Unknown,0.00,יחידה,false,,5.00,0.0000,true,1,145843
7290110635756,false,רולר,,,רולר,Unknown,0.00,יחידה,false,,5.00,0.0000,true,1,145844
7290110635770,false,כפפות תרמיות למטבח,,,כפפות תרמיות למטבח,Unknown,0.00,יחידה,false,,5.00,0.0000,true,1,145846
7290110635787,false,קולפן,,,קולפן,Unknown,0.00,יחידה,false,,5.00,0.0000,true,1,145847
7290110635794,false,כוסות מדידה,,,כוסות מדידה,Unknown,0.00,יחידה,false,,5.00,0.0000,true,1,145848
7290110635879,false,רשת לכביסה,,,רשת לכביסה,Unknown,0.00,יחידה,false,,5.00,0.0000,true,1,145853
7290110635909,false,מקל מטלית לאבק,,,מקל מטלית לאבק,Unknown,0.00,יחידה,false,,5.00,0.0000,true,1,145854
7290110635930,false,וילון אמבטיה,,,וילון אמבטיה,Unknown,0.00,יחידה,false,,5.00,0.0000,true,1,145855
7290110635947,false,שטיח לאמבטיה,,,שטיח לאמבטיה,Unknown,0.00,יחידה,false,,5.00,0.0000,true,1,145856
7290110635985,false,יעה ומברשת,,,יעה ומברשת,Unknown,0.00,יחידה,false,,5.00,0.0000,true,1,145859
7290110636531,false,מחמם אזניים 3,,,מחמם אזניים 3,Unknown,0.00,יחידה,false,,5.00,0.0000,true,1,145866
7290110638634,false,סירופ שוקולד 1 ליטר,,,סירופ שוקולד 1 ליטר,Unknown,0.00,יחידה,false,,2999.90,0.0000,true,1,144878
7290110638641,false,סירופ מייפל 1 ליטר,,,סירופ מייפל 1 ליטר,Unknown,0.00,יחידה,false,,2999.90,0.0000,true,1,144879
7290110638931,false,תרמוס שחור קופיקס 25,,,תרמוס שחור קופיקס 25,Unknown,1.00,יחידה,false,,30.00,30.0000,true,1,145869
7290110638948,false,סלסלת קש פורים סופרק,,,סלסלת קש פורים סופרק,Unknown,1.00,יחידה,false,,5.00,5.0000,true,1,145870
7290110638962,false,מאג קרמיקה קופיקס שח,,,מאג קרמיקה קופיקס שח,Unknown,1.00,יחידה,false,,8.00,8.0000,true,1,145871
7290110639105,false,כוס גבוהה פולי קפה ק,,,כוס גבוהה פולי קפה ק,Unknown,1.00,יחידה,false,,8.00,8.0000,true,1,145872
7290110639112,false,כוס סוודר קופיקס,,,כוס סוודר קופיקס,Unknown,1.00,יחידה,false,,8.00,8.0000,true,1,145873
7290110639167,false,עוגת דואט שוקולד,,,עוגת דואט שוקולד,Unknown,1.00,יחידה,false,,8.00,8.0000,true,1,145192
7290110639181,false,"מכסה לכוס מרק 500 מ""",,,"מכסה לכוס מרק 500 מ""",Unknown,0.00,יחידה,false,,2999.90,0.0000,true,1,145875
7290110639211,false,"שרוול כוסות 370 מ""ל",,,"שרוול כוסות 370 מ""ל",Unknown,0.00,יחידה,false,,10.00,0.0000,true,1,145876
7290110639228,false,שרוול מכסים לכוס 370,,,שרוול מכסים לכוס 370,Unknown,0.00,יחידה,false,,5.00,0.0000,true,1,145877
7290110639235,false,"כוס 500 מ""ל",,,"כוס 500 מ""ל",Unknown,0.00,יחידה,false,,2999.90,0.0000,true,1,145878
7290110639280,false,פלוטים,,,פלוטים,Unknown,0.00,יחידה,false,,6.00,0.0000,true,1,146291
7290110639587,false,מאפה חמאה שקדים פילס,,,מאפה חמאה שקדים פילס,Unknown,1.00,יחידה,false,,8.00,8.0000,true,1,146366
7290110639631,false,מאפה שוקולד חמאה פיל,,,מאפה שוקולד חמאה פיל,Unknown,1.00,יחידה,false,,8.00,8.0000,true,1,146367
7290110639754,false,עוגת גבינה אוראו,,,עוגת גבינה אוראו,Unknown,1.00,יחידה,false,,8.00,8.0000,true,1,145193
7290110639778,false,מגש אבן לתצוגה,,,מגש אבן לתצוגה,Unknown,0.00,יחידה,false,,2999.90,0.0000,true,1,145881
7290110639808,false,אקלר,,,אקלר,Unknown,1.00,יחידה,false,,8.00,8.0000,true,1,146292
7290110639846,false,מאפה שקדים פלוס,,,מאפה שקדים פלוס,Unknown,1.00,יחידה,false,,8.00,8.0000,true,1,143490
7290111350726,false,חטיף נאצוס הוטפופ בסגנון מקסיקני 322 גר,ליימן שליסל בע`מ,,חטיף נאצ'וס בסגנון מ,גרמים,332.00,100 גרם,false,,16.90,0.0509,true,1,159376
7290111352973,false,יוגוטה קוביות חמוצות ממולאות בטעם פירות,ליימן שליסל בע`מ,,קוביות חמוצות 220 גר,גרמים,220.00,100 גרם,false,,9.90,0.0450,true,1,156703
7290111563492,false,סלטי צבר מטבוחה חריפה מרובע 6*400גרם,קבוצת אוסם סחר-שות.מוגבלת,,מטבוחה חריפה צבר 400,גרמים,400.00,100 גרם,false,,12.90,0.0323,true,1,151132
7290111564192,false,להפרוטה משפחתית מנגו 470,גלידות נסטלה )נגה גלידות,,גלידת לה פרוטה מנגו,מיליליטרים,680.00,"100 מ""ל",false,,22.00,0.0324,true,1,144843
7290111564215,false,להפרוטה משפחתית קוקוס אנ,גלידות נסטלה )נגה גלידות,,גלידת לה פרוטה קוקוס,מיליליטרים,680.00,"100 מ""ל",false,,22.00,0.0324,true,1,144844
7290111564277,false,פריכיות דקות ונימוחות 3 דגנים פיטנס Fitness,קבוצת אוסם סחר שותפות מוגבלת,,פריכיות 3 דגנים דקות,גרמים,120.00,100 גרם,false,,10.90,0.0908,true,1,143412
7290111564291,false,פריכיות דקות ונימוחות 3 דגנים וקינואה פיטנס Fitness,קבוצת אוסם סחר שותפות מוגבלת,,פריכיות דקות 3 דגנים,גרמים,120.00,100 גרם,false,,10.90,0.0908,true,1,151133
7290111564505,false,קרחון אננס כשר לפסח 80 ג,גלידות נסטלה )נגה גלידות,,"קרחון אננס כשל""פ",Unknown,1.00,יחידה,false,,3.00,3.0000,true,1,144846
7290111564543,false,לה פרוטה רימון,,,לה פרוטה רימון,Unknown,1.00,יחידה,false,,6.00,6.0000,true,1,147686
7290111565168,false,טבעול  קציצות כרובית,כצט,,טבעול  קציצות כרובית,גרמים,525.00,100 גרם,false,,29.90,0.0570,true,1,151137
7290111566332,false,"נקניקיות וינר מן הצומח 680 גרם ""טבעול""",קבוצת אוסם סחר שותפות מוגבלת,,טבעול נקניקיות וינר,גרמים,680.00,100 גרם,false,,31.90,0.0469,true,1,150530
7290111568206,false,ביסלי פארטי מיקס אסם 150 גר',קבוצת אוסם סחר שותפות מוגבלת,,ביסלי פארטי מיקס 150,גרמים,150.00,100 גרם,false,,7.90,0.0527,true,1,155169
7290111568251,false,אטריות נודלס להקפצה אסם אסייתי 350 גר',קבוצת אוסם סחר שותפות מוגבלת,,נודלס אטריות להקפצה,גרמים,350.00,100 גרם,false,,9.90,0.0283,true,1,155198
7290111568961,false,אסם בייגלה טבעות מלוח 400 גר`,קבוצת אוסם סחר שותפות מוגבלת,,אסם בייגלה טבעות מלח,גרמים,400.00,100 גרם,false,,10.90,0.0273,true,1,149345
7290111937231,false,פרי מארז חטיפים 5 יחידות תמרים וקוקוס כשלפ,"טבעית מוצרים מהטבע בע""\מ",,חטיף תמרים וקוקוס לל,גרמים,125.00,100 גרם,false,,16.90,0.1352,true,1,150444
7290112190109,false,"עוגיות קרמל ""רמי לוי",,,"עוגיות קרמל ""רמי לוי",גרמים,300.00,100 גרם,false,,10.60,0.0353,true,1,143815
7290112190444,false,מים 1.5 מינרליים שי,,,מים 1.5 מינרליים שי,מיליליטרים,9000.00,"100 מ""ל",false,,10.90,0.0012,true,1,150471
7290112190468,false,שמן זית ספרדי טבעי 7,,,שמן זית כתית מעולה 7,מיליליטרים,750.00,"100 מ""ל",false,,29.90,0.0399,true,1,166031
7290112191076,false,"טורטיה מקמח חיטה 320גר 8יח קוטר 20ס""מ",א.ג בחירה חכמה בעמ,,טורטיה מקמח חיטה 320,,8.00,100 יחידו,false,,9.90,1.2375,true,1,166967
7290112290045,false,קופיקס- עינת- כריך ס,,,קופיקס- עינת- כריך ס,Unknown,1.00,יחידה,false,,5.00,5.0000,true,1,146818
7290112290298,false,בראוניז כשלפ,,,בראוניז כשלפ,Unknown,1.00,יחידה,false,,8.00,8.0000,true,1,145194
7290112290366,false,לחמניית סביח כשלפ,,,לחמניית סביח כשלפ,Unknown,1.00,יחידה,false,,15.00,15.0000,true,1,146827
7290112290502,false,תקשור נסטלה מהדרין,,,תקשור נסטלה מהדרין,Unknown,0.00,יחידה,false,,2999.90,0.0000,true,1,143105
7290112290519,false,תקשור נסטלה רבנות,,,תקשור נסטלה רבנות,Unknown,0.00,יחידה,false,,2999.90,0.0000,true,1,143106
7290112290526,false,מיץ תפוח טבעי בקבוק,,,מיץ תפוח טבעי בקבוק,מיליליטרים,330.00,"100 מ""ל",false,,8.00,0.0242,true,1,146177
7290112290533,false,מיץ תפוח אגס טבעי בק,,,מיץ תפוח אגס טבעי בק,מיליליטרים,330.00,"100 מ""ל",false,,8.00,0.0242,true,1,146178
7290112290540,false,מיץ תפוח גזר טבעי בק,,,מיץ תפוח גזר טבעי בק,מיליליטרים,330.00,"100 מ""ל",false,,8.00,0.0242,true,1,146179
7290112290557,false,מיץ תפוח סלק טבעי בק,,,מיץ תפוח סלק טבעי בק,מיליליטרים,330.00,"100 מ""ל",false,,8.00,0.0242,true,1,146180
7290112290632,false,בייגל טוסט,,,בייגל טוסט,Unknown,1.00,יחידה,false,,10.00,10.0000,true,1,143491
7290112290663,false,נקניקיה בפיג'מה,,,נקניקיה בפיג'מה,Unknown,1.00,יחידה,false,,6.00,6.0000,true,1,143492
7290112290670,false,מאפה פרווה - מאפיית,,,מאפה פרווה - מאפיית,קילוגרמים,1.00,"ק""ג",true,,30.00,30.0000,true,1,146517
7290112290687,false,מאפה חלבי - מאפיית ע,,,מאפה חלבי - מאפיית ע,קילוגרמים,1.00,"ק""ג",true,,32.00,32.0000,true,1,146518
7290112290694,false,ביגלה ירושלמי,,,ביגלה ירושלמי,Unknown,0.00,יחידה,false,,4.00,0.0000,true,1,146519
7290112290717,false,מקלות שומשום,,,מקלות שומשום,Unknown,0.00,יחידה,false,,4.00,0.0000,true,1,146521
7290112290724,false,מקלות בצל,,,מקלות בצל,Unknown,0.00,יחידה,false,,4.00,0.0000,true,1,146522
7290112290748,false,מחמצת ביס,,,מחמצת ביס,Unknown,0.00,יחידה,false,,2.00,0.0000,true,1,146524
7290112290809,false,לחמניה קשר,,,לחמניה קשר,Unknown,0.00,יחידה,false,,1.00,0.0000,true,1,146530
7290112290823,false,בורקס גבינה גדול,,,בורקס גבינה גדול,Unknown,0.00,יחידה,false,,5.00,0.0000,true,1,146532
7290112290847,false,מאפה שוקולד,,,מאפה שוקולד,Unknown,0.00,יחידה,false,,5.00,0.0000,true,1,146534
7290112290854,false,מאפה קינמון,,,מאפה קינמון,Unknown,0.00,יחידה,false,,5.00,0.0000,true,1,146535
7290112290861,false,מאפה גבינה,,,מאפה גבינה,Unknown,0.00,יחידה,false,,5.00,0.0000,true,1,146536
7290112290878,false,מאפה שקדים,,,מאפה שקדים,Unknown,0.00,יחידה,false,,5.00,0.0000,true,1,146537
7290112290915,false,פוקצ'ה זיתים,,,פוקצ'ה זיתים,Unknown,0.00,יחידה,false,,8.00,0.0000,true,1,146541
7290112290922,false,סמבוסק פטריות,,,סמבוסק פטריות,Unknown,0.00,יחידה,false,,8.00,0.0000,true,1,146542
7290112290939,false,סמבוסק תפוח אדמה,,,סמבוסק תפוח אדמה,Unknown,0.00,יחידה,false,,8.00,0.0000,true,1,146543
7290112290953,false,עוגת מאפינס,,,עוגת מאפינס,Unknown,0.00,יחידה,false,,15.00,0.0000,true,1,146545
7290112290960,false,קוגל ירושלמי 500 ג',,,קוגל ירושלמי 500 ג',Unknown,0.00,יחידה,false,,17.00,0.0000,true,1,146546
7290112290977,false,חלה מתוקה,,,חלה מתוקה,Unknown,0.00,יחידה,false,,9.00,0.0000,true,1,146547
7290112290984,false,חצי חלה מתוקה,,,חצי חלה מתוקה,Unknown,0.00,יחידה,false,,6.00,0.0000,true,1,146548
7290112290991,false,חלה בגאט,,,חלה בגאט,Unknown,0.00,יחידה,false,,9.00,0.0000,true,1,146549
7290112291028,false,עוגיות יבשים,,,עוגיות יבשים,Unknown,0.00,יחידה,false,,39.90,0.0000,true,1,146552
7290112291035,false,פס קצפת חלבי,,,פס קצפת חלבי,Unknown,0.00,יחידה,false,,35.00,0.0000,true,1,146553
7290112291042,false,פס קצפת פרווה,,,פס קצפת פרווה,Unknown,0.00,יחידה,false,,28.00,0.0000,true,1,146554
7290112291059,false,עוגת גבינה,,,עוגת גבינה,Unknown,0.00,יחידה,false,,35.00,0.0000,true,1,146555
7290112291066,false,רנד גבינה,,,רנד גבינה,Unknown,0.00,יחידה,false,,35.00,0.0000,true,1,146556
7290112291073,false,פאי גבינה,,,פאי גבינה,Unknown,0.00,יחידה,false,,26.90,0.0000,true,1,146557
7290112291080,false,גליליות,,,גליליות,Unknown,0.00,יחידה,false,,15.00,0.0000,true,1,146558
7290112291097,false,כדורי שוקולד,,,כדורי שוקולד,Unknown,0.00,יחידה,false,,15.00,0.0000,true,1,146559
7290112291110,false,גבינה קרה אישי,,,גבינה קרה אישי,Unknown,0.00,יחידה,false,,15.00,0.0000,true,1,146561
7290112291127,false,סברינה,,,סברינה,Unknown,0.00,יחידה,false,,15.00,0.0000,true,1,146562
7290112291134,false,טריקולד אישי,,,טריקולד אישי,Unknown,0.00,יחידה,false,,15.00,0.0000,true,1,146563
7290112291141,false,יום הולדת גדול פרווה,,,יום הולדת גדול פרווה,Unknown,0.00,יחידה,false,,110.00,0.0000,true,1,146564
7290112291158,false,יום הולדת קטן פרווה,,,יום הולדת קטן פרווה,Unknown,0.00,יחידה,false,,70.00,0.0000,true,1,146565
7290112291165,false,יום הולדת גדול חלבי,,,יום הולדת גדול חלבי,Unknown,0.00,יחידה,false,,120.00,0.0000,true,1,146566
7290112291172,false,יום הולדת קטן חלבי,,,יום הולדת קטן חלבי,Unknown,0.00,יחידה,false,,80.00,0.0000,true,1,146567
7290112291189,false,מוס גדול חלבי,,,מוס גדול חלבי,Unknown,0.00,יחידה,false,,130.00,0.0000,true,1,146568
7290112291196,false,מוס קטן חלבי,,,מוס קטן חלבי,Unknown,0.00,יחידה,false,,90.00,0.0000,true,1,146569
7290112291202,false,מוס גדול פרווה,,,מוס גדול פרווה,Unknown,0.00,יחידה,false,,120.00,0.0000,true,1,146570
7290112291219,false,מוס קטן פרווה,,,מוס קטן פרווה,Unknown,0.00,יחידה,false,,80.00,0.0000,true,1,146571
7290112291226,false,אקלרים,,,אקלרים,Unknown,0.00,יחידה,false,,48.00,0.0000,true,1,146572
7290112291233,false,פחזניות פרווה,,,פחזניות פרווה,Unknown,0.00,יחידה,false,,48.00,0.0000,true,1,146573
7290112291240,false,פחזניות חלבי,,,פחזניות חלבי,Unknown,0.00,יחידה,false,,48.00,0.0000,true,1,146574
7290112291257,false,2 יחידות אקלרים / פח,,,2 יחידות אקלרים / פח,Unknown,0.00,יחידה,false,,6.00,0.0000,true,1,146575
7290112291264,false,2 כדורי שוקולד,,,2 כדורי שוקולד,Unknown,0.00,יחידה,false,,5.00,0.0000,true,1,146576
7290112291295,false,מיקס קינוחי כוסות,,,מיקס קינוחי כוסות,Unknown,1.00,יחידה,false,,8.00,8.0000,true,1,146293
7290112291677,false,כריך גבינה עם שום-שמ,,,כריך גבינה עם שום-שמ,גרמים,80.00,גרם,false,,6.00,0.0750,true,1,147062
7290112291684,false,כריך גבינה עם זיתים,,,כריך גבינה עם זיתים,גרמים,80.00,גרם,false,,6.00,0.0750,true,1,147063
7290112291974,false,אקלר עם ציפוי שוקולד,,,אקלר עם ציפוי שוקולד,Unknown,1.00,יחידה,false,,6.00,6.0000,true,1,147357
7290112292193,false,מוס שוקולד,,,מוס שוקולד,Unknown,1.00,יחידה,false,,8.00,8.0000,true,1,148881
7290112292209,false,גבינה אוריאו,,,גבינה אוריאו,Unknown,1.00,יחידה,false,,8.00,8.0000,true,1,148882
7290112292988,false,מחמצת גדולה רוסט טונ,,,מחמצת גדולה רוסט טונ,Unknown,1.00,יחידה,false,,22.00,22.0000,true,1,150908
7290112293008,false,מאפה שוקולד פרווה,,,מאפה שוקולד פרווה,Unknown,1.00,יחידה,false,,5.00,5.0000,true,1,151338
7290112330352,false,"יוגורט PRO בטעם וניל 0% , 20 גרם חלבון בגביע",שטראוס גרופ בעמ/מצונן,,דנונה פרו 20 גר וניל,גרמים,200.00,100 גרם,false,,5.90,0.0295,true,1,152934
7290112330390,false,דנונה פרו פירות יער 20 גרם חלבון 0% שומן 200 גרם,שטראוס גרופ בעמ/מצונן,,דנונה פרו 20 גר פירו,גרמים,200.00,100 גרם,false,,5.90,0.0295,true,1,158232
7290112332585,false,פריכיות משולש תפוא אורז בתיבול סלק ומלח ים אנרג'י 30 גרם,"פרח תעשיו מזון בע""מ",,"פריכיות תפו""א אורז ס",גרמים,30.00,100 גרם,false,,4.90,0.1633,true,1,151828
7290112332691,false,פינוקיות עוגיות קרם פסק זמן אגוזים 200 גרם,"הגביע מוצרי וופלים בע""\מ",,פינוקיות קרם פסק זמן,גרמים,200.00,100 גרם,false,,10.90,0.0545,true,1,151818
7290112335050,false,מרשמלו וניל 150 גרם ווסטהים,טופגאם תעשיות ממתקים,,מרשמלו בטעם וניל 150,גרמים,150.00,100 גרם,false,,6.70,0.0447,true,1,150372
7290112335487,false,הפריכיות הטעימות קצח ודגנים אנרג'י 135 גרם,אנרג'י Energy - שטראוס,,פריכיות 3 דגנים עם ק,גרמים,135.00,100 גרם,false,,10.90,0.0807,true,1,157255
7290112335494,false,הפריכיות הטעימות תפוחי אדמה בטעם פוטטוס,"פרח תעשיות מזון בע""\מ",,פריכיות תפוח אדמה 3,גרמים,135.00,100 גרם,false,,10.90,0.0807,true,1,157256
7290112335500,false,"פרכיות אנרג'י חומוס,אורז,עדשים שחורות וקינואה 135 גרם","פרח תעשיות מזון בע""\מ",,פריכיות חומוס אורז ע,גרמים,135.00,100 גרם,false,,10.90,0.0807,true,1,157258
7290112336613,false,עד חצות עוגיות סנדוויץ במילוי שוקולד חלב,שטראוס גרופ בע`מ,,עד חצות סנדוויץ 135,גרמים,135.00,100 גרם,false,,9.90,0.0733,true,1,167320
7290112336644,false,סוכריות מאסט ללא סוכר לימון 80 ג' עלית,"שטראוס גרופ בע""מ",,"סוכריות לל""ס לימון 8",גרמים,80.00,100 גרם,false,,7.90,0.0988,true,1,155126
7290112336651,false,סוכריות מאסט ללא סוכר ריבת חלב 80 ג' עלית,"שטראוס גרופ בע""מ",,"סוכריות לל""ס ריבת חל",גרמים,80.00,100 גרם,false,,7.90,0.0988,true,1,155127
7290112337474,false,סוכריות מאסט ללא סוכר פטל לימון 80 ג' עלית,שטראוס גרופ בע`מ,,"סוכריות לל""ס פטל לימ",גרמים,80.00,100 גרם,false,,7.90,0.0988,true,1,155128
7290112339171,false,מעדן מוס שוקולד 81 גר`מילקי,שטראוס גרופ בעמ/מצונן,,מילקי מוס עם שוקולד,גרמים,81.00,100 גרם,false,,3.30,0.0407,true,1,162001
7290112339867,false,גמדים לדרך גבינה לבנה עם מחית תות,שטראוס גרופ בעמ/מצונן,,גמדים סקוויז בודד תו,גרמים,100.00,100 גרם,false,,5.80,0.0580,true,1,150683
7290112339874,false,גמדים לדרך גבינה לבנה עם מחיות תות ובננה,שטראוס גרופ בעמ/מצונן,,גמדים סקוויז בודד תו,גרמים,100.00,100 גרם,false,,5.80,0.0580,true,1,150684
7290112340122,false,הפריכיות הטעימות 3 דגנים אנרג'י 135 גרם,"פרח תעשיות מזון בע""\מ",,פריכיות 3 דגנים אנרג,גרמים,135.00,100 גרם,false,,10.90,0.0807,true,1,157257
7290112340245,false,מסטיק מאסט צנצנת בטעם דובדבן 66 גר` מגדי,"שטראוס גרופ בע""\מ",,צנצנת MUST בטעם דובד,גרמים,66.00,100 גרם,false,,9.90,0.1500,true,1,155108
7290112340900,false,קפה טורקי האג נטול קפאין 200 גרם,הנסיך- מפעל לייצור ט,,קפה טורקי האג 200 גר,גרמים,200.00,100 גרם,false,,27.90,0.1395,true,1,157014
7290112341686,false,שמינייה יוגורט לבן אקטיביה 3% דנונה 150 גרם.,שטראוס גרופ בעמ/מצונן,,מארז אקטיביה 3% 150,גרמים,1.20,100 גרם,false,,19.90,16.5833,true,1,152943
7290112342102,false,סימפוניה גבינה במרקם שמנת בצל מקורמל 5%,שטראוס גרופ בעמ/מצונן,,סימפוניה בצל מקורמל,גרמים,200.00,100 גרם,false,,11.00,0.0550,true,1,152947
7290112343420,false,"משקה חלב עם דגנים מלאים ובננה פרו יטבתה 350מ""ל",שטראוס גרופ בעמ/מצונן,,יטבתה פרו ארוחת בוקר,מיליליטרים,350.00,"100 מ""ל",false,,7.50,0.0214,true,1,152955
7290112343499,false,חטיף צ'יטוס פאפס אפוי בטעם גבינה,"שטראוס פריטו ליי בע""\מ )",,צ'יטוס פאפס 55 גרם,גרמים,55.00,100 גרם,false,,3.50,0.0636,true,1,162599
7290112343512,false,צ'יטוס puffs בטעם גבינה 180 גרם,"שטראוס פריטו ליי בע""\מ )",,צ'יטוס פאפס 160 גרם,גרמים,160.00,100 גרם,false,,7.90,0.0494,true,1,162600
7290112344724,false,מילקי בטעם שוקולד בלונדי עם קצפת 133גר,שטראוס גרופ בעמ/מצונן,,מילקי בטעם שוקולד בל,גרמים,170.00,100 גרם,false,,3.50,0.0206,true,1,152960
7290112344755,false,מילקי עם 26% פחות סוכר 135 גר}שטראוס{,שטראוס גרופ בעמ/מצונן,,מילקי עם 26% פחות סו,גרמים,133.00,100 גרם,false,,2.90,0.0218,true,1,157930
7290112344953,false,סימפוניה חציל קלוי גבינה במקרם שמנת 5%,שטראוס גרופ בעמ/מצונן,,סימפוניה חציל קלוי 2,גרמים,200.00,100 גרם,false,,11.00,0.0550,true,1,158234
7290112346360,false,בפלות אחת אחת בציפוי שוקולד חלב עלית 180 גרם,הגביע מוצרי וופלים ב,,בפלות אחת אחת בציפוי,גרמים,180.00,100 גרם,false,,12.90,0.0717,true,1,154433
7290112346797,false,יוגורט אקטיביה שיבולת שועל ושזיף 150 גרם,שטראוס גרופ בעמ/מצונן,,אקטיביה עם שיבולת שו,גרמים,150.00,100 גרם,false,,4.60,0.0307,true,1,154317
7290112348142,false,שעועית לבנה 380 גר' בקופסה טעם הטבע,שטראוס גרופ בע`מ,,שעועית לבנה מבושלת ט,גרמים,380.00,100 גרם,false,,6.80,0.0179,true,1,154989
7290112349606,false,מעדן גבינה ויוגורט תות בננה 88 ג' דניאלה,שטראוס גרופ בעמ/מצונן,,דניאלה תות בננה 88 ג,גרמים,88.00,100 גרם,false,,4.10,0.0466,true,1,164119
7290112349736,false,בזיליקום רוטב עגבניות לפסטה יד מרדכי 350 גרם,אמיליאנה קונסרב סוסייטה,,בזיליקום רוטב עגבניו,גרמים,350.00,100 גרם,false,,11.90,0.0340,true,1,153328
7290112349750,false,פיצה רוטב עגבניות לפיצה יד מרדכי 350 גרם,אמיליאנה קונסרב סוסייטה,,פיצה רוטב עגבניות לפ,גרמים,350.00,100 גרם,false,,11.90,0.0340,true,1,153333
7290112354945,false,תפוצ'יפס WAVY בטעם טבעי 50 גרם,שטראוס פריטו ליי בע`מ,,תפוציפס wavy טבעי 5,גרמים,50.00,100 גרם,false,,4.00,0.0800,true,1,168027
7290112355102,false,גמדים סקוויז 100 גרם פאוץ סלט פירות 100 גרם,שטראוס גרופ בעמ/מצונן,,גמדים פאוץ סלט פירות,גרמים,100.00,100 גרם,false,,5.80,0.0580,true,1,158244
7290112356536,false,אבקת קקאו עלית (150 גרם% )+10תוספת,הנסיך- מפעל לייצור ט,,קקאו עלית 165 גרם,גרמים,165.00,100 גרם,false,,9.90,0.0600,true,1,157002
7290112357045,false,עגבניות איטלקיות מרוסקות 390 גר' בקופסה טעם הטבע,"שטראוס גרופ בע""מ",,עגבניות איטלקיות מרו,גרמים,390.00,100 גרם,false,,6.80,0.0174,true,1,154990
7290112357106,false,שעועית אדומה 380 גר' בקופסה טעם הטבע,"שטראוס גרופ בע""מ",,שעועית אדומה מבושלת,גרמים,380.00,100 גרם,false,,6.80,0.0179,true,1,154993
7290112358004,false,פסק זמן חטיף קראנץ עלית( 32 גר`),שולן צ'\יקולטה גידה סאן.,,פסק זמן קראנץ' 32 גר,גרמים,32.00,100 גרם,false,,4.90,0.1531,true,1,157837
7290112358127,false,דנונה פרו חלבון+מגנזיום- וניל ועוגיות 200 גרם,שטראוס גרופ בעמ/מצונן,,דנונה פרו 20 גר' עם,גרמים,200.00,100 גרם,false,,6.50,0.0325,true,1,157635
7290112358561,false,קפה נמס פלטינום קלאסי 47 ג' עלית,שטראוס גרופ בע`מ,,פלטינום קלאסיק 47 גר,גרמים,47.00,100 גרם,false,,5.90,0.1255,true,1,164430
7290112490032,false,"נמס בכוס טעם תירס קנור 31 גרם מארז זוגי בד""צ",יוניליוור ישראל שיווק בע`מ,,נמס בכוס מרק תירס קנ,גרמים,45.00,100 גרם,false,,6.90,0.1533,true,1,148278
7290112490209,false,נמס בכוס מרק עגבניות עם קרוטונים רכיבים טבעיים,"יוניליוור ישראל שיווק בע""מ",,נמס בכוס מרק עגבניות,גרמים,56.00,100 גרם,false,,6.90,0.1232,true,1,148728
7290112490230,false,מרק נמס בכוס אפונה קנור 100% רכיבים טבעיים,"יוניליוור ישראל שיווק בע""מ",,נמס בכוס מרק אפונה ק,גרמים,50.00,100 גרם,false,,6.90,0.1380,true,1,148729
7290112490650,false,קונפיטורה תות שדה 340 גרם-צנצנת,"יוניליוור ישראל שיווק בע""מ",,קונפיטורת תות שדה 77,גרמים,340.00,100 גרם,false,,13.90,0.0409,true,1,147263
7290112490698,false,קונפיטורה תות שדה לייט 300 גרם-צנצנת,יוניליוור ישראל שיווק בע`מ,,קונפיטורת תות שדה לי,גרמים,260.00,100 גרם,false,,13.90,0.0535,true,1,147264
7290112490728,false,מרק עשיר ירקות עם בורגול רכיבים טבעיים 95 ג' קנור,יוניליוור ישראל שיווק בע`מ,,מרק ירקות עם בורגול,גרמים,95.00,100 גרם,false,,12.90,0.1358,true,1,151625
7290112490735,false,מרק עשיר עגבניות עם פסטה ר.טבעיים 105 גרם קנור,יוניליוור ישראל שיווק בע`מ,,מרק עגבניות עם פסטה,גרמים,105.00,100 גרם,false,,12.90,0.1229,true,1,151626
7290112490742,false,מרק עשיר פטריות עם גריסים רכיבים טבעיים 104 ג' קנור,"יוניליוור ישראל שיווק בע""מ",,מרק פטריות עם גריסים,גרמים,104.00,100 גרם,false,,12.90,0.1240,true,1,151627
7290112490896,false,"קנור רוטב צ'ילי חריף 370 מ""ל PAL","יוניליוור ישראל שיווק בע""מ",,רוטב צ'ילי חריף קנור,מיליליטרים,370.00,"100 מ""ל",false,,10.90,0.0295,true,1,151725
7290112492470,false,"שמפו ומרכך 2 ב-1 לשיער יבש פינוק 700 מ""ל.",יוניליוור ישראל שיווק בע`מ,,פינוק 2 ב-1 יבש 700,גרמים,700.00,100 גרם,false,,11.90,0.0170,true,1,158951
7290112492500,false,פינוק שמפו לשיער עם שמן קוקוס 700 מל,"יוניליוור ישראל שיווק בע""מ",,פינוק שמפו שמן קוקוס,מיליליטרים,700.00,"100 מ""ל",false,,11.90,0.0170,true,1,154476
7290112492579,false,פינוק מרכך בתוספת שמן קוקוס 700 מל-חדש,יוניליוור ישראל שיווק בע`מ,,פינוק מרכך שמן קוקוס,מיליליטרים,700.00,"100 מ""ל",false,,11.90,0.0170,true,1,152306
7290112492821,false,"מטליות לחות לניקוי כללי בניחוח מאסק ""סיף""","יוניליוור ישראלשיווק בע""מ",,סיף מגבונים כללי מאס,Unknown,50.00,יחידה,false,,10.90,0.2180,true,1,153533
7290112492982,false,"אבקת מרק פטריות כשל""פ 100% רכיבים טבעיים 400 גרם",יוניליוור ישראל שיווק בע`מ,,אבקת מרק פטריות מרכי,גרמים,400.00,100 גרם,false,,21.90,0.0547,true,1,158954
7290112492999,false,קנור מרק עוף אמיתי 400 גרם פרווה,יוניליוור ישראל שיווק בע`מ,,אבקת מרק בטעם עוף פר,גרמים,400.00,100 גרם,false,,14.90,0.0373,true,1,152879
7290112493316,false,מרק היום אפונה 100% רכיבים טביעיים קנור,יוניליוור ישראל שיווק בע`מ,,מרק אפונה קנור 117 ג,גרמים,117.00,100 גרם,false,,12.90,0.1103,true,1,151998
7290112493873,false,חטיף אפוי דג דג (400 גרם)בייגל בייגל,יוניליוור ישראל שיווק בע`מ,,דג דג מלח 400 גרם,גרמים,400.00,100 גרם,false,,13.30,0.0333,true,1,154293
7290112493934,false,גלידה קרמיסימו וניל צרפתי 1.33 ליטר,"גלידת שטראוס בע""\מ, רחוב",,גלידת קרמיסימו 1.33,מיליליטרים,1330.00,"100 מ""ל",false,,18.90,0.0142,true,1,154401
7290112494283,false,חטיף כדורים מעורב חום לבו 65 גר`קליק,יוניליוור ישראל שיווק בע`מ,,קליק מעורב חום לבן ת,גרמים,65.00,100 גרם,false,,5.90,0.0908,true,1,152299
7290112494993,false,כריות דגנים במילוי וניל בדצ 686 גרם,"יוניליוור ישראל שיווק בע""מ",,כריות וניל 686 גרם,גרמים,686.00,100 גרם,false,,24.90,0.0363,true,1,152379
7290112495792,false,רוטב הלמנס שום לייט לסלט 305גר כשלפ,יוניליוור ישראל שיווק בע`מ,,הלמנס ר.לסלט שוםלייט,גרמים,300.00,100 גרם,false,,10.90,0.0363,true,1,153339
7290112495822,false,כריות BLACK בטעם שוקולד וניל תלמה 686 גרם,"יוניליוור ישראל שיווק בע""מ",,כריות בלאק 686 גרם,גרמים,686.00,100 גרם,false,,24.90,0.0363,true,1,154479
7290112496447,false,נמס בכוס אקסטרה טעם עוף עם המון אטריות 27ג',"יוניליוור ישראל שיווק בע""מ",,נמס בכוס אקסטרה עוף,גרמים,28.00,100 גרם,false,,4.90,0.1750,true,1,164974
7290112498472,false,אקס דאודורנט בודי ספריי מגנום,"יוניליוור ישראל שיווק בע""מ",,דאודורנט ספריי גוף ל,מיליליטרים,150.00,"100 מ""ל",false,,11.90,0.0793,true,1,161327
7290112498526,false,"פתית צ'יפס עם בטטה סגולה בטעם שמנת ובצל, 22 גרם",יוניליוור ישראל שיווק בע`מ,,פתית צ'יפס בטטה סגול,גרמים,22.00,100 גרם,false,,4.90,0.2227,true,1,163624
7290112498922,false,מאגדת מיני מגנום לבן שטראוס 250 גרם,"מיוצר ע""\י גלידת שטראוס",,מאגדת מיני מגנום שוק,גרמים,250.00,100 גרם,false,,25.90,0.1036,true,1,159875
7290112498946,false,קשת בענן ארטיק ילדים שטראוס 47 גרם,"גלידת שטראוס בע""\מ, רח'\",,קשת בענן - ארטיק ילד,Unknown,1.00,יחידה,false,,5.90,5.9000,true,1,164602
7290112499097,false,מאגדת מיני מגנום מריר Intense Dark! 240 גרם,"מיוצר ע""\י גלידת שטראוס",,מאגדת מיני מגנום מרי,Unknown,5.00,יחידה,false,,25.90,5.1800,true,1,164605
7290112499103,false,טילון קורנטו קליק וניל עוגיות שטראוס 72 גרם,"צר ע""\י גלידת שטראוס בע\",,טילון קורנטו קליק ונ,גרמים,72.00,100 גרם,false,,6.90,0.0958,true,1,165147
7290112499479,false,"פינוק - שמפו בתוספת קרטין 700 מ""ל",יוניליוור ישראל שיווק בע`מ,,פינוק שמפו קרטין 700,גרמים,700.00,100 גרם,false,,11.90,0.0170,true,1,158961
7290112499486,false,"פינוק - מרכך בתוספת קרטין 700 מ""ל","יוניליוור ישראל שיווק בע""מ",,פינוק מרכך קרטין 700,מיליליטרים,700.00,"100 מ""ל",false,,11.90,0.0170,true,1,158962
7290112499929,false,מגנום שוקולד אימפלס פסח 120מל,"מיוצר ע""\י גלידת שטראוס",,מגנום שוקולד,Unknown,1.00,יחידה,false,,9.90,9.9000,true,1,153395
7290112499936,false,מגנום שקדים אימפלס פסח 125מל,"מיוצר ע""\י גלידת שטראוס",,מגנום שקדים מובחרים,Unknown,1.00,יחידה,false,,9.90,9.9000,true,1,153396
7290112499943,false,מיני מאגדת מיני מגנום טעמים שונים וניל+שוקו,"מיוצר ע""\י גלידת שטראוס",,מיני מגנום קלאסיק חו,Unknown,5.00,יחידה,false,,25.90,5.1800,true,1,153399
7290112960832,false,"קוקילידה כשל""פ",,,"קוקילידה כשל""פ",Unknown,1.00,יחידה,false,,12.00,12.0000,true,1,153939
7290112962003,false,שלגון קראנץ וניל עוגיות עם שוקולד נסטלה 90 גרם,נגה גלידות שותפות מוגבלת,,קראנץ' וניל עוגיות,Unknown,1.00,יחידה,false,,8.90,8.9000,true,1,150880
7290112962096,false,פתיתים אפויים לבבות 400 ג' אסם,קבוצת אוסם סחר שותפות מוגבלת,,פתיתים אפויים בצורת,גרמים,400.00,100 גרם,false,,6.90,0.0173,true,1,155485
7290112963215,false,במבה נוגט קשיות 60 ג,חטיפי אסם 6 ב 20,,במבה נוגט קשיות 60 ג,גרמים,60.00,100 גרם,false,,5.00,0.0833,true,1,150896
7290112963918,false,פיטנס חטיפי קרקר דק רוזמרין 140 גרם,קבוצת אוסם סחר שותפות מוגבלת,,פיטנס קרקר THIN רוזמ,גרמים,140.00,100 גרם,false,,11.90,0.0850,true,1,155491
7290112964410,false,אסם רוטב אלף האיים חדש לסלט 290 גרם,קבוצת אוסם סחר שותפות מוגבלת,,רוטב לסלט אלף האיים,גרמים,290.00,100 גרם,false,,11.90,0.0410,true,1,152044
7290112964434,false,אסם רוטב קיסר חדש לסלט 295 גרם,קבוצת אוסם סחר שותפות מוגבלת,,רוטב לסלט קיסר 295 ג,מיליליטרים,290.00,"100 מ""ל",false,,11.90,0.0410,true,1,152045
7290112964458,false,אסם רוטב ויניגרט חדש לסלט 295 גרם,קבוצת אוסם סחר שותפות מוגבלת,,רוטב לסלט וינגרט 295,מיליליטרים,290.00,"100 מ""ל",false,,11.90,0.0410,true,1,152316
7290112964472,false,אסם רוטב שום חדש לסלט 290 גרם,קבוצת אוסם סחר שותפות מוגבלת,,רוטב לסלט שום 290 גר,מיליליטרים,290.00,"100 מ""ל",false,,11.90,0.0410,true,1,152317
7290112964601,false,רוטב בנוסח סצ'ואן הסדרה האסייתית,קבוצת אוסם סחר שותפות מוגבלת,,רוטב בנוסח סצ'ואן הס,מיליליטרים,290.00,"100 מ""ל",false,,11.90,0.0410,true,1,155215
7290112964625,false,רוטב שום לייט לסלט 310 גרם אסם,קבוצת אוסם סחר שותפות מוגבלת,,רוטב לסלט שום לייט 3,מיליליטרים,290.00,"100 מ""ל",false,,11.90,0.0410,true,1,152318
7290112965240,false,מרק נמס בטעם עגבניות זוג * 44 ג' אסם,קבוצת אוסם סחר שותפות מוגבלת,,מרק נמס עגבניות רגע,גרמים,60.00,100 גרם,false,,6.20,0.1033,true,1,155497
7290112965264,false,אבקת מרק נמס אפונה אסם בדצ 52 גרם מארז זוגי,קבוצת אוסם סחר שותפות מוגבלת,,מרק נמס אפונה רגע חם,גרמים,52.00,100 גרם,false,,6.20,0.1192,true,1,157054
7290112965288,false,מרק נמס ירקות אסם בדצ 56 גרם מארז זוגי,קבוצת אוסם סחר שותפות מוגבלת,,מרק נמס ירקות רגע חם,גרמים,56.00,100 גרם,false,,6.20,0.1107,true,1,157055
7290112965301,false,זוג מרק נמס בטעם עוף עם שקדי מרק רגע חם,קבוצת אוסם סחר שותפות מוגבלת,,מרק נמס בטעם עוף עם,גרמים,52.00,100 גרם,false,,6.20,0.1192,true,1,153668
7290112965745,false,אוסם - ביסלי פריסטייל בצל מעושן 60 גרם,קבוצת אוסם סחר שותפות מוגבלת,,ביסלי פריסטייל בצל מ,גרמים,60.00,100 גרם,false,,4.40,0.0733,true,1,158604
7290112966247,false,לחמית כוסמין 200 גרם אסם,קבוצת אוסם סחר שותפות מוגבלת,,לחמית כוסמין 200 גרם,גרמים,200.00,100 גרם,false,,9.90,0.0495,true,1,162439
7290112968807,false,80018416694פיטנס חטיפי קרקר דק סלק 150גר,קבוצת אוסם סחר שותפות מוגבלת,,פיטנס קרקר THIN סלק,גרמים,140.00,100 גרם,false,,11.90,0.0850,true,1,158617
7290112968821,false,חטיפי קרקר דק בטטה 140 גר` פיטנס,קבוצת אוסם סחר שותפות מוגבלת,,פיטנס קרקר THIN בטטה,גרמים,140.00,100 גרם,false,,11.90,0.0850,true,1,158618
7290113190467,false,אפונה שקית זיפר 1קג רמילוי,,,"אפונה ירוקה 1 ק""ג זי",גרמים,1000.00,100 גרם,false,,7.50,0.0075,true,1,153877
7290113190511,false,חומוס ענק שקית זיפר 1קג רמילוי,,,"חומוס ענק 1 ק""ג זיפר",גרמים,1000.00,100 גרם,false,,13.90,0.0139,true,1,153881
7290113190528,false,חיטה שקית זיפר 1קג רמילוי,,,"חיטה 1 ק""ג זיפר - רמ",גרמים,1000.00,100 גרם,false,,6.50,0.0065,true,1,153882
7290113190535,false,כוסמת קלויה שקית זיפר 1קג רמילוי,,,"כוסמת קלויה 1 ק""ג זי",גרמים,1000.00,100 גרם,false,,8.50,0.0085,true,1,153883
7290113190597,false,עדשים ירוקות שקית זיפר 1קג רמילוי,,,"עדשים ירוקות 1 ק""ג ז",גרמים,1000.00,100 גרם,false,,10.90,0.0109,true,1,153876
7290113191099,false,"סירופ מייפל 250מ""ל שקדיה","קופרדקס איי פי אם בע""\מ",,"סירופ מייפל 250 מ""ל",מיליליטרים,250.00,"100 מ""ל",false,,19.90,0.0796,true,1,159932
7290113192324,false,זיתים ירוקים שלמים בינוניים בית השיטה,קבוצת אוסם סחר-שות.מוגבלת,,בית השיטה זיתים ירוק,גרמים,340.00,100 גרם,false,,10.90,0.0321,true,1,156693
7290113192331,false,בית השיטה זיתים ירוקים גדולים 340 גרם*,קבוצת אוסם סחר שותפות מוגבלת,,בית השיטה זיתים ירוק,גרמים,340.00,100 גרם,false,,9.90,0.0291,true,1,156694
7290113192355,false,חרוזית זיתים ירוקים ללא גלעין 275 ג' בית השיטה,קבוצת אוסם סחר שותפות מוגבלת,,חרוזית זיתים ירוקים,גרמים,275.00,100 גרם,false,,10.50,0.0382,true,1,153787
7290113192379,false,בית השיטה זיתים ירוקים מבוקעים א2 340גר',קבוצת אוסם סחר-שות.מוגבלת,,ב.הש.זיתים ירוקים מב,גרמים,340.00,100 גרם,false,,10.90,0.0321,true,1,155532
7290113192515,false,בית השיטה מלפפונים במלח קטן מאוד 1825 320 גרם,קבוצת אוסם סחר שותפות מוגבלת,,מלפפון במלח בית השיט,גרמים,320.00,100 גרם,false,,12.90,0.0403,true,1,154659
7290113192522,false,בית השיטה מלפפונים בחומץ קטן מאוד 1825 290 גרם,קבוצת אוסם סחר שותפות מוגבלת,,מלפפון בחומץ בית השי,גרמים,290.00,100 גרם,false,,12.90,0.0445,true,1,155245
7290113192546,false,"מלפפונים בחומץ רכיבים טבעיים 7-9 ""בית השיטה""",קבוצת אוסם סחר שותפות מוגבלת,,בית השיטה מלפפון בחו,גרמים,560.00,100 גרם,false,,6.90,0.0123,true,1,155246
7290113192560,false,פלפל חריף כבוש שיפקה בית השיטה (430 גר`),קבוצת אוסם סחר שותפות מוגבלת,,בית השיטה פלפל שיפקה,גרמים,230.00,100 גרם,false,,7.90,0.0343,true,1,156699
7290113192881,false,"טורטיה חיטה מופחת קלוריות, קוטר 20 ס""מ - 6 יח'",דין שיווק וקליה 2021 בעמ,,טורטיה חיטה מופחת קל,גרמים,270.00,100 גרם,false,,11.90,0.0441,true,1,155188
7290113192959,false,קונפיטורה פירות 70%,,,קונפיטורה פירות 70%,גרמים,450.00,100 גרם,false,,9.90,0.0220,true,1,157534
7290113193321,false,שמן זית כתית מעולה בית השיטה 750 מייל,קבוצת אוסם סחר שותפות מוגבלת,,שמן זית כתית מעולה ב,מיליליטרים,750.00,"100 מ""ל",false,,29.90,0.0399,true,1,157436
7290113195196,false,"רסק תפוחי עץ ללת""ס 710 גרם",דין שיווק וקליה 2021 בעמ,,רסק תפוחי עץ 710 גרם,גרמים,710.00,100 גרם,false,,9.90,0.0139,true,1,158017
7290113195967,false,קוואקר שיבולת שועל פחית שקדיה 500 גרם,דין שיווק וקליה 2021 בעמ,,שיבולת שועל בפחית 50,גרמים,500.00,100 גרם,false,,9.90,0.0198,true,1,162284
7290113196520,false,פריכיות כוסמין ללא מלח שקדיה 150 גרם,דין שיווק וקליה 2021 בעמ,,פריכיות כוסמין ללא מ,גרמים,150.00,100 גרם,false,,11.90,0.0793,true,1,162941
7290113196896,false,"תרסיס שמן זית שקדיה 170 מ""ל",דין שיווק וקליה 2021 בעמ,,תרסיס שמן זית שקדיה,מיליליטרים,170.00,"100 מ""ל",false,,14.90,0.0876,true,1,162953
7290113197152,false,לבבות דקל שלמים במלח410ג,שקדיה,,לבבות דקל במי מלח 41,גרמים,410.00,100 גרם,false,,13.90,0.0339,true,1,162287
7290113241176,false,"אצטון 100 מ""ל",,,"אצטון 100 מ""ל",מיליליטרים,100.00,"100 מ""ל",false,,4.90,0.0490,true,1,148594
7290113241190,false,"מסיר לק 100 מ""ל",,,"מסיר לק 100 מ""ל",מיליליטרים,100.00,"100 מ""ל",false,,3.20,0.0320,true,1,148595
7290113288485,false,כוסות נייר שתיה חמה,,,כוסות נייר שתיה חמה,Unknown,50.00,יחידה,false,,11.90,0.2380,true,1,163970
7290113470026,false,גפרורים אקסטרה לארג',,,גפרורים אקסטרה לארג',Unknown,3.00,יחידה,false,,6.90,2.3000,true,1,152210
7290113470286,false,מגבונים לניקוי כללי,,,מגבונים לניקוי כללי,Unknown,400.00,יחידה,false,,20.90,0.0522,true,1,154470
7290113472075,false,שום ארוז יבוא,,,שום ארוז יבוא,מארז,1.00,מארז,false,,7.90,7.9000,true,1,154113
7290113472105,false,כוסות נייר שתיה חמה,,,כוסות נייר שתיה חמה,Unknown,50.00,יחידה,false,,11.90,0.2380,true,1,154146
7290113476295,false,50 להבונים בשקית,,,50 להבונים בשקית,Unknown,50.00,יחידה,false,,11.90,0.2380,true,1,157759
7290113476301,false,נר נשמה 24 שעות,,,נר נשמה 24 שעות,Unknown,1.00,יחידה,false,,1.90,1.9000,true,1,157757
7290113476325,false,נר נשמה שבועי,,,נר נשמה שבועי,Unknown,1.00,יחידה,false,,9.60,9.6000,true,1,157760
7290113479708,false,גליל נייר מגבת מודפס איכותי למטבח,,,נייר מגבת למטבח (235,Unknown,235.00,יחידה,false,,16.90,0.0719,true,1,159691
7290113660106,false,מארז 50 כוסות אמנון ותמר,כוסות שתייה חמה 3 ב,,כוסות נייר שתיה חמה,Unknown,50.00,יחידה,false,,11.90,0.2380,true,1,149918
7290114311021,false,"משקה חלב וניל עוגיות פקק ספורט טרה 250 מ""ל",*החברה המרכזית להפצת משקאותבעמ,,משקה וניל עוגיות טרה,גרמים,250.00,100 גרם,false,,5.60,0.0224,true,1,165273
7290114311298,false,יוגורט מולר פרופ בטעם תות בננה מלון 150,החברה המרכזית טלהפצת משקאות בע,,קציפת תות בננה מלון,גרמים,150.00,100 גרם,false,,5.20,0.0347,true,1,166397
7290114311328,false,חלב מועשר דל לקטוז מעושר בויטמין Dי 2% שומן טרה 1 ליטר,*החברה המרכזית להפצת משקאותבעמ,,חלב נטול לקטוז מועשר,מיליליטרים,1000.00,"100 מ""ל",false,,7.90,0.0079,true,1,166887
7290114311458,false,חלב קרטון 3% מועשר ויטמין די 1 ליטר,*החברה המרכזית להפצת משקאותבעמ,,חלב 3% מועשר וויטמין,מיליליטרים,1000.00,"100 מ""ל",false,,7.50,0.0075,true,1,167224
7290114311496,false,קרטון חלב מועשר 1% שומן 1 ליטר טרה,החברה המרכזית טלהפצת משקאות בע,,חלב 1% מועשר וויטמין,מיליליטרים,1000.00,"100 מ""ל",false,,7.50,0.0075,true,1,167227
7290114603522,false,מאסטר שף רוטב קארי ירוק 340 גרם,ש. שסטוביץ בע`מ,,רוטב קארי ירוק מאסטר,גרמים,340.00,100 גרם,false,,14.90,0.0438,true,1,157160
7290114604864,false,קוסקוס סולת דק מאסטר שף 350 גרם,ש. שסטוביץ בע`מ,,קוסקוס סולת דק מאסטר,גרמים,350.00,100 גרם,false,,5.90,0.0169,true,1,157889
7290114604949,false,מאסטר שף רוטב ברביקיו 524 גרם,רמיה סי.וי. הולנד,,רוטב ברביקיו מאסטר ש,גרמים,524.00,100 גרם,false,,12.90,0.0246,true,1,159538
7290115071498,false,מטבעות שוקולד ברשת 31 גר`כוח פי ג`יי,שמחה זה אנחנו בעמ,,מטבעות שוקולד ברשת 3,גרמים,31.00,100 גרם,false,,3.90,0.1258,true,1,159579
7290115071504,false,6 מטבעות שוקולד באריזת רשת 31 גר סמי הכב,שמחה זה אנחנו בעמ,,מטבעות שוקולד ברשת 3,גרמים,31.00,100 גרם,false,,3.90,0.1258,true,1,159580
7290115200003,false,אסם פתי בר פינוקי וניל 16*220 ג',קבוצת אוסם סחר שותפות מוגבלת,,פתי בר פינוקי וניל א,גרמים,220.00,100 גרם,false,,9.90,0.0450,true,1,156763
7290115200027,false,אסם פתי בר פינוקים שוקו 220 גרם,קבוצת אוסם סחר שותפות מוגבלת,,פתי בר פינוקי שוקו א,גרמים,220.00,100 גרם,false,,9.90,0.0450,true,1,156764
7290115200676,false,עוגיות קרמוגית במילוי קרם בטעם קרמל מלוח,קבוצת אוסם סחר שותפות מוגבלת,,קרמוגית קרמל מלוח 20,גרמים,200.00,100 גרם,false,,10.90,0.0545,true,1,157365
7290115202434,false,צבר סלט חומוס עם זעתר 375 גרם,קבוצת אוסם סחר שותפות מוגבלת,,חומוס עם זעתר צבר 37,גרמים,375.00,100 גרם,false,,11.90,0.0317,true,1,158631
7290115203172,false,במבה PRO מכיל 18 גרם חלבון בשקית,קבוצת אוסם סחר שותפות מוגבלת,,במבה פרו 80 גרם,גרמים,80.00,100 גרם,false,,4.90,0.0613,true,1,167054
7290115203486,false,פירורית בטעם ביסלי גריל אסם 200 גרם,קבוצת אוסם סחר שותפות מוגבלת,,פירורית בטעם ביסלי ג,גרמים,200.00,100 גרם,false,,6.40,0.0320,true,1,158642
7290115204056,false,"קטשופ מופחת סוכר אסם 690 גרם כשל""פ",קבוצת אוסם סחר שותפות מוגבלת,,קטשופ מופחת סוכר ללא,גרמים,690.00,100 גרם,false,,10.90,0.0158,true,1,158648
7290115204131,false,צבר סחוג ירוק 6*190גרם חדש,קבוצת אוסם סחר שותפות מוגבלת,,סחוג ירוק צבר 190 גר,גרמים,190.00,100 גרם,false,,12.90,0.0679,true,1,164092
7290115204186,false,פסטו המעדינה של צבר,קבוצת אוסם סחר שותפות מוגבלת,,פסטו צבר 190 גרם,גרמים,190.00,100 גרם,false,,15.90,0.0837,true,1,164094
7290115204261,false,אריסה חריפה המעדנייה,קבוצת אוסם סחר שותפות מוגבלת,,אריסה צבר 190 גרם,גרמים,190.00,100 גרם,false,,12.90,0.0679,true,1,164096
7290115205176,false,729001032825פיטנס חטיפי קרקר כפרי 140גר.,קבוצת אוסם סחר שותפות מוגבלת,,פיטנס חטיפי קרקר טינ,גרמים,140.00,100 גרם,false,,11.90,0.0850,true,1,164170
7290115205312,false,קרקר פיטנס דק עם זיתי קלמטה ועשבי תיבול,קבוצת אוסם סחר שותפות מוגבלת,,פיטנס קרקר Thin Deli,גרמים,140.00,100 גרם,false,,11.90,0.0850,true,1,165506
7290115205978,false,פתיבר ואצבעות שוקולד 180 גרם - רבנות,קבוצת אוסם סחר שותפות מוגבלת,,פתי בר אצבעות שוקולד,גרמים,180.00,100 גרם,false,,11.90,0.0661,true,1,164666
7290115207361,false,ביסקוויט פתיבר בטעם פיסטוק,קבוצת אוסם סחר שותפות מוגבלת,,פתי בר פיסטוק אסם 50,גרמים,500.00,100 גרם,false,,11.90,0.0238,true,1,165511
7290115207484,false,צבר סלט חציל על האש היתר 360 גרם,קבוצת אוסם סחר שותפות מוגבלת,,חציל על האש צבר 400,גרמים,400.00,100 גרם,false,,15.90,0.0398,true,1,164104
7290115208009,false,ויטמינצ'יק ענבים סירופ 1 ליטר,קבוצת אוסם סחר שותפות מוגבלת,,ויטמינצ'יק ענבים 1 ל,מיליליטרים,1000.00,"100 מ""ל",false,,21.90,0.0219,true,1,164455
7290115208047,false,סירופ פטל ויטמינצ`יק (1 ליטר),קבוצת אוסם סחר שותפות מוגבלת,,ויטמינצ'יק פטל 1 ליט,מיליליטרים,1000.00,"100 מ""ל",false,,21.90,0.0219,true,1,164456
7290115208061,false,ויטמינצ'יק תפוח סירופ 1 ליטר,קבוצת אוסם סחר שותפות מוגבלת,,ויטמינצ'יק תפוח 1 לי,מיליליטרים,1000.00,"100 מ""ל",false,,21.90,0.0219,true,1,164457
7290115208320,false,אפרופו חטיף בטעם ביסלי בצל 50 גרם,קבוצת אוסם סחר שותפות מוגבלת,,אפרופו בטעם ביסלי בצ,גרמים,50.00,100 גרם,false,,4.90,0.0980,true,1,168062
7290115208344,false,שטוחים בייגלה כפיות שמנת בצל 300גר,קבוצת אוסם סחר שותפות מוגבלת,,בייגלה כפיות שמנת בצ,גרמים,300.00,100 גרם,false,,10.90,0.0363,true,1,167057
7290115208801,false,קרקר לחמית דבש ואגוזים אסם (190 גרם),קבוצת אוסם סחר שותפות מוגבלת,,לחמית דבש ואגוזים 19,גרמים,190.00,100 גרם,false,,9.90,0.0521,true,1,167058
7290115209174,false,במבה אורירית קלאסי 60 גר',קבוצת אוסם סחר-שות.מוגבלת,,במבה אורירית אסם 60,גרמים,60.00,100 גרם,false,,4.30,0.0717,true,1,166185
7290115209358,false,במבה במילוי בראוניז אסם (60 גרם),קבוצת אוסם סחר שותפות מוגבלת,,במבה במילוי בראוניז,גרמים,60.00,100 גרם,false,,4.90,0.0817,true,1,168064
7290115400847,false,עוגיות פרפריות רמי לוי 500 גרם,,,עוגיות פרפריות רמי ל,גרמים,500.00,100 גרם,false,,14.90,0.0298,true,1,165744
7290115400861,false,עוגיות מעמול רמי לוי 500 גרם,,,עוגיות מעמול תמר רמי,גרמים,500.00,100 גרם,false,,14.90,0.0298,true,1,165746
7290115400885,false,עוגיות עינוגי שוקולד רמי לוי 500 גרם,,,עוגיות עינוגי שוקולד,גרמים,500.00,100 גרם,false,,14.90,0.0298,true,1,165748
7290115400908,false,עוגיות מגולגלות תמרים רמי לוי 500 גרם,,,עוגיות מגולגלות תמרי,גרמים,500.00,100 גרם,false,,14.90,0.0298,true,1,165749
7290115401103,false,עוגיות נסיכה מיקס רמי לוי 500 גרם,,,עוגיות נסיכה מיקס רמ,גרמים,500.00,100 גרם,false,,14.90,0.0298,true,1,165751
7290115401110,false,עוגיות מיני מרוקאי רמי לוי 500 גרם,,,עוגיות בסגנון מרוקאי,גרמים,500.00,100 גרם,false,,14.90,0.0298,true,1,165752
7290115401158,false,עוגיות מלוחות קריספי רמי לוי 500 גרם,,,עוגיוים מלוחות קריספ,גרמים,500.00,100 גרם,false,,14.90,0.0298,true,1,165753
7290115401196,false,עוגיות קוואקר פריכות רמי לוי 500 גרם,,,עוגיות קוואקר פריכות,גרמים,500.00,100 גרם,false,,14.90,0.0298,true,1,165755
7290115410884,false,חציל על האש 400ג רמילוי,,,חציל על האש רמי לוי,גרמים,400.00,100 גרם,false,,10.90,0.0273,true,1,164075
7290115410891,false,חומוס מסבחה 400ג רמילוי,,,חומוס מסבחה רמי לוי,גרמים,400.00,100 גרם,false,,10.90,0.0273,true,1,163599
7290115410921,false,חומוס ירושלמי 400ג רמילוי,,,חומוס ירושלמי רמי לו,גרמים,400.00,100 גרם,false,,10.90,0.0273,true,1,164078
7290115410969,false,חומוס לפיתה 700ג רמילוי,,,סלט חומוס לפיתה רמי,גרמים,700.00,100 גרם,false,,10.90,0.0156,true,1,158085
7290115411454,false,חומוס ירושלמי המזטים,,,חומוס ירושלמי המזטים,גרמים,250.00,100 גרם,false,,8.90,0.0356,true,1,158086
7290115411560,false,חציל תאילנדי 250גר רמילוי,,,חציל תאילנדי המזטים,גרמים,250.00,100 גרם,false,,8.90,0.0356,true,1,158088
7290115411577,false,חציל במיונז 250גר רמילוי,,,חציל אש במיונז המזטי,גרמים,250.00,100 גרם,false,,8.90,0.0356,true,1,158089
7290115411607,false,חציל בטעם כבד 250גר רמילוי,,,חציל בטעם כבד רמי לו,גרמים,250.00,100 גרם,false,,15.90,0.0636,true,1,158090
7290115411638,false,קוביות חציל בטחינה 250גר רמילוי,,,קוביות חציל בטחינה ה,גרמים,250.00,100 גרם,false,,8.90,0.0356,true,1,158092
7290115671223,false,מסטיק מאסט פאן אבטיח מנגו צנצנת 58 גרם,שטראוס גרופ בע`מ,,מאסט פאן אבטיח מנגו,גרמים,58.00,100 גרם,false,,9.90,0.1707,true,1,164145
7290115671353,false,מיני פינוקיות עוגיות קקאו במילוי קרם בטעם וניל,"הגביע מוצרי ופלים בע""\מ",,מיני פינוקיות שחור ל,גרמים,180.00,100 גרם,false,,10.90,0.0606,true,1,164147
7290115676082,false,משקה דנונה פרו 20 יוגורט תות 255 ג' רבנות,שטראוס גרופ בעמ/מצונן,,משקה דנונה פרו 20 תו,גרמים,250.00,100 גרם,false,,6.90,0.0276,true,1,158262
7290115676099,false,משקה דנונה פרו 20 יוגורט וניל 255 ג' רבנות,שטראוס גרופ בעמ/מצונן,,משקה דנונה פרו 20 ונ,גרמים,255.00,100 גרם,false,,6.90,0.0271,true,1,158263
7290115678376,false,מעדן הגולן שוקולד 125 גרם,שטראוס גרופ בעמ/מצונן,,מעדן הגולן שוקולד 12,גרמים,125.00,100 גרם,false,,2.90,0.0232,true,1,162368
7290115678383,false,מעדן הגולן שוקולד מריר בודד 125גר,שטראוס גרופ בעמ/מצונן,,מעדן הגולן שוקולד מר,גרמים,125.00,100 גרם,false,,2.90,0.0232,true,1,162369
7290115992106,false,"אריסה ביתית 3 ק""ג",,,"אריסה ביתית 3 ק""ג",Unknown,0.00,יחידה,false,,2999.90,0.0000,true,1,157935
7290116052724,false,מזלג שקוף רמי לוי 40,,,מזלג שקוף רמי לוי 40,100 יחידה,40.00,100 יחידה,false,,8.90,0.2225,true,1,166603
7290116052939,false,כפית פרימיום קרם 40 יחידות,,,כפית פרימיום קרם 40,100 יחידה,40.00,100 יחידה,false,,7.90,0.1975,true,1,166231
7290116052946,false,מזלג פרימיום קרם 40 יחידות,,,מזלג פרימיום קרם 40,100 יחידה,40.00,100 יחידה,false,,7.90,0.1975,true,1,166232
7290116052953,false,סכין פרימיום קרם 40,,,סכין פרימיום קרם 40,100 יחידה,40.00,100 יחידה,false,,7.90,0.1975,true,1,166233
7290116053042,false,כף פרימיום שקוף 40 י,,,כף פרימיום שקוף 40 י,100 יחידה,40.00,100 יחידה,false,,7.90,0.1975,true,1,166242
7290116055657,false,כוסות חד פעמי לשתייה חמה 40 יח,,,כוס חם 8 (40 יח') רמ,100 יחידה,40.00,100 יחידה,false,,9.90,0.2475,true,1,166243
7290116055664,false,כוסות שתיה חמה 40 יחידות,,,כוס חם 10 רמי לוי,Unknown,40.00,יחידה,false,,17.90,0.4475,true,1,165451
7290116056302,false,צלחת 9' לבן (50 יח') בסט וליו,,,צלחת 9 לבן 50 יחידות,Unknown,1.00,יחידה,false,,21.90,21.9000,true,1,165378
7290116056968,false,מטליות 50יח לניקוי וחיטוי 99.9%,,,מטליות לניקוי וחיטוי,Unknown,50.00,יחידה,false,,7.90,0.1580,true,1,163196
7290116530161,false,"תחליב רחצה בניחוח שייק אננס, מלון וחלב שיבולת שועל",יוניליוור ישראל שיווק בע`מ,,פינוק תחליב רחצה 700,מיליליטרים,700.00,"100 מ""ל",false,,11.90,0.0170,true,1,158965
7290116530482,false,תלמה מארז קורנפלקס אלופים 30 גרם*5 יחידו,יוניליוור ישראל שיווק בע`מ,,מאגדת קורנפלקס של אל,גרמים,150.00,100 גרם,false,,13.90,0.0927,true,1,162421
7290116531496,false,קינמונים דגנים פריכים מצופים קינמון 375,"יוניליוור ישראל שיווק בע""מ",,קינמונים דגני בוקר,גרמים,375.00,100 גרם,false,,20.90,0.0557,true,1,166020
7290116531793,false,הלמנ'ס רוטב לסלט קיסר 295 גרם,"יוניליוור ישראל שיווק בע""מ",,רוטב לסלט קיסר 295 ג,גרמים,295.00,100 גרם,false,,10.80,0.0366,true,1,163635
7290116531885,false,"מיונז הלמנס טיבעוני בד""ץ 500 גר",יוניליוור ישראל שיווק בע`מ,,ממרח טבעוני ויגן תלמ,גרמים,500.00,100 גרם,false,,13.90,0.0278,true,1,166308
7290116532011,false,קליק אוקיי נוגט בציפוי שוקולד חלב 35 גרם,יוניליוור ישראל שיווק בע`מ,,חטיף נוגט קליק 35 גר,גרמים,35.00,100 גרם,false,,4.90,0.1400,true,1,165095
7290116532264,false,גודיז פרי אפרסק – שלגון מופחת קלוריות עם יוגורט בציפוי בטעם אפרסק,"גלידת שטראוס בע""\מ, רחוב",,מאגדת גודיז פרי אפרס,גרמים,300.00,100 גרם,false,,22.90,0.0763,true,1,165151
7290116532271,false,סנדוויץ לייט גודיז שוקולד וניל 270 ג' שטראוס,"גלידת שטראוס בע""\מ, רחוב",,מאגדת גודיז סנדוויץ',גרמים,270.00,100 גרם,false,,24.90,0.0922,true,1,165152
7290116532479,false,קליק גלידת שמנת בטעמי שוקולד לבן עוגיות 384 ג' שטראוס,"גלידת שטראוס בע""\מ, רחוב",,פיינט קליק שוקולד לב,מיליליטרים,520.00,"100 מ""ל",false,,17.90,0.0344,true,1,166158
7290116533063,false,דגני בוקר שוגי קרטיב ענבים 400 גרם,יוניליוור ישראל שיווק בע`מ,,דגני בוקר שוגי בטעם,גרמים,400.00,100 גרם,false,,20.90,0.0522,true,1,166312
7290116930435,false,יופלה גו במרקם סמיך עם דובדבן 0% 200מל,תנובה מרכז שיתופי לש,,יוגורט יופלה גו סמיך,גרמים,200.00,100 גרם,false,,5.90,0.0295,true,1,165743
7290116930480,false,"משקה SHAKE בננה קיווי תפוח 230 מ""ל יופלה",קבוצת המזון אקטשלאר,,יופלה שייק בננה קיו,מיליליטרים,230.00,"100 מ""ל",false,,7.90,0.0343,true,1,166255
7290116930701,false,מעדן חלב GO מועשר בחלבון בטעם קרמל מלוח,תנובה מרכז שיתופי לש,,מעדן חלב גו בטעם קרמ,גרמים,120.00,100 גרם,false,,4.90,0.0408,true,1,166261
7290117260227,false,קפה טורקי אמיתי מטורקיה 100 גרם,ג. וילי-פוד אינטרנשיונל בע`מ,,קפה טורקי קלוי מטורק,גרמים,100.00,100 גרם,false,,6.90,0.0690,true,1,164349
7290117260333,false,גבינת שמנת עם חלפיניו 22% 200ג רמילוי,,,גבינת שמנת עם חלפיני,גרמים,200.00,100 גרם,false,,10.90,0.0545,true,1,165793
7290117261385,false,גבינת פטה לייט 500 גרם 8% שומן מחלבת איר,ג.וילי-פוד אינטרנשיונל **גבינו,,גבינת פטה לייט יורו,גרמים,500.00,100 גרם,false,,26.90,0.0538,true,1,167443
7290117380864,false,סלים דליס פייבר עוגות בראוניס אישיות בטעם שוקולד 120 גרם,ש.שסטוביץ בעמ,,עוגות אישיות בטעם שו,גרמים,120.00,100 גרם,false,,11.90,0.0992,true,1,165887
7290117380871,false,סלים דליס פייבר עוגות אישיות בטעם אוכמניות 120 גרם,ש.שסטוביץ בעמ,,עוגות אישיות בטעם או,גרמים,120.00,100 גרם,false,,11.90,0.0992,true,1,165888
7290117821466,false,ביצת הפתעה עם סוכריות קשות 20 גר`חיות ה,שמחה זה אנחנו בעמ,,ביצת הפתעה עם סוכרי,גרמים,20.00,100 גרם,false,,7.90,0.3950,true,1,167928
7290117900932,false,גרעיני אבטיח קלויים 130 גרם,דין שיווק וקליה 2021 בעמ,,גרעיני אבטיח קלויים,גרמים,130.00,100 גרם,false,,10.90,0.0838,true,1,166433
7290117900949,false,בוטנים מצופים אמריקאים 250 גרם,דין שיווק וקליה 2021 בעמ,,בוטנים מצופים אמריקא,גרמים,250.00,100 גרם,false,,10.90,0.0436,true,1,166434
7290117900956,false,תערובת פיצוחים קלויים ששון הקולה 180 גרם,דין שיווק וקליה 2021 בעמ,,תערובת פיצוחים קלויי,גרמים,180.00,100 גרם,false,,15.90,0.0883,true,1,166435
7290117900963,false,בוטנים קלויים 270גר ששון הקולה,דין שיווק וקליה 2021 בעמ,,בוטנים קלויים ששון ה,גרמים,270.00,100 גרם,false,,10.90,0.0404,true,1,166436
7290117900970,false,שקדים קלויים ששון הקולה 180 גם,דין שיווק וקליה 2021 בעמ,,שקדים קלויים ששון הק,גרמים,180.00,100 גרם,false,,15.90,0.0883,true,1,166437
7290117900987,false,אגוז פקאן קלוף ששון הקולה 140 גרם,דין שיווק וקליה 2021 בעמ,,אגוז פקאן קלוף ששון,גרמים,140.00,100 גרם,false,,15.90,0.1136,true,1,166438
7290117901007,false,פיסטוקים קלויים ששון הקולה 130 גרם,דין שיווק וקליה 2021 בעמ,,פיסטוקים קלויים ששון,גרמים,130.00,100 גרם,false,,15.90,0.1223,true,1,166440
7290117901014,false,אגוזי קשיו קלויים 160 גר ששון הקולה,דין שיווק וקליה 2021 בעמ,,קשיו קלוי ששון הקולה,גרמים,160.00,100 גרם,false,,15.90,0.0994,true,1,166441
7290117901021,false,קבוקים בוטנים מצופים עם שומשום 220 גרם,דין שיווק וקליה 2021 בעמ,,קבוקים בוטנים מצופים,גרמים,220.00,100 גרם,false,,10.90,0.0495,true,1,166442
7290117901038,false,אגוזי מלך קלופים ששון הקולה 190 גרם,דין שיווק וקליה 2021 בעמ,,אגוזי מלך קלופים ששו,גרמים,190.00,100 גרם,false,,15.90,0.0837,true,1,166443
7290117901045,false,בוטן רביולי ששון הקולה 200 גרם,דין שיווק וקליה 2021 בעמ,,בוטן רביולי ששון הקו,גרמים,200.00,100 גרם,false,,15.90,0.0795,true,1,166444
7290117901052,false,שקדים קלופים 180 גר ששון הקולה,דין שיווק וקליה 2021 בעמ,,שקדים קלופים ששון הק,גרמים,180.00,100 גרם,false,,15.90,0.0883,true,1,166445
7290118420071,false,במבה ביסלי ברביקיו מיקס 80גר אסם{,קבוצת אוסם סחר שותפות מוגבלת,,במבה ביסלי ברביקיו מ,גרמים,80.00,100 גרם,false,,4.90,0.0613,true,1,168066
7290118420477,false,אסם בייגלה שטוחים בטעם ביסלי בצל 300 גרם,קבוצת אוסם סחר שותפות מוגבלת,,אסם בייגלה שטוחים בט,גרמים,300.00,100 גרם,false,,9.90,0.0330,true,1,168068
7296168010590,false,פדים להסרת איפור 80*,,,פדים להסרת איפור 80*,Unknown,80.00,יחידה,false,,16.90,0.2112,true,1,159955
7299854145262,false,כוסות נייר שתיה חמה,כוסות שתייה חמה 3 ב,,כוסות נייר שתיה חמה,Unknown,50.00,יחידה,false,,11.90,0.2380,true,1,159692
7299916670042,false,קופיקס קרוטונים 1 ק',,,קופיקס קרוטונים 1 ק',פריט,1.00,"ק""ג",false,,2999.90,2999.9000,true,1,152150
7312040017683,false,מארז אבסולוט רגיל(וודקה {}{700 עם כוס,טמפו משקאות בע`מ,,"וודקה אבסולוט 700 מ""",מיליליטרים,700.00,"100 מ""ל",false,,67.90,0.0970,true,1,144644
7501013101355,false,"נקטר בטעם אפרסק 500 מ""ל JUMEX",חומקס קומר קומרסאליזדורה,,ג'ומקס נקטר אפרסק 47,מיליליטרים,473.00,"100 מ""ל",false,,8.40,0.0178,true,1,151983
7501013101393,false,"ג'ומקס אננס בקבוק 473 מ""ל תריסר",חומקס קומר קומרסאליזדורה,,ג'ומקס משקה אננס 473,מיליליטרים,473.00,"100 מ""ל",false,,8.40,0.0178,true,1,151986
7501013122039,false,ג'ומקס מיץ מנגו קרטונית ליטר תריסר,חומקס קומר קומרסאליזדורה,,ג'ומקס נקטר מנגו קרט,מיליליטרים,1000.00,"100 מ""ל",false,,9.50,0.0095,true,1,151775
7501013122190,false,ג'ומקס מיץ תפוחים קרטונית ליטר תריסר,חומקס קומר קומרסאליזדורה,,ג'ומקס משקה תפוחים ק,מיליליטרים,1000.00,"100 מ""ל",false,,9.50,0.0095,true,1,151776
7501013122992,false,ג'ומקס מיץ קוקוס אננס קרטונית ליטר תריסר,חומקס קומר קומרסאליזדורה,,ג'ומקס משקה קוקוס אנ,מיליליטרים,1000.00,"100 מ""ל",false,,9.50,0.0095,true,1,151777
7501064191398,false,שישיית בירה קורונה אקסטרא *355 מל,קריניציה ויטמינה אס,,בירה קורונה שישייה 3,מיליליטרים,2130.00,"100 מ""ל",false,,39.90,0.0187,true,1,151327
7613030979647,false,דגני בוקר טריקס פירות עולם היורה 480 ג',קבוצת אוסם סחר שותפות מוגבלת,,דגני תירס תפוחים בטע,גרמים,480.00,100 גרם,false,,23.90,0.0498,true,1,148128
7613033539022,false,"מחית תפו""ע שלב 1 130 גרם",נסטלה,,מטרנה מחית תפוח עץ ש,גרמים,130.00,100 גרם,false,,5.00,0.0385,true,1,149346
7613035656932,false,מאגדת קקטוס יח',נסטלה,,מאגדת קקטוס,Unknown,0.00,יחידה,false,,2999.00,0.0000,true,1,144850
7613035809109,false,פרפקטו רוטב עגבניות ובזיליקום אסם 400 גרם,קבוצת אוסם סחר שותפות מוגבלת,,פרפקטו רוטב עגבניות,גרמים,400.00,100 גרם,false,,10.50,0.0263,true,1,150851
7613036737623,false,דגני בוקר קראנץ מיקס 410גר,קבוצת אוסם סחר שותפות מוגבלת,,קראנץ מקס 410 גרם,גרמים,410.00,100 גרם,false,,23.90,0.0583,true,1,151173
7613037811629,false,קורנפלקס גו פרי ללא גלוטן 500 גר`,קבוצת אוסם סחר שותפות מוגבלת,,גו פרי קורנפלקס 500,גרמים,500.00,100 גרם,false,,12.90,0.0258,true,1,157679
7613287121783,false,סמארטיס מיני 16*187 גרם,קבוצת אוסם סחר שותפות מוגבלת,,סמארטיס מיני 187 גרם,גרמים,187.00,100 גרם,false,,14.90,0.0797,true,1,158655
7613287394323,false,דגני בוקר מולטי צ'יריוס 600 גרם,קבוצת אוסם סחר שותפות מוגבלת,,מולטי ציריוס 600 גרם,גרמים,600.00,100 גרם,false,,22.90,0.0382,true,1,158657
7622010001858,false,עוגיות אוראו ממולאות קרם וניל 176 גרם.,דיפלומט מפיצים (1968) בעמ**,,אוראו וניל 176 גרם ב,גרמים,176.00,100 גרם,false,,9.90,0.0563,true,1,143743
7622201050757,false,מילקה שוקולד חלב במילוי קרם קרמל 100 ג,דיפלומט מפיצים (1968) בעמ**,,שוקולד חלב במילוי קר,גרמים,100.00,100 גרם,false,,6.90,0.0690,true,1,152902
7622201139278,false,גבינת פילדלפיה שמנת 150 גר`% (27 שומן),מיודלז אספניה פרודוק,,גבינת שמנת 27% פילדל,גרמים,150.00,100 גרם,false,,14.90,0.0993,true,1,153717
7622201500733,false,עוגיות אוראו רמיקס דאבל קרם קרמל וניל157,דיפלומט מפיצים (1968) בע`מ,,אוראו רמיקס דאבל קרם,גרמים,157.00,100 גרם,false,,8.90,0.0567,true,1,167049
7622201798154,false,גבינת שמנת לייט מופחתת שומן 13% שומן,מיודלז אספניה פרודוק,,גבינת שמנת פילדלפיה,גרמים,150.00,100 גרם,false,,14.90,0.0993,true,1,162657
7622201802363,false,מילקה טבלת שוקולד חלב וצימוקים ואגוזים 100ג',דיפלומט מפיצים (1968) בעמ**,,שוקולד חלב עם אגוזים,גרמים,100.00,100 גרם,false,,6.90,0.0690,true,1,162611
7622201802394,false,שוקולד מילקה חלב מסרונים 100 גרם,מנדלז דויצ'\לנד סנקס פרו,,שוקולד חלב מילקה 100,גרמים,100.00,100 גרם,false,,6.90,0.0690,true,1,162612
7622210078131,false,שוקולד חלב עם שבבי קרמל מילקה דיים 100 גרם,מנדלז דויצ'\לנד סנקס פרו,,שוק' מילקה דאיים 100,גרמים,100.00,100 גרם,false,,6.90,0.0690,true,1,163148
7622210163899,false,שוקולד חלב במילוי סוכריות עדשים,דיפלומט מפיצים (1968) בעמ**,,מילקה שוקולד חלב עם,גרמים,100.00,100 גרם,false,,6.90,0.0690,true,1,148620
7622210392589,false,טובלרון טייני שוקולד חלב 200 גרם,מונדלז סוויצרלנד פרודקשן,,טובלרון טייני חלב 20,גרמים,200.00,100 גרם,false,,17.90,0.0895,true,1,167072
7622210464729,false,אוראו גולדן עוגיות וניל במילוי קרם וניל,דיפלומט מפיצים (1968) בעמ**,,אוראו גולדן 154 גרם,גרמים,154.00,100 גרם,false,,6.90,0.0448,true,1,154507
7622210693266,false,מילקה שוקולד אגוזים שלמים 270 גרם,מונדלז אוסטרייך פרודקשן,,מילקה אגוזים שלמים 2,גרמים,270.00,100 גרם,false,,17.90,0.0663,true,1,165396
7622210826053,false,מילקה שוקולד אוראו סנדוויץ 100 גרם,דיפלומט מפיצים (1968) בעמ**,,שוקולד מילקה אוראו ס,גרמים,92.00,100 גרם,false,,6.90,0.0750,true,1,157669
7622210835338,false,אוראו עוגיות ממולאות טעם בראוניז 176 גרם,דיפלומט מפיצים (1968) בעמ**,,עוגיות אוראו בראוניז,גרמים,176.00,100 גרם,false,,8.90,0.0506,true,1,148621
7622300200237,false,שוקולד מילקה שוקולד חלב 250 גרם,דיפלומט מפיצים (1968) בעמ**,,מילקה שוקולד חלב 250,גרמים,250.00,100 גרם,false,,12.50,0.0500,true,1,143747
7622300270506,false,מילקה גריינס - עוגיות שיבולת שועל מצופות שוקולד 168 ג',דיפלומט מפיצים (1968) בעמ**,,מילקה גריינס - עוגיו,גרמים,168.00,100 גרם,false,,10.90,0.0649,true,1,148622
7622300315283,false,אוראו עוגיות ממולאות קרם וניל 154 גרם,דיפלומט מפיצים (1968) בעמ**,,אוראו וניל 154 גרם,גרמים,154.00,100 גרם,false,,6.90,0.0448,true,1,162614
7622300441715,false,עוגיות מילקה ביסקוויט ממולא קרם חלב מצופה למחצה בשוקולד חלב 150 גר',דיפלומט מפיצים (1968) בעמ**,,מילקה עוגיות שוקו מי,גרמים,150.00,100 גרם,false,,11.90,0.0793,true,1,167660
7622300489427,false,עוגיות אוראו בציפוי בטעם שוקולד לבן 246 גרם,דיפלומט מפיצים (1968) בעמ**,,אוראו עוגיות מצופות,גרמים,246.00,100 גרם,false,,18.90,0.0768,true,1,156689
7622300489434,false,"עוגיות אוראו פאדג' בציפוי שוקולד חלב, 246 גרם",דיפלומט מפיצים (1968) בעמ**,,אוראו עוגיות מצופות,גרמים,246.00,100 גרם,false,,18.90,0.0768,true,1,156690
7622300495046,false,מילקה שוקולד חלב עם אקסטרה קקאו 100 גרם,מנדלז דויצ'\לנד סנקס פרו,,מילקה אקסטרה קקאו 10,גרמים,100.00,100 גרם,false,,6.90,0.0690,true,1,163211
7622300503079,false,עוגיות ביסקוויט מצופה שוקולד חלב מילקה 200 גרם,דיפלומט מפיצים (1968) בעמ**,,מילקה מוו ביסקוויט מ,גרמים,200.00,100 גרם,false,,10.90,0.0545,true,1,143748
7622300617820,false,מילקה שוקולד חלב במילוי קרם חלב ווניל ושבבי עוגיות אוראו 100 גרם,מנדלז דויצ'\לנד סנקס פרו,,מילקה אוראו 100 גרם,גרמים,100.00,100 גרם,false,,6.90,0.0690,true,1,143749
7702024074625,false,חטיפי קרקר פיטנס Fitness עם חיטה מלאה,קבוצת אוסם סחר שותפות מוגבלת,,פיטנס חטיפי קרקר חיט,גרמים,234.00,100 גרם,false,,11.90,0.0509,true,1,151174
7891024123140,false,משחת שיניים קולגייט,קולגייט 2 ב 25,,משחת שיניים קולגייט,מיליליטרים,125.00,"100 מ""ל",false,,14.90,0.1192,true,1,149988
7920005431364,true,"עוגת גבינה כלש""פ",,,"עוגת גבינה כלש""פ",,0.00,,false,,6.00,0.0000,true,1,143462
8000380003723,false,וופלים גרנד פטיסרי במילוי קרם אגוזים 100,קריניציה ויטמינה אס,,לואקר גרנד פטיסרי אג,גרמים,100.00,100 גרם,false,,12.90,0.1290,true,1,151266
8000380003761,false,וופל גרנד פטיסרי שוקולד וקוקוס לואקר 100 גרם,קריניציה ויטמינה אס,,לואקר גרנד פטיסרי קו,גרמים,100.00,100 גרם,false,,12.90,0.1290,true,1,154226
8000380005598,false,מארז וופל שוקולד טורטינה Tortina שוקולד מריר,א. לואקר אס. פי. אי-אי.,,ופלים טורטינה מריר ל,גרמים,125.00,100 גרם,false,,16.90,0.1352,true,1,161466
8000380007264,false,וופל לואקר ממולא קרם קקאו 175 גרם,קריניציה ויטמינה אס,,ופלים שוקולד קרם קקא,גרמים,175.00,100 גרם,false,,11.90,0.0680,true,1,159380
8000380106028,false,טורטינה לואקר וופל שוקולד ואגוזים שישיה 125ג',קריניציה ויטמינה אס,,ופל טורטינה קרם אגוז,גרמים,125.00,100 גרם,false,,16.90,0.1352,true,1,147114
8000380153466,false,וופל קלאסיק בטעם קקאו לואקר 90 גרם,קריניציה ויטמינה אס,,לואקר בטעם קקאו 90 ג,גרמים,90.00,100 גרם,false,,5.00,0.0556,true,1,145298
8000380153534,false,מארז וופל שוקולד טורטינה Tortina שוקולד לבן,א. לואקר אס. פי. אי-אי.,,ופל טורטינה מצופה שו,גרמים,125.00,100 גרם,false,,16.90,0.1352,true,1,157863
8000380156856,false,שוקולד לבן במילוי קרם חלב וופל לואקר 87 גרם,ליימן שליסל בע`מ,,לואקר שוקולד לבן 87,גרמים,87.00,100 גרם,false,,7.90,0.0908,true,1,165649
8000380180721,false,לואקר וופל קקאו במילוי קרם חלבי 175 גר,קריניציה ויטמינה אס,,ופל קקאו במילוי קרם,גרמים,175.00,100 גרם,false,,11.90,0.0680,true,1,159382
8000380187119,false,עוגיות במילוי קרם אגוזי לוז לואקר 100 גר,ליימן שליסל בעמ,,לואקר עוגיות אגוזי ל,גרמים,100.00,100 גרם,false,,14.90,0.1490,true,1,157116
8000380187249,false,עוגיות עם מילוי קרם שקדים ושוקולד חלב,ליימן שליסל בע`מ,,לואקר עוגיות שקדים 1,גרמים,100.00,100 גרם,false,,14.90,0.1490,true,1,157117
8000380187300,false,עוגיות חמאה עם שוקולד חלב לואקר 120 גר,ליימן שליסל בעמ,,לואקר עוגיות פתיתי ש,גרמים,100.00,100 גרם,false,,14.90,0.1490,true,1,157278
8000380192199,false,וופל בטעם דאבל שוקולד לואקר (175 גרם),ליימן שליסל בעמ,,לואקר דאבל שוקולד 17,גרמים,125.00,100 גרם,false,,11.90,0.0952,true,1,159384
8000380205523,false,וופלים בטעם חמאת בוטנים לואקר 175 גרם,ליימן שליסל בעמ,,וופל לואקר קלאסיק חמ,גרמים,175.00,100 גרם,false,,11.90,0.0680,true,1,165495
8000500023624,false,חטיפי הפי היפו Happy Hippo במילוי קרם חלב וקקאו,פרימיום-חברה לדברי מתיקה ולמסח,,קינדר הפי היפו חמישי,גרמים,103.50,100 גרם,false,,11.90,0.1150,true,1,146603
8000500023976,false,בונבוניירת רפאלו פררו (150 גרם),פרימיום-חברה לדברי מתיקה ולמסח,,רפאלו 150 גרם,גרמים,150.00,100 גרם,false,,14.90,0.0993,true,1,146604
8000500026731,false,ביצי שוקולד קינדר מארז 3 יח סופרייז,פרימיום-חברה לדברי מתיקה ולמסח,,קינדר ביצת הפתעה שלש,גרמים,60.00,100 גרם,false,,14.90,0.2483,true,1,146605
8000500028124,false,קינדר גוי ביצת הפתעה מארז שלישיה,פרימיום חברה לדברי מתיקה ולמסח,,קינדר גוי שלשות 60 ג,גרמים,60.00,100 גרם,false,,14.90,0.2483,true,1,167663
8000500071083,false,אצבעות שוקולד קינדר Kinder שש עשרה יחידות,פרימיום-חברה לדברי מתיקה ולמסח,,קינדר אצבעות שוקולד,גרמים,200.00,100 גרם,false,,11.90,0.0595,true,1,146608
8000500121436,false,מארז קינדר בואנו Kinder Bueno לבן שלוש יחידות,פרימיום חברה לדברי מתיקה ולמסח,,קינדר בואנו לבן שלשה,גרמים,117.00,100 גרם,false,,10.90,0.0932,true,1,146610
8000500167656,false,קינדר שוקולד עם דגנים סיריאל 94 ג',פרימיום חברה לדברי מתיקה ולמסח,,קינדר שוקולד עם דגני,גרמים,94.00,100 גרם,false,,7.90,0.0840,true,1,154333
8000500227848,false,נוטלה - בי רדי אצבעות ביסקוויט במילוי שוקולד 6 יח' * 22 גרם,פרימיום-חברה לדברי מתיקה ולמסח,,נוטלה בי רדי 6*22 גר,גרמים,132.00,100 גרם,false,,10.90,0.0826,true,1,149167
8000500249352,false,קינדר בואנו מיני מיקס שקית 205 ג',פרימיום-חברה לדברי מתיקה ולמסח,,קינדר בואנו מיני מיק,גרמים,205.00,100 גרם,false,,19.90,0.0971,true,1,146615
8000500256213,false,קינדר שוקולד חלב במילוי קרם חלבי,פרימיום-חברה לדברי מתיקה ולמסח,,קינדר שוקולד מיני 12,גרמים,120.00,100 גרם,false,,9.90,0.0825,true,1,149562
8000500269169,false,קינדר קארדס Kinder Cards - חמישייה,פרימיום-חברה לדברי מתיקה ולמסח,,קינדר קרדס 128 גרם,גרמים,128.00,100 גרם,false,,13.90,0.1086,true,1,167343
8000500386941,false,נוטלה ממרח קקאו עם אגוזי לוז 900 גר`,פרימיום חברה לדברי מתיקה ולמסח,,ממרח קקאו עם אגוזי ל,גרמים,900.00,100 גרם,false,,29.90,0.0332,true,1,165452
8001090026958,false,לנור כדוריות הריח בנ,,,לנור כדוריות הריח בנ,גרמים,180.00,100 גרם,false,,0.00,0.0000,true,1,148663
8001090810205,false,"שמפו נוסחה קלאסית פנטן 500 מ""ל",פנטן שמפן/מרכך 500 מ,,פנטן שמפו נוסחה קלאס,מיליליטרים,500.00,"100 מ""ל",false,,15.90,0.0318,true,1,148669
8001090810403,false,"פנטן שמפו למגע רך כמשי 500 מ""ל",פנטן שמפן/מרכך 500 מ,,פנטן שמפו למגע רך כמ,מיליליטרים,500.00,"100 מ""ל",false,,15.90,0.0318,true,1,148670
8001090832696,false,"פנטן שמפו לתלתלים מושלמים 660 מ""ל",דיפלומט מפיצים (1986) בע`מ,,פנטן שמפו לתלתלים מו,מיליליטרים,660.00,"100 מ""ל",false,,19.90,0.0302,true,1,156982
8001090832771,false,"פנטן שמפו להזנת קרטין 660 מ""ל",דיפלומט מפיצים (1986) בע`מ,,פנטן שמפו הזנת קרטין,מיליליטרים,660.00,"100 מ""ל",false,,19.90,0.0302,true,1,156983
8001090832979,false,"פנטן 660 מ""ל קונדישינר לתלתלים מושלמים",דיפלומט מפיצים (1986) בע`מ,,פנטן מרכך לתלתלים מו,מיליליטרים,660.00,"100 מ""ל",false,,19.90,0.0302,true,1,156988
8001090833051,false,"פנטן 660 מ""ל קונדישינר הזנת קרטין",דיפלומט מפיצים (1986) בע`מ,,פנטן מרכך הזנת קרטין,מיליליטרים,660.00,"100 מ""ל",false,,19.90,0.0302,true,1,156989
8001090899286,false,אולוויז תחבושות פלטינום לילה בטוח 14 יח',דיפלומט מפיצים (1986) בע`מ,,תחבושות אולוויז פלטי,גרמים,118.00,100 גרם,false,,19.90,0.1686,true,1,157990
8001090988362,false,"שמפו פאנטן לחות מוגברת 500 מ""ל",דיפלומט מפיצים {1968}בעמ,,פנטן שמפו לחות מוגבר,מיליליטרים,500.00,"100 מ""ל",false,,15.90,0.0318,true,1,148673
8001160001786,false,"משקה אנרגיה גטורייד ספורט כחול 500מ""ל",אקווה מינרלה סאן בנדטו,,גטורייד ספורט כחול 5,מיליליטרים,500.00,"100 מ""ל",false,,10.40,0.0208,true,1,155058
8001620015612,false,"משקה פירות פרוטה-גזר תפוז לימון 400 מ""ל סאן בנדטו",אקווה מינרלה סאן בנדטו ב,,סן בנדטו גזר תפוז לי,מיליליטרים,400.00,"100 מ""ל",false,,7.30,0.0182,true,1,159031
8001620015636,false,"משקה פירות פרוטה-מיקס פירות 400 מ""ל סאן בנדטו",אקווה מינרלה סאן בנדטו ב,,סן בנדטו מיקס פירות,מיליליטרים,400.00,"100 מ""ל",false,,7.30,0.0182,true,1,159032
8001620019160,false,"סן בנדטו מים מינרלים בטעם אפרסק 500 מ""ל",אקווה מינרלה סאן בנדטו ב,,סן בנדטו אפרסק 400 מ,מיליליטרים,400.00,"100 מ""ל",false,,6.90,0.0172,true,1,166008
8001841663692,false,נוזל כלים פיירי אקסט,,,נוזל כלים פיירי אקסט,מיליליטרים,900.00,"100 מ""ל",false,,12.50,0.0139,true,1,165335
8001841669465,false,קפסולות לכביסה אריאל בניחוח לנור 24 יחידות,דיפלומט מפיצים (1986) בע`מ,,אריאל קפס' בניחוח לנ,גרמים,720.00,100 גרם,false,,34.90,0.0485,true,1,159850
8001841943961,false,לנור כדוריות בושם בניחוח אוקיינוס 210 גר,דיפלומט מפיצים (1968) בעמ,,לנור כדוריות הבושם א,גרמים,210.00,100 גרם,false,,26.90,0.1281,true,1,162669
8004690203002,false,"L.M פסטה איטלקית ניוקי תפו""א 500 גרם",למוליזנה,,ניוקי תפוחי אדמה לה,גרמים,500.00,100 גרם,false,,5.90,0.0118,true,1,152347
8005110002243,false,רכז עגבניות Doppio Concentr בשפופרת 185 ג' MUTTI,רסטרטו יבוא ושיווק בעמ*אין החז,,תרכיז עגבניות 28° בי,גרמים,200.00,100 גרם,false,,7.90,0.0395,true,1,157101
8005110170300,false,עגבניות מרוסקות חתוכות מוטי MUTTI שלישיה *400,רסטרטו יבוא ושיווק בעמ*אין החז,,עגבניות מרוסקות מוטי,גרמים,1200.00,100 גרם,false,,17.90,0.0149,true,1,148870
8005200256587,false,נסטי - תה קר בטעם אפרסק 1.5 ליטר,פארייפאבה אגרואינדוס,,נסטי אפרסק 1.5 ליטר,מיליליטרים,1500.00,"100 מ""ל",false,,8.90,0.0059,true,1,163596
8005200286584,false,תה קר נסטי מנגו אננס 1.5 ליטר פיקדון,פארייפאבה אגרואינדוס,,נסטי מנגו אננס 1.5 ל,מיליליטרים,1500.00,"100 מ""ל",false,,8.90,0.0059,true,1,163597
8005200316588,false,תה קר נסטי אפרסק דיאט 1.5 ליטר פיקדון,פארייפאבה אגרואינדוס,,נסטי דיאט אפרסק 1.5,מיליליטרים,1500.00,"100 מ""ל",false,,8.90,0.0059,true,1,163598
8006540091937,false,לנור כדוריות הבושם בניחוח אריאל 210 גרם,פטר קרמר עבור פרוקטור אנ,,לנור כדוריות הבושם ב,גרמים,210.00,100 גרם,false,,26.90,0.1281,true,1,162762
8006540425930,false,אריאל קפסולות לכביסה ג'ל 24 יח' לכתמים קשים,דיפלומט מפיצים (1986) בע`מ,,קפסולות לכתמים קשים,גרמים,681.00,100 גרם,false,,34.90,0.0512,true,1,163814
8008440222008,false,"בירה פרוני בקבוק 330 מ""ל",מבשל שיכר פרוני,,פרוני בירה בקבוק 330,מיליליטרים,330.00,"100 מ""ל",false,,8.90,0.0270,true,1,147476
8008440522016,false,"שישיית בירה פרוני 6*330 מ""ל",פרונרי,,פרוני מארז שישייה 33,מיליליטרים,1980.00,"100 מ""ל",false,,39.90,0.0202,true,1,155080
8008440540102,false,פרוני מארז שישייה סל,,,פרוני מארז שישייה סל,מיליליטרים,1980.00,"100 מ""ל",false,,39.90,0.0202,true,1,156678
8008698008157,false,שר עוגיות שוקולד במילוי קרם שמנת ללא גלוטן 100 גר',ל.י.ב. (לחיות יותר בטבע) בעמ,,עוגיות בטעם שוקולד ב,גרמים,100.00,100 גרם,false,,11.90,0.1190,true,1,167429
8008857200057,false,פסטה רג`ייה ספגטי שטוח 500 גר`,תומר ייבוא ושיווק מוצרי מזון [,,פסטה לינגוויני פסטה,גרמים,500.00,100 גרם,false,,5.90,0.0118,true,1,165024
8008857200194,false,פסטה רגיה 19 ספגטי תומר 500 גרם,תומר ייבוא ושיווק מוצרי מזון [,,פסטה ספגטי פסטה רג'י,גרמים,500.00,100 גרם,false,,5.90,0.0118,true,1,164954
8008857300481,false,פסטה רגיה 48 בורג תומר 500 גרם,תומר ייבוא ושיווק מוצרי מזון [,,פסטה פוסילי פסטה רג',גרמים,500.00,100 גרם,false,,5.90,0.0118,true,1,164956
8008857300634,false,פסטה רג`ייה 63 תלתל 500 גר`תומר,תומר ייבוא ושיווק מוצרי מזון [,,פסטה קוואטאפי פסטה ר,גרמים,500.00,100 גרם,false,,5.90,0.0118,true,1,164957
8008857300771,false,ספגטי מספר 77 רגיה איטריות דקות 500 גרם,תומר ייבוא ושיווק מוצרי מזון [,,איטריות מרק פסטה רג',גרמים,500.00,100 גרם,false,,5.90,0.0118,true,1,165030
8008857500003,false,פסטה רגיה אטריות עגולות דקות תומר 500 גרם,תומר ייבוא ושיווק מוצרי מזון [,,פסטה קאפלי פסטה רג'י,גרמים,500.00,100 גרם,false,,8.90,0.0178,true,1,165031
8008857601090,false,פסטה קנלוני רג'יה 250 גר',תומר ייבוא ושיווק מוצרי מזון [,,קנלוני רג'יה 250 גרם,גרמים,250.00,100 גרם,false,,7.90,0.0316,true,1,165540
8032880800243,false,פיקניק הפתעה - אגוזי לוז ומקלות אפויים,"הוסטה איטליה, ס.ר.ל.",,פיקניק הפתעה 50 גרם,גרמים,50.00,100 גרם,false,,7.20,0.1440,true,1,147117
8076800000139,false,ברילה פרפלה (פרפר) 265 - 500 גרם,פסטה ברילה 3 ב 14,,פסטה פרפר ברילה 500,גרמים,500.00,100 גרם,false,,5.00,0.0100,true,1,146119
8076800315097,false,פסטה מקרוני בוקטיני מספר 9 ברילה 500 גרם,ברילה גי.אי.אר פרטלי ס.פ,,ספגטי בוקטיני מספר 9,גרמים,500.00,100 גרם,false,,6.90,0.0138,true,1,151514
8076809513739,false,ברילה רוטב עגבניות עם בזיליקום 400 גרם,ברילה גי.אי.אר פרטלי ס.פ,,רוטב עגבניות לפסטה ב,גרמים,400.00,100 גרם,false,,14.90,0.0373,true,1,146243
8076809523561,false,ברילה - רוטב פסטה בטעם טוסקנה 400 גרם,ברילה גי.אי.אר פרטלי ס.פ,,רוטב עגבניות לפסטה ע,גרמים,400.00,100 גרם,false,,14.90,0.0373,true,1,146244
8410076620057,false,חטיפי פייבר1 שוקולד24*5ג,פייבר 1 שוקולד ב 13.,,פייבר 1 שוקולד,Unknown,0.00,יחידה,false,,19.90,0.0000,true,1,145303
8410076620231,false,חט.פייבר 1 קרמל מלוח24*5,פייבר 1 שוקולד ב 13.,,פייבר 1 קרמל,גרמים,120.00,100 גרם,false,,19.90,0.1658,true,1,151271
8412168002529,false,מחייה 13 משקה כוהלי בטעם לימונים,דיסטילריאס לה הורטנה,,ערק מחייה 13 לימונים,מיליליטרים,700.00,"100 מ""ל",false,,57.20,0.0817,true,1,159893
8420878593473,false,עוגת גבינה אוראו 350,גרנדרובלה,,עוגת גבינה אוראו 350,גרמים,350.00,100 גרם,false,,15.90,0.0454,true,1,150768
8423207208703,false,חטיפי סלים דליס שוקולד מריר מרבה 6 יחידות,ביסנצ'ורי אס.אל.יו,,חטיף דגנים מצופה אקס,Unknown,1.00,יחידה,false,,10.90,10.9000,true,1,146251
8423207208871,false,פריכיות תירס בטעם טבעי סלים דליס 130 גרם,גורי מוצרי צריכה (1991) בעמ,,פרכיות תירס בטעם טבע,גרמים,123.00,100 גרם,false,,9.90,0.0805,true,1,147381
8423207210928,false,חטיף דגנים מצופה שוקולד חלב ואגוזי לוז - 5 במארז,נוטרישן אנד סנטה קוב,,חטיף דגנים מצופה שוק,Unknown,5.00,יחידה,false,,10.90,2.1800,true,1,156863
8437008915456,false,טורטיה ספרדי 5 דגנים 325 גרם,Azteca foods europe,,"טורטיה 5 דגנים 20 ס""",Unknown,8.00,יחידה,false,,9.90,1.2375,true,1,166295
8593868004737,false,מארז 6 יח בירה מילר,Miller Europe,,"מילר שישייה 330/6 מ""",מיליליטרים,1980.00,"100 מ""ל",false,,39.90,0.0202,true,1,156679
8594404001418,false,"בירה קוזל כהה בקבוק חוזר 500 מ""ל",פילזנסקי,,קוזל כהה בקבוק 3.8%,מיליליטרים,500.00,"100 מ""ל",false,,8.90,0.0178,true,1,147653
8594404005096,false,בירה קוזל פרמיום בהירה 500 מל צכיה,פלזנסקי,,קוזל פרימיום בהירה ב,מיליליטרים,500.00,"100 מ""ל",false,,8.90,0.0178,true,1,150584
8594404005782,false,קוזל פרימיום בהירה פ,Plznsky,,קוזל פרימיום בהירה פ,מיליליטרים,500.00,"100 מ""ל",false,,8.90,0.0178,true,1,150585
8594404012308,false,מארז פילזנר אורקוול,Plznsky,,מארז פילזנר אורקוול,Unknown,4.00,יחידה,false,,34.90,8.7250,true,1,150586
8594404115115,false,בירה פילזנר אורקוול פחית 500 מל,פילזן,,פילזנר אורקוול פחית,מיליליטרים,500.00,"100 מ""ל",false,,8.90,0.0178,true,1,150587
8683130008355,false,מיונז שום לחיץ אמיתי הלמנס 400 גרם,יוניליוור ישראל שיווק בע`מ,,מיונז עם שום הלמנס 4,גרמים,400.00,100 גרם,false,,14.90,0.0373,true,1,163641
8683130008935,false,"הלמנס קטשיונז 425 גר{הרב רלב""ג}",יוניליוור ישראל שיווק בע`מ,,ממרח קטשיונז הלמנס 4,גרמים,425.00,100 גרם,false,,14.90,0.0351,true,1,163642
8683323063024,false,יוגטה שטיחים בטעם תותי פרוטי 220 גרם,ליימן שליסל בע`מ,,יוגטה שטיחים תותי פר,גרמים,220.00,100 גרם,false,,9.90,0.0450,true,1,145304
8690526019154,false,אי טי אי - וופל קקאו במילוי קרם קקאו 142 גרם,מולינו ניקולי s.p.a,,וופל קקאו במילוי קר,גרמים,142.00,100 גרם,false,,8.90,0.0627,true,1,155280
8690637007705,false,מסטיגם וניל מסטיק על מקל ללא סוכר,"מיוצר ע""י יוניליוור",,מסטיגם,Unknown,1.00,יחידה,false,,5.90,5.9000,true,1,152592
8690637073373,false,תה ארל גריי בטעם ברגמוט ליפטון 25 שקיקים,יוניליוור ישראל שיווק בע`מ,,ליפטון ארל גרי 25 מע,גרמים,50.00,100 גרם,false,,7.90,0.1580,true,1,151745
8690637842382,false,מגנום דאבל פרי יער שטראוס 82 גר,"מיוצר ע""\י יונילוור סנאי",,מגנום דאבל פרי יער,Unknown,1.00,יחידה,false,,9.90,9.9000,true,1,152595
8690637842399,false,מאגדת מגנום מיני דאבל פרי יער שוקולד 6 יח' נסטלה,יוניליוור סנאי וי סי,,מיני מגנום דאבל פרי,Unknown,6.00,יחידה,false,,27.90,4.6500,true,1,152596
8690637858734,false,ג'ל לניקוי כללי בתוספת אקונומיקה בניחוח לימון,"יוניליוור ישראל שיווק בע""מ",,סיף ג'ל אקונומיקה לי,מיליליטרים,750.00,"100 מ""ל",false,,10.90,0.0145,true,1,147424
8690637871245,false,הלמנס מיונז אמיתי 395 גר' בקבוק לחיץ.,יוניליוור ישראל שיווק בע`מ,,הלמנס מיונז לחיץ 395,גרמים,395.00,100 גרם,false,,14.90,0.0377,true,1,151747
8690637976995,false,"מרכך כביסה מרוכז אקסטרה ורוד סחלבים פראי בדין 960 מ""ל","יוניליוור ישראל שיווק בע""מ",,מרכך בדין אקסטרה ורו,מיליליטרים,960.00,"100 מ""ל",false,,17.90,0.0186,true,1,157867
8690637989612,false,שלגון שמנת בטעם וניל עם ריפל בטעם שוקולד 246 גרם,יונילוור סנאיי וי טיג'\,,מגנום מיני דאבל דולצ,Unknown,6.00,יחידה,false,,27.90,4.6500,true,1,159877
8690758043019,false,צמרוני אוזניים לתינוקות 60 יח'',,,צמרוני אוזניים לתינו,Unknown,60.00,יחידה,false,,5.10,0.0850,true,1,146480
8690758962204,false,מארז טיולים סט קוסמט,,,מארז טיולים סט קוסמט,Unknown,1.00,יחידה,false,,7.50,7.5000,true,1,148172
8690758962303,false,פדים אובלים לפילינג,,,פדים אובלים לפילינג,Unknown,40.00,יחידה,false,,12.90,0.3225,true,1,148170
8690758962402,false,פדים קוסמטיים לאיפור,,,פדים קוסמטיים לאיפור,Unknown,40.00,יחידה,false,,8.50,0.2125,true,1,148171
8693323690137,false,סוכ. ג'לי פטל+אוכמנ100גר,1 יחידה,,גומי 100 גרם - פטל ו,גרמים,100.00,100 גרם,false,,5.00,0.0500,true,1,147087
8697040109323,false,אסותא סבון מוצק להיגיינה,עיסא ערטול בעמ-סוכן הנקל סוד,,סבון מוצק אסותא,Unknown,1.00,יחידה,false,,4.90,4.9000,true,1,149452
8697659238155,false,"משחת שיניים לילדים מלך האריות לגיל 2-6שנים 50מ""ל",,,משחת שיניים לילדים מ,מיליליטרים,51.00,"100 מ""ל",false,,9.90,0.1941,true,1,152114
8698996006490,false,מגבות נייר 9ב1 רמילוי,,,מגבות נייר 9ב1,Unknown,1.00,יחידה,false,,13.90,13.9000,true,1,159616
8710502231018,false,מרבה מיני עוגיות שוקולד צ'יפס 175 גרם,ש. שסטוביץ בע`מ,,עוגיות שוקולד צ'יפס,גרמים,175.00,100 גרם,false,,9.90,0.0566,true,1,158210
8710502470028,false,עוגיות שוקולד צ'יפס ממולאות בקרם נוגט,קריניציה ויטמינה אס,,עוגיות שוקולד צ'יפס,גרמים,160.00,100 גרם,false,,8.90,0.0556,true,1,151518
8711327475717,false,מגנום פיינט וניל שקדים 260 גרם,"מפעל גלידות בווספרם, רחו",,מגנום פיינט וניל שקד,גרמים,260.00,100 גרם,false,,20.90,0.0804,true,1,158153
8711327475762,false,מגנום פיינט שוקולד לבן עוגיות 260 גרם,"מפעל גלידות בווספרם, רחו",,מגנום פיינט שוקולד ל,גרמים,260.00,100 גרם,false,,20.90,0.0804,true,1,158154
8712561218108,false,אקס ספריי גוף אפולו 150מ,יוניליוור,,דאודורנט אקס APOLLO,Unknown,0.00,יחידה,false,,12.00,0.0000,true,1,146123
8712561249119,false,דאודורנט אקס אפריקה,,,דאודורנט אקס אפריקה,Unknown,0.00,יחידה,false,,12.00,0.0000,true,1,146124
8712561249393,false,דאודורנט אקס ANARCHY,,,דאודורנט אקס ANARCHY,Unknown,0.00,יחידה,false,,12.00,0.0000,true,1,146125
8712561249553,false,דאודורנט אקס אקזיט,,,דאודורנט אקס אקזיט,Unknown,0.00,יחידה,false,,12.00,0.0000,true,1,146126
8714599104330,false,ג'ייקובס קפה שחור 85 גרם קלוי וטחון טורקי,דיפלומט מפיצים (1968) בעמ**,,ג'ייקובס קפה שחור 85,גרמים,85.00,100 גרם,false,,7.90,0.0929,true,1,154687
8714599513866,false,"קפה נמס מיובש בהקפאה קרונג צנצנת ג'ייקובס 200 גרם לל""ס",דיפלומט מפיצים (1968) בעמ**,,קפה נמס מיובש בהקפאה,גרמים,200.00,100 גרם,false,,27.90,0.1395,true,1,143757
8714789930848,false,"משחת שיניים אופטיק וייט הלבנה מיידית קולגייט 75 מ""ל",איינשטיין-צור יבוא-יצוא וסחר ב,,משחת שיניים אופטיק ו,מיליליטרים,75.00,"100 מ""ל",false,,19.90,0.2653,true,1,148779
8715700110141,false,מיונז קרמי היינץ צנצנת 460ג',דיפלומט מפיצים (1968) בעמ**,,ממרח מיונז היינץ 460,גרמים,460.00,100 גרם,false,,10.90,0.0237,true,1,143759
8715700117805,false,"קטשופ היינץ מתבל עגבניות ללא תוספת סוכר ומלח 425 מ""ל",דיפלומט מפיצים (1968) בעמ**,,היינץ מתבל עגבניות ל,גרמים,400.00,100 גרם,false,,10.90,0.0273,true,1,156710
8715700419718,false,מתבל עגבניות היינץ 910 גרם,ה.י. היינץ,,קטשופ היינץ 910 גרם,גרמים,910.00,100 גרם,false,,12.90,0.0142,true,1,143760
8715700419732,false,מתבל עגבניות היינץ (700 גרם),דיפלומט מפיצים (1968) בעמ**,,קטשופ היינץ 700 גרם,גרמים,700.00,100 גרם,false,,10.90,0.0156,true,1,148169
8715700421056,false,ממרח סנדויץ פיקנטי 300 גרם,היינץ,,ממרח סנדביץ פיקנטי 3,גרמים,300.00,100 גרם,false,,16.90,0.0563,true,1,148008
8715700423906,false,היינץ מתבל עגבניות מופחת סוכר ומלח 50/50 550 גרם,דיפלומט מפיצים (1968) בעמ**,,היינץ מתבל עגבניות מ,גרמים,555.00,100 גרם,false,,10.90,0.0196,true,1,148627
8716405000058,false,"סירופ ג'ינג'ר 300 מ""ל",אלג'פ,,"סירופ גינגר 300 מ""ל",מיליליטרים,300.00,"100 מ""ל",false,,19.90,0.0663,true,1,148009
8717163647202,false,"אקס דאודורנט ספריי גוף לגבר אנרכי 150 מ""ל",יוניליוור ישראל שיווק בעמ,,דאודורנט ספריי גוף ל,מיליליטרים,150.00,"100 מ""ל",false,,13.90,0.0927,true,1,154669
8717163647233,false,"אקס דאודורנט ספריי גוף בלאק נייט 150 מ""ל",יוניליוור ישראל שיווק בע`מ,,דאודורנט ספריי גוף ל,מיליליטרים,150.00,"100 מ""ל",false,,13.90,0.0927,true,1,151578
8717644390566,false,דאב סבון מוצק רביעייה- מלפפונים ותה ירו,יוניליוור ישראל שיווק בע`מ,,סבון מוצק מלפפונים ד,Unknown,4.00,יחידה,false,,14.90,3.7250,true,1,151758
8717677336593,false,טוניס שוקולד חלב 180 גרם רבנות - נוכרי,טוניס/שוקולונלי,,שוקולד חלב טוניס 180,גרמים,180.00,100 גרם,false,,19.90,0.1106,true,1,163930
8717677336661,false,טוניס שוקולד מריר מעולה 70% 180 גרם רבנות - נוכרי,ליימן שליסל בע`מ,,שוקולד מריר 70% טוני,גרמים,180.00,100 גרם,false,,19.90,0.1106,true,1,163933
8718951409798,false,זוג מברשות שיניים מקס וויט פחם קולגייט,הנסיך- מפעל לייצור ט,,קולגייט מברשת שיניים,Unknown,2.00,יחידה,false,,24.90,12.4500,true,1,159558
8719200998018,false,מחמאה מרגרינה בטעם חמאה בלובנד 200 גרם,"מיוצר ע""\י יוניליוור ישר",,מחמאה ב.בנד 200 גרם,גרמים,200.00,100 גרם,false,,4.70,0.0235,true,1,153341
8724800004489,false,פאקט-מרלבורו גולד קצ,,,פאקט-מרלבורו גולד קצ,Unknown,0.00,יחידה,false,,350.00,0.0000,true,1,145963
8850206250592,false,רוטב צ'ילי סריראצ'ה 540 גרם (מזרח ומערב),מזרח ומערב יבוא ושיווק,,רוטב צ'ילי סיראצ'ה 5,גרמים,530.00,100 גרם,false,,19.90,0.0375,true,1,145247
8850206280049,false,רוטב צ'ילי חריף מיו 250 גרם,יאן וואל יון קו.לטד,,רוטב צ'ילי מיו חריף,מיליליטרים,250.00,"100 מ""ל",false,,17.90,0.0716,true,1,162660
8850389103111,false,סאפי משקה אלוורה בטעם ענבים 300מל,פארייפאבה אגרואינדוס,,סאפה אלוורה בטעם ענב,מיליליטרים,300.00,"100 מ""ל",false,,7.70,0.0257,true,1,144659
8850389105825,false,משקה אלוורה בטעם ענבים סאפה 1 ליטר,סאפה פובליק קומפני לימיט,,סאפה אלוורה ענבים 1,מיליליטרים,1000.00,"100 מ""ל",false,,13.20,0.0132,true,1,144660
8850389105832,false,סאפה משקה אלוורה בטעם תפוח עם קוביות אלוורה 1 ליטר,סאפה פובליק קומפני לימיט,,סאפה אלוורה תפוחים 1,מיליליטרים,1000.00,"100 מ""ל",false,,13.20,0.0132,true,1,144661
8850389115312,false,"סאפה אלוורה מלון בקבוק 300 מ""ל",סאפה פובליק קומפני ל,,סאפה מלון בקבוק 300,מיליליטרים,300.00,"100 מ""ל",false,,7.70,0.0257,true,1,144662
8850632604259,false,"יוגטה, חיספוסים, ממתק חמוץ בצורת מקלות בטעם תות שדה,50 גרם",ליימן שליסל בע`מ,,חיספוסים מקלות בטעם,גרמים,50.00,100 גרם,false,,4.50,0.0900,true,1,145310
8850632604266,false,"יוגטה, ממתק חמוץ בצורת מקלות בטעם קולה, 50 גרם",ליימן שליסל בע`מ,,חיספוסים מקלות בטעם,גרמים,50.00,100 גרם,false,,4.50,0.0900,true,1,145311
8850632604372,false,"יוגטה, חיספוסים בצורת שטיח בטעם תות שדה 50 גרם",ליימן שליסל בע`מ,,חיספוסים רצועות תות,גרמים,50.00,100 גרם,false,,4.50,0.0900,true,1,147086
8850632604402,false,יוגטה חיספוסים בטעם מעורב תות שדה אבטיח ענבים בננה 50 גרם,ליימן שליסל בע`מ,,חיספוסים רצועות בטעם,גרמים,50.00,100 גרם,false,,4.50,0.0900,true,1,145312
8858271002870,false,רוטב פאד תאי 250 מ'ל - מקסצ'אפ,מזרח ומערב יבוא ושיווק,,רוטב פאד תאי 250 מ'ל,מיליליטרים,250.00,"100 מ""ל",false,,10.90,0.0436,true,1,145250
8858271004126,false,רוטב חמוץ מתוק 700 מ'ל - מקסצ'אפ,מזרח ומערב יבוא ושיווק,,רוטב חמוץ מתוק 700 מ,מיליליטרים,700.00,"100 מ""ל",false,,15.90,0.0227,true,1,149576
8858271005451,false,"רוטב סויה פורמולה 1 - 250 מ""ל מקסצ'אפ",מזרח ומערב יבוא ושיווק,,רוטב סויה פורמולה 1,מיליליטרים,250.00,"100 מ""ל",false,,10.90,0.0436,true,1,145252
8888021200126,false,סוללות אנרג'יזר מקס AA - מארז 4 יח',אנרג'יזר Energizer,,סוללות,Unknown,4.00,יחידה,false,,13.00,3.2500,true,1,148230
8888021200164,false,סוללות 1X4 ADVANCED FORMULA AAA ריפרש,קריות זול,,סוללות אנרגייזר אלקל,Unknown,4.00,יחידה,false,,13.00,3.2500,true,1,148231
8888021200720,false,סוללות אנרג'ייזר AAA מקס 8 יחידות,יצרן: אנרג'ייזר סינג,,סוללות MAXאנרג'ייזר,Unknown,10.00,יחידה,false,,27.90,2.7900,true,1,157985
8901537024014,false,"אורז בסמטי מובחר 1 ק""ג - דוואט) יורה דיעה",ג. וילי-פוד אינטרנשיונל בע`מ,,"אורז בסמטי 1 ק""ג DAA",גרמים,1000.00,100 גרם,false,,12.90,0.0129,true,1,150128
9000000000411,false,שום יבוא ארוז,,,שום יבוא ארוז,מארז,1.00,מארז,false,,7.90,7.9000,true,1,157676
9002975393829,false,הריבו סוכריות גומי אפרסק 70 גרם,"האריבו , ג'\י.אם.בי.אייץ",,סוכריות הריבו האפי 7,גרמים,70.00,100 גרם,false,,6.90,0.0986,true,1,165312
9002975393850,false,סוכריות גילי הריבו וורמס 70 גרם,"האריבו , ג'\י.אם.בי.אייץ",,סוכריות הריבו וורמס,גרמים,70.00,100 גרם,false,,6.90,0.0986,true,1,163316
9008700111546,false,נקטר דובדבנים חמוצים 1ל',Rauch fruchtsafte gm,,נקטר דובדבנים חמוצים,מיליליטרים,1000.00,"100 מ""ל",false,,12.50,0.0125,true,1,164963
9044400841000,false,בובת פז Pez + שלוש יחידות סוכריות למילוי,ר.ב. מוצרי דגנים בעמ,,סוכריות פז 1+3 22.5,גרמים,22.50,100 גרם,false,,10.90,0.4844,true,1,157646
9044400851672,false,סוכריות פז סוגים שונים + 3 מילויים,ר.ב. מוצרי דגנים בעמ,,סוכריות פז 1+3,גרמים,22.50,100 גרם,false,,10.90,0.4844,true,1,166118
9310072028750,false,חטיף שוקולד דאבל קרם טים טם (200 גרם),"ארנוטס ביסקוויטס בע""",,טיםטם דאבל 200 גרם,גרמים,200.00,100 גרם,false,,19.90,0.0995,true,1,163318
9322969000053,false,פריכיות אורז מלא ריל פוד 150 גרם,סנו מפעלי ברונוס.,,"פרכיות אורז מלא לל""ג",גרמים,150.00,100 גרם,false,,12.90,0.0860,true,1,163558
9771565025005,false,עיתון מעריב סוף השבוע,ג רוזלם פוסט בעמ,,עיתון מעריב,Unknown,1.00,יחידה,false,,6.00,6.0000,true,1,145971
9771565038357,false,עיתון ידיעות אחרונות,ידיעות אחרונות בעמ,,ידיעות אחרונות יום ה,Unknown,1.00,יחידה,false,,1.00,1.0000,true,1,145131
9771565051066,false,עיתון ידיעות אחרונות,ידיעות אחרונות בעמ,,עיתון ידיעות אחרונות,Unknown,1.00,יחידה,false,,20.00,20.0000,true,1,145143
