code,internal_code,name,manufacturer_name,manufacture_country,manufacturer_item_description,unit_qty,quantity,unit_of_measure,weighted,qty_in_package,price,unit_of_measure_price,allow_discount,status,item_id
2,true,מחיר לחיוב חד פעמי,,,מחיר לחיוב חד פעמי,,0.00,,false,,0.00,0.0000,true,1,133658
11,true,טסט 2 ליטר,,,טסט 2 ליטר,,0.00,,false,,0.00,0.0000,true,1,135473
50,true,קרח לימון,,,קרח לימון,,0.00,,false,,2.50,0.0000,true,1,132011
51,true,קרח רמזור,,,קרח רמזור,,0.00,,false,,2.50,0.0000,true,1,132013
52,true,שוקו שוקו מצופה,,,שוקו שוקו מצופה,,0.00,,false,,2.50,0.0000,true,1,132019
54,true,בובספוג,,,בובספוג,,0.00,,false,,5.00,0.0000,true,1,132021
55,true,גומיגם,,,גומיגם,,0.00,,false,,5.00,0.0000,true,1,132025
56,true,פרילי תות,,,פרילי תות,,0.00,,false,,5.00,0.0000,true,1,132030
58,true,פרילי מנגו,,,פרילי מנגו,,0.00,,false,,5.00,0.0000,true,1,132032
59,true,טילון,,,טילון,,0.00,,false,,5.00,0.0000,true,1,132033
185,true,חטיף בריאות פיסטוק מ,,,חטיף בריאות פיסטוק מ,,0.00,,false,,5.00,0.0000,true,1,131877
186,true,חטיף בריאות שוקולד ק,,,חטיף בריאות שוקולד ק,,0.00,,false,,5.00,0.0000,true,1,131878
187,true,חטיף מוזלי פירות,,,חטיף מוזלי פירות,,0.00,,false,,5.00,0.0000,true,1,131879
188,true,חטיף גרנולה אננס דיא,,,חטיף גרנולה אננס דיא,,0.00,,false,,5.00,0.0000,true,1,131880
189,true,מפעל-לחמניות מיני בי,,,מפעל-לחמניות מיני בי,,0.00,,false,,2999.90,0.0000,true,1,137475
314,true,מי סוכר,,,מי סוכר,,0.00,,false,,5.00,0.0000,true,1,132257
383,true,גזר לפי קילו היתר מכ,,,גזר לפי קילו היתר מכ,,0.00,,false,,0.00,0.0000,true,1,132112
384,true,תפוזים מחיר לפי קילו,,,תפוזים מחיר לפי קילו,,0.00,,false,,0.00,0.0000,true,1,132259
399,true,קפה בלנד קופיקס,,,קפה בלנד קופיקס,,0.00,,false,,0.00,0.0000,true,1,132263
407,true,בלילה לאייס וניל,,,בלילה לאייס וניל,,0.00,,false,,0.00,0.0000,true,1,132264
410,true,קולה,,,קולה,,0.00,,false,,5.00,0.0000,true,1,131993
412,true,קולה זירו,,,קולה זירו,,0.00,,false,,5.00,0.0000,true,1,131995
413,true,ספרייט,,,ספרייט,,0.00,,false,,5.00,0.0000,true,1,131996
414,true,דיאט ספרייט,,,דיאט ספרייט,,0.00,,false,,5.00,0.0000,true,1,131997
415,true,פאנטה,,,פאנטה,,0.00,,false,,5.00,0.0000,true,1,131998
416,true,סודה,,,סודה,,0.00,,false,,5.00,0.0000,true,1,131999
417,true,מים מינרלים,,,מים מינרלים,,0.00,,false,,5.00,0.0000,true,1,132000
418,true,פריגת ענבים,,,פריגת ענבים,,0.00,,false,,5.00,0.0000,true,1,132001
419,true,קרנרגי,,,קרנרגי,,0.00,,false,,5.00,0.0000,true,1,132002
421,true,פריגת אשכוליות,,,פריגת אשכוליות,,0.00,,false,,5.00,0.0000,true,1,132003
455,true,150שקיקים תה ארל גרי,,,150שקיקים תה ארל גרי,,0.00,,false,,0.00,0.0000,true,1,132267
459,true,מכסה שחור לכוס נייר,,,מכסה שחור לכוס נייר,קילוגרמים,1.00,"ק""ג",true,,95.00,95.0000,true,1,132270
505,true,כוס אספרסו,,,כוס אספרסו,,0.00,,false,,0.00,0.0000,true,1,132271
506,true,חלב סויה אלפרו ליטר,,,חלב סויה אלפרו ליטר,,0.00,,false,,9.83,0.0000,true,1,132217
508,true,בלילה לאייס קפה,,,בלילה לאייס קפה,,0.00,,false,,0.00,0.0000,true,1,132272
510,true,חלב              1%,,,חלב              1%,,0.00,,false,,0.00,0.0000,true,1,132273
517,true,קפה נטול קילו,,,קפה נטול קילו,,0.00,,false,,0.00,0.0000,true,1,132274
521,true,"סוכר לבן 1 ק""ג",,,"סוכר לבן 1 ק""ג",,0.00,,false,,0.00,0.0000,true,1,132275
542,true,נביעות 1.5 6 ליטר,,,נביעות 1.5 6 ליטר,קילוגרמים,1.00,"ק""ג",true,,0.00,0.0000,true,1,132210
546,true,"ג""בטינה טונה",,,"ג""בטינה טונה",,0.00,,false,,5.00,0.0000,true,1,132023
548,true,סחלב חומר גלם,,,סחלב חומר גלם,,0.00,,false,,0.00,0.0000,true,1,132276
551,true,קינמון טחון,,,קינמון טחון,,0.00,,false,,0.00,0.0000,true,1,132277
552,true,קינמון מקלות מארז קי,,,קינמון מקלות מארז קי,,0.00,,false,,0.00,0.0000,true,1,133293
598,true,חלב 17 3% ליטר,,,חלב 17 3% ליטר,,0.00,,false,,0.00,0.0000,true,1,132278
602,true,מטליות תפזורת,,,מטליות תפזורת,,0.00,,false,,0.00,0.0000,true,1,132281
605,true,אקונומיקה4 ליטר,,,אקונומיקה4 ליטר,,0.00,,false,,0.00,0.0000,true,1,132049
606,true,ניקוי חלונות4 ליטר,,,ניקוי חלונות4 ליטר,,0.00,,false,,0.00,0.0000,true,1,132211
607,true,שמפו רצפות 4 ליטר,,,שמפו רצפות 4 ליטר,,0.00,,false,,0.00,0.0000,true,1,132282
611,true,"כוס מרק500 יח ""בקרטו",,,"כוס מרק500 יח ""בקרטו",קילוגרמים,1.00,"ק""ג",true,,135.00,135.0000,true,1,132283
616,true,סבון קצף ורוד 1 ליטר,,,סבון קצף ורוד 1 ליטר,,0.00,,false,,0.00,0.0000,true,1,132212
617,true,צץ רץ סופה,,,צץ רץ סופה,,0.00,,false,,0.00,0.0000,true,1,132285
618,true,מסיר שומנים4 ליטר,,,מסיר שומנים4 ליטר,,0.00,,false,,0.00,0.0000,true,1,132286
620,true,יעה,,,יעה,,0.00,,false,,2.23,0.0000,true,1,132287
621,true,מטאטא פלסטיק גוליה,,,מטאטא פלסטיק גוליה,,0.00,,false,,0.00,0.0000,true,1,132288
622,true,"נייר קופה 60 יח ""באר",,,"נייר קופה 60 יח ""באר",,0.00,,false,,0.00,0.0000,true,1,132213
623,true,תה ירוק נענע 150 שקי,,,תה ירוק נענע 150 שקי,,0.00,,false,,0.00,0.0000,true,1,132289
632,true,שקיות גופיה סופרקופי,,,שקיות גופיה סופרקופי,,0.00,,false,,0.00,0.0000,true,1,132943
633,true,שקיות ללא מיתוג45/5,,,שקיות ללא מיתוג45/5,,0.00,,false,,0.00,0.0000,true,1,133180
663,true,גלופה,,,גלופה,,0.00,,false,,0.00,0.0000,true,1,135383
664,true,סופרגול מ 16.01.17 -,,,סופרגול מ 16.01.17 -,,0.00,,false,,0.00,0.0000,true,1,135384
802,true,היטל מס קניה,,,היטל מס קניה,,0.00,,false,,0.00,0.0000,true,1,135814
852,true,מיץ רימון טבעי,,,מיץ רימון טבעי,,0.00,,false,,0.00,0.0000,true,1,137637
996,true,נוזל כלים תפוח 4 ליט,,,נוזל כלים תפוח 4 ליט,,0.00,,false,,0.00,0.0000,true,1,132290
999,true,מנשא ל 3כוסות 500 יח,,,מנשא ל 3כוסות 500 יח,,0.00,,false,,0.00,0.0000,true,1,132291
1001,true,הודעה לבר,,,הודעה לבר,,0.00,,false,,0.00,0.0000,true,1,131855
1003,true,לחמניה עגולה כפרית),,,לחמניה עגולה כפרית),,0.00,,false,,2.90,0.0000,true,1,132059
1373,true,כפפות ניטריל מידה L,,,כפפות ניטריל מידה L,,0.00,,false,,0.00,0.0000,true,1,136572
1600,true,קופון קפה בשקל,,,קופון קפה בשקל,,0.00,,false,,0.01,0.0000,true,1,137306
1601,true,קופון HOT,,,קופון HOT,,0.00,,false,,0.01,0.0000,true,1,137756
1602,true,קופון סוב,,,קופון סוב,,0.00,,false,,0.01,0.0000,true,1,137913
1603,true,קופון הוט,,,קופון הוט,,0.00,,false,,0.01,0.0000,true,1,138010
1604,true,קופון גרופון,,,קופון גרופון,,0.00,,false,,0.01,0.0000,true,1,138023
1656,true,מפעל-רוטב ישראלי לסל,,,מפעל-רוטב ישראלי לסל,,0.00,,false,,0.00,0.0000,true,1,136519
1984,true,קופון נסיון,,,קופון נסיון,,0.00,,false,,0.01,0.0000,true,1,137125
2018,true,וודקה אבסולוט בקבוק,,,וודקה אבסולוט בקבוק,,0.00,,false,,0.00,0.0000,true,1,132071
2026,true,אקסל פחית,,,אקסל פחית,,0.00,,false,,5.00,0.0000,true,1,131896
2027,true,ערק אשקלון בקבוק700,,,ערק אשקלון בקבוק700,קילוגרמים,1.00,"ק""ג",true,,0.00,0.0000,true,1,132074
2029,true,בירה לה אספניולה בקב,,,בירה לה אספניולה בקב,,0.00,,false,,0.00,0.0000,true,1,132075
2035,true,זייתים ירוקים קילו,,,זייתים ירוקים קילו,,0.00,,false,,0.00,0.0000,true,1,132078
2041,true,אשכוליות אדומות 5 לי,,,אשכוליות אדומות 5 לי,,0.00,,false,,0.00,0.0000,true,1,132081
2044,true,תפוזים 5 ליטר גלון-ס,,,תפוזים 5 ליטר גלון-ס,,0.00,,false,,0.00,0.0000,true,1,132222
2047,true,בירה חבית קופיקס,,,בירה חבית קופיקס,,0.00,,false,,0.00,0.0000,true,1,132083
2053,true,"בייגלה 300 גר 12 ""יח",,,"בייגלה 300 גר 12 ""יח",,0.00,,false,,0.00,0.0000,true,1,132085
2057,true,גולדסטאר בקבוק 0.5 ל,,,גולדסטאר בקבוק 0.5 ל,,0.00,,false,,0.00,0.0000,true,1,132086
2081,true,כוס יין,,,כוס יין,,0.00,,false,,2.89,0.0000,true,1,132225
2087,true,אפרול ליטר,,,אפרול ליטר,,0.00,,false,,0.00,0.0000,true,1,132095
2100,true,"מלח למדיח 25 ק""ג",,,"מלח למדיח 25 ק""ג",,0.00,,false,,0.00,0.0000,true,1,132096
2129,true,מלח מנות,,,מלח מנות,,0.00,,false,,0.00,0.0000,true,1,132226
2132,true,"צ""אי אבקה 10 קילו",,,"צ""אי אבקה 10 קילו",קילוגרמים,1.00,"ק""ג",true,,0.00,0.0000,true,1,132227
2148,true,מיכל CO2 מלא,,,מיכל CO2 מלא,,0.00,,false,,0.00,0.0000,true,1,135583
2149,true,שש כוסות,,,שש כוסות,,0.00,,false,,0.00,0.0000,true,1,133135
2153,true,"אוזניות 200 יח ""בארג",,,"אוזניות 200 יח ""בארג",,0.00,,false,,0.00,0.0000,true,1,132099
2367,true,מפעל-פיתה טוסט,,,מפעל-פיתה טוסט,,0.00,,false,,2999.90,0.0000,true,1,137515
3000,true,"אייס וניל 10 ק""ג",,,"אייס וניל 10 ק""ג",,0.00,,false,,0.00,0.0000,true,1,132100
3004,true,"סחלב 10 ק""ג",,,"סחלב 10 ק""ג",קילוגרמים,1.00,"ק""ג",true,,0.00,0.0000,true,1,132230
3008,true,חלב סויה תנובה 12 לי,,,חלב סויה תנובה 12 לי,,0.00,,false,,0.00,0.0000,true,1,132231
3009,true,נס קפה בדלי 4 קילו,,,נס קפה בדלי 4 קילו,,0.00,,false,,0.00,0.0000,true,1,132232
3011,true,כוס פלסטיק 330 קופיק,,,כוס פלסטיק 330 קופיק,קילוגרמים,1.00,"ק""ג",true,,0.00,0.0000,true,1,132233
3012,true,כוס 180 נטורל לעובדי,,,כוס 180 נטורל לעובדי,קילוגרמים,1.00,"ק""ג",true,,0.00,0.0000,true,1,132234
3013,true,כוס 250 לבירה 1200 י,,,כוס 250 לבירה 1200 י,קילוגרמים,1.00,"ק""ג",true,,0.00,0.0000,true,1,132221
3014,true,כוס 8OZ קופיקס 1000,,,כוס 8OZ קופיקס 1000,,0.00,,false,,0.00,0.0000,true,1,132235
3015,true,גלופה לכוסות,,,גלופה לכוסות,,0.00,,false,,0.00,0.0000,true,1,133550
3017,true,קש רחב 400 יח 20 * י,,,קש רחב 400 יח 20 * י,קילוגרמים,1.00,"ק""ג",true,,0.00,0.0000,true,1,132236
3018,true,כפית פלסטיק 4000 יח,,,כפית פלסטיק 4000 יח,קילוגרמים,1.00,"ק""ג",true,,0.00,0.0000,true,1,132237
3019,true,מזלג פלסטיק 4000 יח,,,מזלג פלסטיק 4000 יח,קילוגרמים,1.00,"ק""ג",true,,0.00,0.0000,true,1,132238
3020,true,כף פלסטיק 4000 יח,,,כף פלסטיק 4000 יח,,0.00,,false,,0.00,0.0000,true,1,132239
3021,true,בוחשן מעץ 10000 יח,,,בוחשן מעץ 10000 יח,קילוגרמים,1.00,"ק""ג",true,,0.00,0.0000,true,1,132240
3023,true,שקיות גופיה קופיקס ב,,,שקיות גופיה קופיקס ב,,0.00,,false,,0.00,0.0000,true,1,132102
3024,true,קפה שחור קילו,,,קפה שחור קילו,,0.00,,false,,0.00,0.0000,true,1,132241
3028,true,סוכרה דיאט 1000 יח,,,סוכרה דיאט 1000 יח,,0.00,,false,,0.00,0.0000,true,1,132244
3029,true,"סוכר לבן נייר 10 ק""ג",,,"סוכר לבן נייר 10 ק""ג",,0.00,,false,,0.00,0.0000,true,1,132245
3033,true,נייר צץ רץ סופה4000,,,נייר צץ רץ סופה4000,,0.00,,false,,0.00,0.0000,true,1,132247
3034,true,נייר אפיה מיוחד לקופ,,,נייר אפיה מיוחד לקופ,,0.00,,false,,0.00,0.0000,true,1,132104
3038,true,מטליות  בתפזורת,,,מטליות  בתפזורת,,0.00,,false,,0.00,0.0000,true,1,132105
3039,true,"כפפונית 100 יח ""בארג",,,"כפפונית 100 יח ""בארג",,0.00,,false,,0.00,0.0000,true,1,132251
3041,true,סחבה,,,סחבה,,0.00,,false,,0.00,0.0000,true,1,132252
3050,true,חטיף גרנולה אננס דיא,,,חטיף גרנולה אננס דיא,קילוגרמים,1.00,"ק""ג",true,,0.00,0.0000,true,1,132106
3051,true,חטיף מוזלי פירות 33,,,חטיף מוזלי פירות 33,קילוגרמים,1.00,"ק""ג",true,,0.00,0.0000,true,1,132107
3052,true,חטיף בריאות שוקולד ק,,,חטיף בריאות שוקולד ק,קילוגרמים,1.00,"ק""ג",true,,0.00,0.0000,true,1,132108
3053,true,חטיף בריאות פיסטוק מ,,,חטיף בריאות פיסטוק מ,קילוגרמים,1.00,"ק""ג",true,,0.00,0.0000,true,1,132109
3054,true,קוקילידה 50 בקרטון,,,קוקילידה 50 בקרטון,קילוגרמים,1.00,"ק""ג",true,,0.00,0.0000,true,1,132253
3055,true,עוגיות חמאה 50 בקרטו,,,עוגיות חמאה 50 בקרטו,,0.00,,false,,0.00,0.0000,true,1,132254
3071,true,חולץ פקקים מוצר השבו,,,חולץ פקקים מוצר השבו,קילוגרמים,1.00,"ק""ג",true,,0.00,0.0000,true,1,132255
3072,true,סכין + קרש מוצר השבו,,,סכין + קרש מוצר השבו,,0.00,,false,,0.00,0.0000,true,1,132256
3076,true,חלב 1% זיכוי,,,חלב 1% זיכוי,,0.00,,false,,0.00,0.0000,true,1,135802
3077,true,חלב 3% זיכוי,,,חלב 3% זיכוי,,0.00,,false,,0.00,0.0000,true,1,135803
3113,true,כוס ורודה 8OZ קופיקס,,,כוס ורודה 8OZ קופיקס,,0.00,,false,,0.00,0.0000,true,1,133380
3114,true,מטריה 100 - יחידות ב,,,מטריה 100 - יחידות ב,,0.00,,false,,0.00,0.0000,true,1,133387
3115,true,זוג רייחנים ממותגים,,,זוג רייחנים ממותגים,,0.00,,false,,0.00,0.0000,true,1,133388
3116,true,סט לאמבטיה 24 יחידות,,,סט לאמבטיה 24 יחידות,,0.00,,false,,0.00,0.0000,true,1,133389
3119,true,עוגת גבינה לייט ללא,,,עוגת גבינה לייט ללא,,0.00,,false,,0.00,0.0000,true,1,133392
3120,true,עוגת גבינה עם שוקולד,,,עוגת גבינה עם שוקולד,,0.00,,false,,0.00,0.0000,true,1,133393
3124,true,כוס פלסטיק 330 קופיק,,,כוס פלסטיק 330 קופיק,קילוגרמים,1.00,"ק""ג",true,,0.00,0.0000,true,1,133400
3125,true,מכסה לכוס 330 קופיקס,,,מכסה לכוס 330 קופיקס,קילוגרמים,1.00,"ק""ג",true,,0.00,0.0000,true,1,133401
3127,true,שוקולטה -קרטון 10 יח,,,שוקולטה -קרטון 10 יח,,0.00,,false,,0.00,0.0000,true,1,133408
3128,true,קרמל וחמאת בוטנים -,,,קרמל וחמאת בוטנים -,,0.00,,false,,0.00,0.0000,true,1,133409
3129,true,מרק עדשים 10 ליטר,,,מרק עדשים 10 ליטר,קילוגרמים,1.00,"ק""ג",true,,0.00,0.0000,true,1,133410
3147,true,טוסט פיקנטי,,,טוסט פיקנטי,,0.00,,false,,5.00,0.0000,true,1,133435
3156,true,מדבקה למיחם דים סאם,,,מדבקה למיחם דים סאם,,0.00,,false,,0.00,0.0000,true,1,133469
3161,true,פקדון אילת,,,פקדון אילת,,0.00,,false,,0.00,0.0000,true,1,133548
3164,true,זוג מגשי פרספקט גדול,,,זוג מגשי פרספקט גדול,קילוגרמים,1.00,"ק""ג",true,,0.00,0.0000,true,1,133561
3197,true,מרק אפונה 10 ליטר,,,מרק אפונה 10 ליטר,קילוגרמים,1.00,"ק""ג",true,,0.00,0.0000,true,1,132258
3198,true,"זיתים 13 ק""ג דלי",,,"זיתים 13 ק""ג דלי",,0.00,,false,,0.00,0.0000,true,1,132110
3222,true,סחבה לבנה לרצפה50*7,,,סחבה לבנה לרצפה50*7,,0.00,,false,,0.00,0.0000,true,1,133822
3223,true,מתקן נייר טואלט שליש,,,מתקן נייר טואלט שליש,,0.00,,false,,0.00,0.0000,true,1,134130
3226,true,מסיר אבנית קצף,,,מסיר אבנית קצף,,0.00,,false,,0.00,0.0000,true,1,134133
3232,true,מתקן נייר טואלט צץ ר,,,מתקן נייר טואלט צץ ר,,0.00,,false,,0.00,0.0000,true,1,134135
3233,true,36יחידות 250 דף ניי,,,36יחידות 250 דף ניי,,0.00,,false,,0.00,0.0000,true,1,133823
3239,true,מלפפון- מפעל,,,מלפפון- מפעל,,0.00,,false,,0.00,0.0000,true,1,134138
3240,true,מפעל-עגבניות שרי,,,מפעל-עגבניות שרי,,0.00,,false,,0.00,0.0000,true,1,134001
3248,true,מרינה סופר מכר עם מע,,,מרינה סופר מכר עם מע,,0.00,,false,,0.00,0.0000,true,1,134003
3249,true,מפעל-ליצור מלפפון חמ,,,מפעל-ליצור מלפפון חמ,,0.00,,false,,0.00,0.0000,true,1,134145
3250,true,מפעל -לייצור רצועות,,,מפעל -לייצור רצועות,,0.00,,false,,0.00,0.0000,true,1,134146
3252,true,מפעל-שומשום לבן סיני,,,מפעל-שומשום לבן סיני,,0.00,,false,,0.00,0.0000,true,1,134147
3256,true,יעה עם מקל,,,יעה עם מקל,,0.00,,false,,0.00,0.0000,true,1,134151
3257,true,מפעל -לייצור טונה,,,מפעל -לייצור טונה,,0.00,,false,,0.00,0.0000,true,1,134152
3272,true,מפעל-העמסת סושי,,,מפעל-העמסת סושי,,0.00,,false,,0.00,0.0000,true,1,135125
3274,true,הפרש מחיר סופרגול מ,,,הפרש מחיר סופרגול מ,,0.00,,false,,0.00,0.0000,true,1,135126
3275,true,מכונת קפה,,,מכונת קפה,,0.00,,false,,0.00,0.0000,true,1,135134
3276,true,זיכוי סופר גול 1.27,,,זיכוי סופר גול 1.27,,0.00,,false,,0.00,0.0000,true,1,135154
3277,true,מפעל-רכז עגבניות,,,מפעל-רכז עגבניות,,0.00,,false,,2999.90,0.0000,true,1,135155
3288,true,מפעל-לחמנית שומשום א,,,מפעל-לחמנית שומשום א,,0.00,,false,,2999.90,0.0000,true,1,135353
3301,true,הפרש מחיר סושי סלמון,,,הפרש מחיר סושי סלמון,,0.00,,false,,0.00,0.0000,true,1,136039
3314,true,מפעל-מדבקה לסושי איש,,,מפעל-מדבקה לסושי איש,,0.00,,false,,0.00,0.0000,true,1,136253
3315,true,מפעל-מדבקה לסושי איש,,,מפעל-מדבקה לסושי איש,,0.00,,false,,0.00,0.0000,true,1,136254
3316,true,מפעל-מדבקה לסושי איש,,,מפעל-מדבקה לסושי איש,,0.00,,false,,0.00,0.0000,true,1,136255
3317,true,מפעל-מדבקה לסושי איש,,,מפעל-מדבקה לסושי איש,,0.00,,false,,0.00,0.0000,true,1,136256
3318,true,מפעל-מדבקה לסושי איש,,,מפעל-מדבקה לסושי איש,,0.00,,false,,0.00,0.0000,true,1,136257
3319,true,מפעל-מדבקה לסושי איש,,,מפעל-מדבקה לסושי איש,,0.00,,false,,0.00,0.0000,true,1,136258
3320,true,מפעל-מדבקה לסושי איש,,,מפעל-מדבקה לסושי איש,,0.00,,false,,0.00,0.0000,true,1,136259
3321,true,מפעל-מדבקה לסושי איש,,,מפעל-מדבקה לסושי איש,,0.00,,false,,0.00,0.0000,true,1,136260
3322,true,מפעל-מדבקה לסושי איש,,,מפעל-מדבקה לסושי איש,,0.00,,false,,0.00,0.0000,true,1,136261
3323,true,מפעל-מדבקה לסושי איש,,,מפעל-מדבקה לסושי איש,,0.00,,false,,0.00,0.0000,true,1,136262
3328,true,חיוב פקדון עד סוף יו,,,חיוב פקדון עד סוף יו,,0.00,,false,,0.00,0.0000,true,1,136307
3330,true,חיוב הפרש מחיר סנדוי,,,חיוב הפרש מחיר סנדוי,,0.00,,false,,0.00,0.0000,true,1,138250
3334,true,מפעל-אגוז מוסקט טחון,,,מפעל-אגוז מוסקט טחון,,0.00,,false,,2999.00,0.0000,true,1,136715
3363,true,זיכוי החברה המרכזית,,,זיכוי החברה המרכזית,,0.00,,false,,0.00,0.0000,true,1,137826
3364,true,זיכוי שקיות אשפה,,,זיכוי שקיות אשפה,,0.00,,false,,0.00,0.0000,true,1,137861
3365,true,שילוט לפלוט,,,שילוט לפלוט,,0.00,,false,,0.00,0.0000,true,1,137909
3401,true,מפעל-ניילון בגליל עו,,,מפעל-ניילון בגליל עו,,0.00,,false,,0.00,0.0000,true,1,136575
3402,true,מפעל-ניילון בגליל עו,,,מפעל-ניילון בגליל עו,,0.00,,false,,0.00,0.0000,true,1,136576
3605,true,מפעל -md10מטליות ניק,,,מפעל -md10מטליות ניק,,0.00,,false,,0.00,0.0000,true,1,134908
3606,true,מפעל -md10נוזל לחיטו,,,מפעל -md10נוזל לחיטו,,0.00,,false,,0.00,0.0000,true,1,134909
3607,true,"מפעל 26 F NL20 -ק""ג",,,"מפעל 26 F NL20 -ק""ג",,0.00,,false,,0.00,0.0000,true,1,134910
3608,true,"מפעל-אורגנו יבש 1 ק""",,,"מפעל-אורגנו יבש 1 ק""",,0.00,,false,,0.00,0.0000,true,1,134911
3609,true,מפעל-פפריקה חריפה 1,,,מפעל-פפריקה חריפה 1,,0.00,,false,,0.00,0.0000,true,1,134912
3610,true,מפעל-פפריקה מתוקה עם,,,מפעל-פפריקה מתוקה עם,,0.00,,false,,0.00,0.0000,true,1,134913
3623,true,omd-10,,,omd-10,,0.00,,false,,0.00,0.0000,true,1,135117
3624,true,מפעל-מדבקה לסושי צמח,,,מפעל-מדבקה לסושי צמח,,0.00,,false,,0.00,0.0000,true,1,136331
3625,true,מפעל-מדבקה לסושי סלמ,,,מפעל-מדבקה לסושי סלמ,,0.00,,false,,0.00,0.0000,true,1,136332
3630,true,מפעל-מדבקה לכדור בטע,,,מפעל-מדבקה לכדור בטע,,0.00,,false,,0.00,0.0000,true,1,136567
3631,true,מפעל-מדבקה לכדור בטע,,,מפעל-מדבקה לכדור בטע,,0.00,,false,,0.00,0.0000,true,1,136568
3637,true,מפעל-ויניגרט תפוז לי,,,מפעל-ויניגרט תפוז לי,,0.00,,false,,0.00,0.0000,true,1,136520
3901,true,תפוזים גלון  SP 5 לי,,,תפוזים גלון  SP 5 לי,,0.00,,false,,0.00,0.0000,true,1,132309
3903,true,אשכוליות אדומות גלון,,,אשכוליות אדומות גלון,,0.00,,false,,0.00,0.0000,true,1,133534
3904,true,גזר לפי קילו מהדרין,,,גזר לפי קילו מהדרין,,0.00,,false,,0.00,0.0000,true,1,132113
3905,true,לימונדה גלון 5 ליטר-,,,לימונדה גלון 5 ליטר-,,0.00,,false,,0.00,0.0000,true,1,132260
3910,true,קופיקס-נודלס עם ירקו,,,קופיקס-נודלס עם ירקו,,0.00,,false,,0.00,0.0000,true,1,132261
3913,true,קופיקס-שעועית ירוקה,,,קופיקס-שעועית ירוקה,,0.00,,false,,0.00,0.0000,true,1,132114
3914,true,קופיקס-ספגטי עם רוטב,,,קופיקס-ספגטי עם רוטב,,0.00,,false,,0.00,0.0000,true,1,132115
3916,true,טבסקו,,,טבסקו,,0.00,,false,,0.00,0.0000,true,1,132116
3917,true,מטריה קופיקס,,,מטריה קופיקס,,0.00,,false,,5.00,0.0000,true,1,132928
3933,true,נוזל לניקוי אסלות 1,,,נוזל לניקוי אסלות 1,,0.00,,false,,0.00,0.0000,true,1,132119
3934,true,נוזל לניקוי וחיטוי ל,,,נוזל לניקוי וחיטוי ל,,0.00,,false,,0.00,0.0000,true,1,132120
3935,true,תרסיס ניקוי והברקה נ,,,תרסיס ניקוי והברקה נ,,0.00,,false,,0.00,0.0000,true,1,132121
3938,true,400מטליות לניקוי מש,,,400מטליות לניקוי מש,,0.00,,false,,0.00,0.0000,true,1,132122
3941,true,קנקן תה,,,קנקן תה,,0.00,,false,,5.00,0.0000,true,1,131987
3943,true,400מטליות מילוי לני,,,400מטליות מילוי לני,,0.00,,false,,0.00,0.0000,true,1,132123
3944,true,"בקבוק 750 סמ""ק + התז",,,"בקבוק 750 סמ""ק + התז",,0.00,,false,,0.00,0.0000,true,1,132124
3945,true,12מטליות מיקרופיבר,,,12מטליות מיקרופיבר,,0.00,,false,,0.00,0.0000,true,1,132125
3946,true,מטלית מיקרופיבר לרצפ,,,מטלית מיקרופיבר לרצפ,,0.00,,false,,0.00,0.0000,true,1,132126
3947,true,מטלית מיקרופיבר לניק,,,מטלית מיקרופיבר לניק,,0.00,,false,,0.00,0.0000,true,1,132127
3952,true,עוגת גבינה 12 יח בקר,,,עוגת גבינה 12 יח בקר,קילוגרמים,1.00,"ק""ג",true,,0.00,0.0000,true,1,132128
3954,true,מלבי 12 יח בקרטון,,,מלבי 12 יח בקרטון,קילוגרמים,1.00,"ק""ג",true,,0.00,0.0000,true,1,132129
3967,true,מרק עגבניות 2 דליים,,,מרק עגבניות 2 דליים,,0.00,,false,,0.00,0.0000,true,1,132137
4004,true,מוס שוקולד וקצפת12 י,,,מוס שוקולד וקצפת12 י,קילוגרמים,1.00,"ק""ג",true,,0.00,0.0000,true,1,132165
4005,true,"מלח פלפל  שמן60 יח """,,,"מלח פלפל  שמן60 יח """,,0.00,,false,,0.00,0.0000,true,1,132166
4006,true,פנס שחור 120 יחידות,,,פנס שחור 120 יחידות,,0.00,,false,,0.00,0.0000,true,1,132939
4007,true,מטרפה סיליקון 120 יח,,,מטרפה סיליקון 120 יח,,0.00,,false,,0.00,0.0000,true,1,132167
4008,true,מגש אינגלישקייק 100,,,מגש אינגלישקייק 100,,0.00,,false,,0.00,0.0000,true,1,132168
4010,true,וודקה תאו XXO דאבל א,,,וודקה תאו XXO דאבל א,קילוגרמים,1.00,"ק""ג",true,,0.00,0.0000,true,1,132170
4011,true,כריות יפניות מארז12,,,כריות יפניות מארז12,קילוגרמים,1.00,"ק""ג",true,,0.00,0.0000,true,1,132171
4026,true,"שתיל הפלא216 יח ""בקר",,,"שתיל הפלא216 יח ""בקר",,0.00,,false,,0.00,0.0000,true,1,132185
4028,true,מפיץ ריח לרכב 216 יח,,,מפיץ ריח לרכב 216 יח,,0.00,,false,,0.00,0.0000,true,1,132187
4030,true,"סכינים240 יח ""בקרטון",,,"סכינים240 יח ""בקרטון",,0.00,,false,,0.00,0.0000,true,1,132189
4032,true,"קולפנים144 יח ""בקרטו",,,"קולפנים144 יח ""בקרטו",,0.00,,false,,0.00,0.0000,true,1,132191
4034,true,"סט פורים 300 יח ""בקר",,,"סט פורים 300 יח ""בקר",,0.00,,false,,0.00,0.0000,true,1,132193
4035,true,מכסה לכוס 330 קופיקס,,,מכסה לכוס 330 קופיקס,,0.00,,false,,0.00,0.0000,true,1,132194
4036,true,יגרמייסטר בקבוק ליטר,,,יגרמייסטר בקבוק ליטר,,0.00,,false,,0.00,0.0000,true,1,132195
4038,true,נוזל מרוכז לחיטוי פי,,,נוזל מרוכז לחיטוי פי,,0.00,,false,,0.00,0.0000,true,1,132197
4039,true,מרק אפונה 2 דליים,,,מרק אפונה 2 דליים,,0.00,,false,,0.00,0.0000,true,1,132198
4040,true,מרק עדשים 2 דליים,,,מרק עדשים 2 דליים,,0.00,,false,,0.00,0.0000,true,1,132199
4041,true,מקרונים 36 יח קרטון,,,מקרונים 36 יח קרטון,,0.00,,false,,0.00,0.0000,true,1,132200
4044,true,פח שובך 8 ליטר לשרות,,,פח שובך 8 ליטר לשרות,,0.00,,false,,0.00,0.0000,true,1,132201
4045,true,"מטהר אויר300 סמ""ק",,,"מטהר אויר300 סמ""ק",,0.00,,false,,0.00,0.0000,true,1,132202
4046,true,מברשת פלסטיק לשירותי,,,מברשת פלסטיק לשירותי,,0.00,,false,,0.00,0.0000,true,1,132203
4047,true,סט לשירותים מיכל+מבר,,,סט לשירותים מיכל+מבר,,0.00,,false,,0.00,0.0000,true,1,132204
4051,true,מגש פרספקט גדול10 יח,,,מגש פרספקט גדול10 יח,קילוגרמים,1.00,"ק""ג",true,,0.00,0.0000,true,1,132205
4054,true,"ג""אמפ אשכוליות בקבוק",,,"ג""אמפ אשכוליות בקבוק",,0.00,,false,,5.00,0.0000,true,1,132053
4055,true,"ג""אמפ ענבים בקבוק50",,,"ג""אמפ ענבים בקבוק50",,0.00,,false,,5.00,0.0000,true,1,132054
4056,true,"ג""אמפ תה קר אפרסק בק",,,"ג""אמפ תה קר אפרסק בק",,0.00,,false,,5.00,0.0000,true,1,132055
4057,true,"ג""אמפ תה קר תפוח בקב",,,"ג""אמפ תה קר תפוח בקב",,0.00,,false,,5.00,0.0000,true,1,132056
4058,true,מים בטעם אפרסק סאן ב,,,מים בטעם אפרסק סאן ב,,0.00,,false,,5.00,0.0000,true,1,132057
4059,true,מים בטעם ענבים סאן ב,,,מים בטעם ענבים סאן ב,,0.00,,false,,5.00,0.0000,true,1,132058
4063,true,"קפה בלנד קופיקס 6 ק""",,,"קפה בלנד קופיקס 6 ק""",,0.00,,false,,0.00,0.0000,true,1,132292
4064,true,עוגת שייש פסח12 פרוס,,,עוגת שייש פסח12 פרוס,,0.00,,false,,0.00,0.0000,true,1,132293
4067,true,"מאפיינס וניל וש .צ""י",,,"מאפיינס וניל וש .צ""י",,0.00,,false,,0.00,0.0000,true,1,132296
4069,true,מאפיינס שוקולד וש .צ,,,מאפיינס שוקולד וש .צ,,0.00,,false,,0.00,0.0000,true,1,132298
4070,true,"אייס קפה 10 ק""ג",,,"אייס קפה 10 ק""ג",,0.00,,false,,0.00,0.0000,true,1,132299
4080,true,"הגדה לפסח 100  יח ""ב",,,"הגדה לפסח 100  יח ""ב",,0.00,,false,,0.00,0.0000,true,1,132312
4081,true,כוס טרמית קלאב 48 יח,,,כוס טרמית קלאב 48 יח,,0.00,,false,,0.00,0.0000,true,1,132313
4082,true,"אייס וניל 10 ק""ג",,,"אייס וניל 10 ק""ג",,0.00,,false,,0.00,0.0000,true,1,132314
4083,true,חלב סויה אלפרו 12 לי,,,חלב סויה אלפרו 12 לי,,0.00,,false,,0.00,0.0000,true,1,132316
4085,true,סים סטנדרט,,,סים סטנדרט,,0.00,,false,,0.00,0.0000,true,1,132318
4086,true,סים ננו,,,סים ננו,,0.00,,false,,0.00,0.0000,true,1,132319
4087,true,סים מיקרו,,,סים מיקרו,,0.00,,false,,0.00,0.0000,true,1,132320
4088,true,מגש פרספקט,,,מגש פרספקט,,0.00,,false,,0.00,0.0000,true,1,132321
4097,true,תה קלאסי מארז 20 שקי,,,תה קלאסי מארז 20 שקי,,0.00,,false,,0.00,0.0000,true,1,132397
4098,true,תה ארל גריי מארז 20,,,תה ארל גריי מארז 20,,0.00,,false,,0.00,0.0000,true,1,132398
4100,true,תה ירוק לימונית לואי,,,תה ירוק לימונית לואי,,0.00,,false,,0.00,0.0000,true,1,132400
4101,true,תה קמומיל מארז 20 שק,,,תה קמומיל מארז 20 שק,,0.00,,false,,0.00,0.0000,true,1,132401
4105,true,גרנולה 20 גרם,,,גרנולה 20 גרם,,0.00,,false,,0.00,0.0000,true,1,132431
4107,true,"מאפיינס וניל שוקוצ""י",,,"מאפיינס וניל שוקוצ""י",,0.00,,false,,0.00,0.0000,true,1,132433
4108,true,"מאפיינס שוקו שוקוצ""י",,,"מאפיינס שוקו שוקוצ""י",,0.00,,false,,0.00,0.0000,true,1,132434
4110,true,אורז קטניות 18 יחידו,,,אורז קטניות 18 יחידו,,0.00,,false,,0.00,0.0000,true,1,132436
4112,true,"תפו""א וירקות סגנון ה",,,"תפו""א וירקות סגנון ה",,0.00,,false,,0.00,0.0000,true,1,132438
4113,true,סלט פסטה קר,,,סלט פסטה קר,,0.00,,false,,5.00,0.0000,true,1,132439
4114,true,סלט פסטה קר 20 יחידו,,,סלט פסטה קר 20 יחידו,,0.00,,false,,0.00,0.0000,true,1,132440
4116,true,מארז ירקות מיני24 יח,,,מארז ירקות מיני24 יח,,0.00,,false,,0.00,0.0000,true,1,132442
4117,true,תמצית לשייק טעם תות,,,תמצית לשייק טעם תות,,0.00,,false,,0.00,0.0000,true,1,132443
4118,true,תמצית לשייק טעם בננה,,,תמצית לשייק טעם בננה,,0.00,,false,,0.00,0.0000,true,1,132444
4119,true,תמצית לשייק טעם שוקו,,,תמצית לשייק טעם שוקו,קילוגרמים,1.00,"ק""ג",true,,0.00,0.0000,true,1,132445
4120,true,תמצית לשייק טעם אגוז,,,תמצית לשייק טעם אגוז,,0.00,,false,,0.00,0.0000,true,1,132446
4122,true,"אייס פסיפלורה 1ק""ג",,,"אייס פסיפלורה 1ק""ג",קילוגרמים,1.00,"ק""ג",true,,0.00,0.0000,true,1,132554
4124,true,מוזלי) יוגורט8 3%( י,,,מוזלי) יוגורט8 3%( י,,0.00,,false,,0.00,0.0000,true,1,132564
4125,true,שוקו 1  קילו 10 יחיד,,,שוקו 1  קילו 10 יחיד,,0.00,,false,,0.00,0.0000,true,1,132565
4126,true,פלפל מנות 2000 יחידו,,,פלפל מנות 2000 יחידו,,0.00,,false,,0.00,0.0000,true,1,132566
4127,true,מלח מנות 2000 יחידות,,,מלח מנות 2000 יחידות,,0.00,,false,,0.00,0.0000,true,1,132567
4128,true,ביסקולידה,,,ביסקולידה,,0.00,,false,,5.00,0.0000,true,1,132575
4130,true,זוג מסטיקים מנטה240,,,זוג מסטיקים מנטה240,,0.00,,false,,0.00,0.0000,true,1,132577
4132,true,ספוג הפלא) מארז6 יחי,,,ספוג הפלא) מארז6 יחי,,0.00,,false,,0.00,0.0000,true,1,132587
4133,true,מתקן ריצפה לגליל תעש,,,מתקן ריצפה לגליל תעש,,0.00,,false,,0.00,0.0000,true,1,132588
4134,true,מתקן תליה לגליל תעשי,,,מתקן תליה לגליל תעשי,,0.00,,false,,0.00,0.0000,true,1,132589
4135,true,גליל נייר תעשייתי12,,,גליל נייר תעשייתי12,,0.00,,false,,0.00,0.0000,true,1,132590
4136,true,גלון תפוזים 4 ליטר,,,גלון תפוזים 4 ליטר,,0.00,,false,,0.00,0.0000,true,1,132591
4138,true,טירמיסו 12 יחידות בק,,,טירמיסו 12 יחידות בק,קילוגרמים,1.00,"ק""ג",true,,0.00,0.0000,true,1,132593
4141,true,מגש פרספקט למאפיינס,,,מגש פרספקט למאפיינס,,0.00,,false,,0.00,0.0000,true,1,132635
4144,true,ארגז - B משולש סלמון,,,ארגז - B משולש סלמון,,0.00,,false,,0.00,0.0000,true,1,132645
4145,true,ארגז - C משולש מיקס,,,ארגז - C משולש מיקס,,0.00,,false,,0.00,0.0000,true,1,132646
4146,true,ארגז - D משולש אנטיפ,,,ארגז - D משולש אנטיפ,,0.00,,false,,0.00,0.0000,true,1,132647
4147,true,ארגז - E לחמניית סבי,,,ארגז - E לחמניית סבי,,0.00,,false,,0.00,0.0000,true,1,132648
4148,true,ארגז - F לחמניית צפת,,,ארגז - F לחמניית צפת,,0.00,,false,,0.00,0.0000,true,1,132649
4150,true,ארגז - H לחמניית טונ,,,ארגז - H לחמניית טונ,,0.00,,false,,0.00,0.0000,true,1,132651
4151,true,"ראשיין פחית24 יח ""בק",,,"ראשיין פחית24 יח ""בק",,0.00,,false,,0.00,0.0000,true,1,132652
4153,true,ארגז J- משולש חביתה,,,ארגז J- משולש חביתה,,0.00,,false,,0.00,0.0000,true,1,132658
4154,true,כפפת סיליקון,,,כפפת סיליקון,,0.00,,false,,5.00,0.0000,true,1,132668
4155,true,"כפפת סיליקון200 יח """,,,"כפפת סיליקון200 יח """,,0.00,,false,,0.00,0.0000,true,1,132669
4161,true,מנה חמה החזר) אורז/ס,,,מנה חמה החזר) אורז/ס,,0.00,,false,,0.00,0.0000,true,1,132675
4162,true,כריך החזר,,,כריך החזר,,0.00,,false,,0.00,0.0000,true,1,132676
4163,true,קינוח החזר,,,קינוח החזר,,0.00,,false,,0.00,0.0000,true,1,132677
4164,true,לחמניה החזר,,,לחמניה החזר,,0.00,,false,,0.00,0.0000,true,1,132678
4165,true,כריך סלמון החזר,,,כריך סלמון החזר,,0.00,,false,,0.00,0.0000,true,1,132679
4168,true,שקית פירות יבשים150,,,שקית פירות יבשים150,,0.00,,false,,0.00,0.0000,true,1,132682
4169,true,אייס וניל,,,אייס וניל,,0.00,,false,,0.00,0.0000,true,1,132688
4170,true,חלב 16 - 3% ליטר באר,,,חלב 16 - 3% ליטר באר,,0.00,,false,,0.00,0.0000,true,1,132689
4171,true,חלב 12 - 1% ליטר באר,,,חלב 12 - 1% ליטר באר,,0.00,,false,,0.00,0.0000,true,1,132690
4172,true,פיקדון ארגז פלסטיק ל,,,פיקדון ארגז פלסטיק ל,,0.00,,false,,0.00,0.0000,true,1,132695
4173,true,"קיש בטטה ובצל30 יח """,,,"קיש בטטה ובצל30 יח """,,0.00,,false,,0.00,0.0000,true,1,132717
4176,true,מאפה בוקר שוקולד,,,מאפה בוקר שוקולד,,0.00,,false,,5.00,0.0000,true,1,132776
4177,true,מאפה בוקר שוקולד10 י,,,מאפה בוקר שוקולד10 י,קילוגרמים,1.00,"ק""ג",true,,0.00,0.0000,true,1,132777
4178,true,מאפה בוקר קינמון,,,מאפה בוקר קינמון,,0.00,,false,,5.00,0.0000,true,1,132778
4179,true,מאפה בוקר קינמון10 י,,,מאפה בוקר קינמון10 י,,0.00,,false,,0.00,0.0000,true,1,132779
4180,true,מאפה בוקר גבינה,,,מאפה בוקר גבינה,,0.00,,false,,5.00,0.0000,true,1,132780
4181,true,מאפה בוקר גבינה10 יח,,,מאפה בוקר גבינה10 יח,,0.00,,false,,0.00,0.0000,true,1,132781
4182,true,מאפה בוקר חמאה,,,מאפה בוקר חמאה,,0.00,,false,,5.00,0.0000,true,1,132782
4184,true,"פוקצ""ה זיתים",,,"פוקצ""ה זיתים",,0.00,,false,,5.00,0.0000,true,1,132784
4185,true,"פוקצ""ה זיתים10 יח ""ב",,,"פוקצ""ה זיתים10 יח ""ב",,0.00,,false,,0.00,0.0000,true,1,132785
4186,true,"פוקצ""ה בצל",,,"פוקצ""ה בצל",,0.00,,false,,5.00,0.0000,true,1,132786
4187,true,"פוקצ""ה בצל10 יח ""בקר",,,"פוקצ""ה בצל10 יח ""בקר",,0.00,,false,,0.00,0.0000,true,1,132787
4189,true,"פוקצ""ה זעתר10 יח ""בק",,,"פוקצ""ה זעתר10 יח ""בק",,0.00,,false,,0.00,0.0000,true,1,132789
4191,true,"פוקצ""ה ירקות10 יח ""ב",,,"פוקצ""ה ירקות10 יח ""ב",,0.00,,false,,0.00,0.0000,true,1,132791
4192,true,"פוקצ""ה עגבניות",,,"פוקצ""ה עגבניות",,0.00,,false,,5.00,0.0000,true,1,132792
4194,true,פרעצל,,,פרעצל,,0.00,,false,,5.00,0.0000,true,1,132794
4195,true,"פרעצל20 יח ""בקרטון",,,"פרעצל20 יח ""בקרטון",,0.00,,false,,0.00,0.0000,true,1,132795
4196,true,עוגה בחושה,,,עוגה בחושה,,0.00,,false,,5.00,0.0000,true,1,132796
4197,true,"עוגה בחושה9 יח ""בקרט",,,"עוגה בחושה9 יח ""בקרט",,0.00,,false,,0.00,0.0000,true,1,132797
4199,true,"בורקס גבינה10 יח ""בק",,,"בורקס גבינה10 יח ""בק",,0.00,,false,,0.00,0.0000,true,1,132799
4200,true,"בורקס תפו""א",,,"בורקס תפו""א",,0.00,,false,,5.00,0.0000,true,1,132800
4201,true,"בורקס תפו""א10 יח ""בק",,,"בורקס תפו""א10 יח ""בק",,0.00,,false,,0.00,0.0000,true,1,132801
4202,true,פילו תפוחים,,,פילו תפוחים,,0.00,,false,,5.00,0.0000,true,1,132802
4203,true,"פילו תפוחים10 יח ""בק",,,"פילו תפוחים10 יח ""בק",,0.00,,false,,0.00,0.0000,true,1,132803
4204,true,שקית נייר מאפים קופי,,,שקית נייר מאפים קופי,,0.00,,false,,0.00,0.0000,true,1,132853
4206,true,"לחמניית טונה15 יח ""ב",,,"לחמניית טונה15 יח ""ב",,0.00,,false,,0.00,0.0000,true,1,132860
4207,true,"לחמניית חביתה15 יח """,,,"לחמניית חביתה15 יח """,,0.00,,false,,0.00,0.0000,true,1,132861
4211,true,"ספגטי עגבניות24 יח """,,,"ספגטי עגבניות24 יח """,,0.00,,false,,0.00,0.0000,true,1,132869
4212,true,"אורז קטניות24  יח ""ב",,,"אורז קטניות24  יח ""ב",,0.00,,false,,0.00,0.0000,true,1,132870
4213,true,"תפו""א וירקות סגנון ה",,,"תפו""א וירקות סגנון ה",,0.00,,false,,0.00,0.0000,true,1,132871
4214,true,"פפסי קולה500 מ""ל",,,"פפסי קולה500 מ""ל",,0.00,,false,,5.00,0.0000,true,1,132880
4215,true,"פפסי מקס500 מ""ל",,,"פפסי מקס500 מ""ל",,0.00,,false,,5.00,0.0000,true,1,132881
4216,true,"מירנדה500 מ""ל",,,"מירנדה500 מ""ל",,0.00,,false,,5.00,0.0000,true,1,132882
4217,true,"סבן אפ500 מ""ל",,,"סבן אפ500 מ""ל",,0.00,,false,,5.00,0.0000,true,1,132883
4218,true,"דיאט סבן אפ500 מ""ל",,,"דיאט סבן אפ500 מ""ל",,0.00,,false,,5.00,0.0000,true,1,132884
4219,true,קרש חיתוך וסכין,,,קרש חיתוך וסכין,,0.00,,false,,0.00,0.0000,true,1,132885
4220,true,קרש חיתוך וסכין60 יח,,,קרש חיתוך וסכין60 יח,,0.00,,false,,0.00,0.0000,true,1,132886
4223,true,בקבוק ספורט,,,בקבוק ספורט,,0.00,,false,,0.00,0.0000,true,1,132923
4225,true,סט כלי ששת,,,סט כלי ששת,,0.00,,false,,0.00,0.0000,true,1,132925
4226,true,"סט כלי ששת120 יח ""בק",,,"סט כלי ששת120 יח ""בק",,0.00,,false,,0.00,0.0000,true,1,132926
4232,true,ארגז - K משולש חביתה,,,ארגז - K משולש חביתה,,0.00,,false,,0.00,0.0000,true,1,132997
4233,true,מכסה לכוס 250 קופיקס,,,מכסה לכוס 250 קופיקס,,0.00,,false,,0.00,0.0000,true,1,133003
4234,true,"עוגה בחושה10 יח ""בקר",,,"עוגה בחושה10 יח ""בקר",,0.00,,false,,0.00,0.0000,true,1,133006
4238,true,ארגז - G  משולש סלמו,,,ארגז - G  משולש סלמו,,0.00,,false,,0.00,0.0000,true,1,133013
4239,true,ארגז - D משולש מיקס,,,ארגז - D משולש מיקס,,0.00,,false,,0.00,0.0000,true,1,133014
4240,true,ארגז - E לחמניית סבי,,,ארגז - E לחמניית סבי,,0.00,,false,,0.00,0.0000,true,1,133015
4280,true,מארז - 6000 בוחשן כפ,,,מארז - 6000 בוחשן כפ,,0.00,,false,,0.00,0.0000,true,1,133067
4281,true,מתקן סבוניה קצף,,,מתקן סבוניה קצף,,0.00,,false,,0.00,0.0000,true,1,133089
4532,true,ניילון נצמד בודד 30,,,ניילון נצמד בודד 30,,0.00,,false,,5.00,0.0000,true,1,136941
4727,true,מארז - 96 לקקנים,,,מארז - 96 לקקנים,,0.00,,false,,0.00,0.0000,true,1,133063
4729,true,מארז - 12 מים מינרלי,,,מארז - 12 מים מינרלי,קילוגרמים,1.00,"ק""ג",true,,5.00,5.0000,true,1,133076
4730,true,מרינה סופר מכר,,,מרינה סופר מכר,,0.00,,false,,0.00,0.0000,true,1,134013
4731,true,מתקן מגבת צץ רץ,,,מתקן מגבת צץ רץ,,0.00,,false,,0.00,0.0000,true,1,133083
4732,true,"שני ק""ג עוגיות אלפחו",,,"שני ק""ג עוגיות אלפחו",קילוגרמים,1.00,"ק""ג",true,,0.00,0.0000,true,1,133084
4736,true,"ספגטי עגבניות20 יח """,,,"ספגטי עגבניות20 יח """,קילוגרמים,1.00,"ק""ג",true,,0.00,0.0000,true,1,133103
4737,true,"אורז קטניות20  יח ""ב",,,"אורז קטניות20  יח ""ב",קילוגרמים,1.00,"ק""ג",true,,0.00,0.0000,true,1,133104
4738,true,"תפו""א וירקות סגנון ה",,,"תפו""א וירקות סגנון ה",קילוגרמים,1.00,"ק""ג",true,,0.00,0.0000,true,1,133105
4742,true,מארז - 28 יוגורט אפר,,,מארז - 28 יוגורט אפר,,0.00,,false,,0.00,0.0000,true,1,133110
4743,true,מארז 30 יחידות - גבי,,,מארז 30 יחידות - גבי,,0.00,,false,,0.00,0.0000,true,1,133111
4745,true,זוג ציפיות 100 - יחי,,,זוג ציפיות 100 - יחי,,0.00,,false,,0.00,0.0000,true,1,133114
4746,true,פורס אבטיח 24 יחידות,,,פורס אבטיח 24 יחידות,קילוגרמים,1.00,"ק""ג",true,,0.00,0.0000,true,1,133116
4747,true,מחצלת חוף 50 יחידות,,,מחצלת חוף 50 יחידות,,0.00,,false,,0.00,0.0000,true,1,133117
4754,true,רול אפ וואלה,,,רול אפ וואלה,,0.00,,false,,0.00,0.0000,true,1,133129
4762,true,מארז 16 יחידות+ ארגז,,,מארז 16 יחידות+ ארגז,קילוגרמים,1.00,"ק""ג",true,,0.00,0.0000,true,1,133149
4763,true,מארז 16 יחידות+ ארגז,,,מארז 16 יחידות+ ארגז,,0.00,,false,,0.00,0.0000,true,1,133150
4766,true,"מארז180 יח - ""תיק שו",,,"מארז180 יח - ""תיק שו",,0.00,,false,,0.00,0.0000,true,1,133163
4767,true,"מארז120 יח - ""צידנית",,,"מארז120 יח - ""צידנית",,0.00,,false,,0.00,0.0000,true,1,133166
4769,true,מארז 150 יחידות - מג,,,מארז 150 יחידות - מג,,0.00,,false,,0.00,0.0000,true,1,133177
4772,true,מארז 20 יחידות - פתי,,,מארז 20 יחידות - פתי,קילוגרמים,1.00,"ק""ג",true,,0.00,0.0000,true,1,133184
4774,true,מארז 200 יחידות - מח,,,מארז 200 יחידות - מח,,0.00,,false,,0.00,0.0000,true,1,133187
4776,true,מארז 144 יחידות - זו,,,מארז 144 יחידות - זו,,0.00,,false,,0.00,0.0000,true,1,133198
4777,true,מארז 140 יחידות- שלי,,,מארז 140 יחידות- שלי,,0.00,,false,,0.00,0.0000,true,1,133199
4779,true,מארז 1 קילו - נקניקי,,,מארז 1 קילו - נקניקי,,0.00,,false,,0.00,0.0000,true,1,133202
4780,true,מארז 36 יחידות - כפכ,,,מארז 36 יחידות - כפכ,,0.00,,false,,0.00,0.0000,true,1,133203
4781,true,מארז 150 יחידות - קי,,,מארז 150 יחידות - קי,,0.00,,false,,0.00,0.0000,true,1,133204
4782,true,מארז 16 יחידות - לאב,,,מארז 16 יחידות - לאב,,0.00,,false,,0.00,0.0000,true,1,133207
4783,true,מארז 12 יחידות - גרע,,,מארז 12 יחידות - גרע,,0.00,,false,,0.00,0.0000,true,1,133240
4784,true,מארז 24 יחידות - טוב,,,מארז 24 יחידות - טוב,,0.00,,false,,0.00,0.0000,true,1,133241
4785,true,מארז 12 יחידות - עוג,,,מארז 12 יחידות - עוג,,0.00,,false,,0.00,0.0000,true,1,133242
4786,true,מארז 24 יחידות - גרנ,,,מארז 24 יחידות - גרנ,,0.00,,false,,0.00,0.0000,true,1,133243
4787,true,מארז 36 יחידות - מגב,,,מארז 36 יחידות - מגב,,0.00,,false,,0.00,0.0000,true,1,133244
4788,true,מארז 12 יחידות - סוכ,,,מארז 12 יחידות - סוכ,,0.00,,false,,0.00,0.0000,true,1,133245
4789,true,מארז 20 יחידות - פסט,,,מארז 20 יחידות - פסט,,0.00,,false,,0.00,0.0000,true,1,133246
4790,true,מארז 36 יחידות - בול,,,מארז 36 יחידות - בול,,0.00,,false,,0.00,0.0000,true,1,133247
4791,true,מארז 30 יחידות - דגנ,,,מארז 30 יחידות - דגנ,,0.00,,false,,0.00,0.0000,true,1,133248
4792,true,מארז 12 יחידות -פרינ,,,מארז 12 יחידות -פרינ,,0.00,,false,,0.00,0.0000,true,1,133249
4795,true,מארז20 זוגות בקרטון,,,מארז20 זוגות בקרטון,,0.00,,false,,0.00,0.0000,true,1,133254
4796,true,מארז 10 יחידות בקרטו,,,מארז 10 יחידות בקרטו,,0.00,,false,,0.00,0.0000,true,1,133255
4800,true,מארז 14 יחידות בקרטו,,,מארז 14 יחידות בקרטו,,0.00,,false,,0.00,0.0000,true,1,133261
4801,true,מארז 14 יחידות בקרטו,,,מארז 14 יחידות בקרטו,,0.00,,false,,0.00,0.0000,true,1,133262
4802,true,מארז 16 יחידות בקרטו,,,מארז 16 יחידות בקרטו,,0.00,,false,,0.00,0.0000,true,1,133263
4803,true,מארז 16 יחידות בקרטו,,,מארז 16 יחידות בקרטו,,0.00,,false,,0.00,0.0000,true,1,133264
4804,true,מארז 120 יחידות בקרט,,,מארז 120 יחידות בקרט,,0.00,,false,,0.00,0.0000,true,1,133265
4805,true,מארז 12 יחידות בקרטו,,,מארז 12 יחידות בקרטו,,0.00,,false,,0.00,0.0000,true,1,133266
4806,true,מארז 12 יחידות בקרטו,,,מארז 12 יחידות בקרטו,קילוגרמים,1.00,"ק""ג",true,,0.00,0.0000,true,1,133267
4807,true,נס קפה 1 קילו,,,נס קפה 1 קילו,,0.00,,false,,0.00,0.0000,true,1,133269
4809,true,מארז 24 יחידות בקרטו,,,מארז 24 יחידות בקרטו,,0.00,,false,,0.00,0.0000,true,1,133277
4821,true,ארגז כריכים) חד-פעמי,,,ארגז כריכים) חד-פעמי,,0.00,,false,,0.00,0.0000,true,1,133295
4822,true,סמבוסק פיצה15 יחידות,,,סמבוסק פיצה15 יחידות,,0.00,,false,,0.00,0.0000,true,1,133296
4823,true,סמבוסק טונה14 יחידות,,,סמבוסק טונה14 יחידות,,0.00,,false,,0.00,0.0000,true,1,133297
4824,true,בייגלה רומני20 יחידו,,,בייגלה רומני20 יחידו,,0.00,,false,,0.00,0.0000,true,1,133299
4828,true,עוגת דבש,,,עוגת דבש,,0.00,,false,,5.00,0.0000,true,1,133324
4833,true,מארז4 יחידות בקרטון,,,מארז4 יחידות בקרטון,,0.00,,false,,0.00,0.0000,true,1,133357
4840,true,ערכת פתיחה לזכיין מת,,,ערכת פתיחה לזכיין מת,,0.00,,false,,0.00,0.0000,true,1,135422
4845,true,קרטוניות לסחלב שוקול,,,קרטוניות לסחלב שוקול,,0.00,,false,,0.00,0.0000,true,1,138161
5564,true,50סכינים קשיח,,,50סכינים קשיח,,0.00,,false,,0.00,0.0000,true,1,135498
5656,true,"חיוב תפוצ""יפס מחודש",,,"חיוב תפוצ""יפס מחודש",,0.00,,false,,0.00,0.0000,true,1,139322
6247,true,מפעל-אריזה למגשי איר,,,מפעל-אריזה למגשי איר,,0.00,,false,,0.00,0.0000,true,1,136526
6501,true,מפעל-ממרח פסטו לכריך,,,מפעל-ממרח פסטו לכריך,,0.00,,false,,0.00,0.0000,true,1,134238
9999,true,כרטיס נטען,,,כרטיס נטען,,0.00,,false,,0.00,0.0000,true,1,133331
10000,true,כריך טונה לפסח,,,כריך טונה לפסח,,0.00,,false,,0.00,0.0000,true,1,132568
10001,true,כריך מיקס גבינות לפס,,,כריך מיקס גבינות לפס,,0.00,,false,,0.00,0.0000,true,1,132569
10002,true,כריך אבוקדו לפסח,,,כריך אבוקדו לפסח,,0.00,,false,,0.00,0.0000,true,1,132572
10003,true,כריך חביתה לפסח,,,כריך חביתה לפסח,,0.00,,false,,0.00,0.0000,true,1,132573
10004,true,כריך סביח לפסח,,,כריך סביח לפסח,,0.00,,false,,0.00,0.0000,true,1,132574
10009,true,עוגת דבש 250 גרם - ה,,,עוגת דבש 250 גרם - ה,,0.00,,false,,6.00,0.0000,true,1,136483
10010,true,מפעל -מעורב ביצים10,,,מפעל -מעורב ביצים10,,0.00,,false,,2999.90,0.0000,true,1,135983
10541,true,מוצארט בינוני,,,מוצארט בינוני,קילוגרמים,1.00,"ק""ג",true,,12.00,12.0000,true,1,139326
11059,true,מפעל-אבקת וואסבי,,,מפעל-אבקת וואסבי,,0.00,,false,,0.00,0.0000,true,1,135287
12345,true,fdgsdvgdf,,,fdgsdvgdf,,0.00,,false,,0.00,0.0000,true,1,132306
13690,true,כפפות ניטריל מידה M,,,כפפות ניטריל מידה M,,0.00,,false,,0.00,0.0000,true,1,136571
15008,true,מפעל-רוטב יאמאסה פרי,,,מפעל-רוטב יאמאסה פרי,,0.00,,false,,0.00,0.0000,true,1,135381
15042,true,"מפעל-רוטב סויה 15 ג""",,,"מפעל-רוטב סויה 15 ג""",,0.00,,false,,0.00,0.0000,true,1,135288
16062,true,מפעל-חומץ אורז מיצוק,,,מפעל-חומץ אורז מיצוק,,0.00,,false,,0.00,0.0000,true,1,135025
18019,true,"מפעל-ג""ינג""ר כבוש לב",,,"מפעל-ג""ינג""ר כבוש לב",,0.00,,false,,0.00,0.0000,true,1,135289
18023,true,מפעל-קנפיו רצועות דל,,,מפעל-קנפיו רצועות דל,,0.00,,false,,0.00,0.0000,true,1,135290
20005,true,פאי אישי קטן אמריקן,,,פאי אישי קטן אמריקן,קילוגרמים,1.00,"ק""ג",true,,12.00,12.0000,true,1,139327
20205,true,פאי אישי קטן שוקולד,,,פאי אישי קטן שוקולד,קילוגרמים,1.00,"ק""ג",true,,12.00,12.0000,true,1,139328
35893,true,ממתק חמוץ ומסוכר בטע,,,ממתק חמוץ ומסוכר בטע,,0.00,,false,,5.00,0.0000,true,1,134156
36122,true,פשטידת בטטה אישית,,,פשטידת בטטה אישית,קילוגרמים,1.00,"ק""ג",true,,12.00,12.0000,true,1,139334
36322,true,פשטידת בצל אישית,,,פשטידת בצל אישית,קילוגרמים,1.00,"ק""ג",true,,12.00,12.0000,true,1,139335
50010,true,מפעל-ביצה קשה יד אור,,,מפעל-ביצה קשה יד אור,,0.00,,false,,2999.90,0.0000,true,1,134016
50011,true,מפעל-חלבון ביצים מבו,,,מפעל-חלבון ביצים מבו,,0.00,,false,,2999.90,0.0000,true,1,135459
50012,true,מפעל-חלמון ביצים מבו,,,מפעל-חלמון ביצים מבו,,0.00,,false,,2999.90,0.0000,true,1,135460
50301,true,קוראסון שוקולד לא אפ,,,קוראסון שוקולד לא אפ,,0.00,,false,,0.00,0.0000,true,1,136476
50302,true,גביניות  לא אפוי - ר,,,גביניות  לא אפוי - ר,,0.00,,false,,0.00,0.0000,true,1,136477
50303,true,קוראסון ריק לא אפוי,,,קוראסון ריק לא אפוי,,0.00,,false,,0.00,0.0000,true,1,136478
50304,true,בורקס גבינה לא אפוי,,,בורקס גבינה לא אפוי,,0.00,,false,,0.00,0.0000,true,1,136479
50305,true,"בורקס תפו""א לא אפוי",,,"בורקס תפו""א לא אפוי",,0.00,,false,,0.00,0.0000,true,1,136480
56464,true,מפעל-בייגל טוסט,,,מפעל-בייגל טוסט,,0.00,,false,,2999.90,0.0000,true,1,137594
57453,true,"מפעל -עמק חריץ בד""ץ",,,"מפעל -עמק חריץ בד""ץ",קילוגרמים,1.00,"ק""ג",true,,2999.90,2999.9000,true,1,135087
75075,true,קדירת מרק 10 ליטר,,,קדירת מרק 10 ליטר,,0.00,,false,,0.00,0.0000,true,1,133713
81014,true,חלב שקית + 3% ארגז פ,,,חלב שקית + 3% ארגז פ,קילוגרמים,1.00,"ק""ג",true,,2999.00,2999.0000,true,1,139324
100100,true,מפעל-תבור למהדרין מג,,,מפעל-תבור למהדרין מג,,0.00,,false,,2999.90,0.0000,true,1,135300
100610,true,מפעל-גבינה בולגרית ל,,,מפעל-גבינה בולגרית ל,,0.00,,false,,2999.90,0.0000,true,1,134069
100633,true,מפעל-לה פטה שש-בש 4,,,מפעל-לה פטה שש-בש 4,,0.00,,false,,2999.90,0.0000,true,1,133993
123456,true,קופון טסט,,,קופון טסט,,0.00,,false,,0.01,0.0000,true,1,132220
128901,true,מפעל טרמיסו,,,מפעל טרמיסו,,0.00,,false,,12.00,0.0000,true,1,137520
128902,true,מפעל- בוואריה פרווה,,,מפעל- בוואריה פרווה,,0.00,,false,,5.00,0.0000,true,1,137521
128979,true,מפעל-קוסקוס בינוני,,,מפעל-קוסקוס בינוני,,0.00,,false,,2999.90,0.0000,true,1,136848
131700,true,מפעל - נייר טואלט לי,,,מפעל - נייר טואלט לי,,0.00,,false,,0.00,0.0000,true,1,137572
150004,true,"מפעל-סוכר סוגת בד""ץ",,,"מפעל-סוכר סוגת בד""ץ",,0.00,,false,,2999.00,0.0000,true,1,134788
150207,true,"מפעל-מלח עבה 1 ק""ג ב",,,"מפעל-מלח עבה 1 ק""ג ב",,0.00,,false,,0.00,0.0000,true,1,134915
150209,true,מפעל-מלח דק עתלית בד,,,מפעל-מלח דק עתלית בד,,0.00,,false,,0.00,0.0000,true,1,134789
180107,true,מפעל -חמוציות בתפזור,,,מפעל -חמוציות בתפזור,קילוגרמים,1.00,"ק""ג",true,,2999.90,2999.9000,true,1,134819
206010,true,גבינה פירורים בינוני,,,גבינה פירורים בינוני,קילוגרמים,1.00,"ק""ג",true,,12.00,12.0000,true,1,139329
230113,true,מפעל-בורגול 5 קילו ב,,,מפעל-בורגול 5 קילו ב,,0.00,,false,,0.00,0.0000,true,1,134820
230136,true,מפעל-עדשים שחורות 5,,,מפעל-עדשים שחורות 5,,0.00,,false,,2999.00,0.0000,true,1,135308
300042,true,מפעל-עגבניות שרי י.ש,,,מפעל-עגבניות שרי י.ש,,0.00,,false,,0.00,0.0000,true,1,134000
302027,true,פאקט-טיים רד,,,פאקט-טיים רד,,0.00,,false,,0.00,0.0000,true,1,136981
302041,true,פאקט-טיים 100 רד,,,פאקט-טיים 100 רד,,0.00,,false,,0.00,0.0000,true,1,137655
303795,true,פרגית אמיתית 16 יח,,,פרגית אמיתית 16 יח,קילוגרמים,1.00,"ק""ג",true,,0.00,0.0000,true,1,137329
303825,true,זוג פרגית במגש 8 יח,,,זוג פרגית במגש 8 יח,קילוגרמים,1.00,"ק""ג",true,,0.00,0.0000,true,1,137330
303832,true,פרגית אמיתית 16 יח ת,,,פרגית אמיתית 16 יח ת,קילוגרמים,1.00,"ק""ג",true,,0.00,0.0000,true,1,137331
303863,true,עוף של פעם,,,עוף של פעם,קילוגרמים,1.00,"ק""ג",true,,0.00,0.0000,true,1,137464
303870,true,כרעיים של פעם,,,כרעיים של פעם,קילוגרמים,1.00,"ק""ג",true,,0.00,0.0000,true,1,137465
303887,true,חזה של פעם,,,חזה של פעם,קילוגרמים,1.00,"ק""ג",true,,0.00,0.0000,true,1,137466
303894,true,פילה של פעם,,,פילה של פעם,קילוגרמים,1.00,"ק""ג",true,,0.00,0.0000,true,1,137467
303900,true,כנפיים של פעם,,,כנפיים של פעם,קילוגרמים,1.00,"ק""ג",true,,0.00,0.0000,true,1,137468
303917,true,כבד של פעם,,,כבד של פעם,קילוגרמים,1.00,"ק""ג",true,,0.00,0.0000,true,1,137469
305988,true,"גביע ליוגורט 200 מ""ל",,,"גביע ליוגורט 200 מ""ל",,0.00,,false,,0.00,0.0000,true,1,138354
305989,true,"גביע ליוגורט 240 מ""ל",,,"גביע ליוגורט 240 מ""ל",,0.00,,false,,0.00,0.0000,true,1,138168
330113,true,"מפעל-מרק ט .עוף 1 ק""",,,"מפעל-מרק ט .עוף 1 ק""",,0.00,,false,,0.00,0.0000,true,1,134967
350108,true,"מפעל-פלפל שטה -צ""ילי",,,"מפעל-פלפל שטה -צ""ילי",,0.00,,false,,0.00,0.0000,true,1,135121
350111,true,מפעל-פפריקה מתוקה 1,,,מפעל-פפריקה מתוקה 1,,0.00,,false,,0.00,0.0000,true,1,134917
350127,true,"מפעל-רוזמרין 1 ק""ג ג",,,"מפעל-רוזמרין 1 ק""ג ג",,0.00,,false,,0.00,0.0000,true,1,134968
350175,true,"מפעל-מלח לימון ק""ג ג",,,"מפעל-מלח לימון ק""ג ג",,0.00,,false,,0.00,0.0000,true,1,134918
350199,true,מפעל-אורגנו,,,מפעל-אורגנו,,0.00,,false,,0.00,0.0000,true,1,134919
360120,true,מפעל-פלפל שחור טחון,,,מפעל-פלפל שחור טחון,,0.00,,false,,0.00,0.0000,true,1,135519
360122,true,מפעל-פפריקה חריפה 1,,,מפעל-פפריקה חריפה 1,,0.00,,false,,0.00,0.0000,true,1,134920
370001,true,מפעל-פפריקה מתוקה מע,,,מפעל-פפריקה מתוקה מע,,0.00,,false,,0.00,0.0000,true,1,136427
370003,true,מפעל-פלפל שטה גרוסה,,,מפעל-פלפל שטה גרוסה,,0.00,,false,,0.00,0.0000,true,1,136428
370006,true,מפעל-פלפל שחור גרוס,,,מפעל-פלפל שחור גרוס,,0.00,,false,,0.00,0.0000,true,1,136712
370008,true,מפעל-פלפל שחור טחון,,,מפעל-פלפל שחור טחון,,0.00,,false,,0.00,0.0000,true,1,136429
379593,true,מפעל-מונדלך גדול שמי,,,מפעל-מונדלך גדול שמי,,0.00,,false,,2999.90,0.0000,true,1,136001
381003,true,"מפעל -פטרוזיליה ק""ג",,,"מפעל -פטרוזיליה ק""ג",,0.00,,false,,0.00,0.0000,true,1,134008
381006,true,"מפעל -נענע ק""ג שטוף",,,"מפעל -נענע ק""ג שטוף",,0.00,,false,,0.00,0.0000,true,1,134009
400001,true,עוף שלם,,,עוף שלם,קילוגרמים,1.00,"ק""ג",true,,0.00,0.0000,true,1,136992
400002,true,עוף מפורק,,,עוף מפורק,קילוגרמים,1.00,"ק""ג",true,,0.00,0.0000,true,1,136993
400003,true,כרעיים עוף,,,כרעיים עוף,קילוגרמים,1.00,"ק""ג",true,,0.00,0.0000,true,1,136994
400004,true,שוקיים עוף,,,שוקיים עוף,קילוגרמים,1.00,"ק""ג",true,,0.00,0.0000,true,1,136995
400005,true,ירכיים עוף,,,ירכיים עוף,קילוגרמים,1.00,"ק""ג",true,,0.00,0.0000,true,1,136996
400006,true,כנפיים עוף,,,כנפיים עוף,קילוגרמים,1.00,"ק""ג",true,,0.00,0.0000,true,1,136997
400009,true,שניצל עוף פרוס מובחר,,,שניצל עוף פרוס מובחר,קילוגרמים,1.00,"ק""ג",true,,0.00,0.0000,true,1,136998
400010,true,פרגיות עוף,,,פרגיות עוף,קילוגרמים,1.00,"ק""ג",true,,0.00,0.0000,true,1,136999
400011,true,שיפודי פרגיות,,,שיפודי פרגיות,קילוגרמים,1.00,"ק""ג",true,,0.00,0.0000,true,1,137000
400013,true,עופיון,,,עופיון,קילוגרמים,1.00,"ק""ג",true,,0.00,0.0000,true,1,137001
400014,true,כבד עוף,,,כבד עוף,קילוגרמים,1.00,"ק""ג",true,,0.00,0.0000,true,1,137002
400015,true,לבבות עוף,,,לבבות עוף,קילוגרמים,1.00,"ק""ג",true,,0.00,0.0000,true,1,137003
400017,true,טחון עוף,,,טחון עוף,קילוגרמים,1.00,"ק""ג",true,,0.00,0.0000,true,1,137004
400018,true,פילה עוף,,,פילה עוף,קילוגרמים,1.00,"ק""ג",true,,0.00,0.0000,true,1,137005
400021,true,שיפודי לבבות,,,שיפודי לבבות,קילוגרמים,1.00,"ק""ג",true,,0.00,0.0000,true,1,137006
400024,true,כרעיים בלי עור,,,כרעיים בלי עור,קילוגרמים,1.00,"ק""ג",true,,0.00,0.0000,true,1,137007
400028,true,עוף ללא עצמות,,,עוף ללא עצמות,קילוגרמים,1.00,"ק""ג",true,,0.00,0.0000,true,1,137008
400102,true,רצועות עוף,,,רצועות עוף,קילוגרמים,1.00,"ק""ג",true,,0.00,0.0000,true,1,137009
400103,true,כנפיים הודו,,,כנפיים הודו,קילוגרמים,1.00,"ק""ג",true,,0.00,0.0000,true,1,137010
400104,true,גרון הודו,,,גרון הודו,קילוגרמים,1.00,"ק""ג",true,,0.00,0.0000,true,1,137011
400106,true,רצועות שווארמה נקבה,,,רצועות שווארמה נקבה,קילוגרמים,1.00,"ק""ג",true,,0.00,0.0000,true,1,137012
400107,true,שיפודי שווארמה נקבה,,,שיפודי שווארמה נקבה,קילוגרמים,1.00,"ק""ג",true,,0.00,0.0000,true,1,137013
400108,true,שווארמה הודו נקבה,,,שווארמה הודו נקבה,קילוגרמים,1.00,"ק""ג",true,,0.00,0.0000,true,1,137014
400109,true,וויסבראטן,,,וויסבראטן,קילוגרמים,1.00,"ק""ג",true,,0.00,0.0000,true,1,137015
400111,true,אווזית,,,אווזית,קילוגרמים,1.00,"ק""ג",true,,0.00,0.0000,true,1,137016
400112,true,"צ""אך",,,"צ""אך",קילוגרמים,1.00,"ק""ג",true,,0.00,0.0000,true,1,137017
400115,true,כרעיים ללא עצם,,,כרעיים ללא עצם,קילוגרמים,1.00,"ק""ג",true,,0.00,0.0000,true,1,137018
400117,true,נקניקיות מרגז,,,נקניקיות מרגז,קילוגרמים,1.00,"ק""ג",true,,0.00,0.0000,true,1,137019
400118,true,קבב טרי,,,קבב טרי,קילוגרמים,1.00,"ק""ג",true,,0.00,0.0000,true,1,137020
400121,true,חזה הודו,,,חזה הודו,קילוגרמים,1.00,"ק""ג",true,,0.00,0.0000,true,1,137021
400209,true,אסאדו \שפונדרה עגל,,,אסאדו \שפונדרה עגל,קילוגרמים,1.00,"ק""ג",true,,0.00,0.0000,true,1,137022
400213,true,מעורב ירושלמי,,,מעורב ירושלמי,קילוגרמים,1.00,"ק""ג",true,,0.00,0.0000,true,1,137023
400222,true,אנטריקוט עם עצם טרי,,,אנטריקוט עם עצם טרי,קילוגרמים,1.00,"ק""ג",true,,0.00,0.0000,true,1,137024
400226,true,המבורגר טרי,,,המבורגר טרי,קילוגרמים,1.00,"ק""ג",true,,0.00,0.0000,true,1,137025
400227,true,בשר ראש עגל,,,בשר ראש עגל,קילוגרמים,1.00,"ק""ג",true,,0.00,0.0000,true,1,137026
400228,true,שפונדרה,,,שפונדרה,קילוגרמים,1.00,"ק""ג",true,,0.00,0.0000,true,1,137027
400236,true,שייטל,,,שייטל,קילוגרמים,1.00,"ק""ג",true,,0.00,0.0000,true,1,137028
400237,true,כתף מניון,,,כתף מניון,קילוגרמים,1.00,"ק""ג",true,,0.00,0.0000,true,1,137029
400301,true,אנטריקוט טרי,,,אנטריקוט טרי,קילוגרמים,1.00,"ק""ג",true,,0.00,0.0000,true,1,137030
400302,true,צלעות בקר טרי,,,צלעות בקר טרי,קילוגרמים,1.00,"ק""ג",true,,0.00,0.0000,true,1,137031
400305,true,צלי כתף טרי,,,צלי כתף טרי,קילוגרמים,1.00,"ק""ג",true,,0.00,0.0000,true,1,137032
400306,true,פילה מדומה טרי,,,פילה מדומה טרי,קילוגרמים,1.00,"ק""ג",true,,0.00,0.0000,true,1,137033
400309,true,סינטה טרי,,,סינטה טרי,קילוגרמים,1.00,"ק""ג",true,,0.00,0.0000,true,1,137034
400310,true,פילה בקר טרי,,,פילה בקר טרי,קילוגרמים,1.00,"ק""ג",true,,0.00,0.0000,true,1,137035
400313,true,אסאדו,,,אסאדו,קילוגרמים,1.00,"ק""ג",true,,0.00,0.0000,true,1,137036
400326,true,טחון טרי,,,טחון טרי,קילוגרמים,1.00,"ק""ג",true,,0.00,0.0000,true,1,137037
400401,true,כתף טלה,,,כתף טלה,קילוגרמים,1.00,"ק""ג",true,,0.00,0.0000,true,1,137038
400406,true,לשון בקר טרי,,,לשון בקר טרי,קילוגרמים,1.00,"ק""ג",true,,0.00,0.0000,true,1,137039
400411,true,בשר ראש בקר טרי,,,בשר ראש בקר טרי,קילוגרמים,1.00,"ק""ג",true,,0.00,0.0000,true,1,137040
400412,true,עצמות מוח,,,עצמות מוח,קילוגרמים,1.00,"ק""ג",true,,0.00,0.0000,true,1,137977
400413,true,שריר בשר,,,שריר בשר,קילוגרמים,1.00,"ק""ג",true,,0.00,0.0000,true,1,137978
400414,true,אוסובוקו,,,אוסובוקו,קילוגרמים,1.00,"ק""ג",true,,0.00,0.0000,true,1,137979
400415,true,צלי כתף,,,צלי כתף,קילוגרמים,1.00,"ק""ג",true,,0.00,0.0000,true,1,137980
400416,true,צוואר טלה טרי,,,צוואר טלה טרי,קילוגרמים,1.00,"ק""ג",true,,0.00,0.0000,true,1,138227
400417,true,צלעות טלה טרי,,,צלעות טלה טרי,קילוגרמים,1.00,"ק""ג",true,,0.00,0.0000,true,1,138228
400418,true,חזה טלה טרי,,,חזה טלה טרי,קילוגרמים,1.00,"ק""ג",true,,0.00,0.0000,true,1,138229
410008,true,חזה עוף,,,חזה עוף,קילוגרמים,1.00,"ק""ג",true,,0.00,0.0000,true,1,137041
500122,true,מפעל-רצועות עוף 10 ק,,,מפעל-רצועות עוף 10 ק,קילוגרמים,1.00,"ק""ג",true,,0.00,0.0000,true,1,136713
515042,true,"קמח לבן 1 ק""ג",,,"קמח לבן 1 ק""ג",,0.00,,false,,0.00,0.0000,true,1,132641
542041,true,מפעל-לחמנייה כפרי אר,,,מפעל-לחמנייה כפרי אר,,0.00,,false,,2999.90,0.0000,true,1,136002
542180,true,טוויקס 50 גרם,,,טוויקס 50 גרם,,0.00,,false,,5.00,0.0000,true,1,136674
542379,true,מפעל-מיני כפרית,,,מפעל-מיני כפרית,,0.00,,false,,0.70,0.0000,true,1,136493
544443,true,טוויקס 50 גרם,,,טוויקס 50 גרם,,0.00,,false,,5.00,0.0000,true,1,134213
600003,true,מפעל-מלפפון שטוף העד,,,מפעל-מלפפון שטוף העד,,0.00,,false,,0.00,0.0000,true,1,134018
605018,true,מפעל-מזרה סוכריות,,,מפעל-מזרה סוכריות,,0.00,,false,,0.00,0.0000,true,1,135932
605031,true,מפעל-מזרה בטעם שוקול,,,מפעל-מזרה בטעם שוקול,,0.00,,false,,2999.00,0.0000,true,1,136410
608466,true,מפעל-תערובת כדורים ב,,,מפעל-תערובת כדורים ב,,0.00,,false,,0.00,0.0000,true,1,136006
609003,true,מפעל-אבקת סוכר שק ני,,,מפעל-אבקת סוכר שק ני,,0.00,,false,,0.00,0.0000,true,1,136579
609058,true,מפעל-אבקת קקאו20/22,,,מפעל-אבקת קקאו20/22,,0.00,,false,,0.00,0.0000,true,1,136580
611068,true,שניצל פטם דק דק,,,שניצל פטם דק דק,קילוגרמים,1.00,"ק""ג",true,,0.00,0.0000,true,1,137332
611082,true,עוף שלם ללא עצם טרי,,,עוף שלם ללא עצם טרי,קילוגרמים,1.00,"ק""ג",true,,0.00,0.0000,true,1,137333
611099,true,כבד טרי,,,כבד טרי,קילוגרמים,1.00,"ק""ג",true,,0.00,0.0000,true,1,137334
611118,true,מפעל-בוטנים גרוסים ד,,,מפעל-בוטנים גרוסים ד,,0.00,,false,,0.00,0.0000,true,1,135933
611129,true,ירכיים טרי,,,ירכיים טרי,קילוגרמים,1.00,"ק""ג",true,,0.00,0.0000,true,1,137335
611143,true,טחול טרי,,,טחול טרי,קילוגרמים,1.00,"ק""ג",true,,0.00,0.0000,true,1,137336
611150,true,לב טרי,,,לב טרי,קילוגרמים,1.00,"ק""ג",true,,0.00,0.0000,true,1,137337
611167,true,נתחי חזה פטם תפז,,,נתחי חזה פטם תפז,קילוגרמים,1.00,"ק""ג",true,,0.00,0.0000,true,1,137338
611181,true,כנפיים טרי,,,כנפיים טרי,קילוגרמים,1.00,"ק""ג",true,,0.00,0.0000,true,1,137339
611204,true,שניצל דק דק,,,שניצל דק דק,קילוגרמים,1.00,"ק""ג",true,,0.00,0.0000,true,1,137340
611228,true,פילה טרי,,,פילה טרי,קילוגרמים,1.00,"ק""ג",true,,0.00,0.0000,true,1,137341
611242,true,פילה עוף טרי,,,פילה עוף טרי,קילוגרמים,1.00,"ק""ג",true,,0.00,0.0000,true,1,137342
611259,true,חזה חצוי,,,חזה חצוי,קילוגרמים,1.00,"ק""ג",true,,0.00,0.0000,true,1,137343
611273,true,פ  -4תפזורת טרי,,,פ  -4תפזורת טרי,קילוגרמים,1.00,"ק""ג",true,,0.00,0.0000,true,1,137470
611280,true,פטם טרי,,,פטם טרי,קילוגרמים,1.00,"ק""ג",true,,0.00,0.0000,true,1,137344
611327,true,נתח פרגית טרי,,,נתח פרגית טרי,קילוגרמים,1.00,"ק""ג",true,,0.00,0.0000,true,1,137345
611334,true,סטייק פרגית ב.ע    .,,,סטייק פרגית ב.ע    .,קילוגרמים,1.00,"ק""ג",true,,0.00,0.0000,true,1,137346
611389,true,כנפית פטם,,,כנפית פטם,קילוגרמים,1.00,"ק""ג",true,,0.00,0.0000,true,1,137347
611396,true,סטייק פרגית ע.ע    .,,,סטייק פרגית ע.ע    .,קילוגרמים,1.00,"ק""ג",true,,0.00,0.0000,true,1,137348
611402,true,עוף צעיר טרי,,,עוף צעיר טרי,קילוגרמים,1.00,"ק""ג",true,,0.00,0.0000,true,1,137349
611419,true,קורקבן טרי,,,קורקבן טרי,קילוגרמים,1.00,"ק""ג",true,,0.00,0.0000,true,1,137350
611440,true,"שניצל 150 גר       """,,,"שניצל 150 גר       """,קילוגרמים,1.00,"ק""ג",true,,0.00,0.0000,true,1,137351
611471,true,"שוקיים טרי תפז     """,,,"שוקיים טרי תפז     """,קילוגרמים,1.00,"ק""ג",true,,0.00,0.0000,true,1,137352
611518,true,כרעיים טרי,,,כרעיים טרי,קילוגרמים,1.00,"ק""ג",true,,0.00,0.0000,true,1,137353
611563,true,קוקטייל טרי,,,קוקטייל טרי,קילוגרמים,1.00,"ק""ג",true,,0.00,0.0000,true,1,137354
611600,true,פ -4גדול,,,פ -4גדול,קילוגרמים,1.00,"ק""ג",true,,0.00,0.0000,true,1,137355
611624,true,"פ -4מס           2 """,,,"פ -4מס           2 """,קילוגרמים,1.00,"ק""ג",true,,0.00,0.0000,true,1,137356
611716,true,שווארמה) פרגית     (,,,שווארמה) פרגית     (,קילוגרמים,1.00,"ק""ג",true,,0.00,0.0000,true,1,137357
611808,true,כרעיים טרי טנא,,,כרעיים טרי טנא,קילוגרמים,1.00,"ק""ג",true,,0.00,0.0000,true,1,137358
611839,true,שוקיים טרי,,,שוקיים טרי,קילוגרמים,1.00,"ק""ג",true,,0.00,0.0000,true,1,137359
611846,true,כרעיים טרי,,,כרעיים טרי,קילוגרמים,1.00,"ק""ג",true,,0.00,0.0000,true,1,137360
611853,true,כנפיים טרי,,,כנפיים טרי,קילוגרמים,1.00,"ק""ג",true,,0.00,0.0000,true,1,137361
611860,true,חזה טרי,,,חזה טרי,קילוגרמים,1.00,"ק""ג",true,,0.00,0.0000,true,1,137362
611877,true,ירכיים טרי,,,ירכיים טרי,קילוגרמים,1.00,"ק""ג",true,,0.00,0.0000,true,1,137363
611884,true,כבד טרי,,,כבד טרי,קילוגרמים,1.00,"ק""ג",true,,0.00,0.0000,true,1,137364
611891,true,לבבות טרי,,,לבבות טרי,קילוגרמים,1.00,"ק""ג",true,,0.00,0.0000,true,1,137365
611938,true,טחול טרי,,,טחול טרי,קילוגרמים,1.00,"ק""ג",true,,0.00,0.0000,true,1,137366
611945,true,קורקבן טרי,,,קורקבן טרי,קילוגרמים,1.00,"ק""ג",true,,0.00,0.0000,true,1,137367
611952,true,כרעיים טרי       250,,,כרעיים טרי       250,קילוגרמים,1.00,"ק""ג",true,,0.00,0.0000,true,1,137368
611969,true,כרעיים טרי      300,,,כרעיים טרי      300,קילוגרמים,1.00,"ק""ג",true,,0.00,0.0000,true,1,137369
611983,true,שניצל פרוס,,,שניצל פרוס,קילוגרמים,1.00,"ק""ג",true,,0.00,0.0000,true,1,137370
611990,true,שוארמה טרי,,,שוארמה טרי,קילוגרמים,1.00,"ק""ג",true,,0.00,0.0000,true,1,137371
612069,true,כרעיים ללא עצם גב,,,כרעיים ללא עצם גב,קילוגרמים,1.00,"ק""ג",true,,0.00,0.0000,true,1,137372
612102,true,ירך פטם ב.ע.ג      .,,,ירך פטם ב.ע.ג      .,קילוגרמים,1.00,"ק""ג",true,,0.00,0.0000,true,1,137373
612126,true,כנף חצויה,,,כנף חצויה,קילוגרמים,1.00,"ק""ג",true,,0.00,0.0000,true,1,137374
612149,true,כנף הודו מפורק,,,כנף הודו מפורק,קילוגרמים,1.00,"ק""ג",true,,0.00,0.0000,true,1,137375
612157,true,סטייק פרגיות ארוז,,,סטייק פרגיות ארוז,קילוגרמים,1.00,"ק""ג",true,,0.00,0.0000,true,1,137376
612164,true,חזה הודו נקבה טרי תפ,,,חזה הודו נקבה טרי תפ,קילוגרמים,1.00,"ק""ג",true,,0.00,0.0000,true,1,137451
612171,true,שווארמה הודו נקבה,,,שווארמה הודו נקבה,קילוגרמים,1.00,"ק""ג",true,,0.00,0.0000,true,1,137377
612195,true,הודו שלם נקבה,,,הודו שלם נקבה,קילוגרמים,1.00,"ק""ג",true,,0.00,0.0000,true,1,137378
612201,true,כבד טרי,,,כבד טרי,קילוגרמים,1.00,"ק""ג",true,,0.00,0.0000,true,1,137379
612218,true,קורקבן טרי,,,קורקבן טרי,קילוגרמים,1.00,"ק""ג",true,,0.00,0.0000,true,1,137380
612225,true,לב טרי,,,לב טרי,קילוגרמים,1.00,"ק""ג",true,,0.00,0.0000,true,1,137381
612232,true,אשכים,,,אשכים,קילוגרמים,1.00,"ק""ג",true,,0.00,0.0000,true,1,137382
612249,true,פרפר זכר טרי,,,פרפר זכר טרי,קילוגרמים,1.00,"ק""ג",true,,0.00,0.0000,true,1,137383
612263,true,פרפר נקבה טרי,,,פרפר נקבה טרי,קילוגרמים,1.00,"ק""ג",true,,0.00,0.0000,true,1,137384
612270,true,"חזה פרפר ע""ע זכר",,,"חזה פרפר ע""ע זכר",קילוגרמים,1.00,"ק""ג",true,,0.00,0.0000,true,1,137385
612287,true,"חזה פרפר ע""ע נקבה",,,"חזה פרפר ע""ע נקבה",קילוגרמים,1.00,"ק""ג",true,,0.00,0.0000,true,1,137386
612300,true,שוק הודו פלסטון קטן,,,שוק הודו פלסטון קטן,קילוגרמים,1.00,"ק""ג",true,,0.00,0.0000,true,1,137496
612324,true,חזה זכר חצוי ע.ע,,,חזה זכר חצוי ע.ע,קילוגרמים,1.00,"ק""ג",true,,0.00,0.0000,true,1,137387
612331,true,נתחים,,,נתחים,קילוגרמים,1.00,"ק""ג",true,,0.00,0.0000,true,1,137388
612348,true,שוק זכר טרי,,,שוק זכר טרי,קילוגרמים,1.00,"ק""ג",true,,0.00,0.0000,true,1,137389
612355,true,שוק נקבה טרי,,,שוק נקבה טרי,קילוגרמים,1.00,"ק""ג",true,,0.00,0.0000,true,1,137390
612362,true,חזה זכר חצוי ללא פיל,,,חזה זכר חצוי ללא פיל,קילוגרמים,1.00,"ק""ג",true,,0.00,0.0000,true,1,137391
612379,true,פילה הודו,,,פילה הודו,קילוגרמים,1.00,"ק""ג",true,,0.00,0.0000,true,1,137392
612386,true,שווארמה נקבה טרי,,,שווארמה נקבה טרי,קילוגרמים,1.00,"ק""ג",true,,0.00,0.0000,true,1,137393
612393,true,שווארמה זכר טרי,,,שווארמה זכר טרי,קילוגרמים,1.00,"ק""ג",true,,0.00,0.0000,true,1,137394
612409,true,שישליק טרי,,,שישליק טרי,קילוגרמים,1.00,"ק""ג",true,,0.00,0.0000,true,1,137395
612416,true,שוק מפורק,,,שוק מפורק,קילוגרמים,1.00,"ק""ג",true,,0.00,0.0000,true,1,137396
612430,true,חתיכות,,,חתיכות,קילוגרמים,1.00,"ק""ג",true,,0.00,0.0000,true,1,137397
612447,true,כנף זכר טרי,,,כנף זכר טרי,קילוגרמים,1.00,"ק""ג",true,,0.00,0.0000,true,1,137398
612454,true,שוק מפורק פרוס,,,שוק מפורק פרוס,קילוגרמים,1.00,"ק""ג",true,,0.00,0.0000,true,1,137399
612461,true,כנף נקבה טרי,,,כנף נקבה טרי,קילוגרמים,1.00,"ק""ג",true,,0.00,0.0000,true,1,137400
612508,true,חזה נקבה חצוי טרי,,,חזה נקבה חצוי טרי,קילוגרמים,1.00,"ק""ג",true,,0.00,0.0000,true,1,137401
612539,true,חזה זכר חצוי טרי,,,חזה זכר חצוי טרי,קילוגרמים,1.00,"ק""ג",true,,0.00,0.0000,true,1,137402
612577,true,גרון זכר,,,גרון זכר,קילוגרמים,1.00,"ק""ג",true,,0.00,0.0000,true,1,137403
612584,true,גרון נקבה,,,גרון נקבה,קילוגרמים,1.00,"ק""ג",true,,0.00,0.0000,true,1,137404
612591,true,גרון עוף,,,גרון עוף,קילוגרמים,1.00,"ק""ג",true,,0.00,0.0000,true,1,137405
612607,true,זנבות עם עצם,,,זנבות עם עצם,קילוגרמים,1.00,"ק""ג",true,,0.00,0.0000,true,1,137406
612614,true,טחול,,,טחול,קילוגרמים,1.00,"ק""ג",true,,0.00,0.0000,true,1,137407
612652,true,"ירך זכר ע""ע",,,"ירך זכר ע""ע",קילוגרמים,1.00,"ק""ג",true,,0.00,0.0000,true,1,137408
612867,true,שווארמה ה.נ.טרי,,,שווארמה ה.נ.טרי,קילוגרמים,1.00,"ק""ג",true,,0.00,0.0000,true,1,137409
612874,true,שישליק טרי,,,שישליק טרי,קילוגרמים,1.00,"ק""ג",true,,0.00,0.0000,true,1,137410
612881,true,שוק ה.נ טרי,,,שוק ה.נ טרי,קילוגרמים,1.00,"ק""ג",true,,0.00,0.0000,true,1,137411
612898,true,נתחי הודו טרי,,,נתחי הודו טרי,קילוגרמים,1.00,"ק""ג",true,,0.00,0.0000,true,1,137412
612904,true,חזה ה.נ.טרי,,,חזה ה.נ.טרי,קילוגרמים,1.00,"ק""ג",true,,0.00,0.0000,true,1,137413
612911,true,בשר אדום טרי,,,בשר אדום טרי,קילוגרמים,1.00,"ק""ג",true,,0.00,0.0000,true,1,137414
612928,true,כנפיים ה.נ.טרי,,,כנפיים ה.נ.טרי,קילוגרמים,1.00,"ק""ג",true,,0.00,0.0000,true,1,137415
612935,true,כבד הודו טרי,,,כבד הודו טרי,קילוגרמים,1.00,"ק""ג",true,,0.00,0.0000,true,1,137416
612942,true,לב הודו טרי,,,לב הודו טרי,קילוגרמים,1.00,"ק""ג",true,,0.00,0.0000,true,1,137417
612959,true,קורקבן הודו טרי,,,קורקבן הודו טרי,קילוגרמים,1.00,"ק""ג",true,,0.00,0.0000,true,1,137418
612966,true,גרון הודו טרי,,,גרון הודו טרי,קילוגרמים,1.00,"ק""ג",true,,0.00,0.0000,true,1,137419
612997,true,אשכים ארוז,,,אשכים ארוז,קילוגרמים,1.00,"ק""ג",true,,0.00,0.0000,true,1,137420
631195,true,אנטריקוט עגל חלק,,,אנטריקוט עגל חלק,קילוגרמים,1.00,"ק""ג",true,,0.00,0.0000,true,1,138226
671501,true,מפעל-קוקוס טחון לבן,,,מפעל-קוקוס טחון לבן,,0.00,,false,,0.00,0.0000,true,1,135934
683706,true,גביע לרוטב   oz 1.5,,,גביע לרוטב   oz 1.5,,0.00,,false,,0.00,0.0000,true,1,137675
685806,true,כרעיים חתוכות בלי עו,,,כרעיים חתוכות בלי עו,קילוגרמים,1.00,"ק""ג",true,,0.00,0.0000,true,1,137421
685844,true,גרון עוף ארוז,,,גרון עוף ארוז,קילוגרמים,1.00,"ק""ג",true,,0.00,0.0000,true,1,137422
756504,true,כפיות גלידה צבעוניות,,,כפיות גלידה צבעוניות,,0.00,,false,,0.00,0.0000,true,1,136404
875001,true,חזה חצוי הקצביה,,,חזה חצוי הקצביה,קילוגרמים,1.00,"ק""ג",true,,0.00,0.0000,true,1,137423
875018,true,שניצל דק הקצביה,,,שניצל דק הקצביה,קילוגרמים,1.00,"ק""ג",true,,0.00,0.0000,true,1,137424
875025,true,פילה פטם הקצביה,,,פילה פטם הקצביה,קילוגרמים,1.00,"ק""ג",true,,0.00,0.0000,true,1,137425
875032,true,כנפיים הקצביה,,,כנפיים הקצביה,קילוגרמים,1.00,"ק""ג",true,,0.00,0.0000,true,1,137426
875049,true,כרעיים הקצביה,,,כרעיים הקצביה,קילוגרמים,1.00,"ק""ג",true,,0.00,0.0000,true,1,137427
875056,true,שוקיים הקצביה,,,שוקיים הקצביה,קילוגרמים,1.00,"ק""ג",true,,0.00,0.0000,true,1,137428
875063,true,פרגית הקצביה,,,פרגית הקצביה,קילוגרמים,1.00,"ק""ג",true,,0.00,0.0000,true,1,137429
875070,true,פרגית פרוסה הקצביה,,,פרגית פרוסה הקצביה,קילוגרמים,1.00,"ק""ג",true,,0.00,0.0000,true,1,137430
875087,true,כבד פטם הקצביה,,,כבד פטם הקצביה,קילוגרמים,1.00,"ק""ג",true,,0.00,0.0000,true,1,137431
875094,true,קוקטייל קצביה,,,קוקטייל קצביה,קילוגרמים,1.00,"ק""ג",true,,0.00,0.0000,true,1,137432
875100,true,לבבות פטם חצוי,,,לבבות פטם חצוי,קילוגרמים,1.00,"ק""ג",true,,0.00,0.0000,true,1,137433
875117,true,לבבות פטם,,,לבבות פטם,קילוגרמים,1.00,"ק""ג",true,,0.00,0.0000,true,1,137434
875308,true,חזה חצוי הקצביה,,,חזה חצוי הקצביה,קילוגרמים,1.00,"ק""ג",true,,0.00,0.0000,true,1,137435
875315,true,שניצל דק הקצביה,,,שניצל דק הקצביה,קילוגרמים,1.00,"ק""ג",true,,0.00,0.0000,true,1,137436
875322,true,פילה פטם הקצביה,,,פילה פטם הקצביה,קילוגרמים,1.00,"ק""ג",true,,0.00,0.0000,true,1,137437
875339,true,כנפיים הקצביה,,,כנפיים הקצביה,קילוגרמים,1.00,"ק""ג",true,,0.00,0.0000,true,1,137438
875346,true,כרעיים הקצביה,,,כרעיים הקצביה,קילוגרמים,1.00,"ק""ג",true,,0.00,0.0000,true,1,137439
875353,true,שוקיים הקצביה,,,שוקיים הקצביה,קילוגרמים,1.00,"ק""ג",true,,0.00,0.0000,true,1,137440
875360,true,פרגית הקצביה,,,פרגית הקצביה,קילוגרמים,1.00,"ק""ג",true,,0.00,0.0000,true,1,137441
875377,true,פרגית פרוסה הקצביה,,,פרגית פרוסה הקצביה,קילוגרמים,1.00,"ק""ג",true,,0.00,0.0000,true,1,137442
875384,true,כבד פטם הקצביה,,,כבד פטם הקצביה,קילוגרמים,1.00,"ק""ג",true,,0.00,0.0000,true,1,137443
934330,true,קדמי טלה חלק מחולק ב,,,קדמי טלה חלק מחולק ב,קילוגרמים,1.00,"ק""ג",true,,0.00,0.0000,true,1,138463
934596,true,צוואר צלעות עגל חלק,,,צוואר צלעות עגל חלק,קילוגרמים,1.00,"ק""ג",true,,0.00,0.0000,true,1,138169
934678,true,אנטריקוט עגל כשר,,,אנטריקוט עגל כשר,קילוגרמים,1.00,"ק""ג",true,,0.00,0.0000,true,1,137315
934689,true,קיט כתף חלק,,,קיט כתף חלק,קילוגרמים,1.00,"ק""ג",true,,0.00,0.0000,true,1,138193
934700,true,נתחים לקצב חלק,,,נתחים לקצב חלק,קילוגרמים,1.00,"ק""ג",true,,0.00,0.0000,true,1,138464
934707,true,עצמות מוח חלק קפוא,,,עצמות מוח חלק קפוא,קילוגרמים,1.00,"ק""ג",true,,0.00,0.0000,true,1,138465
963320,true,סינטה עגל חלק,,,סינטה עגל חלק,קילוגרמים,1.00,"ק""ג",true,,0.00,0.0000,true,1,138466
1000183,true,מפעל-לחמניות מיני שמ,,,מפעל-לחמניות מיני שמ,,0.00,,false,,2999.90,0.0000,true,1,137473
1157151,true,"מפעל-תפו""א זעיר לבן",,,"מפעל-תפו""א זעיר לבן",,0.00,,false,,2999.90,0.0000,true,1,136615
1280047,true,מפעל-פלפל שחור,,,מפעל-פלפל שחור,,0.00,,false,,0.00,0.0000,true,1,136770
1289005,true,מפעל-שום כתוש,,,מפעל-שום כתוש,,0.00,,false,,2999.90,0.0000,true,1,136782
1293017,true,"מפעל-צ""ופסטיק",,,"מפעל-צ""ופסטיק",,0.00,,false,,2999.90,0.0000,true,1,137510
1296004,true,מפעל-ניילון בגליל עו,,,מפעל-ניילון בגליל עו,,0.00,,false,,0.00,0.0000,true,1,136811
1296005,true,מפעל-ניילון בגליל עו,,,מפעל-ניילון בגליל עו,,0.00,,false,,0.00,0.0000,true,1,136812
1296006,true,ניילון נצמד בודד 30,,,ניילון נצמד בודד 30,,0.00,,false,,5.00,0.0000,true,1,136813
1500307,true,סטנד טמפקס 68 EVAX +,,,סטנד טמפקס 68 EVAX +,,0.00,,false,,0.00,0.0000,true,1,135359
1532010,true,מפעל-סלמון מעושן חם,,,מפעל-סלמון מעושן חם,קילוגרמים,1.00,"ק""ג",true,,2999.90,2999.9000,true,1,135106
1532011,true,מפעל-סלמון מעושן חם,,,מפעל-סלמון מעושן חם,קילוגרמים,1.00,"ק""ג",true,,2999.90,2999.9000,true,1,136046
1700210,true,שקיות גופיה לבן גדול,,,שקיות גופיה לבן גדול,,0.00,,false,,0.00,0.0000,true,1,138198
1855911,true,"שמן קנולה 650 מ""ל",,,"שמן קנולה 650 מ""ל",,0.00,,false,,5.00,0.0000,true,1,132710
2002149,true,מפעל -ממרח אריסה א2.,,,מפעל -ממרח אריסה א2.,,0.00,,false,,2999.90,0.0000,true,1,135006
2002150,true,מפעל-ממרח עגבניות מי,,,מפעל-ממרח עגבניות מי,,0.00,,false,,2999.90,0.0000,true,1,136055
2020102,true,מפעל-ממרח לימון כבוש,,,מפעל-ממרח לימון כבוש,,0.00,,false,,2999.90,0.0000,true,1,135007
2020123,true,מפעל-ממרח עגבניות א1,,,מפעל-ממרח עגבניות א1,,0.00,,false,,2999.90,0.0000,true,1,135008
2020125,true,מפעל-ממרח זית ירוק א,,,מפעל-ממרח זית ירוק א,,0.00,,false,,2999.90,0.0000,true,1,135841
2020126,true,מפעל-ממרח פלפל א3 10,,,מפעל-ממרח פלפל א3 10,,0.00,,false,,2999.90,0.0000,true,1,135009
2079156,true,פיתות 5 יחידות,,,פיתות 5 יחידות,,0.00,,false,,0.00,0.0000,true,1,133345
2079422,true,קרוטונים למרק 250 גר,,,קרוטונים למרק 250 גר,,0.00,,false,,5.00,0.0000,true,1,133334
2214153,true,שוקית פטם,,,שוקית פטם,קילוגרמים,1.00,"ק""ג",true,,0.00,0.0000,true,1,137206
2276050,true,מפעל-לחמנית ארבע עונ,,,מפעל-לחמנית ארבע עונ,,0.00,,false,,2999.90,0.0000,true,1,136316
2276111,true,מפעל-לחמנית בורג מתו,,,מפעל-לחמנית בורג מתו,,0.00,,false,,2999.90,0.0000,true,1,136320
2707500,true,מפעל-חסה רומיין 500,,,מפעל-חסה רומיין 500,,0.00,,false,,0.00,0.0000,true,1,135972
2711533,true,מפעל-פטרוזיליה,,,מפעל-פטרוזיליה,,0.00,,false,,0.00,0.0000,true,1,133996
2714100,true,מפעל-נענע,,,מפעל-נענע,,0.00,,false,,0.00,0.0000,true,1,133997
2715200,true,"מפעל-בצל קוביות 1 ק""",,,"מפעל-בצל קוביות 1 ק""",,0.00,,false,,2999.90,0.0000,true,1,133998
2716100,true,"מפעל-סלרי קצוץ ק""ג",,,"מפעל-סלרי קצוץ ק""ג",,0.00,,false,,2999.00,0.0000,true,1,135266
2730020,true,אייס לימונענע 12 יחי,,,אייס לימונענע 12 יחי,,0.00,,false,,2999.90,0.0000,true,1,135831
2794015,true,מפעל-לקט ירקות,,,מפעל-לקט ירקות,,0.00,,false,,2999.90,0.0000,true,1,133999
2881735,true,לבבות דקל 400 גרם,,,לבבות דקל 400 גרם,,0.00,,false,,0.00,0.0000,true,1,137313
2901300,true,מפעל-עגבניית שרי שטו,,,מפעל-עגבניית שרי שטו,,0.00,,false,,0.00,0.0000,true,1,134097
2944100,true,מפעל-גזר מקולף 5 קיל,,,מפעל-גזר מקולף 5 קיל,,0.00,,false,,2999.90,0.0000,true,1,134821
2951100,true,מפעל-בטטה מקולפת,,,מפעל-בטטה מקולפת,,0.00,,false,,2999.90,0.0000,true,1,134873
2985200,true,מפעל-מלפפון שטוף,,,מפעל-מלפפון שטוף,,0.00,,false,,2999.00,0.0000,true,1,134098
3143401,true,"שווארמה ה.ז .ע""ע",,,"שווארמה ה.ז .ע""ע",קילוגרמים,1.00,"ק""ג",true,,0.00,0.0000,true,1,137251
3222780,true,פיתות אסלי 5 יחידות,,,פיתות אסלי 5 יחידות,,0.00,,false,,5.00,0.0000,true,1,132848
4030414,true,גלון תפוזים 2 ליטר,,,גלון תפוזים 2 ליטר,,0.00,,false,,0.00,0.0000,true,1,133420
4798055,true,מסבין סנטטי 230 גרם,,,מסבין סנטטי 230 גרם,,0.00,,false,,5.00,0.0000,true,1,133194
4869298,true,מיני קרואסון שמרים ק,,,מיני קרואסון שמרים ק,קילוגרמים,1.00,"ק""ג",true,,0.00,0.0000,true,1,136595
4869380,true,מיני קרואסון שוקו אפ,,,מיני קרואסון שוקו אפ,קילוגרמים,1.00,"ק""ג",true,,0.00,0.0000,true,1,136596
5053177,true,גבינת שמנת,,,גבינת שמנת,,0.00,,false,,0.00,0.0000,true,1,136503
5210820,true,מאפה חמאה שקדים פילס,,,מאפה חמאה שקדים פילס,,0.00,,false,,8.00,0.0000,true,1,139248
5210821,true,מאפה שוקולד חמאה פיל,,,מאפה שוקולד חמאה פיל,,0.00,,false,,8.00,0.0000,true,1,139249
5431593,true,קדאיף עדן קינוחים,,,קדאיף עדן קינוחים,,0.00,,false,,0.00,0.0000,true,1,136510
5431753,true,עוגת ביסקוויטים,,,עוגת ביסקוויטים,,0.00,,false,,0.00,0.0000,true,1,136049
6260861,true,"מטבעות שוקולד 5 ק""ג",,,"מטבעות שוקולד 5 ק""ג",,0.00,,false,,2999.00,0.0000,true,1,139157
6901268,true,קופיקס -דובונים 40 ג,,,קופיקס -דובונים 40 ג,,0.00,,false,,4.10,0.0000,true,1,134240
6930640,true,מפעל-ביצה קשה,,,מפעל-ביצה קשה,,0.00,,false,,2999.90,0.0000,true,1,134021
7002124,true,"ווסקי ג""יימסון 1  לי",,,"ווסקי ג""יימסון 1  לי",,0.00,,false,,0.00,0.0000,true,1,133770
7644594,true,מפעל -חטיף גרנולה שו,,,מפעל -חטיף גרנולה שו,,0.00,,false,,0.00,0.0000,true,1,137522
7644600,true,מפעל - חטיף גרנולה ש,,,מפעל - חטיף גרנולה ש,,0.00,,false,,0.00,0.0000,true,1,137523
8730017,true,אייס לימונענע 12 יחי,,,אייס לימונענע 12 יחי,,0.00,,false,,2999.90,0.0000,true,1,135833
10000188,true,מפעל-לחמניות ביס דגנ,,,מפעל-לחמניות ביס דגנ,,0.00,,false,,2999.90,0.0000,true,1,137472
10293800,true,מפעל-זיתים טבעות ירו,,,מפעל-זיתים טבעות ירו,,0.00,,false,,2999.90,0.0000,true,1,135520
10320850,false,גבינת עמק 28% שומן פ,,,גבינת עמק 28% שומן פ,גרמים,200.00,100 גרם,false,,15.90,0.0795,true,1,147536
10321680,false,יוגורט 2.9% תות גו 2,,,יוגורט 2.9% תות גו 2,גרמים,200.00,100 גרם,false,,5.90,0.0295,true,1,147259
10322014,false,טופו טבעי 300 גרם,,,טופו טבעי 300 גרם,גרמים,300.00,100 גרם,false,,12.90,0.0430,true,1,147339
10322946,false,יוגורט תות ובננה סמו,,,יוגורט תות ובננה סמו,מיליליטרים,348.00,"100 מ""ל",false,,13.90,0.0399,true,1,147623
10323073,false,משקה יוגורט 1% 20 גר,,,משקה יוגורט 1% 20 גר,מיליליטרים,250.00,"100 מ""ל",false,,6.70,0.0268,true,1,147625
10323585,false,יוגורט לייט 0.5% מוע,,,יוגורט לייט 0.5% מוע,גרמים,200.00,100 גרם,false,,5.90,0.0295,true,1,147255
10323714,false,משקה קוקוס שקדים תנו,,,משקה קוקוס שקדים תנו,מיליליטרים,1000.00,"100 מ""ל",false,,14.80,0.0148,true,1,147261
10324551,false,יוגורט טיוב תות סמוט,,,יוגורט טיוב תות סמוט,מיליליטרים,348.00,"100 מ""ל",false,,13.90,0.0399,true,1,147149
10326227,false,יופלה און טופ קורנפל,,,יופלה און טופ קורנפל,גרמים,157.00,100 גרם,false,,5.50,0.0350,true,1,147620
11179345,false,כוסות שתיה קרה 100 י,,,כוסות שתיה קרה 100 י,Unknown,100.00,יחידה,false,,7.90,0.0790,true,1,143329
11499297,true,ברי פקאן 25% שומן12,,,ברי פקאן 25% שומן12,,0.00,,false,,20.00,0.0000,true,1,138346
11499334,true,גבינת קממבר צאן 125,,,גבינת קממבר צאן 125,,0.00,,false,,18.00,0.0000,true,1,138347
12870003,true,מפעל-כפפות ניטרל  S,,,מפעל-כפפות ניטרל  S,,0.00,,false,,20.00,0.0000,true,1,136910
12890003,true,מפעל-אבקת ווסאבי,,,מפעל-אבקת ווסאבי,,0.00,,false,,0.00,0.0000,true,1,136732
12890004,true,מפעל-אורגנו,,,מפעל-אורגנו,,0.00,,false,,0.00,0.0000,true,1,136733
12890007,true,מפעל-אצות לסושי,,,מפעל-אצות לסושי,,0.00,,false,,0.00,0.0000,true,1,136736
12890014,true,"מפעל-ג""ינג""ר לסושי",,,"מפעל-ג""ינג""ר לסושי",,0.00,,false,,0.00,0.0000,true,1,136743
12890016,true,מפעל-גבינת שמנת,,,מפעל-גבינת שמנת,קילוגרמים,1.00,"ק""ג",true,,0.00,0.0000,true,1,136748
12890019,true,מפעל-חומץ אורז לסושי,,,מפעל-חומץ אורז לסושי,,0.00,,false,,0.00,0.0000,true,1,136751
12890026,true,מפעל-מירין,,,מפעל-מירין,,0.00,,false,,0.00,0.0000,true,1,136758
12890027,true,מפעל-מלח דק,,,מפעל-מלח דק,,0.00,,false,,0.00,0.0000,true,1,136759
12890031,true,מפעל-מלח לימון,,,מפעל-מלח לימון,,0.00,,false,,0.00,0.0000,true,1,136763
12890037,true,מפעל-מרק טעם עוף,,,מפעל-מרק טעם עוף,,0.00,,false,,0.00,0.0000,true,1,136768
12890038,true,מפעל-סאקה,,,מפעל-סאקה,,0.00,,false,,0.00,0.0000,true,1,136771
12890042,true,מפעל-עגבניית שרי,,,מפעל-עגבניית שרי,,0.00,,false,,0.00,0.0000,true,1,136775
12890044,true,מפעל-פטרוזיליה,,,מפעל-פטרוזיליה,קילוגרמים,1.00,"ק""ג",true,,0.00,0.0000,true,1,136777
12890049,true,מפעל-פנקו,,,מפעל-פנקו,,0.00,,false,,0.00,0.0000,true,1,136781
12890050,true,מפעל-פסטה מסולסלת,,,מפעל-פסטה מסולסלת,,0.00,,false,,0.00,0.0000,true,1,136783
12890051,true,מפעל-פפריקה חריפה,,,מפעל-פפריקה חריפה,,0.00,,false,,0.00,0.0000,true,1,136784
12890052,true,מפעל-פפריקה מתוקה מו,,,מפעל-פפריקה מתוקה מו,,0.00,,false,,0.00,0.0000,true,1,136785
12890054,true,מפעל-קנפיו לסושי,,,מפעל-קנפיו לסושי,,0.00,,false,,0.00,0.0000,true,1,136787
12890056,true,מפעל-רוטב סויה אישי,,,מפעל-רוטב סויה אישי,,0.00,,false,,0.00,0.0000,true,1,136789
12890058,true,מפעל-שומשום לבן,,,מפעל-שומשום לבן,,0.00,,false,,0.00,0.0000,true,1,136790
12890059,true,מפעל-שומשום שחור קלו,,,מפעל-שומשום שחור קלו,,0.00,,false,,0.00,0.0000,true,1,136791
12890063,true,מפעל-כורכום מוקרן,,,מפעל-כורכום מוקרן,,0.00,,false,,0.00,0.0000,true,1,136831
12890064,true,מפעל-כמון מוקרן,,,מפעל-כמון מוקרן,,0.00,,false,,0.00,0.0000,true,1,136832
12890071,true,מפעל-שמן קנולה,,,מפעל-שמן קנולה,,0.00,,false,,0.00,0.0000,true,1,136838
12890074,true,מפעל-רוטב סויה יאמאס,,,מפעל-רוטב סויה יאמאס,,0.00,,false,,0.00,0.0000,true,1,136841
12890075,true,מפעל-מלח עבה,,,מפעל-מלח עבה,,0.00,,false,,0.00,0.0000,true,1,136842
12890076,true,מפעל-בורגול,,,מפעל-בורגול,,0.00,,false,,0.00,0.0000,true,1,136843
12890083,true,מפעל-פלפל שחור טחון,,,מפעל-פלפל שחור טחון,,0.00,,false,,0.00,0.0000,true,1,136852
12890084,true,מפעל-רצועות עוף סויה,,,מפעל-רצועות עוף סויה,קילוגרמים,1.00,"ק""ג",true,,0.00,0.0000,true,1,136853
12890087,true,מפעל-תערובת כדורים ב,,,מפעל-תערובת כדורים ב,,0.00,,false,,0.00,0.0000,true,1,136856
12890088,true,מפעל-אבקת סוכר,,,מפעל-אבקת סוכר,,0.00,,false,,0.00,0.0000,true,1,136857
12890089,true,מפעל-אבקת קקאו,,,מפעל-אבקת קקאו,קילוגרמים,1.00,"ק""ג",true,,0.00,0.0000,true,1,136858
12890091,true,מפעל-קוקוס טחון,,,מפעל-קוקוס טחון,,0.00,,false,,0.00,0.0000,true,1,136860
12890092,true,מפעל-רוטב סויה אישי,,,מפעל-רוטב סויה אישי,,0.00,,false,,0.00,0.0000,true,1,136861
12890106,true,מפעל-לחמניית מזונות,,,מפעל-לחמניית מזונות,,0.00,,false,,2999.90,0.0000,true,1,136869
12890107,true,מפעל-פרנה 120 גרם,,,מפעל-פרנה 120 גרם,,0.00,,false,,2999.90,0.0000,true,1,136870
12890118,true,מפעל-נתחי טונה בשמן,,,מפעל-נתחי טונה בשמן,קילוגרמים,1.00,"ק""ג",true,,0.00,0.0000,true,1,137043
12890132,true,מפעל-לחמניה מזרחית ע,,,מפעל-לחמניה מזרחית ע,,0.00,,false,,2999.90,0.0000,true,1,137796
12890133,true,מפעל-לחמניה כפרית75,,,מפעל-לחמניה כפרית75,,0.00,,false,,0.70,0.0000,true,1,137797
12890134,true,"מפעל-תפו""א מקולף",,,"מפעל-תפו""א מקולף",קילוגרמים,1.00,"ק""ג",true,,0.00,0.0000,true,1,137798
12890135,true,מפעל-ניילון רדיד שקו,,,מפעל-ניילון רדיד שקו,קילוגרמים,1.00,"ק""ג",true,,0.00,0.0000,true,1,137818
12890137,true,"מפעל-רוטב צ""ילי מתוק",,,"מפעל-רוטב צ""ילי מתוק",,0.00,,false,,0.00,0.0000,true,1,137919
12890138,true,מפעל-בוטנים קלויים,,,מפעל-בוטנים קלויים,,0.00,,false,,0.00,0.0000,true,1,137920
12890142,true,מפעל-קרוטונים למרק,,,מפעל-קרוטונים למרק,קילוגרמים,1.00,"ק""ג",true,,0.00,0.0000,true,1,138253
12890144,true,מפעל-תחליף גבינה פיצ,,,מפעל-תחליף גבינה פיצ,,0.00,,false,,0.00,0.0000,true,1,138255
12890226,true,מפעל-ממרח טפנד זיתים,,,מפעל-ממרח טפנד זיתים,,0.00,,false,,0.00,0.0000,true,1,138712
12890227,true,מפעל-תפוח,,,מפעל-תפוח,,0.00,,false,,0.00,0.0000,true,1,138730
12890228,true,מפעל-עגבניות קוביות,,,מפעל-עגבניות קוביות,,0.00,,false,,0.00,0.0000,true,1,138735
12890231,true,מפעל-חומצה אסקורבית,,,מפעל-חומצה אסקורבית,,0.00,,false,,0.00,0.0000,true,1,138775
12890232,true,מפעל-פלפל קלוי,,,מפעל-פלפל קלוי,,0.00,,false,,0.00,0.0000,true,1,138778
12890236,true,מפעל-טפנד זיתים,,,מפעל-טפנד זיתים,,0.00,,false,,0.00,0.0000,true,1,139271
12890242,true,מפעל-עגבניות קוביות,,,מפעל-עגבניות קוביות,,0.00,,false,,0.00,0.0000,true,1,139308
12890243,true,מפעל-גבינת קרם שמנת,,,מפעל-גבינת קרם שמנת,,0.00,,false,,0.00,0.0000,true,1,139319
12890244,true,מפעל-גבינת קרם שמנת,,,מפעל-גבינת קרם שמנת,,0.00,,false,,0.00,0.0000,true,1,139320
12890245,true,מפעל-ממרח בטעם שוקול,,,מפעל-ממרח בטעם שוקול,,0.00,,false,,0.00,0.0000,true,1,139321
12891020,true,מפעל-קרוטונים למרק,,,מפעל-קרוטונים למרק,קילוגרמים,1.00,"ק""ג",true,,0.00,0.0000,true,1,138245
12891024,true,מפעל-לחמניה בריוש,,,מפעל-לחמניה בריוש,,0.00,,false,,0.00,0.0000,true,1,138256
12891025,true,מפעל-שבלול מתוק,,,מפעל-שבלול מתוק,,0.00,,false,,0.00,0.0000,true,1,138257
12891026,true,"מפעל-ג""בטינה מיני",,,"מפעל-ג""בטינה מיני",,0.00,,false,,0.00,0.0000,true,1,138258
12891027,true,מפעל-ביס פרג,,,מפעל-ביס פרג,,0.00,,false,,0.00,0.0000,true,1,138259
12891028,true,מפעל-מיני כפרית,,,מפעל-מיני כפרית,,0.00,,false,,0.00,0.0000,true,1,138260
12891029,true,מפעל-פסטה פנה,,,מפעל-פסטה פנה,,0.00,,false,,0.00,0.0000,true,1,138380
12891030,true,מפעל-פסטה ספגטי,,,מפעל-פסטה ספגטי,,0.00,,false,,0.00,0.0000,true,1,138381
12891031,true,מפעל-רוטב סויה סיני,,,מפעל-רוטב סויה סיני,,0.00,,false,,0.00,0.0000,true,1,138382
12891032,true,מפעל-רוטב בסגנון נפא,,,מפעל-רוטב בסגנון נפא,,0.00,,false,,0.00,0.0000,true,1,138383
12891033,true,"מפעל-רוטב סצ""ואן",,,"מפעל-רוטב סצ""ואן",,0.00,,false,,0.00,0.0000,true,1,138384
12891034,true,מפעל-רוטב טריאקי,,,מפעל-רוטב טריאקי,,0.00,,false,,0.00,0.0000,true,1,138385
12891038,true,מפעל-קסטן דגנים,,,מפעל-קסטן דגנים,,0.00,,false,,0.00,0.0000,true,1,138716
12891040,true,מפעל-באן חלבה,,,מפעל-באן חלבה,,0.00,,false,,0.00,0.0000,true,1,138736
12891041,true,מפעל-פריקסה בהיר קטן,,,מפעל-פריקסה בהיר קטן,,0.00,,false,,0.00,0.0000,true,1,139314
12891042,true,מפעל-פריקסה חצי אפוי,,,מפעל-פריקסה חצי אפוי,,0.00,,false,,0.00,0.0000,true,1,139315
12892001,true,מפעל-מיני כפרית,,,מפעל-מיני כפרית,,0.00,,false,,0.00,0.0000,true,1,137772
12910001,true,מפעל-מיני שמינייה מז,,,מפעל-מיני שמינייה מז,,0.00,,false,,0.00,0.0000,true,1,136598
12970001,true,מפעל-כפפות ניטריל L,,,מפעל-כפפות ניטריל L,,0.00,,false,,0.00,0.0000,true,1,136907
12970002,true,מפעל -ניטריל כפפותM,,,מפעל -ניטריל כפפותM,,0.00,,false,,0.00,0.0000,true,1,136911
13022038,false,טופו פיקנטי 300 גרם,תנובה 8+2 הזול מבניה,,טופו פיקנטי 300 גרם,גרמים,300.00,100 גרם,false,,12.90,0.0430,true,1,147424
13024704,false,טופו פרובנס 300 גרם,תנובה 8+2 הזול מבניה,,טופו פרובנס 300 גרם,גרמים,300.00,100 גרם,false,,12.90,0.0430,true,1,147425
13070001,true,קיט-שקשוקה,,,קיט-שקשוקה,קילוגרמים,1.00,"ק""ג",true,,0.00,0.0000,true,1,137860
13170002,true,מפעל-ספטוקל בלון 20,,,מפעל-ספטוקל בלון 20,,0.00,,false,,0.00,0.0000,true,1,136913
13170004,true,מפעל -QUICKDESבלון1,,,מפעל -QUICKDESבלון1,,0.00,,false,,0.00,0.0000,true,1,136915
13170005,true,מפעל MS -TOPבלון 20,,,מפעל MS -TOPבלון 20,,0.00,,false,,0.00,0.0000,true,1,136916
13170006,true,"מפעל -ZA28מיכל 25 ק""",,,"מפעל -ZA28מיכל 25 ק""",,0.00,,false,,0.00,0.0000,true,1,136917
13170007,true,מפעל-מטליותQUICKDES,,,מפעל-מטליותQUICKDES,,0.00,,false,,0.00,0.0000,true,1,136918
13170008,true,מפעל-גליל נייר תעשיי,,,מפעל-גליל נייר תעשיי,,0.00,,false,,2999.90,0.0000,true,1,136919
13170009,true,מפעל-סולו אקונומיקה,,,מפעל-סולו אקונומיקה,,0.00,,false,,2999.90,0.0000,true,1,136920
13170010,true,מפעל -md10נוזל לחיטו,,,מפעל -md10נוזל לחיטו,,0.00,,false,,0.00,0.0000,true,1,136921
13170012,true,מפעל-שפירצר ריק לניק,,,מפעל-שפירצר ריק לניק,,0.00,,false,,0.00,0.0000,true,1,136991
13170013,true,מפעל -OMD-10חומר חיט,,,מפעל -OMD-10חומר חיט,,0.00,,false,,0.00,0.0000,true,1,137051
13170016,true,מפעל-אל פיח,,,מפעל-אל פיח,,0.00,,false,,0.00,0.0000,true,1,137702
13170019,true,מפעל-אלום        10,,,מפעל-אלום        10,,0.00,,false,,0.00,0.0000,true,1,137728
13170020,true,מפעל -NL20Fח.ניקוי מ,,,מפעל -NL20Fח.ניקוי מ,,0.00,,false,,0.00,0.0000,true,1,137729
13170021,true,מפעל-אבנין - 10 ח.ני,,,מפעל-אבנין - 10 ח.ני,,0.00,,false,,0.00,0.0000,true,1,137730
13170022,true,מפעל        DES -TOP,,,מפעל        DES -TOP,,0.00,,false,,0.00,0.0000,true,1,138106
13170023,true,מפעל-בשמת אקסטרא,,,מפעל-בשמת אקסטרא,,0.00,,false,,0.00,0.0000,true,1,138107
13170024,true,"מפעל-פי.אל )28 .4ק""ג",,,"מפעל-פי.אל )28 .4ק""ג",,0.00,,false,,0.00,0.0000,true,1,138108
13180017,true,מפעל-אריזה למגשי איר,,,מפעל-אריזה למגשי איר,,0.00,,false,,0.00,0.0000,true,1,137692
13180018,true,מפעל-ניילון שקוף320,,,מפעל-ניילון שקוף320,קילוגרמים,1.00,"ק""ג",true,,0.00,0.0000,true,1,137693
13180019,true,מפעל-ניילון שקוף240,,,מפעל-ניילון שקוף240,,0.00,,false,,0.00,0.0000,true,1,137694
13180020,true,מפעל-שקית ארגזים90*,,,מפעל-שקית ארגזים90*,,0.00,,false,,0.00,0.0000,true,1,137695
13180021,true,מפעל-ניילון שקוף250,,,מפעל-ניילון שקוף250,,0.00,,false,,0.00,0.0000,true,1,137696
13180022,true,מפעל-ניילון רדיד מוד,,,מפעל-ניילון רדיד מוד,,0.00,,false,,0.00,0.0000,true,1,137697
13180023,true,מפעל-ניילון רדיד מוד,,,מפעל-ניילון רדיד מוד,,0.00,,false,,0.00,0.0000,true,1,137698
13180025,true,"מפעל-ניילון מס - 1 """,,,"מפעל-ניילון מס - 1 """,קילוגרמים,1.00,"ק""ג",true,,0.00,0.0000,true,1,137703
13180026,true,"מפעל-ניילון מס - 2 """,,,"מפעל-ניילון מס - 2 """,קילוגרמים,1.00,"ק""ג",true,,0.00,0.0000,true,1,137704
13180027,true,"מפעל-ניילון מס - 3 """,,,"מפעל-ניילון מס - 3 """,קילוגרמים,1.00,"ק""ג",true,,0.00,0.0000,true,1,137705
13180028,true,"מפעל-ניילון מס - 4 """,,,"מפעל-ניילון מס - 4 """,קילוגרמים,1.00,"ק""ג",true,,0.00,0.0000,true,1,137706
13180029,true,"מפעל-ניילון מס - 5 """,,,"מפעל-ניילון מס - 5 """,קילוגרמים,1.00,"ק""ג",true,,0.00,0.0000,true,1,137707
13180030,true,"מפעל-ניילון מס - 6 """,,,"מפעל-ניילון מס - 6 """,קילוגרמים,1.00,"ק""ג",true,,0.00,0.0000,true,1,137708
13180031,true,"מפעל-ניילון מס - 7 """,,,"מפעל-ניילון מס - 7 """,קילוגרמים,1.00,"ק""ג",true,,0.00,0.0000,true,1,137709
13180032,true,"מפעל-ניילון מס - 8 """,,,"מפעל-ניילון מס - 8 """,קילוגרמים,1.00,"ק""ג",true,,0.00,0.0000,true,1,137710
13180033,true,"מפעל-ניילון מס- 10 """,,,"מפעל-ניילון מס- 10 """,קילוגרמים,1.00,"ק""ג",true,,0.00,0.0000,true,1,137711
13180034,true,מפעל-ניילון רדיד מוד,,,מפעל-ניילון רדיד מוד,קילוגרמים,1.00,"ק""ג",true,,0.00,0.0000,true,1,137712
13180038,true,מפעל-ניילון רדיד שקו,,,מפעל-ניילון רדיד שקו,,0.00,,false,,0.00,0.0000,true,1,137959
13180039,true,מפעל-מדבקה לנגיסי תי,,,מפעל-מדבקה לנגיסי תי,,0.00,,false,,0.00,0.0000,true,1,137960
13180040,true,מפעל-מגש חמגשית לארו,,,מפעל-מגש חמגשית לארו,,0.00,,false,,0.00,0.0000,true,1,137985
13180041,true,מפעל-ניילון שקוף לחי,,,מפעל-ניילון שקוף לחי,,0.00,,false,,0.00,0.0000,true,1,138620
13180045,true,מפעל-שקיות קוקי,,,מפעל-שקיות קוקי,,0.00,,false,,0.00,0.0000,true,1,139272
13240002,true,מפעל-מדבקה לסושי הוס,,,מפעל-מדבקה לסושי הוס,,0.00,,false,,0.00,0.0000,true,1,136923
13240003,true,מפעל-מדבקה לסושי-הוס,,,מפעל-מדבקה לסושי-הוס,,0.00,,false,,0.00,0.0000,true,1,136924
13240004,true,מפעל-מדבקה לסושי -אי,,,מפעל-מדבקה לסושי -אי,,0.00,,false,,0.00,0.0000,true,1,136925
13240005,true,מפעל-מדבקה לסושי- אי,,,מפעל-מדבקה לסושי- אי,,0.00,,false,,0.00,0.0000,true,1,136926
13240006,true,מפעל-מדבקה לסושי- הו,,,מפעל-מדבקה לסושי- הו,,0.00,,false,,0.00,0.0000,true,1,136927
13240007,true,מפעל-מדבקה לסושי- אי,,,מפעל-מדבקה לסושי- אי,,0.00,,false,,0.00,0.0000,true,1,136928
13240008,true,מפעל-מדבקה לסושי- אי,,,מפעל-מדבקה לסושי- אי,,0.00,,false,,0.00,0.0000,true,1,136929
13240009,true,מפעל-מדבקה לסושי- הו,,,מפעל-מדבקה לסושי- הו,,0.00,,false,,0.00,0.0000,true,1,136930
13240010,true,מפעל-מדבקה לסושי- אי,,,מפעל-מדבקה לסושי- אי,,0.00,,false,,0.00,0.0000,true,1,136931
13240011,true,מפעל-מדבקה לסושי צמח,,,מפעל-מדבקה לסושי צמח,,0.00,,false,,0.00,0.0000,true,1,136932
13240013,true,מפעל-מדבקה לכדור בטע,,,מפעל-מדבקה לכדור בטע,,0.00,,false,,0.00,0.0000,true,1,136934
13240014,true,מפעל-מדבקה לכדור בטע,,,מפעל-מדבקה לכדור בטע,,0.00,,false,,0.00,0.0000,true,1,136935
13240019,true,מפעל-מדבקה לסושי- הו,,,מפעל-מדבקה לסושי- הו,,0.00,,false,,0.00,0.0000,true,1,136940
13240020,true,מפעל-מדבקה לסלט בורג,,,מפעל-מדבקה לסלט בורג,,0.00,,false,,0.00,0.0000,true,1,137066
13240021,true,מפעל-מדבקת שעון לסלט,,,מפעל-מדבקת שעון לסלט,,0.00,,false,,0.00,0.0000,true,1,137067
13240024,true,מפעל-מדבקה לסושי מיק,,,מפעל-מדבקה לסושי מיק,,0.00,,false,,0.00,0.0000,true,1,137573
13240025,true,מפעל-מדבקה לסלט יוונ,,,מפעל-מדבקה לסלט יוונ,,0.00,,false,,0.00,0.0000,true,1,137676
13240026,true,מפעל-מדבקה לסלט ירקו,,,מפעל-מדבקה לסלט ירקו,,0.00,,false,,0.00,0.0000,true,1,137677
13240027,true,מפעל-מדבקה לפוטטוס ת,,,מפעל-מדבקה לפוטטוס ת,,0.00,,false,,0.00,0.0000,true,1,137732
13240028,true,מפעל-מדבקה לסושי מסי,,,מפעל-מדבקה לסושי מסי,,0.00,,false,,0.00,0.0000,true,1,137924
13240029,true,מפעל-מדבקה לאצבעות ת,,,מפעל-מדבקה לאצבעות ת,,0.00,,false,,0.00,0.0000,true,1,138039
13240030,true,מפעל-מדבקה לכדור בטע,,,מפעל-מדבקה לכדור בטע,,0.00,,false,,0.00,0.0000,true,1,138060
13240031,true,מפעל-מדבקה עגולה למג,,,מפעל-מדבקה עגולה למג,,0.00,,false,,0.00,0.0000,true,1,138080
13241001,true,מפעל-מדבקה לקרטון -,,,מפעל-מדבקה לקרטון -,,0.00,,false,,0.00,0.0000,true,1,137596
13241002,true,מפעל-מדבקה לקרטון -,,,מפעל-מדבקה לקרטון -,,0.00,,false,,0.00,0.0000,true,1,137597
13241003,true,מפעל-מדבקה לקרטון -,,,מפעל-מדבקה לקרטון -,,0.00,,false,,0.00,0.0000,true,1,137598
13241004,true,מפעל-מדבקה לקרטון -,,,מפעל-מדבקה לקרטון -,,0.00,,false,,0.00,0.0000,true,1,137599
13241005,true,מפעל-מדבקה לקרטון -,,,מפעל-מדבקה לקרטון -,,0.00,,false,,0.00,0.0000,true,1,137600
13241006,true,מפעל-מדבקה לקרטון -,,,מפעל-מדבקה לקרטון -,,0.00,,false,,0.00,0.0000,true,1,137601
13241007,true,מפעל-מדבקה לקרטון -,,,מפעל-מדבקה לקרטון -,,0.00,,false,,0.00,0.0000,true,1,137602
13241008,true,מפעל-מדבקה לקרטון- ס,,,מפעל-מדבקה לקרטון- ס,,0.00,,false,,0.00,0.0000,true,1,137603
13241009,true,מפעל-מדבקה לקרטון- ס,,,מפעל-מדבקה לקרטון- ס,,0.00,,false,,0.00,0.0000,true,1,137604
13241010,true,מפעל-מדבקה לקרטון- פ,,,מפעל-מדבקה לקרטון- פ,,0.00,,false,,0.00,0.0000,true,1,137605
13241011,true,מפעל-מדבקה לקרטון- ס,,,מפעל-מדבקה לקרטון- ס,,0.00,,false,,0.00,0.0000,true,1,137606
13241012,true,מפעל-מדבקה לקרטון- פ,,,מפעל-מדבקה לקרטון- פ,,0.00,,false,,0.00,0.0000,true,1,137607
13241013,true,מפעל-מדבקה לקרטון-נג,,,מפעל-מדבקה לקרטון-נג,,0.00,,false,,0.00,0.0000,true,1,137961
13241014,true,מפעל-מדבקה לקרטון -,,,מפעל-מדבקה לקרטון -,,0.00,,false,,0.00,0.0000,true,1,138011
13241015,true,מפעל-מדבקה לקרטון -,,,מפעל-מדבקה לקרטון -,,0.00,,false,,0.00,0.0000,true,1,138081
13241016,true,מפעל-מדבקה לקרטון -,,,מפעל-מדבקה לקרטון -,,0.00,,false,,0.00,0.0000,true,1,138093
13241017,true,מפעל-מדבקה לקרטון -,,,מפעל-מדבקה לקרטון -,,0.00,,false,,0.00,0.0000,true,1,138094
13241018,true,מפעל-מדבקה לקרטון -,,,מפעל-מדבקה לקרטון -,,0.00,,false,,0.00,0.0000,true,1,138095
13241019,true,מפעל-מדבקה לקרטון -,,,מפעל-מדבקה לקרטון -,,0.00,,false,,0.00,0.0000,true,1,138096
13241020,true,מפעל-מדבקה לקרטון -,,,מפעל-מדבקה לקרטון -,,0.00,,false,,0.00,0.0000,true,1,138097
13241021,true,מפעל-מדבקה לקרטון -,,,מפעל-מדבקה לקרטון -,,0.00,,false,,0.00,0.0000,true,1,138098
13290001,true,מפעל-כפפות ניטרל  S,,,מפעל-כפפות ניטרל  S,,0.00,,false,,0.00,0.0000,true,1,136943
13290002,true,מפעל-כפפות ניטריל L,,,מפעל-כפפות ניטריל L,,0.00,,false,,0.00,0.0000,true,1,136944
13290003,true,מפעל -ניטריל כפפותM,,,מפעל -ניטריל כפפותM,,0.00,,false,,0.00,0.0000,true,1,136945
13290007,true,מפעל-כפפות לטקס ללא,,,מפעל-כפפות לטקס ללא,,0.00,,false,,0.00,0.0000,true,1,138559
13290008,true,מפעל-כיסוי לנעל,,,מפעל-כיסוי לנעל,,0.00,,false,,0.00,0.0000,true,1,138560
13290009,true,מפעל-חלוק חד פעמי לב,,,מפעל-חלוק חד פעמי לב,,0.00,,false,,0.00,0.0000,true,1,138561
13290010,true,מפעל-כפכף טבחים שחור,,,מפעל-כפכף טבחים שחור,,0.00,,false,,0.00,0.0000,true,1,138562
13290011,true,מפעל-חלוק חד פעמי כח,,,מפעל-חלוק חד פעמי כח,,0.00,,false,,0.00,0.0000,true,1,138563
13290012,true,מפעל-סינר לבן לייצור,,,מפעל-סינר לבן לייצור,,0.00,,false,,0.00,0.0000,true,1,138472
13290013,true,מפעל-סינר כחול לייצו,,,מפעל-סינר כחול לייצו,,0.00,,false,,0.00,0.0000,true,1,138473
13290014,true,מפעל-נעל עבודה שחור,,,מפעל-נעל עבודה שחור,,0.00,,false,,0.00,0.0000,true,1,138474
13290015,true,מפעל-מגף עם כיפת מגן,,,מפעל-מגף עם כיפת מגן,,0.00,,false,,0.00,0.0000,true,1,138475
13290016,true,מפעל-כפפות תחזוקה שח,,,מפעל-כפפות תחזוקה שח,,0.00,,false,,0.00,0.0000,true,1,139273
13290017,true,מפעל-מכנס כיס,,,מפעל-מכנס כיס,,0.00,,false,,0.00,0.0000,true,1,139274
13290018,true,מפעל-מגף גומי שחור,,,מפעל-מגף גומי שחור,,0.00,,false,,0.00,0.0000,true,1,139275
13310100,true,וודקה סטולי 1 ליטר,,,וודקה סטולי 1 ליטר,,0.00,,false,,0.00,0.0000,true,1,133765
13400005,true,מפעל-ניילון שקוף320,,,מפעל-ניילון שקוף320,קילוגרמים,1.00,"ק""ג",true,,0.00,0.0000,true,1,137070
13400006,true,מפעל-ארגז 001 כריכים,,,מפעל-ארגז 001 כריכים,,0.00,,false,,0.00,0.0000,true,1,137127
13400007,true,מפעל-ארגז 003 לחמניו,,,מפעל-ארגז 003 לחמניו,,0.00,,false,,0.00,0.0000,true,1,137128
13400008,true,מפעל-קרטון חצי באגט,,,מפעל-קרטון חצי באגט,,0.00,,false,,0.00,0.0000,true,1,137129
13400009,true,מפעל-ארגז 005 סושי0,,,מפעל-ארגז 005 סושי0,,0.00,,false,,0.00,0.0000,true,1,137725
13400010,true,מפעל-ארגז 007 סושי0,,,מפעל-ארגז 007 סושי0,,0.00,,false,,0.00,0.0000,true,1,137726
13400012,true,מפעל-ארגז 008 סלטים,,,מפעל-ארגז 008 סלטים,,0.00,,false,,0.00,0.0000,true,1,137130
13400014,true,מפעל-ניילון שקוף240,,,מפעל-ניילון שקוף240,,0.00,,false,,0.00,0.0000,true,1,137080
13400016,true,מפעל-שקית ארגזים90*,,,מפעל-שקית ארגזים90*,,0.00,,false,,0.00,0.0000,true,1,137082
13400028,true,מפעל-ארגז 006 סלטים,,,מפעל-ארגז 006 סלטים,,0.00,,false,,0.00,0.0000,true,1,137503
13400029,true,מפעל-ארגז 002 סושי-מ,,,מפעל-ארגז 002 סושי-מ,,0.00,,false,,0.00,0.0000,true,1,137727
13400030,true,מפעל-סרט דבק שקוף למ,,,מפעל-סרט דבק שקוף למ,,0.00,,false,,0.00,0.0000,true,1,137773
13400031,true,מפעל-ארגז 010 לסושי,,,מפעל-ארגז 010 לסושי,,0.00,,false,,0.00,0.0000,true,1,137925
13870000,true,"אוזו מטאסקה 700 מ""ל",,,"אוזו מטאסקה 700 מ""ל",,0.00,,false,,0.00,0.0000,true,1,133766
14759978,false,קצקבל גלעד 27% פלח 2,,,קצקבל גלעד 27% פלח 2,גרמים,200.00,100 גרם,false,,25.90,0.1295,true,1,145031
14762794,true,מעדן סויה מתיקות מעו,,,מעדן סויה מתיקות מעו,,0.00,,false,,3.90,0.0000,true,1,144675
14763272,true,יוגורט סויה לשתיה תו,,,יוגורט סויה לשתיה תו,,0.00,,false,,6.00,0.0000,true,1,137844
14763289,true,יוגורט סויה לשתיה פט,,,יוגורט סויה לשתיה פט,,0.00,,false,,6.00,0.0000,true,1,137845
15023000,true,"רום נגריטה 700 מ""ל",,,"רום נגריטה 700 מ""ל",,0.00,,false,,0.00,0.0000,true,1,135171
15033299,true,פירורי לחם 400 גרם,,,פירורי לחם 400 גרם,,0.00,,false,,5.00,0.0000,true,1,132322
15644181,true,מפעל-לחמניית שמיניה,,,מפעל-לחמניית שמיניה,,0.00,,false,,2999.90,0.0000,true,1,135241
15644198,true,מפעל-בגטינה מת .חתוך,,,מפעל-בגטינה מת .חתוך,,0.00,,false,,2999.90,0.0000,true,1,135285
15644792,true,מפעל-לחמניית שמיניה,,,מפעל-לחמניית שמיניה,,0.00,,false,,2999.90,0.0000,true,1,136990
16070000,true,פסואה - בטעם פסיפלור,,,פסואה - בטעם פסיפלור,,0.00,,false,,0.00,0.0000,true,1,135172
16211000,true,"לימונצ""אלו 700 מ""ל",,,"לימונצ""אלו 700 מ""ל",,0.00,,false,,0.00,0.0000,true,1,133767
16497915,true,מפעל-לחמנית מזונות מ,,,מפעל-לחמנית מזונות מ,,0.00,,false,,2999.90,0.0000,true,1,134077
16497922,true,מפעל- לחם קסטן מלא,,,מפעל- לחם קסטן מלא,,0.00,,false,,2999.90,0.0000,true,1,134078
16967807,true,מפעל-פרנה קופיקס,,,מפעל-פרנה קופיקס,,0.00,,false,,2999.90,0.0000,true,1,136513
17060100,true,"ווסקי גראנט""ס 1 ליטר",,,"ווסקי גראנט""ס 1 ליטר",,0.00,,false,,0.00,0.0000,true,1,133768
17090100,true,טולמור דיו 1 ליטר,,,טולמור דיו 1 ליטר,,0.00,,false,,0.00,0.0000,true,1,135173
20080017,true,מפעל-סווב       ATP,,,מפעל-סווב       ATP,,0.00,,false,,0.00,0.0000,true,1,138244
21133001,true,פ  -4תפזורת טרי,,,פ  -4תפזורת טרי,קילוגרמים,1.00,"ק""ג",true,,0.00,0.0000,true,1,137134
21133003,true,"פ -4מס           1 """,,,"פ -4מס           1 """,קילוגרמים,1.00,"ק""ג",true,,0.00,0.0000,true,1,137135
21133010,true,עוף שלם ללא עצם טרי,,,עוף שלם ללא עצם טרי,קילוגרמים,1.00,"ק""ג",true,,0.00,0.0000,true,1,137136
21133011,true,עוף צעיר טרי,,,עוף צעיר טרי,קילוגרמים,1.00,"ק""ג",true,,0.00,0.0000,true,1,137137
21133019,true,סטייק פרגית ב.ע    .,,,סטייק פרגית ב.ע    .,קילוגרמים,1.00,"ק""ג",true,,0.00,0.0000,true,1,137138
21133901,true,פרגית אמיתית 16 יח,,,פרגית אמיתית 16 יח,קילוגרמים,1.00,"ק""ג",true,,0.00,0.0000,true,1,137139
21134002,true,פטם טרי,,,פטם טרי,קילוגרמים,1.00,"ק""ג",true,,0.00,0.0000,true,1,137140
21134004,true,פ -4גדול,,,פ -4גדול,קילוגרמים,1.00,"ק""ג",true,,0.00,0.0000,true,1,137141
21134013,true,"פ -4מס           2 """,,,"פ -4מס           2 """,קילוגרמים,1.00,"ק""ג",true,,0.00,0.0000,true,1,137142
21143016,true,חזה חצוי,,,חזה חצוי,קילוגרמים,1.00,"ק""ג",true,,0.00,0.0000,true,1,137143
21143017,true,חזה חצוי הקצביה,,,חזה חצוי הקצביה,קילוגרמים,1.00,"ק""ג",true,,0.00,0.0000,true,1,137144
21143025,true,פילה עוף טרי,,,פילה עוף טרי,קילוגרמים,1.00,"ק""ג",true,,0.00,0.0000,true,1,137145
21143026,true,פילה פטם הקצביה,,,פילה פטם הקצביה,קילוגרמים,1.00,"ק""ג",true,,0.00,0.0000,true,1,137146
21143055,true,כרעיים טרי טנא,,,כרעיים טרי טנא,קילוגרמים,1.00,"ק""ג",true,,0.00,0.0000,true,1,137147
21143056,true,כרעיים ללא עצם גב,,,כרעיים ללא עצם גב,קילוגרמים,1.00,"ק""ג",true,,0.00,0.0000,true,1,137148
21143101,true,שניצל פטם דק דק,,,שניצל פטם דק דק,קילוגרמים,1.00,"ק""ג",true,,0.00,0.0000,true,1,137149
21143103,true,שניצל דק הקצביה,,,שניצל דק הקצביה,קילוגרמים,1.00,"ק""ג",true,,0.00,0.0000,true,1,137150
21143106,true,"שניצל 150 גר       """,,,"שניצל 150 גר       """,קילוגרמים,1.00,"ק""ג",true,,0.00,0.0000,true,1,137151
21143151,true,נתחי חזה פטם תפז,,,נתחי חזה פטם תפז,קילוגרמים,1.00,"ק""ג",true,,0.00,0.0000,true,1,137152
21143201,true,כרעיים טרי,,,כרעיים טרי,קילוגרמים,1.00,"ק""ג",true,,0.00,0.0000,true,1,137153
21143202,true,כרעיים הקצביה,,,כרעיים הקצביה,קילוגרמים,1.00,"ק""ג",true,,0.00,0.0000,true,1,137154
21143204,true,כרעיים טרי       250,,,כרעיים טרי       250,קילוגרמים,1.00,"ק""ג",true,,0.00,0.0000,true,1,137155
21143205,true,כרעיים טרי      300,,,כרעיים טרי      300,קילוגרמים,1.00,"ק""ג",true,,0.00,0.0000,true,1,137156
21143251,true,ירכיים טרי,,,ירכיים טרי,קילוגרמים,1.00,"ק""ג",true,,0.00,0.0000,true,1,137157
21143258,true,ירך פטם ב.ע.ג      .,,,ירך פטם ב.ע.ג      .,קילוגרמים,1.00,"ק""ג",true,,0.00,0.0000,true,1,137158
21143300,true,קוקטייל קצביה,,,קוקטייל קצביה,קילוגרמים,1.00,"ק""ג",true,,0.00,0.0000,true,1,137159
21143301,true,"שוקיים טרי תפז     """,,,"שוקיים טרי תפז     """,קילוגרמים,1.00,"ק""ג",true,,0.00,0.0000,true,1,137160
21143306,true,שוקיים הקצביה,,,שוקיים הקצביה,קילוגרמים,1.00,"ק""ג",true,,0.00,0.0000,true,1,137161
21143351,true,כנפיים טרי,,,כנפיים טרי,קילוגרמים,1.00,"ק""ג",true,,0.00,0.0000,true,1,137162
21143352,true,כנף חצויה,,,כנף חצויה,קילוגרמים,1.00,"ק""ג",true,,0.00,0.0000,true,1,137163
21143354,true,כנפיים הקצביה,,,כנפיים הקצביה,קילוגרמים,1.00,"ק""ג",true,,0.00,0.0000,true,1,137164
21143401,true,שווארמה) פרגית     (,,,שווארמה) פרגית     (,קילוגרמים,1.00,"ק""ג",true,,0.00,0.0000,true,1,137165
21143403,true,פרגית הקצביה,,,פרגית הקצביה,קילוגרמים,1.00,"ק""ג",true,,0.00,0.0000,true,1,137166
21143404,true,פרגית פרוסה הקצביה,,,פרגית פרוסה הקצביה,קילוגרמים,1.00,"ק""ג",true,,0.00,0.0000,true,1,137167
21143405,true,נתח פרגית טרי,,,נתח פרגית טרי,קילוגרמים,1.00,"ק""ג",true,,0.00,0.0000,true,1,137168
21143444,true,סטייק פרגית ע.ע    .,,,סטייק פרגית ע.ע    .,קילוגרמים,1.00,"ק""ג",true,,0.00,0.0000,true,1,137169
21143505,true,גרון עוף,,,גרון עוף,קילוגרמים,1.00,"ק""ג",true,,0.00,0.0000,true,1,137170
21143601,true,כבד טרי,,,כבד טרי,קילוגרמים,1.00,"ק""ג",true,,0.00,0.0000,true,1,137171
21143605,true,כבד פטם הקצביה,,,כבד פטם הקצביה,קילוגרמים,1.00,"ק""ג",true,,0.00,0.0000,true,1,137172
21143651,true,קורקבן טרי,,,קורקבן טרי,קילוגרמים,1.00,"ק""ג",true,,0.00,0.0000,true,1,137173
21143701,true,לב טרי,,,לב טרי,קילוגרמים,1.00,"ק""ג",true,,0.00,0.0000,true,1,137174
21143704,true,לבבות פטם,,,לבבות פטם,קילוגרמים,1.00,"ק""ג",true,,0.00,0.0000,true,1,137175
21143705,true,לבבות פטם חצוי,,,לבבות פטם חצוי,קילוגרמים,1.00,"ק""ג",true,,0.00,0.0000,true,1,137176
21143751,true,טחול טרי,,,טחול טרי,קילוגרמים,1.00,"ק""ג",true,,0.00,0.0000,true,1,137177
21144055,true,חזה טרי,,,חזה טרי,קילוגרמים,1.00,"ק""ג",true,,0.00,0.0000,true,1,137178
21144057,true,חזה חצוי הקצביה,,,חזה חצוי הקצביה,קילוגרמים,1.00,"ק""ג",true,,0.00,0.0000,true,1,137179
21144103,true,שניצל פרוס,,,שניצל פרוס,קילוגרמים,1.00,"ק""ג",true,,0.00,0.0000,true,1,137180
21144106,true,שניצל דק דק,,,שניצל דק דק,קילוגרמים,1.00,"ק""ג",true,,0.00,0.0000,true,1,137181
21144107,true,שניצל דק הקצביה,,,שניצל דק הקצביה,קילוגרמים,1.00,"ק""ג",true,,0.00,0.0000,true,1,137182
21144202,true,כרעיים טרי,,,כרעיים טרי,קילוגרמים,1.00,"ק""ג",true,,0.00,0.0000,true,1,137183
21144204,true,כרעיים חתוכות בלי עו,,,כרעיים חתוכות בלי עו,קילוגרמים,1.00,"ק""ג",true,,0.00,0.0000,true,1,137184
21144206,true,כרעיים הקצביה,,,כרעיים הקצביה,קילוגרמים,1.00,"ק""ג",true,,0.00,0.0000,true,1,137185
21144252,true,ירכיים טרי,,,ירכיים טרי,קילוגרמים,1.00,"ק""ג",true,,0.00,0.0000,true,1,137186
21144300,true,קוקטייל טרי,,,קוקטייל טרי,קילוגרמים,1.00,"ק""ג",true,,0.00,0.0000,true,1,137187
21144302,true,שוקיים טרי,,,שוקיים טרי,קילוגרמים,1.00,"ק""ג",true,,0.00,0.0000,true,1,137188
21144304,true,שוקיים הקצביה,,,שוקיים הקצביה,קילוגרמים,1.00,"ק""ג",true,,0.00,0.0000,true,1,137189
21144352,true,כנפיים טרי,,,כנפיים טרי,קילוגרמים,1.00,"ק""ג",true,,0.00,0.0000,true,1,137190
21144354,true,כנפיים הקצביה,,,כנפיים הקצביה,קילוגרמים,1.00,"ק""ג",true,,0.00,0.0000,true,1,137191
21144402,true,שוארמה טרי,,,שוארמה טרי,קילוגרמים,1.00,"ק""ג",true,,0.00,0.0000,true,1,137192
21144404,true,פרגית הקצביה,,,פרגית הקצביה,קילוגרמים,1.00,"ק""ג",true,,0.00,0.0000,true,1,137193
21144405,true,פרגית פרוסה הקצביה,,,פרגית פרוסה הקצביה,קילוגרמים,1.00,"ק""ג",true,,0.00,0.0000,true,1,137194
21144445,true,סטייק פרגיות ארוז,,,סטייק פרגיות ארוז,קילוגרמים,1.00,"ק""ג",true,,0.00,0.0000,true,1,137195
21144502,true,פילה טרי,,,פילה טרי,קילוגרמים,1.00,"ק""ג",true,,0.00,0.0000,true,1,137196
21144504,true,פילה פטם הקצביה,,,פילה פטם הקצביה,קילוגרמים,1.00,"ק""ג",true,,0.00,0.0000,true,1,137197
21144505,true,גרון עוף ארוז,,,גרון עוף ארוז,קילוגרמים,1.00,"ק""ג",true,,0.00,0.0000,true,1,137198
21144602,true,כבד טרי,,,כבד טרי,קילוגרמים,1.00,"ק""ג",true,,0.00,0.0000,true,1,137199
21144604,true,כבד פטם הקצביה,,,כבד פטם הקצביה,קילוגרמים,1.00,"ק""ג",true,,0.00,0.0000,true,1,137200
21144652,true,קורקבן טרי,,,קורקבן טרי,קילוגרמים,1.00,"ק""ג",true,,0.00,0.0000,true,1,137201
21144702,true,לבבות טרי,,,לבבות טרי,קילוגרמים,1.00,"ק""ג",true,,0.00,0.0000,true,1,137202
21144752,true,טחול טרי,,,טחול טרי,קילוגרמים,1.00,"ק""ג",true,,0.00,0.0000,true,1,137203
21145003,true,זוג פרגית במגש 8 יח,,,זוג פרגית במגש 8 יח,קילוגרמים,1.00,"ק""ג",true,,0.00,0.0000,true,1,137204
21145004,true,פרגית אמיתית 16 יח ת,,,פרגית אמיתית 16 יח ת,קילוגרמים,1.00,"ק""ג",true,,0.00,0.0000,true,1,137205
22143506,true,כנפית פטם,,,כנפית פטם,קילוגרמים,1.00,"ק""ג",true,,0.00,0.0000,true,1,137207
31133001,true,שלם נקבה,,,שלם נקבה,קילוגרמים,1.00,"ק""ג",true,,0.00,0.0000,true,1,137208
31143030,true,חזה זכר חצוי ללא פיל,,,חזה זכר חצוי ללא פיל,קילוגרמים,1.00,"ק""ג",true,,0.00,0.0000,true,1,137209
31143054,true,חזה זכר חצוי טרי,,,חזה זכר חצוי טרי,קילוגרמים,1.00,"ק""ג",true,,0.00,0.0000,true,1,137210
31143055,true,חזה נקבה חצוי טרי,,,חזה נקבה חצוי טרי,קילוגרמים,1.00,"ק""ג",true,,0.00,0.0000,true,1,137211
31143056,true,פרפר זכר טרי,,,פרפר זכר טרי,קילוגרמים,1.00,"ק""ג",true,,0.00,0.0000,true,1,137212
31143057,true,פרפר נקבה טרי,,,פרפר נקבה טרי,קילוגרמים,1.00,"ק""ג",true,,0.00,0.0000,true,1,137213
31143058,true,חזה זכר חצוי ע.ע,,,חזה זכר חצוי ע.ע,קילוגרמים,1.00,"ק""ג",true,,0.00,0.0000,true,1,137214
31143060,true,"חזה פרפר ע""ע זכר",,,"חזה פרפר ע""ע זכר",קילוגרמים,1.00,"ק""ג",true,,0.00,0.0000,true,1,137215
31143061,true,"חזה פרפר ע""ע נקבה",,,"חזה פרפר ע""ע נקבה",קילוגרמים,1.00,"ק""ג",true,,0.00,0.0000,true,1,137216
31143070,true,פילה הודו,,,פילה הודו,קילוגרמים,1.00,"ק""ג",true,,0.00,0.0000,true,1,137217
31143150,true,נתחים,,,נתחים,קילוגרמים,1.00,"ק""ג",true,,0.00,0.0000,true,1,137218
31143175,true,חתיכות,,,חתיכות,קילוגרמים,1.00,"ק""ג",true,,0.00,0.0000,true,1,137219
31143251,true,"ירך זכר ע""ע",,,"ירך זכר ע""ע",קילוגרמים,1.00,"ק""ג",true,,0.00,0.0000,true,1,137220
31143300,true,שוק זכר טרי,,,שוק זכר טרי,קילוגרמים,1.00,"ק""ג",true,,0.00,0.0000,true,1,137221
31143301,true,שוק נקבה טרי,,,שוק נקבה טרי,קילוגרמים,1.00,"ק""ג",true,,0.00,0.0000,true,1,137222
31143325,true,שוק מפורק,,,שוק מפורק,קילוגרמים,1.00,"ק""ג",true,,0.00,0.0000,true,1,137223
31143332,true,שוק הודו נקבה תפזורת,,,שוק הודו נקבה תפזורת,קילוגרמים,1.00,"ק""ג",true,,0.00,0.0000,true,1,138387
31143350,true,כנף זכר טרי,,,כנף זכר טרי,קילוגרמים,1.00,"ק""ג",true,,0.00,0.0000,true,1,137224
31143352,true,כנף נקבה טרי,,,כנף נקבה טרי,קילוגרמים,1.00,"ק""ג",true,,0.00,0.0000,true,1,137225
31143375,true,כנף הודו מפורק,,,כנף הודו מפורק,קילוגרמים,1.00,"ק""ג",true,,0.00,0.0000,true,1,137226
31143400,true,שווארמה זכר טרי,,,שווארמה זכר טרי,קילוגרמים,1.00,"ק""ג",true,,0.00,0.0000,true,1,137227
31143425,true,שווארמה נקבה טרי,,,שווארמה נקבה טרי,קילוגרמים,1.00,"ק""ג",true,,0.00,0.0000,true,1,137228
31143443,true,שווארמה הודו נקבה,,,שווארמה הודו נקבה,קילוגרמים,1.00,"ק""ג",true,,0.00,0.0000,true,1,137314
31143450,true,שישליק טרי,,,שישליק טרי,קילוגרמים,1.00,"ק""ג",true,,0.00,0.0000,true,1,137229
31143500,true,גרון נקבה,,,גרון נקבה,קילוגרמים,1.00,"ק""ג",true,,0.00,0.0000,true,1,137230
31143501,true,גרון זכר,,,גרון זכר,קילוגרמים,1.00,"ק""ג",true,,0.00,0.0000,true,1,137231
31143571,true,זנבות עם עצם,,,זנבות עם עצם,קילוגרמים,1.00,"ק""ג",true,,0.00,0.0000,true,1,137232
31143600,true,כבד טרי,,,כבד טרי,קילוגרמים,1.00,"ק""ג",true,,0.00,0.0000,true,1,137233
31143650,true,קורקבן טרי,,,קורקבן טרי,קילוגרמים,1.00,"ק""ג",true,,0.00,0.0000,true,1,137234
31143700,true,לב טרי,,,לב טרי,קילוגרמים,1.00,"ק""ג",true,,0.00,0.0000,true,1,137235
31143750,true,טחול,,,טחול,קילוגרמים,1.00,"ק""ג",true,,0.00,0.0000,true,1,137236
31143801,true,אשכים,,,אשכים,קילוגרמים,1.00,"ק""ג",true,,0.00,0.0000,true,1,137237
31144053,true,חזה ה.נ.טרי,,,חזה ה.נ.טרי,קילוגרמים,1.00,"ק""ג",true,,0.00,0.0000,true,1,137238
31144154,true,נתחי הודו טרי,,,נתחי הודו טרי,קילוגרמים,1.00,"ק""ג",true,,0.00,0.0000,true,1,137239
31144302,true,שוק ה.נ טרי,,,שוק ה.נ טרי,קילוגרמים,1.00,"ק""ג",true,,0.00,0.0000,true,1,137240
31144326,true,בשר אדום טרי,,,בשר אדום טרי,קילוגרמים,1.00,"ק""ג",true,,0.00,0.0000,true,1,137241
31144357,true,כנפיים ה.נ.טרי,,,כנפיים ה.נ.טרי,קילוגרמים,1.00,"ק""ג",true,,0.00,0.0000,true,1,137242
31144426,true,שווארמה ה.נ.טרי,,,שווארמה ה.נ.טרי,קילוגרמים,1.00,"ק""ג",true,,0.00,0.0000,true,1,137243
31144451,true,שישליק טרי,,,שישליק טרי,קילוגרמים,1.00,"ק""ג",true,,0.00,0.0000,true,1,137244
31144502,true,גרון הודו טרי,,,גרון הודו טרי,קילוגרמים,1.00,"ק""ג",true,,0.00,0.0000,true,1,137245
31144601,true,כבד הודו טרי,,,כבד הודו טרי,קילוגרמים,1.00,"ק""ג",true,,0.00,0.0000,true,1,137246
31144651,true,קורקבן הודו טרי,,,קורקבן הודו טרי,קילוגרמים,1.00,"ק""ג",true,,0.00,0.0000,true,1,137247
31144701,true,לב הודו טרי,,,לב הודו טרי,קילוגרמים,1.00,"ק""ג",true,,0.00,0.0000,true,1,137248
31144801,true,אשכים ארוז,,,אשכים ארוז,קילוגרמים,1.00,"ק""ג",true,,0.00,0.0000,true,1,137249
31333011,true,שוק מפורק פרוס,,,שוק מפורק פרוס,קילוגרמים,1.00,"ק""ג",true,,0.00,0.0000,true,1,137250
40057798,true,סוכריות סמרטיז 38 גר,,,סוכריות סמרטיז 38 גר,,0.00,,false,,0.00,0.0000,true,1,137327
40084725,false,קינדר מילק סלייס עוג,,,קינדר מילק סלייס עוג,גרמים,28.00,100 גרם,false,,3.90,0.1393,true,1,151805
54088191,true,קינדר ביצת הפתעה 20,,,קינדר ביצת הפתעה 20,,0.00,,false,,0.00,0.0000,true,1,133839
66611304,true,מפעל-מהדרין -אפונה3,,,מפעל-מהדרין -אפונה3,,0.00,,false,,2999.90,0.0000,true,1,135419
70001595,true,מפעל-שקית 50/70 גליל,,,מפעל-שקית 50/70 גליל,,0.00,,false,,2999.90,0.0000,true,1,136716
72940761,false,"מילקי שוקולד 170 מ""ל",,,"מילקי שוקולד 170 מ""ל",מיליליטרים,170.00,"100 מ""ל",false,,2.90,0.0171,true,1,132827
72940952,false,מילקי אקסטרה קצפת 17,,,מילקי אקסטרה קצפת 17,מיליליטרים,170.00,"100 מ""ל",false,,3.90,0.0229,true,1,150537
72986370,false,גלידה וניל בן & ג'רי,,,גלידה וניל בן & ג'רי,מיליליטרים,500.00,"100 מ""ל",false,,24.90,0.0498,true,1,139978
72986424,false,גלידה קרם עוגיות בן,,,גלידה קרם עוגיות בן,מיליליטרים,500.00,"100 מ""ל",false,,24.90,0.0498,true,1,139979
72986448,false,גלידת וניל וטופי בן,,,גלידת וניל וטופי בן,מיליליטרים,473.00,"100 מ""ל",false,,24.90,0.0526,true,1,139980
72986455,false,גלידת שוקולד ניו יור,,,גלידת שוקולד ניו יור,מיליליטרים,500.00,"100 מ""ל",false,,24.90,0.0498,true,1,139981
72986479,false,גלידה צ'נקי מונקי בן,,,גלידה צ'נקי מונקי בן,מיליליטרים,500.00,"100 מ""ל",false,,24.90,0.0498,true,1,139982
72993637,false,דני מעדן חלב בטעם שו,,,דני מעדן חלב בטעם שו,גרמים,125.00,100 גרם,false,,2.70,0.0216,true,1,132829
80001461,false,חטיף גרדנה שוקולד 38,,,חטיף גרדנה שוקולד 38,גרמים,38.00,100 גרם,false,,4.90,0.1289,true,1,143851
80050025,false,סוכריות טיק טק תפוז,,,סוכריות טיק טק תפוז,גרמים,16.00,100 גרם,false,,3.50,0.2188,true,1,136681
80050049,true,קינדר ביצת הפתעה 20,,,קינדר ביצת הפתעה 20,,0.00,,false,,0.00,0.0000,true,1,133950
80050124,false,סוכריות טיק טק מנטה,,,סוכריות טיק טק מנטה,גרמים,16.00,100 גרם,false,,3.50,0.2188,true,1,136682
80052760,false,קינדר בואנו חלב 43 ג,,,קינדר בואנו חלב 43 ג,גרמים,43.00,100 גרם,false,,4.90,0.1140,true,1,132965
80136194,false,קינדר הפי היפו אגוז,,,קינדר הפי היפו אגוז,גרמים,103.50,100 גרם,false,,13.90,0.1343,true,1,138950
80141301,true,מפעל -A6פריניר עגב מ,,,מפעל -A6פריניר עגב מ,קילוגרמים,1.00,"ק""ג",true,,2999.90,2999.9000,true,1,135415
80177616,false,קינדר 100 גרם 10 יחי,,,קינדר 100 גרם 10 יחי,גרמים,100.00,100 גרם,false,,6.90,0.0690,true,1,139834
80761761,false,קינדר בואנו לבן 39 ג,,,קינדר בואנו לבן 39 ג,גרמים,39.00,100 גרם,false,,4.90,0.1256,true,1,134735
80773429,false,מסטיק מנטוס בקבוק מע,,,מסטיק מנטוס בקבוק מע,גרמים,60.00,100 גרם,false,,10.90,0.1817,true,1,139400
80790990,false,מסטיק מנטוס מעוגל 60,,,מסטיק מנטוס מעוגל 60,גרמים,60.00,100 גרם,false,,10.90,0.1817,true,1,143512
80854753,false,סוכריות מנטוס מרעננו,,,סוכריות מנטוס מרעננו,גרמים,21.00,100 גרם,false,,7.50,0.3571,true,1,153934
80913467,false,מסטיק מנטוס מנטה מעו,,,מסטיק מנטוס מנטה מעו,גרמים,60.00,100 גרם,false,,10.90,0.1817,true,1,143513
80979128,false,מסטיק מנטוס בקבוק מע,,,מסטיק מנטוס בקבוק מע,גרמים,60.00,100 גרם,false,,10.90,0.1817,true,1,153096
80986348,false,מסטיק מנטוס בקבוק מע,,,מסטיק מנטוס בקבוק מע,גרמים,60.00,100 גרם,false,,10.90,0.1817,true,1,153097
87108538,false,סוכריות בגליל בטעם ת,,,סוכריות בגליל בטעם ת,גרמים,37.00,100 גרם,false,,3.50,0.0946,true,1,139262
87311396,false,סוכריות מנטוס ריינבו,,,סוכריות מנטוס ריינבו,גרמים,37.50,100 גרם,false,,3.50,0.0933,true,1,139263
88888000,true,,,,,,0.00,,false,,0.00,0.0000,true,1,146562
88888001,true,אוכל,,,אוכל,,0.00,,false,,0.00,0.0000,true,1,146563
88888002,true,שתיה,,,שתיה,,0.00,,false,,0.00,0.0000,true,1,146564
88888003,true,אימפולס,,,אימפולס,,0.00,,false,,0.00,0.0000,true,1,158344
88888004,true,תוספות לקפה,,,תוספות לקפה,,0.00,,false,,0.00,0.0000,true,1,146565
88888005,true,חומרי גלם,,,חומרי גלם,,0.00,,false,,0.00,0.0000,true,1,146566
88888006,true,פירות וירקות,,,פירות וירקות,,0.00,,false,,0.00,0.0000,true,1,158345
88888008,true,ללא מעמ,,,ללא מעמ,,0.00,,false,,0.00,0.0000,true,1,146567
88888009,true,ניר פוד,,,ניר פוד,,0.00,,false,,0.00,0.0000,true,1,158346
88888010,true,אלכוהול,,,אלכוהול,,0.00,,false,,0.00,0.0000,true,1,158347
88888014,true,נון פוד,,,נון פוד,,0.00,,false,,0.00,0.0000,true,1,158348
88888016,true,תפעול,,,תפעול,,0.00,,false,,0.00,0.0000,true,1,158349
88888018,true,שוויצריה הקטנה,,,שוויצריה הקטנה,,0.00,,false,,0.00,0.0000,true,1,146568
88888100,true,"מפעל-ללא מע""מ",,,"מפעל-ללא מע""מ",,0.00,,false,,0.00,0.0000,true,1,146569
88888102,true,גלידות ושלגונים,,,גלידות ושלגונים,,0.00,,false,,0.00,0.0000,true,1,146570
88888119,true,מאפים,,,מאפים,,0.00,,false,,0.00,0.0000,true,1,158350
88888124,true,משקאות לא אלכוהוליים,,,משקאות לא אלכוהוליים,,0.00,,false,,0.00,0.0000,true,1,158351
88888144,true,קינוחים,,,קינוחים,,0.00,,false,,0.00,0.0000,true,1,158352
88888156,true,פירות וירקות לסחיטה,,,פירות וירקות לסחיטה,,0.00,,false,,0.00,0.0000,true,1,146571
88888158,true,מוצרי מכולת,,,מוצרי מכולת,,0.00,,false,,0.00,0.0000,true,1,146572
88888159,true,משקאות,,,משקאות,,0.00,,false,,0.00,0.0000,true,1,146573
88888160,true,מצוננים,,,מצוננים,,0.00,,false,,0.00,0.0000,true,1,146574
88888161,true,קפואים,,,קפואים,,0.00,,false,,0.00,0.0000,true,1,146575
88888162,true,ירקות ופירות טריים,,,ירקות ופירות טריים,,0.00,,false,,0.00,0.0000,true,1,146576
88888164,true,מוצרים לבית,,,מוצרים לבית,,0.00,,false,,0.00,0.0000,true,1,146577
88888165,true,י שירות/ עזר לסניפים,,,י שירות/ עזר לסניפים,,0.00,,false,,0.00,0.0000,true,1,146578
88888166,true,ארוחות מבושלות,,,ארוחות מבושלות,,0.00,,false,,0.00,0.0000,true,1,146579
88888167,true,אריזות לזכיינים,,,אריזות לזכיינים,,0.00,,false,,0.00,0.0000,true,1,158353
88888168,true,זיכויים,,,זיכויים,,0.00,,false,,0.00,0.0000,true,1,146580
88888169,true,אבזרי עזר וייצור,,,אבזרי עזר וייצור,,0.00,,false,,0.00,0.0000,true,1,146581
88888170,true,מזון טרי,,,מזון טרי,,0.00,,false,,0.00,0.0000,true,1,146582
88888171,true,משקאות קרון,,,משקאות קרון,,0.00,,false,,0.00,0.0000,true,1,146583
88888172,true,ירקות ופירות מעמ,,,ירקות ופירות מעמ,,0.00,,false,,0.00,0.0000,true,1,146584
88888173,true,ל-חומרי גלם ואביזרים,,,ל-חומרי גלם ואביזרים,,0.00,,false,,0.00,0.0000,true,1,146585
88888174,true,מפעל-תוצרת גמורה,,,מפעל-תוצרת גמורה,,0.00,,false,,0.00,0.0000,true,1,146586
88888175,true,סיגריות,,,סיגריות,,0.00,,false,,0.00,0.0000,true,1,146587
88888176,true,מאפה טרי פרדס,,,מאפה טרי פרדס,,0.00,,false,,0.00,0.0000,true,1,146588
88888177,true,קצבייה פרדס,,,קצבייה פרדס,,0.00,,false,,0.00,0.0000,true,1,146589
88888178,true,ואביזרים (ללא מלאי),,,ואביזרים (ללא מלאי),,0.00,,false,,0.00,0.0000,true,1,146590
88888179,true,פירות יבשים ללא מעמ,,,פירות יבשים ללא מעמ,,0.00,,false,,0.00,0.0000,true,1,150057
88888999,true,,,,,,0.00,,false,,0.00,0.0000,true,1,146591
90162602,false,משקה אנרגיה רד בול 2,,,משקה אנרגיה רד בול 2,מיליליטרים,250.00,"100 מ""ל",false,,8.20,0.0328,true,1,144974
128902555,true,מפעל-סלמון פילה אפוי,,,מפעל-סלמון פילה אפוי,קילוגרמים,1.00,"ק""ג",true,,2999.90,2999.9000,true,1,137569
128910367,true,מפעל-קסטן דגנים,,,מפעל-קסטן דגנים,,0.00,,false,,0.00,0.0000,true,1,138713
212105302,true,מפעל-שום כתוש בדלי5,,,מפעל-שום כתוש בדלי5,,0.00,,false,,2999.90,0.0000,true,1,135010
701504420,true,מפעל-ספטוקל בלון 20,,,מפעל-ספטוקל בלון 20,,0.00,,false,,0.00,0.0000,true,1,136069
702303420,true,מפעל -QUICKDESבלון1,,,מפעל -QUICKDESבלון1,,0.00,,false,,0.00,0.0000,true,1,136070
702349420,true,מפעל MS -TOPבלון 20,,,מפעל MS -TOPבלון 20,,0.00,,false,,0.00,0.0000,true,1,136064
710758425,true,"מפעל -ZA28מיכל 25 ק""",,,"מפעל -ZA28מיכל 25 ק""",,0.00,,false,,0.00,0.0000,true,1,136527
803165193,true,מפעל-ניילון רדיד מוד,,,מפעל-ניילון רדיד מוד,,0.00,,false,,0.00,0.0000,true,1,136058
803165293,true,מפעל-ניילון מודפס לס,,,מפעל-ניילון מודפס לס,,0.00,,false,,0.00,0.0000,true,1,136083
803165395,true,מפעל-ניילון מודפס לס,,,מפעל-ניילון מודפס לס,,0.00,,false,,0.00,0.0000,true,1,136084
827002109,true,מפעל -מטליותQUICKDE,,,מפעל -מטליותQUICKDE,,0.00,,false,,0.00,0.0000,true,1,136071
4023288518,false,אוכמניות יחידה,,,אוכמניות יחידה,גרמים,125.00,100 גרם,false,,19.90,0.1592,true,1,157585
5011051000,true,"קאווה 750 מ""ל",,,"קאווה 750 מ""ל",,0.00,,false,,0.00,0.0000,true,1,133769
5107510002,true,מפעל -חביתה מקופלת7,,,מפעל -חביתה מקופלת7,,0.00,,false,,2999.90,0.0000,true,1,134017
6414409005,true,תרסיס שמן פאם קנולה,,,תרסיס שמן פאם קנולה,,0.00,,false,,12.00,0.0000,true,1,136512
16000185517,false,פייבר וואן 555 גרם,,,פייבר וואן 555 גרם,גרמים,555.00,100 גרם,false,,28.90,0.0521,true,1,153874
33383220291,false,אוכמניות יחידה,,,אוכמניות יחידה,גרמים,125.00,100 גרם,false,,19.90,0.1592,true,1,153396
37600297967,false,מטבל סלסה Chi-Chi's,,,מטבל סלסה Chi-Chi's,גרמים,439.00,100 גרם,false,,19.90,0.0453,true,1,157464
38000138638,false,פרינגלס בטעם פיצה 15,,,פרינגלס בטעם פיצה 15,גרמים,158.00,100 גרם,false,,10.60,0.0671,true,1,149292
38000183928,false,פרינגלס חרדל ודבש 15,,,פרינגלס חרדל ודבש 15,גרמים,158.00,100 גרם,false,,10.60,0.0671,true,1,153527
38000202278,false,פרינגלס wavy אורגינל,,,פרינגלס wavy אורגינל,גרמים,137.00,100 גרם,false,,10.60,0.0774,true,1,153529
38000232152,false,פרינגלס ברביקיו 158,,,פרינגלס ברביקיו 158,גרמים,149.00,100 גרם,false,,10.60,0.0711,true,1,147250
38000232176,false,פרינגלס שמנת בצל 161,,,פרינגלס שמנת בצל 161,גרמים,158.00,100 גרם,false,,10.60,0.0671,true,1,146066
38000232183,false,פרינגלס אורגינל 149,,,פרינגלס אורגינל 149,גרמים,149.00,100 גרם,false,,10.60,0.0711,true,1,146067
38527591060,false,קוואקר ריבועים סוכר,,,קוואקר ריבועים סוכר,גרמים,411.00,100 גרם,false,,20.90,0.0509,true,1,139773
40232885518,false,אוכמניות יחידה,,,אוכמניות יחידה,גרמים,125.00,100 גרם,false,,19.90,0.1592,true,1,157444
41390001079,false,רוטב סויה דל נתרן קי,,,רוטב סויה דל נתרן קי,מיליליטרים,444.00,"100 מ""ל",false,,21.90,0.0493,true,1,140860
50000015474,false,פריסקיז מעדני הים 1.,,,פריסקיז מעדני הים 1.,גרמים,1430.00,100 גרם,false,,36.90,0.0258,true,1,151369
50000429646,false,פנסי פיסט פטה דג אוק,,,פנסי פיסט פטה דג אוק,גרמים,85.00,100 גרם,false,,5.90,0.0694,true,1,143624
64144090051,false,פאם קנולה 148 מ'ל,,,פאם קנולה 148 מ'ל,גרמים,170.00,100 גרם,false,,19.90,0.1171,true,1,136605
70221011116,false,טובלרון 100 גרם,,,טובלרון 100 גרם,גרמים,100.00,100 גרם,false,,11.90,0.1190,true,1,154610
70970461805,true,מייק אנד אייק כחול5,,,מייק אנד אייק כחול5,,0.00,,false,,5.00,0.0000,true,1,135982
70970461828,true,מייק אנד אייק ורוד5,,,מייק אנד אייק ורוד5,,0.00,,false,,5.00,0.0000,true,1,135984
76840002351,false,פיינט ג'ימי סמור 500,,,פיינט ג'ימי סמור 500,מיליליטרים,500.00,"100 מ""ל",false,,24.90,0.0498,true,1,154765
76840100583,false,גלידת וניל עם בצק עו,,,גלידת וניל עם בצק עו,מיליליטרים,473.00,"100 מ""ל",false,,24.90,0.0526,true,1,139991
77245110610,false,"סוכריות לל""ס מאסט מנ",,,"סוכריות לל""ס מאסט מנ",גרמים,80.00,100 גרם,false,,8.90,0.1113,true,1,147748
77975094761,false,סניידרס בטעם צ'דר 34,,,סניידרס בטעם צ'דר 34,גרמים,340.00,100 גרם,false,,16.90,0.0497,true,1,151315
77975094778,false,סניידרס דבש וחרדל 34,,,סניידרס דבש וחרדל 34,גרמים,340.00,100 גרם,false,,17.90,0.0526,true,1,151966
82184090442,true,"ג""ק דניאלס 1 ליטר",,,"ג""ק דניאלס 1 ליטר",,0.00,,false,,0.00,0.0000,true,1,137806
401500011273,true,סומט נוזל לניקוי ומב,,,סומט נוזל לניקוי ומב,,0.00,,false,,5.00,0.0000,true,1,134850
608614310456,false,אוכמניות יחידה,,,אוכמניות יחידה,גרמים,125.00,100 גרם,false,,19.90,0.1592,true,1,152917
608614310463,false,אוכמניות יחידה,,,אוכמניות יחידה,גרמים,125.00,100 גרם,false,,19.90,0.1592,true,1,157623
608614331475,false,כרובית,,,כרובית,Unknown,1.00,יחידה,false,,9.90,9.9000,true,1,145437
633824703392,true,וודקה ואן גוך קלאסית,,,וודקה ואן גוך קלאסית,,0.00,,false,,0.00,0.0000,true,1,137778
729000254137,true,חלב סויה אלפרו,,,חלב סויה אלפרו,,0.00,,false,,0.00,0.0000,true,1,133535
729000487231,true,טילון  וניל,,,טילון  וניל,,0.00,,false,,5.00,0.0000,true,1,133112
729000494616,true,שוקו 250 גרם,,,שוקו 250 גרם,,0.00,,false,,0.00,0.0000,true,1,132544
729001364230,true,פסטרמה כפרית 100 גרם,,,פסטרמה כפרית 100 גרם,,0.00,,false,,5.00,0.0000,true,1,135239
729001364506,true,סלמי פריזר 100 גרם,,,סלמי פריזר 100 גרם,,0.00,,false,,5.00,0.0000,true,1,135240
729001505785,true,מיץ תפוזים עדה חרדית,,,מיץ תפוזים עדה חרדית,,0.00,,false,,0.00,0.0000,true,1,135903
729001587826,true,חרדל 370 גרם,,,חרדל 370 גרם,,0.00,,false,,5.00,0.0000,true,1,133080
729001759700,true,פמלה קלופה,,,פמלה קלופה,,0.00,,false,,12.00,0.0000,true,1,138308
729002007890,true,"כוסות ח""פ לשתייה קרה",,,"כוסות ח""פ לשתייה קרה",,0.00,,false,,5.00,0.0000,true,1,132703
729003411689,true,מארז צלוחיות לדים סא,,,מארז צלוחיות לדים סא,,0.00,,false,,0.00,0.0000,true,1,133415
729006664051,true,אקטימל 14 יחידות טבע,,,אקטימל 14 יחידות טבע,,0.00,,false,,5.00,0.0000,true,1,132815
800520048652,true,נסטי אפרסק בקבוק500,,,נסטי אפרסק בקבוק500,,0.00,,false,,5.00,0.0000,true,1,135450
807680208570,true,פסטה פנה ברילה50 73,,,פסטה פנה ברילה50 73,,0.00,,false,,5.00,0.0000,true,1,132773
835811007234,true,אפונה 500 גרם,,,אפונה 500 גרם,,0.00,,false,,5.00,0.0000,true,1,137932
853773004269,true,מפעל-אורז קלרוז22.7,,,מפעל-אורז קלרוז22.7,קילוגרמים,1.00,"ק""ג",true,,0.00,0.0000,true,1,133954
856591000949,false,מאפה חיטה מלוח 350 ג,,,מאפה חיטה מלוח 350 ג,גרמים,350.00,100 גרם,false,,20.90,0.0597,true,1,152566
884920630143,true,חמישיית בצק צבעוני ל,,,חמישיית בצק צבעוני ל,,0.00,,false,,19.90,0.0000,true,1,144988
893594002068,false,פופקורנס מלח ים 28 ג,,,פופקורנס מלח ים 28 ג,גרמים,28.00,100 גרם,false,,6.20,0.2214,true,1,133148
3228022910023,false,חמאה צרפתית פריזידאן,,,חמאה צרפתית פריזידאן,גרמים,200.00,100 גרם,false,,16.90,0.0845,true,1,150911
3574660415506,false,"ליסטרין 500 מ""ל טוטא",,,"ליסטרין 500 מ""ל טוטא",מיליליטרים,500.00,"100 מ""ל",false,,19.90,0.0398,true,1,147112
3574661487625,false,קרפרי מגן תחתון מקסי,,,קרפרי מגן תחתון מקסי,Unknown,48.00,יחידה,false,,15.90,0.3313,true,1,152615
4005563194018,true,"פידג 1 ""ליטר",,,"פידג 1 ""ליטר",,0.00,,false,,0.00,0.0000,true,1,134168
4005563194025,true,"פידג 700 ""מ""ל",,,"פידג 700 ""מ""ל",,0.00,,false,,0.00,0.0000,true,1,134169
4006387085407,false,שלישיית פילטר MAXTRA,,,שלישיית פילטר MAXTRA,Unknown,3.00,יחידה,false,,129.00,43.0000,true,1,147221
4009900420129,false,פרופשיונל בקבוקון פפ,,,פרופשיונל בקבוקון פפ,גרמים,64.00,100 גרם,false,,10.90,0.1703,true,1,141454
4009900426039,false,בקבוקון איירוויבז מנ,,,בקבוקון איירוויבז מנ,גרמים,64.00,100 גרם,false,,10.90,0.1703,true,1,145093
4011800290030,false,קורני חלבון שוקו 50,,,קורני חלבון שוקו 50,גרמים,50.00,100 גרם,false,,9.90,0.1980,true,1,155987
4011800290054,false,קורני חלבון קוקוס 50,,,קורני חלבון קוקוס 50,גרמים,50.00,100 גרם,false,,9.90,0.1980,true,1,155988
4011800617615,false,קורני ביג שוקולד 1/2,,,קורני ביג שוקולד 1/2,גרמים,50.00,100 גרם,false,,4.90,0.0980,true,1,156024
4011800617714,false,קורני ביג שוקו בננה,,,קורני ביג שוקו בננה,גרמים,50.00,100 גרם,false,,4.90,0.0980,true,1,156025
4011800628512,false,קורני בייס שוקו 150,,,קורני בייס שוקו 150,גרמים,150.00,100 גרם,false,,10.90,0.0727,true,1,140464
4014400904376,false,סוכריות שוקולדן 325,,,סוכריות שוקולדן 325,גרמים,325.00,100 גרם,false,,16.90,0.0520,true,1,153742
4014400923711,false,בונבוניירה טופיפי 12,,,בונבוניירה טופיפי 12,גרמים,125.00,100 גרם,false,,12.90,0.1032,true,1,136296
4015400990482,false,אבקת כביסה אריאל קול,,,אבקת כביסה אריאל קול,גרמים,3000.00,100 גרם,false,,35.90,0.0120,true,1,149797
4015600763022,false,שמפו לאישה למגע משי,,,שמפו לאישה למגע משי,מיליליטרים,500.00,"100 מ""ל",false,,19.90,0.0398,true,1,139006
4025700001962,false,שוקולד לבן מילקה 100,,,שוקולד לבן מילקה 100,גרמים,100.00,100 גרם,false,,7.90,0.0790,true,1,147394
4033100024153,true,פאקט-וינסטון קוד,,,פאקט-וינסטון קוד,,0.00,,false,,0.00,0.0000,true,1,137487
4046237003182,true,קופיקס-יעה עם מקל 1,,,קופיקס-יעה עם מקל 1,,0.00,,false,,0.00,0.0000,true,1,133559
4067700013002,true,יגרמייסטר בקבוק1 ליט,,,יגרמייסטר בקבוק1 ליט,,0.00,,false,,0.00,0.0000,true,1,134182
4084500085355,true,"פיירי 650 מ""ל אורגינ",,,"פיירי 650 מ""ל אורגינ",,0.00,,false,,0.00,0.0000,true,1,144496
4084500088917,false,"פיירי לימון 650 מ""ל",,,"פיירי לימון 650 מ""ל",מיליליטרים,650.00,"100 מ""ל",false,,11.90,0.0183,true,1,139013
4084500149526,false,נוזל כביסה לבנה טייד,,,נוזל כביסה לבנה טייד,מיליליטרים,2480.00,"100 מ""ל",false,,28.90,0.0117,true,1,150619
4600659011059,true,וודקה סטולי 1 ליטר,,,וודקה סטולי 1 ליטר,,0.00,,false,,0.00,0.0000,true,1,134189
4606203001279,true,פאקט-נקסט אורגינלFF,,,פאקט-נקסט אורגינלFF,,0.00,,false,,0.00,0.0000,true,1,137318
4710068001715,false,קפה בטעם טירמיסו מאס,,,קפה בטעם טירמיסו מאס,מיליליטרים,240.00,"100 מ""ל",false,,6.90,0.0288,true,1,137661
4770577201204,false,סלק אדום מקולף 1 קיל,,,סלק אדום מקולף 1 קיל,Unknown,1.00,יחידה,false,,9.90,9.9000,true,1,145439
4823077613630,false,חטיף שוקולד רושן ממו,,,חטיף שוקולד רושן ממו,גרמים,43.00,100 גרם,false,,3.50,0.0814,true,1,153976
4823077614675,false,ביסקוויט לקפה רושן ב,,,ביסקוויט לקפה רושן ב,גרמים,185.00,100 גרם,false,,3.90,0.0211,true,1,155663
4823077614699,false,ביסקוויט לקפה רושן ב,,,ביסקוויט לקפה רושן ב,גרמים,185.00,100 גרם,false,,3.90,0.0211,true,1,155664
4823077617041,false,חטיף שוקולד רושן ממו,,,חטיף שוקולד רושן ממו,גרמים,43.00,100 גרם,false,,3.50,0.0814,true,1,153980
4823077626227,false,שוקולד רושן אורירי ח,,,שוקולד רושן אורירי ח,גרמים,80.00,100 גרם,false,,6.90,0.0863,true,1,154001
4823077626364,false,שוקולד אורירי לבן רו,,,שוקולד אורירי לבן רו,גרמים,80.00,100 גרם,false,,6.90,0.0863,true,1,154069
4823077629136,false,שוקולדרושן חלב 90 גר,,,שוקולדרושן חלב 90 גר,גרמים,90.00,100 גרם,false,,6.90,0.0767,true,1,156399
4823077630439,false,סנדוויץ' קרקר שוקולד,,,סנדוויץ' קרקר שוקולד,גרמים,235.00,100 גרם,false,,9.90,0.0421,true,1,154007
4823077630996,false,סנדוויץ' קרקר קקאו-א,,,סנדוויץ' קרקר קקאו-א,גרמים,235.00,100 גרם,false,,9.90,0.0421,true,1,154013
4823077631856,false,גליליות רושן קונאפטו,,,גליליות רושן קונאפטו,גרמים,140.00,100 גרם,false,,6.90,0.0493,true,1,154016
4823077632112,false,וופל רושן בטעם קקאו,,,וופל רושן בטעם קקאו,גרמים,216.00,100 גרם,false,,6.90,0.0319,true,1,154019
4823077632259,false,חטיף שוקולד רושן עם,,,חטיף שוקולד רושן עם,גרמים,38.00,100 גרם,false,,3.50,0.0921,true,1,154020
4823077633034,false,גליליות רושן קונאפטו,,,גליליות רושן קונאפטו,גרמים,140.00,100 גרם,false,,6.90,0.0493,true,1,154030
4823077633508,false,חטיף וופל במילוי קרם,,,חטיף וופל במילוי קרם,גרמים,34.00,100 גרם,false,,3.50,0.1029,true,1,156401
4823077633515,false,חטיף וופל במילוי קרם,,,חטיף וופל במילוי קרם,גרמים,34.00,100 גרם,false,,3.50,0.1029,true,1,156402
4823077634246,false,עוגיות לביטה פטל 135,,,עוגיות לביטה פטל 135,גרמים,135.00,100 גרם,false,,6.90,0.0511,true,1,154043
4823077634277,false,עוגיות תות שדה לוביט,,,עוגיות תות שדה לוביט,גרמים,135.00,100 גרם,false,,6.90,0.0511,true,1,155667
4823077634741,false,עוגיות עם מילוי תות,,,עוגיות עם מילוי תות,גרמים,168.00,100 גרם,false,,6.90,0.0411,true,1,155668
4823077636578,false,סוכריות טופי כוס חלב,,,סוכריות טופי כוס חלב,גרמים,325.00,100 גרם,false,,12.90,0.0397,true,1,155832
4976879102489,true,מפעל-סאקה יפני -הוקא,,,מפעל-סאקה יפני -הוקא,,0.00,,false,,0.00,0.0000,true,1,134015
5000157143365,false,רוטב טעם מיונז וקטשו,,,רוטב טעם מיונז וקטשו,מיליליטרים,425.00,"100 מ""ל",false,,15.90,0.0374,true,1,147806
5000159459266,true,טוויקס 50 גרם,,,טוויקס 50 גרם,,0.00,,false,,5.00,0.0000,true,1,134196
5000159461139,true,סניקרס 50 גרם,,,סניקרס 50 גרם,,0.00,,false,,5.00,0.0000,true,1,134198
5000159461580,true,סניקרס 50 גרם,,,סניקרס 50 גרם,,0.00,,false,,5.00,0.0000,true,1,139182
5010182997253,false,ספריי קוטל חרקים ריי,,,ספריי קוטל חרקים ריי,מיליליטרים,300.00,"100 מ""ל",false,,15.90,0.0530,true,1,151184
5010327000039,true,"ווסקי גראנט""ס 1 ליטר",,,"ווסקי גראנט""ס 1 ליטר",,0.00,,false,,0.00,0.0000,true,1,134199
5010677552387,false,משקה אלכוהולי 4% אננ,,,משקה אלכוהולי 4% אננ,מיליליטרים,275.00,"100 מ""ל",false,,14.70,0.0535,true,1,139972
5010677554398,false,משקה אלכוהולי 4% אבט,,,משקה אלכוהולי 4% אבט,מיליליטרים,275.00,"100 מ""ל",false,,14.70,0.0535,true,1,139973
5011157730271,false,אורז יסמין טילדה 1 ק,,,אורז יסמין טילדה 1 ק,גרמים,1000.00,100 גרם,false,,23.90,0.0239,true,1,154290
5012251012645,false,מדבקות להוצאת שחורים,,,מדבקות להוצאת שחורים,Unknown,6.00,יחידה,false,,12.90,2.1500,true,1,142244
5014271350424,false,מעדן 4 פירות 284 גרם,,,מעדן 4 פירות 284 גרם,גרמים,284.00,100 גרם,false,,20.90,0.0736,true,1,140691
5026489483993,false,חטיף עדשים סיסולט 40,,,חטיף עדשים סיסולט 40,גרמים,40.00,100 גרם,false,,7.90,0.1975,true,1,153601
5029053510811,false,תחבושות קוטקס נורמל+,,,תחבושות קוטקס נורמל+,Unknown,28.00,יחידה,false,,18.90,0.6750,true,1,140938
5060517886486,false,משקה אנרגיה מונסטר א,,,משקה אנרגיה מונסטר א,מיליליטרים,500.00,"100 מ""ל",false,,7.50,0.0150,true,1,145607
5060517886516,false,משקה אנרגיה זירו מונ,,,משקה אנרגיה זירו מונ,מיליליטרים,500.00,"100 מ""ל",false,,8.80,0.0176,true,1,145608
5060751218173,false,משקה אנרגיה מונסטר 5,,,משקה אנרגיה מונסטר 5,מיליליטרים,500.00,"100 מ""ל",false,,7.50,0.0150,true,1,155750
5060751219033,false,משקה אנרגיה מונסטר 5,,,משקה אנרגיה מונסטר 5,מיליליטרים,500.00,"100 מ""ל",false,,7.50,0.0150,true,1,155751
5410126006087,false,עוגיות לוטוס 700 גרם,,,עוגיות לוטוס 700 גרם,גרמים,700.00,100 גרם,false,,29.90,0.0427,true,1,147105
5410126106183,false,ביסקויט ביסקפה לוטוס,,,ביסקויט ביסקפה לוטוס,גרמים,312.00,100 גרם,false,,19.90,0.0638,true,1,142894
5410126116953,false,לוטוס ממרח ביסקוויט,,,לוטוס ממרח ביסקוויט,גרמים,400.00,100 גרם,false,,23.90,0.0597,true,1,139016
5411188121671,true,אלפרו 1 ליטר,,,אלפרו 1 ליטר,,0.00,,false,,14.00,0.0000,true,1,139148
5411188134985,false,אלפרו שיבולת שועל 3.,,,אלפרו שיבולת שועל 3.,מיליליטרים,1000.00,"100 מ""ל",false,,14.90,0.0149,true,1,152701
5601008200468,false,עוגיות גודיס טבעות מ,,,עוגיות גודיס טבעות מ,גרמים,150.00,100 גרם,false,,7.50,0.0500,true,1,144089
5701932026964,false,פופקורן למיקרוגל בתו,,,פופקורן למיקרוגל בתו,גרמים,600.00,100 גרם,false,,16.90,0.0282,true,1,143877
5701932026971,false,פופקורן למיקרוגל בטע,,,פופקורן למיקרוגל בטע,גרמים,600.00,100 גרם,false,,16.90,0.0282,true,1,143878
5701932026995,false,פופקורן בטעם טבעי הו,,,פופקורן בטעם טבעי הו,גרמים,510.00,100 גרם,false,,16.90,0.0331,true,1,147532
5711953106583,false,גבינת שמנת 24.5% בטע,,,גבינת שמנת 24.5% בטע,גרמים,200.00,100 גרם,false,,16.90,0.0845,true,1,145540
5740900403215,false,ממרח לורפק עם מלח 25,,,ממרח לורפק עם מלח 25,גרמים,250.00,100 גרם,false,,17.90,0.0716,true,1,141178
5740900403239,false,ממרח לורפק בלי מלח 2,,,ממרח לורפק בלי מלח 2,גרמים,250.00,100 גרם,false,,17.90,0.0716,true,1,141180
5740900403284,false,חמאה ללא מלח לורפק 2,,,חמאה ללא מלח לורפק 2,גרמים,200.00,100 גרם,false,,11.90,0.0595,true,1,149837
5740900403864,false,חמאה עם מלח לורפק 20,,,חמאה עם מלח לורפק 20,גרמים,200.00,100 גרם,false,,11.90,0.0595,true,1,152706
5900020018212,true,שישית פיטנס חטיף דגנ,,,שישית פיטנס חטיף דגנ,,0.00,,false,,0.00,0.0000,true,1,136961
5900020026552,false,צ'ריוס האני נאט פרוו,,,צ'ריוס האני נאט פרוו,גרמים,625.00,100 גרם,false,,23.90,0.0382,true,1,138876
5900951243530,true,סניקרס 50 גרם,,,סניקרס 50 גרם,,0.00,,false,,5.00,0.0000,true,1,136676
5902198160403,false,"אקסל 250 TEN מ""ל",,,"אקסל 250 TEN מ""ל",מיליליטרים,250.00,"100 מ""ל",false,,4.80,0.0192,true,1,135981
5904941751302,false,משקה אנרגיה בלו 250,,,משקה אנרגיה בלו 250,מיליליטרים,250.00,"100 מ""ל",false,,4.20,0.0168,true,1,132684
5906485301012,false,משקה אנרגיה אקסל 250,,,משקה אנרגיה אקסל 250,מיליליטרים,250.00,"100 מ""ל",false,,4.80,0.0192,true,1,132969
5998710131877,false,ממתק שוקולד 36 גרם C,,,ממתק שוקולד 36 גרם C,גרמים,36.00,100 גרם,false,,4.50,0.1250,true,1,154048
6001067003427,true,מארז קולגייט 12 מברש,,,מארז קולגייט 12 מברש,,0.00,,false,,0.00,0.0000,true,1,136272
6582048300846,true,מרשמלו 500 גרם,,,מרשמלו 500 גרם,,0.00,,false,,0.00,0.0000,true,1,136436
6902176502491,false,סלק מבושל בוואקום,,,סלק מבושל בוואקום,גרמים,500.00,100 גרם,false,,5.90,0.0118,true,1,157618
6902176502507,false,סלק מבושל בוואקום,,,סלק מבושל בוואקום,גרמים,500.00,100 גרם,false,,5.90,0.0118,true,1,157619
6910191800041,true,מפעל-אצות נורי גולד,,,מפעל-אצות נורי גולד,,0.00,,false,,0.00,0.0000,true,1,135581
6926832407074,false,חטיף אורז יפני 100 ג,,,חטיף אורז יפני 100 ג,גרמים,100.00,100 גרם,false,,7.90,0.0790,true,1,132771
6930548976243,false,שום ארוז יבוא,,,שום ארוז יבוא,Unknown,1.00,יחידה,false,,7.90,7.9000,true,1,147253
6934932049728,false,אוכמניות יחידה,,,אוכמניות יחידה,גרמים,125.00,100 גרם,false,,19.90,0.1592,true,1,157443
6936613888667,false,שום ארוז יבוא,,,שום ארוז יבוא,Unknown,1.00,יחידה,false,,7.90,7.9000,true,1,155726
6936745600455,true,מפעל-מירין 18 ליטר),,,מפעל-מירין 18 ליטר),,0.00,,false,,0.00,0.0000,true,1,134023
6937457900314,true,שמרים 100 גרם,,,שמרים 100 גרם,,0.00,,false,,0.00,0.0000,true,1,132447
6941168412417,false,אטבי פסטל 50 יחידות,,,אטבי פסטל 50 יחידות,Unknown,50.00,יחידה,false,,14.90,0.2980,true,1,144950
7260000572116,true,מפעל-טחינה בדלי פלסט,,,מפעל-טחינה בדלי פלסט,,0.00,,false,,2999.90,0.0000,true,1,134939
7290000000035,false,תוספת שתיה בקירור,,,תוספת שתיה בקירור,Unknown,0.00,יחידה,false,,1.00,0.0000,true,1,152817
7290000000300,false,קפוצ'ינו הפוך,,,קפוצ'ינו הפוך,Unknown,0.00,יחידה,false,,6.00,0.0000,true,1,131940
7290000000301,false,אספרסו קצר,,,אספרסו קצר,Unknown,0.00,יחידה,false,,6.00,0.0000,true,1,131941
7290000000302,false,אספרסו ארוך,,,אספרסו ארוך,Unknown,0.00,יחידה,false,,6.00,0.0000,true,1,131942
7290000000309,false,קפה קר,,,קפה קר,Unknown,0.00,יחידה,false,,6.00,0.0000,true,1,131949
7290000000315,false,נס קפה קטן,,,נס קפה קטן,Unknown,0.00,יחידה,false,,6.00,0.0000,true,1,131954
7290000000317,false,קפה שחור,,,קפה שחור,Unknown,0.00,יחידה,false,,5.00,0.0000,true,1,131956
7290000000319,false,קפוצינו נטול,,,קפוצינו נטול,Unknown,0.00,יחידה,false,,6.00,0.0000,true,1,131958
7290000000351,false,אייס קפה קטן,,,אייס קפה קטן,Unknown,1.00,יחידה,false,,10.00,10.0000,true,1,131972
7290000000411,false,שום ארוז יבוא,,,שום ארוז יבוא,Unknown,1.00,יחידה,false,,7.90,7.9000,true,1,133179
7290000000566,false,נס קפה גדול,,,נס קפה גדול,Unknown,0.00,יחידה,false,,9.00,0.0000,true,1,137616
7290000000585,false,אייס קפה גדול,,,אייס קפה גדול,Unknown,0.00,יחידה,false,,12.00,0.0000,true,1,137635
7290000000634,false,שקית גופיה סופרקופיק,,,שקית גופיה סופרקופיק,Unknown,1.00,יחידה,false,,0.10,0.1000,true,1,135201
7290000000960,false,"פקדון רביעיה 1.2 ש""ח",,,"פקדון רביעיה 1.2 ש""ח",Unknown,0.00,יחידה,false,,1.20,0.0000,true,1,149922
7290000000961,false,"פקדון שישיה 1.8 ש""ח",,,"פקדון שישיה 1.8 ש""ח",Unknown,0.00,יחידה,false,,1.80,0.0000,true,1,149923
7290000000998,false,פקדון,,,פקדון,Unknown,0.00,יחידה,false,,0.30,0.0000,true,1,133048
7290000001104,false,פטריות פורטבלה ארוז,,,פטריות פורטבלה ארוז,Unknown,1.00,יחידה,false,,10.90,10.9000,true,1,145808
7290000005001,false,החזר פקדון 30 אגורות,,,החזר פקדון 30 אגורות,Unknown,0.00,יחידה,false,,0.30,0.0000,true,1,133032
7290000007206,false,טונה סטארקיסט בשמן ב,,,טונה סטארקיסט בשמן ב,גרמים,160.00,100 גרם,false,,7.20,0.0450,true,1,139345
7290000007251,false,טונה סטארקיסט במים ב,,,טונה סטארקיסט במים ב,גרמים,160.00,100 גרם,false,,7.20,0.0450,true,1,139346
7290000009001,false,בננה,5 יחידות,,בננה,קילוגרמים,1.00,"ק""ג",true,,10.90,10.9000,true,1,145362
7290000009002,false,עגבניה,5 יחידות,,עגבניה,קילוגרמים,1.00,"ק""ג",true,,7.90,7.9000,true,1,145363
7290000009003,false,מלפפון ירוק,6 יחידות,,מלפפון ירוק,קילוגרמים,1.00,"ק""ג",true,,7.90,7.9000,true,1,145364
7290000009004,false,לימון,5 יחידות,,לימון,קילוגרמים,1.00,"ק""ג",true,,8.90,8.9000,true,1,145365
7290000009005,false,אבוקדו,,,אבוקדו,קילוגרמים,1.00,"ק""ג",true,,10.70,10.7000,true,1,145366
7290000009007,false,תפוח עץ ירוק סמיט,,,תפוח עץ ירוק סמיט,קילוגרמים,1.00,"ק""ג",true,,10.90,10.9000,true,1,145368
7290000009008,false,תפוח עץ אדום חרמון,,,תפוח עץ אדום חרמון,קילוגרמים,1.00,"ק""ג",true,,10.90,10.9000,true,1,145369
7290000009010,false,פלפל אדום,5 יחידות,,פלפל אדום,קילוגרמים,1.00,"ק""ג",true,,10.90,10.9000,true,1,145370
7290000009011,false,קלמנטינה,,,קלמנטינה,קילוגרמים,1.00,"ק""ג",true,,6.90,6.9000,true,1,145371
7290000009012,false,אפרסמון,,,אפרסמון,קילוגרמים,1.00,"ק""ג",true,,12.90,12.9000,true,1,145372
7290000009013,false,תפוזים,,,תפוזים,קילוגרמים,1.00,"ק""ג",true,,5.90,5.9000,true,1,145373
7290000009014,false,תפוח פינק ליידי,,,תפוח פינק ליידי,קילוגרמים,1.00,"ק""ג",true,,15.90,15.9000,true,1,145374
7290000009015,false,בצל יבש לבן,4 יחידות,,בצל יבש לבן,קילוגרמים,1.00,"ק""ג",true,,5.90,5.9000,true,1,145375
7290000009016,false,בטטה,,,בטטה,קילוגרמים,1.00,"ק""ג",true,,7.70,7.7000,true,1,145376
7290000009017,false,אגס ירוק,5 יחידות,,אגס ירוק,קילוגרמים,1.00,"ק""ג",true,,12.90,12.9000,true,1,145377
7290000009018,false,תפוח עץ מוזהב,,,תפוח עץ מוזהב,קילוגרמים,1.00,"ק""ג",true,,9.90,9.9000,true,1,145378
7290000009019,false,פלפל צהוב,5 יחידות,,פלפל צהוב,קילוגרמים,1.00,"ק""ג",true,,10.90,10.9000,true,1,145379
7290000009021,false,בצל אדום,4 יחידות,,בצל אדום,קילוגרמים,1.00,"ק""ג",true,,6.90,6.9000,true,1,145381
7290000009022,false,רימון,,,רימון,קילוגרמים,1.00,"ק""ג",true,,9.90,9.9000,true,1,145382
7290000009023,false,אננס,,,אננס,Unknown,1.00,יחידה,false,,29.90,29.9000,true,1,145383
7290000009024,false,חציל,,,חציל,קילוגרמים,1.00,"ק""ג",true,,7.90,7.9000,true,1,145384
7290000009025,false,כרוב לבן שלם,1 יחידה,,כרוב לבן שלם,קילוגרמים,1.00,"ק""ג",true,,5.90,5.9000,true,1,145385
7290000009027,false,קיווי,,,קיווי,קילוגרמים,1.00,"ק""ג",true,,16.90,16.9000,true,1,145387
7290000009034,false,קולורבי,,,קולורבי,קילוגרמים,1.00,"ק""ג",true,,8.90,8.9000,true,1,145394
7290000009036,false,דלורית,,,דלורית,קילוגרמים,1.00,"ק""ג",true,,6.90,6.9000,true,1,145396
7290000009037,false,זוקיני ירוק,,,זוקיני ירוק,קילוגרמים,1.00,"ק""ג",true,,8.90,8.9000,true,1,145397
7290000009046,false,קישוא,5 יחידות,,קישוא,קילוגרמים,1.00,"ק""ג",true,,8.90,8.9000,true,1,145405
7290000009051,false,"תפו""א לבן תפזורת",,,"תפו""א לבן תפזורת",קילוגרמים,1.00,"ק""ג",true,,4.90,4.9000,true,1,145408
7290000009052,false,"תפו""א אדום תפזורת",,,"תפו""א אדום תפזורת",קילוגרמים,1.00,"ק""ג",true,,5.90,5.9000,true,1,145409
7290000009053,false,"תפו""ע לוליפופ",,,"תפו""ע לוליפופ",קילוגרמים,1.00,"ק""ג",true,,15.90,15.9000,true,1,145410
7290000009056,false,סלק אדום תפזורת,5 יחידות,,סלק אדום תפזורת,קילוגרמים,1.00,"ק""ג",true,,4.90,4.9000,true,1,145413
7290000009061,false,גזר ארוז,,,גזר ארוז,קילוגרמים,1.00,"ק""ג",true,,4.90,4.9000,true,1,145417
7290000009063,false,כרובית,,,כרובית,Unknown,1.00,יחידה,false,,9.90,9.9000,true,1,145418
7290000009068,false,שום בתפזורת,,,שום בתפזורת,קילוגרמים,1.00,"ק""ג",true,,22.90,22.9000,true,1,145423
7290000009074,false,ענב אדום,,,ענב אדום,קילוגרמים,1.00,"ק""ג",true,,29.90,29.9000,true,1,146029
7290000009075,false,תירס מתוק,,,תירס מתוק,קילוגרמים,1.00,"ק""ג",true,,9.90,9.9000,true,1,145429
7290000009079,false,פלפל בהיר,,,פלפל בהיר,קילוגרמים,1.00,"ק""ג",true,,10.90,10.9000,true,1,145432
7290000009080,false,ענב ירוק שקיל,,,ענב ירוק שקיל,קילוגרמים,1.00,"ק""ג",true,,24.90,24.9000,true,1,145433
7290000009086,false,מנגו,,,מנגו,קילוגרמים,1.00,"ק""ג",true,,10.70,10.7000,true,1,145435
7290000009096,false,ענבים שחורים,,,ענבים שחורים,קילוגרמים,1.00,"ק""ג",true,,19.90,19.9000,true,1,145470
7290000009102,false,קישוא כרעא,,,קישוא כרעא,קילוגרמים,1.00,"ק""ג",true,,12.90,12.9000,true,1,145476
7290000009112,false,תפוז ברשת,,,תפוז ברשת,קילוגרמים,1.00,"ק""ג",true,,4.90,4.9000,true,1,145486
7290000009115,false,"תפו""א לבן ארוז",,,"תפו""א לבן ארוז",קילוגרמים,1.00,"ק""ג",true,,5.90,5.9000,true,1,145489
7290000009116,false,פלפל כתום,5 יחידות,,פלפל כתום,קילוגרמים,1.00,"ק""ג",true,,10.90,10.9000,true,1,145490
7290000009124,false,שום ארוז יבוא,,,שום ארוז יבוא,Unknown,1.00,יחידה,false,,7.90,7.9000,true,1,146030
7290000009143,false,אפרסמון קרמבו,,,אפרסמון קרמבו,קילוגרמים,1.00,"ק""ג",true,,12.90,12.9000,true,1,150036
7290000009163,false,אוכמניות יחידה,,,אוכמניות יחידה,גרמים,125.00,100 גרם,false,,19.90,0.1592,true,1,157278
7290000009164,false,גזר תפזורת,,,גזר תפזורת,קילוגרמים,1.00,"ק""ג",true,,6.90,6.9000,true,1,158462
7290000009706,false,תוספת חלב סויה,,,תוספת חלב סויה,Unknown,1.00,יחידה,false,,2.00,2.0000,true,1,147862
7290000024523,false,מיץ ענבים טבעי תירוש,,,מיץ ענבים טבעי תירוש,מיליליטרים,1000.00,"100 מ""ל",false,,15.90,0.0159,true,1,135474
7290000024530,false,יין גליה מתוק ברקן 7,,,יין גליה מתוק ברקן 7,מיליליטרים,750.00,"100 מ""ל",false,,15.20,0.0203,true,1,135582
7290000040042,false,יופלה יוגורט תות %3,,,יופלה יוגורט תות %3,גרמים,150.00,100 גרם,false,,5.20,0.0347,true,1,140032
7290000040080,false,יופלה יוגורט אפרסק %,,,יופלה יוגורט אפרסק %,מיליליטרים,150.00,"100 מ""ל",false,,5.20,0.0347,true,1,145021
7290000040462,false,טוסטי טעם אדם 22% 20,,,טוסטי טעם אדם 22% 20,גרמים,200.00,100 גרם,false,,17.90,0.0895,true,1,153944
7290000040974,false,חלב בקרטון דל לקטוז,,,חלב בקרטון דל לקטוז,מיליליטרים,1000.00,"100 מ""ל",false,,7.20,0.0072,true,1,143408
7290000040974,false,חלב בקרטון דל לקטוז,,,חלב בקרטון דל לקטוז,מיליליטרים,1000.00,"100 מ""ל",false,,7.20,0.0072,true,1,145040
7290000041858,false,שמנת חמוצה מועשרת 15,,,שמנת חמוצה מועשרת 15,מיליליטרים,200.00,"100 מ""ל",false,,2.40,0.0120,true,1,133789
7290000041865,false,"לבן 4.5% 200 מ""ל",,,"לבן 4.5% 200 מ""ל",מיליליטרים,200.00,"100 מ""ל",false,,2.00,0.0100,true,1,141184
7290000042435,false,חלב בקרטון תנובה 1%,,,חלב בקרטון תנובה 1%,מיליליטרים,1000.00,"100 מ""ל",false,,5.86,0.0059,true,1,136005
7290000043111,false,חמאה תנובה 200 גרם,,,חמאה תנובה 200 גרם,גרמים,200.00,100 גרם,false,,7.80,0.0390,true,1,136047
7290000043814,false,השף הלבן שמנת עמידה,,,השף הלבן שמנת עמידה,מיליליטרים,250.00,"100 מ""ל",false,,6.47,0.0259,true,1,138966
7290000043890,false,רויון 1.5% תנובה 1 ל,,,רויון 1.5% תנובה 1 ל,מיליליטרים,1000.00,"100 מ""ל",false,,11.30,0.0113,true,1,140035
7290000047942,false,גבינה לבנה 9% 250 גר,,,גבינה לבנה 9% 250 גר,גרמים,250.00,100 גרם,false,,4.98,0.0199,true,1,143529
7290000048185,false,גבינה לבנה 5% תנובה,,,גבינה לבנה 5% תנובה,גרמים,250.00,100 גרם,false,,4.98,0.0199,true,1,139448
7290000048192,false,גבינה לבנה 9% תנובה,,,גבינה לבנה 9% תנובה,גרמים,250.00,100 גרם,false,,4.98,0.0199,true,1,139443
7290000048437,false,גבינה צפתית 5% פיראו,,,גבינה צפתית 5% פיראו,גרמים,200.00,100 גרם,false,,15.90,0.0795,true,1,139372
7290000051376,false,יופלה דיאט אננס גביע,,,יופלה דיאט אננס גביע,מיליליטרים,150.00,"100 מ""ל",false,,5.20,0.0347,true,1,145027
7290000052311,false,גבינה צהובה פרוסה 15,,,גבינה צהובה פרוסה 15,גרמים,200.00,100 גרם,false,,16.40,0.0820,true,1,140042
7290000052311,false,גבינה צהובה פרוסה 15,,,גבינה צהובה פרוסה 15,גרמים,200.00,100 גרם,false,,16.40,0.0820,true,1,140094
7290000055329,false,יופלה משקה יוגורט תו,,,יופלה משקה יוגורט תו,גרמים,250.00,100 גרם,false,,6.00,0.0240,true,1,132725
7290000055336,false,יופלה משקה יוגורט בנ,,,יופלה משקה יוגורט בנ,גרמים,250.00,100 גרם,false,,6.00,0.0240,true,1,132726
7290000055893,false,חמאה מהדרין תנובה 20,,,חמאה מהדרין תנובה 20,גרמים,200.00,100 גרם,false,,7.80,0.0390,true,1,136815
7290000056272,false,גבינה לבנה עם זיתים,,,גבינה לבנה עם זיתים,גרמים,250.00,100 גרם,false,,5.00,0.0200,true,1,134215
7290000056845,false,חלב טרי 3% בקרטון תנ,,,חלב טרי 3% בקרטון תנ,מיליליטרים,1500.00,"100 מ""ל",false,,9.34,0.0062,true,1,143537
7290000057088,false,עמק פרוס דק דק 28% 2,,,עמק פרוס דק דק 28% 2,גרמים,200.00,100 גרם,false,,16.40,0.0820,true,1,135365
7290000057118,false,גבינת עמק קלאסית פרו,,,גבינת עמק קלאסית פרו,גרמים,400.00,100 גרם,false,,22.90,0.0572,true,1,139369
7290000057132,false,יוגורט ביו תנובה טבע,,,יוגורט ביו תנובה טבע,גרמים,200.00,100 גרם,false,,3.20,0.0160,true,1,140044
7290000057149,false,יוגורט טבעי ביו 3% ת,,,יוגורט טבעי ביו 3% ת,גרמים,200.00,100 גרם,false,,3.20,0.0160,true,1,140045
7290000060200,false,פתיתים אפויים קוסקוס,,,פתיתים אפויים קוסקוס,גרמים,500.00,100 גרם,false,,7.50,0.0150,true,1,142818
7290000060408,false,פתיתים אפויים טבעות,,,פתיתים אפויים טבעות,גרמים,500.00,100 גרם,false,,7.50,0.0150,true,1,143630
7290000060781,false,פסטה פוסילי אסם 500,,,פסטה פוסילי אסם 500,גרמים,500.00,100 גרם,false,,6.50,0.0130,true,1,143632
7290000060958,false,אטריות בינוניות אסם,,,אטריות בינוניות אסם,גרמים,402.00,100 גרם,false,,7.50,0.0187,true,1,143636
7290000060965,false,אטריות רחבות אסם 400,,,אטריות רחבות אסם 400,גרמים,403.00,100 גרם,false,,7.50,0.0186,true,1,143637
7290000063133,false,אסם שקדי מרק רכיבים,,,אסם שקדי מרק רכיבים,גרמים,100.00,100 גרם,false,,6.70,0.0670,true,1,140201
7290000063140,false,אסם שקדי מרק רכיבים,,,אסם שקדי מרק רכיבים,גרמים,400.00,100 גרם,false,,12.90,0.0323,true,1,137852
7290000063157,false,קמח תופח מאליו אסם 1,,,קמח תופח מאליו אסם 1,גרמים,1000.00,100 גרם,false,,9.90,0.0099,true,1,143396
7290000063904,true,מפעל-קוסקוס בינוני ב,,,מפעל-קוסקוס בינוני ב,,0.00,,false,,2999.90,0.0000,true,1,136641
7290000064758,false,אסם קוסקוס אמיתי 350,,,אסם קוסקוס אמיתי 350,גרמים,350.00,100 גרם,false,,8.50,0.0243,true,1,142825
7290000064871,false,"מנה חמה פירה תפו""א ו",,,"מנה חמה פירה תפו""א ו",גרמים,56.00,100 גרם,false,,6.90,0.1232,true,1,132405
7290000065557,false,מנה חמה קוסקוס וירקו,,,מנה חמה קוסקוס וירקו,גרמים,84.00,100 גרם,false,,6.90,0.0821,true,1,136193
7290000066264,false,דובונים 40 גרם,,,דובונים 40 גרם,גרמים,40.00,100 גרם,false,,4.90,0.1225,true,1,134250
7290000066332,false,אפרופו 50 גרם,,,אפרופו 50 גרם,גרמים,50.00,100 גרם,false,,5.80,0.1160,true,1,134251
7290000068138,false,פודינג אינסטנט בטעם,,,פודינג אינסטנט בטעם,גרמים,80.00,100 גרם,false,,5.70,0.0713,true,1,132408
7290000068190,false,ג'לי בטעם תות פרווה,,,ג'לי בטעם תות פרווה,גרמים,90.00,100 גרם,false,,6.90,0.0767,true,1,138883
7290000068343,false,אסם פריכונים מאורז מ,,,אסם פריכונים מאורז מ,גרמים,140.00,100 גרם,false,,8.90,0.0636,true,1,138884
7290000070308,false,אסם מרק עוף אמיתי 40,,,אסם מרק עוף אמיתי 40,גרמים,400.00,100 גרם,false,,19.90,0.0497,true,1,135506
7290000072241,false,רוטב לפיצה 320 גרם,,,רוטב לפיצה 320 גרם,מיליליטרים,290.00,"100 מ""ל",false,,12.50,0.0431,true,1,140361
7290000072623,false,קטשופ אסם בקבוק לחיץ,,,קטשופ אסם בקבוק לחיץ,גרמים,750.00,100 גרם,false,,10.90,0.0145,true,1,135629
7290000072753,false,קפה נמס מיובש בהקפאה,,,קפה נמס מיובש בהקפאה,גרמים,200.00,100 גרם,false,,31.90,0.1595,true,1,138885
7290000072968,false,סיני מיניס 500 גרם,,,סיני מיניס 500 גרם,גרמים,500.00,100 גרם,false,,23.90,0.0478,true,1,138886
7290000073125,false,מנה חמה פסטה עם עגב.,,,מנה חמה פסטה עם עגב.,גרמים,62.00,100 גרם,false,,6.90,0.1113,true,1,140229
7290000073415,false,מנה חמה פסטה ברוטב פ,,,מנה חמה פסטה ברוטב פ,גרמים,61.00,100 גרם,false,,6.90,0.1131,true,1,132409
7290000074153,false,פתי בר שוקו אסם 500,,,פתי בר שוקו אסם 500,גרמים,500.00,100 גרם,false,,12.90,0.0258,true,1,142826
7290000074184,false,פתי בר קלאסי אסם 500,,,פתי בר קלאסי אסם 500,גרמים,500.00,100 גרם,false,,11.90,0.0238,true,1,142827
7290000074245,false,אסם קרם קרקר 250 גרם,,,אסם קרם קרקר 250 גרם,גרמים,250.00,100 גרם,false,,10.90,0.0436,true,1,142828
7290000077253,false,לחמית כפרית 190 גרם,,,לחמית כפרית 190 גרם,גרמים,190.00,100 גרם,false,,10.90,0.0574,true,1,142835
7290000090016,false,בננה,5 יחידות,,בננה,קילוגרמים,1.00,"ק""ג",true,,10.90,10.9000,true,1,152069
7290000090023,false,עגבניה,5 יחידות,,עגבניה,קילוגרמים,1.00,"ק""ג",true,,7.90,7.9000,true,1,152064
7290000090030,false,מלפפון ירוק,6 יחידות,,מלפפון ירוק,קילוגרמים,1.00,"ק""ג",true,,7.90,7.9000,true,1,152081
7290000090047,false,לימון,5 יחידות,,לימון,קילוגרמים,1.00,"ק""ג",true,,8.90,8.9000,true,1,152070
7290000090054,false,אבוקדו,,,אבוקדו,קילוגרמים,1.00,"ק""ג",true,,10.70,10.7000,true,1,152082
7290000090078,false,תפוח עץ ירוק סמיט,,,תפוח עץ ירוק סמיט,קילוגרמים,1.00,"ק""ג",true,,10.90,10.9000,true,1,152083
7290000090085,false,תפוח עץ אדום חרמון,,,תפוח עץ אדום חרמון,קילוגרמים,1.00,"ק""ג",true,,10.90,10.9000,true,1,152084
7290000090108,false,פלפל אדום,5 יחידות,,פלפל אדום,קילוגרמים,1.00,"ק""ג",true,,10.90,10.9000,true,1,152071
7290000090115,false,קלמנטינה,,,קלמנטינה,קילוגרמים,1.00,"ק""ג",true,,6.90,6.9000,true,1,152085
7290000090122,false,אפרסמון,,,אפרסמון,קילוגרמים,1.00,"ק""ג",true,,12.90,12.9000,true,1,153202
7290000090139,false,תפוזים,,,תפוזים,קילוגרמים,1.00,"ק""ג",true,,5.90,5.9000,true,1,152086
7290000090146,false,תפוח פינק ליידי,,,תפוח פינק ליידי,קילוגרמים,1.00,"ק""ג",true,,15.90,15.9000,true,1,152087
7290000090153,false,בצל יבש לבן,4 יחידות,,בצל יבש לבן,קילוגרמים,1.00,"ק""ג",true,,5.90,5.9000,true,1,152072
7290000090160,false,בטטה,,,בטטה,קילוגרמים,1.00,"ק""ג",true,,7.70,7.7000,true,1,152088
7290000090177,false,אגס ירוק,5 יחידות,,אגס ירוק,קילוגרמים,1.00,"ק""ג",true,,12.90,12.9000,true,1,152089
7290000090184,false,תפוח עץ מוזהב,,,תפוח עץ מוזהב,קילוגרמים,1.00,"ק""ג",true,,9.90,9.9000,true,1,152090
7290000090191,false,פלפל צהוב,5 יחידות,,פלפל צהוב,קילוגרמים,1.00,"ק""ג",true,,10.90,10.9000,true,1,152091
7290000090214,false,בצל אדום,4 יחידות,,בצל אדום,קילוגרמים,1.00,"ק""ג",true,,6.90,6.9000,true,1,152093
7290000090221,false,רימון,,,רימון,קילוגרמים,1.00,"ק""ג",true,,9.90,9.9000,true,1,152094
7290000090238,false,אננס,,,אננס,Unknown,1.00,יחידה,false,,29.90,29.9000,true,1,152095
7290000090245,false,חציל,,,חציל,קילוגרמים,1.00,"ק""ג",true,,7.90,7.9000,true,1,152073
7290000090252,false,כרוב לבן שלם,1 יחידה,,כרוב לבן שלם,קילוגרמים,1.00,"ק""ג",true,,5.90,5.9000,true,1,152074
7290000090276,false,קיווי,,,קיווי,קילוגרמים,1.00,"ק""ג",true,,16.90,16.9000,true,1,152097
7290000090344,false,קולורבי,,,קולורבי,קילוגרמים,1.00,"ק""ג",true,,8.90,8.9000,true,1,152101
7290000090368,false,דלורית,,,דלורית,קילוגרמים,1.00,"ק""ג",true,,6.90,6.9000,true,1,152103
7290000090375,false,זוקיני ירוק,,,זוקיני ירוק,קילוגרמים,1.00,"ק""ג",true,,8.90,8.9000,true,1,152104
7290000090467,false,קישוא,5 יחידות,,קישוא,קילוגרמים,1.00,"ק""ג",true,,8.90,8.9000,true,1,152076
7290000090481,false,"תפו""ע לוליפופ",,,"תפו""ע לוליפופ",קילוגרמים,1.00,"ק""ג",true,,15.90,15.9000,true,1,153820
7290000090511,false,"תפו""א לבן תפזורת",,,"תפו""א לבן תפזורת",קילוגרמים,1.00,"ק""ג",true,,4.90,4.9000,true,1,152110
7290000090528,false,"תפו""א אדום תפזורת",,,"תפו""א אדום תפזורת",קילוגרמים,1.00,"ק""ג",true,,5.90,5.9000,true,1,152111
7290000090535,false,"תפו""ע לוליפופ",,,"תפו""ע לוליפופ",קילוגרמים,1.00,"ק""ג",true,,15.90,15.9000,true,1,152112
7290000090566,false,סלק אדום תפזורת,5 יחידות,,סלק אדום תפזורת,קילוגרמים,1.00,"ק""ג",true,,4.90,4.9000,true,1,152077
7290000090610,false,גזר ארוז,,,גזר ארוז,קילוגרמים,1.00,"ק""ג",true,,4.90,4.9000,true,1,152078
7290000090634,false,כרובית,,,כרובית,Unknown,1.00,יחידה,false,,9.90,9.9000,true,1,152117
7290000090689,false,שום בתפזורת,,,שום בתפזורת,קילוגרמים,1.00,"ק""ג",true,,22.90,22.9000,true,1,152121
7290000090740,false,ענב אדום,,,ענב אדום,קילוגרמים,1.00,"ק""ג",true,,29.90,29.9000,true,1,152126
7290000090757,false,תירס מתוק,,,תירס מתוק,קילוגרמים,1.00,"ק""ג",true,,9.90,9.9000,true,1,152079
7290000090795,false,פלפל בהיר,,,פלפל בהיר,קילוגרמים,1.00,"ק""ג",true,,10.90,10.9000,true,1,152130
7290000090801,false,ענב ירוק שקיל,,,ענב ירוק שקיל,קילוגרמים,1.00,"ק""ג",true,,24.90,24.9000,true,1,152131
7290000090863,false,מנגו,,,מנגו,קילוגרמים,1.00,"ק""ג",true,,10.70,10.7000,true,1,152382
7290000090962,false,ענבים שחורים,,,ענבים שחורים,קילוגרמים,1.00,"ק""ג",true,,19.90,19.9000,true,1,152534
7290000091020,false,קישוא כרעא,,,קישוא כרעא,קילוגרמים,1.00,"ק""ג",true,,12.90,12.9000,true,1,153014
7290000091129,false,תפוז ברשת,,,תפוז ברשת,קילוגרמים,1.00,"ק""ג",true,,4.90,4.9000,true,1,152143
7290000091150,false,"תפו""א לבן ארוז",,,"תפו""א לבן ארוז",קילוגרמים,1.00,"ק""ג",true,,5.90,5.9000,true,1,152145
7290000091167,false,פלפל כתום,5 יחידות,,פלפל כתום,קילוגרמים,1.00,"ק""ג",true,,10.90,10.9000,true,1,152146
7290000091242,false,שום ארוז יבוא,,,שום ארוז יבוא,Unknown,1.00,יחידה,false,,7.90,7.9000,true,1,152148
7290000091433,false,אפרסמון קרמבו,,,אפרסמון קרמבו,קילוגרמים,1.00,"ק""ג",true,,12.90,12.9000,true,1,153203
7290000104201,false,אפונה עדינה סנפרוסט,,,אפונה עדינה סנפרוסט,גרמים,600.00,100 גרם,false,,19.90,0.0332,true,1,140162
7290000104683,false,שעועית ירוקה שלמה סנ,,,שעועית ירוקה שלמה סנ,גרמים,800.00,100 גרם,false,,20.90,0.0261,true,1,140163
7290000104690,false,גרעיני תירס 800 גרם,,,גרעיני תירס 800 גרם,גרמים,800.00,100 גרם,false,,19.90,0.0249,true,1,140166
7290000104805,false,גרגרי חומוס מבושל סנ,,,גרגרי חומוס מבושל סנ,גרמים,800.00,100 גרם,false,,20.90,0.0261,true,1,140161
7290000104805,false,גרגרי חומוס מבושל סנ,,,גרגרי חומוס מבושל סנ,גרמים,800.00,100 גרם,false,,20.90,0.0261,true,1,140164
7290000107295,false,תפרחות ברוקולי סנפרו,,,תפרחות ברוקולי סנפרו,גרמים,800.00,100 גרם,false,,25.90,0.0324,true,1,136323
7290000110318,true,מפעל-קצפת צמחית פרוו,,,מפעל-קצפת צמחית פרוו,,0.00,,false,,2999.90,0.0000,true,1,136636
7290000111186,false,מיונז אמיתי תלמה 500,,,מיונז אמיתי תלמה 500,גרמים,500.00,100 גרם,false,,10.40,0.0208,true,1,138683
7290000111360,false,חרדל תלמה 250 גרם,,,חרדל תלמה 250 גרם,גרמים,250.00,100 גרם,false,,6.90,0.0276,true,1,133023
7290000112220,false,טחינה גולמית 100% בא,,,טחינה גולמית 100% בא,גרמים,500.00,100 גרם,false,,13.90,0.0278,true,1,140362
7290000112619,false,קנור מרק עוף אמיתי 4,,,קנור מרק עוף אמיתי 4,גרמים,400.00,100 גרם,false,,20.90,0.0522,true,1,138684
7290000116884,false,רוטב ברביקיו פרווה ק,,,רוטב ברביקיו פרווה ק,גרמים,350.00,100 גרם,false,,11.90,0.0340,true,1,139499
7290000117720,false,נמס בכוס מרק פטריות,,,נמס בכוס מרק פטריות,גרמים,41.00,100 גרם,false,,7.50,0.1829,true,1,137498
7290000118277,false,קניידלך כופתאות מצה,,,קניידלך כופתאות מצה,גרמים,130.00,100 גרם,false,,10.90,0.0838,true,1,135626
7290000121017,false,גבינה מותכת למריחה ש,,,גבינה מותכת למריחה ש,גרמים,120.00,100 גרם,false,,12.00,0.1000,true,1,140569
7290000121154,false,מון בלאן סלמון 120 ג,,,מון בלאן סלמון 120 ג,גרמים,120.00,100 גרם,false,,12.90,0.1075,true,1,140576
7290000130255,false,קמח מצות 500 גרם,,,קמח מצות 500 גרם,גרמים,500.00,100 גרם,false,,6.90,0.0138,true,1,134261
7290000134109,true,כמון טחון 40 גרם,,,כמון טחון 40 גרם,,0.00,,false,,5.00,0.0000,true,1,132328
7290000135045,false,פחית XL TEN תפוח 250,,,פחית XL TEN תפוח 250,מיליליטרים,250.00,"100 מ""ל",false,,4.80,0.0192,true,1,143333
7290000135052,false,משקה אנרגיה מוגז בטע,,,משקה אנרגיה מוגז בטע,מיליליטרים,250.00,"100 מ""ל",false,,4.80,0.0192,true,1,143332
7290000135311,false,פפסי מקס בטעם ליים 1,,,פפסי מקס בטעם ליים 1,מיליליטרים,1500.00,"100 מ""ל",false,,8.20,0.0055,true,1,150561
7290000135595,false,פפסי מקס דובדבן 1.5,,,פפסי מקס דובדבן 1.5,מיליליטרים,1500.00,"100 מ""ל",false,,8.20,0.0055,true,1,151698
7290000136158,false,פפסי מקס 1.5 ליטר,,,פפסי מקס 1.5 ליטר,מיליליטרים,1500.00,"100 מ""ל",false,,8.20,0.0055,true,1,153775
7290000136165,false,מירנדה 1.5 ליטר,,,מירנדה 1.5 ליטר,מיליליטרים,1500.00,"100 מ""ל",false,,8.00,0.0053,true,1,153776
7290000136189,false,דיאט סבן אפ 1.5 ליטר,,,דיאט סבן אפ 1.5 ליטר,מיליליטרים,1500.00,"100 מ""ל",false,,7.20,0.0048,true,1,153778
7290000136646,false,בירה שחורה נשר מאלט,,,בירה שחורה נשר מאלט,מיליליטרים,1500.00,"100 מ""ל",false,,9.20,0.0061,true,1,154052
7290000136684,false,פפסי מקס 1.5 ליטר,,,פפסי מקס 1.5 ליטר,מיליליטרים,1500.00,"100 מ""ל",false,,8.20,0.0055,true,1,154392
7290000136707,false,מירנדה 1.5 ליטר,,,מירנדה 1.5 ליטר,מיליליטרים,1500.00,"100 מ""ל",false,,8.00,0.0053,true,1,154393
7290000136936,false,דיאט סבן אפ 1.5 ליטר,,,דיאט סבן אפ 1.5 ליטר,מיליליטרים,1500.00,"100 מ""ל",false,,7.20,0.0048,true,1,154395
7290000137513,false,קרמיסימו גלידונית ונ,,,קרמיסימו גלידונית ונ,Unknown,60.00,יחידה,false,,47.90,0.7983,true,1,145173
7290000144160,false,שמן זית ארומטי עץ הז,,,שמן זית ארומטי עץ הז,מיליליטרים,750.00,"100 מ""ל",false,,34.90,0.0465,true,1,144894
7290000144474,false,שמן קנולה בריאות עץ,,,שמן קנולה בריאות עץ,מיליליטרים,1000.00,"100 מ""ל",false,,15.90,0.0159,true,1,144896
7290000151120,true,עוף טוב פסטרמה בשמן,,,עוף טוב פסטרמה בשמן,,0.00,,false,,0.00,0.0000,true,1,137254
7290000151328,true,עוף טוב חזה הודו דל,,,עוף טוב חזה הודו דל,,0.00,,false,,0.00,0.0000,true,1,137256
7290000151434,true,עוף טוב סלמי קוניאק,,,עוף טוב סלמי קוניאק,,0.00,,false,,0.00,0.0000,true,1,137257
7290000151540,true,עוף טוב פסטרמה הונגר,,,עוף טוב פסטרמה הונגר,,0.00,,false,,0.00,0.0000,true,1,137258
7290000152943,true,עוף טוב סלמי + פסטרמ,,,עוף טוב סלמי + פסטרמ,,0.00,,false,,0.00,0.0000,true,1,137261
7290000155661,true,עוף טוב רביעיית נקני,,,עוף טוב רביעיית נקני,,0.00,,false,,0.00,0.0000,true,1,137262
7290000156545,true,עוף טוב פסטרמה מקסיק,,,עוף טוב פסטרמה מקסיק,,0.00,,false,,0.00,0.0000,true,1,137263
7290000166179,true,שישיית חטיף שוקולד מ,,,שישיית חטיף שוקולד מ,,0.00,,false,,0.00,0.0000,true,1,134262
7290000166391,true,חטיף דגנים עם שוקולד,,,חטיף דגנים עם שוקולד,,0.00,,false,,5.00,0.0000,true,1,133691
7290000167756,true,קינמונים,,,קינמונים,,0.00,,false,,0.00,0.0000,true,1,138603
7290000168524,true,מפעל-מיונז,,,מפעל-מיונז,קילוגרמים,1.00,"ק""ג",true,,0.00,0.0000,true,1,135496
7290000176079,false,קפה טורקי עם הל 100,,,קפה טורקי עם הל 100,גרמים,100.00,100 גרם,false,,9.90,0.0990,true,1,139284
7290000176192,true,האג טורקי ואקום 200,,,האג טורקי ואקום 200,,0.00,,false,,0.00,0.0000,true,1,137056
7290000176420,false,קפה נמס עלית 200 גרם,,,קפה נמס עלית 200 גרם,גרמים,200.00,100 גרם,false,,21.90,0.1095,true,1,139285
7290000178707,false,תפוציפס טבעי 50 גרם,,,תפוציפס טבעי 50 גרם,גרמים,50.00,100 גרם,false,,4.30,0.0860,true,1,138210
7290000178721,false,תפוציפס 200 גרם,,,תפוציפס 200 גרם,גרמים,200.00,100 גרם,false,,10.90,0.0545,true,1,139730
7290000188355,false,מגבת ניקול לבנה 6 גל,,,מגבת ניקול לבנה 6 גל,Unknown,6.00,יחידה,false,,11.90,1.9833,true,1,138191
7290000188355,false,מגבת ניקול לבנה 6 גל,,,מגבת ניקול לבנה 6 גל,Unknown,6.00,יחידה,false,,11.90,1.9833,true,1,138195
7290000188553,false,מגן תחתון סילק נורמל,,,מגן תחתון סילק נורמל,Unknown,60.00,יחידה,false,,19.90,0.3317,true,1,140948
7290000190853,false,נייר טואלט לילי לבן,,,נייר טואלט לילי לבן,Unknown,30.00,יחידה,false,,35.90,1.1967,true,1,151312
7290000191539,false,מגבוני טישיו דו שכבת,,,מגבוני טישיו דו שכבת,Unknown,500.00,יחידה,false,,14.90,0.0298,true,1,140953
7290000195216,false,נייר אפייה בשקית 50,,,נייר אפייה בשקית 50,Unknown,50.00,יחידה,false,,11.90,0.2380,true,1,140957
7290000197432,false,שקיות אוכל סנדוויצ'ו,,,שקיות אוכל סנדוויצ'ו,Unknown,300.00,יחידה,false,,13.90,0.0463,true,1,145111
7290000197432,false,שקיות אוכל סנדוויצ'ו,,,שקיות אוכל סנדוויצ'ו,Unknown,300.00,יחידה,false,,13.90,0.0463,true,1,145119
7290000199313,false,תחבושות קוטקס יאנג 2,,,תחבושות קוטקס יאנג 2,Unknown,28.00,יחידה,false,,18.90,0.6750,true,1,140971
7290000200934,true,משטח הפצה,,,משטח הפצה,,0.00,,false,,0.00,0.0000,true,1,137106
7290000202150,false,קרואסון שוקולד העדה,,,קרואסון שוקולד העדה,Unknown,1.00,יחידה,false,,8.00,8.0000,true,1,154819
7290000204611,false,ספוגית הקסם ניקול 6,,,ספוגית הקסם ניקול 6,Unknown,6.00,יחידה,false,,10.90,1.8167,true,1,140976
7290000207162,false,רוטב עגבניות יכין 22,,,רוטב עגבניות יכין 22,גרמים,100.00,100 גרם,false,,2.50,0.0250,true,1,145909
7290000208213,false,שעועית לבנה רוטב עגב,,,שעועית לבנה רוטב עגב,גרמים,355.00,100 גרם,false,,8.90,0.0251,true,1,145912
7290000208312,false,גרעיני תירס מתוק יכי,,,גרעיני תירס מתוק יכי,גרמים,245.00,100 גרם,false,,7.90,0.0322,true,1,145913
7290000208428,false,חומוס שלם יכין 550 ג,,,חומוס שלם יכין 550 ג,גרמים,550.00,100 גרם,false,,8.90,0.0162,true,1,145916
7290000208893,false,גרעיני תירס לייט יכי,,,גרעיני תירס לייט יכי,גרמים,246.00,100 גרם,false,,7.90,0.0321,true,1,145917
7290000208947,false,עגבניות מרוסקות יכין,,,עגבניות מרוסקות יכין,גרמים,260.00,100 גרם,false,,6.90,0.0265,true,1,146184
7290000209043,false,מיץ לימון משומר יכין,,,מיץ לימון משומר יכין,מיליליטרים,1000.00,"100 מ""ל",false,,7.90,0.0079,true,1,145920
7290000209371,false,גרעיני תירס מתוק יכי,,,גרעיני תירס מתוק יכי,גרמים,420.00,100 גרם,false,,14.90,0.0355,true,1,145921
7290000209722,false,רוטב עגבניות פריכוז,,,רוטב עגבניות פריכוז,גרמים,580.00,100 גרם,false,,10.90,0.0188,true,1,145924
7290000209951,false,רוטב עגבניות לפיצה י,,,רוטב עגבניות לפיצה י,גרמים,260.00,100 גרם,false,,6.90,0.0265,true,1,145926
7290000211169,false,אורז תאילנדי סוגת 1,,,אורז תאילנדי סוגת 1,גרמים,1000.00,100 גרם,false,,6.90,0.0069,true,1,133731
7290000211442,false,אורז פרסי קלאסי סוגת,,,אורז פרסי קלאסי סוגת,גרמים,1000.00,100 גרם,false,,10.90,0.0109,true,1,139673
7290000211503,false,"סוכר לבן נייר 1 ק""ג",,,"סוכר לבן נייר 1 ק""ג",גרמים,1000.00,100 גרם,false,,4.90,0.0049,true,1,133529
7290000229123,false,פסטרמה הודו על גחלים,,,פסטרמה הודו על גחלים,גרמים,400.00,100 גרם,false,,28.90,0.0722,true,1,140815
7290000229147,false,סלמי בסגנון איטלקי 3,,,סלמי בסגנון איטלקי 3,גרמים,300.00,100 גרם,false,,27.90,0.0930,true,1,140816
7290000238173,false,בורקס גבינה מעדנות 8,,,בורקס גבינה מעדנות 8,גרמים,800.00,100 גרם,false,,20.90,0.0261,true,1,138132
7290000238180,false,בורקס תפוחי אדמה מעד,,,בורקס תפוחי אדמה מעד,גרמים,800.00,100 גרם,false,,18.00,0.0225,true,1,138128
7290000253220,false,שוקולד צ'יפס חום 260,,,שוקולד צ'יפס חום 260,גרמים,260.00,100 גרם,false,,12.90,0.0496,true,1,142467
7290000253251,false,שוקולד צ'יפס לבן 250,,,שוקולד צ'יפס לבן 250,גרמים,250.00,100 גרם,false,,12.90,0.0516,true,1,142468
7290000262031,false,נייר טואלט דו שכבתי,,,נייר טואלט דו שכבתי,Unknown,32.00,יחידה,false,,29.90,0.9344,true,1,134268
7290000272726,false,חומץ טבעי 5% עסיס 1,,,חומץ טבעי 5% עסיס 1,מיליליטרים,1000.00,"100 מ""ל",false,,7.30,0.0073,true,1,138899
7290000288024,false,אקונומיקה בריח לימון,,,אקונומיקה בריח לימון,מיליליטרים,4000.00,"100 מ""ל",false,,17.90,0.0045,true,1,139831
7290000288079,false,אקונומיקה לימון סנו,,,אקונומיקה לימון סנו,מיליליטרים,2000.00,"100 מ""ל",false,,12.90,0.0065,true,1,140994
7290000288079,false,אקונומיקה לימון סנו,,,אקונומיקה לימון סנו,מיליליטרים,2000.00,"100 מ""ל",false,,12.90,0.0065,true,1,138759
7290000288352,false,קוטל חרקים קיי - 300,,,קוטל חרקים קיי - 300,מיליליטרים,630.00,"100 מ""ל",false,,22.90,0.0363,true,1,138760
7290000288352,false,קוטל חרקים קיי - 300,,,קוטל חרקים קיי - 300,מיליליטרים,630.00,"100 מ""ל",false,,22.90,0.0363,true,1,141048
7290000288642,false,מרכך כביסה מקסימה 4,,,מרכך כביסה מקסימה 4,מיליליטרים,4000.00,"100 מ""ל",false,,23.90,0.0060,true,1,139818
7290000289380,false,ג'ל לימון לאסלות זאו,,,ג'ל לימון לאסלות זאו,מיליליטרים,750.00,"100 מ""ל",false,,12.90,0.0172,true,1,141874
7290000292311,false,פוליווקס סחלבים 2 לי,,,פוליווקס סחלבים 2 לי,מיליליטרים,2000.00,"100 מ""ל",false,,21.90,0.0109,true,1,141877
7290000311203,false,וופלים בטעם שוקולד מ,,,וופלים בטעם שוקולד מ,גרמים,200.00,100 גרם,false,,5.50,0.0275,true,1,143612
7290000311425,false,ופל מצופה אישי מן 10,,,ופל מצופה אישי מן 10,גרמים,220.00,100 גרם,false,,8.90,0.0405,true,1,143614
7290000315706,true,שישיית מיקספלקס טירמ,,,שישיית מיקספלקס טירמ,,0.00,,false,,0.00,0.0000,true,1,134272
7290000327051,false,סודה בטעם אננס שישיי,,,סודה בטעם אננס שישיי,מיליליטרים,3000.00,"100 מ""ל",false,,16.70,0.0056,true,1,154270
7290000342856,false,בדין מרכך כביסה כחול,,,בדין מרכך כביסה כחול,קילוגרמים,4.00,ליטר,false,,20.90,5.2250,true,1,145284
7290000345284,false,תה קלאסי טעם עשיר וי,,,תה קלאסי טעם עשיר וי,Unknown,100.00,יחידה,false,,17.90,0.1790,true,1,139893
7290000345291,false,תה ארל גריי ויסוצקי,,,תה ארל גריי ויסוצקי,Unknown,25.00,יחידה,false,,15.90,0.6360,true,1,139894
7290000346199,false,חליטת פירות וצמחים פ,,,חליטת פירות וצמחים פ,Unknown,25.00,יחידה,false,,17.90,0.7160,true,1,142503
7290000346205,false,חליטת גן קסום קמומיל,,,חליטת גן קסום קמומיל,Unknown,25.00,יחידה,false,,17.90,0.7160,true,1,139895
7290000347738,false,תה ירוק נענע ויסוצקי,,,תה ירוק נענע ויסוצקי,Unknown,25.00,יחידה,false,,26.90,1.0760,true,1,139897
7290000347752,false,תה ירוק לימונית ולוא,,,תה ירוק לימונית ולוא,Unknown,25.00,יחידה,false,,26.90,1.0760,true,1,139898
7290000359410,true,נקטר מנגו 1 ליטר,,,נקטר מנגו 1 ליטר,,0.00,,false,,5.00,0.0000,true,1,132526
7290000364230,false,פסטרמה כפרית 100 גרם,,,פסטרמה כפרית 100 גרם,גרמים,100.00,100 גרם,false,,5.00,0.0500,true,1,135271
7290000364872,false,נקניקיות עוף 400 גרם,,,נקניקיות עוף 400 גרם,גרמים,400.00,100 גרם,false,,13.90,0.0348,true,1,147792
7290000369617,false,מעדן כדורי פטה בשמן,,,מעדן כדורי פטה בשמן,גרמים,230.00,100 גרם,false,,16.90,0.0735,true,1,151162
7290000369709,false,חמאה עירונית בתוספת,,,חמאה עירונית בתוספת,גרמים,100.00,100 גרם,false,,12.90,0.1290,true,1,151163
7290000408316,false,יוגורט דנונה ביו 3%,,,יוגורט דנונה ביו 3%,גרמים,200.00,100 גרם,false,,3.70,0.0185,true,1,141944
7290000408354,false,דנונה בר פצפוצים 173,,,דנונה בר פצפוצים 173,גרמים,173.00,100 גרם,false,,4.80,0.0277,true,1,132809
7290000411644,true,דבש פרחי בר 120 גרם,,,דבש פרחי בר 120 גרם,,0.00,,false,,5.00,0.0000,true,1,132665
7290000416021,false,ממרח שוקולד השחר 500,,,ממרח שוקולד השחר 500,גרמים,500.00,100 גרם,false,,14.90,0.0298,true,1,140314
7290000416618,false,שוקולד השחר פרווה 40,,,שוקולד השחר פרווה 40,גרמים,400.00,100 גרם,false,,12.90,0.0323,true,1,140315
7290000453019,false,שימרית שמרים טריים ב,,,שימרית שמרים טריים ב,גרמים,50.00,100 גרם,false,,4.90,0.0980,true,1,141945
7290000453880,false,מרגרינה ללא מלח לאפי,,,מרגרינה ללא מלח לאפי,גרמים,200.00,100 גרם,false,,5.90,0.0295,true,1,141191
7290000465289,false,ב.הש.זיתים ירוקים מב,,,ב.הש.זיתים ירוקים מב,גרמים,340.00,100 גרם,false,,11.90,0.0350,true,1,148031
7290000467511,false,ביסלי ברביקיו 55 גרם,,,ביסלי ברביקיו 55 גרם,גרמים,55.00,100 גרם,false,,3.90,0.0709,true,1,132998
7290000467887,false,ביסלי פיצה 55 גרם,,,ביסלי פיצה 55 גרם,גרמים,55.00,100 גרם,false,,3.90,0.0709,true,1,148034
7290000468747,false,ביסלי גריל 55 גרם,,,ביסלי גריל 55 גרם,גרמים,55.00,100 גרם,false,,3.90,0.0709,true,1,132999
7290000468877,false,ביסלי בצל 55 גרם,,,ביסלי בצל 55 גרם,גרמים,55.00,100 גרם,false,,3.90,0.0709,true,1,138902
7290000474090,false,חלב בקרטון 1% - 1 לי,,,חלב בקרטון 1% - 1 לי,מיליליטרים,1000.00,"100 מ""ל",false,,5.86,0.0059,true,1,135205
7290000474373,false,שמנת חמוצה לבישול וא,,,שמנת חמוצה לבישול וא,מיליליטרים,200.00,"100 מ""ל",false,,2.40,0.0120,true,1,150249
7290000474502,false,גבינה לבנה 5% טרה 25,,,גבינה לבנה 5% טרה 25,גרמים,250.00,100 גרם,false,,4.98,0.0199,true,1,144422
7290000474540,false,גבינה לבנה חצי קשה 3,,,גבינה לבנה חצי קשה 3,גרמים,250.00,100 גרם,false,,11.70,0.0468,true,1,150082
7290000480107,false,שיבולת שועל הולנדי ק,,,שיבולת שועל הולנדי ק,גרמים,500.00,100 גרם,false,,14.90,0.0298,true,1,142786
7290000490762,false,גלידל שוקו (8),,,גלידל שוקו (8),גרמים,400.00,100 גרם,false,,34.90,0.0872,true,1,156046
7290000504278,false,סוכרזית קלאסי פטנט 7,,,סוכרזית קלאסי פטנט 7,Unknown,700.00,יחידה,false,,15.90,0.0227,true,1,140287
7290000514567,true,תירס מתוק 550 גרם,,,תירס מתוק 550 גרם,,0.00,,false,,5.00,0.0000,true,1,132655
7290000521008,false,יין אדום יבש יקבי סג,,,יין אדום יבש יקבי סג,מיליליטרים,750.00,"100 מ""ל",false,,21.90,0.0292,true,1,142223
7290000521015,false,יין לבן יבש יקבי סגל,,,יין לבן יבש יקבי סגל,מיליליטרים,750.00,"100 מ""ל",false,,21.90,0.0292,true,1,142224
7290000521022,false,יין לבן חצי יבש יקבי,,,יין לבן חצי יבש יקבי,מיליליטרים,750.00,"100 מ""ל",false,,21.90,0.0292,true,1,142225
7290000521435,true,"מרום גליל פיוז""ן אדו",,,"מרום גליל פיוז""ן אדו",,0.00,,false,,0.00,0.0000,true,1,137779
7290000521442,true,"מרום גליל פיוז""ן לבן",,,"מרום גליל פיוז""ן לבן",,0.00,,false,,0.00,0.0000,true,1,137780
7290000522403,true,קצפת צמחית 250 גרם,,,קצפת צמחית 250 גרם,,0.00,,false,,5.00,0.0000,true,1,132921
7290000523125,false,מלח ים יבש מלח הארץ,,,מלח ים יבש מלח הארץ,גרמים,250.00,100 גרם,false,,6.70,0.0268,true,1,144616
7290000523125,false,מלח ים יבש מלח הארץ,,,מלח ים יבש מלח הארץ,גרמים,250.00,100 גרם,false,,6.70,0.0268,true,1,144617
7290000523224,false,מלח ים דק מלח הארץ 5,,,מלח ים דק מלח הארץ 5,גרמים,500.00,100 גרם,false,,7.90,0.0158,true,1,138361
7290000525143,true,מיץ עגבניות 1  ליטר,,,מיץ עגבניות 1  ליטר,,0.00,,false,,5.00,0.0000,true,1,132527
7290000525938,true,נקטר תפוזים 1 ליטר,,,נקטר תפוזים 1 ליטר,,0.00,,false,,5.00,0.0000,true,1,132528
7290000525952,true,נקטר תפוחים 1 ליטר,,,נקטר תפוחים 1 ליטר,,0.00,,false,,5.00,0.0000,true,1,132529
7290000525969,false,מיץ תפוזים סחוט פרי,,,מיץ תפוזים סחוט פרי,מיליליטרים,1000.00,"100 מ""ל",false,,16.20,0.0162,true,1,141200
7290000529219,true,תה קמומיל,,,תה קמומיל,,0.00,,false,,0.00,0.0000,true,1,133539
7290000529424,true,תה ירוק לימונית לואי,,,תה ירוק לימונית לואי,,0.00,,false,,0.00,0.0000,true,1,133540
7290000529509,true,תה ארל גריי,,,תה ארל גריי,,0.00,,false,,0.00,0.0000,true,1,134845
7290000529707,true,תה אנגלי קלאסי,,,תה אנגלי קלאסי,,0.00,,false,,0.00,0.0000,true,1,134846
7290000529714,true,תה ארל גריי,,,תה ארל גריי,,0.00,,false,,0.00,0.0000,true,1,133541
7290000529851,true,תה ירוק נענע,,,תה ירוק נענע,,0.00,,false,,0.00,0.0000,true,1,133542
7290000530598,false,נקניקיות וינר 500 גר,,,נקניקיות וינר 500 גר,גרמים,500.00,100 גרם,false,,15.90,0.0318,true,1,146082
7290000538709,false,תה מעושן זוגלובק 200,,,תה מעושן זוגלובק 200,גרמים,200.00,100 גרם,false,,14.90,0.0745,true,1,141522
7290000547299,true,אבקת סוכר 100 גרם,,,אבקת סוכר 100 גרם,,0.00,,false,,0.00,0.0000,true,1,136032
7290000552569,false,סטייק בורגר 400 גרם,,,סטייק בורגר 400 גרם,גרמים,400.00,100 גרם,false,,19.90,0.0497,true,1,140578
7290000552927,false,עוף טחון טיבון ויל 5,,,עוף טחון טיבון ויל 5,גרמים,500.00,100 גרם,false,,14.90,0.0298,true,1,142036
7290000552989,false,בשר טחון טיבון ויל 5,,,בשר טחון טיבון ויל 5,גרמים,500.00,100 גרם,false,,27.90,0.0558,true,1,142038
7290000554532,false,צפתית מעודנת 5% מחלב,,,צפתית מעודנת 5% מחלב,גרמים,200.00,100 גרם,false,,14.90,0.0745,true,1,135370
7290000554624,false,מעדן ירח מתוק 3% 150,,,מעדן ירח מתוק 3% 150,גרמים,150.00,100 גרם,false,,6.00,0.0400,true,1,135371
7290000554686,false,גבינת לאבנה בשמן זית,,,גבינת לאבנה בשמן זית,גרמים,250.00,100 גרם,false,,15.50,0.0620,true,1,135372
7290000554822,false,ריקוטה 5% 250 גרם,,,ריקוטה 5% 250 גרם,גרמים,250.00,100 גרם,false,,15.90,0.0636,true,1,135373
7290000572208,false,חלווה אחווה 100 גרם,,,חלווה אחווה 100 גרם,גרמים,100.00,100 גרם,false,,2.90,0.0290,true,1,133404
7290000572536,false,חלוה מגש וניל 400 גר,,,חלוה מגש וניל 400 גר,גרמים,400.00,100 גרם,false,,12.90,0.0323,true,1,144811
7290000604022,false,12 ביצים L גדול,,,12 ביצים L גדול,Unknown,12.00,יחידה,false,,12.05,1.0042,true,1,138701
7290000604022,false,12 ביצים L גדול,,,12 ביצים L גדול,Unknown,12.00,יחידה,false,,12.05,1.0042,true,1,146821
7290000604039,false,12 ביצים M בנוני,,,12 ביצים M בנוני,Unknown,12.00,יחידה,false,,11.15,0.9292,true,1,138702
7290000688381,false,מים מינרליים פקק ספו,,,מים מינרליים פקק ספו,מיליליטרים,3000.00,"100 מ""ל",false,,17.70,0.0059,true,1,136188
7290000688732,false,מים מינרליים מי עדן,,,מים מינרליים מי עדן,מיליליטרים,9000.00,"100 מ""ל",false,,14.70,0.0016,true,1,136251
7290000741602,true,חטיף מיקספלקס טירמיס,,,חטיף מיקספלקס טירמיס,,0.00,,false,,5.00,0.0000,true,1,133692
7290000803067,false,משחת שיניים לגילאי 2,,,משחת שיניים לגילאי 2,מיליליטרים,75.00,"100 מ""ל",false,,16.90,0.2253,true,1,136273
7290000961804,false,דלעת חתוכה,,,דלעת חתוכה,קילוגרמים,1.00,"ק""ג",true,,12.90,12.9000,true,1,145817
7290001045688,false,משקה תפוזים פרימור 4,,,משקה תפוזים פרימור 4,מיליליטרים,400.00,"100 מ""ל",false,,10.20,0.0255,true,1,133855
7290001216040,false,טחינה אל ארז שומשום,,,טחינה אל ארז שומשום,גרמים,500.00,100 גרם,false,,17.90,0.0358,true,1,143348
7290001247099,false,קרטוניות ספרינג מנגו,,,קרטוניות ספרינג מנגו,מיליליטרים,1000.00,"100 מ""ל",false,,7.40,0.0074,true,1,134283
7290001247129,false,ספרינג קרטוניות תפוז,,,ספרינג קרטוניות תפוז,מיליליטרים,1000.00,"100 מ""ל",false,,7.40,0.0074,true,1,133857
7290001247143,false,נקטר תפוחים בקרטון ס,,,נקטר תפוחים בקרטון ס,מיליליטרים,1000.00,"100 מ""ל",false,,7.40,0.0074,true,1,133858
7290001274231,false,שלגון פסטיק,,,שלגון פסטיק,גרמים,75.00,100 גרם,false,,5.90,0.0787,true,1,156169
7290001274279,false,שלגון גלית תות חלבי,,,שלגון גלית תות חלבי,גרמים,75.00,100 גרם,false,,4.90,0.0653,true,1,156171
7290001302279,false,במבה קלאסי 60 גרם,,,במבה קלאסי 60 גרם,גרמים,60.00,100 גרם,false,,4.50,0.0750,true,1,133000
7290001305188,false,נוזל לניקוי כלים 18%,,,נוזל לניקוי כלים 18%,מיליליטרים,750.00,"100 מ""ל",false,,10.90,0.0145,true,1,143187
7290001327791,false,גלידת קרמיסימו1.33 ל,,,גלידת קרמיסימו1.33 ל,מיליליטרים,1330.00,"100 מ""ל",false,,21.90,0.0165,true,1,147696
7290001343982,true,גרנולה 240 גרם,,,גרנולה 240 גרם,,0.00,,false,,5.00,0.0000,true,1,132895
7290001419618,false,ופלים בסגנון בלגי בט,,,ופלים בסגנון בלגי בט,גרמים,200.00,100 גרם,false,,3.50,0.0175,true,1,145780
7290001419779,false,ופלים בטעם שוקולד על,,,ופלים בטעם שוקולד על,גרמים,200.00,100 גרם,false,,3.50,0.0175,true,1,145781
7290001419892,false,ופלים קלאסיים בטעם ל,,,ופלים קלאסיים בטעם ל,גרמים,200.00,100 גרם,false,,3.50,0.0175,true,1,145782
7290001436196,true,מפעל-ממרח אבוקדו,,,מפעל-ממרח אבוקדו,,0.00,,false,,0.00,0.0000,true,1,136129
7290001468753,false,"קמח תפו""א 500 גרם",,,"קמח תפו""א 500 גרם",גרמים,500.00,100 גרם,false,,5.90,0.0118,true,1,146819
7290001594155,false,"קוקה קולה 500 מ""ל",,,"קוקה קולה 500 מ""ל",מיליליטרים,500.00,"100 מ""ל",false,,8.00,0.0160,true,1,137650
7290001594179,false,"פאנטה אורנג' 500 מ""ל",,,"פאנטה אורנג' 500 מ""ל",מיליליטרים,500.00,"100 מ""ל",false,,8.00,0.0160,true,1,137653
7290001594858,false,טובורג רד שישיה 330,,,טובורג רד שישיה 330,מיליליטרים,1980.00,"100 מ""ל",false,,42.90,0.0217,true,1,144855
7290001594865,false,"קרלסברג שישיה 330 מ""",,,"קרלסברג שישיה 330 מ""",מיליליטרים,1980.00,"100 מ""ל",false,,41.70,0.0211,true,1,144856
7290001648643,true,קפה שחור עדה חרדית3,,,קפה שחור עדה חרדית3,,0.00,,false,,0.00,0.0000,true,1,133987
7290001690208,false,גבינת גאודה בקר הולנ,,,גבינת גאודה בקר הולנ,גרמים,200.00,100 גרם,false,,22.90,0.1145,true,1,153467
7290001778203,true,כוס וניל סירופ שוקול,,,כוס וניל סירופ שוקול,,0.00,,false,,5.00,0.0000,true,1,133040
7290001835562,true,מזון לכלב בוגר פטה ב,,,מזון לכלב בוגר פטה ב,,0.00,,false,,5.00,0.0000,true,1,133008
7290001835579,true,מזון לכלב בוגר פטה כ,,,מזון לכלב בוגר פטה כ,,0.00,,false,,5.00,0.0000,true,1,133009
7290001989425,true,מפעל-פרוסות חציל נקי,,,מפעל-פרוסות חציל נקי,,0.00,,false,,2999.90,0.0000,true,1,134291
7290001989724,true,מפעל-קוביות בטטה מטו,,,מפעל-קוביות בטטה מטו,,0.00,,false,,0.00,0.0000,true,1,136473
7290001990148,false,סוכר גולדן קלאסי בצנ,,,סוכר גולדן קלאסי בצנ,פריט,1.00,"ק""ג",false,,13.90,13.9000,true,1,146249
7290002008040,true,"שיפודי עץ 30 ס""מ",,,"שיפודי עץ 30 ס""מ",,0.00,,false,,5.00,0.0000,true,1,132699
7290002015673,true,מפעל-שיפקה לחץ 9 ליט,,,מפעל-שיפקה לחץ 9 ליט,קילוגרמים,1.00,"ק""ג",true,,2999.90,2999.9000,true,1,135273
7290002019787,false,פריניר רוטב עגבניות,,,פריניר רוטב עגבניות,גרמים,260.00,100 גרם,false,,3.90,0.0150,true,1,140336
7290002019794,false,רסק עגבניות פריניר 1,,,רסק עגבניות פריניר 1,גרמים,100.00,100 גרם,false,,1.90,0.0190,true,1,140337
7290002027379,true,מיסטר אייס להקפאה 8,,,מיסטר אייס להקפאה 8,,0.00,,false,,5.00,0.0000,true,1,132580
7290002043218,false,ציפס אורז חום מלא מל,,,ציפס אורז חום מלא מל,גרמים,60.00,100 גרם,false,,7.20,0.1200,true,1,150282
7290002043782,false,ציפס אורז חום מלא טק,,,ציפס אורז חום מלא טק,גרמים,60.00,100 גרם,false,,7.20,0.1200,true,1,150284
7290002057123,false,זית חרוזית ירוק 275,,,זית חרוזית ירוק 275,גרמים,275.00,100 גרם,false,,9.50,0.0345,true,1,140445
7290002057352,false,מלפפונים גדולים במלח,,,מלפפונים גדולים במלח,גרמים,320.00,100 גרם,false,,6.90,0.0216,true,1,134298
7290002057369,false,מלפפון קטן במלח 540,,,מלפפון קטן במלח 540,גרמים,540.00,100 גרם,false,,7.90,0.0146,true,1,137841
7290002057475,false,מלפפון קטן בחומץ 13-,,,מלפפון קטן בחומץ 13-,גרמים,560.00,100 גרם,false,,9.90,0.0177,true,1,140283
7290002057604,false,פלפל חריף שיפקה 225,,,פלפל חריף שיפקה 225,גרמים,225.00,100 גרם,false,,6.50,0.0289,true,1,134299
7290002057734,false,זיתים מושחרים ללא גל,,,זיתים מושחרים ללא גל,גרמים,540.00,100 גרם,false,,9.90,0.0183,true,1,140450
7290002065555,false,הלחמניה - לחמניות רכ,,,הלחמניה - לחמניות רכ,Unknown,6.00,יחידה,false,,11.90,1.9833,true,1,135999
7290002065555,false,הלחמניה - לחמניות רכ,,,הלחמניה - לחמניות רכ,Unknown,6.00,יחידה,false,,11.90,1.9833,true,1,145129
7290002079361,false,מארז המבורגר 2+6 יחי,,,מארז המבורגר 2+6 יחי,Unknown,8.00,יחידה,false,,17.90,2.2375,true,1,141778
7290002079477,false,לחם אחיד פרוס 750 גר,,,לחם אחיד פרוס 750 גר,גרמים,750.00,100 גרם,false,,6.90,0.0092,true,1,143134
7290002079477,false,לחם אחיד פרוס 750 גר,,,לחם אחיד פרוס 750 גר,גרמים,750.00,100 גרם,false,,6.90,0.0092,true,1,132324
7290002079590,true,חלה רגילה 500 גרם,,,חלה רגילה 500 גרם,,0.00,,false,,5.00,0.0000,true,1,133164
7290002107071,false,פטה עיזים מעודנת 16%,,,פטה עיזים מעודנת 16%,גרמים,200.00,100 גרם,false,,23.70,0.1185,true,1,147803
7290002107385,false,גליל גבינת עיזים מה,,,גליל גבינת עיזים מה,גרמים,180.00,100 גרם,false,,21.90,0.1217,true,1,147747
7290002107491,false,גבינת עיזים למריחה 5,,,גבינת עיזים למריחה 5,גרמים,250.00,100 גרם,false,,15.90,0.0636,true,1,150303
7290002263661,false,"מיץ לימון 250 מ""ל או",,,"מיץ לימון 250 מ""ל או",מיליליטרים,250.00,"100 מ""ל",false,,7.80,0.0312,true,1,146277
7290002276036,true,לחמניה מזרחית עם שומ,,,לחמניה מזרחית עם שומ,,0.00,,false,,2999.90,0.0000,true,1,134302
7290002277927,false,מעדניה - פילה אמנון,,,מעדניה - פילה אמנון,קילוגרמים,1.00,"ק""ג",true,,31.90,31.9000,true,1,149066
7290002279211,false,חלה מתוקה ארוזה אלומ,,,חלה מתוקה ארוזה אלומ,גרמים,500.00,100 גרם,false,,10.90,0.0218,true,1,136029
7290002321750,false,מעדניה - פילה אמנון,,,מעדניה - פילה אמנון,קילוגרמים,1.00,"ק""ג",true,,31.90,31.9000,true,1,149067
7290002327042,false,בורקס תפוחי אדמה שלו,,,בורקס תפוחי אדמה שלו,גרמים,800.00,100 גרם,false,,20.00,0.0250,true,1,140590
7290002331018,false,מים מינרלים נביעות 5,,,מים מינרלים נביעות 5,מיליליטרים,500.00,"100 מ""ל",false,,6.00,0.0120,true,1,133363
7290002331025,false,נביעות TO GO 500,,,נביעות TO GO 500,מיליליטרים,500.00,"100 מ""ל",false,,6.00,0.0120,true,1,138338
7290002331162,false,מים מינרליים נביעות,,,מים מינרליים נביעות,מיליליטרים,1500.00,"100 מ""ל",false,,4.20,0.0028,true,1,151819
7290002331360,false,נביעות TOGO שישייה 5,,,נביעות TOGO שישייה 5,מיליליטרים,3000.00,"100 מ""ל",false,,14.90,0.0050,true,1,138035
7290002331490,false,נביעות 1 ליטר,,,נביעות 1 ליטר,מיליליטרים,1000.00,"100 מ""ל",false,,3.90,0.0039,true,1,144418
7290002345022,false,אנטריקוט דק דק מינוט,,,אנטריקוט דק דק מינוט,גרמים,250.00,100 גרם,false,,22.90,0.0916,true,1,152582
7290002345275,false,סלמון מעושן 100 גרם,,,סלמון מעושן 100 גרם,גרמים,100.00,100 גרם,false,,19.90,0.1990,true,1,140597
7290002345282,false,נתחי סלמון דלידג,,,נתחי סלמון דלידג,קילוגרמים,1.00,"ק""ג",true,,89.90,89.9000,true,1,151385
7290002349044,false,ספוג הקסם שלישייה-רמ,,,ספוג הקסם שלישייה-רמ,Unknown,3.00,יחידה,false,,8.90,2.9667,true,1,150966
7290002353836,false,סרדינים רוברט בשמן ז,,,סרדינים רוברט בשמן ז,גרמים,120.00,100 גרם,false,,8.90,0.0742,true,1,141369
7290002381808,false,נר נשמה 24 שעות,,,נר נשמה 24 שעות,Unknown,1.00,יחידה,false,,1.90,1.9000,true,1,158463
7290002448822,true,מזון חתולים בטעם  בק,,,מזון חתולים בטעם  בק,,0.00,,false,,5.00,0.0000,true,1,133010
7290002517108,true,אורגנו 10 גרם,,,אורגנו 10 גרם,,0.00,,false,,5.00,0.0000,true,1,132337
7290002543237,false,קלוגס קורנפלקס 750 ג,,,קלוגס קורנפלקס 750 ג,גרמים,750.00,100 גרם,false,,16.90,0.0225,true,1,140871
7290002577492,false,הרינג מלוח דלידג בשמ,,,הרינג מלוח דלידג בשמ,גרמים,240.00,100 גרם,false,,24.90,0.1037,true,1,140613
7290002596677,false,מעדניה - פילה אמנון,,,מעדניה - פילה אמנון,קילוגרמים,1.00,"ק""ג",true,,31.90,31.9000,true,1,149642
7290002627135,false,פיצה אקסטרא גבינה רמ,,,פיצה אקסטרא גבינה רמ,גרמים,340.00,100 גרם,false,,13.90,0.0409,true,1,155986
7290002627616,false,מעדניה - פילה אמנון,,,מעדניה - פילה אמנון,קילוגרמים,1.00,"ק""ג",true,,31.90,31.9000,true,1,149746
7290002627623,false,מעדניה - פילה אמנון,,,מעדניה - פילה אמנון,קילוגרמים,1.00,"ק""ג",true,,31.90,31.9000,true,1,149986
7290002657866,false,מעדניה - פילה אמנון,,,מעדניה - פילה אמנון,קילוגרמים,1.00,"ק""ג",true,,31.90,31.9000,true,1,147215
7290002710110,false,ביצי חופש מן הטבע 12,,,ביצי חופש מן הטבע 12,Unknown,12.00,יחידה,false,,16.90,1.4083,true,1,153023
7290002730675,false,קולגייט משחה אדומה מ,,,קולגייט משחה אדומה מ,מיליליטרים,100.00,"100 מ""ל",false,,10.90,0.1090,true,1,141011
7290002735809,false,רמי לוי בצק עלים 1 ק,,,רמי לוי בצק עלים 1 ק,גרמים,1000.00,100 גרם,false,,12.90,0.0129,true,1,141376
7290002735823,false,מלווח רמי לוי 700 גר,,,מלווח רמי לוי 700 גר,גרמים,700.00,100 גרם,false,,12.90,0.0184,true,1,141378
7290002735854,false,רמי לוי ג'חנון אפוי,,,רמי לוי ג'חנון אפוי,גרמים,600.00,100 גרם,false,,12.90,0.0215,true,1,141381
7290002741602,true,חטיף מיקספלקס טירמיס,,,חטיף מיקספלקס טירמיס,,0.00,,false,,5.00,0.0000,true,1,133743
7290002752332,false,סוכריות בגליל בטעם פ,,,סוכריות בגליל בטעם פ,גרמים,37.50,100 גרם,false,,3.50,0.0933,true,1,134086
7290002781349,true,מפעל-רוטב אלף האיים,,,מפעל-רוטב אלף האיים,,0.00,,false,,2999.90,0.0000,true,1,135989
7290002781424,true,מפעל-רוטב אלף האיים,,,מפעל-רוטב אלף האיים,,0.00,,false,,2999.90,0.0000,true,1,134860
7290002824183,false,גבינה לבנה סקי 5% 50,,,גבינה לבנה סקי 5% 50,גרמים,500.00,100 גרם,false,,9.95,0.0199,true,1,135900
7290002824640,false,גבינה לבנה סקי 5% שט,,,גבינה לבנה סקי 5% שט,גרמים,250.00,100 גרם,false,,4.98,0.0199,true,1,139939
7290002868996,false,גבינת קוטג' מועשר 5%,,,גבינת קוטג' מועשר 5%,גרמים,250.00,100 גרם,false,,5.50,0.0220,true,1,135392
7290002881803,false,שמן קנולה 1 ליטר תומ,,,שמן קנולה 1 ליטר תומ,מיליליטרים,1000.00,"100 מ""ל",false,,10.90,0.0109,true,1,155883
7290002909361,true,"צ""יפס 350 גרם",,,"צ""יפס 350 גרם",,0.00,,false,,5.00,0.0000,true,1,132754
7290002929499,false,מעדניה - פילה אמנון,,,מעדניה - פילה אמנון,קילוגרמים,1.00,"ק""ג",true,,31.90,31.9000,true,1,149068
7290002971009,false,"קמח לבן שטיבל 1 ק""ג",,,"קמח לבן שטיבל 1 ק""ג",פריט,1.00,"ק""ג",false,,5.90,5.9000,true,1,157759
7290003000130,false,פיצה מרגריטה- אובלית,,,פיצה מרגריטה- אובלית,Unknown,1.00,יחידה,false,,15.00,15.0000,true,1,151011
7290003000148,false,מאפה תפוח עץ,,,מאפה תפוח עץ,Unknown,1.00,יחידה,false,,10.00,10.0000,true,1,153217
7290003000168,false,מאפה שוקולד,,,מאפה שוקולד,Unknown,1.00,יחידה,false,,10.00,10.0000,true,1,153856
7290003001064,false,מעדניה - פילה אמנון,,,מעדניה - פילה אמנון,קילוגרמים,1.00,"ק""ג",true,,31.90,31.9000,true,1,150202
7290003009596,false,סירופ דיאט אשכוליות,,,סירופ דיאט אשכוליות,מיליליטרים,750.00,"100 מ""ל",false,,24.20,0.0323,true,1,149668
7290003029181,false,שוקו בבקבוק 2% יטבתה,,,שוקו בבקבוק 2% יטבתה,מיליליטרים,1000.00,"100 מ""ל",false,,12.00,0.0120,true,1,141947
7290003029389,false,משקה חלב בננה 2% פקק,,,משקה חלב בננה 2% פקק,מיליליטרים,250.00,"100 מ""ל",false,,5.60,0.0224,true,1,141949
7290003029433,false,שוקו יטבתה 2% פקק יט,,,שוקו יטבתה 2% פקק יט,גרמים,250.00,100 גרם,false,,5.60,0.0224,true,1,134306
7290003029815,false,כד 2 ליטר חלב 3%- מה,,,כד 2 ליטר חלב 3%- מה,מיליליטרים,2000.00,"100 מ""ל",false,,15.60,0.0078,true,1,141952
7290003060009,false,קמח חיטה לבן בהיר 1,,,קמח חיטה לבן בהיר 1,גרמים,1000.00,100 גרם,false,,4.90,0.0049,true,1,143354
7290003060023,false,"סולת חיטה 1 ק""ג",,,"סולת חיטה 1 ק""ג",גרמים,1000.00,100 גרם,false,,5.90,0.0059,true,1,143355
7290003091263,true,צוואר טלה חלק,,,צוואר טלה חלק,קילוגרמים,1.00,"ק""ג",true,,0.00,0.0000,true,1,137282
7290003091294,true,רבע קדמי עגל כשר,,,רבע קדמי עגל כשר,קילוגרמים,1.00,"ק""ג",true,,0.00,0.0000,true,1,137283
7290003091461,true,קיט כתף כשר,,,קיט כתף כשר,קילוגרמים,1.00,"ק""ג",true,,0.00,0.0000,true,1,137284
7290003091522,true,"צוואר/צלעות ע""ע כשר",,,"צוואר/צלעות ע""ע כשר",קילוגרמים,1.00,"ק""ג",true,,0.00,0.0000,true,1,137285
7290003091591,true,כבד עגל כשר,,,כבד עגל כשר,קילוגרמים,1.00,"ק""ג",true,,0.00,0.0000,true,1,137286
7290003091607,true,בשר ראש כשר,,,בשר ראש כשר,קילוגרמים,1.00,"ק""ג",true,,0.00,0.0000,true,1,137287
7290003091614,true,ריאות עגל כשר,,,ריאות עגל כשר,קילוגרמים,1.00,"ק""ג",true,,0.00,0.0000,true,1,137288
7290003091737,true,פילה עגל כשר,,,פילה עגל כשר,קילוגרמים,1.00,"ק""ג",true,,0.00,0.0000,true,1,137289
7290003091751,true,רבע קדמי עגל בלי ריפ,,,רבע קדמי עגל בלי ריפ,קילוגרמים,1.00,"ק""ג",true,,0.00,0.0000,true,1,137290
7290003091768,true,קדמי טלה כשר,,,קדמי טלה כשר,קילוגרמים,1.00,"ק""ג",true,,0.00,0.0000,true,1,137291
7290003091775,true,זנב עגל כשר,,,זנב עגל כשר,קילוגרמים,1.00,"ק""ג",true,,0.00,0.0000,true,1,137292
7290003091782,true,לב עגל כשר,,,לב עגל כשר,קילוגרמים,1.00,"ק""ג",true,,0.00,0.0000,true,1,137293
7290003091799,true,לשון עגל כשר,,,לשון עגל כשר,קילוגרמים,1.00,"ק""ג",true,,0.00,0.0000,true,1,137294
7290003091836,true,צוואר צלעות עגל מפור,,,צוואר צלעות עגל מפור,קילוגרמים,1.00,"ק""ג",true,,0.00,0.0000,true,1,137295
7290003091843,true,קיט חלקי פנים עגל כש,,,קיט חלקי פנים עגל כש,קילוגרמים,1.00,"ק""ג",true,,0.00,0.0000,true,1,137296
7290003091874,true,סינטה עגל כשר,,,סינטה עגל כשר,קילוגרמים,1.00,"ק""ג",true,,0.00,0.0000,true,1,137297
7290003091881,true,אסאדו עגל כשר ארוז ו,,,אסאדו עגל כשר ארוז ו,קילוגרמים,1.00,"ק""ג",true,,0.00,0.0000,true,1,137298
7290003091935,true,כתף טלה כשר,,,כתף טלה כשר,קילוגרמים,1.00,"ק""ג",true,,0.00,0.0000,true,1,137299
7290003091966,true,צלעות טלה כשר,,,צלעות טלה כשר,קילוגרמים,1.00,"ק""ג",true,,0.00,0.0000,true,1,137300
7290003102150,true,"מזלגות ח""פ 100 יחידו",,,"מזלגות ח""פ 100 יחידו",,0.00,,false,,5.00,0.0000,true,1,137848
7290003102891,true,שקיות צלייה 10 יחידו,,,שקיות צלייה 10 יחידו,,0.00,,false,,5.00,0.0000,true,1,136189
7290003133505,false,לחם שיפונטו 750 גרם,,,לחם שיפונטו 750 גרם,גרמים,750.00,100 גרם,false,,11.90,0.0159,true,1,143141
7290003143146,false,ממרח תמרים קלית גת 4,,,ממרח תמרים קלית גת 4,גרמים,450.00,100 גרם,false,,5.90,0.0131,true,1,139257
7290003208579,true,וודקה גריי גוס 1 ליט,,,וודקה גריי גוס 1 ליט,,0.00,,false,,0.00,0.0000,true,1,137803
7290003220397,false,מעדני המלך סנדוויץ',,,מעדני המלך סנדוויץ',גרמים,150.00,100 גרם,false,,3.50,0.0233,true,1,146026
7290003220403,false,קרקר מלח מעדני מלך 1,,,קרקר מלח מעדני מלך 1,גרמים,110.00,100 גרם,false,,3.20,0.0291,true,1,153376
7290003220465,false,פתי בר שוקו מעדני מל,,,פתי בר שוקו מעדני מל,גרמים,500.00,100 גרם,false,,8.50,0.0170,true,1,153381
7290003220588,false,רוטב צי'לי מתוק ללא,,,רוטב צי'לי מתוק ללא,מיליליטרים,700.00,"100 מ""ל",false,,14.90,0.0213,true,1,150720
7290003220595,false,"ווק אורז לסושי 1 ק""ג",,,"ווק אורז לסושי 1 ק""ג",גרמים,1000.00,100 גרם,false,,12.90,0.0129,true,1,145057
7290003220649,false,ווק שמן שומשום 100%,,,ווק שמן שומשום 100%,מיליליטרים,150.00,"100 מ""ל",false,,14.50,0.0967,true,1,145058
7290003220717,false,אצות נורי לסושי ווק,,,אצות נורי לסושי ווק,Unknown,10.00,יחידה,false,,13.90,1.3900,true,1,145059
7290003220977,false,מעדני מלך ביסקוויט י,,,מעדני מלך ביסקוויט י,גרמים,175.00,100 גרם,false,,6.90,0.0394,true,1,151402
7290003222780,true,פיתות אסלי 5 יחידות,,,פיתות אסלי 5 יחידות,,0.00,,false,,0.00,0.0000,true,1,133047
7290003229147,false,סלמי בסגנון איטלקי 3,,,סלמי בסגנון איטלקי 3,גרמים,300.00,100 גרם,false,,27.90,0.0930,true,1,140824
7290003244331,false,עגבניות קוביות 800 ג,,,עגבניות קוביות 800 ג,גרמים,800.00,100 גרם,false,,8.90,0.0111,true,1,140340
7290003321155,false,דנונה בר פקאן 183 גר,,,דנונה בר פקאן 183 גר,גרמים,183.00,100 גרם,false,,4.80,0.0262,true,1,132804
7290003380008,true,נקטר תפוזים 1 ליטר,,,נקטר תפוזים 1 ליטר,,0.00,,false,,5.00,0.0000,true,1,134310
7290003380831,true,מיץ עגבניות 1 ליטר,,,מיץ עגבניות 1 ליטר,,0.00,,false,,5.00,0.0000,true,1,133665
7290003444009,false,ריזס שוקולד חלב במיל,,,ריזס שוקולד חלב במיל,גרמים,42.00,100 גרם,false,,4.90,0.1167,true,1,143848
7290003457861,false,סולרו קלאסיק חלבי -,,,סולרו קלאסיק חלבי -,Unknown,1.00,יחידה,false,,9.90,9.9000,true,1,145180
7290003464166,true,קיט אחורי עגל כשר בל,,,קיט אחורי עגל כשר בל,קילוגרמים,1.00,"ק""ג",true,,0.00,0.0000,true,1,137301
7290003464197,true,רוטפליש כשר,,,רוטפליש כשר,קילוגרמים,1.00,"ק""ג",true,,0.00,0.0000,true,1,137302
7290003464272,true,אוסובוקו עגל כשר,,,אוסובוקו עגל כשר,קילוגרמים,1.00,"ק""ג",true,,0.00,0.0000,true,1,137303
7290003464302,true,חזה טלה כשר,,,חזה טלה כשר,קילוגרמים,1.00,"ק""ג",true,,0.00,0.0000,true,1,137304
7290003464326,true,נתחים לקצב כשר,,,נתחים לקצב כשר,קילוגרמים,1.00,"ק""ג",true,,0.00,0.0000,true,1,137305
7290003490110,true,נייר טואלט ליטוף180,,,נייר טואלט ליטוף180,,0.00,,false,,0.00,0.0000,true,1,133531
7290003514007,false,שקדי מרק 400 גרם,,,שקדי מרק 400 גרם,גרמים,400.00,100 גרם,false,,10.90,0.0273,true,1,144096
7290003569021,false,כרובית,,,כרובית,Unknown,1.00,יחידה,false,,9.90,9.9000,true,1,145444
7290003578108,false,אננס חתוך 850 גרם,,,אננס חתוך 850 גרם,גרמים,850.00,100 גרם,false,,9.90,0.0116,true,1,155084
7290003578177,false,תירס גמדי 410 גרם,,,תירס גמדי 410 גרם,גרמים,410.00,100 גרם,false,,7.50,0.0183,true,1,133092
7290003578672,false,שמן חמניות מזוכך ויל,,,שמן חמניות מזוכך ויל,מיליליטרים,1000.00,"100 מ""ל",false,,13.90,0.0139,true,1,151073
7290003632442,false,מעדניה - פילה אמנון,,,מעדניה - פילה אמנון,קילוגרמים,1.00,"ק""ג",true,,31.90,31.9000,true,1,150077
7290003643646,false,סוכר דמררה בצנצנת סו,,,סוכר דמררה בצנצנת סו,גרמים,1000.00,100 גרם,false,,12.90,0.0129,true,1,143506
7290003643684,false,אפונה ירוקה יבשה סוג,,,אפונה ירוקה יבשה סוג,גרמים,500.00,100 גרם,false,,6.80,0.0136,true,1,139156
7290003643707,false,גריסים סוגת 500 גרם,,,גריסים סוגת 500 גרם,גרמים,500.00,100 גרם,false,,6.50,0.0130,true,1,133674
7290003643745,false,כוסמת סוגת 500 גרם,,,כוסמת סוגת 500 גרם,גרמים,500.00,100 גרם,false,,7.90,0.0158,true,1,136190
7290003643752,false,עדשים ירוקות סוגת 50,,,עדשים ירוקות סוגת 50,גרמים,500.00,100 גרם,false,,8.90,0.0178,true,1,133558
7290003643769,false,עדשים אדומות סוגת 50,,,עדשים אדומות סוגת 50,גרמים,500.00,100 גרם,false,,8.90,0.0178,true,1,132474
7290003643776,false,פופקורן סוגת 500 גרם,,,פופקורן סוגת 500 גרם,גרמים,500.00,100 גרם,false,,5.90,0.0118,true,1,132475
7290003726615,false,טופו ויילר 300 גרם,,,טופו ויילר 300 גרם,גרמים,300.00,100 גרם,false,,11.90,0.0397,true,1,147263
7290003804368,false,תיבולית בזיליקום קנו,,,תיבולית בזיליקום קנו,גרמים,72.00,100 גרם,false,,8.90,0.1236,true,1,144296
7290003805501,false,פתית שוודי חסכוני 30,,,פתית שוודי חסכוני 30,גרמים,300.00,100 גרם,false,,15.90,0.0530,true,1,142929
7290003807178,false,רוטב סויה בסגנון סינ,,,רוטב סויה בסגנון סינ,מיליליטרים,300.00,"100 מ""ל",false,,11.90,0.0397,true,1,144298
7290003864478,false,סרדין בשמן צמחי 110,,,סרדין בשמן צמחי 110,גרמים,110.00,100 גרם,false,,6.30,0.0573,true,1,133866
7290003882922,false,עלי גפן ממולא 400 גר,,,עלי גפן ממולא 400 גר,גרמים,400.00,100 גרם,false,,9.90,0.0248,true,1,139771
7290003893539,false,מעדניה - פילה אמנון,,,מעדניה - פילה אמנון,קילוגרמים,1.00,"ק""ג",true,,31.90,31.9000,true,1,149069
7290003896860,true,מים בטעם ענבים סאן ב,,,מים בטעם ענבים סאן ב,,0.00,,false,,5.00,0.0000,true,1,132970
7290003989539,false,רביולי גבינה 400 גרם,,,רביולי גבינה 400 גרם,גרמים,400.00,100 גרם,false,,19.90,0.0497,true,1,135779
7290004030025,true,לימונדה גלון 5 ליטר,,,לימונדה גלון 5 ליטר,,0.00,,false,,0.00,0.0000,true,1,134317
7290004030704,true,גלון תפוזים 2 ליטר,,,גלון תפוזים 2 ליטר,,0.00,,false,,0.00,0.0000,true,1,133747
7290004030872,true,"מיץ תות בננה 500  מ""",,,"מיץ תות בננה 500  מ""",,0.00,,false,,5.00,0.0000,true,1,133078
7290004048518,false,מעדניה - פילה אמנון,,,מעדניה - פילה אמנון,קילוגרמים,1.00,"ק""ג",true,,31.90,31.9000,true,1,149313
7290004048518,false,מעדניה - פילה אמנון,,,מעדניה - פילה אמנון,קילוגרמים,1.00,"ק""ג",true,,29.90,29.9000,true,1,149070
7290004048525,false,מעדניה - פילה אמנון,,,מעדניה - פילה אמנון,קילוגרמים,1.00,"ק""ג",true,,31.90,31.9000,true,1,140641
7290004048532,false,מעדניה - פילה אמנון,,,מעדניה - פילה אמנון,קילוגרמים,1.00,"ק""ג",true,,31.90,31.9000,true,1,149071
7290004063016,false,"מלח שולחן דק 1 ק""ג",,,"מלח שולחן דק 1 ק""ג",גרמים,1000.00,100 גרם,false,,2.07,0.0021,true,1,135346
7290004063016,false,"מלח שולחן דק 1 ק""ג",,,"מלח שולחן דק 1 ק""ג",גרמים,1000.00,100 גרם,false,,2.07,0.0021,true,1,143343
7290004063115,true,"מלח בישול 1 ק""ג",,,"מלח בישול 1 ק""ג",,0.00,,false,,1.50,0.0000,true,1,140766
7290004063115,false,"מלח עבה 1 ק""ג",,,"מלח עבה 1 ק""ג",גרמים,1000.00,100 גרם,false,,2.07,0.0021,true,1,143344
7290004120108,false,יופלה דיאט יוגורט דו,,,יופלה דיאט יוגורט דו,גרמים,150.00,100 גרם,false,,5.20,0.0347,true,1,149933
7290004122195,false,גוש חלב פרוס 200 גרם,,,גוש חלב פרוס 200 גרם,גרמים,200.00,100 גרם,false,,14.60,0.0730,true,1,140051
7290004122270,false,גבינה עמק פרוס 28% ב,,,גבינה עמק פרוס 28% ב,גרמים,200.00,100 גרם,false,,16.40,0.0820,true,1,140052
7290004122348,false,עמק לייט פרוס 9% 200,,,עמק לייט פרוס 9% 200,גרמים,200.00,100 גרם,false,,16.80,0.0840,true,1,135366
7290004122676,false,פיראוס חמד 5% גביע 2,,,פיראוס חמד 5% גביע 2,גרמים,250.00,100 גרם,false,,18.90,0.0756,true,1,140053
7290004122683,false,עמק אצבעות גבינה 28%,,,עמק אצבעות גבינה 28%,גרמים,172.00,100 גרם,false,,17.10,0.0994,true,1,147300
7290004124205,false,יופלה דיאט יוגורט תו,,,יופלה דיאט יוגורט תו,גרמים,150.00,100 גרם,false,,5.20,0.0347,true,1,140054
7290004125370,false,שמנת חמוצה 9% תנובה,,,שמנת חמוצה 9% תנובה,גרמים,200.00,100 גרם,false,,3.70,0.0185,true,1,153949
7290004125400,false,שלי אשל 4.5% תנובה 2,,,שלי אשל 4.5% תנובה 2,מיליליטרים,200.00,"100 מ""ל",false,,1.69,0.0084,true,1,139370
7290004125417,false,שלי גיל 3% תנובה 200,,,שלי גיל 3% תנובה 200,מיליליטרים,200.00,"100 מ""ל",false,,1.51,0.0076,true,1,139371
7290004125455,false,שמנת אורגינל 15% תנו,,,שמנת אורגינל 15% תנו,מיליליטרים,200.00,"100 מ""ל",false,,2.40,0.0120,true,1,139376
7290004125509,false,שמנת חמוצה 15% תנובה,,,שמנת חמוצה 15% תנובה,מיליליטרים,100.00,"100 מ""ל",false,,1.70,0.0170,true,1,153950
7290004125578,false,משקה סויה מועשר בסיד,,,משקה סויה מועשר בסיד,מיליליטרים,1000.00,"100 מ""ל",false,,11.90,0.0119,true,1,144676
7290004125585,false,משקה סויה בטעם וניל,,,משקה סויה בטעם וניל,מיליליטרים,1000.00,"100 מ""ל",false,,11.90,0.0119,true,1,144677
7290004125721,false,שמנת לבישול 15% השף,,,שמנת לבישול 15% השף,מיליליטרים,250.00,"100 מ""ל",false,,8.30,0.0332,true,1,138967
7290004125738,false,שמנת מתוקה להקצפה 32,,,שמנת מתוקה להקצפה 32,מיליליטרים,250.00,"100 מ""ל",false,,6.90,0.0276,true,1,145010
7290004125776,false,עמק גבינה צהובה פרוס,,,עמק גבינה צהובה פרוס,גרמים,400.00,100 גרם,false,,29.90,0.0747,true,1,146935
7290004127329,false,גבינת קוטג' 5% תנובה,,,גבינת קוטג' 5% תנובה,גרמים,250.00,100 גרם,false,,5.70,0.0228,true,1,133056
7290004127336,false,גבינת קוטג' 9% תנובה,,,גבינת קוטג' 9% תנובה,גרמים,250.00,100 גרם,false,,5.70,0.0228,true,1,136174
7290004127800,false,גבינה לבנה תנובה 5%,,,גבינה לבנה תנובה 5%,גרמים,500.00,100 גרם,false,,9.95,0.0199,true,1,139375
7290004127817,false,גבינה לבנה תנובה 9%,,,גבינה לבנה תנובה 9%,גרמים,500.00,100 גרם,false,,9.95,0.0199,true,1,139377
7290004128432,false,פתיתי לפיצה 500 גרם,,,פתיתי לפיצה 500 גרם,גרמים,500.00,100 גרם,false,,22.90,0.0458,true,1,147303
7290004129101,false,גבינת שמנת 25% בטעם,,,גבינת שמנת 25% בטעם,גרמים,225.00,100 גרם,false,,13.90,0.0618,true,1,138355
7290004129118,false,נפוליאון זיתים 225 ג,,,נפוליאון זיתים 225 ג,גרמים,225.00,100 גרם,false,,13.90,0.0618,true,1,137326
7290004130794,false,משקה סויה טבעי במתיק,,,משקה סויה טבעי במתיק,מיליליטרים,1000.00,"100 מ""ל",false,,11.50,0.0115,true,1,136694
7290004131074,false,חלב קרטון 3% תנובה 1,,,חלב קרטון 3% תנובה 1,מיליליטרים,1000.00,"100 מ""ל",false,,6.23,0.0062,true,1,133191
7290004132552,false,משקה סויה לייט בטעם,,,משקה סויה לייט בטעם,מיליליטרים,1000.00,"100 מ""ל",false,,11.90,0.0119,true,1,144678
7290004132712,false,עמק אצבעות מוצרלה תנ,,,עמק אצבעות מוצרלה תנ,גרמים,174.00,100 גרם,false,,17.10,0.0983,true,1,147299
7290004136154,false,משקה אייס קפה תנובה,,,משקה אייס קפה תנובה,מיליליטרים,340.00,"100 מ""ל",false,,7.50,0.0221,true,1,140060
7290004136437,true,חלב סויה 1 ליטר,,,חלב סויה 1 ליטר,,0.00,,false,,5.00,0.0000,true,1,133155
7290004136598,false,מארז הפסקת אוכל חלב,,,מארז הפסקת אוכל חלב,גרמים,150.00,100 גרם,false,,9.90,0.0660,true,1,140061
7290004136598,false,מארז הפסקת אוכל חלב,,,מארז הפסקת אוכל חלב,גרמים,150.00,100 גרם,false,,9.90,0.0660,true,1,140109
7290004136871,false,ג'לי אפרסק עם חתיכות,,,ג'לי אפרסק עם חתיכות,גרמים,125.00,100 גרם,false,,2.90,0.0232,true,1,132716
7290004137021,false,שמנת עמידה לבישול 10,,,שמנת עמידה לבישול 10,מיליליטרים,250.00,"100 מ""ל",false,,8.50,0.0340,true,1,147216
7290004137809,false,פיראוס לאבנה 5% גביע,,,פיראוס לאבנה 5% גביע,גרמים,250.00,100 גרם,false,,14.00,0.0560,true,1,140062
7290004225285,false,גבינה בסגנון דנאלבו,,,גבינה בסגנון דנאלבו,גרמים,100.00,100 גרם,false,,12.90,0.1290,true,1,140559
7290004225285,false,גבינה בסגנון דנאלבו,,,גבינה בסגנון דנאלבו,גרמים,100.00,100 גרם,false,,12.90,0.1290,true,1,140643
7290004228354,false,מעדניה - פילה אמנון,,,מעדניה - פילה אמנון,קילוגרמים,1.00,"ק""ג",true,,31.90,31.9000,true,1,149074
7290004228804,false,עלי סיגר שלושת האופי,,,עלי סיגר שלושת האופי,גרמים,450.00,100 גרם,false,,13.90,0.0309,true,1,154854
7290004492762,false,נשנושים בטעם תירס 32,,,נשנושים בטעם תירס 32,גרמים,325.00,100 גרם,false,,12.90,0.0397,true,1,144301
7290004554293,false,אסקימו ענבים,,,אסקימו ענבים,Unknown,1.00,יחידה,false,,2.90,2.9000,true,1,156309
7290004554781,false,אסקימו לימון,,,אסקימו לימון,Unknown,1.00,יחידה,false,,2.90,2.9000,true,1,145187
7290004554798,false,מטרה,,,מטרה,Unknown,1.00,יחידה,false,,6.00,6.0000,true,1,145188
7290004584528,false,דנונה ביו 1.7% 200 ג,,,דנונה ביו 1.7% 200 ג,גרמים,200.00,100 גרם,false,,3.70,0.0185,true,1,141953
7290004731670,false,סנו מטהר אויר דואופר,,,סנו מטהר אויר דואופר,מיליליטרים,330.00,"100 מ""ל",false,,12.90,0.0391,true,1,138765
7290004737719,false,אספרגוס שלם מקולף בצ,,,אספרגוס שלם מקולף בצ,גרמים,330.00,100 גרם,false,,10.90,0.0330,true,1,150345
7290004798055,true,מסבין סנטטי 230 גרם,,,מסבין סנטטי 230 גרם,,0.00,,false,,5.00,0.0000,true,1,133197
7290004923099,false,מים מינרלים עין גדי,,,מים מינרלים עין גדי,קילוגרמים,12.00,ליטר,false,,11.90,0.9917,true,1,143224
7290005020353,true,רום בקרדי לבן ליטר,,,רום בקרדי לבן ליטר,,0.00,,false,,0.00,0.0000,true,1,137804
7290005174513,false,חצילים במיונז 500 ג,,,חצילים במיונז 500 ג,גרמים,500.00,100 גרם,false,,15.90,0.0318,true,1,141215
7290005174551,false,סלט חומוס יום יום אח,,,סלט חומוס יום יום אח,גרמים,125.00,100 גרם,false,,5.70,0.0456,true,1,134030
7290005174575,false,סלט טחינה יום יום אח,,,סלט טחינה יום יום אח,גרמים,125.00,100 גרם,false,,5.70,0.0456,true,1,141955
7290005175428,false,קמח תירס אינסטנט 500,,,קמח תירס אינסטנט 500,גרמים,500.00,100 גרם,false,,5.90,0.0118,true,1,133096
7290005200786,false,תפוציפס שמנת ובצל 50,,,תפוציפס שמנת ובצל 50,גרמים,50.00,100 גרם,false,,4.30,0.0860,true,1,138212
7290005287206,false,טונה סטארקיסט בשמן 4,,,טונה סטארקיסט בשמן 4,גרמים,640.00,100 גרם,false,,25.90,0.0405,true,1,139017
7290005287251,false,נתחי טונה סטארקיסט ב,,,נתחי טונה סטארקיסט ב,גרמים,640.00,100 גרם,false,,25.90,0.0405,true,1,139018
7290005311444,false,בייגל ביס,,,בייגל ביס,Unknown,1.00,יחידה,false,,8.00,8.0000,true,1,157702
7290005326585,false,פסטו בזיליקום אוליבי,,,פסטו בזיליקום אוליבי,גרמים,180.00,100 גרם,false,,12.90,0.0717,true,1,140063
7290005437816,true,אננס חתוך 567 גרם,,,אננס חתוך 567 גרם,,0.00,,false,,5.00,0.0000,true,1,132618
7290005437847,true,אננס שלם 567 גרם,,,אננס שלם 567 גרם,,0.00,,false,,5.00,0.0000,true,1,132619
7290005549618,true,מרשמלו 180 גרם,,,מרשמלו 180 גרם,,0.00,,false,,5.00,0.0000,true,1,132581
7290005559907,false,פיצה משפחתית 100% גב,,,פיצה משפחתית 100% גב,גרמים,500.00,100 גרם,false,,24.90,0.0498,true,1,140159
7290005559914,false,פיצה משפחתית זיתים מ,,,פיצה משפחתית זיתים מ,גרמים,550.00,100 גרם,false,,24.90,0.0453,true,1,140160
7290005589494,true,חיטה מלאה תפוחה 200,,,חיטה מלאה תפוחה 200,,0.00,,false,,0.00,0.0000,true,1,132571
7290005591761,false,דבש טהור לחיץ 400 גר,,,דבש טהור לחיץ 400 גר,גרמים,400.00,100 גרם,false,,24.90,0.0622,true,1,139704
7290005678387,false,ענב אדום,,,ענב אדום,קילוגרמים,1.00,"ק""ג",true,,29.90,29.9000,true,1,153020
7290005678745,false,ענב אדום,,,ענב אדום,קילוגרמים,1.00,"ק""ג",true,,29.90,29.9000,true,1,153131
7290005686405,false,בננה צ`יפס 200 גרם ש,,,בננה צ`יפס 200 גרם ש,גרמים,200.00,100 גרם,false,,6.90,0.0345,true,1,155631
7290005838002,false,דניאלה וניל 150 גרם,,,דניאלה וניל 150 גרם,גרמים,150.00,100 גרם,false,,4.30,0.0287,true,1,134328
7290005839108,false,גבינה במרקם שמנת 5%,,,גבינה במרקם שמנת 5%,גרמים,200.00,100 גרם,false,,12.40,0.0620,true,1,139941
7290005839313,false,מילקי טופ מגולגלת 17,,,מילקי טופ מגולגלת 17,מיליליטרים,170.00,"100 מ""ל",false,,5.00,0.0294,true,1,132812
7290005854613,false,אסקימו תותי פרוטי,,,אסקימו תותי פרוטי,Unknown,1.00,יחידה,false,,2.90,2.9000,true,1,156310
7290005951039,false,כרובית,,,כרובית,Unknown,1.00,יחידה,false,,9.90,9.9000,true,1,150837
7290005992575,false,גבינה בולגרית למריחה,,,גבינה בולגרית למריחה,גרמים,250.00,100 גרם,false,,15.90,0.0636,true,1,140406
7290006199027,false,גלידל גלית תות 8,,,גלידל גלית תות 8,גרמים,600.00,100 גרם,false,,34.90,0.0582,true,1,156050
7290006199942,false,גלידל פרי דובדבן (8),,,גלידל פרי דובדבן (8),גרמים,640.00,100 גרם,false,,26.90,0.0420,true,1,156052
7290006251275,false,תה ירוק סיני,,,תה ירוק סיני,Unknown,25.00,יחידה,false,,26.90,1.0760,true,1,145504
7290006272072,false,חטיפי פיצה 24 יחידות,,,חטיפי פיצה 24 יחידות,גרמים,650.00,100 גרם,false,,34.50,0.0531,true,1,138131
7290006322104,false,לחם ריחיים קל פרוס 5,,,לחם ריחיים קל פרוס 5,גרמים,500.00,100 גרם,false,,12.90,0.0258,true,1,143145
7290006322111,false,לחמניות רחיים קלות 7,,,לחמניות רחיים קלות 7,גרמים,450.00,100 גרם,false,,12.90,0.0287,true,1,143146
7290006322128,false,לחמניות קלות 75 גרם,,,לחמניות קלות 75 גרם,גרמים,450.00,100 גרם,false,,8.90,0.0198,true,1,143147
7290006322166,false,לחמניות רגילות 6*75,,,לחמניות רגילות 6*75,Unknown,6.00,יחידה,false,,9.90,1.6500,true,1,151302
7290006322470,false,לחם קל 9דגנים 500גרם,,,לחם קל 9דגנים 500גרם,גרמים,500.00,100 גרם,false,,17.90,0.0358,true,1,149295
7290006322838,false,לחם קמח מלא 100% מאפ,,,לחם קמח מלא 100% מאפ,גרמים,750.00,100 גרם,false,,12.90,0.0172,true,1,143155
7290006342553,false,קבוקים 200 גר' שקית,,,קבוקים 200 גר' שקית,גרמים,200.00,100 גרם,false,,6.90,0.0345,true,1,151910
7290006342560,false,בוטן אמריקאי 200 גרם,,,בוטן אמריקאי 200 גרם,גרמים,200.00,100 גרם,false,,6.90,0.0345,true,1,151911
7290006378910,true,שקיות אוכל 150 יחידו,,,שקיות אוכל 150 יחידו,,0.00,,false,,5.00,0.0000,true,1,133358
7290006378996,true,ניילון נצמד גולד 30,,,ניילון נצמד גולד 30,,0.00,,false,,5.00,0.0000,true,1,133035
7290006492432,false,בייבי מוצרלה 18% 150,,,בייבי מוצרלה 18% 150,גרמים,150.00,100 גרם,false,,15.30,0.1020,true,1,135375
7290006492616,false,גבינה בולגרית מעודנת,,,גבינה בולגרית מעודנת,גרמים,250.00,100 גרם,false,,27.50,0.1100,true,1,140407
7290006511751,false,שלישית פטריות חתוך ו,,,שלישית פטריות חתוך ו,Unknown,3.00,יחידה,false,,12.90,4.3000,true,1,151490
7290006582539,false,חמוציות 250 גרם,,,חמוציות 250 גרם,גרמים,250.00,100 גרם,false,,10.90,0.0436,true,1,155635
7290006664655,false,"אקטימל לבן 8*100 מ""ל",,,"אקטימל לבן 8*100 מ""ל",מיליליטרים,800.00,"100 מ""ל",false,,22.70,0.0284,true,1,141220
7290006681003,false,גלידת קרמיסימו 1.33,,,גלידת קרמיסימו 1.33,מיליליטרים,1330.00,"100 מ""ל",false,,21.90,0.0165,true,1,145190
7290006681065,false,טעמקור XL,,,טעמקור XL,Unknown,1.00,יחידה,false,,7.90,7.9000,true,1,145191
7290006681553,false,קרמבו שטראוס וניל 8*,,,קרמבו שטראוס וניל 8*,Unknown,8.00,יחידה,false,,17.90,2.2375,true,1,139915
7290006681560,false,קרמבו בטעם מוקה שטרא,,,קרמבו בטעם מוקה שטרא,Unknown,8.00,יחידה,false,,17.90,2.2375,true,1,139916
7290006739292,false,פסטרמה תבור 330 גר',,,פסטרמה תבור 330 גר',גרמים,330.00,100 גרם,false,,29.90,0.0906,true,1,152931
7290006739414,false,סלמי קוניאק 300 גרם,,,סלמי קוניאק 300 גרם,גרמים,300.00,100 גרם,false,,29.90,0.0997,true,1,141523
7290006739421,false,נקניק סלמי מעושן איט,,,נקניק סלמי מעושן איט,גרמים,300.00,100 גרם,false,,29.90,0.0997,true,1,144171
7290006739445,false,שניצל תירס קלאסי 750,,,שניצל תירס קלאסי 750,גרמים,750.00,100 גרם,false,,23.90,0.0319,true,1,139845
7290006742315,false,פסטרמה חזה הודו ברבי,,,פסטרמה חזה הודו ברבי,גרמים,330.00,100 גרם,false,,29.90,0.0906,true,1,139854
7290006764072,true,גולדסטאר בקבוק 0.5 ל,,,גולדסטאר בקבוק 0.5 ל,,0.00,,false,,0.00,0.0000,true,1,134336
7290008158473,true,מפעל-גליל נייר תעשיי,,,מפעל-גליל נייר תעשיי,,0.00,,false,,2999.90,0.0000,true,1,136718
7290008330381,false,בדין דפים למייבש כבי,,,בדין דפים למייבש כבי,Unknown,40.00,יחידה,false,,17.90,0.4475,true,1,144307
7290008344272,false,המבורגר 100% 400 גרם,,,המבורגר 100% 400 גרם,גרמים,400.00,100 גרם,false,,19.90,0.0497,true,1,140665
7290008345170,false,מקרל חצאים דלידג 2.5,,,מקרל חצאים דלידג 2.5,קילוגרמים,1.00,"ק""ג",true,,104.90,104.9000,true,1,152587
7290008345583,false,איקרה ביתית ורוד 300,,,איקרה ביתית ורוד 300,גרמים,300.00,100 גרם,false,,20.90,0.0697,true,1,140669
7290008347181,false,מעדניה - פילה אמנון,,,מעדניה - פילה אמנון,קילוגרמים,1.00,"ק""ג",true,,31.90,31.9000,true,1,149072
7290008347891,false,מעדניה - פילה אמנון,,,מעדניה - פילה אמנון,קילוגרמים,1.00,"ק""ג",true,,31.90,31.9000,true,1,149073
7290008409582,false,שניצל עוף אמיתי בציפ,,,שניצל עוף אמיתי בציפ,גרמים,700.00,100 גרם,false,,44.90,0.0641,true,1,139627
7290008464116,true,חבית בירה גולדסטאר א,,,חבית בירה גולדסטאר א,,0.00,,false,,0.00,0.0000,true,1,137793
7290008464741,false,בירה גולד סטאר שישיי,,,בירה גולד סטאר שישיי,מיליליטרים,1980.00,"100 מ""ל",false,,38.40,0.0194,true,1,142958
7290008464765,true,שישיית בירה גולדסטאר,,,שישיית בירה גולדסטאר,,0.00,,false,,0.00,0.0000,true,1,133346
7290008645935,false,חומוס אחלה 750 גרם,,,חומוס אחלה 750 גרם,גרמים,750.00,100 גרם,false,,10.90,0.0145,true,1,141223
7290008693134,false,"דניאלה תות 150 מ""ל",,,"דניאלה תות 150 מ""ל",גרמים,150.00,100 גרם,false,,4.30,0.0287,true,1,134345
7290008713900,false,לחם שיפון עגול פרוס,,,לחם שיפון עגול פרוס,גרמים,750.00,100 גרם,false,,13.90,0.0185,true,1,144959
7290008745239,false,תפוציפס קראנצ' טבעי,,,תפוציפס קראנצ' טבעי,גרמים,50.00,100 גרם,false,,4.30,0.0860,true,1,138213
7290008750264,false,מאסט דובדבן מגדים 28,,,מאסט דובדבן מגדים 28,גרמים,28.00,100 גרם,false,,4.60,0.1643,true,1,135393
7290008753111,false,תפוציפס קראנצ מקסיקנ,,,תפוציפס קראנצ מקסיקנ,גרמים,50.00,100 גרם,false,,4.30,0.0860,true,1,138217
7290008753364,false,דוריטוס גריל 55 גרם,,,דוריטוס גריל 55 גרם,גרמים,55.00,100 גרם,false,,3.60,0.0655,true,1,132873
7290008753371,false,דוריטוס נאצ'ו 55 גרם,,,דוריטוס נאצ'ו 55 גרם,גרמים,55.00,100 גרם,false,,3.60,0.0655,true,1,134348
7290008753388,false,דוריטוס טבעי 55 גר,,,דוריטוס טבעי 55 גר,גרמים,55.00,100 גרם,false,,3.60,0.0655,true,1,141481
7290008754415,false,מאסט ספירמינט מגדים,,,מאסט ספירמינט מגדים,גרמים,28.00,100 גרם,false,,4.60,0.1643,true,1,134349
7290008757980,false,ספרינג קרטוניות רימו,,,ספרינג קרטוניות רימו,מיליליטרים,1000.00,"100 מ""ל",false,,7.40,0.0074,true,1,134350
7290008775816,false,ערגליות שוקולד שקית,,,ערגליות שוקולד שקית,גרמים,300.00,100 גרם,false,,10.90,0.0363,true,1,142843
7290008801850,false,יין לבן חצי יבש אמרל,,,יין לבן חצי יבש אמרל,מיליליטרים,750.00,"100 מ""ל",false,,29.90,0.0399,true,1,140897
7290008802529,false,יין לבן חצי יבש וינו,,,יין לבן חצי יבש וינו,מיליליטרים,750.00,"100 מ""ל",false,,21.90,0.0292,true,1,145150
7290008806305,false,פצפצים,,,פצפצים,Unknown,1.00,יחידה,false,,6.50,6.5000,true,1,145192
7290008846219,false,"שמן זית גרם 750 מ""ל",,,"שמן זית גרם 750 מ""ל",מיליליטרים,750.00,"100 מ""ל",false,,39.90,0.0532,true,1,140567
7290008909853,false,קולה ZERO בקבוק 500,,,קולה ZERO בקבוק 500,מיליליטרים,500.00,"100 מ""ל",false,,8.00,0.0160,true,1,137651
7290010002061,false,פלפל לבן טחון במיכל,,,פלפל לבן טחון במיכל,גרמים,100.00,100 גרם,false,,17.90,0.1790,true,1,142051
7290010002078,false,פלפל שחור טחון במיכל,,,פלפל שחור טחון במיכל,גרמים,100.00,100 גרם,false,,15.50,0.1550,true,1,139560
7290010002283,false,תיבול על האש במיכל ת,,,תיבול על האש במיכל ת,גרמים,100.00,100 גרם,false,,11.90,0.1190,true,1,142056
7290010002320,false,תיבול לגריל עוף במיכ,,,תיבול לגריל עוף במיכ,גרמים,100.00,100 גרם,false,,11.90,0.1190,true,1,139566
7290010002382,false,אורגנו במיכל תבליני,,,אורגנו במיכל תבליני,גרמים,40.00,100 גרם,false,,9.90,0.2475,true,1,139568
7290010002399,false,בזיליקום יבש במיכל ת,,,בזיליקום יבש במיכל ת,גרמים,40.00,100 גרם,false,,9.90,0.2475,true,1,142061
7290010002405,false,טימין במיכל תבליני מ,,,טימין במיכל תבליני מ,גרמים,40.00,100 גרם,false,,9.90,0.2475,true,1,142062
7290010002481,false,שום טחון במיכל תבלינ,,,שום טחון במיכל תבלינ,גרמים,100.00,100 גרם,false,,15.50,0.1550,true,1,139569
7290010002726,false,תיבול לפרגיות במיכל,,,תיבול לפרגיות במיכל,גרמים,100.00,100 גרם,false,,11.90,0.1190,true,1,142064
7290010003693,false,פפריקה מתוקה בשקית ת,,,פפריקה מתוקה בשקית ת,גרמים,80.00,100 גרם,false,,6.30,0.0787,true,1,142069
7290010003709,false,פלפל שחור טחון בשקית,,,פלפל שחור טחון בשקית,גרמים,50.00,100 גרם,false,,7.90,0.1580,true,1,142070
7290010003761,false,כורכום טחון בשקית תב,,,כורכום טחון בשקית תב,גרמים,80.00,100 גרם,false,,6.30,0.0787,true,1,142072
7290010065301,true,מחית סלט פירות 130 ג,,,מחית סלט פירות 130 ג,,0.00,,false,,5.00,0.0000,true,1,132598
7290010065721,true,מחית לפתן פירות 130,,,מחית לפתן פירות 130,,0.00,,false,,5.00,0.0000,true,1,132599
7290010117970,false,בוטנים אמריקאים 50 ג,,,בוטנים אמריקאים 50 ג,גרמים,50.00,100 גרם,false,,2.90,0.0580,true,1,136042
7290010119950,false,דוריטוס חמוץ חריף 55,,,דוריטוס חמוץ חריף 55,גרמים,55.00,100 גרם,false,,3.60,0.0655,true,1,132874
7290010237531,false,"פפסי קולה 500 מ""ל",,,"פפסי קולה 500 מ""ל",מיליליטרים,500.00,"100 מ""ל",false,,5.20,0.0104,true,1,132897
7290010237685,false,בירה הייניקן 330מל צ,,,בירה הייניקן 330מל צ,מיליליטרים,330.00,"100 מ""ל",false,,8.20,0.0248,true,1,155814
7290010259366,false,אטריות מסולסלות נודל,,,אטריות מסולסלות נודל,גרמים,200.00,100 גרם,false,,4.90,0.0245,true,1,151511
7290010259823,false,נודלס בטעם עוף מנת ה,,,נודלס בטעם עוף מנת ה,גרמים,70.00,100 גרם,false,,5.90,0.0843,true,1,142362
7290010259977,false,שמן קנולה 1 ליטר,,,שמן קנולה 1 ליטר,מיליליטרים,1000.00,"100 מ""ל",false,,10.90,0.0109,true,1,137658
7290010259991,false,צנימים ויליפוד 250 ג,,,צנימים ויליפוד 250 ג,גרמים,250.00,100 גרם,false,,8.90,0.0356,true,1,151492
7290010300815,true,סבון אסלה כחול,,,סבון אסלה כחול,,0.00,,false,,5.00,0.0000,true,1,133196
7290010321222,true,יולו white קרם פטסיי,,,יולו white קרם פטסיי,,0.00,,false,,5.00,0.0000,true,1,137807
7290010321239,true,יולו white קרמל מלוח,,,יולו white קרמל מלוח,,0.00,,false,,5.00,0.0000,true,1,137808
7290010328246,false,טחינה גולמית משומשום,,,טחינה גולמית משומשום,גרמים,500.00,100 גרם,false,,12.90,0.0258,true,1,137916
7290010352463,true,מפעל-ממרח אבוקדו,,,מפעל-ממרח אבוקדו,,0.00,,false,,2999.90,0.0000,true,1,134031
7290010471669,false,דנונה בר תות קורנפלק,,,דנונה בר תות קורנפלק,גרמים,175.00,100 גרם,false,,4.60,0.0263,true,1,137528
7290010627004,false,טחינה ירושלים 500 גר,,,טחינה ירושלים 500 גר,גרמים,500.00,100 גרם,false,,16.90,0.0338,true,1,139904
7290010770571,true,"אקוה פרש מנטה 75 מ""ל",,,"אקוה פרש מנטה 75 מ""ל",,0.00,,false,,5.00,0.0000,true,1,132600
7290010814244,false,שוקולד מריר 60% מוצק,,,שוקולד מריר 60% מוצק,גרמים,255.00,100 גרם,false,,10.90,0.0427,true,1,144853
7290010829385,true,מטליות לרצפה 10 יחיד,,,מטליות לרצפה 10 יחיד,,0.00,,false,,5.00,0.0000,true,1,133125
7290010829460,true,מגבונים להסרת איפור,,,מגבונים להסרת איפור,,0.00,,false,,5.00,0.0000,true,1,133565
7290010945146,false,גבינת קוטג' מועשרת 3,,,גבינת קוטג' מועשרת 3,גרמים,250.00,100 גרם,false,,5.50,0.0220,true,1,149709
7290010945450,false,גבינה לבנה 3% טרה 25,,,גבינה לבנה 3% טרה 25,גרמים,250.00,100 גרם,false,,4.98,0.0199,true,1,144423
7290010962082,true,תירס מתוק 550 גרם,,,תירס מתוק 550 גרם,,0.00,,false,,5.00,0.0000,true,1,133354
7290010984879,false,שום כתוש קפוא בצנצנת,,,שום כתוש קפוא בצנצנת,גרמים,200.00,100 גרם,false,,11.90,0.0595,true,1,145740
7290011017873,false,סליק קולה ZERO 330 מ,,,סליק קולה ZERO 330 מ,מיליליטרים,330.00,"100 מ""ל",false,,6.50,0.0197,true,1,133366
7290011018184,false,FUZE tea אפרסק 0.5 ל,,,FUZE tea אפרסק 0.5 ל,מיליליטרים,500.00,"100 מ""ל",false,,9.00,0.0180,true,1,147683
7290011018856,true,ארגז ריק קרלסברג,,,ארגז ריק קרלסברג,,0.00,,false,,0.00,0.0000,true,1,137525
7290011018924,false,שישיית פחיות דיאט קו,,,שישיית פחיות דיאט קו,מיליליטרים,1980.00,"100 מ""ל",false,,25.70,0.0130,true,1,144723
7290011133375,false,שישיית מכבי שנדי אפר,,,שישיית מכבי שנדי אפר,מיליליטרים,1980.00,"100 מ""ל",false,,31.90,0.0161,true,1,132888
7290011133849,true,חבית בירה גולדסטאר2,,,חבית בירה גולדסטאר2,,0.00,,false,,0.00,0.0000,true,1,137497
7290011148591,false,כרובית,,,כרובית,Unknown,1.00,יחידה,false,,9.90,9.9000,true,1,153171
7290011194215,false,דניאלה בננה 150 גרם,,,דניאלה בננה 150 גרם,גרמים,150.00,100 גרם,false,,4.30,0.0287,true,1,134362
7290011194246,false,גבינת קוטג 5% שטראוס,,,גבינת קוטג 5% שטראוס,גרמים,250.00,100 גרם,false,,5.90,0.0236,true,1,133716
7290011249212,false,ופלים בטעם לימון עלמ,,,ופלים בטעם לימון עלמ,גרמים,200.00,100 גרם,false,,3.50,0.0175,true,1,145783
7290011249748,false,רולים שוקו 100 גרם,,,רולים שוקו 100 גרם,גרמים,100.00,100 גרם,false,,3.90,0.0390,true,1,143358
7290011249755,false,רולים אגוז 100 גרם,,,רולים אגוז 100 גרם,גרמים,100.00,100 גרם,false,,3.90,0.0390,true,1,143359
7290011254063,true,מפעל-עדשים שחורות50,,,מפעל-עדשים שחורות50,,0.00,,false,,2999.00,0.0000,true,1,136012
7290011276010,true,חסה ערבית,,,חסה ערבית,,0.00,,false,,5.00,0.0000,true,1,133037
7290011407506,false,מגבונים לניקוי כללי,,,מגבונים לניקוי כללי,Unknown,400.00,יחידה,false,,19.90,0.0497,true,1,138325
7290011432775,false,שקית גופיה סופרקופיק,,,שקית גופיה סופרקופיק,Unknown,1.00,יחידה,false,,0.10,0.1000,true,1,147679
7290011438142,false,אייס קפה 2% יטבתה 35,,,אייס קפה 2% יטבתה 35,מיליליטרים,350.00,"100 מ""ל",false,,6.50,0.0186,true,1,141958
7290011486693,false,מרשמלו ורוד לבן וסטה,,,מרשמלו ורוד לבן וסטה,גרמים,30.00,100 גרם,false,,2.90,0.0967,true,1,142254
7290011489755,true,בייגלה טבעות עם מלח,,,בייגלה טבעות עם מלח,,0.00,,false,,5.00,0.0000,true,1,134363
7290011489762,true,בייגלה טבעות עם שומש,,,בייגלה טבעות עם שומש,,0.00,,false,,5.00,0.0000,true,1,134364
7290011499105,false,בולגרית מסורתית 5% 2,,,בולגרית מסורתית 5% 2,גרמים,250.00,100 גרם,false,,22.90,0.0916,true,1,140400
7290011499112,false,גבינה בולגרית 16% 25,,,גבינה בולגרית 16% 25,גרמים,250.00,100 גרם,false,,23.50,0.0940,true,1,140299
7290011499327,false,‏בולגרית מעודנת 5% 2,,,‏בולגרית מעודנת 5% 2,גרמים,250.00,100 גרם,false,,23.70,0.0948,true,1,140401
7290011530068,true,שוקיים ארוז 130 גרם,,,שוקיים ארוז 130 גרם,,0.00,,false,,5.00,0.0000,true,1,132760
7290011598211,false,אנטי קאלק מרסס 4 ב-,,,אנטי קאלק מרסס 4 ב-,מיליליטרים,750.00,"100 מ""ל",false,,18.90,0.0252,true,1,138756
7290011877101,false,סנומוד מטהר אוויר מא,,,סנומוד מטהר אוויר מא,מיליליטרים,150.00,"100 מ""ל",false,,10.90,0.0727,true,1,139237
7290012004889,true,מפעל-עדשים שחורות מה,,,מפעל-עדשים שחורות מה,,0.00,,false,,2999.00,0.0000,true,1,136036
7290012028472,true,מארז טבק נקסט פיין,,,מארז טבק נקסט פיין,,0.00,,false,,0.00,0.0000,true,1,137322
7290012028663,true,מארז טבק אל.אמ בלו,,,מארז טבק אל.אמ בלו,,0.00,,false,,0.00,0.0000,true,1,137917
7290012028755,true,פאקט-נקסט ריסס ארוך,,,פאקט-נקסט ריסס ארוך,,0.00,,false,,0.00,0.0000,true,1,137323
7290012030499,true,אל אמ לייט,,,אל אמ לייט,,0.00,,false,,31.00,0.0000,true,1,137836
7290012030574,true,אל אמ מנטה,,,אל אמ מנטה,,0.00,,false,,0.00,0.0000,true,1,137837
7290012123016,true,סושי הוסומאקי צימחונ,,,סושי הוסומאקי צימחונ,,0.00,,false,,5.00,0.0000,true,1,133342
7290012123023,true,סושי אינסייד אאוט,,,סושי אינסייד אאוט,,0.00,,false,,5.00,0.0000,true,1,133343
7290012226120,false,קבנוס זוגלובק 135 גר,,,קבנוס זוגלובק 135 גר,גרמים,135.00,100 גרם,false,,11.90,0.0881,true,1,139857
7290012226922,false,קבנוס עם שום 135 גרם,,,קבנוס עם שום 135 גרם,גרמים,135.00,100 גרם,false,,11.90,0.0881,true,1,145095
7290012227172,false,זוג פסטרמות במארז חר,,,זוג פסטרמות במארז חר,גרמים,600.00,100 גרם,false,,26.90,0.0448,true,1,139862
7290012228278,false,נקניקיות הודו -בקר (,,,נקניקיות הודו -בקר (,גרמים,310.00,100 גרם,false,,23.90,0.0771,true,1,139877
7290012313141,false,פרוסות מלפפונים במלח,,,פרוסות מלפפונים במלח,גרמים,540.00,100 גרם,false,,6.90,0.0128,true,1,150038
7290012313264,false,כרוב כבוש 560 גרם יב,,,כרוב כבוש 560 גרם יב,גרמים,560.00,100 גרם,false,,9.50,0.0170,true,1,140284
7290012483530,true,עגבניות מקולפות קובי,,,עגבניות מקולפות קובי,,0.00,,false,,5.00,0.0000,true,1,132509
7290012483547,true,עגבניות תמר שלמות מק,,,עגבניות תמר שלמות מק,,0.00,,false,,5.00,0.0000,true,1,133093
7290012526602,false,כוסות שתיה קרה 100 י,,,כוסות שתיה קרה 100 י,Unknown,100.00,יחידה,false,,7.90,0.0790,true,1,141137
7290012645297,false,יוגורט עיזים בטעם טב,,,יוגורט עיזים בטעם טב,גרמים,150.00,100 גרם,false,,5.80,0.0387,true,1,135879
7290012696510,true,"ג""ל לניקוי האסלה",,,"ג""ל לניקוי האסלה",,0.00,,false,,5.00,0.0000,true,1,133068
7290012803154,true,מואי גליליות עם קרם,,,מואי גליליות עם קרם,,0.00,,false,,5.00,0.0000,true,1,133158
7290012803192,true,מואי-גליליות עם אייר,,,מואי-גליליות עם אייר,,0.00,,false,,5.00,0.0000,true,1,133481
7290012871054,true,חיטה מלאה תפוחה 220,,,חיטה מלאה תפוחה 220,,0.00,,false,,5.00,0.0000,true,1,134376
7290012975189,true,"צלחות ח""פ גדולות 50",,,"צלחות ח""פ גדולות 50",,0.00,,false,,5.00,0.0000,true,1,132702
7290012975295,true,פלזית -קופיקס - מכסה,,,פלזית -קופיקס - מכסה,,0.00,,false,,0.00,0.0000,true,1,133696
7290012975301,true,"מכסה לכוס 250 מ""ל קו",,,"מכסה לכוס 250 מ""ל קו",,0.00,,false,,0.00,0.0000,true,1,133697
7290012984419,true,חמישייה טילון  שוקו,,,חמישייה טילון  שוקו,,0.00,,false,,0.00,0.0000,true,1,134378
7290013027399,false,לחם קל פרוס 100% קמח,,,לחם קל פרוס 100% קמח,גרמים,750.00,100 גרם,false,,13.90,0.0185,true,1,144960
7290013033220,true,קוסקוס 500 גרם,,,קוסקוס 500 גרם,,0.00,,false,,5.00,0.0000,true,1,132352
7290013038654,true,בירה חבית מכבי קופיק,,,בירה חבית מכבי קופיק,,0.00,,false,,0.00,0.0000,true,1,134379
7290013089809,false,מעדניה - פילה אמנון,,,מעדניה - פילה אמנון,קילוגרמים,1.00,"ק""ג",true,,31.90,31.9000,true,1,149075
7290013144232,false,פודינג וניל 80 גרם,,,פודינג וניל 80 גרם,גרמים,85.00,100 גרם,false,,5.00,0.0588,true,1,139578
7290013144393,false,מימונס תמצית בטעם ונ,,,מימונס תמצית בטעם ונ,גרמים,50.00,100 גרם,false,,4.90,0.0980,true,1,139581
7290013144409,false,מימונס תמצית בטעם רו,,,מימונס תמצית בטעם רו,גרמים,50.00,100 גרם,false,,5.20,0.1040,true,1,139582
7290013144416,false,מימונס תמצית בטעם שק,,,מימונס תמצית בטעם שק,גרמים,50.00,100 גרם,false,,5.20,0.1040,true,1,139583
7290013144751,false,סירופ בטעם מייפל 500,,,סירופ בטעם מייפל 500,מיליליטרים,500.00,"100 מ""ל",false,,13.90,0.0278,true,1,138374
7290013144768,false,סירופ בטעם שוקולד 50,,,סירופ בטעם שוקולד 50,מיליליטרים,500.00,"100 מ""ל",false,,13.90,0.0278,true,1,138375
7290013145178,false,מימונס קוקוס טחון לב,,,מימונס קוקוס טחון לב,גרמים,100.00,100 גרם,false,,5.00,0.0500,true,1,138574
7290013145192,false,מימונס שומשום 100 גר,,,מימונס שומשום 100 גר,גרמים,100.00,100 גרם,false,,4.60,0.0460,true,1,138575
7290013145451,false,אבקת קקאו 150 גרם שק,,,אבקת קקאו 150 גרם שק,גרמים,150.00,100 גרם,false,,9.50,0.0633,true,1,149817
7290013145529,false,סוכריות צבעוניות לקי,,,סוכריות צבעוניות לקי,גרמים,90.00,100 גרם,false,,6.50,0.0722,true,1,141849
7290013145840,false,סוכר וניל 10 יח' בצל,,,סוכר וניל 10 יח' בצל,גרמים,100.00,100 גרם,false,,2.50,0.0250,true,1,138576
7290013145857,false,אבקת אפיה 10 יח' בצל,,,אבקת אפיה 10 יח' בצל,גרמים,100.00,100 גרם,false,,2.50,0.0250,true,1,138376
7290013145949,false,אבקת סוכר פטנט 250 ג,,,אבקת סוכר פטנט 250 ג,גרמים,250.00,100 גרם,false,,16.90,0.0676,true,1,141853
7290013145956,false,שמרים יבשים בואקום 5,,,שמרים יבשים בואקום 5,גרמים,500.00,100 גרם,false,,13.90,0.0278,true,1,141854
7290013146427,false,מיני מרנג בצבע לבן 6,,,מיני מרנג בצבע לבן 6,גרמים,60.00,100 גרם,false,,15.90,0.2650,true,1,149092
7290013146441,false,מיני מרנג בצבע ורוד,,,מיני מרנג בצבע ורוד,גרמים,60.00,100 גרם,false,,15.90,0.2650,true,1,149094
7290013267665,false,מאגדת סולרו מיני קלא,,,מאגדת סולרו מיני קלא,Unknown,5.00,יחידה,false,,24.90,4.9800,true,1,145199
7290013269652,false,פוליווקס ג.פורצלן 2,,,פוליווקס ג.פורצלן 2,מיליליטרים,2000.00,"100 מ""ל",false,,21.90,0.0109,true,1,141913
7290013269751,false,מטליות לחות לריצפה ה,,,מטליות לחות לריצפה ה,Unknown,1.00,יחידה,false,,12.90,12.9000,true,1,146218
7290013284273,true,זיתים ירוקים בינוניי,,,זיתים ירוקים בינוניי,,0.00,,false,,5.00,0.0000,true,1,132626
7290013284310,false,רוטב פסטה לילדים פרי,,,רוטב פסטה לילדים פרי,גרמים,240.00,100 גרם,false,,5.90,0.0246,true,1,132627
7290013284510,true,מפעל-מלפפון קוביות ב,,,מפעל-מלפפון קוביות ב,קילוגרמים,1.00,"ק""ג",true,,2999.90,2999.9000,true,1,135893
7290013284662,false,רוטב פיצה פיתה פריני,,,רוטב פיצה פיתה פריני,גרמים,240.00,100 גרם,false,,5.90,0.0246,true,1,132628
7290013358356,false,פירורי לחם מוזהבים מ,,,פירורי לחם מוזהבים מ,גרמים,320.00,100 גרם,false,,7.90,0.0247,true,1,143234
7290013358417,false,רוטב טריאקי מאסטר שף,,,רוטב טריאקי מאסטר שף,מיליליטרים,300.00,"100 מ""ל",false,,10.90,0.0363,true,1,149246
7290013382740,true,טוסטר להכנה בחנות,,,טוסטר להכנה בחנות,,0.00,,false,,0.00,0.0000,true,1,135202
7290013472199,false,ערמונים קלופים וקלוי,,,ערמונים קלופים וקלוי,גרמים,100.00,100 גרם,false,,5.90,0.0590,true,1,133020
7290013472311,true,מקרלים בשמן זית 120,,,מקרלים בשמן זית 120,,0.00,,false,,5.00,0.0000,true,1,133094
7290013540867,true,מפעל -נתחי טונה בהיר,,,מפעל -נתחי טונה בהיר,קילוגרמים,1.00,"ק""ג",true,,2999.90,2999.9000,true,1,134385
7290013584311,true,ארגז פיקדון של טובור,,,ארגז פיקדון של טובור,,0.00,,false,,0.00,0.0000,true,1,135497
7290013584496,true,ארגז פיקדון טובורג2,,,ארגז פיקדון טובורג2,,0.00,,false,,0.00,0.0000,true,1,135511
7290013585387,false,קוקה קולה זירו בקבוק,,,קוקה קולה זירו בקבוק,מיליליטרים,1000.00,"100 מ""ל",false,,7.10,0.0071,true,1,135233
7290013585394,false,קוקה קולה בקבוק 1 לי,,,קוקה קולה בקבוק 1 לי,מיליליטרים,1000.00,"100 מ""ל",false,,7.80,0.0078,true,1,135234
7290013585967,false,שישיית פחיות ספרייט,,,שישיית פחיות ספרייט,מיליליטרים,1980.00,"100 מ""ל",false,,25.70,0.0130,true,1,144724
7290013843050,false,כוסות שתיה קרה 100 י,,,כוסות שתיה קרה 100 י,Unknown,100.00,יחידה,false,,7.90,0.0790,true,1,144569
7290013847102,false,נתחי טונה בשמן סטארק,,,נתחי טונה בשמן סטארק,גרמים,240.00,100 גרם,false,,13.90,0.0579,true,1,146024
7290013847225,true,מפעל-ס.ק פאוצ נתחי ט,,,מפעל-ס.ק פאוצ נתחי ט,קילוגרמים,1.00,"ק""ג",true,,0.00,0.0000,true,1,136584
7290013847645,false,טונה בהירה בשמן זית,,,טונה בהירה בשמן זית,גרמים,240.00,100 גרם,false,,19.90,0.0829,true,1,146505
7290013847867,false,טונה בהירה בשמן קנול,,,טונה בהירה בשמן קנול,גרמים,280.00,100 גרם,false,,12.90,0.0461,true,1,153909
7290013849205,false,כוסות שתיה קרה 100 י,,,כוסות שתיה קרה 100 י,Unknown,100.00,יחידה,false,,7.90,0.0790,true,1,149496
7290014002203,false,חליטת לימונית לואיזה,,,חליטת לימונית לואיזה,Unknown,25.00,יחידה,false,,18.90,0.7560,true,1,139909
7290014002944,false,חליטת חמדת השקד הגן,,,חליטת חמדת השקד הגן,Unknown,25.00,יחידה,false,,18.90,0.7560,true,1,142518
7290014094543,false,תרסיס שמן קנולה שקדי,,,תרסיס שמן קנולה שקדי,מיליליטרים,170.00,"100 מ""ל",false,,14.90,0.0876,true,1,153269
7290014094628,false,פקאן טבעי 200 קופסא,,,פקאן טבעי 200 קופסא,גרמים,200.00,100 גרם,false,,27.90,0.1395,true,1,155643
7290014094642,false,קשיו טבעי 250 בקופסא,,,קשיו טבעי 250 בקופסא,גרמים,250.00,100 גרם,false,,24.90,0.0996,true,1,155644
7290014094833,false,צימוק בהיר שקית 300,,,צימוק בהיר שקית 300,גרמים,300.00,100 גרם,false,,14.90,0.0497,true,1,155648
7290014126145,true,מואי גליליות שוקולד,,,מואי גליליות שוקולד,,0.00,,false,,5.00,0.0000,true,1,133159
7290014126152,true,מואי שכבות ביסקוויט,,,מואי שכבות ביסקוויט,,0.00,,false,,5.00,0.0000,true,1,133482
7290014126725,true,מואי-עוגיות קוקוס עם,,,מואי-עוגיות קוקוס עם,,0.00,,false,,5.00,0.0000,true,1,134395
7290014174092,false,מיני דונאטס חנוכה,,,מיני דונאטס חנוכה,Unknown,1.00,יחידה,false,,6.00,6.0000,true,1,144849
7290014217188,true,פלפל שחור טחון 25 גר,,,פלפל שחור טחון 25 גר,,0.00,,false,,5.00,0.0000,true,1,132667
7290014236189,true,סבון אסלה כחול בודד,,,סבון אסלה כחול בודד,,0.00,,false,,5.00,0.0000,true,1,132585
7290014356146,true,מפעל-פסטה מסולסלת 5,,,מפעל-פסטה מסולסלת 5,,0.00,,false,,0.00,0.0000,true,1,136004
7290014356245,true,מפעל-שמן קנולה 1 ליט,,,מפעל-שמן קנולה 1 ליט,קילוגרמים,1.00,"ק""ג",true,,0.00,0.0000,true,1,136465
7290014356269,true,מפעל-שמן קנולה 3 ליט,,,מפעל-שמן קנולה 3 ליט,,0.00,,false,,0.00,0.0000,true,1,135985
7290014455467,false,מעדן שיבולת שועל וחל,,,מעדן שיבולת שועל וחל,גרמים,150.00,100 גרם,false,,6.00,0.0400,true,1,135377
7290014459281,true,תפוגן 150 גרם,,,תפוגן 150 גרם,,0.00,,false,,5.00,0.0000,true,1,132410
7290014472136,false,גרעין שחור קלוי  150,,,גרעין שחור קלוי  150,גרמים,150.00,100 גרם,false,,4.90,0.0327,true,1,157621
7290014603028,false,סולרו תות יחידתי,,,סולרו תות יחידתי,Unknown,1.00,יחידה,false,,9.90,9.9000,true,1,150771
7290014639560,true,דאודורנט גרנייה מיני,,,דאודורנט גרנייה מיני,,0.00,,false,,5.00,0.0000,true,1,132922
7290014692299,false,גבינת ברי עם עובש לב,,,גבינת ברי עם עובש לב,גרמים,125.00,100 גרם,false,,20.90,0.1672,true,1,145311
7290014692305,false,גבינת קממבר בשלה עם,,,גבינת קממבר בשלה עם,גרמים,125.00,100 גרם,false,,20.90,0.1672,true,1,135768
7290014692565,false,גרעיני תירס מתוק ויל,,,גרעיני תירס מתוק ויל,גרמים,320.00,100 גרם,false,,6.50,0.0203,true,1,150353
7290014692626,true,עוגיות איטלקיות מובח,,,עוגיות איטלקיות מובח,,0.00,,false,,5.00,0.0000,true,1,133069
7290014747043,true,עוף טוב פסטרמה חזה ע,,,עוף טוב פסטרמה חזה ע,,0.00,,false,,0.00,0.0000,true,1,137265
7290014748101,true,עוף טוב דלי סלמי איט,,,עוף טוב דלי סלמי איט,,0.00,,false,,0.00,0.0000,true,1,137270
7290014749245,false,צ'ונגו רצועות שניצל,,,צ'ונגו רצועות שניצל,100 0,600.00,100 0,false,,34.90,0.0582,true,1,149512
7290014759084,false,נפוליאון גבינת שמנת,,,נפוליאון גבינת שמנת,גרמים,225.00,100 גרם,false,,14.90,0.0662,true,1,137452
7290014759497,true,"קוטג 125 5% ""גרם",,,"קוטג 125 5% ""גרם",,0.00,,false,,5.00,0.0000,true,1,133007
7290014759978,false,קצקבל גלעד 27% פלח 2,,,קצקבל גלעד 27% פלח 2,גרמים,200.00,100 גרם,false,,25.90,0.1295,true,1,145035
7290014759985,false,פלח פרמזן גבע 23% 20,,,פלח פרמזן גבע 23% 20,גרמים,200.00,100 גרם,false,,23.90,0.1195,true,1,145036
7290014760141,false,משקה שקדים טרי 1 ליט,,,משקה שקדים טרי 1 ליט,מיליליטרים,1000.00,"100 מ""ל",false,,14.80,0.0148,true,1,145038
7290014761056,false,מעדן חלב עם שוקולד ח,,,מעדן חלב עם שוקולד ח,גרמים,123.00,100 גרם,false,,5.00,0.0407,true,1,134399
7290014761063,false,מעדן חלב עם שוקולד מ,,,מעדן חלב עם שוקולד מ,גרמים,123.00,100 גרם,false,,5.00,0.0407,true,1,135979
7290014761070,false,מעדן חלב עם שוקולד ל,,,מעדן חלב עם שוקולד ל,גרמים,123.00,100 גרם,false,,5.00,0.0407,true,1,134400
7290014761414,false,מעדן חלב עם שכבות שו,,,מעדן חלב עם שכבות שו,גרמים,123.00,100 גרם,false,,5.00,0.0407,true,1,134401
7290014761612,false,מעדן שכבות שוקולד לב,,,מעדן שכבות שוקולד לב,גרמים,123.00,100 גרם,false,,5.00,0.0407,true,1,135980
7290014761872,true,"חלב קרטון 800 3% מ""ל",,,"חלב קרטון 800 3% מ""ל",,0.00,,false,,5.00,0.0000,true,1,132752
7290014762473,true,משקה אורז מועשר 1 לי,,,משקה אורז מועשר 1 לי,,0.00,,false,,5.00,0.0000,true,1,134402
7290014762756,false,נפוליאון גבינת שמנת,,,נפוליאון גבינת שמנת,גרמים,225.00,100 גרם,false,,14.90,0.0662,true,1,147150
7290014762800,false,מעדן סויה שוקולד גבי,,,מעדן סויה שוקולד גבי,גרמים,125.00,100 גרם,false,,4.70,0.0376,true,1,144683
7290014787476,true,מפעל-רוטב סויה קיקומ,,,מפעל-רוטב סויה קיקומ,,0.00,,false,,0.00,0.0000,true,1,136601
7290014860315,true,מפעל-שומשום שחור קלו,,,מפעל-שומשום שחור קלו,,0.00,,false,,0.00,0.0000,true,1,134033
7290014940901,false,לחם פשוט מלא 750 גרם,,,לחם פשוט מלא 750 גרם,גרמים,750.00,100 גרם,false,,13.90,0.0185,true,1,144961
7290014945654,true,מדליק פחמים ועץ,,,מדליק פחמים ועץ,,0.00,,false,,5.00,0.0000,true,1,135855
7290014974562,false,גביעי גלידה קלאסיים,,,גביעי גלידה קלאסיים,Unknown,24.00,יחידה,false,,8.90,0.3708,true,1,143363
7290015009034,true,עלי טורטיה מקמח לבן,,,עלי טורטיה מקמח לבן,,0.00,,false,,5.00,0.0000,true,1,132692
7290015014182,false,לבבות קיסר בשקית רמי,,,לבבות קיסר בשקית רמי,Unknown,1.00,יחידה,false,,9.90,9.9000,true,1,145846
7290015014274,false,צנוניות רמי לוי 500,,,צנוניות רמי לוי 500,גרמים,500.00,100 גרם,false,,5.90,0.0118,true,1,145848
7290015014427,false,אורגנו,,,אורגנו,Unknown,1.00,יחידה,false,,5.90,5.9000,true,1,145849
7290015039222,true,שלישיית נתחי טונה בה,,,שלישיית נתחי טונה בה,,0.00,,false,,5.00,0.0000,true,1,133169
7290015039246,false,נתחי טונה בהירה בשמן,,,נתחי טונה בהירה בשמן,גרמים,640.00,100 גרם,false,,21.90,0.0342,true,1,138313
7290015039338,false,נתחי טונה במי מלח וי,,,נתחי טונה במי מלח וי,גרמים,640.00,100 גרם,false,,21.90,0.0342,true,1,138314
7290015039925,true,מיץ לימון משומר 200,,,מיץ לימון משומר 200,,0.00,,false,,5.00,0.0000,true,1,132947
7290015042291,true,"רוטב צ""ימיצ""ורי",,,"רוטב צ""ימיצ""ורי",,0.00,,false,,5.00,0.0000,true,1,134407
7290015057516,true,עוגיות עם מילוי שוקו,,,עוגיות עם מילוי שוקו,,0.00,,false,,5.00,0.0000,true,1,134408
7290015057523,true,עוגיות עם מילוי וניל,,,עוגיות עם מילוי וניל,,0.00,,false,,5.00,0.0000,true,1,134409
7290015139519,false,אגו מיקס קוביות וופל,,,אגו מיקס קוביות וופל,גרמים,55.00,100 גרם,false,,3.90,0.0709,true,1,139933
7290015139731,true,שלשות שוקולד מריר85,,,שלשות שוקולד מריר85,,0.00,,false,,0.00,0.0000,true,1,138000
7290015139748,true,שלשות שוקולד חלב כשל,,,שלשות שוקולד חלב כשל,,0.00,,false,,0.00,0.0000,true,1,138001
7290015139762,true,שלשות שוקולד מריר עם,,,שלשות שוקולד מריר עם,,0.00,,false,,0.00,0.0000,true,1,134412
7290015150088,false,מחית עגבניות קלה גרא,,,מחית עגבניות קלה גרא,גרמים,700.00,100 גרם,false,,12.90,0.0184,true,1,149394
7290015150118,false,עגבניות חתוכות דק 3*,,,עגבניות חתוכות דק 3*,גרמים,1200.00,100 גרם,false,,17.90,0.0149,true,1,142634
7290015164856,false,מחית קארי אדומה 400,,,מחית קארי אדומה 400,גרמים,400.00,100 גרם,false,,19.90,0.0497,true,1,149905
7290015193832,false,ארומה קרקר שומשום 30,,,ארומה קרקר שומשום 30,גרמים,300.00,100 גרם,false,,7.50,0.0250,true,1,143913
7290015193849,false,ארומה קרקר מלח 300גר,,,ארומה קרקר מלח 300גר,גרמים,300.00,100 גרם,false,,7.50,0.0250,true,1,143914
7290015339360,true,חצאי אפרסק 410 גרם,,,חצאי אפרסק 410 גרם,,0.00,,false,,5.00,0.0000,true,1,132621
7290015348447,true,"תירוש 750 מ""ל",,,"תירוש 750 מ""ל",,0.00,,false,,5.00,0.0000,true,1,134420
7290015437554,true,נתחי טונה בשמן 80 גר,,,נתחי טונה בשמן 80 גר,,0.00,,false,,5.00,0.0000,true,1,133361
7290015470063,true,"קרם גוף 200 מ""ל",,,"קרם גוף 200 מ""ל",,0.00,,false,,5.00,0.0000,true,1,133200
7290015530828,true,חלה מתוקה 250 גרם,,,חלה מתוקה 250 גרם,,0.00,,false,,5.00,0.0000,true,1,132414
7290015530910,false,חלה חצי מתוקה 350 גר,,,חלה חצי מתוקה 350 גר,גרמים,350.00,100 גרם,false,,5.90,0.0169,true,1,133173
7290015553858,true,"מפעל-שומשום בד""ץ 1 ק",,,"מפעל-שומשום בד""ץ 1 ק",,0.00,,false,,0.00,0.0000,true,1,134891
7290015597210,false,מאגדת קורנטו וניל פר,,,מאגדת קורנטו וניל פר,Unknown,6.00,יחידה,false,,34.90,5.8167,true,1,145202
7290015597937,false,קורנטו קלאסיק וניל,,,קורנטו קלאסיק וניל,Unknown,1.00,יחידה,false,,7.00,7.0000,true,1,145203
7290015640695,true,"ג""ל לכביסה ירוק 500",,,"ג""ל לכביסה ירוק 500",,0.00,,false,,5.00,0.0000,true,1,132482
7290015640725,true,"תחליב רחצה 500 מ""ל",,,"תחליב רחצה 500 מ""ל",,0.00,,false,,5.00,0.0000,true,1,132464
7290015640732,true,שמפו לכל סוגי השיער,,,שמפו לכל סוגי השיער,,0.00,,false,,5.00,0.0000,true,1,132465
7290015640770,true,"דאודורנט לגבר 40 מ""ל",,,"דאודורנט לגבר 40 מ""ל",,0.00,,false,,5.00,0.0000,true,1,132484
7290015644310,true,סמבוסק פלאפל טחינה,,,סמבוסק פלאפל טחינה,,0.00,,false,,5.00,0.0000,true,1,134424
7290015644327,true,סמבוסק תפוח אדמה,,,סמבוסק תפוח אדמה,,0.00,,false,,5.00,0.0000,true,1,134425
7290015652087,false,תערובת פיצוחים 150 ג,,,תערובת פיצוחים 150 ג,גרמים,150.00,100 גרם,false,,12.90,0.0860,true,1,151925
7290015681148,false,נגיסי תירס רמי לוי 7,,,נגיסי תירס רמי לוי 7,גרמים,750.00,100 גרם,false,,19.90,0.0265,true,1,145749
7290015681780,false,גרנולה פירות 400 גרם,,,גרנולה פירות 400 גרם,גרמים,400.00,100 גרם,false,,10.90,0.0273,true,1,147293
7290015834339,false,דבש בצנצנת רמי לוי 3,,,דבש בצנצנת רמי לוי 3,גרמים,350.00,100 גרם,false,,16.90,0.0483,true,1,139103
7290015835060,false,כריות קרצוף 10 יחידו,,,כריות קרצוף 10 יחידו,Unknown,10.00,יחידה,false,,5.90,0.5900,true,1,138332
7290015835077,false,ברזלית 4 יח במארז,,,ברזלית 4 יח במארז,Unknown,4.00,יחידה,false,,7.90,1.9750,true,1,151679
7290015835114,false,צמר פלדה 100 גרם,,,צמר פלדה 100 גרם,גרמים,100.00,100 גרם,false,,4.50,0.0450,true,1,147823
7290015835435,false,מוזלי אגוזים רמי לוי,,,מוזלי אגוזים רמי לוי,גרמים,400.00,100 גרם,false,,10.40,0.0260,true,1,147295
7290015835756,false,שיבולת שועל דקה 500,,,שיבולת שועל דקה 500,גרמים,500.00,100 גרם,false,,4.90,0.0098,true,1,139348
7290015835763,false,שיבולת שועל עבה 500,,,שיבולת שועל עבה 500,גרמים,500.00,100 גרם,false,,4.90,0.0098,true,1,139349
7290015835930,false,מגבות נייר רמי לוי 8,,,מגבות נייר רמי לוי 8,Unknown,8.00,יחידה,false,,13.90,1.7375,true,1,150698
7290015835954,false,מפיות רמי לוי 100 יח,,,מפיות רמי לוי 100 יח,Unknown,100.00,יחידה,false,,5.50,0.0550,true,1,142182
7290015835978,false,ממחטות טישו רמי לוי,,,ממחטות טישו רמי לוי,Unknown,5.00,יחידה,false,,13.90,2.7800,true,1,142183
7290015866132,false,כרובית,,,כרובית,Unknown,1.00,יחידה,false,,9.90,9.9000,true,1,151455
7290015968089,true,"צלחות פלסטיק 17 ס""מ",,,"צלחות פלסטיק 17 ס""מ",,0.00,,false,,5.00,0.0000,true,1,135811
7290015968256,true,מטאטא ג'וליה *,,,מטאטא ג'וליה *,,0.00,,false,,0.00,0.0000,true,1,144498
7290015979641,true,ברוקולי זנזורי,,,ברוקולי זנזורי,,0.00,,false,,0.00,0.0000,true,1,137069
7290016087147,false,פריניר רוטב פיצה מרג,,,פריניר רוטב פיצה מרג,גרמים,240.00,100 גרם,false,,5.90,0.0246,true,1,140341
7290016087475,false,עגבניות חתוכות דק פר,,,עגבניות חתוכות דק פר,גרמים,0.00,100 גרם,false,,4.90,0.0000,true,1,156880
7290016087499,false,עגבניות חתוכות דק פר,,,עגבניות חתוכות דק פר,גרמים,400.00,100 גרם,false,,12.90,0.0323,true,1,140344
7290016106107,true,קרקר עגבניות ובזיליק,,,קרקר עגבניות ובזיליק,,0.00,,false,,5.00,0.0000,true,1,134859
7290016144024,false,קמח כוסמין מלא 100%,,,קמח כוסמין מלא 100%,גרמים,1000.00,100 גרם,false,,17.90,0.0179,true,1,147887
7290016144031,false,קמח חיטה לבן מנופה נ,,,קמח חיטה לבן מנופה נ,גרמים,1000.00,100 גרם,false,,7.90,0.0079,true,1,147883
7290016150117,false,סלק מבושל בוואקום,,,סלק מבושל בוואקום,גרמים,500.00,100 גרם,false,,5.90,0.0118,true,1,143507
7290016233773,true,רוטב טריאקי כשלפ 300,,,רוטב טריאקי כשלפ 300,,0.00,,false,,5.00,0.0000,true,1,135444
7290016255539,true,תחליב הגנה SPF50,,,תחליב הגנה SPF50,,0.00,,false,,5.00,0.0000,true,1,133894
7290016270273,false,כרובית,,,כרובית,Unknown,1.00,יחידה,false,,9.90,9.9000,true,1,145778
7290016272796,false,נייר טואלט רמי לוי 3,,,נייר טואלט רמי לוי 3,Unknown,30.00,יחידה,false,,29.90,0.9967,true,1,142180
7290016272802,false,מגבות נייר רמי לוי 6,,,מגבות נייר רמי לוי 6,Unknown,6.00,יחידה,false,,10.90,1.8167,true,1,142184
7290016273182,false,רמי לוי צ'יפס אמריקא,,,רמי לוי צ'יפס אמריקא,גרמים,1500.00,100 גרם,false,,18.90,0.0126,true,1,141401
7290016304060,false,חלה רגילה 500 גרם,,,חלה רגילה 500 גרם,גרמים,500.00,100 גרם,false,,5.17,0.0103,true,1,144049
7290016304237,false,חלה רגילה עגולה 500,,,חלה רגילה עגולה 500,גרמים,500.00,100 גרם,false,,5.17,0.0103,true,1,144050
7290016304404,false,לחם קוביות כוסמין 60,,,לחם קוביות כוסמין 60,גרמים,600.00,100 גרם,false,,16.90,0.0282,true,1,143168
7290016304596,false,לחמניות רגילות דוידו,,,לחמניות רגילות דוידו,גרמים,750.00,100 גרם,false,,12.90,0.0172,true,1,147417
7290016304640,false,לחמנייה 100% קמח כוס,,,לחמנייה 100% קמח כוס,גרמים,360.00,100 גרם,false,,10.90,0.0303,true,1,143170
7290016334050,false,סלרי חתוך,,,סלרי חתוך,Unknown,1.00,יחידה,false,,5.90,5.9000,true,1,145855
7290016334166,false,לוף רגיל ארוז,,,לוף רגיל ארוז,Unknown,1.00,יחידה,false,,7.90,7.9000,true,1,145857
7290016334173,false,פלפלונים רמי לוי,,,פלפלונים רמי לוי,Unknown,1.00,יחידה,false,,9.90,9.9000,true,1,145858
7290016334180,false,מלפפון בייבי רמי לוי,,,מלפפון בייבי רמי לוי,Unknown,1.00,יחידה,false,,9.90,9.9000,true,1,145859
7290016334296,false,ברוקולי רמי לוי,,,ברוקולי רמי לוי,Unknown,1.00,יחידה,false,,12.90,12.9000,true,1,145861
7290016334319,false,קישוא זוקיני,,,קישוא זוקיני,Unknown,1.00,יחידה,false,,9.90,9.9000,true,1,146131
7290016334388,false,פלפל צ'ילי רמי לוי,,,פלפל צ'ילי רמי לוי,Unknown,1.00,יחידה,false,,6.90,6.9000,true,1,145862
7290016334456,false,בזיליקום,,,בזיליקום,Unknown,1.00,יחידה,false,,5.90,5.9000,true,1,145865
7290016334500,false,זוג לבבות חסה,,,זוג לבבות חסה,Unknown,1.00,יחידה,false,,9.90,9.9000,true,1,145867
7290016334654,false,תרד ניו זילנדי רמי ל,,,תרד ניו זילנדי רמי ל,גרמים,300.00,100 גרם,false,,12.90,0.0430,true,1,145875
7290016334784,false,ג'ינג'ר ארוז,,,ג'ינג'ר ארוז,Unknown,1.00,יחידה,false,,8.90,8.9000,true,1,145877
7290016334883,false,עגבניות שרי תמר,,,עגבניות שרי תמר,Unknown,1.00,יחידה,false,,9.90,9.9000,true,1,145880
7290016334890,false,עגבניות שרי ליקופן,,,עגבניות שרי ליקופן,Unknown,1.00,יחידה,false,,9.90,9.9000,true,1,145881
7290016334906,false,עגבניות שרי מיקס,,,עגבניות שרי מיקס,Unknown,1.00,יחידה,false,,11.90,11.9000,true,1,145882
7290016370973,false,פלפל קלוי על האש 560,,,פלפל קלוי על האש 560,גרמים,560.00,100 גרם,false,,10.90,0.0195,true,1,140452
7290016475029,false,פיתות אסלי המכבים 5,,,פיתות אסלי המכבים 5,Unknown,5.00,יחידה,false,,6.90,1.3800,true,1,134440
7290016564075,false,מבריקל הפלא זוג מטלי,,,מבריקל הפלא זוג מטלי,Unknown,2.00,יחידה,false,,6.90,3.4500,true,1,150055
7290016609141,false,אפונה וגזר רמי לוי 5,,,אפונה וגזר רמי לוי 5,גרמים,550.00,100 גרם,false,,6.90,0.0125,true,1,138969
7290016609189,false,גרעיני תירס מתוק רמי,,,גרעיני תירס מתוק רמי,גרמים,550.00,100 גרם,false,,6.50,0.0118,true,1,138972
7290016609196,false,תירס לייט רמי לוי 55,,,תירס לייט רמי לוי 55,גרמים,550.00,100 גרם,false,,6.90,0.0125,true,1,138973
7290016682052,false,משקה קל לימונענע פרי,,,משקה קל לימונענע פרי,מיליליטרים,400.00,"100 מ""ל",false,,9.20,0.0230,true,1,140071
7290016733020,false,ממחטות כיס רמי לוי 1,,,ממחטות כיס רמי לוי 1,Unknown,10.00,יחידה,false,,8.50,0.8500,true,1,142185
7290016733051,false,מטליות מיקרופייבר 10,,,מטליות מיקרופייבר 10,Unknown,10.00,יחידה,false,,14.90,1.4900,true,1,138328
7290016733891,false,טבעות בצל רמי לוי 60,,,טבעות בצל רמי לוי 60,גרמים,600.00,100 גרם,false,,14.90,0.0248,true,1,145759
7290016967074,false,לחם חיטה מלאה אנג'ל,,,לחם חיטה מלאה אנג'ל,גרמים,750.00,100 גרם,false,,14.90,0.0199,true,1,144964
7290016998191,false,מיקס עלי בייבי 120 ג,,,מיקס עלי בייבי 120 ג,גרמים,120.00,100 גרם,false,,10.90,0.0908,true,1,150406
7290017065137,false,ריקוטה למריחה 5% טבע,,,ריקוטה למריחה 5% טבע,גרמים,200.00,100 גרם,false,,10.70,0.0535,true,1,140309
7290017065144,false,ריקוטה למריחה 5% עם,,,ריקוטה למריחה 5% עם,גרמים,200.00,100 גרם,false,,10.70,0.0535,true,1,140310
7290017105468,false,אפונה שלשות יכין 420,,,אפונה שלשות יכין 420,גרמים,420.00,100 גרם,false,,14.90,0.0355,true,1,145927
7290017129167,true,שלשות שוקולד חלב עם,,,שלשות שוקולד חלב עם,,0.00,,false,,0.00,0.0000,true,1,138003
7290017129317,true,פניני טוסטונים צנימי,,,פניני טוסטונים צנימי,,0.00,,false,,6.00,0.0000,true,1,139158
7290017129324,true,פניני טוסטונים צנימי,,,פניני טוסטונים צנימי,,0.00,,false,,6.00,0.0000,true,1,139159
7290017129331,true,פניני טוסטונים צנימי,,,פניני טוסטונים צנימי,,0.00,,false,,6.00,0.0000,true,1,138178
7290017129495,false,אגו מיקס כדורי תירס,,,אגו מיקס כדורי תירס,גרמים,55.00,100 גרם,false,,3.90,0.0709,true,1,137967
7290017129501,false,אגו מיקס כדורי תירס,,,אגו מיקס כדורי תירס,גרמים,55.00,100 גרם,false,,3.90,0.0709,true,1,137968
7290017129518,false,אגו מיקס כדורי תירס,,,אגו מיקס כדורי תירס,גרמים,55.00,100 גרם,false,,3.90,0.0709,true,1,137969
7290017129761,false,שוקולד מריר מעולה 70,,,שוקולד מריר מעולה 70,גרמים,100.00,100 גרם,false,,7.90,0.0790,true,1,144859
7290017129839,false,שוקולד מריר מעולה 70,,,שוקולד מריר מעולה 70,גרמים,100.00,100 גרם,false,,7.90,0.0790,true,1,144860
7290017142401,false,ארוחת טונה עם קינואה,,,ארוחת טונה עם קינואה,גרמים,160.00,100 גרם,false,,14.90,0.0931,true,1,150309
7290017197067,false,מגבונים לחים בייבי,,,מגבונים לחים בייבי,Unknown,1.00,יחידה,false,,5.90,5.9000,true,1,139036
7290017197395,false,מגבונים לחים הפי דיי,,,מגבונים לחים הפי דיי,Unknown,6.00,יחידה,false,,19.90,3.3167,true,1,141538
7290017197685,false,מגבוני נייר טואלט רמ,,,מגבוני נייר טואלט רמ,Unknown,3.00,יחידה,false,,10.90,3.6333,true,1,139040
7290017266312,false,וופל אייר במילוי קרם,,,וופל אייר במילוי קרם,גרמים,150.00,100 גרם,false,,3.50,0.0233,true,1,143367
7290017266909,false,וופלים מעולים במילוי,,,וופלים מעולים במילוי,גרמים,200.00,100 גרם,false,,5.50,0.0275,true,1,155741
7290017291123,false,שום ארוז יבוא,,,שום ארוז יבוא,Unknown,1.00,יחידה,false,,7.90,7.9000,true,1,155207
7290017304885,false,לחם שיפון וחיטה מלאה,,,לחם שיפון וחיטה מלאה,גרמים,750.00,100 גרם,false,,15.90,0.0212,true,1,144966
7290017504025,false,פטריות פורטבלה א.א (,,,פטריות פורטבלה א.א (,Unknown,1.00,יחידה,false,,10.90,10.9000,true,1,145887
7290017504032,false,פטריות זוגות איטלקי,,,פטריות זוגות איטלקי,Unknown,1.00,יחידה,false,,17.90,17.9000,true,1,145888
7290017513775,false,FLIPZ - בייגלה מצופה,,,FLIPZ - בייגלה מצופה,גרמים,140.00,100 גרם,false,,9.50,0.0679,true,1,145248
7290017516318,false,חטיף חלבון בטעם שוקו,,,חטיף חלבון בטעם שוקו,גרמים,60.00,100 גרם,false,,10.00,0.1667,true,1,153636
7290017516509,false,חטיף חלבון בטעם קרמל,,,חטיף חלבון בטעם קרמל,גרמים,60.00,100 גרם,false,,10.00,0.1667,true,1,153639
7290017586007,false,גזר ארוז,,,גזר ארוז,קילוגרמים,1.00,"ק""ג",true,,4.90,4.9000,true,1,157481
7290017599700,true,פמלה קלופה,,,פמלה קלופה,,0.00,,false,,12.00,0.0000,true,1,138307
7290017641676,false,שוקולד מריר אגוז אגו,,,שוקולד מריר אגוז אגו,גרמים,85.00,100 גרם,false,,10.90,0.1282,true,1,146201
7290017687346,false,שקית מולחמת קופיקס,,,שקית מולחמת קופיקס,Unknown,1.00,יחידה,false,,2.00,2.0000,true,1,145773
7290017746128,false,פיתות ביס 10 יחידות,,,פיתות ביס 10 יחידות,Unknown,10.00,יחידה,false,,12.90,1.2900,true,1,149700
7290017746135,false,פיתות כוסמין 10 יחיד,,,פיתות כוסמין 10 יחיד,Unknown,10.00,יחידה,false,,14.90,1.4900,true,1,149701
7290017746197,false,מארז 6 לחמניות המבור,,,מארז 6 לחמניות המבור,Unknown,6.00,יחידה,false,,16.90,2.8167,true,1,150404
7290017746258,false,פרנה לחם מרוקאי מסור,,,פרנה לחם מרוקאי מסור,Unknown,4.00,יחידה,false,,16.50,4.1250,true,1,150649
7290017812069,false,יין לבן חצי יבש אקסל,,,יין לבן חצי יבש אקסל,מיליליטרים,750.00,"100 מ""ל",false,,27.20,0.0363,true,1,140910
7290017812083,false,תירוש ענבים אדום רמי,,,תירוש ענבים אדום רמי,מיליליטרים,1000.00,"100 מ""ל",false,,13.90,0.0139,true,1,142574
7290017845203,false,פטריות א.א (מוג'ו),,,פטריות א.א (מוג'ו),Unknown,1.00,יחידה,false,,9.90,9.9000,true,1,145889
7290017864341,false,"תפו""א למיקרו 700 גרם",,,"תפו""א למיקרו 700 גרם",Unknown,1.00,יחידה,false,,7.90,7.9000,true,1,146904
7290017864358,false,נענע ארוז רמי לוי,,,נענע ארוז רמי לוי,Unknown,1.00,יחידה,false,,4.90,4.9000,true,1,149842
7290017864365,false,פטרוזיליה ארוז רמי ל,,,פטרוזיליה ארוז רמי ל,Unknown,1.00,יחידה,false,,4.90,4.9000,true,1,149843
7290017864372,false,שמיר ארוז רמי לוי,,,שמיר ארוז רמי לוי,Unknown,1.00,יחידה,false,,4.90,4.9000,true,1,149844
7290017864389,false,כוסברה ארוז רמי לוי,,,כוסברה ארוז רמי לוי,Unknown,1.00,יחידה,false,,4.90,4.9000,true,1,149845
7290017864396,false,סלרי ארוז רמי לוי,,,סלרי ארוז רמי לוי,Unknown,1.00,יחידה,false,,6.90,6.9000,true,1,149846
7290017864402,false,עלי מנגולד ארוז רמי,,,עלי מנגולד ארוז רמי,Unknown,1.00,יחידה,false,,6.90,6.9000,true,1,149847
7290017864419,false,שורש פטרוזיליה ארוז,,,שורש פטרוזיליה ארוז,Unknown,1.00,יחידה,false,,5.90,5.9000,true,1,149848
7290017864426,false,בצל ירוק רמי לוי,,,בצל ירוק רמי לוי,Unknown,1.00,יחידה,false,,6.90,6.9000,true,1,149849
7290017864457,false,סלרי ראש רמי לוי,,,סלרי ראש רמי לוי,Unknown,1.00,יחידה,false,,6.90,6.9000,true,1,149850
7290017864464,false,לוף/כרישה,,,לוף/כרישה,Unknown,1.00,יחידה,false,,7.90,7.9000,true,1,146382
7290017871370,false,סבון ידיים עם שמן אב,,,סבון ידיים עם שמן אב,מיליליטרים,500.00,"100 מ""ל",false,,10.90,0.0218,true,1,149354
7290017888347,false,מי עדן ספורט 0.5 ליט,,,מי עדן ספורט 0.5 ליט,מיליליטרים,500.00,"100 מ""ל",false,,3.90,0.0078,true,1,151830
7290017947105,false,לחם סגנון אמריקה אנג,,,לחם סגנון אמריקה אנג,גרמים,500.00,100 גרם,false,,13.90,0.0278,true,1,147082
7290017947464,false,פיתות כוסמין אנג'ל 4,,,פיתות כוסמין אנג'ל 4,Unknown,8.00,יחידה,false,,14.90,1.8625,true,1,151313
7290017947495,false,לחמניות כוסמין 6 יחי,,,לחמניות כוסמין 6 יחי,Unknown,6.00,יחידה,false,,14.90,2.4833,true,1,151643
7290017947891,false,לחם כוסמין וחיטה מלא,,,לחם כוסמין וחיטה מלא,גרמים,750.00,100 גרם,false,,14.90,0.0199,true,1,149893
7290017947921,false,שישיית לחמניות המבור,,,שישיית לחמניות המבור,גרמים,450.00,100 גרם,false,,12.90,0.0287,true,1,147083
7290018045893,false,בון בון דגנים 480 גר,,,בון בון דגנים 480 גר,גרמים,480.00,100 גרם,false,,22.90,0.0477,true,1,154111
7290018192658,false,פטריות זוגות איטלקי,,,פטריות זוגות איטלקי,Unknown,1.00,יחידה,false,,17.90,17.9000,true,1,154657
7290018194454,false,סאפי לימונארק 16% 70,,,סאפי לימונארק 16% 70,מיליליטרים,700.00,"100 מ""ל",false,,49.90,0.0713,true,1,151771
7290018294369,false,תירוש אדום יקבי כרמל,,,תירוש אדום יקבי כרמל,מיליליטרים,700.00,"100 מ""ל",false,,14.90,0.0213,true,1,157470
7290018333075,false,משקה קל בטעם ענבים ק,,,משקה קל בטעם ענבים ק,מיליליטרים,200.00,"מ""ל",false,,1.50,0.0075,true,1,156550
7290018440070,false,תרכיז עגבניות בשפורפ,,,תרכיז עגבניות בשפורפ,גרמים,200.00,100 גרם,false,,8.90,0.0445,true,1,149873
7290018440209,false,FLIPZ - בייגלה פאדג',,,FLIPZ - בייגלה פאדג',גרמים,140.00,100 גרם,false,,9.50,0.0679,true,1,151065
7290018440490,false,סלט טונה עם קוסקוס ק,,,סלט טונה עם קוסקוס ק,גרמים,150.00,100 גרם,false,,15.90,0.1060,true,1,155614
7290018443040,false,נבטים סינים,,,נבטים סינים,Unknown,1.00,יחידה,false,,6.90,6.9000,true,1,150449
7290018443736,false,בייבי מיקס רמי לוי 1,,,בייבי מיקס רמי לוי 1,גרמים,150.00,100 גרם,false,,9.90,0.0660,true,1,153449
7290018471456,false,ספרינג שייק אננס מנג,,,ספרינג שייק אננס מנג,מיליליטרים,1000.00,"100 מ""ל",false,,12.90,0.0129,true,1,152273
7290018471906,false,שוופס מוגז פינק למונ,,,שוופס מוגז פינק למונ,מיליליטרים,1500.00,"100 מ""ל",false,,9.30,0.0062,true,1,153642
7290018540329,false,פיתה פיתה באלדי אנג',,,פיתה פיתה באלדי אנג',Unknown,8.00,יחידה,false,,12.90,1.6125,true,1,151314
7290018540817,false,לחם מחמצת כוסמין ארט,,,לחם מחמצת כוסמין ארט,גרמים,500.00,100 גרם,false,,17.90,0.0358,true,1,153890
7290018564004,false,גזר גמדי 800 גרם רמי,,,גזר גמדי 800 גרם רמי,גרמים,800.00,100 גרם,false,,8.90,0.0111,true,1,151581
7290018564073,false,במיה 600 גרם רמי לוי,,,במיה 600 גרם רמי לוי,גרמים,600.00,100 גרם,false,,8.90,0.0148,true,1,151588
7290018564158,false,שעועית לבנה מבושלת 8,,,שעועית לבנה מבושלת 8,גרמים,800.00,100 גרם,false,,9.90,0.0124,true,1,151594
7290018564202,false,לקט ירקות למרק 800 ג,,,לקט ירקות למרק 800 ג,גרמים,800.00,100 גרם,false,,11.90,0.0149,true,1,151598
7290018564585,false,ירקות כבושים חמוץ מת,,,ירקות כבושים חמוץ מת,גרמים,500.00,100 גרם,false,,22.90,0.0458,true,1,152742
7290018720004,false,עוגיות סנדוויץ תות 1,,,עוגיות סנדוויץ תות 1,גרמים,150.00,100 גרם,false,,3.50,0.0233,true,1,152564
7290018720028,false,מעדני מלך- אותיות 25,,,מעדני מלך- אותיות 25,גרמים,250.00,100 גרם,false,,6.90,0.0276,true,1,151404
7290018720219,false,פצפוצי אורז ללא סוכר,,,פצפוצי אורז ללא סוכר,גרמים,250.00,100 גרם,false,,12.90,0.0516,true,1,156836
7290018732205,false,אוכמניות יחידה,,,אוכמניות יחידה,גרמים,125.00,100 גרם,false,,19.90,0.1592,true,1,156165
7290018825013,false,"תפו""א אדום תפזורת",3 יחידות,,"תפו""א אדום תפזורת",קילוגרמים,1.00,"ק""ג",true,,5.90,5.9000,true,1,157482
7290018825211,false,"תפו""א לבן תפזורת",3 יחידות,,"תפו""א לבן תפזורת",קילוגרמים,1.00,"ק""ג",true,,4.90,4.9000,true,1,157483
7290018878002,false,אגו מיקס קרקר מצופה,,,אגו מיקס קרקר מצופה,גרמים,55.00,100 גרם,false,,3.90,0.0709,true,1,155730
7290018878170,false,זוג שוקולד 60% מריר,,,זוג שוקולד 60% מריר,גרמים,200.00,100 גרם,false,,9.90,0.0495,true,1,155725
7290018894217,false,בלקוני עוגות אישיות,,,בלקוני עוגות אישיות,גרמים,350.00,100 גרם,false,,15.90,0.0454,true,1,154617
7290018894408,false,בלקוני וופל קוביות א,,,בלקוני וופל קוביות א,גרמים,250.00,100 גרם,false,,12.90,0.0516,true,1,154618
7290018925065,false,מיץ תפוזים סחוט פרימ,,,מיץ תפוזים סחוט פרימ,מיליליטרים,2000.00,"100 מ""ל",false,,27.20,0.0136,true,1,153806
7290019044000,false,"תפו""א לבן ארוז",,,"תפו""א לבן ארוז",קילוגרמים,1.00,"ק""ג",true,,5.90,5.9000,true,1,153135
7290019056119,false,משקה שוופס סודה 1.5,,,משקה שוופס סודה 1.5,מיליליטרים,1500.00,"100 מ""ל",false,,4.30,0.0029,true,1,157670
7290019056164,false,רביעית שוופס סודה 1.,,,רביעית שוופס סודה 1.,מיליליטרים,1500.00,"100 מ""ל",false,,12.20,0.0081,true,1,153650
7290019056171,false,סודה בטעם לימון שוופ,,,סודה בטעם לימון שוופ,מיליליטרים,1500.00,"100 מ""ל",false,,12.20,0.0081,true,1,153651
7290019056331,false,שוופס טוניק ללס 1.5,,,שוופס טוניק ללס 1.5,מיליליטרים,1500.00,"100 מ""ל",false,,12.20,0.0081,true,1,153660
7290019056379,false,תפוזינה תפוזים 1.5 ל,,,תפוזינה תפוזים 1.5 ל,מיליליטרים,1500.00,"100 מ""ל",false,,9.80,0.0065,true,1,153662
7290019056546,false,משקה בטעם אבטיח פרוט,,,משקה בטעם אבטיח פרוט,מיליליטרים,1500.00,"100 מ""ל",false,,9.20,0.0061,true,1,153668
7290019056553,false,מים מינרלים עין גדי,,,מים מינרלים עין גדי,קילוגרמים,12.00,ליטר,false,,13.80,1.1500,true,1,153669
7290019056577,false,ספרינג מנגו 1.5 ליטר,,,ספרינג מנגו 1.5 ליטר,מיליליטרים,1500.00,"100 מ""ל",false,,9.30,0.0062,true,1,153632
7290019056591,false,ספרינג ענבים 1.5 ליט,,,ספרינג ענבים 1.5 ליט,מיליליטרים,1500.00,"100 מ""ל",false,,9.30,0.0062,true,1,153671
7290019056638,false,ספרינג תות בננה 1.5,,,ספרינג תות בננה 1.5,מיליליטרים,1500.00,"100 מ""ל",false,,9.30,0.0062,true,1,153674
7290019056959,false,מי עדן 1.5 ליטר,,,מי עדן 1.5 ליטר,מיליליטרים,1500.00,"100 מ""ל",false,,4.50,0.0030,true,1,154308
7290019056966,false,מי עדן 1.5 ליטר,,,מי עדן 1.5 ליטר,מיליליטרים,1500.00,"100 מ""ל",false,,4.50,0.0030,true,1,154309
7290019056973,false,מים מינרליים מי עדן,,,מים מינרליים מי עדן,מיליליטרים,9000.00,"100 מ""ל",false,,14.70,0.0016,true,1,153678
7290024486628,true,מזון חתולים בטעם עוף,,,מזון חתולים בטעם עוף,,0.00,,false,,5.00,0.0000,true,1,133011
7290100240656,false,פתית שיפון 300 גרם,,,פתית שיפון 300 גרם,גרמים,300.00,100 גרם,false,,15.90,0.0530,true,1,144313
7290100245231,false,נמס בכוס עוף עם אטרי,,,נמס בכוס עוף עם אטרי,גרמים,50.00,100 גרם,false,,7.50,0.1500,true,1,139525
7290100246368,true,מפעל-רוטב אלף האיים,,,מפעל-רוטב אלף האיים,,0.00,,false,,2999.90,0.0000,true,1,136252
7290100410868,true,ליסטרין קולמינט 95 מ,,,ליסטרין קולמינט 95 מ,,0.00,,false,,5.00,0.0000,true,1,133101
7290100680667,false,מנה חמה נודלס בסגנון,,,מנה חמה נודלס בסגנון,גרמים,76.00,100 גרם,false,,6.90,0.0908,true,1,138924
7290100680728,false,פירורי לחם לבנים פיר,,,פירורי לחם לבנים פיר,גרמים,350.00,100 גרם,false,,7.90,0.0226,true,1,143700
7290100681138,false,מארז 3 אפרופו 50 גרם,,,מארז 3 אפרופו 50 גרם,גרמים,150.00,100 גרם,false,,12.90,0.0860,true,1,135431
7290100683392,true,"טייסטרס צ""ויס 50 גרם",,,"טייסטרס צ""ויס 50 גרם",,0.00,,false,,5.00,0.0000,true,1,134445
7290100684139,false,פסטה מיני מקרוני 500,,,פסטה מיני מקרוני 500,גרמים,500.00,100 גרם,false,,6.50,0.0130,true,1,143703
7290100687109,false,במבה במילוי קרם נוגט,,,במבה במילוי קרם נוגט,גרמים,60.00,100 גרם,false,,4.90,0.0817,true,1,138236
7290100700020,false,גריסי פנינה סוגת 500,,,גריסי פנינה סוגת 500,גרמים,500.00,100 גרם,false,,6.80,0.0136,true,1,146255
7290100700075,false,פירורי לחם מוזהבים ס,,,פירורי לחם מוזהבים ס,גרמים,200.00,100 גרם,false,,4.90,0.0245,true,1,142791
7290100700273,false,קינואה סוגת 500 גרם,,,קינואה סוגת 500 גרם,גרמים,500.00,100 גרם,false,,13.90,0.0278,true,1,135142
7290100700587,false,בורגול סוגת 500 גרם,,,בורגול סוגת 500 גרם,גרמים,500.00,100 גרם,false,,6.50,0.0130,true,1,132485
7290100702994,false,סוכר דמררה בשקית סוג,,,סוכר דמררה בשקית סוג,גרמים,500.00,100 גרם,false,,6.90,0.0138,true,1,133470
7290100808503,true,"תמר מג""עול 200 גרם",,,"תמר מג""עול 200 גרם",,0.00,,false,,5.00,0.0000,true,1,133070
7290100822531,true,פלסטרים 100 יחידות,,,פלסטרים 100 יחידות,,0.00,,false,,5.00,0.0000,true,1,132520
7290100890660,true,"גביע תפו""א במיונז *",,,"גביע תפו""א במיונז *",,0.00,,false,,0.00,0.0000,true,1,144497
7290100924723,true,"ג""ל נתלה לאסלה 50 מ""",,,"ג""ל נתלה לאסלה 50 מ""",,0.00,,false,,5.00,0.0000,true,1,134825
7290100924730,true,"ג""ל נתלה לאסלה 50 מ""",,,"ג""ל נתלה לאסלה 50 מ""",,0.00,,false,,5.00,0.0000,true,1,134826
7290101112723,true,מנבו 3 יחידות,,,מנבו 3 יחידות,,0.00,,false,,5.00,0.0000,true,1,134803
7290101112921,false,פופסיקל פירות טרופי,,,פופסיקל פירות טרופי,גרמים,640.00,100 גרם,false,,26.90,0.0420,true,1,156056
7290101112945,false,גרניטה תות,,,גרניטה תות,גרמים,80.00,100 גרם,false,,3.90,0.0487,true,1,156179
7290101113287,false,שלגון מילק בר לבן,,,שלגון מילק בר לבן,גרמים,85.00,100 גרם,false,,6.90,0.0812,true,1,156181
7290101113577,false,טילון יולו שוקולד לב,,,טילון יולו שוקולד לב,גרמים,115.00,100 גרם,false,,8.90,0.0774,true,1,156069
7290101113584,false,מאגדת טילון יולו שוק,,,מאגדת טילון יולו שוק,גרמים,400.00,100 גרם,false,,19.90,0.0497,true,1,156070
7290101113591,false,מאגדת טילון יולו שוק,,,מאגדת טילון יולו שוק,גרמים,400.00,100 גרם,false,,19.90,0.0497,true,1,156071
7290101113690,false,שלגון יולו שוקולד לב,,,שלגון יולו שוקולד לב,גרמים,75.00,100 גרם,false,,7.90,0.1053,true,1,156073
7290101113706,false,שלגון יולו שוקולד חל,,,שלגון יולו שוקולד חל,גרמים,75.00,100 גרם,false,,7.90,0.1053,true,1,156074
7290101113720,false,שלגון יולו שוקולד לב,,,שלגון יולו שוקולד לב,גרמים,75.00,100 גרם,false,,7.90,0.1053,true,1,156075
7290101113775,false,שלגון שייק פרי יופלה,,,שלגון שייק פרי יופלה,גרמים,70.00,100 גרם,false,,5.90,0.0843,true,1,156078
7290101113904,false,מנבו וניל 12 יחידות,,,מנבו וניל 12 יחידות,גרמים,288.00,100 גרם,false,,22.90,0.0795,true,1,157616
7290101482208,true,משקה אורז אורגני 1 ל,,,משקה אורז אורגני 1 ל,,0.00,,false,,5.00,0.0000,true,1,134446
7290101484080,true,משקה אורז בטעם וניל,,,משקה אורז בטעם וניל,,0.00,,false,,5.00,0.0000,true,1,134447
7290101501176,false,פלפלונים רמי לוי,,,פלפלונים רמי לוי,Unknown,1.00,יחידה,false,,9.90,9.9000,true,1,145900
7290101501305,false,מלפפון בייבי רמי לוי,,,מלפפון בייבי רמי לוי,Unknown,1.00,יחידה,false,,9.90,9.9000,true,1,145901
7290101551300,false,סילאן טבעי לחיץ 380,,,סילאן טבעי לחיץ 380,גרמים,380.00,100 גרם,false,,14.90,0.0392,true,1,141066
7290101551584,false,מארז תפוצ'יפס קידס 1,,,מארז תפוצ'יפס קידס 1,גרמים,200.00,100 גרם,false,,15.90,0.0795,true,1,142418
7290101920038,true,מפעל-סולו אקונומיקה,,,מפעל-סולו אקונומיקה,,0.00,,false,,2999.90,0.0000,true,1,136719
7290101920359,true,אשפתון 75/90 שחור50,,,אשפתון 75/90 שחור50,,0.00,,false,,0.00,0.0000,true,1,133537
7290101921226,true,קופיקס - כפפות ניילו,,,קופיקס - כפפות ניילו,,0.00,,false,,0.00,0.0000,true,1,133543
7290102138260,true,צילון מתקפל לרכב,,,צילון מתקפל לרכב,,0.00,,false,,5.00,0.0000,true,1,136444
7290102302260,false,גרנה פדנו 200 גרם,,,גרנה פדנו 200 גרם,גרמים,200.00,100 גרם,false,,29.90,0.1495,true,1,140704
7290102390427,false,יוגורט ביו פרופ קציפ,,,יוגורט ביו פרופ קציפ,מיליליטרים,150.00,"100 מ""ל",false,,5.20,0.0347,true,1,144654
7290102390465,false,יוגורט ביו פרופ קציפ,,,יוגורט ביו פרופ קציפ,מיליליטרים,150.00,"100 מ""ל",false,,5.20,0.0347,true,1,144655
7290102390489,false,יוגורט ביו פרופ קציפ,,,יוגורט ביו פרופ קציפ,גרמים,150.00,100 גרם,false,,5.20,0.0347,true,1,149938
7290102391844,false,יוגורט ביו פרופ קציפ,,,יוגורט ביו פרופ קציפ,מיליליטרים,150.00,"100 מ""ל",false,,5.20,0.0347,true,1,144656
7290102392094,false,חלב עיזים בקרטון 1 ל,,,חלב עיזים בקרטון 1 ל,מיליליטרים,1000.00,"100 מ""ל",false,,16.90,0.0169,true,1,144657
7290102392728,false,יוגורט ביו נטורל טבע,,,יוגורט ביו נטורל טבע,מיליליטרים,200.00,"100 מ""ל",false,,4.00,0.0200,true,1,149962
7290102393169,false,יוגורט סימפלי פרוט ת,,,יוגורט סימפלי פרוט ת,גרמים,150.00,100 גרם,false,,5.10,0.0340,true,1,143174
7290102393176,false,יוגורט סימפלי פרוט א,,,יוגורט סימפלי פרוט א,מיליליטרים,150.00,"100 מ""ל",false,,5.10,0.0340,true,1,143175
7290102393268,false,גבינה לבנה 5% טרה 75,,,גבינה לבנה 5% טרה 75,גרמים,750.00,100 גרם,false,,14.25,0.0190,true,1,151899
7290102393299,false,יוגורט עיזים לשתייה,,,יוגורט עיזים לשתייה,גרמים,500.00,100 גרם,false,,13.30,0.0266,true,1,144658
7290102393848,false,יוגורט עיזים עם תות,,,יוגורט עיזים עם תות,מיליליטרים,150.00,"100 מ""ל",false,,6.10,0.0407,true,1,144411
7290102393855,false,יוגורט עיזים עם אפרס,,,יוגורט עיזים עם אפרס,גרמים,150.00,100 גרם,false,,6.10,0.0407,true,1,149717
7290102394258,false,גבינת עיזים מה עז 9%,,,גבינת עיזים מה עז 9%,גרמים,180.00,100 גרם,false,,23.90,0.1328,true,1,144659
7290102395446,false,מוו וניל וקצפת 123 ג,,,מוו וניל וקצפת 123 ג,גרמים,123.00,100 גרם,false,,2.90,0.0236,true,1,149710
7290102395477,false,מוו שוקולד קצפת 123,,,מוו שוקולד קצפת 123,גרמים,123.00,100 גרם,false,,3.00,0.0244,true,1,149711
7290102396405,false,מאגדת שמינייה מעדן מ,,,מאגדת שמינייה מעדן מ,גרמים,800.00,100 גרם,false,,13.90,0.0174,true,1,149957
7290102396580,false,מעדן מוו שוקולד ומוס,,,מעדן מוו שוקולד ומוס,גרמים,118.00,100 גרם,false,,3.00,0.0254,true,1,135219
7290102396597,false,מעדן מוו וניל ומוס ש,,,מעדן מוו וניל ומוס ש,גרמים,118.00,100 גרם,false,,2.90,0.0246,true,1,135220
7290102397600,false,יוגורט ביו מיקס שקדי,,,יוגורט ביו מיקס שקדי,גרמים,170.00,100 גרם,false,,5.90,0.0347,true,1,135226
7290102397617,false,יוגורט ביו מיקס ביו,,,יוגורט ביו מיקס ביו,גרמים,180.00,100 גרם,false,,5.90,0.0328,true,1,135410
7290102397891,false,גבינה מותכת 100 גרם,,,גבינה מותכת 100 גרם,גרמים,100.00,100 גרם,false,,7.70,0.0770,true,1,144661
7290102398065,false,חלב בקרטון 3% מהדרין,,,חלב בקרטון 3% מהדרין,מיליליטרים,2000.00,"100 מ""ל",false,,12.46,0.0062,true,1,149878
7290102398560,false,שוקו טרה מועשר בבקבו,,,שוקו טרה מועשר בבקבו,מיליליטרים,1000.00,"100 מ""ל",false,,11.90,0.0119,true,1,144450
7290102398614,false,משקה חלב בטעם בננה 1,,,משקה חלב בטעם בננה 1,מיליליטרים,1000.00,"100 מ""ל",false,,11.90,0.0119,true,1,149713
7290102398782,false,משקה סויה קלאסי צורי,,,משקה סויה קלאסי צורי,מיליליטרים,1000.00,"100 מ""ל",false,,10.90,0.0109,true,1,145052
7290102398799,false,משקה סויה במתיקות מו,,,משקה סויה במתיקות מו,מיליליטרים,1000.00,"100 מ""ל",false,,10.90,0.0109,true,1,145053
7290102398836,false,משקה שקדים קלאסי צור,,,משקה שקדים קלאסי צור,מיליליטרים,1000.00,"100 מ""ל",false,,12.50,0.0125,true,1,145054
7290102399796,false,מולר אקטיב 25 גרם חל,,,מולר אקטיב 25 גרם חל,גרמים,200.00,100 גרם,false,,5.90,0.0295,true,1,147771
7290102399802,false,יוגורט ביו 20 גרם חל,,,יוגורט ביו 20 גרם חל,גרמים,200.00,100 גרם,false,,6.20,0.0310,true,1,147772
7290103404758,false,סלט כרוב אחלה 120 גר,,,סלט כרוב אחלה 120 גר,גרמים,120.00,100 גרם,false,,5.40,0.0450,true,1,141979
7290103702939,false,נייר טואלט רמי לוי 1,,,נייר טואלט רמי לוי 1,Unknown,16.00,יחידה,false,,29.90,1.8687,true,1,142181
7290103703585,false,נ.טואלט תלת שכבתי 32,,,נ.טואלט תלת שכבתי 32,Unknown,32.00,יחידה,false,,42.90,1.3406,true,1,144807
7290104008955,true,חומץ בלסמי 0.5 ליטר,,,חומץ בלסמי 0.5 ליטר,,0.00,,false,,5.00,0.0000,true,1,133059
7290104061417,false,סלט חומוס וטחינה אחל,,,סלט חומוס וטחינה אחל,גרמים,400.00,100 גרם,false,,11.90,0.0298,true,1,141980
7290104061431,false,חומוס עם צנובר אחלה,,,חומוס עם צנובר אחלה,גרמים,400.00,100 גרם,false,,11.90,0.0298,true,1,141981
7290104066566,false,טחינה 500 גרם,,,טחינה 500 גרם,גרמים,500.00,100 גרם,false,,14.90,0.0298,true,1,141236
7290104500572,false,אפרופו איטליאנו אסם,,,אפרופו איטליאנו אסם,גרמים,50.00,100 גרם,false,,5.80,0.1160,true,1,138922
7290104570131,false,תמר מג'הול ששון ושות,,,תמר מג'הול ששון ושות,Unknown,1.00,יחידה,false,,19.90,19.9000,true,1,145457
7290104570162,false,תמרים ללא חרצנים בוא,,,תמרים ללא חרצנים בוא,גרמים,500.00,100 גרם,false,,13.90,0.0278,true,1,146380
7290104722530,false,תפוציפס שמנת בצל 200,,,תפוציפס שמנת בצל 200,גרמים,200.00,100 גרם,false,,10.90,0.0545,true,1,139732
7290104728310,false,שמנת להקצפה 38% יטבת,,,שמנת להקצפה 38% יטבת,מיליליטרים,250.00,"100 מ""ל",false,,6.47,0.0259,true,1,141242
7290104930478,true,"אבקת כביסה 1 ק""ג",,,"אבקת כביסה 1 ק""ג",,0.00,,false,,5.00,0.0000,true,1,132461
7290104930942,true,נוזל כלים בניחוח אבי,,,נוזל כלים בניחוח אבי,,0.00,,false,,5.00,0.0000,true,1,134459
7290104930959,true,נוזל כלים בניחוח רענ,,,נוזל כלים בניחוח רענ,,0.00,,false,,5.00,0.0000,true,1,134460
7290105360250,false,קפסולות 09 למכונות N,,,קפסולות 09 למכונות N,Unknown,10.00,יחידה,false,,18.90,1.8900,true,1,149658
7290105360755,false,"שמן זית 3 חזק 750 מ""",,,"שמן זית 3 חזק 750 מ""",מיליליטרים,750.00,"100 מ""ל",false,,35.90,0.0479,true,1,141071
7290105360878,false,תפוצ'יפס טבעי עלית 4,,,תפוצ'יפס טבעי עלית 4,גרמים,200.00,100 גרם,false,,12.50,0.0625,true,1,139922
7290105368928,false,שמנת %9 מהדרין יטבתה,,,שמנת %9 מהדרין יטבתה,גרמים,200.00,100 גרם,false,,3.20,0.0160,true,1,141988
7290105369130,false,סימפוניה בצל ירוק 20,,,סימפוניה בצל ירוק 20,גרמים,200.00,100 גרם,false,,12.40,0.0620,true,1,141248
7290105436382,false,חטיף בריאות פרי תמרי,,,חטיף בריאות פרי תמרי,גרמים,125.00,100 גרם,false,,17.90,0.1432,true,1,141026
7290105500625,true,"ג""ין בומביי ספייר70",,,"ג""ין בומביי ספייר70",,0.00,,false,,0.00,0.0000,true,1,137805
7290105690739,true,מרק נמס עגבניות עם א,,,מרק נמס עגבניות עם א,,0.00,,false,,5.00,0.0000,true,1,132416
7290105964564,false,סלט חומוס אחלה 400 ג,,,סלט חומוס אחלה 400 ג,גרמים,400.00,100 גרם,false,,8.90,0.0223,true,1,141989
7290105965738,false,יוגורט לשתיה 1.5 תות,,,יוגורט לשתיה 1.5 תות,מיליליטרים,267.00,"100 מ""ל",false,,5.30,0.0199,true,1,134463
7290105968777,false,פריכיות 5 דגנים תחתי,,,פריכיות 5 דגנים תחתי,גרמים,70.00,100 גרם,false,,8.90,0.1271,true,1,151054
7290106410251,true,"ג""לי בינס 100 גרם",,,"ג""לי בינס 100 גרם",,0.00,,false,,5.00,0.0000,true,1,132388
7290106411524,true,ממתק חמוץ ומסוכר בטע,,,ממתק חמוץ ומסוכר בטע,,0.00,,false,,5.00,0.0000,true,1,132391
7290106411890,true,ממתק שטיח בטעם קולה,,,ממתק שטיח בטעם קולה,,0.00,,false,,5.00,0.0000,true,1,134468
7290106411913,true,ממתק חמוץ ומסוכר בטע,,,ממתק חמוץ ומסוכר בטע,,0.00,,false,,5.00,0.0000,true,1,132392
7290106411937,true,ממתק חמוץ ומסוכר בטע,,,ממתק חמוץ ומסוכר בטע,,0.00,,false,,5.00,0.0000,true,1,132393
7290106411999,true,ממתק חמוץ ומסוכר בטע,,,ממתק חמוץ ומסוכר בטע,,0.00,,false,,5.00,0.0000,true,1,134469
7290106414051,true,סוכריות גומי דובונים,,,סוכריות גומי דובונים,,0.00,,false,,5.00,0.0000,true,1,132556
7290106415508,true,מטבעות שוקולד,,,מטבעות שוקולד,,0.00,,false,,5.00,0.0000,true,1,133433
7290106520912,false,שמנת לבישול 9% יטבתה,,,שמנת לבישול 9% יטבתה,מיליליטרים,250.00,"100 מ""ל",false,,8.60,0.0344,true,1,141254
7290106525382,false,קפה טורקי עלית 125 ג,,,קפה טורקי עלית 125 ג,גרמים,125.00,100 גרם,false,,9.90,0.0792,true,1,140151
7290106574083,true,בובספוג,,,בובספוג,,0.00,,false,,5.00,0.0000,true,1,132933
7290106574953,false,בייגלה שטוחים שומשום,,,בייגלה שטוחים שומשום,גרמים,300.00,100 גרם,false,,10.90,0.0363,true,1,147007
7290106658707,true,מארז 4 אקטיביה 0% או,,,מארז 4 אקטיביה 0% או,,0.00,,false,,0.00,0.0000,true,1,137471
7290106662025,false,תפוצ'יפס מלח פלפל 50,,,תפוצ'יפס מלח פלפל 50,גרמים,50.00,100 גרם,false,,4.30,0.0860,true,1,144989
7290106663121,false,מילקי קייק 34 גרם,,,מילקי קייק 34 גרם,גרמים,34.00,100 גרם,false,,3.10,0.0912,true,1,134473
7290106663183,false,ציטוס קראצ בטעם גבינ,,,ציטוס קראצ בטעם גבינ,גרמים,65.00,100 גרם,false,,3.60,0.0554,true,1,138216
7290106664067,false,לאבנה שמן זית וזעתר,,,לאבנה שמן זית וזעתר,גרמים,400.00,100 גרם,false,,15.60,0.0390,true,1,141258
7290106667266,false,דוריטוס חמוץ חריף 18,,,דוריטוס חמוץ חריף 18,גרמים,185.00,100 גרם,false,,8.50,0.0459,true,1,139733
7290106668133,false,שוקולית בשקית 400 גר,,,שוקולית בשקית 400 גר,גרמים,400.00,100 גרם,false,,10.90,0.0273,true,1,135310
7290106811775,true,"ג""ל גילוח אדם פריימי",,,"ג""ל גילוח אדם פריימי",,0.00,,false,,5.00,0.0000,true,1,133396
7290106811782,true,"ג""ל גילוח אדם בייסיק",,,"ג""ל גילוח אדם בייסיק",,0.00,,false,,5.00,0.0000,true,1,133397
7290107020084,true,וודקה טרופי 700 מל,,,וודקה טרופי 700 מל,,0.00,,false,,0.00,0.0000,true,1,134877
7290107020763,true,וודקה תיאו אסאי 700,,,וודקה תיאו אסאי 700,,0.00,,false,,0.00,0.0000,true,1,134474
7290107020930,true,"וודקה תיאו ג""בוטיקבה",,,"וודקה תיאו ג""בוטיקבה",,0.00,,false,,0.00,0.0000,true,1,134475
7290107020947,true,"וודקה תיאו ג""בוטיקבה",,,"וודקה תיאו ג""בוטיקבה",,0.00,,false,,0.00,0.0000,true,1,134476
7290107021241,true,וודקה ענבים 700 מל,,,וודקה ענבים 700 מל,,0.00,,false,,0.00,0.0000,true,1,134930
7290107021296,true,וודקה פסח ענבים 1 לי,,,וודקה פסח ענבים 1 לי,,0.00,,false,,0.00,0.0000,true,1,134477
7290107280747,false,נוזל כלים ספארק 700,,,נוזל כלים ספארק 700,מיליליטרים,700.00,"100 מ""ל",false,,9.90,0.0141,true,1,141922
7290107280792,true,מילוי נוזל כלים ספאר,,,מילוי נוזל כלים ספאר,,0.00,,false,,5.00,0.0000,true,1,133231
7290107305778,true,מזרק משפריץ מים,,,מזרק משפריץ מים,,0.00,,false,,5.00,0.0000,true,1,133167
7290107644174,true,נשנושים מיקס 200 גרם,,,נשנושים מיקס 200 גרם,,0.00,,false,,5.00,0.0000,true,1,134480
7290107645584,false,קנור עוף אמיתי רכיבי,,,קנור עוף אמיתי רכיבי,גרמים,400.00,100 גרם,false,,23.90,0.0597,true,1,139529
7290107646062,false,קנור בצל רכיבים טבעי,,,קנור בצל רכיבים טבעי,גרמים,400.00,100 גרם,false,,23.90,0.0597,true,1,144326
7290107647724,true,קוקומן חום לבן 750 ג,,,קוקומן חום לבן 750 ג,,0.00,,false,,0.00,0.0000,true,1,137741
7290107647731,false,קוקומן חום לבן 375 ג,,,קוקומן חום לבן 375 ג,גרמים,375.00,100 גרם,false,,21.80,0.0581,true,1,139534
7290107648523,true,קורנפלקס של כוכבים3,,,קורנפלקס של כוכבים3,,0.00,,false,,0.00,0.0000,true,1,138359
7290107649681,false,טילון פסק זמן - נוגט,,,טילון פסק זמן - נוגט,Unknown,1.00,יחידה,false,,7.00,7.0000,true,1,145210
7290107649858,false,טילון מגנום לבן,,,טילון מגנום לבן,Unknown,1.00,יחידה,false,,11.00,11.0000,true,1,145217
7290107874632,true,מאגדת שלגון חלבי אימ,,,מאגדת שלגון חלבי אימ,,0.00,,false,,0.00,0.0000,true,1,134494
7290107876889,false,במבה במילוי קרם נוגט,,,במבה במילוי קרם נוגט,גרמים,45.00,100 גרם,false,,4.50,0.1000,true,1,134495
7290107877619,false,במבה במילוי קרם נוגט,,,במבה במילוי קרם נוגט,גרמים,150.00,100 גרם,false,,13.90,0.0927,true,1,136710
7290107932080,false,חלב מועשר בקבוק 3% י,,,חלב מועשר בקבוק 3% י,מיליליטרים,1000.00,"100 מ""ל",false,,7.90,0.0079,true,1,141992
7290107936309,false,יוגורט דנונה יווני ל,,,יוגורט דנונה יווני ל,גרמים,130.00,100 גרם,false,,3.50,0.0269,true,1,141997
7290107938396,false,אקטימל תות דיסני 8*1,,,אקטימל תות דיסני 8*1,מיליליטרים,800.00,"100 מ""ל",false,,22.70,0.0284,true,1,141270
7290107950190,false,מעדן שטראוס דיאט מרי,,,מעדן שטראוס דיאט מרי,גרמים,130.00,100 גרם,false,,3.40,0.0262,true,1,139176
7290107954976,false,יטבתה פרו קפה 350 יט,,,יטבתה פרו קפה 350 יט,מיליליטרים,350.00,"100 מ""ל",false,,6.90,0.0197,true,1,141298
7290107957991,false,מילקי מינייס עוגה אי,,,מילקי מינייס עוגה אי,גרמים,144.00,100 גרם,false,,15.50,0.1076,true,1,141310
7290107974073,false,עלי טורטיה מקמח לבן,,,עלי טורטיה מקמח לבן,גרמים,320.00,100 גרם,false,,10.90,0.0341,true,1,144109
7290107978453,false,חטיף בטעם גריל קראנצ,,,חטיף בטעם גריל קראנצ,גרמים,55.00,100 גרם,false,,3.90,0.0709,true,1,140743
7290108271416,false,שקיות אשפה 52/65 עם,,,שקיות אשפה 52/65 עם,Unknown,1.00,יחידה,false,,18.90,18.9000,true,1,139048
7290108271485,false,שקיות גופייה אפור HD,,,שקיות גופייה אפור HD,Unknown,25.00,יחידה,false,,14.60,0.5840,true,1,144845
7290108271492,false,נייר אפייה רמי לוי 3,,,נייר אפייה רמי לוי 3,Unknown,50.00,יחידה,false,,8.90,0.1780,true,1,139050
7290108271652,false,צמרוני עץ רמי לוי 10,,,צמרוני עץ רמי לוי 10,Unknown,100.00,יחידה,false,,1.90,0.0190,true,1,139054
7290108272000,false,כוסות שתיה קרה 100 י,,,כוסות שתיה קרה 100 י,Unknown,100.00,יחידה,false,,7.90,0.0790,true,1,139059
7290108272154,false,מרקיות רמי לוי 25 יח,,,מרקיות רמי לוי 25 יח,Unknown,25.00,יחידה,false,,7.90,0.3160,true,1,139062
7290108273663,false,מגשיות אלומיניום גדו,,,מגשיות אלומיניום גדו,Unknown,5.00,יחידה,false,,7.30,1.4600,true,1,139079
7290108273939,false,כפית שקוף (50 יח') ר,,,כפית שקוף (50 יח') ר,Unknown,50.00,יחידה,false,,7.90,0.1580,true,1,139085
7290108274592,false,נייר אפייה רמי לוי 3,,,נייר אפייה רמי לוי 3,Unknown,50.00,יחידה,false,,8.90,0.1780,true,1,149149
7290108274622,false,מרקיות רמי לוי 25 יח,,,מרקיות רמי לוי 25 יח,Unknown,25.00,יחידה,false,,7.90,0.3160,true,1,146492
7290108275407,false,כוסות שתיה קרה 100 י,,,כוסות שתיה קרה 100 י,Unknown,100.00,יחידה,false,,7.90,0.0790,true,1,140254
7290108359077,false,ממחטות לושן 120 יחיד,,,ממחטות לושן 120 יחיד,Unknown,120.00,יחידה,false,,14.90,0.1242,true,1,154455
7290108501353,false,אנשובי ארוך בשמן 45,,,אנשובי ארוך בשמן 45,גרמים,45.00,100 גרם,false,,7.90,0.1756,true,1,139735
7290108501360,false,גבינת צ'דר בשלה 200,,,גבינת צ'דר בשלה 200,גרמים,200.00,100 גרם,false,,19.90,0.0995,true,1,150361
7290108502305,false,גבינת גרנה פדנו משול,,,גבינת גרנה פדנו משול,גרמים,150.00,100 גרם,false,,19.90,0.1327,true,1,150358
7290108502329,false,נתחי טונה בהירה בשמן,,,נתחי טונה בהירה בשמן,גרמים,640.00,100 גרם,false,,29.90,0.0467,true,1,156710
7290108502381,false,תחתיות לפיצה (קוטר 2,,,תחתיות לפיצה (קוטר 2,Unknown,4.00,יחידה,false,,13.90,3.4750,true,1,150368
7290108502510,false,קרקרים בטעם טבעי 500,,,קרקרים בטעם טבעי 500,גרמים,500.00,100 גרם,false,,10.90,0.0218,true,1,156540
7290108502862,false,מלפפונים כבושים במלח,,,מלפפונים כבושים במלח,גרמים,600.00,100 גרם,false,,12.90,0.0215,true,1,145315
7290108503142,false,לזניה פסטה איטלקית 5,,,לזניה פסטה איטלקית 5,גרמים,500.00,100 גרם,false,,9.90,0.0198,true,1,151488
7290108503159,false,גבינה כחולה 31% עם ע,,,גבינה כחולה 31% עם ע,גרמים,100.00,100 גרם,false,,15.90,0.1590,true,1,142379
7290108505719,false,גבינת מוצרלה מגורדת,,,גבינת מוצרלה מגורדת,גרמים,200.00,100 גרם,false,,16.90,0.0845,true,1,149118
7290108507492,false,קרקרים עם שומשום רמי,,,קרקרים עם שומשום רמי,גרמים,105.00,100 גרם,false,,5.90,0.0562,true,1,150921
7290108508130,false,עגבניות איטלקיות בקר,,,עגבניות איטלקיות בקר,גרמים,390.00,100 גרם,false,,9.90,0.0254,true,1,153415
7290108508147,false,עגבניות איטלקיות בקר,,,עגבניות איטלקיות בקר,גרמים,500.00,100 גרם,false,,10.90,0.0218,true,1,153416
7290108509090,false,גבינה מותכת ויליפוד,,,גבינה מותכת ויליפוד,גרמים,200.00,100 גרם,false,,14.90,0.0745,true,1,152556
7290108509700,false,אורז פרסי DAAWAT 1 ק,,,אורז פרסי DAAWAT 1 ק,גרמים,1000.00,100 גרם,false,,10.90,0.0109,true,1,153421
7290108509816,false,גבינת בייבי מוצרלה י,,,גבינת בייבי מוצרלה י,גרמים,200.00,100 גרם,false,,13.90,0.0695,true,1,153425
7290108530070,true,נר נשמה בפחית,,,נר נשמה בפחית,,0.00,,false,,5.00,0.0000,true,1,132557
7290108530285,true,לחמניית דגנים צפתית,,,לחמניית דגנים צפתית,,0.00,,false,,5.00,0.0000,true,1,132978
7290108530292,true,לחמניית סביח,,,לחמניית סביח,,0.00,,false,,5.00,0.0000,true,1,132979
7290108530308,true,כריך טונה,,,כריך טונה,,0.00,,false,,5.00,0.0000,true,1,132980
7290108530315,true,לחמניית אבוקדו,,,לחמניית אבוקדו,,0.00,,false,,5.00,0.0000,true,1,132981
7290108530339,true,כריך חביתה,,,כריך חביתה,,0.00,,false,,5.00,0.0000,true,1,132982
7290108530346,true,כריך מיקס גבינות,,,כריך מיקס גבינות,,0.00,,false,,5.00,0.0000,true,1,132983
7290108530353,true,כריך שמנת וסלמון,,,כריך שמנת וסלמון,,0.00,,false,,5.00,0.0000,true,1,132984
7290108530360,true,מוס שוקולד וקצפת,,,מוס שוקולד וקצפת,,0.00,,false,,5.00,0.0000,true,1,132985
7290108530469,true,סט כלי ששת,,,סט כלי ששת,,0.00,,false,,5.00,0.0000,true,1,132563
7290108530506,true,בלונים 10 יחידות,,,בלונים 10 יחידות,,0.00,,false,,5.00,0.0000,true,1,132366
7290108530513,true,"תפו""א וירקות סגנון ה",,,"תפו""א וירקות סגנון ה",,0.00,,false,,5.00,0.0000,true,1,132951
7290108530537,true,חטיף מוזלי פירות,,,חטיף מוזלי פירות,,0.00,,false,,5.00,0.0000,true,1,132632
7290108530759,true,סלט פסטה קר,,,סלט פסטה קר,,0.00,,false,,5.00,0.0000,true,1,133106
7290108530858,true,צידנית,,,צידנית,,0.00,,false,,15.00,0.0000,true,1,133165
7290108530940,true,לחמניית טונה,,,לחמניית טונה,,0.00,,false,,5.00,0.0000,true,1,132993
7290108531046,true,זוג קופסאות פלסטיק ל,,,זוג קופסאות פלסטיק ל,,0.00,,false,,5.00,0.0000,true,1,133211
7290108531053,true,מעמד לנייר מגבת מעץ,,,מעמד לנייר מגבת מעץ,,0.00,,false,,5.00,0.0000,true,1,133181
7290108531060,true,מערוך מעץ,,,מערוך מעץ,,0.00,,false,,5.00,0.0000,true,1,133182
7290108531145,true,מטריה,,,מטריה,,0.00,,false,,5.00,0.0000,true,1,133337
7290108531251,true,עוגת ביסקוויטים,,,עוגת ביסקוויטים,,0.00,,false,,5.00,0.0000,true,1,133251
7290108531312,true,סכומון פלסטיק,,,סכומון פלסטיק,,0.00,,false,,5.00,0.0000,true,1,133212
7290108531596,true,איש מחזיק לטלפון-10,,,איש מחזיק לטלפון-10,,0.00,,false,,5.00,0.0000,true,1,133382
7290108531626,true,עוגיות גרנולה תרומה,,,עוגיות גרנולה תרומה,,0.00,,false,,5.00,0.0000,true,1,133384
7290108531633,true,עוגת גבינה עם תוספת,,,עוגת גבינה עם תוספת,,0.00,,false,,5.00,0.0000,true,1,133328
7290108531688,true,כדורי שוקולד זוג,,,כדורי שוקולד זוג,,0.00,,false,,5.00,0.0000,true,1,133654
7290108531749,true,תבשיל תאילנדי עם אור,,,תבשיל תאילנדי עם אור,,0.00,,false,,5.00,0.0000,true,1,133402
7290108531756,true,תירס מארז,,,תירס מארז,,0.00,,false,,5.00,0.0000,true,1,133417
7290108531763,true,תבשיל מקסיקני,,,תבשיל מקסיקני,,0.00,,false,,5.00,0.0000,true,1,133418
7290108531817,true,סמבוסק טונה,,,סמבוסק טונה,,0.00,,false,,5.00,0.0000,true,1,133450
7290108531855,true,ארד - קופיקס - ארגז,,,ארד - קופיקס - ארגז,,0.00,,false,,0.00,0.0000,true,1,133475
7290108531879,true,קופיקס  - משקה שוקול,,,קופיקס  - משקה שוקול,,0.00,,false,,0.00,0.0000,true,1,133483
7290108531909,true,מרק אפונה 2.5 ליטר4,,,מרק אפונה 2.5 ליטר4,,0.00,,false,,0.00,0.0000,true,1,133486
7290108531916,true,כוס מרק,,,כוס מרק,,0.00,,false,,0.00,0.0000,true,1,133487
7290108531947,true,מרק עגבניות 2.5 ליטר,,,מרק עגבניות 2.5 ליטר,,0.00,,false,,0.00,0.0000,true,1,133490
7290108532005,true,פלזית -קופיקס- כוס פ,,,פלזית -קופיקס- כוס פ,קילוגרמים,1.00,"ק""ג",true,,0.00,0.0000,true,1,133496
7290108532050,true,ארגז פריטי סושי 5 צמ,,,ארגז פריטי סושי 5 צמ,,0.00,,false,,5.00,0.0000,true,1,133341
7290108532074,true,כפית פלסטיק,,,כפית פלסטיק,,0.00,,false,,0.00,0.0000,true,1,133503
7290108532081,true,מזלג פלסטיק,,,מזלג פלסטיק,,0.00,,false,,0.00,0.0000,true,1,133504
7290108532098,true,כף פלסטיק,,,כף פלסטיק,,0.00,,false,,0.00,0.0000,true,1,133505
7290108532159,true,סלט ירוק,,,סלט ירוק,,0.00,,false,,5.00,0.0000,true,1,133519
7290108532203,true,ארגז - K משולש חביתה,,,ארגז - K משולש חביתה,,0.00,,false,,0.00,0.0000,true,1,133544
7290108532210,true,סלט טונה,,,סלט טונה,,0.00,,false,,5.00,0.0000,true,1,133552
7290108532296,true,"חמין 5.5 ק""ג 2 יחידו",,,"חמין 5.5 ק""ג 2 יחידו",,0.00,,false,,0.00,0.0000,true,1,133569
7290108532319,true,ארד - קופיקס - ארגז,,,ארד - קופיקס - ארגז,,0.00,,false,,0.00,0.0000,true,1,133511
7290108532326,true,ארד - קופיקס - ארגז,,,ארד - קופיקס - ארגז,,0.00,,false,,0.00,0.0000,true,1,133512
7290108532333,true,ארד - קופיקס - ארגז,,,ארד - קופיקס - ארגז,,0.00,,false,,0.00,0.0000,true,1,133513
7290108532340,true,ארגז - F לחמניית צפת,,,ארגז - F לחמניית צפת,,0.00,,false,,0.00,0.0000,true,1,133514
7290108532357,true,ארגז - H לחמניית טונ,,,ארגז - H לחמניית טונ,,0.00,,false,,0.00,0.0000,true,1,133515
7290108532364,true,ארד - קופיקס- ארגז -,,,ארד - קופיקס- ארגז -,,0.00,,false,,0.00,0.0000,true,1,133524
7290108532371,true,ארד - קופיקס - ארגז,,,ארד - קופיקס - ארגז,,0.00,,false,,0.00,0.0000,true,1,133525
7290108532388,true,ארד - קופיקס - ארגז,,,ארד - קופיקס - ארגז,,0.00,,false,,0.00,0.0000,true,1,133526
7290108532395,true,ארד - קופיקס - ארגז,,,ארד - קופיקס - ארגז,,0.00,,false,,0.00,0.0000,true,1,133527
7290108532548,true,"פוקצ""ה זעתר",,,"פוקצ""ה זעתר",,0.00,,false,,5.00,0.0000,true,1,133462
7290108532555,true,"פוקצ""ה עגבניות",,,"פוקצ""ה עגבניות",,0.00,,false,,5.00,0.0000,true,1,133463
7290108532609,true,גלון תפוזים 4 ליטר,,,גלון תפוזים 4 ליטר,,0.00,,false,,0.00,0.0000,true,1,133570
7290108532661,true,"שני ק""ג עוגיות אלפחו",,,"שני ק""ג עוגיות אלפחו",,0.00,,false,,0.00,0.0000,true,1,133573
7290108532678,true,"זיתים 13 ק""ג דלי",,,"זיתים 13 ק""ג דלי",,0.00,,false,,0.00,0.0000,true,1,133574
7290108532685,true,סלט בורגול,,,סלט בורגול,,0.00,,false,,5.00,0.0000,true,1,133575
7290108532692,true,כוס 8OZ קופיקס,,,כוס 8OZ קופיקס,,0.00,,false,,2999.90,0.0000,true,1,133576
7290108532708,true,כוס פלסטיק 330 קופיק,,,כוס פלסטיק 330 קופיק,,0.00,,false,,0.00,0.0000,true,1,133577
7290108532715,true,מכסה לכוס 330 קופיקס,,,מכסה לכוס 330 קופיקס,,0.00,,false,,0.00,0.0000,true,1,133578
7290108532753,true,שקית נייר מאפים,,,שקית נייר מאפים,,0.00,,false,,0.00,0.0000,true,1,133582
7290108533323,true,מקל מטאטא שימוש עצמי,,,מקל מטאטא שימוש עצמי,,0.00,,false,,0.00,0.0000,true,1,133639
7290108533330,true,מטליות תפזורת 250 יח,,,מטליות תפזורת 250 יח,,0.00,,false,,0.00,0.0000,true,1,133640
7290108533347,true,קופיקס-מ א - סחבה60,,,קופיקס-מ א - סחבה60,,0.00,,false,,0.00,0.0000,true,1,133641
7290108533361,true,גליל נייר תעשייתי12,,,גליל נייר תעשייתי12,,0.00,,false,,0.00,0.0000,true,1,133643
7290108533514,true,כלי עזר להכנת חמין-,,,כלי עזר להכנת חמין-,,0.00,,false,,0.00,0.0000,true,1,133679
7290108533521,true,קולפן מחדד,,,קולפן מחדד,,0.00,,false,,5.00,0.0000,true,1,133680
7290108533552,true,מנת קוסקוס,,,מנת קוסקוס,,0.00,,false,,5.00,0.0000,true,1,133693
7290108533569,true,ירקות למנת קוסקוס,,,ירקות למנת קוסקוס,,0.00,,false,,5.00,0.0000,true,1,133694
7290108533576,true,סושי אינסייד אאוט,,,סושי אינסייד אאוט,,0.00,,false,,5.00,0.0000,true,1,133706
7290108533590,true,ארגז סלטים א 10 -בור,,,ארגז סלטים א 10 -בור,,0.00,,false,,5.00,0.0000,true,1,133708
7290108533606,true,ארגז סלטים ב 15 - סל,,,ארגז סלטים ב 15 - סל,,0.00,,false,,5.00,0.0000,true,1,133709
7290108533613,true,ארד - קופיקס - ארגז,,,ארד - קופיקס - ארגז,,0.00,,false,,5.00,0.0000,true,1,133710
7290108533637,true,גלון תפוזים 2 ליטר,,,גלון תפוזים 2 ליטר,,0.00,,false,,0.00,0.0000,true,1,133712
7290108533712,true,פנס לד,,,פנס לד,,0.00,,false,,5.00,0.0000,true,1,133729
7290108533774,true,שוקולטה 1 קילו מהדרי,,,שוקולטה 1 קילו מהדרי,,0.00,,false,,0.00,0.0000,true,1,133753
7290108533781,true,קרמל וחמאת בוטנים 1,,,קרמל וחמאת בוטנים 1,,0.00,,false,,0.00,0.0000,true,1,133754
7290108533798,true,ארגז  L לחמניית טונה,,,ארגז  L לחמניית טונה,,0.00,,false,,0.00,0.0000,true,1,133755
7290108533804,true,מרק כתום 2.5 ליטר 4,,,מרק כתום 2.5 ליטר 4,,0.00,,false,,0.00,0.0000,true,1,135313
7290108533859,true,אייס וניל העדה החרדי,,,אייס וניל העדה החרדי,,0.00,,false,,2999.90,0.0000,true,1,134511
7290108534269,true,אייס פסיפלורה כשלפ,,,אייס פסיפלורה כשלפ,,0.00,,false,,0.00,0.0000,true,1,135588
7290108534283,true,"שוקו כשלפ 1 ק""ג",,,"שוקו כשלפ 1 ק""ג",,0.00,,false,,0.00,0.0000,true,1,135560
7290108534290,true,תמצית לשייק תות כשלפ,,,תמצית לשייק תות כשלפ,,0.00,,false,,0.00,0.0000,true,1,135561
7290108534382,true,גפילטע פיש 160 גרם,,,גפילטע פיש 160 גרם,,0.00,,false,,5.00,0.0000,true,1,134537
7290108534405,true,"ארגז M ל.טונה 20, מש",,,"ארגז M ל.טונה 20, מש",,0.00,,false,,0.00,0.0000,true,1,134539
7290108534429,true,פאי אגוזים כשלפ,,,פאי אגוזים כשלפ,,0.00,,false,,5.00,0.0000,true,1,134540
7290108534825,true,לחמניית גבינה בולגרי,,,לחמניית גבינה בולגרי,,0.00,,false,,5.00,0.0000,true,1,134561
7290108534832,true,סלט פסטה קר,,,סלט פסטה קר,,0.00,,false,,5.00,0.0000,true,1,134562
7290108534856,true,עוגיות וניל עוגיות2,,,עוגיות וניל עוגיות2,,0.00,,false,,0.00,0.0000,true,1,133796
7290108534894,true,כרטיס נטען,,,כרטיס נטען,,0.00,,false,,0.00,0.0000,true,1,134566
7290108534900,true,קופון קניון עופר,,,קופון קניון עופר,,0.00,,false,,5.00,0.0000,true,1,134567
7290108534917,true,ארד - ארגז N- משולש,,,ארד - ארגז N- משולש,,0.00,,false,,0.00,0.0000,true,1,134568
7290108534924,true,"ארד - ארגז - O לח ""ט",,,"ארד - ארגז - O לח ""ט",,0.00,,false,,0.00,0.0000,true,1,134045
7290108534931,true,ארד - ארגז - P משולש,,,ארד - ארגז - P משולש,,0.00,,false,,0.00,0.0000,true,1,134569
7290108534948,true,ארד - סלטים ו 10 - ב,,,ארד - סלטים ו 10 - ב,,0.00,,false,,0.00,0.0000,true,1,134570
7290108534955,true,ארד - סלטים ח 20 - ב,,,ארד - סלטים ח 20 - ב,,0.00,,false,,0.00,0.0000,true,1,134046
7290108534986,true,סטנד אבזרי מטבח מסיל,,,סטנד אבזרי מטבח מסיל,,0.00,,false,,0.00,0.0000,true,1,136973
7290108535068,true,ארגז - KB משולש חבית,,,ארגז - KB משולש חבית,,0.00,,false,,0.00,0.0000,true,1,134579
7290108535235,true,סטנד כלי כתיבה,,,סטנד כלי כתיבה,,0.00,,false,,0.00,0.0000,true,1,134589
7290108536584,true,"פאדג ""שוקולד",,,"פאדג ""שוקולד",,0.00,,false,,5.00,0.0000,true,1,134605
7290108537710,true,בראוניז,,,בראוניז,,0.00,,false,,5.00,0.0000,true,1,134633
7290108537918,true,סטנד משקפי קריאה,,,סטנד משקפי קריאה,,0.00,,false,,0.00,0.0000,true,1,136974
7290108538045,false,לחמניית טונה CFF,,,לחמניית טונה CFF,Unknown,1.00,יחידה,false,,12.00,12.0000,true,1,133936
7290108538694,true,סלט פסטה פסטו עם גבי,,,סלט פסטה פסטו עם גבי,,0.00,,false,,5.00,0.0000,true,1,134059
7290108538755,true,משולש חביתה-בית ספר,,,משולש חביתה-בית ספר,,0.00,,false,,5.00,0.0000,true,1,134676
7290108538779,true,משולש סלמון - בית ספ,,,משולש סלמון - בית ספ,,0.00,,false,,5.00,0.0000,true,1,134678
7290108538786,true,משולש טונה -בית ספר,,,משולש טונה -בית ספר,,0.00,,false,,5.00,0.0000,true,1,134679
7290108538793,true,משולש מיקס גבינות -,,,משולש מיקס גבינות -,,0.00,,false,,5.00,0.0000,true,1,134680
7290108538809,true,לחמנית בולגרית -בית,,,לחמנית בולגרית -בית,,0.00,,false,,5.00,0.0000,true,1,134681
7290108538908,true,אורז עם עדשים וגרגרי,,,אורז עם עדשים וגרגרי,,0.00,,false,,5.00,0.0000,true,1,134690
7290108538977,false,מטריה קופיקס,,,מטריה קופיקס,Unknown,1.00,יחידה,false,,8.00,8.0000,true,1,134694
7290108539660,true,חמין העדה החרדית5.,,,חמין העדה החרדית5.,,0.00,,false,,0.00,0.0000,true,1,135198
7290109351186,true,אטריות דקיקות 500 גר,,,אטריות דקיקות 500 גר,,0.00,,false,,5.00,0.0000,true,1,134701
7290109353456,true,מפעל-עסיס חומץ טבעי,,,מפעל-עסיס חומץ טבעי,,0.00,,false,,2999.90,0.0000,true,1,136024
7290109356082,true,מפעל-עסיס מיץ לימון,,,מפעל-עסיס מיץ לימון,,0.00,,false,,2999.90,0.0000,true,1,135534
7290109358765,false,קראנץ' רולס 450 גרם,,,קראנץ' רולס 450 גרם,גרמים,450.00,100 גרם,false,,23.90,0.0531,true,1,140387
7290109580104,false,רוסטביף פרימיום זוגל,,,רוסטביף פרימיום זוגל,גרמים,150.00,100 גרם,false,,25.90,0.1727,true,1,150900
7290109580166,false,סרוולד פרימיום זוגלו,,,סרוולד פרימיום זוגלו,גרמים,150.00,100 גרם,false,,25.90,0.1727,true,1,150904
7290110114800,false,מים מינרליים בטעם ענ,,,מים מינרליים בטעם ענ,מיליליטרים,1500.00,"100 מ""ל",false,,9.20,0.0061,true,1,153680
7290110114855,false,מים מינרילים נביעות,,,מים מינרילים נביעות,מיליליטרים,9000.00,"100 מ""ל",false,,13.70,0.0015,true,1,153683
7290110114961,false,פריגת תפוזים 1.5 ליט,,,פריגת תפוזים 1.5 ליט,מיליליטרים,1500.00,"100 מ""ל",false,,10.20,0.0068,true,1,153684
7290110115043,false,פריגת לימונענע 1.5 ל,,,פריגת לימונענע 1.5 ל,מיליליטרים,1500.00,"100 מ""ל",false,,10.20,0.0068,true,1,153691
7290110115050,false,פריגת מיקס תות-בננה,,,פריגת מיקס תות-בננה,מיליליטרים,1500.00,"100 מ""ל",false,,10.20,0.0068,true,1,153692
7290110115203,false,קוקה קולה 1.5 ליטר,,,קוקה קולה 1.5 ליטר,מיליליטרים,1500.00,"100 מ""ל",false,,9.50,0.0063,true,1,153704
7290110115227,false,קוקה קולה זירו בקבוק,,,קוקה קולה זירו בקבוק,מיליליטרים,1500.00,"100 מ""ל",false,,9.20,0.0061,true,1,153706
7290110115265,false,ספרייט ליים 1.5 ליטר,,,ספרייט ליים 1.5 ליטר,מיליליטרים,1500.00,"100 מ""ל",false,,9.50,0.0063,true,1,153708
7290110115357,false,קינלי סודה 1.5 ליטר,,,קינלי סודה 1.5 ליטר,מיליליטרים,1500.00,"100 מ""ל",false,,4.90,0.0033,true,1,153715
7290110115418,false,קולה זירו קוקה קולה,,,קולה זירו קוקה קולה,מיליליטרים,9000.00,"100 מ""ל",false,,49.90,0.0055,true,1,153720
7290110115463,false,תה קר אפרסק פיוז-טי,,,תה קר אפרסק פיוז-טי,מיליליטרים,1500.00,"100 מ""ל",false,,9.80,0.0065,true,1,153725
7290110115623,false,פיוז תה אפרסק זירו 1,,,פיוז תה אפרסק זירו 1,מיליליטרים,1500.00,"100 מ""ל",false,,8.90,0.0059,true,1,155857
7290110115838,false,ספרייט זירו  1.5 ליט,,,ספרייט זירו  1.5 ליט,מיליליטרים,1500.00,"100 מ""ל",false,,8.90,0.0059,true,1,157469
7290110115876,false,קינלי סודה 1.5 ליטר,,,קינלי סודה 1.5 ליטר,מיליליטרים,1500.00,"100 מ""ל",false,,4.90,0.0033,true,1,157467
7290110116569,false,ספרייט זירו למון היט,,,ספרייט זירו למון היט,מיליליטרים,1500.00,"100 מ""ל",false,,8.60,0.0057,true,1,157636
7290110320850,false,גבינת עמק 28% שומן פ,,,גבינת עמק 28% שומן פ,גרמים,200.00,100 גרם,false,,15.90,0.0795,true,1,137638
7290110320935,false,פרוסות מוצרלה מחלב ב,,,פרוסות מוצרלה מחלב ב,גרמים,150.00,100 גרם,false,,18.90,0.1260,true,1,145039
7290110321031,false,יופלה GO יוגורט מועש,,,יופלה GO יוגורט מועש,גרמים,200.00,100 גרם,false,,6.30,0.0315,true,1,140075
7290110321680,false,יוגורט 2.9% תות גו 2,,,יוגורט 2.9% תות גו 2,גרמים,200.00,100 גרם,false,,5.90,0.0295,true,1,140078
7290110322014,false,טופו טבעי 300 גרם,,,טופו טבעי 300 גרם,גרמים,300.00,100 גרם,false,,12.90,0.0430,true,1,140082
7290110322946,false,יוגורט תות ובננה סמו,,,יוגורט תות ובננה סמו,מיליליטרים,348.00,"100 מ""ל",false,,13.90,0.0399,true,1,144690
7290110323073,false,משקה יוגורט 1% 20 גר,,,משקה יוגורט 1% 20 גר,מיליליטרים,250.00,"100 מ""ל",false,,6.70,0.0268,true,1,140086
7290110323301,false,גבינת טל העמק 32% שו,,,גבינת טל העמק 32% שו,גרמים,200.00,100 גרם,false,,19.90,0.0995,true,1,144694
7290110323585,false,יוגורט לייט 0.5% מוע,,,יוגורט לייט 0.5% מוע,גרמים,200.00,100 גרם,false,,5.90,0.0295,true,1,144696
7290110323714,false,משקה קוקוס שקדים תנו,,,משקה קוקוס שקדים תנו,מיליליטרים,1000.00,"100 מ""ל",false,,14.80,0.0148,true,1,144702
7290110324551,false,יוגורט טיוב תות סמוט,,,יוגורט טיוב תות סמוט,מיליליטרים,348.00,"100 מ""ל",false,,13.90,0.0399,true,1,144705
7290110324926,false,משקה סויה ללא תוספת,,,משקה סויה ללא תוספת,מיליליטרים,1000.00,"100 מ""ל",false,,11.90,0.0119,true,1,144717
7290110325114,false,משקה יוגורט 0.6% מוע,,,משקה יוגורט 0.6% מוע,מיליליטרים,250.00,"100 מ""ל",false,,6.50,0.0260,true,1,144720
7290110325169,false,פרוסות גבינת גאודה ח,,,פרוסות גבינת גאודה ח,גרמים,170.00,100 גרם,false,,19.90,0.1171,true,1,147059
7290110325619,false,משקה שיבולת שועל 1 ל,,,משקה שיבולת שועל 1 ל,מיליליטרים,1000.00,"100 מ""ל",false,,14.80,0.0148,true,1,149391
7290110325893,false,תנובה GO אייס קפה 34,,,תנובה GO אייס קפה 34,מיליליטרים,340.00,"100 מ""ל",false,,7.70,0.0226,true,1,151106
7290110326210,false,יופלה און טופ פצפוצי,,,יופלה און טופ פצפוצי,גרמים,157.00,100 גרם,false,,5.50,0.0350,true,1,147048
7290110326227,false,יופלה און טופ קורנפל,,,יופלה און טופ קורנפל,גרמים,157.00,100 גרם,false,,5.50,0.0350,true,1,147049
7290110327064,false,"אייס קפה ש""ש קרמל 1",,,"אייס קפה ש""ש קרמל 1",מיליליטרים,1000.00,"100 מ""ל",false,,11.90,0.0119,true,1,155760
7290110327514,false,משקה שיבולת שועל אגו,,,משקה שיבולת שועל אגו,מיליליטרים,1000.00,"100 מ""ל",false,,14.80,0.0148,true,1,152761
7290110328481,false,פתיתי פרמג'יאנו רג'י,,,פתיתי פרמג'יאנו רג'י,גרמים,100.00,100 גרם,false,,16.90,0.1690,true,1,151747
7290110328627,false,יוגורט גו סמיך בננה,,,יוגורט גו סמיך בננה,גרמים,200.00,100 גרם,false,,5.90,0.0295,true,1,153339
7290110328764,false,יוגורט גו סמיך תות י,,,יוגורט גו סמיך תות י,גרמים,200.00,100 גרם,false,,5.90,0.0295,true,1,153340
7290110328771,false,יוגורט גו סמיך 0% פי,,,יוגורט גו סמיך 0% פי,גרמים,200.00,100 גרם,false,,5.90,0.0295,true,1,153341
7290110328788,false,יוגורט גו סמיך אפרסק,,,יוגורט גו סמיך אפרסק,גרמים,200.00,100 גרם,false,,5.90,0.0295,true,1,153342
7290110329136,false,מעדן חלב גו בטעם שוק,,,מעדן חלב גו בטעם שוק,גרמים,120.00,100 גרם,false,,5.30,0.0442,true,1,153502
7290110329303,false,פרוסות בטעם צהובה קל,,,פרוסות בטעם צהובה קל,גרמים,200.00,100 גרם,false,,22.90,0.1145,true,1,153505
7290110329426,false,טופו טבעי 250 גרם עם,,,טופו טבעי 250 גרם עם,גרמים,610.00,100 גרם,false,,14.90,0.0244,true,1,156222
7290110329716,false,משקה קפה קר בטעם קפו,,,משקה קפה קר בטעם קפו,גרמים,230.00,100 גרם,false,,8.90,0.0387,true,1,155761
7290110329723,false,משקה קפה קר בטעם לאט,,,משקה קפה קר בטעם לאט,גרמים,230.00,100 גרם,false,,8.90,0.0387,true,1,155762
7290110329730,false,משקה חלב עם שוקולד ו,,,משקה חלב עם שוקולד ו,גרמים,230.00,100 גרם,false,,8.90,0.0387,true,1,155763
7290110476397,false,סוללות אלקליין AA 8+,,,סוללות אלקליין AA 8+,Unknown,1.00,יחידה,false,,14.90,14.9000,true,1,154876
7290110553173,false,פריכיות קרמל אנרגי 4,,,פריכיות קרמל אנרגי 4,גרמים,40.00,100 גרם,false,,5.90,0.1475,true,1,157355
7290110553180,false,פריכיות תפוח קינמון,,,פריכיות תפוח קינמון,גרמים,40.00,100 גרם,false,,5.90,0.1475,true,1,157356
7290110554460,false,ציטוס קראנץ צ'דר חלפ,,,ציטוס קראנץ צ'דר חלפ,גרמים,65.00,100 גרם,false,,3.60,0.0554,true,1,155904
7290110554583,false,מארז ציטוס פאפ גבינה,,,מארז ציטוס פאפ גבינה,גרמים,200.00,100 גרם,false,,13.90,0.0695,true,1,153953
7290110557027,false,חומוס 50% טחינה 400,,,חומוס 50% טחינה 400,גרמים,400.00,100 גרם,false,,14.90,0.0373,true,1,153918
7290110557133,false,מעדן הגולן וניל 125,,,מעדן הגולן וניל 125,גרמים,125.00,100 גרם,false,,2.90,0.0232,true,1,153308
7290110558284,false,דנונה ביו מולטי 200,,,דנונה ביו מולטי 200,גרמים,200.00,100 גרם,false,,4.90,0.0245,true,1,156328
7290110558666,false,דניאלה בטעם תפוח 88,,,דניאלה בטעם תפוח 88,גרמים,88.00,100 גרם,false,,4.30,0.0489,true,1,157571
7290110563431,false,משקה קפה קר קלאסי 1.,,,משקה קפה קר קלאסי 1.,מיליליטרים,230.00,"100 מ""ל",false,,7.90,0.0343,true,1,143288
7290110563448,false,משקה קפה קר מעודן 1.,,,משקה קפה קר מעודן 1.,מיליליטרים,230.00,"100 מ""ל",false,,7.90,0.0343,true,1,143289
7290110563462,false,חלב בבקבוק נטול לקטו,,,חלב בבקבוק נטול לקטו,מיליליטרים,1000.00,"100 מ""ל",false,,8.20,0.0082,true,1,143290
7290110565435,false,לימבו פטל קו חלבי 12,,,לימבו פטל קו חלבי 12,גרמים,125.00,100 גרם,false,,2.00,0.0160,true,1,141342
7290110565527,false,יוגורט פרו 20 גרם חל,,,יוגורט פרו 20 גרם חל,גרמים,200.00,100 גרם,false,,6.20,0.0310,true,1,139956
7290110566975,false,יוגורט דנונה פרו 20,,,יוגורט דנונה פרו 20,גרמים,200.00,100 גרם,false,,6.20,0.0310,true,1,141346
7290110571382,false,מעדן חלב בטעם וניל מ,,,מעדן חלב בטעם וניל מ,גרמים,150.00,100 גרם,false,,4.90,0.0327,true,1,155132
7290110572969,false,כיף כף פצפצים קרם לב,,,כיף כף פצפצים קרם לב,גרמים,40.00,100 גרם,false,,5.00,0.1250,true,1,156731
7290110572976,false,כיף כף פצפצים קרם לב,,,כיף כף פצפצים קרם לב,גרמים,135.00,100 גרם,false,,10.60,0.0785,true,1,156732
7290110576370,false,שוקולד אגוז מריר עלי,,,שוקולד אגוז מריר עלי,גרמים,300.00,100 גרם,false,,24.90,0.0830,true,1,157361
7290110634032,true,קוץ לקיר תליה,,,קוץ לקיר תליה,,0.00,,false,,0.00,0.0000,true,1,135924
7290110635343,true,דוגמאות מאפה רוחלה,,,דוגמאות מאפה רוחלה,,0.00,,false,,0.00,0.0000,true,1,136405
7290110635381,true,דוגמאות מאפה אנטקובי,,,דוגמאות מאפה אנטקובי,,0.00,,false,,0.00,0.0000,true,1,136424
7290110635510,true,"דוגמאות מאפה אנג""ל",,,"דוגמאות מאפה אנג""ל",,0.00,,false,,0.00,0.0000,true,1,136448
7290110635527,true,"גרעיני תירס 3 ק""ג עד",,,"גרעיני תירס 3 ק""ג עד",,0.00,,false,,0.00,0.0000,true,1,136455
7290110639785,true,משאבה לבלונים,,,משאבה לבלונים,,0.00,,false,,0.00,0.0000,true,1,137776
7290110639792,true,בלונים ממותגים + מקל,,,בלונים ממותגים + מקל,,0.00,,false,,0.00,0.0000,true,1,137777
7290110639815,true,צעצועים דיויד מרקובי,,,צעצועים דיויד מרקובי,,0.00,,false,,0.00,0.0000,true,1,144499
7290111340185,false,מטליות לחות לרצפה ני,,,מטליות לחות לרצפה ני,Unknown,10.00,יחידה,false,,11.90,1.1900,true,1,140984
7290111344879,false,מגן תחתון קוטקס 2 ב-,,,מגן תחתון קוטקס 2 ב-,Unknown,44.00,יחידה,false,,19.90,0.4523,true,1,154383
7290111350726,false,חטיף נאצ'וס בסגנון מ,,,חטיף נאצ'וס בסגנון מ,גרמים,332.00,100 גרם,false,,16.90,0.0509,true,1,151178
7290111352973,false,קוביות חמוצות 220 גר,,,קוביות חמוצות 220 גר,גרמים,220.00,100 גרם,false,,9.90,0.0450,true,1,149328
7290111562761,true,אסם קרטון עסקה מרקי,,,אסם קרטון עסקה מרקי,,0.00,,false,,0.00,0.0000,true,1,136822
7290111930805,false,חטיף בטעם ברביקיו קר,,,חטיף בטעם ברביקיו קר,גרמים,55.00,100 גרם,false,,3.50,0.0636,true,1,140745
7290111930928,false,חטיף תפוח אדמה בטעם,,,חטיף תפוח אדמה בטעם,גרמים,40.00,100 גרם,false,,4.40,0.1100,true,1,144114
7290111930935,false,חטיף תפוח אדמה בטעם,,,חטיף תפוח אדמה בטעם,גרמים,40.00,100 גרם,false,,4.40,0.1100,true,1,144115
7290111939181,false,קוקי ניילון נצמד עם,,,קוקי ניילון נצמד עם,Unknown,20.00,יחידה,false,,9.90,0.4950,true,1,149263
7290112013729,true,קופיקס-רוטב אריסה50,,,קופיקס-רוטב אריסה50,,0.00,,false,,0.00,0.0000,true,1,137065
7290112290113,true,עוגה בחושה שוקולד כש,,,עוגה בחושה שוקולד כש,,0.00,,false,,0.00,0.0000,true,1,138053
7290112290427,true,מעטפות פרסום פסח מהד,,,מעטפות פרסום פסח מהד,,0.00,,false,,0.00,0.0000,true,1,138230
7290112290434,true,מעטפות פרסום פסח רגי,,,מעטפות פרסום פסח רגי,,0.00,,false,,0.00,0.0000,true,1,138231
7290112290496,true,"גביע ליוגורט 200 מ""ל",,,"גביע ליוגורט 200 מ""ל",,0.00,,false,,0.00,0.0000,true,1,138252
7290112290564,true,קרמבל תפוחים,,,קרמבל תפוחים,,0.00,,false,,0.00,0.0000,true,1,138468
7290112290588,true,"גביע ליוגורט 200 מ""ל",,,"גביע ליוגורט 200 מ""ל",,0.00,,false,,0.00,0.0000,true,1,138469
7290112290656,true,תחמיץ לסלט קופיקס 2,,,תחמיץ לסלט קופיקס 2,,0.00,,false,,0.00,0.0000,true,1,138723
7290112291271,true,חמין גדול+ לחמניה,,,חמין גדול+ לחמניה,,0.00,,false,,0.00,0.0000,true,1,138554
7290112291288,true,קוגל חצי מנה + מלפפו,,,קוגל חצי מנה + מלפפו,,0.00,,false,,0.00,0.0000,true,1,138555
7290112291332,true,מאפה קינמון לא אפוי,,,מאפה קינמון לא אפוי,,0.00,,false,,0.00,0.0000,true,1,138609
7290112291387,true,באן מאודה במילוי בטע,,,באן מאודה במילוי בטע,,0.00,,false,,0.00,0.0000,true,1,138717
7290112291394,true,באן מאודה במילוי בטע,,,באן מאודה במילוי בטע,,0.00,,false,,0.00,0.0000,true,1,138718
7290112291400,true,כריך כפול פטה-פלפלc,,,כריך כפול פטה-פלפלc,,0.00,,false,,12.00,0.0000,true,1,138724
7290112291417,true,כריך כפול גווקאמולי,,,כריך כפול גווקאמולי,,0.00,,false,,12.00,0.0000,true,1,138725
7290112291431,true,טורטיה מסאחן    cff,,,טורטיה מסאחן    cff,,0.00,,false,,10.00,0.0000,true,1,138727
7290112291479,true,"כוס פלסטיק 330 מ""ל",,,"כוס פלסטיק 330 מ""ל",,0.00,,false,,0.00,0.0000,true,1,138780
7290112291486,true,"כוס פלסטיק 500 מ""ל",,,"כוס פלסטיק 500 מ""ל",,0.00,,false,,0.00,0.0000,true,1,138781
7290112291493,true,"מכסה לכוס 250+330 מ""",,,"מכסה לכוס 250+330 מ""",,0.00,,false,,0.00,0.0000,true,1,138782
7290112292063,false,עוגת קראנץ קינמון,,,עוגת קראנץ קינמון,Unknown,1.00,יחידה,false,,12.00,12.0000,true,1,140177
7290112294128,false,מסכה כירורגית,,,מסכה כירורגית,Unknown,1.00,יחידה,false,,1.90,1.9000,true,1,147348
7290112295897,false,כריך ביס סביח cff,,,כריך ביס סביח cff,Unknown,1.00,יחידה,false,,12.00,12.0000,true,1,154744
7290112295903,false,כריך כפרי שקשוקה cff,,,כריך כפרי שקשוקה cff,Unknown,1.00,יחידה,false,,15.00,15.0000,true,1,154745
7290112295910,false,כריך כפרי חביתה cff,,,כריך כפרי חביתה cff,Unknown,1.00,יחידה,false,,15.00,15.0000,true,1,154746
7290112296122,false,"כריך ביס גבנ""צ cff",,,"כריך ביס גבנ""צ cff",Unknown,1.00,יחידה,false,,12.00,12.0000,true,1,154742
7290112296139,false,כריך ביס ביצה cff,,,כריך ביס ביצה cff,Unknown,1.00,יחידה,false,,12.00,12.0000,true,1,154743
7290112330352,false,דנונה פרו 20 גר וניל,,,דנונה פרו 20 גר וניל,גרמים,200.00,100 גרם,false,,6.20,0.0310,true,1,145545
7290112332691,false,פינוקיות קרם פסק זמן,,,פינוקיות קרם פסק זמן,גרמים,200.00,100 גרם,false,,11.90,0.0595,true,1,144432
7290112337474,false,"סוכריות לל""ס פטל לימ",,,"סוכריות לל""ס פטל לימ",גרמים,80.00,100 גרם,false,,8.90,0.1113,true,1,147755
7290112337481,false,"סוכריות לל""ס קפוצינו",,,"סוכריות לל""ס קפוצינו",גרמים,80.00,100 גרם,false,,8.90,0.1113,true,1,147631
7290112339867,false,גמדים סקוויז בודד תו,,,גמדים סקוויז בודד תו,גרמים,100.00,100 גרם,false,,5.90,0.0590,true,1,143310
7290112339874,false,גמדים סקוויז בודד תו,,,גמדים סקוויז בודד תו,גרמים,100.00,100 גרם,false,,5.90,0.0590,true,1,143311
7290112340276,false,פינוקיות קרם קפה נמס,,,פינוקיות קרם קפה נמס,גרמים,200.00,100 גרם,false,,11.90,0.0595,true,1,144438
7290112342515,false,דוריטוס קול ראנצ' 55,,,דוריטוס קול ראנצ' 55,גרמים,55.00,100 גרם,false,,3.60,0.0655,true,1,145242
7290112343260,false,רוטב שמנת קלאסי 260,,,רוטב שמנת קלאסי 260,גרמים,260.00,100 גרם,false,,11.30,0.0435,true,1,145563
7290112343420,false,יטבתה פרו ארוחת בוקר,,,יטבתה פרו ארוחת בוקר,מיליליטרים,350.00,"100 מ""ל",false,,7.90,0.0226,true,1,145566
7290112343499,false,צ'יטוס פאפס 55 גרם,,,צ'יטוס פאפס 55 גרם,גרמים,55.00,100 גרם,false,,3.60,0.0655,true,1,152935
7290112344755,false,מילקי עם 26% פחות סו,,,מילקי עם 26% פחות סו,גרמים,133.00,100 גרם,false,,2.90,0.0218,true,1,150553
7290112344786,false,פלטינום קלאסיק 200 ג,,,פלטינום קלאסיק 200 ג,גרמים,200.00,100 גרם,false,,26.90,0.1345,true,1,147093
7290112344953,false,סימפוניה חציל קלוי 2,,,סימפוניה חציל קלוי 2,גרמים,200.00,100 גרם,false,,12.40,0.0620,true,1,150876
7290112347008,false,גמדים ארוחת בוקר תות,,,גמדים ארוחת בוקר תות,גרמים,100.00,100 גרם,false,,5.90,0.0590,true,1,145588
7290112349606,false,דניאלה תות בננה 88 ג,,,דניאלה תות בננה 88 ג,גרמים,88.00,100 גרם,false,,4.30,0.0489,true,1,154237
7290112354174,false,פסטה רוזה 280 גרם,,,פסטה רוזה 280 גרם,גרמים,280.00,100 גרם,false,,21.90,0.0782,true,1,153228
7290112490209,false,נמס בכוס מרק עגבניות,,,נמס בכוס מרק עגבניות,גרמים,56.00,100 גרם,false,,7.50,0.1339,true,1,140988
7290112490230,false,נמס בכוס מרק אפונה ק,,,נמס בכוס מרק אפונה ק,גרמים,50.00,100 גרם,false,,7.50,0.1500,true,1,140989
7290112490674,false,קונפיטורת דובדבנים (,,,קונפיטורת דובדבנים (,גרמים,340.00,100 גרם,false,,13.90,0.0409,true,1,142564
7290112492593,false,פינוק תח.רחצה קלאסי,,,פינוק תח.רחצה קלאסי,מיליליטרים,700.00,"100 מ""ל",false,,11.90,0.0170,true,1,144931
7290112493293,false,נמס בכוס מרק ירקות ק,,,נמס בכוס מרק ירקות ק,גרמים,44.00,100 גרם,false,,7.50,0.1705,true,1,144624
7290112493927,false,גלידת קרמיסימו 1.33,,,גלידת קרמיסימו 1.33,מיליליטרים,1330.00,"100 מ""ל",false,,21.90,0.0165,true,1,147140
7290112493934,false,גלידת קרמיסימו 1.33,,,גלידת קרמיסימו 1.33,מיליליטרים,1330.00,"100 מ""ל",false,,21.90,0.0165,true,1,147072
7290112494238,false,קליק כדורים חלב תפזו,,,קליק כדורים חלב תפזו,גרמים,65.00,100 גרם,false,,6.40,0.0985,true,1,144921
7290112494344,false,קורנפלקס של אלופים ת,,,קורנפלקס של אלופים ת,גרמים,850.00,100 גרם,false,,17.90,0.0211,true,1,146333
7290112495020,false,כריות צ'וקולדה 686 ג,,,כריות צ'וקולדה 686 ג,גרמים,686.00,100 גרם,false,,24.90,0.0363,true,1,144926
7290112495105,false,נשנושים שמנת בצל 260,,,נשנושים שמנת בצל 260,גרמים,260.00,100 גרם,false,,12.90,0.0496,true,1,144928
7290112497499,false,קליק טבלת שוקולד לבן,,,קליק טבלת שוקולד לבן,גרמים,85.00,100 גרם,false,,5.30,0.0624,true,1,152481
7290112498922,false,מאגדת מיני מגנום שוק,,,מאגדת מיני מגנום שוק,גרמים,250.00,100 גרם,false,,25.90,0.1036,true,1,151484
7290112498939,false,בומבה,,,בומבה,Unknown,1.00,יחידה,false,,10.00,10.0000,true,1,151392
7290112498946,false,קשת בענן - ארטיק ילד,,,קשת בענן - ארטיק ילד,Unknown,1.00,יחידה,false,,6.50,6.5000,true,1,154726
7290112499080,false,סולרו בר קוקוס,,,סולרו בר קוקוס,Unknown,1.00,יחידה,false,,9.90,9.9000,true,1,154724
7290112499103,false,טילון קורנטו קליק ונ,,,טילון קורנטו קליק ונ,גרמים,72.00,100 גרם,false,,7.00,0.0972,true,1,155200
7290112499196,false,קרמיסימו קורנפלקס 1.,,,קרמיסימו קורנפלקס 1.,מיליליטרים,1330.00,"100 מ""ל",false,,21.90,0.0165,true,1,156251
7290112499639,false,טילון סופר מגנום וני,,,טילון סופר מגנום וני,Unknown,1.00,יחידה,false,,11.00,11.0000,true,1,146000
7290112499646,false,קורנטו סופר פקאנים,,,קורנטו סופר פקאנים,Unknown,1.00,יחידה,false,,11.00,11.0000,true,1,146001
7290112499738,false,מלון,,,מלון,Unknown,1.00,יחידה,false,,6.00,6.0000,true,1,145985
7290112499776,false,מאגדת גודיז 3 שוקולד,,,מאגדת גודיז 3 שוקולד,גרמים,240.00,100 גרם,false,,22.90,0.0954,true,1,146937
7290112499837,false,מגנום-דואט שוקולד עם,,,מגנום-דואט שוקולד עם,Unknown,1.00,יחידה,false,,11.00,11.0000,true,1,145997
7290112499844,false,מיני מגנום דואט שוקו,,,מיני מגנום דואט שוקו,Unknown,5.00,יחידה,false,,25.90,5.1800,true,1,146003
7290112499929,false,מגנום שוקולד,,,מגנום שוקולד,Unknown,1.00,יחידה,false,,11.00,11.0000,true,1,145998
7290112499936,false,מגנום שקדים מובחרים,,,מגנום שקדים מובחרים,Unknown,1.00,יחידה,false,,11.00,11.0000,true,1,145999
7290112499943,false,מיני מגנום קלאסיק חו,,,מיני מגנום קלאסיק חו,Unknown,5.00,יחידה,false,,25.90,5.1800,true,1,146004
7290112965165,false,מרק נמס פטריות רגע ח,,,מרק נמס פטריות רגע ח,גרמים,48.00,100 גרם,false,,6.80,0.1417,true,1,146270
7290112965707,false,פיטנס חטיף מולטיגריי,,,פיטנס חטיף מולטיגריי,גרמים,25.00,100 גרם,false,,4.90,0.1960,true,1,149679
7290112966803,false,פודינג שוקולד 88 גרם,,,פודינג שוקולד 88 גרם,גרמים,88.00,100 גרם,false,,5.70,0.0648,true,1,147943
7290113190542,false,לוביה 900 גרם זיפר -,,,לוביה 900 גרם זיפר -,גרמים,900.00,100 גרם,false,,16.90,0.0188,true,1,146488
7290113192324,false,בית השיטה זיתים ירוק,,,בית השיטה זיתים ירוק,גרמים,340.00,100 גרם,false,,11.80,0.0347,true,1,149318
7290113192331,false,בית השיטה זיתים ירוק,,,בית השיטה זיתים ירוק,גרמים,340.00,100 גרם,false,,10.70,0.0315,true,1,149319
7290113192355,false,חרוזית זיתים ירוקים,,,חרוזית זיתים ירוקים,גרמים,275.00,100 גרם,false,,10.90,0.0396,true,1,146390
7290113192362,false,בית השיטה טבעות זיתי,,,בית השיטה טבעות זיתי,גרמים,280.00,100 גרם,false,,11.50,0.0411,true,1,149320
7290113192379,false,ב.הש.זיתים ירוקים מב,,,ב.הש.זיתים ירוקים מב,גרמים,340.00,100 גרם,false,,11.90,0.0350,true,1,148158
7290113192478,false,מלפפונים במלח בינוני,,,מלפפונים במלח בינוני,גרמים,320.00,100 גרם,false,,8.90,0.0278,true,1,147872
7290113192515,false,מלפפון במלח בית השיט,,,מלפפון במלח בית השיט,גרמים,320.00,100 גרם,false,,12.90,0.0403,true,1,147323
7290113192522,false,מלפפון בחומץ בית השי,,,מלפפון בחומץ בית השי,גרמים,290.00,100 גרם,false,,12.90,0.0445,true,1,147873
7290113192546,false,בית השיטה מלפפון בחו,,,בית השיטה מלפפון בחו,גרמים,560.00,100 גרם,false,,7.90,0.0141,true,1,147874
7290113192577,false,בית השיטה כרוב כבוש,,,בית השיטה כרוב כבוש,גרמים,430.00,100 גרם,false,,8.90,0.0207,true,1,149325
7290113195196,false,רסק תפוחי עץ 710 גרם,,,רסק תפוחי עץ 710 גרם,גרמים,710.00,100 גרם,false,,10.90,0.0154,true,1,150639
7290113196506,false,פריכיות כוסמת ללא מל,,,פריכיות כוסמת ללא מל,גרמים,150.00,100 גרם,false,,11.90,0.0793,true,1,153271
7290113471573,false,סבון אסלה כחול אקטיב,,,סבון אסלה כחול אקטיב,Unknown,1.00,יחידה,false,,10.90,10.9000,true,1,150095
7290113472075,false,שום ארוז יבוא,,,שום ארוז יבוא,Unknown,1.00,יחידה,false,,7.90,7.9000,true,1,146785
7290113476301,false,נר נשמה 24 שעות,,,נר נשמה 24 שעות,Unknown,1.00,יחידה,false,,1.90,1.9000,true,1,150380
7290113509986,false,קרואסון שוקולד,,,קרואסון שוקולד,Unknown,1.00,יחידה,false,,10.00,10.0000,true,1,153862
7290114310536,false,יוגורט מולר אקטיב לי,,,יוגורט מולר אקטיב לי,גרמים,200.00,100 גרם,false,,6.20,0.0310,true,1,151275
7290114310550,false,גבינת פטה עיזים מעוד,,,גבינת פטה עיזים מעוד,גרמים,200.00,100 גרם,false,,23.70,0.1185,true,1,151638
7290114310567,false,לאבנה עיזים 5% צוריא,,,לאבנה עיזים 5% צוריא,גרמים,200.00,100 גרם,false,,14.90,0.0745,true,1,151641
7290114311298,false,קציפת תות בננה מלון,,,קציפת תות בננה מלון,גרמים,150.00,100 גרם,false,,5.20,0.0347,true,1,156341
7290114311304,false,קציפת מנגו פסיפלורה,,,קציפת מנגו פסיפלורה,גרמים,150.00,100 גרם,false,,5.20,0.0347,true,1,156342
7290114311328,false,חלב נטול לקטוז מועשר,,,חלב נטול לקטוז מועשר,מיליליטרים,1000.00,"100 מ""ל",false,,8.50,0.0085,true,1,156862
7290114603034,false,גרנולה אגוזים צימוקי,,,גרנולה אגוזים צימוקי,גרמים,300.00,100 גרם,false,,14.90,0.0497,true,1,150510
7290114603539,false,מאסטר שף קרוטונים למ,,,מאסטר שף קרוטונים למ,גרמים,350.00,100 גרם,false,,19.90,0.0569,true,1,150707
7290114603553,false,מאסטר שף עגבניות חתו,,,מאסטר שף עגבניות חתו,גרמים,800.00,100 גרם,false,,9.90,0.0124,true,1,150502
7290114604864,false,קוסקוס סולת דק מאסטר,,,קוסקוס סולת דק מאסטר,גרמים,350.00,100 גרם,false,,5.90,0.0169,true,1,150512
7290114604871,false,קוסקוס סולת בינוני מ,,,קוסקוס סולת בינוני מ,גרמים,350.00,100 גרם,false,,5.90,0.0169,true,1,150513
7290114606578,false,שקדי מרק מאסטר שף 40,,,שקדי מרק מאסטר שף 40,גרמים,400.00,100 גרם,false,,10.90,0.0273,true,1,153439
7290115201031,false,אסם פתי בר דובוני שו,,,אסם פתי בר דובוני שו,גרמים,175.00,100 גרם,false,,11.90,0.0680,true,1,151356
7290115203172,false,במבה פרו 80 גרם,,,במבה פרו 80 גרם,גרמים,80.00,100 גרם,false,,5.20,0.0650,true,1,156961
7290115204636,false,קטשופ פיצה אסם 690 ג,,,קטשופ פיצה אסם 690 ג,גרמים,690.00,100 גרם,false,,11.90,0.0172,true,1,152998
7290115206852,false,ביסלי צ'יזי סטיקס 70,,,ביסלי צ'יזי סטיקס 70,גרמים,70.00,100 גרם,false,,4.50,0.0643,true,1,156962
7290115206890,false,ביסלי המבורגר 70 גרם,,,ביסלי המבורגר 70 גרם,גרמים,70.00,100 גרם,false,,4.50,0.0643,true,1,156963
7290115207620,false,רוטב בסגנון סויה קלא,,,רוטב בסגנון סויה קלא,מיליליטרים,290.00,"100 מ""ל",false,,12.90,0.0445,true,1,155826
7290115207682,false,רוטב בסגנון סויה סינ,,,רוטב בסגנון סויה סינ,מיליליטרים,290.00,"100 מ""ל",false,,12.50,0.0431,true,1,155827
7290115208009,false,ויטמינצ'יק ענבים 1 ל,,,ויטמינצ'יק ענבים 1 ל,מיליליטרים,1000.00,"100 מ""ל",false,,22.90,0.0229,true,1,154576
7290115208047,false,ויטמינצ'יק פטל 1 ליט,,,ויטמינצ'יק פטל 1 ליט,מיליליטרים,1000.00,"100 מ""ל",false,,22.90,0.0229,true,1,154577
7290115208344,false,בייגלה כפיות שמנת בצ,,,בייגלה כפיות שמנת בצ,גרמים,300.00,100 גרם,false,,10.90,0.0363,true,1,156964
7290115209174,false,במבה אורירית אסם 60,,,במבה אורירית אסם 60,גרמים,60.00,100 גרם,false,,4.50,0.0750,true,1,156158
7290115209358,false,במבה במילוי בראוניז,,,במבה במילוי בראוניז,גרמים,60.00,100 גרם,false,,4.90,0.0817,true,1,157674
7290115400847,false,עוגיות פרפריות רמי ל,,,עוגיות פרפריות רמי ל,גרמים,500.00,100 גרם,false,,14.90,0.0298,true,1,155769
7290115400861,false,עוגיות מעמול תמר רמי,,,עוגיות מעמול תמר רמי,גרמים,500.00,100 גרם,false,,14.90,0.0298,true,1,155771
7290115400908,false,עוגיות מגולגלות תמרי,,,עוגיות מגולגלות תמרי,גרמים,500.00,100 גרם,false,,14.90,0.0298,true,1,155774
7290115401097,false,עוגיות נסיכה בטעם תו,,,עוגיות נסיכה בטעם תו,גרמים,500.00,100 גרם,false,,14.90,0.0298,true,1,155775
7290115401103,false,עוגיות נסיכה מיקס רמ,,,עוגיות נסיכה מיקס רמ,גרמים,500.00,100 גרם,false,,14.90,0.0298,true,1,155776
7290115401196,false,עוגיות קוואקר פריכות,,,עוגיות קוואקר פריכות,גרמים,500.00,100 גרם,false,,14.90,0.0298,true,1,155780
7290115410921,false,חומוס ירושלמי רמי לו,,,חומוס ירושלמי רמי לו,גרמים,400.00,100 גרם,false,,10.90,0.0273,true,1,156717
7290115410938,false,טחינה רמי לוי 400 גר,,,טחינה רמי לוי 400 גר,גרמים,400.00,100 גרם,false,,10.90,0.0273,true,1,153797
7290115410969,false,סלט חומוס לפיתה רמי,,,סלט חומוס לפיתה רמי,גרמים,700.00,100 גרם,false,,10.90,0.0156,true,1,150708
7290115411454,false,חומוס ירושלמי המזטים,,,חומוס ירושלמי המזטים,גרמים,250.00,100 גרם,false,,8.90,0.0356,true,1,150709
7290115411638,false,קוביות חציל בטחינה ה,,,קוביות חציל בטחינה ה,גרמים,250.00,100 גרם,false,,8.90,0.0356,true,1,150715
7290115676693,false,תפוצ'יפס מלח וחומץ ע,,,תפוצ'יפס מלח וחומץ ע,גרמים,50.00,100 גרם,false,,4.30,0.0860,true,1,156159
7290115678376,false,מעדן הגולן שוקולד 12,,,מעדן הגולן שוקולד 12,גרמים,125.00,100 גרם,false,,2.90,0.0232,true,1,152710
7290116055657,false,כוס חם 8 (40 יח') רמ,,,כוס חם 8 (40 יח') רמ,100 יחידה,40.00,100 יחידה,false,,9.90,0.2475,true,1,156216
7290116056296,false,צלחת 9 קרם 50 יחידות,,,צלחת 9 קרם 50 יחידות,Unknown,1.00,יחידה,false,,21.90,21.9000,true,1,155407
7290116530482,false,מאגדת קורנפלקס של אל,,,מאגדת קורנפלקס של אל,גרמים,150.00,100 גרם,false,,13.90,0.0927,true,1,152771
7290116530871,false,נשנושים מיקס 240 גרם,,,נשנושים מיקס 240 גרם,גרמים,240.00,100 גרם,false,,12.90,0.0538,true,1,156001
7290116532264,false,מאגדת גודיז פרי אפרס,,,מאגדת גודיז פרי אפרס,גרמים,300.00,100 גרם,false,,22.90,0.0763,true,1,155204
7290116532400,false,בייגלה עם מלח אחד אח,,,בייגלה עם מלח אחד אח,גרמים,235.00,100 גרם,false,,6.90,0.0294,true,1,156286
7290116930282,false,ארוחה בקטנה לאבנה עם,,,ארוחה בקטנה לאבנה עם,גרמים,150.00,100 גרם,false,,8.90,0.0593,true,1,156865
7290116930435,false,יוגורט יופלה גו סמיך,,,יוגורט יופלה גו סמיך,גרמים,200.00,100 גרם,false,,5.90,0.0295,true,1,155765
7290116930459,false,יופלה שייק בננה  אננ,,,יופלה שייק בננה  אננ,מיליליטרים,230.00,"100 מ""ל",false,,7.90,0.0343,true,1,156226
7290116930565,false,משקה תה קר עם חלב בט,,,משקה תה קר עם חלב בט,מיליליטרים,230.00,"100 מ""ל",false,,8.90,0.0387,true,1,156230
7290116930626,false,ארוחה בקטנה ציזיקי ע,,,ארוחה בקטנה ציזיקי ע,גרמים,150.00,100 גרם,false,,8.90,0.0593,true,1,156866
7290117260326,false,גבינת שמנת עם זיתים,,,גבינת שמנת עם זיתים,גרמים,200.00,100 גרם,false,,10.90,0.0545,true,1,155815
7290117261385,false,גבינת פטה לייט יורו,,,גבינת פטה לייט יורו,גרמים,500.00,100 גרם,false,,26.90,0.0538,true,1,157341
7290117901014,false,קשיו קלוי ששון הקולה,,,קשיו קלוי ששון הקולה,גרמים,160.00,100 גרם,false,,15.90,0.0994,true,1,156383
7290117901038,false,אגוזי מלך קלופים ששו,,,אגוזי מלך קלופים ששו,גרמים,190.00,100 גרם,false,,15.90,0.0837,true,1,156385
7291008085035,true,"תמר מג""הול 200 גרם",,,"תמר מג""הול 200 גרם",,0.00,,false,,5.00,0.0000,true,1,133075
7293110630409,true,סט יופי - צעצוע,,,סט יופי - צעצוע,,0.00,,false,,5.00,0.0000,true,1,135069
7293110630416,true,סט כלי עבודה - צעצוע,,,סט כלי עבודה - צעצוע,,0.00,,false,,5.00,0.0000,true,1,135070
7293110630423,true,סט רופא - צעצוע,,,סט רופא - צעצוע,,0.00,,false,,5.00,0.0000,true,1,135071
7293110630430,true,משחק דגים - צעצוע,,,משחק דגים - צעצוע,,0.00,,false,,5.00,0.0000,true,1,135072
7293110630447,true,חיות בשקית - צעצוע,,,חיות בשקית - צעצוע,,0.00,,false,,5.00,0.0000,true,1,135073
7293110630454,true,סט שוטר,,,סט שוטר,,0.00,,false,,5.00,0.0000,true,1,135074
7296168010590,false,פדים להסרת איפור 80*,,,פדים להסרת איפור 80*,Unknown,80.00,יחידה,false,,16.90,0.2112,true,1,151043
7297425381149,false,כירבולית מיקרופייבר,,,כירבולית מיקרופייבר,Unknown,1.00,יחידה,false,,39.90,39.9000,true,1,153875
7297535004488,true,זוג ציפיות,,,זוג ציפיות,,0.00,,false,,10.00,0.0000,true,1,133115
7501035010109,true,טקילה קוורבו אספסיאל,,,טקילה קוורבו אספסיאל,,0.00,,false,,0.00,0.0000,true,1,134712
7501035042155,true,טקילה קוורבו גולד 1,,,טקילה קוורבו גולד 1,,0.00,,false,,0.00,0.0000,true,1,134713
7503008669154,true,"משקה קוקוס 330 מ""ל *",,,"משקה קוקוס 330 מ""ל *",,0.00,,false,,0.00,0.0000,true,1,144500
7610400014649,false,שוקולד לינדור בודד מ,,,שוקולד לינדור בודד מ,גרמים,100.00,100 גרם,false,,15.80,0.1580,true,1,153612
7613032202149,true,סוכריות סמרטיז 38 גר,,,סוכריות סמרטיז 38 גר,,0.00,,false,,0.00,0.0000,true,1,137310
7613037012200,false,גרבר מחית תפוח מנגו,,,גרבר מחית תפוח מנגו,גרמים,90.00,100 גרם,false,,6.50,0.0722,true,1,151863
7613287325952,false,רוטב ברביקיו לחיץ אס,,,רוטב ברביקיו לחיץ אס,גרמים,345.00,100 גרם,false,,13.90,0.0403,true,1,153512
7622010001858,false,אוראו וניל 176 גרם ב,,,אוראו וניל 176 גרם ב,גרמים,176.00,100 גרם,false,,9.90,0.0563,true,1,142898
7622200006472,true,מילקה - שוקולד מריר,,,מילקה - שוקולד מריר,,0.00,,false,,5.00,0.0000,true,1,133311
7622201050757,false,שוקולד חלב במילוי קר,,,שוקולד חלב במילוי קר,גרמים,100.00,100 גרם,false,,7.90,0.0790,true,1,133312
7622201139278,false,גבינת שמנת 27% פילדל,,,גבינת שמנת 27% פילדל,גרמים,150.00,100 גרם,false,,15.90,0.1060,true,1,146320
7622201521493,false,גבינת שמנת שום ועשבי,,,גבינת שמנת שום ועשבי,גרמים,150.00,100 גרם,false,,15.90,0.1060,true,1,156142
7622201798154,false,גבינת שמנת פילדלפיה,,,גבינת שמנת פילדלפיה,גרמים,150.00,100 גרם,false,,15.90,0.1060,true,1,152982
7622201801809,false,שוקולד חלב עם שברי א,,,שוקולד חלב עם שברי א,גרמים,100.00,100 גרם,false,,7.90,0.0790,true,1,152946
7622201802394,false,שוקולד חלב מילקה 100,,,שוקולד חלב מילקה 100,גרמים,100.00,100 גרם,false,,7.90,0.0790,true,1,152948
7622201808631,false,אוראו מיני כוסות בטע,,,אוראו מיני כוסות בטע,גרמים,67.00,100 גרם,false,,8.90,0.1328,true,1,154342
7622210007469,true,מילקה - שוקולד חלב ע,,,מילקה - שוקולד חלב ע,,0.00,,false,,5.00,0.0000,true,1,133313
7622210007476,true,מילקה - שוקולד חלב ע,,,מילקה - שוקולד חלב ע,,0.00,,false,,5.00,0.0000,true,1,133314
7622210078131,false,שוק' מילקה דאיים 100,,,שוק' מילקה דאיים 100,גרמים,100.00,100 גרם,false,,7.90,0.0790,true,1,153465
7622210163899,false,מילקה שוקולד חלב עם,,,מילקה שוקולד חלב עם,גרמים,100.00,100 גרם,false,,7.90,0.0790,true,1,140880
7622210186218,true,חטיף קוטדור שוקולד ח,,,חטיף קוטדור שוקולד ח,,0.00,,false,,5.00,0.0000,true,1,134883
7622210463289,true,מילקה חטיף אוראו 41,,,מילקה חטיף אוראו 41,,0.00,,false,,5.00,0.0000,true,1,135579
7622210464729,false,אוראו גולדן 154 גרם,,,אוראו גולדן 154 גרם,גרמים,154.00,100 גרם,false,,6.90,0.0448,true,1,147175
7622210664150,false,עוגיות אוראו וניל 39,,,עוגיות אוראו וניל 39,גרמים,396.00,100 גרם,false,,15.90,0.0402,true,1,156980
7622210693266,false,מילקה אגוזים שלמים 2,,,מילקה אגוזים שלמים 2,גרמים,270.00,100 גרם,false,,18.90,0.0700,true,1,155423
7622210826053,false,שוקולד מילקה אוראו ס,,,שוקולד מילקה אוראו ס,גרמים,92.00,100 גרם,false,,7.90,0.0859,true,1,150291
7622210835338,false,עוגיות אוראו בראוניז,,,עוגיות אוראו בראוניז,גרמים,176.00,100 גרם,false,,9.90,0.0563,true,1,140881
7622300291785,true,מילקה - שוקולד חלב ב,,,מילקה - שוקולד חלב ב,,0.00,,false,,5.00,0.0000,true,1,133318
7622300315283,false,אוראו וניל 154 גרם,,,אוראו וניל 154 גרם,גרמים,154.00,100 גרם,false,,6.90,0.0448,true,1,152950
7622300489427,false,אוראו עוגיות מצופות,,,אוראו עוגיות מצופות,גרמים,246.00,100 גרם,false,,19.90,0.0809,true,1,149314
7622300489434,false,אוראו עוגיות מצופות,,,אוראו עוגיות מצופות,גרמים,246.00,100 גרם,false,,19.90,0.0809,true,1,149315
7622300503079,false,מילקה מוו ביסקוויט מ,,,מילקה מוו ביסקוויט מ,גרמים,200.00,100 גרם,false,,12.90,0.0645,true,1,142903
7622300617820,false,מילקה אוראו 100 גרם,,,מילקה אוראו 100 גרם,גרמים,100.00,100 גרם,false,,7.90,0.0790,true,1,133319
7622300761363,false,אוראו מיני עוגיות עם,,,אוראו מיני עוגיות עם,גרמים,67.00,100 גרם,false,,8.90,0.1328,true,1,134720
7622400719066,true,מילקה - שוקולד חלב ב,,,מילקה - שוקולד חלב ב,,0.00,,false,,5.00,0.0000,true,1,133321
7622400806612,true,מילקה - שוקולד חלב ב,,,מילקה - שוקולד חלב ב,,0.00,,false,,5.00,0.0000,true,1,133322
7630477891677,false,קפסולות קפה פייק פלי,,,קפסולות קפה פייק פלי,גרמים,53.00,100 גרם,false,,22.90,0.4321,true,1,149749
7702024074625,false,פיטנס חטיפי קרקר חיט,,,פיטנס חטיפי קרקר חיט,גרמים,234.00,100 גרם,false,,11.90,0.0509,true,1,143789
7777555514131,false,מסיכה לפורים,,,מסיכה לפורים,Unknown,1.00,יחידה,false,,3.90,3.9000,true,1,148790
7798378440018,false,אוכמניות יחידה,,,אוכמניות יחידה,גרמים,125.00,100 גרם,false,,19.90,0.1592,true,1,157586
7798382150019,false,אוכמניות יחידה,,,אוכמניות יחידה,גרמים,125.00,100 גרם,false,,19.90,0.1592,true,1,158401
7804651030026,false,אוכמניות יחידה,,,אוכמניות יחידה,גרמים,125.00,100 גרם,false,,19.90,0.1592,true,1,157279
7804667480082,false,אוכמניות יחידה,,,אוכמניות יחידה,גרמים,125.00,100 גרם,false,,19.90,0.1592,true,1,154756
7920005431364,true,"עוגת גבינה כלש""פ",,,"עוגת גבינה כלש""פ",,0.00,,false,,6.00,0.0000,true,1,138320
8000320010095,false,פסאטה צ'יריו במרקם ע,,,פסאטה צ'יריו במרקם ע,מיליליטרים,700.00,"100 מ""ל",false,,11.90,0.0170,true,1,157043
8000380004911,false,קואדרטיני אגוז 250 ג,,,קואדרטיני אגוז 250 ג,גרמים,250.00,100 גרם,false,,14.90,0.0596,true,1,142988
8000380004966,false,קואדרטיני שוקולד 250,,,קואדרטיני שוקולד 250,גרמים,250.00,100 גרם,false,,14.90,0.0596,true,1,142989
8000380007264,false,ופלים שוקולד קרם קקא,,,ופלים שוקולד קרם קקא,גרמים,175.00,100 גרם,false,,11.90,0.0680,true,1,151112
8000380144044,false,גרדנה שוקולד 200 גרם,,,גרדנה שוקולד 200 גרם,גרמים,200.00,100 גרם,false,,14.90,0.0745,true,1,143882
8000380153442,false,לואקר בטעם אגוז 90 ג,,,לואקר בטעם אגוז 90 ג,גרמים,90.00,100 גרם,false,,5.00,0.0556,true,1,142992
8000500039106,true,קינדר ביצת הפתעה 20,,,קינדר ביצת הפתעה 20,,0.00,,false,,0.00,0.0000,true,1,133948
8000500127728,false,קינדר מילק סלייס עוג,,,קינדר מילק סלייס עוג,גרמים,120.00,100 גרם,false,,13.90,0.1158,true,1,151808
8000798000161,true,ראש מטאטא,,,ראש מטאטא,,0.00,,false,,5.00,0.0000,true,1,132385
8001090721099,false,אריאל קפסולות ג'ל 27,,,אריאל קפסולות ג'ל 27,Unknown,27.00,יחידה,false,,35.90,1.3296,true,1,140926
8001090802385,false,טייד קפסולות ג'ל בני,,,טייד קפסולות ג'ל בני,Unknown,26.00,יחידה,false,,29.90,1.1500,true,1,149603
8001160001786,false,גטורייד ספורט כחול 5,,,גטורייד ספורט כחול 5,מיליליטרים,500.00,"100 מ""ל",false,,10.40,0.0208,true,1,147686
8001620015636,false,סן בנדטו מיקס פירות,,,סן בנדטו מיקס פירות,מיליליטרים,400.00,"100 מ""ל",false,,7.30,0.0182,true,1,151618
8001841625461,false,נוזל לניקוי כלים פלט,,,נוזל לניקוי כלים פלט,מיליליטרים,515.00,"100 מ""ל",false,,11.90,0.0231,true,1,149733
8001841664026,false,נוזל כלים פיירי אקסט,,,נוזל כלים פיירי אקסט,מיליליטרים,900.00,"100 מ""ל",false,,12.50,0.0139,true,1,155367
8001841960081,false,פיירי טבליות למדיח פ,,,פיירי טבליות למדיח פ,Unknown,37.00,יחידה,false,,39.90,1.0784,true,1,150728
8004030026018,false,סלט ירקות שעועית ותי,,,סלט ירקות שעועית ותי,גרמים,160.00,100 גרם,false,,15.90,0.0994,true,1,144126
8004030344938,false,נתתי טונה בהירה בשמן,,,נתתי טונה בהירה בשמן,גרמים,240.00,100 גרם,false,,24.90,0.1037,true,1,140748
8004800000064,false,גלילי ופל במילוי קרם,,,גלילי ופל במילוי קרם,גרמים,100.00,100 גרם,false,,11.90,0.1190,true,1,156969
8004800005519,false,גלילי ופל במילוי קרם,,,גלילי ופל במילוי קרם,גרמים,125.00,100 גרם,false,,10.90,0.0872,true,1,156975
8005200256587,false,נסטי אפרסק 1.5 ליטר,,,נסטי אפרסק 1.5 ליטר,מיליליטרים,1500.00,"100 מ""ל",false,,8.90,0.0059,true,1,153793
8006540222089,false,מגבונים היגיינים לתי,,,מגבונים היגיינים לתי,גרמים,267.00,100 גרם,false,,7.90,0.0296,true,1,153092
8006540425930,false,קפסולות לכתמים קשים,,,קפסולות לכתמים קשים,גרמים,681.00,100 גרם,false,,35.90,0.0527,true,1,153936
8008912010034,false,פסטה ספגטי 3 ליגורי,,,פסטה ספגטי 3 ליגורי,גרמים,500.00,100 גרם,false,,7.90,0.0158,true,1,153957
8008912010317,false,פסטה פוזילי 31 ליגור,,,פסטה פוזילי 31 ליגור,גרמים,500.00,100 גרם,false,,7.90,0.0158,true,1,153959
8008912010423,false,פסטה ריגטה 42 ליגורי,,,פסטה ריגטה 42 ליגורי,גרמים,500.00,100 גרם,false,,7.90,0.0158,true,1,153960
8032610810443,true,עוגיות מלוחות 250 גר,,,עוגיות מלוחות 250 גר,,0.00,,false,,5.00,0.0000,true,1,134732
8032610810498,true,עוגיות מלוחות עם שומ,,,עוגיות מלוחות עם שומ,,0.00,,false,,5.00,0.0000,true,1,134733
8033413430708,true,"לימונצ""אלו 700 מ""ל",,,"לימונצ""אלו 700 מ""ל",,0.00,,false,,0.00,0.0000,true,1,134734
8076800195057,false,פסטה ספגטי מספר 5 בר,,,פסטה ספגטי מספר 5 בר,גרמים,500.00,100 גרם,false,,8.50,0.0170,true,1,143025
8076802085837,false,פסטה טורטיליוני מספר,,,פסטה טורטיליוני מספר,גרמים,500.00,100 גרם,false,,8.50,0.0170,true,1,135032
8076809513395,false,רוטב עגבניות לפסטה פ,,,רוטב עגבניות לפסטה פ,גרמים,400.00,100 גרם,false,,14.90,0.0373,true,1,136278
8076809513654,false,ברילה בסיס לבולונז 4,,,ברילה בסיס לבולונז 4,גרמים,400.00,100 גרם,false,,14.90,0.0373,true,1,143195
8076809513739,false,רוטב עגבניות לפסטה ב,,,רוטב עגבניות לפסטה ב,גרמים,400.00,100 גרם,false,,14.90,0.0373,true,1,136280
8410076610386,false,נייצ'ר וואלי פרוטאין,,,נייצ'ר וואלי פרוטאין,גרמים,160.00,100 גרם,false,,26.90,0.1681,true,1,143884
8410076621047,false,עוגות אישיות פייבר ו,,,עוגות אישיות פייבר ו,Unknown,5.00,יחידה,false,,14.90,2.9800,true,1,150377
8410108136129,true,תחתוניות EVAX נורמל,,,תחתוניות EVAX נורמל,,0.00,,false,,5.00,0.0000,true,1,133060
8410510015081,true,שוקולד ממולא בטעם בנ,,,שוקולד ממולא בטעם בנ,,0.00,,false,,5.00,0.0000,true,1,134738
8420241132445,true,שוקולד מריר 100 70%,,,שוקולד מריר 100 70%,,0.00,,false,,5.00,0.0000,true,1,132709
8420708012822,false,קשקבל בשלה 200 גרם,,,קשקבל בשלה 200 גרם,גרמים,200.00,100 גרם,false,,23.90,0.1195,true,1,140708
8593893007499,true,סיני מיניס בר דגנים,,,סיני מיניס בר דגנים,,0.00,,false,,5.00,0.0000,true,1,132839
8594001560431,true,קורנפלקס 375 גרם,,,קורנפלקס 375 גרם,,0.00,,false,,5.00,0.0000,true,1,132656
8594011530141,true,"בירה רוהוזתס 500 מ""ל",,,"בירה רוהוזתס 500 מ""ל",,0.00,,false,,5.00,0.0000,true,1,132687
8683130012666,false,מגנום דאבל לבן עוגיו,,,מגנום דאבל לבן עוגיו,גרמים,74.00,100 גרם,false,,11.00,0.1486,true,1,155206
8690506402921,true,משחת שיניים לילדים ת,,,משחת שיניים לילדים ת,,0.00,,false,,5.00,0.0000,true,1,134062
8690632054469,true,וופל קראנץ 30 גרם,,,וופל קראנץ 30 גרם,,0.00,,false,,5.00,0.0000,true,1,134742
8690637007705,false,מסטיגם,,,מסטיגם,Unknown,1.00,יחידה,false,,6.50,6.5000,true,1,145218
8690637842382,false,מגנום דאבל פרי יער,,,מגנום דאבל פרי יער,Unknown,1.00,יחידה,false,,11.00,11.0000,true,1,145221
8690637858734,false,סיף ג'ל אקונומיקה לי,,,סיף ג'ל אקונומיקה לי,מיליליטרים,750.00,"100 מ""ל",false,,11.90,0.0159,true,1,139706
8690637976995,false,מרכך בדין אקסטרה ורו,,,מרכך בדין אקסטרה ורו,מיליליטרים,960.00,"100 מ""ל",false,,17.90,0.0186,true,1,150490
8690637989629,false,מגנום דאבל דולצ'ה גו,,,מגנום דאבל דולצ'ה גו,Unknown,1.00,יחידה,false,,11.00,11.0000,true,1,151393
8690766156367,false,שוקולד חלב מעולה 90,,,שוקולד חלב מעולה 90,גרמים,90.00,100 גרם,false,,15.90,0.1767,true,1,145300
8690777221405,false,פלפל אדום קלוי סרה 6,,,פלפל אדום קלוי סרה 6,גרמים,650.00,100 גרם,false,,12.90,0.0198,true,1,142383
8690784511223,true,סבון לניקוי אסלה ר .,,,סבון לניקוי אסלה ר .,,0.00,,false,,5.00,0.0000,true,1,134964
8690946240053,true,פסטה פוזילי 400 גרם,,,פסטה פוזילי 400 גרם,,0.00,,false,,5.00,0.0000,true,1,132368
8690946240190,true,פסטה פנה 400 גרם,,,פסטה פנה 400 גרם,,0.00,,false,,5.00,0.0000,true,1,132369
8690946270074,true,פסטה ספגטי 400 גרם,,,פסטה ספגטי 400 גרם,,0.00,,false,,5.00,0.0000,true,1,132370
8691257500393,true,צלחת חד פעמי עמוקה5,,,צלחת חד פעמי עמוקה5,,0.00,,false,,0.00,0.0000,true,1,138733
8697659202132,true,"דאודורנט סאוט 200 מ""",,,"דאודורנט סאוט 200 מ""",,0.00,,false,,5.00,0.0000,true,1,134749
8697659202187,true,דאודורנט דרק שוקולד,,,דאודורנט דרק שוקולד,,0.00,,false,,5.00,0.0000,true,1,134750
8697659207458,true,דאודורנט דרקון 200 מ,,,דאודורנט דרקון 200 מ,,0.00,,false,,5.00,0.0000,true,1,134751
8697659210854,true,"דאודורנט שוטר 200 מ""",,,"דאודורנט שוטר 200 מ""",,0.00,,false,,5.00,0.0000,true,1,134752
8697659210861,true,"דאודורנט סאוט 200 מ""",,,"דאודורנט סאוט 200 מ""",,0.00,,false,,5.00,0.0000,true,1,134753
8697659210885,true,"דאודורנט רייס 200 מ""",,,"דאודורנט רייס 200 מ""",,0.00,,false,,5.00,0.0000,true,1,134754
8697704011009,true,משחת נעליים+ספוג שחו,,,משחת נעליים+ספוג שחו,,0.00,,false,,5.00,0.0000,true,1,132524
8697704011023,true,משחת נעליים+ספוג חום,,,משחת נעליים+ספוג חום,,0.00,,false,,5.00,0.0000,true,1,132525
8711000371183,false,ג'ייקובס קפסולות קפה,,,ג'ייקובס קפסולות קפה,גרמים,52.00,100 גרם,false,,17.90,0.3442,true,1,144982
8712000051099,false,"היינקן 330 מ""ל מארז",,,"היינקן 330 מ""ל מארז",מיליליטרים,1980.00,"100 מ""ל",false,,31.90,0.0161,true,1,146068
8714599410806,false,קפה נמס מיובש בהקפאה,,,קפה נמס מיובש בהקפאה,גרמים,160.00,100 גרם,false,,19.90,0.1244,true,1,144984
8714599513828,false,קפה נמס מיובש בהקפאה,,,קפה נמס מיובש בהקפאה,גרמים,47.50,100 גרם,false,,6.90,0.1453,true,1,137735
8715700120874,false,היינץ קטשופ שום 460,,,היינץ קטשופ שום 460,גרמים,460.00,100 גרם,false,,11.90,0.0259,true,1,152945
8715700419732,false,קטשופ היינץ 700 גרם,,,קטשופ היינץ 700 גרם,גרמים,700.00,100 גרם,false,,12.90,0.0184,true,1,140433
8718951329249,false,דאודורנט ספריי לאשה,,,דאודורנט ספריי לאשה,מיליליטרים,150.00,"100 מ""ל",false,,21.90,0.1460,true,1,149232
8718951329300,false,דאודורנט ספריי לאשה,,,דאודורנט ספריי לאשה,מיליליטרים,150.00,"100 מ""ל",false,,21.90,0.1460,true,1,149233
8718951334090,false,מרכך כביסה מרוכז לתי,,,מרכך כביסה מרוכז לתי,מיליליטרים,650.00,"100 מ""ל",false,,11.90,0.0183,true,1,147131
8718951334120,false,מרכך כביסה מרוכז לתי,,,מרכך כביסה מרוכז לתי,מיליליטרים,650.00,"100 מ""ל",false,,11.90,0.0183,true,1,147132
8719200998001,false,מרגרינה לאפיה ובישול,,,מרגרינה לאפיה ובישול,גרמים,200.00,100 גרם,false,,4.70,0.0235,true,1,146293
8719200998032,false,מזולה גלורי ט.חמאה 2,,,מזולה גלורי ט.חמאה 2,גרמים,250.00,100 גרם,false,,10.90,0.0436,true,1,145619
8801055707966,false,טייסטרס צ'וייס בריסט,,,טייסטרס צ'וייס בריסט,גרמים,180.00,100 גרם,false,,31.90,0.1772,true,1,143792
8850389103111,false,סאפה אלוורה בטעם ענב,,,סאפה אלוורה בטעם ענב,מיליליטרים,300.00,"100 מ""ל",false,,9.00,0.0300,true,1,137663
8850632604372,false,חיספוסים רצועות תות,,,חיספוסים רצועות תות,גרמים,50.00,100 גרם,false,,5.30,0.1060,true,1,139378
8850632604402,false,חיספוסים רצועות בטעם,,,חיספוסים רצועות בטעם,גרמים,50.00,100 גרם,false,,5.30,0.1060,true,1,134956
8850632606390,false,חיספוסים ממתק חמוץ ב,,,חיספוסים ממתק חמוץ ב,גרמים,50.00,100 גרם,false,,4.90,0.0980,true,1,139381
8851613106106,true,"חלב קוקוס 150 מ""ל",,,"חלב קוקוס 150 מ""ל",,0.00,,false,,5.00,0.0000,true,1,134765
8858671530027,true,מפעל-פנקו פירורי לחם,,,מפעל-פנקו פירורי לחם,,0.00,,false,,0.00,0.0000,true,1,135047
8888021200164,false,סוללות אנרגייזר אלקל,,,סוללות אנרגייזר אלקל,Unknown,4.00,יחידה,false,,13.00,3.2500,true,1,140494
8888111030145,true,מארז רביעיית משקאות,,,מארז רביעיית משקאות,,0.00,,false,,2999.00,0.0000,true,1,134766
8908004415184,true,חמאת בוטנים 227 גרם,,,חמאת בוטנים 227 גרם,,0.00,,false,,5.00,0.0000,true,1,132371
9000000000411,false,שום יבוא ארוז,,,שום יבוא ארוז,מארז,1.00,מארז,false,,7.90,7.9000,true,1,150298
9310072028750,false,טיםטם דאבל 200 גרם,,,טיםטם דאבל 200 גרם,גרמים,200.00,100 גרם,false,,19.90,0.0995,true,1,153626
9771565025005,false,עיתון מעריב,,,עיתון מעריב,Unknown,1.00,יחידה,false,,6.00,6.0000,true,1,135050
9999999999999,true,פריט כללי קובץ  100,,,פריט כללי קובץ  100,,0.00,,false,,0.00,0.0000,true,1,133963
