code,internal_code,name,manufacturer_name,manufacture_country,manufacturer_item_description,unit_qty,quantity,unit_of_measure,weighted,qty_in_package,price,unit_of_measure_price,allow_discount,status,item_id
13181046,true,צלוחית עגולה עמוקה ע,,,צלוחית עגולה עמוקה ע,,0.00,,false,,10.90,0.0000,true,1,84327
32147230,false,מיץ לימון משומר 200מ,,,מיץ לימון משומר 200מ,יחידה,200.00,יחידה,false,,8.90,0.0445,true,1,10774
40052403,false,קיט קט 4 אצבעות,,,קיט קט 4 אצבעות,גרמים,41.50,100 גרם,false,,3.70,0.0892,true,1,63617
40084725,false,קינדר מילק סלייס עוג,,,קינדר מילק סלייס עוג,גרמים,28.00,100 גרם,false,,3.60,0.1286,true,1,88675
40099132,false,הובה בובה צ'אנק בטעם,,,הובה בובה צ'אנק בטעם,יחידה,0.00,יחידה,false,,3.00,0.0000,true,1,23208
40133218,false,"קרם גוף דאב 300 מ""ל",דאב,,"קרם גוף דאב 300 מ""ל",מיליליטרים,300.00,"100 מ""ל",false,,39.90,0.1330,true,1,67157
40144016,false,סוכריות וורטר,שטורק,,סוכריות וורטר,גרמים,50.00,100 גרם,false,,3.50,0.0700,true,1,9563
40144061,false,קנופרס חטיף וופל,,,קנופרס חטיף וופל,גרמים,25.00,100 גרם,false,,3.00,0.1200,true,1,118472
40173351,false,בירה מייזל חיטה אורג,,,בירה מייזל חיטה אורג,מיליליטרים,500.00,"100 מ""ל",false,,10.90,0.0218,true,1,85044
40345123,false,סמרטיס-נסטלה עדשים,,,סמרטיס-נסטלה עדשים,גרמים,38.00,100 גרם,false,,3.70,0.0974,true,1,26940
42101666,false,מסטיק איירוייבז HP מ,,,מסטיק איירוייבז HP מ,גרמים,35.00,100 גרם,false,,5.90,0.1686,true,1,64210
42123866,false,מסטיק הובה בובה קלאס,הובה בובה,,מסטיק הובה בובה קלאס,גרמים,35.00,100 גרם,false,,3.00,0.0857,true,1,7533
42149996,false,בירה בקס,,,בירה בקס,יחידה,0.00,יחידה,false,,7.00,0.0000,true,1,60888
42306788,false,מסטיק איירוייבז HP א,,,מסטיק איירוייבז HP א,גרמים,35.00,100 גרם,false,,5.90,0.1686,true,1,64214
50409013,false,מלפפונים מסורתי,,,מלפפונים מסורתי,יחידה,0.00,יחידה,false,,19.90,0.0000,true,1,32075
50409112,false,מלפפונים כידונים 670,,,מלפפונים כידונים 670,גרמים,670.00,100 גרם,false,,19.90,0.0297,true,1,33785
50409709,false,פרוסות מלפפון חמוץ,,,פרוסות מלפפון חמוץ,גרמים,540.00,100 גרם,false,,19.90,0.0369,true,1,73007
54051140,false,מעדן סויה וניל 1.9%,אלפרו,,מעדן סויה וניל 1.9%,יחידה,0.00,יחידה,false,,17.50,0.0000,true,1,7771
54051157,false,אלפרו מעדן סויה טעם,אלפרו,,אלפרו מעדן סויה טעם,יחידה,0.00,יחידה,false,,17.50,0.0000,true,1,7772
71010111,false,כבל הטענה,,,כבל הטענה,יחידה,0.00,יחידה,false,,9.90,0.0000,true,1,87671
72940754,false,מילקי וניל 6.5%,שטראוס,,מילקי וניל 6.5%,מיליליטרים,170.00,"100 מ""ל",false,,2.80,0.0165,true,1,4460
72940761,false,מילקי שוקו 7%,שטראוס,,מילקי שוקו 7%,מיליליטרים,170.00,"100 מ""ל",false,,2.80,0.0165,true,1,4461
72940952,false,מילקי פי 2 10%,שטראוס,,מילקי פי 2 10%,מיליליטרים,170.00,"100 מ""ל",false,,3.70,0.0218,true,1,7109
72940976,false,כרוב אדום אחלה,אחלה,,כרוב אדום אחלה,גרמים,250.00,100 גרם,false,,7.60,0.0304,true,1,17636
72940983,false,חומוס אחלה 250,אחלה,,חומוס אחלה 250,גרמים,250.00,100 גרם,false,,6.60,0.0264,true,1,17637
72941041,false,מילקי מיני שוקולד 7%,שטראוס,,מילקי מיני שוקולד 7%,גרמים,70.00,100 גרם,false,,2.00,0.0286,true,1,4462
72945308,false,קוביות שמרים 50,,,קוביות שמרים 50,גרמים,50.00,100 גרם,false,,3.70,0.0740,false,1,12047
72961209,false,שמנית 200 גר תנובה,,,שמנית 200 גר תנובה,גרמים,200.00,100 גרם,false,,2.40,0.0120,false,1,631
72961506,false,פרילי תות 1.5%,תנובה חלב,,פרילי תות 1.5%,מיליליטרים,125.00,"100 מ""ל",false,,3.40,0.0272,true,1,6813
72961520,false,פרילי אננס 1.5%,תנובה חלב,,פרילי אננס 1.5%,מיליליטרים,125.00,"100 מ""ל",false,,3.40,0.0272,true,1,6815
72961544,false,"באדי תות 3% 125 מ""ל",תנובה חלב,,"באדי תות 3% 125 מ""ל",מיליליטרים,125.00,"100 מ""ל",false,,2.90,0.0232,true,1,6816
72963753,false,שמנת של פעם 27%,תנובה חלב,,שמנת של פעם 27%,מיליליטרים,200.00,"100 מ""ל",false,,4.20,0.0210,false,1,6821
72964132,false,טבעגורט 1.9% 200 גרם,תנובה חלב,,טבעגורט 1.9% 200 גרם,גרמים,200.00,100 גרם,false,,5.00,0.0250,true,1,6823
72964422,false,יוגורט תנובה 4.5%,תנובה חלב,,יוגורט תנובה 4.5%,גרמים,200.00,100 גרם,false,,2.80,0.0140,true,1,6824
72986233,false,באדי 2% מהדרין וניל,תנובה חלב,,באדי 2% מהדרין וניל,גרמים,125.00,100 גרם,false,,2.80,0.0224,true,1,6825
72986240,false,באדי 2% שוקולד,תנובה חלב,,באדי 2% שוקולד,גרמים,125.00,100 גרם,false,,2.80,0.0224,true,1,6826
72986370,false,בן אנד ג'ריס גלידת ו,בן אנד ג'ריס,,בן אנד ג'ריס גלידת ו,מיליליטרים,500.00,"100 מ""ל",false,,18.90,0.0378,false,1,9793
72986424,false,בן אנד ג'ריס לידת קר,בן אנד ג'ריס,,בן אנד ג'ריס לידת קר,מיליליטרים,500.00,"100 מ""ל",false,,18.90,0.0378,true,1,9794
72986448,false,בן אנד ג'ריס גלידת ט,בן אנד ג'ריס,,בן אנד ג'ריס גלידת ט,מיליליטרים,500.00,"100 מ""ל",false,,18.90,0.0378,true,1,9795
72986455,false,בן אנד ג'ריס ניו יור,בן אנד ג'ריס,,בן אנד ג'ריס ניו יור,מיליליטרים,500.00,"100 מ""ל",false,,18.90,0.0378,true,1,9796
72986479,false,בן וג'ריס צאנקי מנקי,בן אנד ג'ריס,,בן וג'ריס צאנקי מנקי,מיליליטרים,500.00,"100 מ""ל",false,,18.90,0.0378,true,1,9797
72989425,false,גלידת בראוניס,בן אנד ג'ריס,,גלידת בראוניס,יחידה,500.00,יחידה,false,,18.90,0.0378,true,1,9798
72991374,false,סיגריות טיים,,,סיגריות טיים,יחידה,0.00,יחידה,false,,29.00,0.0000,false,1,2276
72991497,false,סיגריות נובלס,,,סיגריות נובלס,יחידה,0.00,יחידה,false,,29.00,0.0000,false,1,2286
72991886,false,בן וג'ריס ריבת חלב,בן אנד ג'ריס,,בן וג'ריס ריבת חלב,מיליליטרים,500.00,"100 מ""ל",false,,18.90,0.0378,true,1,9799
72993637,false,דני שוקולד בודד 1.5%,שטראוס,,דני שוקולד בודד 1.5%,מיליליטרים,125.00,"100 מ""ל",false,,2.60,0.0208,true,1,12050
72994061,false,פסק זמן טו גוד שוקול,עלית,,פסק זמן טו גוד שוקול,גרמים,36.00,100 גרם,false,,5.00,0.1389,true,1,70199
80001027,false,וופל לואקר טורטי,לואקר,,וופל לואקר טורטי,גרמים,21.00,100 גרם,false,,3.90,0.1857,true,1,9565
80001072,false,לואקר שוקולד חלב 50,לואקר,,לואקר שוקולד חלב 50,גרמים,50.00,100 גרם,false,,5.90,0.1180,true,1,71605
80001089,false,לואקר שוקולד מריר 50,לואקר,,לואקר שוקולד מריר 50,גרמים,50.00,100 גרם,false,,5.90,0.1180,true,1,71606
80001256,false,לואקר שוקולד אגוז 54,לואקר,,לואקר שוקולד אגוז 54,גרמים,54.00,100 גרם,false,,5.90,0.1093,true,1,65755
80001287,false,וופל גרדנה,לואקר,,וופל גרדנה,גרמים,38.00,100 גרם,false,,3.90,0.1026,true,1,9566
80001461,false,גרדנה שוקולד מר 38גר,לואקר,,גרדנה שוקולד מר 38גר,גרמים,38.00,100 גרם,false,,3.90,0.1026,true,1,9571
80001485,false,וופל גרדנה קוקוס 38,לואקר,,וופל גרדנה קוקוס 38,גרמים,38.00,100 גרם,false,,3.90,0.1026,true,1,9572
80001799,false,טורטינה שוקולד לבן,לואקר,,טורטינה שוקולד לבן,גרמים,21.00,100 גרם,false,,3.90,0.1857,true,1,27916
80042556,false,MUTTI עגבניות חתוכות,,,MUTTI עגבניות חתוכות,יחידה,0.00,יחידה,false,,16.90,0.0000,true,1,25293
80042563,false,רסק עגבניות איטלקי M,,,רסק עגבניות איטלקי M,גרמים,720.00,100 גרם,false,,11.90,0.0165,true,1,11923
80050025,false,טיק טק תפוז,פררו,,טיק טק תפוז,גרמים,16.00,100 גרם,false,,3.50,0.2188,false,1,2379
80050124,false,טיק טק סוכריות,פררו,,טיק טק סוכריות,גרמים,16.00,100 גרם,false,,3.50,0.2188,false,1,2380
80050278,false,חטיף רושר,רושר,,חטיף רושר,יחידה,0.00,יחידה,false,,5.50,0.0000,true,1,9573
80052760,false,חטיף קינדר בואנו 43,פררו,,חטיף קינדר בואנו 43,גרמים,43.00,100 גרם,false,,3.90,0.0907,true,1,9579
80083665,false,גנדולה עוגיות אורגני,,,גנדולה עוגיות אורגני,גרמים,250.00,100 גרם,false,,12.90,0.0516,true,1,86272
80083696,false,גנדולה עוגיות דגנים,,,גנדולה עוגיות דגנים,גרמים,250.00,100 גרם,false,,12.90,0.0516,true,1,86273
80083764,false,גנדולה עוגיות דגנים,,,גנדולה עוגיות דגנים,גרמים,250.00,100 גרם,false,,12.90,0.0516,true,1,86274
80136194,false,הפי היפו וויט חמישיי,,,הפי היפו וויט חמישיי,גרמים,103.50,100 גרם,false,,12.90,0.1246,true,1,71591
80176732,false,הפי היפו,היפ,,הפי היפו,גרמים,35.00,100 גרם,false,,3.00,0.0857,true,1,9580
80176800,false,ממרח נוטלה 750 גרם,פררו,,ממרח נוטלה 750 גרם,גרמים,750.00,100 גרם,false,,25.90,0.0345,false,1,9581
80177173,false,ממרח נוטלה 350 גרם,פררו,,ממרח נוטלה 350 גרם,גרמים,350.00,100 גרם,false,,13.90,0.0397,false,1,5539
80177180,false,שוקולד קינדר,,,שוקולד קינדר,יחידה,0.00,יחידה,false,,2.30,0.0000,true,1,9583
80177609,false,אצבעות שוקולד קינדר,פררו,,אצבעות שוקולד קינדר,גרמים,50.00,100 גרם,false,,3.90,0.0780,false,1,2382
80177616,false,אצבעות שוקולד קינדר,פררו,,אצבעות שוקולד קינדר,גרמים,100.00,100 גרם,false,,7.90,0.0790,false,1,9584
80310167,false,קינדר מקסי שישייה,פררו,,קינדר מקסי שישייה,יחידה,0.00,יחידה,false,,9.90,0.0000,true,1,80365
80310549,false,הפי היפו וויט בודד,,,הפי היפו וויט בודד,גרמים,20.07,100 גרם,false,,3.00,0.1495,true,1,71592
80310891,false,ביצת קינדר ג'וי,פררו,,ביצת קינדר ג'וי,גרמים,20.00,100 גרם,false,,5.90,0.2950,true,1,9587
80757009,false,פילה טונה בשמן זית 2,,,פילה טונה בשמן זית 2,גרמים,200.00,100 גרם,false,,34.90,0.1745,true,1,71293
80761761,false,חטיף קינדר בואנו לבן,פררו,,חטיף קינדר בואנו לבן,גרמים,43.00,100 גרם,false,,3.90,0.0907,true,1,9594
80768838,false,מנטוס וויט ביג תותי,,,מנטוס וויט ביג תותי,גרמים,105.00,100 גרם,false,,15.90,0.1514,true,1,65934
80773429,false,מסטיק מנטוס תות,,,מסטיק מנטוס תות,גרמים,60.00,100 גרם,false,,9.90,0.1650,true,1,72770
80773443,false,מנטוס מסטיק בקבוק מע,,,מנטוס מסטיק בקבוק מע,גרמים,60.00,100 גרם,false,,9.90,0.1650,true,1,68764
80776307,false,מסטיק מנטוס ביג בקבו,,,מסטיק מנטוס ביג בקבו,גרמים,90.00,100 גרם,false,,15.90,0.1767,true,1,68880
80780595,false,מסטיק מנטוס ביג בקבו,,,מסטיק מנטוס ביג בקבו,גרמים,90.00,100 גרם,false,,15.90,0.1767,true,1,68881
80790990,false,מנטוס מסטיק בקבוק מע,,,מנטוס מסטיק בקבוק מע,גרמים,60.00,100 גרם,false,,9.90,0.1650,true,1,68765
80794233,false,מסטיק מנטוס ביג בקבו,,,מסטיק מנטוס ביג בקבו,גרמים,90.00,100 גרם,false,,15.90,0.1767,true,1,68882
80804697,false,מנטוס וויט בי סוויטמ,,,מנטוס וויט בי סוויטמ,גרמים,105.00,100 גרם,false,,15.90,0.1514,true,1,65936
80809265,false,טורטינה חמאת בוטנים,לואקר,,טורטינה חמאת בוטנים,גרמים,21.00,100 גרם,false,,3.90,0.1857,true,1,122159
80820970,false,טורטינה קרמל בודד,לואקר,,טורטינה קרמל בודד,גרמים,21.00,100 גרם,false,,3.90,0.1857,true,1,89627
80831402,false,סוכריות מנטוס מנטה ע,,,סוכריות מנטוס מנטה ע,גרמים,21.00,100 גרם,false,,5.90,0.2810,true,1,82858
80832560,false,סוכריות מנטוס לריענו,,,סוכריות מנטוס לריענו,גרמים,21.00,100 גרם,false,,5.90,0.2810,true,1,120848
80843184,false,מסטיק מנטוס ענבים בק,,,מסטיק מנטוס ענבים בק,גרמים,60.00,100 גרם,false,,9.90,0.1650,true,1,90383
80854753,false,סוכריות מנטוס מנטה ל,,,סוכריות מנטוס מנטה ל,גרמים,21.00,100 גרם,false,,5.90,0.2810,true,1,82859
80862130,false,מנטוס מסטיק פיור פרש,,,מנטוס מסטיק פיור פרש,גרמים,28.00,100 גרם,false,,3.90,0.1393,true,1,87117
80862260,false,מסטיק מנטוס XXL טעם,,,מסטיק מנטוס XXL טעם,גרמים,150.00,100 גרם,false,,17.90,0.1193,true,1,120222
80864059,false,גרדנה חמאת בוטנים 38,לואקר,,גרדנה חמאת בוטנים 38,גרמים,38.00,100 גרם,false,,3.90,0.1026,true,1,121000
80864295,false,מנטוס פיור וויט מנטה,,,מנטוס פיור וויט מנטה,גרמים,60.00,100 גרם,false,,9.90,0.1650,true,1,117407
80896081,false,מסטיק מנטוס אבטיח,,,מסטיק מנטוס אבטיח,יחידה,0.00,יחידה,false,,9.90,0.0000,true,1,72709
80913467,false,מנטוס מסטיק בקבוק מע,,,מנטוס מסטיק בקבוק מע,גרמים,60.00,100 גרם,false,,9.90,0.1650,true,1,68766
80926481,false,מסטיק מנטוס ביג אבטי,,,מסטיק מנטוס ביג אבטי,גרמים,90.00,100 גרם,false,,15.90,0.1767,true,1,75790
80929277,false,מסטיק מנטוס XXL טעם,,,מסטיק מנטוס XXL טעם,גרמים,150.00,100 גרם,false,,17.90,0.1193,true,1,120373
80936459,false,שלישיית ביצי שוקולד,,,שלישיית ביצי שוקולד,יחידה,0.00,יחידה,false,,12.90,0.0000,true,1,119271
80945468,false,מנטוס פיור וויט מנטה,,,מנטוס פיור וויט מנטה,גרמים,60.00,100 גרם,false,,9.90,0.1650,true,1,117408
80954521,false,מנטוס מסטיק פיור פרש,,,מנטוס מסטיק פיור פרש,גרמים,28.00,100 גרם,false,,3.90,0.1393,true,1,87118
80957706,false,מסטיק מנטוס XXL טעם,,,מסטיק מנטוס XXL טעם,גרמים,150.00,100 גרם,false,,17.90,0.1193,true,1,120223
80974215,false,מסטיק מנטוס ביג תות,,,מסטיק מנטוס ביג תות,יחידה,0.00,יחידה,false,,15.90,0.0000,true,1,75573
80979128,false,מסטיק דובדבן בקבוק מ,,,מסטיק דובדבן בקבוק מ,גרמים,60.00,100 גרם,false,,9.90,0.1650,true,1,90384
80982470,false,מנטוס מסטיק פיור פרו,,,מנטוס מסטיק פיור פרו,גרמים,60.00,100 גרם,false,,9.90,0.1650,true,1,88559
80986348,false,מנטוס פיור וויט מנטה,,,מנטוס פיור וויט מנטה,גרמים,60.00,100 גרם,false,,9.90,0.1650,true,1,117409
80995128,false,מנטוס מסטיק בטעם הדר,,,מנטוס מסטיק בטעם הדר,גרמים,60.00,100 גרם,false,,9.90,0.1650,true,1,122139
87108538,false,מנטוס תות,פרפטי ואן מלה,,מנטוס תות,גרמים,37.50,100 גרם,false,,2.90,0.0773,true,1,9597
87108651,false,מנטוס מנטה רביעי,פרפטי ואן מלה,,מנטוס מנטה רביעי,יחידה,0.00,יחידה,false,,10.90,0.0000,false,1,2383
87108712,false,מנטוס פירות רביע,פרפטי ואן מלה,,מנטוס פירות רביע,גרמים,150.00,100 גרם,false,,10.90,0.0727,true,1,2384
87311396,false,מנטוס ריינבואו בודד,,,מנטוס ריינבואו בודד,גרמים,37.50,100 גרם,false,,2.90,0.0773,true,1,23026
87354041,false,מנטוס גליל דובדבן,,,מנטוס גליל דובדבן,גרמים,37.50,100 גרם,false,,2.90,0.0773,true,1,89032
90034107,false,בירה שטיגל גולדברו,,,בירה שטיגל גולדברו,מיליליטרים,500.00,"100 מ""ל",false,,9.90,0.0198,true,1,64861
90162602,false,רד בול משקה,רד בול,,רד בול משקה,יחידה,0.00,יחידה,false,,5.90,0.0000,true,1,10163
90446269,false,רד בול אבטיח,,,רד בול אבטיח,מיליליטרים,250.00,"100 מ""ל",false,,5.90,0.0236,true,1,89426
90448867,false,רד בול ללא פחמימות 2,,,רד בול ללא פחמימות 2,מיליליטרים,250.00,"100 מ""ל",false,,5.90,0.0236,true,1,120117
90453427,false,רד בול פיטאיה משקה א,,,רד בול פיטאיה משקה א,מיליליטרים,250.00,"100 מ""ל",false,,5.90,0.0236,true,1,120118
96130339,false,דאודורנט דאב רול אור,דאב,,דאודורנט דאב רול אור,מיליליטרים,50.00,"100 מ""ל",false,,16.90,0.3380,true,1,90164
96137130,false,דאודורנט רול און דאב,דאב,,דאודורנט רול און דאב,מיליליטרים,50.00,"100 מ""ל",false,,16.90,0.3380,true,1,75373
1250120076,false,פסטה לנגוויני,,,פסטה לנגוויני,גרמים,500.00,100 גרם,false,,9.90,0.0198,true,1,18838
1250120120,false,פסטה ספגטי מס' 12,,,פסטה ספגטי מס' 12,גרמים,500.00,100 גרם,false,,9.90,0.0198,true,1,18839
1250120342,false,פסטה פוזילי מס' 34,,,פסטה פוזילי מס' 34,גרמים,500.00,100 גרם,false,,9.90,0.0198,true,1,20514
1250152336,false,פסטה דה צ'קו פטו,,,פסטה דה צ'קו פטו,גרמים,500.00,100 גרם,false,,13.90,0.0278,true,1,18840
4715020755,false,קישוטי עוגה פרינסס,,,קישוטי עוגה פרינסס,גרמים,75.00,100 גרם,false,,12.90,0.1720,true,1,9608
8112100298,false,שמן שומשום,מזרח ומערב,,שמן שומשום,יחידה,185.00,יחידה,false,,16.90,0.0914,true,1,8842
8421368433,false,בובת עיניים גדולות ג,,,בובת עיניים גדולות ג,יחידה,0.00,יחידה,false,,24.90,0.0000,true,1,78753
9073102314,false,סורבה שרונס קוקוס,,,סורבה שרונס קוקוס,יחידה,385.00,יחידה,false,,18.90,0.0491,true,1,30793
9915000039,false,פסטה מקמח תירס ב,,,פסטה מקמח תירס ב,יחידה,0.00,יחידה,false,,12.90,0.0000,true,1,33698
9915001227,false,פסטה מקמח תירס,,,פסטה מקמח תירס,יחידה,0.00,יחידה,false,,12.90,0.0000,true,1,23876
10900145015,false,שקיות אשפה חזרות במי,דיימונד,,שקיות אשפה חזרות במי,יחידה,0.00,יחידה,false,,16.90,0.0000,true,1,119563
10900634069,false,שקיות אשפה חזקות במי,דיימונד,,שקיות אשפה חזקות במי,יחידה,0.00,יחידה,false,,16.90,0.0000,true,1,119564
11182170603,false,שעועית חמאה,,,שעועית חמאה,גרמים,439.00,100 גרם,false,,12.50,0.0285,true,1,64997
11182700916,false,שעועית לבנה צפונית,,,שעועית לבנה צפונית,גרמים,439.00,100 גרם,false,,9.90,0.0226,true,1,4334
11182700923,false,שעועית אדומה בהירה,,,שעועית אדומה בהירה,גרמים,439.00,100 גרם,false,,9.90,0.0226,true,1,11654
11182700954,false,שעועית שחורה 439 גר',,,שעועית שחורה 439 גר',גרמים,454.00,100 גרם,false,,9.90,0.0218,true,1,11655
11210000094,false,TABASCO טבסקו רוטב פ,,,TABASCO טבסקו רוטב פ,מיליליטרים,60.00,"100 מ""ל",false,,11.00,0.1833,true,1,8518
11210007253,false,TABASCO רוטב טבסקו ש,,,TABASCO רוטב טבסקו ש,מיליליטרים,60.00,"100 מ""ל",false,,11.00,0.1833,true,1,11656
11210009387,false,TABASCO רוטב טבסקו פ,,,TABASCO רוטב טבסקו פ,יחידה,60.00,יחידה,false,,11.00,0.1833,true,1,10739
11210618503,false,טבסקו פלפל סקורפיון,,,טבסקו פלפל סקורפיון,מיליליטרים,60.00,"100 מ""ל",false,,13.90,0.2317,true,1,82968
12300103138,false,פקט כאמל ריו פילטר ב,,,פקט כאמל ריו פילטר ב,יחידה,0.00,יחידה,false,,292.00,0.0000,false,1,4267
13409341155,false,רוטב ברביקיו בטעם מע,,,רוטב ברביקיו בטעם מע,גרמים,510.00,100 גרם,false,,21.90,0.0429,true,1,30159
13409918104,false,רוטב ברביקיו בטעם מע,,,רוטב ברביקיו בטעם מע,גרמים,510.00,100 גרם,false,,21.90,0.0429,true,1,30162
16000185517,false,פייבר וואן  555 גר,,,פייבר וואן  555 גר,גרמים,555.00,100 גרם,false,,26.90,0.0485,false,1,118182
16000281684,false,שיבולת שועל פקאן 10x,ג'נרל מילס,,שיבולת שועל פקאן 10x,גרמים,210.00,100 גרם,false,,19.00,0.0905,false,1,2388
16000423534,false,שיבולת שועל קינמון 1,ג'נרל מילס,,שיבולת שועל קינמון 1,גרמים,210.00,100 גרם,false,,19.00,0.0905,false,1,2390
16000548404,false,שיבולת שועל בדבש ניי,ג'נרל מילס,,שיבולת שועל בדבש ניי,גרמים,210.00,100 גרם,false,,19.00,0.0905,false,1,2393
16000548503,false,שיבולת שועל נייצ'ר ו,ג'נרל מילס,,שיבולת שועל נייצ'ר ו,גרמים,210.00,100 גרם,false,,19.00,0.0905,false,1,2394
16000548602,false,שיבולת שועל קינמון 1,ג'נרל מילס,,שיבולת שועל קינמון 1,גרמים,210.00,100 גרם,false,,19.00,0.0905,false,1,2395
16000548909,false,שיבולת שועל חמאת בוט,ג'נרל מילס,,שיבולת שועל חמאת בוט,גרמים,210.00,100 גרם,false,,19.00,0.0905,false,1,2396
16229001711,false,נוזל קוקוס  כשר,,,נוזל קוקוס  כשר,מיליליטרים,400.00,"100 מ""ל",false,,10.90,0.0273,true,1,28415
16229909819,false,קרם קוקוס 1 ליטר,,,קרם קוקוס 1 ליטר,ליטרים,1.00,ליטר,false,,21.90,21.9000,true,1,77342
16229924263,false,"קרם קוקוס 250 מ""ל",,,"קרם קוקוס 250 מ""ל",מיליליטרים,250.00,"100 מ""ל",false,,9.50,0.0380,true,1,71965
18000701223,false,תערובת לעוגת שוק,,,תערובת לעוגת שוק,גרמים,550.00,100 גרם,false,,17.90,0.0325,true,1,9612
18000703494,false,תערובת לעוגה וני,,,תערובת לעוגה וני,גרמים,500.00,100 גרם,false,,17.90,0.0358,true,1,9613
18000766413,false,תערובת בראוניס,,,תערובת בראוניס,גרמים,550.00,100 גרם,false,,17.90,0.0325,true,1,9615
19548003107,false,צימקאו לבן 300 גר' א,,,צימקאו לבן 300 גר' א,גרמים,300.00,100 גרם,false,,8.50,0.0283,true,1,65121
21200493720,false,סקוטש ברייט גליל ניי,,,סקוטש ברייט גליל ניי,יחידה,0.00,יחידה,false,,16.90,0.0000,true,1,120617
21200513152,false,ספוג קרצוף שלישיה,,,ספוג קרצוף שלישיה,יחידה,0.00,יחידה,false,,15.90,0.0000,true,1,7079
21200572357,false,שלישיית ספוגי קרצוף,,,שלישיית ספוגי קרצוף,יחידה,0.00,יחידה,false,,15.90,0.0000,true,1,17416
25675120006,false,חמצוצים 4 טעמים טבעי,חמצוצים,,חמצוצים 4 טעמים טבעי,גרמים,100.00,100 גרם,false,,9.90,0.0990,true,1,19731
25675120020,false,מקלות חמוצים 100גר,,,מקלות חמוצים 100גר,גרמים,100.00,100 גרם,false,,8.90,0.0890,true,1,12796
25675120037,false,מקלות חמוצים תות,,,מקלות חמוצים תות,גרמים,100.00,100 גרם,false,,8.90,0.0890,true,1,12797
25675120044,false,מקלות חמוצים,,,מקלות חמוצים,גרמים,100.00,100 גרם,false,,8.90,0.0890,true,1,12798
25675120068,false,מקלות חמוצים,,,מקלות חמוצים,גרמים,100.00,100 גרם,false,,8.90,0.0890,true,1,12799
25675301108,false,מקלות חמוצים,,,מקלות חמוצים,גרמים,50.00,100 גרם,false,,4.90,0.0980,true,1,12805
25675301153,false,מקלות חמוצים 50גר',,,מקלות חמוצים 50גר',גרמים,50.00,100 גרם,false,,4.90,0.0980,true,1,12806
25675301207,false,מקלות חמוצות 50,,,מקלות חמוצות 50,גרמים,50.00,100 גרם,false,,4.90,0.0980,true,1,12808
25700005674,false,זיפלוק שקיות אחסון ס,,,זיפלוק שקיות אחסון ס,יחידה,0.00,יחידה,false,,16.90,0.0000,true,1,85898
25700005681,false,זיפלוק שקיות אחסון ס,,,זיפלוק שקיות אחסון ס,יחידה,0.00,יחידה,false,,16.90,0.0000,true,1,85899
25700005698,false,זיפלוק שקיות אחסון ב,,,זיפלוק שקיות אחסון ב,יחידה,0.00,יחידה,false,,13.90,0.0000,true,1,85894
30000315958,false,קוואקר פרוטאין בננה,,,קוואקר פרוטאין בננה,גרמים,366.00,100 גרם,false,,23.90,0.0653,true,1,78376
30000315989,false,קוואקר פרוטאין חמוצי,,,קוואקר פרוטאין חמוצי,גרמים,372.00,100 גרם,false,,23.90,0.0642,true,1,78377
31200001597,false,חמוציות מיובשות,,,חמוציות מיובשות,גרמים,170.00,100 גרם,false,,11.50,0.0676,true,1,33108
33200147701,false,דפים למייבש כביסה,,,דפים למייבש כביסה,יחידה,0.00,יחידה,false,,26.90,0.0000,true,1,13584
33617000026,false,ואזה מקמח מלא 260 גר,,,ואזה מקמח מלא 260 גר,גרמים,260.00,100 גרם,false,,16.90,0.0650,true,1,27914
33617340610,false,ואזה מקמח שיפון,,,ואזה מקמח שיפון,גרמים,275.00,100 גרם,false,,16.90,0.0615,true,1,21618
34000148301,false,הרשי נטיפי שוקולד מר,,,הרשי נטיפי שוקולד מר,גרמים,340.00,100 גרם,false,,17.90,0.0526,true,1,68994
34000196173,false,הרשי קוקיס קרם טבלה,,,הרשי קוקיס קרם טבלה,גרמים,113.00,100 גרם,false,,7.90,0.0699,true,1,60221
34000312177,false,סירופ הרשי שוקולד,,,סירופ הרשי שוקולד,יחידה,680.00,יחידה,false,,17.90,0.0263,true,1,29065
34000442652,false,ריזס טבלה XL,,,ריזס טבלה XL,גרמים,120.00,100 גרם,false,,7.90,0.0658,true,1,60222
34000446001,false,ריזס מיניס עטופים,,,ריזס מיניס עטופים,יחידה,0.00,יחידה,false,,9.40,0.0000,true,1,28987
34000470228,false,סוכריות ריזס מיני הר,,,סוכריות ריזס מיני הר,גרמים,70.00,100 גרם,false,,5.90,0.0843,true,1,28750
34000470563,false,ריסז מיניס באריזה מש,,,ריסז מיניס באריזה מש,גרמים,215.00,100 גרם,false,,17.90,0.0833,true,1,79318
34000544028,false,לקריץ תות שדה,,,לקריץ תות שדה,גרמים,198.00,100 גרם,false,,7.20,0.0364,true,1,7412
34000544431,false,טוויזלרס דובדבן 172,,,טוויזלרס דובדבן 172,גרמים,172.00,100 גרם,false,,7.90,0.0459,true,1,84821
34000996643,false,הרשי דרופס באריזה מש,,,הרשי דרופס באריזה מש,גרמים,215.00,100 גרם,false,,17.90,0.0833,true,1,79319
37600207188,false,חמאת בוטנים סקיפי קל,,,חמאת בוטנים סקיפי קל,גרמים,462.00,100 גרם,false,,18.90,0.0409,false,1,32816
37600207256,false,סקיפי שברי בוטנים,,,סקיפי שברי בוטנים,גרמים,462.00,100 גרם,false,,18.90,0.0409,false,1,32817
37600207287,false,סקיפי עם דבש 462 גר,,,סקיפי עם דבש 462 גר,גרמים,462.00,100 גרם,false,,18.90,0.0409,true,1,70178
37600297943,false,מטבל סלסה חריפה,,,מטבל סלסה חריפה,גרמים,439.00,100 גרם,false,,19.90,0.0453,true,1,122145
37600297967,false,סלסה מטבל עגבניות בח,,,סלסה מטבל עגבניות בח,גרמים,439.00,100 גרם,false,,19.90,0.0453,true,1,122146
38000138638,false,פרינגלס פיצה 158 גר,,,פרינגלס פיצה 158 גר,גרמים,158.00,100 גרם,false,,8.90,0.0563,true,1,67877
38000138720,false,פרינגלס ראנץ',,,פרינגלס ראנץ',גרמים,158.00,100 גרם,false,,8.90,0.0563,true,1,74238
38000183928,false,פרינגלס דבש וחרדל 15,,,פרינגלס דבש וחרדל 15,גרמים,158.00,100 גרם,false,,8.90,0.0563,true,1,88075
38000232152,false,פרינגלס ביג ברביקיו,,,פרינגלס ביג ברביקיו,גרמים,158.00,100 גרם,false,,8.90,0.0563,true,1,81953
38000232176,false,פרינגלס ביג שמנת בצל,,,פרינגלס ביג שמנת בצל,גרמים,158.00,100 גרם,false,,8.90,0.0563,true,1,81951
38000232183,false,פרינגלס ביג אורגינל,,,פרינגלס ביג אורגינל,גרמים,149.00,100 גרם,false,,8.90,0.0597,true,1,81952
38527591053,false,דגני בוקר קואקר מרוב,קוואקר,,דגני בוקר קואקר מרוב,גרמים,453.00,100 גרם,false,,19.90,0.0439,false,1,19863
38527591060,false,דגני בוקר מרובעים 41,,,דגני בוקר מרובעים 41,גרמים,412.00,100 גרם,false,,19.90,0.0483,false,1,20265
39000008006,false,טאקו מקסיקני,,,טאקו מקסיקני,יחידה,0.00,יחידה,false,,19.90,0.0000,true,1,44282
39000008051,false,אורטגה-טאקו עם רוטב,,,אורטגה-טאקו עם רוטב,גרמים,283.00,100 גרם,false,,31.90,0.1127,true,1,22939
39000008204,false,אורטגה תבלין לטאקו,,,אורטגה תבלין לטאקו,גרמים,35.00,100 גרם,false,,9.90,0.2829,true,1,65221
39000008907,false,רוטב טאקו ללא גלוטן,,,רוטב טאקו ללא גלוטן,גרמים,226.00,100 גרם,false,,16.90,0.0748,true,1,76028
39000010351,false,אורטגה-פלפלים חריפים,,,אורטגה-פלפלים חריפים,גרמים,354.00,100 גרם,false,,16.90,0.0477,true,1,59216
40000512943,false,סוכריות אם אנד אם 30,,,סוכריות אם אנד אם 30,גרמים,303.00,100 גרם,false,,19.90,0.0657,true,1,73580
40000513568,false,סוכריות אם אנד אם 15,,,סוכריות אם אנד אם 15,גרמים,155.90,100 גרם,false,,11.90,0.0763,true,1,68971
40000513629,false,סוכריות אם אנד אם 14,,,סוכריות אם אנד אם 14,גרמים,141.70,100 גרם,false,,11.90,0.0840,true,1,68973
40000514480,false,סוכריות אם אנד אם 48,,,סוכריות אם אנד אם 48,גרמים,48.00,100 גרם,false,,4.90,0.1021,true,1,66300
40002035648,false,פרסים רמה 4,,,פרסים רמה 4,יחידה,0.00,יחידה,false,,11.00,0.0000,true,1,13711
41190064564,false,סלסה חריפה 439 גר',,,סלסה חריפה 439 גר',גרמים,439.00,100 גרם,false,,17.90,0.0408,true,1,87556
41390001079,false,רוטב סויה דל נתרן 44,,,רוטב סויה דל נתרן 44,מיליליטרים,444.00,"100 מ""ל",false,,19.90,0.0448,true,1,33903
41390001451,false,רוטב סויה קיקומן 1.2,,,רוטב סויה קיקומן 1.2,ליטרים,1.20,ליטר,false,,49.90,41.5833,true,1,3229
41390010309,false,"רוטב טריאקי 444 מ""ל",,,"רוטב טריאקי 444 מ""ל",מיליליטרים,444.00,"100 מ""ל",false,,19.90,0.0448,true,1,33958
41421177452,false,תיבול היקורי מרוכז,,,תיבול היקורי מרוכז,גרמים,123.00,100 גרם,false,,16.50,0.1341,true,1,80893
41500007007,false,חרדל פרנצ'ס טבעי,,,חרדל פרנצ'ס טבעי,גרמים,226.00,100 גרם,false,,11.50,0.0509,true,1,12670
41500013107,false,רוטב וורצסטר פרנצס,,,רוטב וורצסטר פרנצס,מיליליטרים,295.00,"100 מ""ל",false,,16.90,0.0573,true,1,83106
41501008034,false,טאקו מקסיקני ללא גלו,,,טאקו מקסיקני ללא גלו,גרמים,140.00,100 גרם,false,,19.90,0.1421,true,1,34182
42400108153,false,דגני תותי פרוטי פוסט,,,דגני תותי פרוטי פוסט,גרמים,354.00,100 גרם,false,,21.90,0.0619,true,1,86666
44600300580,false,מרסס קלין אפ פרש 946,,,מרסס קלין אפ פרש 946,מיליליטרים,946.00,"100 מ""ל",false,,25.90,0.0274,true,1,88336
46214731552,false,עוגיות שוקולד צ'יפס,MERBA,,עוגיות שוקולד צ'יפס,גרמים,225.00,100 גרם,false,,8.90,0.0396,true,1,10555
47997130105,false,מג'יק תערובת תיבול ל,,,מג'יק תערובת תיבול ל,גרמים,141.00,100 גרם,false,,23.90,0.1695,true,1,11678
48256214758,false,אסטוניש אבקת הפל,יעקובי אסטוניש,,אסטוניש אבקת הפל,קילוגרמים,1.00,"ק""ג",false,,25.90,25.9000,true,1,14928
49568010342,false,מיונז טבעוני,,,מיונז טבעוני,יחידה,0.00,יחידה,false,,21.90,0.0000,true,1,66566
49568720340,false,ממרח טבעוני צ'יפוטלה,,,ממרח טבעוני צ'יפוטלה,גרמים,355.00,100 גרם,false,,24.90,0.0701,true,1,72042
49568730349,false,"מיונז פסטו 355 מ""ל",,,"מיונז פסטו 355 מ""ל",מיליליטרים,355.00,"100 מ""ל",false,,24.90,0.0701,true,1,71937
50000015474,false,פריקסקיז פירות ים,פריסקיז,,פריקסקיז פירות ים,קילוגרמים,1.40,"ק""ג",false,,37.90,27.0714,true,1,5733
50000100347,false,פריסקיז מעדני החתול,פריסקיז,,פריסקיז מעדני החתול,קילוגרמים,1.40,"ק""ג",false,,37.90,27.0714,true,1,5738
50000170180,false,פריסקיז עוף ברוטב,פריסקיז,,פריסקיז עוף ברוטב,גרמים,156.00,100 גרם,false,,6.20,0.0397,true,1,62624
50000225224,false,פריסקיז פריים פילה ה,,,פריסקיז פריים פילה ה,גרמים,156.00,100 גרם,false,,6.20,0.0397,true,1,62625
50000237951,false,פריסקיז פארטי מיקס ג,,,פריסקיז פארטי מיקס ג,גרמים,59.00,100 גרם,false,,11.50,0.1949,true,1,120589
50000238910,false,פריסקיז פארטי מיקס א,,,פריסקיז פארטי מיקס א,גרמים,59.00,100 גרם,false,,11.50,0.1949,true,1,120588
50000292592,false,פנסי פיסט שימורי חתו,,,פנסי פיסט שימורי חתו,גרמים,85.00,100 גרם,false,,6.00,0.0706,true,1,63624
50000292615,false,פנסי פיסט לבבות עוף,,,פנסי פיסט לבבות עוף,גרמים,85.00,100 גרם,false,,6.00,0.0706,true,1,63625
50000429646,false,פנסי פיסט דגי אוקיינ,פנסי פיסט,,פנסי פיסט דגי אוקיינ,גרמים,85.00,100 גרם,false,,6.00,0.0706,true,1,5747
50000434640,false,פנסי פיסט נתחי לבבות,פנסי פיסט,,פנסי פיסט נתחי לבבות,גרמים,85.00,100 גרם,false,,6.00,0.0706,true,1,5749
50000445691,false,פרסקיז נתחי עוף וסלמ,פריסקיז,,פרסקיז נתחי עוף וסלמ,גרמים,156.00,100 גרם,false,,6.20,0.0397,true,1,23002
50000571987,false,פריסקיז נתחי עוף ברו,פריסקיז,,פריסקיז נתחי עוף ברו,גרמים,156.00,100 גרם,false,,6.20,0.0397,true,1,23003
50000574438,false,פריסקיז פארטי מיקס מ,,,פריסקיז פארטי מיקס מ,גרמים,59.00,100 גרם,false,,11.50,0.1949,true,1,120591
50000578238,false,פריסקיז פארטי מיקס ק,,,פריסקיז פארטי מיקס ק,גרמים,59.00,100 גרם,false,,11.50,0.1949,true,1,120592
50000578450,false,פנסי פיסט עוף ברוטב,,,פנסי פיסט עוף ברוטב,גרמים,85.00,100 גרם,false,,6.00,0.0706,true,1,63626
51500255162,false,חמאת בוטנים חלקה 454,,,חמאת בוטנים חלקה 454,גרמים,454.00,100 גרם,false,,18.90,0.0416,true,1,65875
51500255377,false,חמאת בוטנים עם שברי,,,חמאת בוטנים עם שברי,גרמים,454.00,100 גרם,false,,18.90,0.0416,true,1,65876
52100002460,false,תערובת תיבול לעוף וד,,,תערובת תיבול לעוף וד,גרמים,77.00,100 גרם,false,,18.90,0.2455,true,1,74931
52100004389,false,קינמון טחון,,,קינמון טחון,גרמים,67.00,100 גרם,false,,21.90,0.3269,true,1,77364
52100004440,false,תערובת סוכר קינמון,,,תערובת סוכר קינמון,גרמים,102.00,100 גרם,false,,16.90,0.1657,true,1,74937
52100004488,false,פפריקה,,,פפריקה,גרמים,60.00,100 גרם,false,,21.00,0.3500,true,1,74938
52100006260,false,אבקת שום,,,אבקת שום,גרמים,88.00,100 גרם,false,,25.90,0.2943,true,1,74940
52100006765,false,תבלין פלפל אדום,,,תבלין פלפל אדום,גרמים,42.00,100 גרם,false,,16.90,0.4024,true,1,74943
52100029924,false,פלפל שחור טחון,,,פלפל שחור טחון,גרמים,42.00,100 גרם,false,,18.90,0.4500,true,1,81234
52100030043,false,פלפל שחור טחון גס,,,פלפל שחור טחון גס,גרמים,42.00,100 גרם,false,,18.90,0.4500,true,1,74946
52100034898,false,תמצית ליים טהורה,,,תמצית ליים טהורה,מיליליטרים,29.00,"100 מ""ל",false,,15.90,0.5483,true,1,80542
52100040806,false,תערובת תיבול שום בצל,,,תערובת תיבול שום בצל,גרמים,120.00,100 גרם,false,,25.90,0.2158,true,1,77362
52100070643,false,תמצית בטעם שקדים,,,תמצית בטעם שקדים,גרמים,29.00,100 גרם,false,,10.90,0.3759,true,1,74948
52100070827,false,תמצית בטעם רום,מקרומיק תבלינים,,תמצית בטעם רום,יחידה,29.00,יחידה,false,,10.90,0.3759,false,1,8526
52100070865,false,תמצית וניל טהורה,מקרומיק תבלינים,,תמצית וניל טהורה,גרמים,28.00,100 גרם,false,,29.90,1.0679,false,1,8527
52100070995,false,תמצית טעם וניל,,,תמצית טעם וניל,גרמים,59.00,100 גרם,false,,10.90,0.1847,true,1,74949
52100071121,false,עלי בזיליקום מיובשים,,,עלי בזיליקום מיובשים,גרמים,35.00,100 גרם,false,,25.90,0.7400,true,1,74950
52100071138,false,תבלין אורגנו (אורגנו,מקרומיק תבלינים,,תבלין אורגנו (אורגנו,גרמים,38.00,100 גרם,false,,18.90,0.4974,false,1,8528
52100746043,false,מקורמיק-פלפלים שלמים,מקרומיק תבלינים,,מקורמיק-פלפלים שלמים,גרמים,24.00,100 גרם,false,,16.90,0.7042,false,1,8536
55369901703,false,רסק אפלסנקס תפוח עץ,,,רסק אפלסנקס תפוח עץ,גרמים,452.00,100 גרם,false,,13.90,0.0308,true,1,11682
55369902557,false,מחית תפוחי עץ בסגנון,,,מחית תפוחי עץ בסגנון,גרמים,452.00,100 גרם,false,,13.90,0.0308,true,1,11685
55369902564,false,"רסק תפו""ע אפלסנקס לל",,,"רסק תפו""ע אפלסנקס לל",גרמים,452.00,100 גרם,false,,13.90,0.0308,true,1,11686
55369903295,false,"מחית תפו""ע לא ממותק",,,"מחית תפו""ע לא ממותק",גרמים,652.00,100 גרם,false,,13.90,0.0213,true,1,60845
55500012046,false,מרסס קלין אפ 946,,,מרסס קלין אפ 946,מיליליטרים,946.00,"100 מ""ל",false,,25.90,0.0274,true,1,13600
58449450030,false,דייסת שיבולת שועל אג,,,דייסת שיבולת שועל אג,גרמים,400.00,100 גרם,false,,26.90,0.0672,true,1,71219
58449450047,false,דייסת שיבולת שועל תפ,,,דייסת שיבולת שועל תפ,גרמים,400.00,100 גרם,false,,26.90,0.0672,true,1,71317
58449860013,false,דגני אמאזון 400 גרם,,,דגני אמאזון 400 גרם,גרמים,400.00,100 גרם,false,,23.90,0.0597,true,1,22143
58449860020,false,גורילה מאנצ' קור,,,גורילה מאנצ' קור,גרמים,284.00,100 גרם,false,,23.90,0.0842,true,1,22144
58449860037,false,קואלה קריספ פיצפ,,,קואלה קריספ פיצפ,גרמים,326.00,100 גרם,false,,23.90,0.0733,true,1,21220
58449860075,false,כדורי למור אורגניים,,,כדורי למור אורגניים,גרמים,284.00,100 גרם,false,,23.90,0.0842,true,1,30532
58449870241,false,דגני שוקו שימפס כדור,,,דגני שוקו שימפס כדור,גרמים,284.00,100 גרם,false,,23.90,0.0842,true,1,83111
63435711033,false,רויאל טישו 3 שכבות,,,רויאל טישו 3 שכבות,יחידה,0.00,יחידה,false,,7.90,0.0000,true,1,88828
64144090013,false,שמן פאם חמאה,פאם,,שמן פאם חמאה,יחידה,0.00,יחידה,false,,18.00,0.0000,false,1,21714
64144090020,false,שמן פאם שמן זית,פאם,,שמן פאם שמן זית,יחידה,0.00,יחידה,false,,18.00,0.0000,false,1,21715
64144090051,false,שמן פאם קנולה 148 גר,פאם,,שמן פאם קנולה 148 גר,גרמים,148.00,100 גרם,false,,18.00,0.1216,false,1,34288
70177077563,false,טוינינג- ארל גריי,,,טוינינג- ארל גריי,גרמים,50.00,100 גרם,false,,16.90,0.3380,true,1,59855
70177077693,false,טוינינג- אינגליש ברק,,,טוינינג- אינגליש ברק,גרמים,50.00,100 גרם,false,,16.90,0.3380,true,1,59858
70177078775,false,טוינינג- ליידי גריי,,,טוינינג- ליידי גריי,גרמים,50.00,100 גרם,false,,16.90,0.3380,true,1,59859
70177086664,false,תה ירוק טהור 25 שק',,,תה ירוק טהור 25 שק',גרמים,50.00,100 גרם,false,,18.90,0.3780,true,1,29656
70177173159,false,תה טויני ירוק לימון,,,תה טויני ירוק לימון,גרמים,50.00,100 גרם,false,,18.90,0.3780,true,1,63508
70177177683,false,תה חליטת קמומיל,,,תה חליטת קמומיל,גרמים,30.00,100 גרם,false,,15.90,0.5300,true,1,74742
70177177737,false,תה חליטת קמומיל,,,תה חליטת קמומיל,גרמים,20.00,100 גרם,false,,15.90,0.7950,true,1,74743
70177273330,false,חליטת ורבנה טווינינג,,,חליטת ורבנה טווינינג,גרמים,37.50,100 גרם,false,,15.90,0.4240,true,1,89572
70221011116,false,טובלרון חלב,טובלרון,,טובלרון חלב,גרמים,100.00,100 גרם,false,,8.90,0.0890,true,1,3231
70970471254,false,מייק לייק-סוכריות ג',,,מייק לייק-סוכריות ג',גרמים,141.00,100 גרם,false,,9.90,0.0702,true,1,34185
70970471278,false,מייק לייק סוכריות ג',,,מייק לייק סוכריות ג',גרמים,141.00,100 גרם,false,,9.90,0.0702,true,1,30857
70970471285,false,מייק לייק אדום 170ג',,,מייק לייק אדום 170ג',גרמים,170.00,100 גרם,false,,9.90,0.0582,true,1,34497
70970471308,false,מייק לייק סגול 170ג',,,מייק לייק סגול 170ג',גרמים,170.00,100 גרם,false,,9.90,0.0582,true,1,62747
71570001667,false,סוכריות גלי ביילי 20,,,סוכריות גלי ביילי 20,גרמים,70.00,100 גרם,false,,11.90,0.1700,true,1,79040
71570004293,false,סוכריות גלי ביילי פנ,,,סוכריות גלי ביילי פנ,גרמים,70.00,100 גרם,false,,11.90,0.1700,true,1,79041
72600005846,false,הרס-טורטייה מתירס לב,,,הרס-טורטייה מתירס לב,גרמים,386.00,100 גרם,false,,24.90,0.0645,true,1,32989
72600009257,false,הרס- טורטייה צ'יפס ת,,,הרס- טורטייה צ'יפס ת,גרמים,225.00,100 גרם,false,,19.90,0.0884,true,1,32990
72600062290,false,הרס- חטיפי תירס גבינ,,,הרס- חטיפי תירס גבינ,גרמים,198.50,100 גרם,false,,22.90,0.1154,true,1,66812
72600062306,false,הרס-חטיפי במבה גבינה,,,הרס-חטיפי במבה גבינה,גרמים,198.00,100 גרם,false,,22.90,0.1157,true,1,31057
74261110334,false,רוטב סויה תמרי 1 ל',,,רוטב סויה תמרי 1 ל',ליטרים,1.00,ליטר,false,,32.90,32.9000,true,1,12690
74261130103,false,רוטב טארייקי,,,רוטב טארייקי,גרמים,355.00,100 גרם,false,,16.90,0.0476,true,1,12691
74261130165,false,רוטב טריאקי תמרי,,,רוטב טריאקי תמרי,מיליליטרים,500.00,"100 מ""ל",false,,24.90,0.0498,true,1,18860
74261150101,false,רוטב סויה תמרי,,,רוטב סויה תמרי,גרמים,355.00,100 גרם,false,,13.90,0.0392,true,1,12693
74261201339,false,רוטב סויה דל נתר,,,רוטב סויה דל נתר,ליטרים,1.00,ליטר,false,,29.90,29.9000,true,1,12695
74261202008,false,תמרי רוטב סויה דל נת,,,תמרי רוטב סויה דל נת,מיליליטרים,296.00,"100 מ""ל",false,,16.90,0.0571,true,1,77328
75039007979,false,רוטב פסטה מריה בזילי,,,רוטב פסטה מריה בזילי,גרמים,680.00,100 גרם,false,,14.90,0.0219,true,1,74994
75039008013,false,רוטב פסטה מריה רגיל,,,רוטב פסטה מריה רגיל,גרמים,680.00,100 גרם,false,,14.90,0.0219,true,1,74997
75810021354,false,תמרי רוטב סויה,,,תמרי רוטב סויה,מיליליטרים,592.00,"100 מ""ל",false,,37.90,0.0640,true,1,65485
76840001767,false,גלידת בן אנד ג'רי,,,גלידת בן אנד ג'רי,גרמים,423.00,100 גרם,false,,18.90,0.0447,true,1,85321
76840001774,false,גלידת שוקולד צ'יפס,,,גלידת שוקולד צ'יפס,גרמים,442.00,100 גרם,false,,18.90,0.0428,false,1,85170
76840002542,false,גלידת בן אנד ג'רי,,,גלידת בן אנד ג'רי,גרמים,424.00,100 גרם,false,,18.90,0.0446,true,1,84145
76840100156,false,גלידה בן וג'רי,,,גלידה בן וג'רי,גרמים,420.00,100 גרם,false,,18.90,0.0450,true,1,34349
76840100583,false,בן אנד ג'ריס בצק עוג,בן אנד ג'ריס,,בן אנד ג'ריס בצק עוג,גרמים,473.00,100 גרם,false,,18.90,0.0400,false,1,9801
76840100811,false,בן אנד ג'ריס באטד קא,,,בן אנד ג'ריס באטד קא,יחידה,0.00,יחידה,false,,18.90,0.0000,true,1,25370
76840100989,false,בן אנד ג'ריס פיש פוד,בן אנד ג'ריס,,בן אנד ג'ריס פיש פוד,גרמים,454.00,100 גרם,false,,18.90,0.0416,true,1,32662
76840400218,false,בן אנד ג'ריס גלידת ת,,,בן אנד ג'ריס גלידת ת,מיליליטרים,500.00,"100 מ""ל",false,,18.90,0.0378,true,1,29240
76840620036,false,גלידת בן אנד ג'ריס,,,גלידת בן אנד ג'ריס,גרמים,433.00,100 גרם,false,,18.90,0.0436,false,1,71427
77245110610,false,סוכריות מאסט מנט,עלית,,סוכריות מאסט מנט,גרמים,80.00,100 גרם,false,,8.50,0.1063,false,1,12233
77975010167,false,סניידרס חטיף מקלוני,,,סניידרס חטיף מקלוני,גרמים,340.00,100 גרם,false,,15.90,0.0468,true,1,71251
77975036976,false,מטבל סלסה בחריפות עד,,,מטבל סלסה בחריפות עד,גרמים,439.00,100 גרם,false,,16.50,0.0376,true,1,63291
77975091975,false,סניידרס סנדוויץ בייג,,,סניידרס סנדוויץ בייג,גרמים,226.80,100 גרם,false,,15.90,0.0701,true,1,80149
77975093085,false,חטיף בייגלה סניידרס,,,חטיף בייגלה סניידרס,גרמים,141.00,100 גרם,false,,16.90,0.1199,true,1,120882
77975093108,false,חטיף בייגלה סניידרס,,,חטיף בייגלה סניידרס,גרמים,141.00,100 גרם,false,,16.90,0.1199,true,1,120883
77975094624,false,סניידרס חמאת בוטנים,,,סניידרס חמאת בוטנים,גרמים,280.00,100 גרם,false,,15.90,0.0568,true,1,85361
77975094631,false,סניידרס צ'דר סנדוויץ,,,סניידרס צ'דר סנדוויץ,גרמים,226.00,100 גרם,false,,15.90,0.0704,true,1,85301
77975094761,false,סניידרס צ'דר 340 גר',,,סניידרס צ'דר 340 גר',גרמים,340.00,100 גרם,false,,15.90,0.0468,true,1,88605
77975094778,false,סניידרס דבש וחרדל 34,,,סניידרס דבש וחרדל 34,גרמים,340.00,100 גרם,false,,15.90,0.0468,true,1,89252
77975095157,false,סניידרס שברי בייגלה,,,סניידרס שברי בייגלה,גרמים,318.00,100 גרם,false,,15.90,0.0500,true,1,120886
78300081098,false,פלייטקס טמפונים,פלייטקס,,פלייטקס טמפונים,יחידה,0.00,יחידה,false,,25.00,0.0000,true,1,87518
78300081111,false,פלייטקס טמפונים ספור,פלייטקס,,פלייטקס טמפונים ספור,יחידה,0.00,יחידה,false,,25.00,0.0000,true,1,88060
78300081357,false,פלייטקס טמפונים ספור,פלייטקס,,פלייטקס טמפונים ספור,יחידה,0.00,יחידה,false,,25.00,0.0000,true,1,87974
78300098379,false,פלייטקס רגולר סימפלי,פלייטקס,,פלייטקס רגולר סימפלי,יחידה,0.00,יחידה,false,,25.00,0.0000,true,1,77500
78300098393,false,פלייטקס טמפונים סופר,פלייטקס,,פלייטקס טמפונים סופר,יחידה,0.00,יחידה,false,,25.00,0.0000,true,1,76645
80432402931,false,"שיבאס 700 מ""ל",,,"שיבאס 700 מ""ל",מיליליטרים,700.00,"100 מ""ל",false,,114.90,0.1641,false,1,70609
80480015305,false,בקרדי לבן 1 ליטר,,,בקרדי לבן 1 ליטר,ליטרים,1.00,ליטר,false,,110.00,110.0000,true,1,121275
84213017420,false,מוזלי אגוזים וצימוקי,מסטמכר,,מוזלי אגוזים וצימוקי,גרמים,500.00,100 גרם,false,,18.90,0.0378,true,1,10742
84213017475,false,מיסלי פירות ביו,מסטמכר,,מיסלי פירות ביו,גרמים,500.00,100 גרם,false,,18.90,0.0378,true,1,10743
85696607207,false,טופו במרקם רך מרינו,,,טופו במרקם רך מרינו,גרמים,340.00,100 גרם,false,,11.90,0.0350,true,1,33482
85696608044,false,טופו מוצק ללא גלוטן,,,טופו מוצק ללא גלוטן,גרמים,349.00,100 גרם,false,,11.90,0.0341,true,1,57940
87666052819,false,רוטב סריראצ'ה סופר ח,,,רוטב סריראצ'ה סופר ח,מיליליטרים,455.00,"100 מ""ל",false,,22.90,0.0503,true,1,75033
87752002537,false,הרצוג שנין בלאן,,,הרצוג שנין בלאן,מיליליטרים,750.00,"100 מ""ל",false,,39.90,0.0532,true,1,72317
87752003794,false,יין הרצוג זנפנדל אדו,,,יין הרצוג זנפנדל אדו,מיליליטרים,750.00,"100 מ""ל",false,,55.00,0.0733,true,1,90679
87752005644,false,ברטנורא מוסקטו,,,ברטנורא מוסקטו,מיליליטרים,750.00,"100 מ""ל",false,,55.00,0.0733,true,1,72316
87752008126,false,ברטנורא פרסקו,,,ברטנורא פרסקו,מיליליטרים,750.00,"100 מ""ל",false,,70.00,0.0933,true,1,75930
87752011218,false,פסגות קברנה סוביניון,,,פסגות קברנה סוביניון,מיליליטרים,750.00,"100 מ""ל",false,,80.00,0.1067,true,1,118645
87752013694,false,שור מרלו יקב שילה,,,שור מרלו יקב שילה,מיליליטרים,750.00,"100 מ""ל",false,,75.00,0.1000,true,1,77350
87752014271,false,ברטנורא רוסו,,,ברטנורא רוסו,מיליליטרים,750.00,"100 מ""ל",false,,45.00,0.0600,true,1,75929
87752019207,false,יין סיני יקב פסגות 2,,,יין סיני יקב פסגות 2,מיליליטרים,750.00,"100 מ""ל",false,,65.00,0.0867,true,1,119084
89041081056,false,שמן צ'ילי חריף,,,שמן צ'ילי חריף,יחידה,185.00,יחידה,false,,14.90,0.0805,true,1,10744
89397344300,false,רוטב פסטה עם עגבניות,,,רוטב פסטה עם עגבניות,גרמים,737.00,100 גרם,false,,16.90,0.0229,true,1,11693
89397344348,false,רוטב פסטה עם שום צלו,,,רוטב פסטה עם שום צלו,גרמים,737.00,100 גרם,false,,16.90,0.0229,true,1,11696
89397344362,false,רוטב פסטה מרינרה קלא,,,רוטב פסטה מרינרה קלא,יחידה,737.00,יחידה,false,,16.90,0.0229,true,1,11697
93133737325,false,רוטב טארייקי ושומשום,,,רוטב טארייקי ושומשום,יחידה,566.00,יחידה,false,,39.90,0.0705,true,1,12715
305210416383,false,וזלין קרם גוף לגבר 6,וזלין,,וזלין קרם גוף לגבר 6,מיליליטרים,600.00,"100 מ""ל",false,,27.90,0.0465,true,1,71100
305213079004,false,וזלין תחליב גוף צהוב,וזלין,,וזלין תחליב גוף צהוב,מיליליטרים,600.00,"100 מ""ל",false,,27.90,0.0465,true,1,70797
413900010558,false,רוטב סויה קיקומן 296,,,רוטב סויה קיקומן 296,מיליליטרים,296.00,"100 מ""ל",false,,13.90,0.0470,true,1,10561
608614310463,false,אוכמניות טריות,,,אוכמניות טריות,גרמים,125.00,100 גרם,false,,9.90,0.0792,true,1,121615
608614310777,false,דומדמניות אדומות 125,,,דומדמניות אדומות 125,גרמים,125.00,100 גרם,false,,19.90,0.1592,true,1,122007
608614325702,false,תמר מג'הול עסיסי - ת,,,תמר מג'הול עסיסי - ת,גרמים,400.00,100 גרם,false,,29.90,0.0747,true,1,75545
611745285685,false,אבוקדו זוגות,,,אבוקדו זוגות,גרמים,500.00,100 גרם,false,,11.90,0.0238,true,1,70326
611745288709,false,לחם שיפון כוסמין מלא,,,לחם שיפון כוסמין מלא,גרמים,730.00,100 גרם,false,,21.90,0.0300,true,1,89870
611745288716,false,לחם כוסמת ירוקה וטף,,,לחם כוסמת ירוקה וטף,גרמים,760.00,100 גרם,false,,26.90,0.0354,true,1,89871
611745288723,false,לחם מונבט מלא,,,לחם מונבט מלא,גרמים,720.00,100 גרם,false,,26.90,0.0374,true,1,89872
611745288730,false,לחם חיטה מלאה עם גרע,,,לחם חיטה מלאה עם גרע,גרמים,680.00,100 גרם,false,,21.90,0.0322,true,1,89864
611745288747,false,לחם לסנדביץ,,,לחם לסנדביץ,גרמים,820.00,100 גרם,false,,21.90,0.0267,true,1,89873
611745288754,false,לחם כפרי אגוזים וסיל,,,לחם כפרי אגוזים וסיל,גרמים,680.00,100 גרם,false,,28.90,0.0425,true,1,89865
611745288761,false,לחם כוסמין מלא,,,לחם כוסמין מלא,גרמים,730.00,100 גרם,false,,26.90,0.0368,true,1,89866
611745288778,false,לחם כפרי מעודן,,,לחם כפרי מעודן,גרמים,620.00,100 גרם,false,,21.90,0.0353,true,1,89874
611745288785,false,חלת כוסמין,,,חלת כוסמין,גרמים,570.00,100 גרם,false,,26.90,0.0472,true,1,89875
611745288792,false,לחם כפרי זיתים,,,לחם כפרי זיתים,גרמים,660.00,100 גרם,false,,21.90,0.0332,true,1,89867
611745294014,false,חומץ תפוחים 5%,,,חומץ תפוחים 5%,ליטרים,1.00,ליטר,false,,24.90,24.9000,true,1,71464
613008742348,false,אריזונה ג'נסינג ודבש,,,אריזונה ג'נסינג ודבש,ליטרים,1.00,ליטר,false,,11.00,11.0000,true,1,84925
613008742409,false,אריזונה אפרסק בקבוק,,,אריזונה אפרסק בקבוק,ליטרים,1.00,ליטר,false,,11.00,11.0000,true,1,84923
613008753290,false,"אריזונה אפרסק 450 מ""",,,"אריזונה אפרסק 450 מ""",מיליליטרים,450.00,"100 מ""ל",false,,7.50,0.0167,true,1,78292
613008753320,false,אריזונה ג'ינסנג ודבש,,,אריזונה ג'ינסנג ודבש,מיליליטרים,450.00,"100 מ""ל",false,,7.50,0.0167,true,1,78296
613008753351,false,אריזונה רימונים 450,,,אריזונה רימונים 450,מיליליטרים,450.00,"100 מ""ל",false,,7.50,0.0167,true,1,78293
613008755461,false,אריזונה אוכמניות בקב,,,אריזונה אוכמניות בקב,ליטרים,1.00,ליטר,false,,11.00,11.0000,true,1,84924
621683920753,false,פסטה מאורז,,,פסטה מאורז,גרמים,454.00,100 גרם,false,,21.90,0.0482,true,1,19908
621683921255,false,פסטה אורז חום,,,פסטה אורז חום,גרמים,454.00,100 גרם,false,,21.90,0.0482,true,1,11703
628154383659,false,דגני פרוטי פבלס,,,דגני פרוטי פבלס,גרמים,311.00,100 גרם,false,,21.90,0.0704,true,1,119988
633824151346,false,וודקה ואן גוך אסאי 7,,,וודקה ואן גוך אסאי 7,מיליליטרים,750.00,"100 מ""ל",false,,119.90,0.1599,true,1,89678
639138513238,false,פילה הרינג מעושן בשמ,,,פילה הרינג מעושן בשמ,גרמים,190.00,100 גרם,false,,13.00,0.0684,true,1,11704
639138527624,false,פילה דג הרינג בפפריק,,,פילה דג הרינג בפפריק,גרמים,200.00,100 גרם,false,,13.00,0.0650,true,1,11706
644209405923,false,קרם וניל מוקצף לציפו,,,קרם וניל מוקצף לציפו,גרמים,397.00,100 גרם,false,,19.90,0.0501,true,1,63367
644209405930,false,דנקן קרם ציפוי מוקצף,,,דנקן קרם ציפוי מוקצף,גרמים,397.00,100 גרם,false,,19.90,0.0501,true,1,77763
645692555645,false,עוגיות סהרון פפושדו,פפשדו,,עוגיות סהרון פפושדו,גרמים,200.00,100 גרם,false,,5.90,0.0295,true,1,13353
645692556611,false,קרקר אמיתי שומשום 13,פפשדו,,קרקר אמיתי שומשום 13,גרמים,135.00,100 גרם,false,,3.00,0.0222,false,1,25823
645692556628,false,קרקר אמיתי מלוח 135,פפשדו,,קרקר אמיתי מלוח 135,גרמים,135.00,100 גרם,false,,3.00,0.0222,false,1,25824
649660013281,false,מיץ שזיפים ללא תוספת,,,מיץ שזיפים ללא תוספת,מיליליטרים,946.00,"100 מ""ל",false,,21.00,0.0222,true,1,64369
649660432020,false,שזיפים מיובשים 567 ג,,,שזיפים מיובשים 567 ג,גרמים,567.00,100 גרם,false,,26.90,0.0474,true,1,64370
651080647519,false,פלאקרס חוט דנטלי,,,פלאקרס חוט דנטלי,יחידה,0.00,יחידה,false,,11.90,0.0000,true,1,70096
686412282984,false,טונה לבנה בשמן זית 2,,,טונה לבנה בשמן זית 2,גרמים,220.00,100 גרם,false,,41.90,0.1905,true,1,84206
691535501010,false,חטיף חלבון עם שוקולד,,,חטיף חלבון עם שוקולד,גרמים,50.00,100 גרם,false,,9.90,0.1980,true,1,81350
691535505018,false,חטיף חלבון טעם וניל,,,חטיף חלבון טעם וניל,גרמים,50.00,100 גרם,false,,9.90,0.1980,true,1,74050
691535506015,false,חטיף חלבונים טעם קפה,,,חטיף חלבונים טעם קפה,גרמים,50.00,100 גרם,false,,9.90,0.1980,true,1,76252
691535507012,false,חטיף שוקולד בננה 50,,,חטיף שוקולד בננה 50,גרמים,50.00,100 גרם,false,,9.90,0.1980,true,1,76253
691535513013,false,חטיף חלבון חמאת בוטנ,,,חטיף חלבון חמאת בוטנ,גרמים,50.00,100 גרם,false,,11.90,0.2380,true,1,74051
691535521018,false,חטיף חלבון שוקולד צי,,,חטיף חלבון שוקולד צי,גרמים,50.00,100 גרם,false,,11.90,0.2380,true,1,74341
691535525016,false,חטיף חלבון שוקולד מנ,,,חטיף חלבון שוקולד מנ,גרמים,50.00,100 גרם,false,,11.90,0.2380,true,1,117684
691535528017,false,חטיף חלבון קוקוס,,,חטיף חלבון קוקוס,גרמים,50.00,100 גרם,false,,11.90,0.2380,true,1,74344
691535529014,false,חטיף חלבון שוקולד בי,,,חטיף חלבון שוקולד בי,גרמים,50.00,100 גרם,false,,11.90,0.2380,true,1,78658
693493022286,false,לחם מחמצת כוסמין,,,לחם מחמצת כוסמין,גרמים,800.00,100 גרם,false,,23.90,0.0299,true,1,79222
693493065344,false,פלפלון כפרי חן,,,פלפלון כפרי חן,יחידה,0.00,יחידה,false,,8.90,0.0000,true,1,82725
693493065351,false,מלפפון בייבי  משק פר,,,מלפפון בייבי  משק פר,יחידה,0.00,יחידה,false,,8.90,0.0000,true,1,81917
693493075466,false,עוגיות זיו נשנושיות,,,עוגיות זיו נשנושיות,גרמים,220.00,100 גרם,false,,32.90,0.1495,true,1,121097
717273504875,false,מיונז ללא ביצים,,,מיונז ללא ביצים,גרמים,473.00,100 גרם,false,,19.90,0.0421,true,1,33118
728229123590,false,טרה חטיף ציפס מירקות,,,טרה חטיף ציפס מירקות,גרמים,110.00,100 גרם,false,,15.90,0.1445,true,1,11709
728229123613,false,טרה חטיף ציפס מתפוח,,,טרה חטיף ציפס מתפוח,גרמים,110.00,100 גרם,false,,15.90,0.1445,true,1,21646
728229124764,false,טרה צ'יפס בטטה עם מל,,,טרה צ'יפס בטטה עם מל,גרמים,110.00,100 גרם,false,,15.90,0.1445,true,1,75011
728229124771,false,טרה צ'יפס בטטה ברביק,,,טרה צ'יפס בטטה ברביק,גרמים,110.00,100 גרם,false,,15.90,0.1445,true,1,63850
728229130444,false,טרה חטיף ציפס מירקות,,,טרה חטיף ציפס מירקות,גרמים,110.00,100 גרם,false,,15.90,0.1445,false,1,4346
734896880353,false,סט פינג פונג שולחן,,,סט פינג פונג שולחן,יחידה,0.00,יחידה,false,,19.90,0.0000,true,1,120613
761720051108,false,סירופ קארו בהיר,,,סירופ קארו בהיר,יחידה,453.00,יחידה,false,,28.90,0.0638,true,1,22412
768404001640,false,בן וג'ריס גלידת קפה,בן אנד ג'ריס,,בן וג'ריס גלידת קפה,מיליליטרים,500.00,"100 מ""ל",false,,18.90,0.0378,true,1,9809
769904000607,false,שקדי מרק,,,שקדי מרק,גרמים,200.00,100 גרם,false,,12.90,0.0645,true,1,28538
769904000997,false,שקדי מרק ללא גלוטן 2,,,שקדי מרק ללא גלוטן 2,גרמים,200.00,100 גרם,false,,14.90,0.0745,true,1,74203
770009010484,false,מנג'טים לאפייה,,,מנג'טים לאפייה,יחידה,0.00,יחידה,false,,11.50,0.0000,true,1,64498
770009011924,false,נייר אפייה,,,נייר אפייה,יחידה,0.00,יחידה,false,,22.90,0.0000,true,1,34361
770009250262,false,שקיות אוכל מנייר,,,שקיות אוכל מנייר,יחידה,0.00,יחידה,false,,19.90,0.0000,true,1,32723
777915888299,false,אקיטה רוטב סויה,,,אקיטה רוטב סויה,יחידה,290.00,יחידה,false,,16.90,0.0583,true,1,24054
783495543398,false,מכוניות,,,מכוניות,יחידה,0.00,יחידה,false,,10.00,0.0000,true,1,90502
783495543404,false,בובות,,,בובות,יחידה,0.00,יחידה,false,,15.00,0.0000,true,1,90503
783495543411,false,משחקי יצירה,,,משחקי יצירה,יחידה,0.00,יחידה,false,,30.00,0.0000,true,1,90504
783495543428,false,בובות,,,בובות,יחידה,0.00,יחידה,false,,45.00,0.0000,true,1,90505
786150000281,false,שישיית בירה לף בראון,,,שישיית בירה לף בראון,ליטרים,1.98,ליטר,false,,44.90,22.6768,false,1,119991
812664009356,false,ממרח תמרים מרוכז נפט,,,ממרח תמרים מרוכז נפט,גרמים,400.00,100 גרם,false,,14.90,0.0373,true,1,76565
818570001606,false,תמצית שקדים,,,תמצית שקדים,מיליליטרים,59.00,"100 מ""ל",false,,27.90,0.4729,true,1,70655
818570007066,false,ווטקינס תמצית וניל ט,,,ווטקינס תמצית וניל ט,גרמים,29.00,100 גרם,false,,27.90,0.9621,true,1,69314
833949000264,false,סירופ מייפל אמיתי,,,סירופ מייפל אמיתי,גרמים,330.00,100 גרם,false,,29.90,0.0906,true,1,11711
835811000167,false,נר נשמה שבועי בזכוכי,,,נר נשמה שבועי בזכוכי,יחידה,0.00,יחידה,false,,10.90,0.0000,true,1,81487
835811000297,false,כוסות קרטון 50 יח',,,כוסות קרטון 50 יח',יחידה,0.00,יחידה,false,,11.90,0.0000,true,1,82098
835811000396,false,נייר אפיה לתבנית מוא,,,נייר אפיה לתבנית מוא,יחידה,0.00,יחידה,false,,9.90,0.0000,true,1,82099
835811000501,false,סירופ מייפל טהור  25,,,סירופ מייפל טהור  25,מיליליטרים,250.00,"100 מ""ל",false,,24.90,0.0996,true,1,121869
835811000518,false,תמצית וניל טהורה,,,תמצית וניל טהורה,מיליליטרים,29.00,"100 מ""ל",false,,26.90,0.9276,true,1,121870
835811000907,false,כוסות יין מעוטרות 50,,,כוסות יין מעוטרות 50,יחידה,0.00,יחידה,false,,9.90,0.0000,true,1,82815
835811001119,false,מיני עדשים 200 גר בצ,,,מיני עדשים 200 גר בצ,גרמים,200.00,100 גרם,false,,12.90,0.0645,true,1,82942
835811001133,false,קוקוס 400 גר',,,קוקוס 400 גר',גרמים,400.00,100 גרם,false,,11.90,0.0298,true,1,82101
835811001140,false,שומשום 400 גר,,,שומשום 400 גר,גרמים,400.00,100 גרם,false,,9.90,0.0248,true,1,82943
835811001157,false,צלחות גדול מדקל 10 י,,,צלחות גדול מדקל 10 י,יחידה,0.00,יחידה,false,,13.90,0.0000,true,1,84805
835811001164,false,צלחות קטן מדקל 10 יח,,,צלחות קטן מדקל 10 יח,יחידה,0.00,יחידה,false,,10.90,0.0000,true,1,84806
835811001188,false,צלחות ענק מדקל 10 יח,,,צלחות ענק מדקל 10 יח,יחידה,0.00,יחידה,false,,14.90,0.0000,true,1,84811
835811001645,false,כפיות מיני 50 יח,,,כפיות מיני 50 יח,יחידה,0.00,יחידה,false,,3.90,0.0000,true,1,61976
835811001652,false,כוס לשתיה קרה 330 סמ,,,כוס לשתיה קרה 330 סמ,יחידה,0.00,יחידה,false,,9.50,0.0000,true,1,61390
835811002277,false,שיפודי במבוק  עבים,,,שיפודי במבוק  עבים,יחידה,0.00,יחידה,false,,5.50,0.0000,true,1,88630
835811002734,false,מזרה קונפטי ארוך בצנ,,,מזרה קונפטי ארוך בצנ,גרמים,90.00,100 גרם,false,,5.50,0.0611,true,1,118137
835811003373,false,קעריות מדקל 10 יח',,,קעריות מדקל 10 יח',יחידה,0.00,יחידה,false,,8.50,0.0000,true,1,119375
835811003427,false,צלחות גדול מקנה סוכר,,,צלחות גדול מקנה סוכר,יחידה,0.00,יחידה,false,,32.90,0.0000,true,1,119376
835811003588,false,צלחות קלאסי גדול לבן,,,צלחות קלאסי גדול לבן,יחידה,0.00,יחידה,false,,32.90,0.0000,true,1,119362
835811003618,false,נרות ריחניים בריח תו,,,נרות ריחניים בריח תו,יחידה,0.00,יחידה,false,,7.90,0.0000,true,1,74834
835811003625,false,נרות צבעוניים,,,נרות צבעוניים,יחידה,0.00,יחידה,false,,8.90,0.0000,true,1,75007
835811003663,false,סירופ מייפל 600 גר,,,סירופ מייפל 600 גר,גרמים,600.00,100 גרם,false,,11.50,0.0192,true,1,73644
835811003670,false,סירופ שוקולד 600 גר,,,סירופ שוקולד 600 גר,גרמים,600.00,100 גרם,false,,11.50,0.0192,true,1,74237
835811003700,false,סודה לשתיה 250 גר',,,סודה לשתיה 250 גר',גרמים,250.00,100 גרם,false,,5.90,0.0236,true,1,83777
835811003816,false,קופסת איחסון מלבן 2,,,קופסת איחסון מלבן 2,יחידה,0.00,יחידה,false,,11.90,0.0000,true,1,74177
835811003823,false,קופסת איחסון מלבן 1,,,קופסת איחסון מלבן 1,יחידה,0.00,יחידה,false,,11.90,0.0000,true,1,73410
835811003847,false,גביעי איחסון עגול 50,,,גביעי איחסון עגול 50,יחידה,0.00,יחידה,false,,11.90,0.0000,true,1,73147
835811004059,false,צלחות מרובעות גדול מ,,,צלחות מרובעות גדול מ,יחידה,0.00,יחידה,false,,13.90,0.0000,true,1,84809
835811004066,false,צלחות מרובעות קטנות,,,צלחות מרובעות קטנות,יחידה,0.00,יחידה,false,,10.90,0.0000,true,1,84810
835811004073,false,צלחות מרובעות ענק מד,,,צלחות מרובעות ענק מד,יחידה,0.00,יחידה,false,,14.90,0.0000,true,1,84814
835811004189,false,פרורי לחם מוזהבים 80,,,פרורי לחם מוזהבים 80,גרמים,800.00,100 גרם,false,,10.90,0.0136,true,1,83469
835811004417,false,ריבת חלב 340 גר,,,ריבת חלב 340 גר,גרמים,340.00,100 גרם,false,,11.90,0.0350,true,1,75887
835811004424,false,חלב מרוכז 340 גר,,,חלב מרוכז 340 גר,גרמים,340.00,100 גרם,false,,11.90,0.0350,true,1,82944
835811004431,false,מארז ממחטות טישו חמי,,,מארז ממחטות טישו חמי,יחידה,0.00,יחידה,false,,7.90,0.0000,true,1,122112
835811004509,false,קערת פסים ענק,,,קערת פסים ענק,יחידה,0.00,יחידה,false,,6.90,0.0000,true,1,75466
835811004516,false,קערת פסים עגולה קטנה,,,קערת פסים עגולה קטנה,יחידה,0.00,יחידה,false,,4.40,0.0000,true,1,76224
835811004523,false,קשים מיוחדים לשייק,,,קשים מיוחדים לשייק,יחידה,0.00,יחידה,false,,8.50,0.0000,true,1,82654
835811004813,false,מגש מאורך מחולק,,,מגש מאורך מחולק,יחידה,0.00,יחידה,false,,6.50,0.0000,true,1,16601
835811005018,false,כוסות קריסטל יהלום 5,הנמל,,כוסות קריסטל יהלום 5,יחידה,0.00,יחידה,false,,14.90,0.0000,true,1,16604
835811005193,false,מגש עגול פסים 14,הנמל,,מגש עגול פסים 14,יחידה,0.00,יחידה,false,,9.50,0.0000,true,1,21010
835811005247,false,רביעיית קערות 16 אונ,,,רביעיית קערות 16 אונ,יחידה,0.00,יחידה,false,,9.50,0.0000,true,1,22115
835811005322,false,פחם דרום אמריקאי 2 ק,,,פחם דרום אמריקאי 2 ק,קילוגרמים,2.00,"ק""ג",false,,14.90,7.4500,true,1,20525
835811005339,false,זוג שקיות אוכל ארוז,,,זוג שקיות אוכל ארוז,יחידה,0.00,יחידה,false,,8.50,0.0000,true,1,28414
835811005407,false,כוסות חד פעמי +מכסה,,,כוסות חד פעמי +מכסה,יחידה,0.00,יחידה,false,,13.90,0.0000,true,1,19871
835811005421,false,שיפודי במבוק עבים 75,,,שיפודי במבוק עבים 75,יחידה,0.00,יחידה,false,,2.80,0.0000,true,1,16610
835811005704,false,נייר עטיפה לכריכים 1,הנמל,,נייר עטיפה לכריכים 1,יחידה,0.00,יחידה,false,,10.00,0.0000,true,1,16612
835811005728,false,עלים לקרם שניט,הנמל,,עלים לקרם שניט,גרמים,400.00,100 גרם,false,,18.90,0.0472,true,1,25553
835811005803,false,שקיות אשפה עם ידית 7,,,שקיות אשפה עם ידית 7,יחידה,0.00,יחידה,false,,13.90,0.0000,true,1,71271
835811005810,false,מגש הכסף תבנית אלומי,,,מגש הכסף תבנית אלומי,יחידה,0.00,יחידה,false,,9.90,0.0000,true,1,25554
835811005940,false,מגש הכסף-שמונה תבניו,,,מגש הכסף-שמונה תבניו,יחידה,0.00,יחידה,false,,9.90,0.0000,true,1,23765
835811005964,false,מגש הכסף תבנית אלומי,,,מגש הכסף תבנית אלומי,יחידה,0.00,יחידה,false,,9.90,0.0000,true,1,23966
835811005971,false,מפת שולחן אל בד עם ר,,,מפת שולחן אל בד עם ר,יחידה,0.00,יחידה,false,,9.00,0.0000,true,1,22973
835811006053,false,קורנפלור 200 גר,הנמל,,קורנפלור 200 גר,גרמים,200.00,100 גרם,false,,3.30,0.0165,true,1,60393
835811006183,false,כוס קינוח קריסטל,,,כוס קינוח קריסטל,יחידה,0.00,יחידה,false,,18.90,0.0000,true,1,22675
835811006206,false,כוסות מקנה סוכר טבעי,,,כוסות מקנה סוכר טבעי,יחידה,0.00,יחידה,false,,12.50,0.0000,true,1,21122
835811006213,false,קערות למרק מקנה סוכר,,,קערות למרק מקנה סוכר,יחידה,0.00,יחידה,false,,13.50,0.0000,true,1,21114
835811006220,false,צלחות ענק מקנה סוכר,,,צלחות ענק מקנה סוכר,יחידה,0.00,יחידה,false,,17.00,0.0000,true,1,21593
835811006237,false,צלחות קטנות מקנה סוכ,,,צלחות קטנות מקנה סוכ,יחידה,0.00,יחידה,false,,9.40,0.0000,true,1,21594
835811006244,false,צלחות גדולות מקנה סו,,,צלחות גדולות מקנה סו,יחידה,0.00,יחידה,false,,13.90,0.0000,true,1,21115
835811006435,false,מגש הכסף תבנית מלבן,,,מגש הכסף תבנית מלבן,יחידה,0.00,יחידה,false,,9.90,0.0000,true,1,119377
835811006466,false,שיבולת שועל 500 גר ה,,,שיבולת שועל 500 גר ה,גרמים,500.00,100 גרם,false,,7.90,0.0158,true,1,66348
835811006497,false,אבקת סוכר 500 גר,,,אבקת סוכר 500 גר,גרמים,500.00,100 גרם,false,,6.50,0.0130,true,1,62030
835811006695,false,קוקטים לאפיה 20 יח,,,קוקטים לאפיה 20 יח,יחידה,0.00,יחידה,false,,8.90,0.0000,true,1,28436
835811006763,false,תבניות אלומיניום לאפ,,,תבניות אלומיניום לאפ,יחידה,0.00,יחידה,false,,6.90,0.0000,true,1,28073
835811006770,false,מגש הכסף תבנית עגול,,,מגש הכסף תבנית עגול,יחידה,0.00,יחידה,false,,9.90,0.0000,true,1,63962
835811006985,false,בורגול 500 גר',הנמל,,בורגול 500 גר',גרמים,500.00,100 גרם,false,,4.50,0.0090,true,1,10951
835811007142,false,עדשים ירוקים 500 גר',הנמל,,עדשים ירוקים 500 גר',גרמים,500.00,100 גרם,false,,7.50,0.0150,true,1,10953
835811007180,false,לקט פופקורן 500 גר,הנמל,,לקט פופקורן 500 גר,גרמים,500.00,100 גרם,false,,6.90,0.0138,true,1,10955
835811007197,false,עדשים אדומים 500גר',הנמל,,עדשים אדומים 500גר',גרמים,500.00,100 גרם,false,,7.50,0.0150,true,1,10956
835811007210,false,גרגירי חומוס יבש 500,הנמל,,גרגירי חומוס יבש 500,גרמים,500.00,100 גרם,false,,6.50,0.0130,true,1,10957
835811007227,false,חיטה 500 גר',הנמל,,חיטה 500 גר',גרמים,500.00,100 גרם,false,,4.50,0.0090,true,1,3612
835811007234,false,אפונה יבשה 500 גר',הנמל,,אפונה יבשה 500 גר',גרמים,500.00,100 גרם,false,,5.50,0.0110,true,1,3613
835811007241,false,לקט חמין 500 גר' מרו,הנמל,,לקט חמין 500 גר' מרו,גרמים,500.00,100 גרם,false,,7.90,0.0158,true,1,10958
835811007258,false,שעועית 500גר',הנמל,,שעועית 500גר',גרמים,500.00,100 גרם,false,,7.50,0.0150,true,1,3614
835811007357,false,סלטינות 25 יח,הנמל,,סלטינות 25 יח,יחידה,0.00,יחידה,false,,5.90,0.0000,true,1,16614
835811007432,false,תבנית משפחתית  שלישי,הנמל,,תבנית משפחתית  שלישי,יחידה,0.00,יחידה,false,,8.90,0.0000,true,1,19973
835811007494,false,ג'לטין טהור,הנמל,,ג'לטין טהור,גרמים,28.00,100 גרם,false,,10.50,0.3750,true,1,10959
835811007562,false,תבנית אינגליש קקיקס,הנמל,,תבנית אינגליש קקיקס,יחידה,0.00,יחידה,false,,8.50,0.0000,true,1,16618
835811008132,false,ספוגי מתכת שישיה,,,ספוגי מתכת שישיה,יחידה,0.00,יחידה,false,,10.90,0.0000,true,1,3616
835811008347,false,גפרור ענק-45 יח'.,,,גפרור ענק-45 יח'.,יחידה,0.00,יחידה,false,,4.90,0.0000,true,1,16624
835811008699,false,כפות 50 יח שקוף עבה,,,כפות 50 יח שקוף עבה,יחידה,0.00,יחידה,false,,13.90,0.0000,true,1,61977
835811008743,false,קינואה 500 גר' מרובע,הנמל,,קינואה 500 גר' מרובע,גרמים,500.00,100 גרם,false,,11.90,0.0238,true,1,10968
835811008767,false,גריסי פנינה 500 גר',הנמל,,גריסי פנינה 500 גר',גרמים,500.00,100 גרם,false,,4.90,0.0098,true,1,10969
835811008927,false,כוס ויסקי גבוהה 10 י,,,כוס ויסקי גבוהה 10 י,יחידה,0.00,יחידה,false,,11.90,0.0000,true,1,27429
835811008934,false,מזלגות שקופים- 50 יח,הנמל,,מזלגות שקופים- 50 יח,יחידה,0.00,יחידה,false,,13.90,0.0000,true,1,16629
835811008941,false,סכינים חד פעמי 50יח,הנמל,,סכינים חד פעמי 50יח,יחידה,0.00,יחידה,false,,13.90,0.0000,true,1,16630
835811008958,false,כפיות חד פעמי 50יח,הנמל,,כפיות חד פעמי 50יח,יחידה,0.00,יחידה,false,,13.90,0.0000,true,1,3617
835811008989,false,כוסות קרטון 50 יח',הנמל,,כוסות קרטון 50 יח',יחידה,0.00,יחידה,false,,21.00,0.0000,true,1,16631
835811008996,false,כוסות קרטון 50 יח' מ,הנמל,,כוסות קרטון 50 יח' מ,יחידה,0.00,יחידה,false,,15.90,0.0000,true,1,16632
835811009016,false,כוסות קרטון 50 יח' מ,הנמל,,כוסות קרטון 50 יח' מ,יחידה,0.00,יחידה,false,,6.90,0.0000,true,1,16633
835811009023,false,כוסות קרטון  8 /50 י,הנמל,,כוסות קרטון  8 /50 י,יחידה,0.00,יחידה,false,,12.90,0.0000,true,1,16634
835811009313,false,כוס שמפניה 12 יח',הנמל,,כוס שמפניה 12 יח',יחידה,0.00,יחידה,false,,13.90,0.0000,true,1,16650
835811009412,false,צלחות קטנות 25יח,הנמל,,צלחות קטנות 25יח,יחידה,0.00,יחידה,false,,10.00,0.0000,true,1,16656
835811009436,false,צלחות ענק צבעוניות 2,הנמל,,צלחות ענק צבעוניות 2,יחידה,0.00,יחידה,false,,22.90,0.0000,true,1,16658
835811009795,false,כוס מרובעת 20 יח' קר,הנמל,,כוס מרובעת 20 יח' קר,יחידה,0.00,יחידה,false,,19.90,0.0000,true,1,16672
837038000692,false,N- פלפל שחור שלם במט,,,N- פלפל שחור שלם במט,גרמים,185.00,100 גרם,false,,42.90,0.2319,true,1,31770
839762000641,false,משקה מנגו איילנד,,,משקה מנגו איילנד,ליטרים,1.00,ליטר,false,,11.90,11.9000,true,1,11487
839762000658,false,משקה גויאבה איילנד,,,משקה גויאבה איילנד,ליטרים,1.00,ליטר,false,,11.90,11.9000,true,1,11488
839762002379,false,איילנד מנגו 350מל,,,איילנד מנגו 350מל,מיליליטרים,350.00,"100 מ""ל",false,,5.50,0.0157,true,1,22997
850004207789,false,מיטבולס ביונד מיט 29,,,מיטבולס ביונד מיט 29,גרמים,290.00,100 גרם,false,,34.90,0.1203,false,1,88415
851621000050,false,בירה בלנק חיטה הדרית,,,בירה בלנק חיטה הדרית,מיליליטרים,1980.00,"100 מ""ל",false,,45.90,0.0232,false,1,81558
852629004774,false,רביעיית נקנקיות ביונ,,,רביעיית נקנקיות ביונ,גרמים,100.00,100 גרם,false,,33.90,0.3390,false,1,88417
856591000055,false,עוגיות מזרחיות קריספ,עבדי,,עוגיות מזרחיות קריספ,גרמים,400.00,100 גרם,false,,17.90,0.0447,true,1,64455
856591000062,false,עוגיות מזרחיות עבדי,עבדי,,עוגיות מזרחיות עבדי,גרמים,400.00,100 גרם,false,,17.90,0.0447,false,1,8225
856591000109,false,עוגיות מזרחיות פריך,,,עוגיות מזרחיות פריך,גרמים,400.00,100 גרם,false,,17.90,0.0447,true,1,725
856591000949,false,קטנטנים של עבאדי 350,עבדי,,קטנטנים של עבאדי 350,גרמים,350.00,100 גרם,false,,14.90,0.0426,true,1,90445
884912002372,false,דגני בוקר קרנברי,פוסט,,דגני בוקר קרנברי,גרמים,396.00,100 גרם,false,,21.90,0.0553,true,1,22539
884912102102,false,גרייט גריינס בלוברי,,,גרייט גריינס בלוברי,גרמים,382.00,100 גרם,false,,21.90,0.0573,true,1,67430
884912116505,false,פוסט בננה נאט,,,פוסט בננה נאט,גרמים,439.00,100 גרם,false,,21.90,0.0499,true,1,13091
884912117625,false,דגני גולדן קריספ,,,דגני גולדן קריספ,גרמים,418.00,100 גרם,false,,21.90,0.0524,true,1,76199
884912126115,false,דגני גרייט גריינס די,,,דגני גרייט גריינס די,גרמים,453.00,100 גרם,false,,21.90,0.0483,true,1,13092
884912129512,false,דגני פוסט קקאו פלינט,,,דגני פוסט קקאו פלינט,גרמים,311.00,100 גרם,false,,21.90,0.0704,true,1,120622
884912180629,false,דגני שרדד וויט פוסט,,,דגני שרדד וויט פוסט,גרמים,464.00,100 גרם,false,,21.90,0.0472,true,1,66949
884912342737,false,דגני וופל קריספ פוסט,,,דגני וופל קריספ פוסט,גרמים,326.00,100 גרם,false,,21.90,0.0672,true,1,82508
884912359155,false,דגני האני בנצ'ס רוסט,,,דגני האני בנצ'ס רוסט,גרמים,340.00,100 גרם,false,,22.90,0.0674,true,1,119983
884912359162,false,דגני האני בנצ'ס שקדי,,,דגני האני בנצ'ס שקדי,גרמים,340.00,100 גרם,false,,22.90,0.0674,true,1,119984
884912359414,false,דגני האני בנצ'ס קינמ,,,דגני האני בנצ'ס קינמ,גרמים,340.00,100 גרם,false,,22.90,0.0674,true,1,119985
884912359421,false,דגני האני בנצ'ס מייפ,,,דגני האני בנצ'ס מייפ,גרמים,340.00,100 גרם,false,,22.90,0.0674,true,1,119986
884912359483,false,דגני האני בנצ'ס תות,,,דגני האני בנצ'ס תות,גרמים,311.00,100 גרם,false,,22.90,0.0736,true,1,119987
884912365200,false,דגני בוקר אוראו  311,,,דגני בוקר אוראו  311,גרמים,311.00,100 גרם,false,,18.90,0.0608,true,1,121774
884912365217,false,דגני בוקר אוראו,,,דגני בוקר אוראו,גרמים,311.00,100 גרם,false,,18.90,0.0608,true,1,88119
884912377142,false,דגני האני באנצ'ס וני,,,דגני האני באנצ'ס וני,גרמים,340.00,100 גרם,false,,22.90,0.0674,true,1,119963
893594002051,false,פופקורנס גבינת צ'דר,עלית,,פופקורנס גבינת צ'דר,גרמים,28.00,100 גרם,false,,6.50,0.2321,true,1,121611
893594002068,false,פופקורנס מלח ים,עלית,,פופקורנס מלח ים,גרמים,28.00,100 גרם,false,,6.50,0.2321,true,1,121612
898905002393,false,שאנון אורגינל אייריש,,,שאנון אורגינל אייריש,ליטרים,1.00,ליטר,false,,79.90,79.9000,true,1,75521
898905002430,false,שאנון שוקולד לבן איי,,,שאנון שוקולד לבן איי,ליטרים,1.00,ליטר,false,,79.90,79.9000,true,1,75522
1230000068314,false,בשר טחון ביונד מיט 3,,,בשר טחון ביונד מיט 3,גרמים,300.00,100 גרם,false,,31.90,0.1063,false,1,88416
3012991502002,false,"רום נגריטה 700 מ""ל",,,"רום נגריטה 700 מ""ל",יחידה,700.00,יחידה,false,,75.00,0.1071,true,1,17552
3014260022839,false,זוג מברשת אוראל בי נ,אורל-בי,,זוג מברשת אוראל בי נ,יחידה,0.00,יחידה,false,,19.90,0.0000,true,1,59026
3014260023089,false,מברשת שיניים שלישיה,אורל-בי,,מברשת שיניים שלישיה,יחידה,0.00,יחידה,false,,11.90,0.0000,true,1,60175
3014260048723,false,מברשת שיניים אורל בי,,,מברשת שיניים אורל בי,יחידה,0.00,יחידה,false,,9.90,0.0000,true,1,62090
3014260095727,false,זוג מברשות שיניים או,,,זוג מברשות שיניים או,יחידה,0.00,יחידה,false,,39.90,0.0000,true,1,68569
3014260100667,false,אורל בי מברשת שיניים,,,אורל בי מברשת שיניים,יחידה,0.00,יחידה,false,,15.90,0.0000,true,1,119792
3014260214692,false,ג'ל לגילוח רגיש,ג'ילט,,ג'ל לגילוח רגיש,מיליליטרים,200.00,"100 מ""ל",false,,15.90,0.0795,true,1,15509
3014260228842,false,ג'ילט קצף גילוח רגיל,ג'ילט,,ג'ילט קצף גילוח רגיל,מיליליטרים,200.00,"100 מ""ל",false,,14.90,0.0745,true,1,15516
3014260240226,false,ג'ילט קצף גילוח רגיש,ג'ילט,,ג'ילט קצף גילוח רגיש,מיליליטרים,200.00,"100 מ""ל",false,,14.90,0.0745,true,1,15517
3014260262709,false,סכיני גילוח ונוס רבי,ג'ילט,,סכיני גילוח ונוס רבי,יחידה,0.00,יחידה,false,,44.90,0.0000,true,1,15525
3014260280772,false,חוט דנטלי מנטה עם שע,אורל-בי,,חוט דנטלי מנטה עם שע,יחידה,0.00,יחידה,false,,16.90,0.0000,true,1,15536
3014260287030,false,ג'ילט 2 חמישיה.,ג'ילט,,ג'ילט 2 חמישיה.,יחידה,0.00,יחידה,false,,8.90,0.0000,false,1,15539
3045201107001,false,אידאל מסיר כתמים אדו,יעקובי,,אידאל מסיר כתמים אדו,מיליליטרים,150.00,"100 מ""ל",false,,19.90,0.1327,true,1,21259
3045201108008,false,אדיאל מסיר כתמים צהו,יעקובי,,אדיאל מסיר כתמים צהו,מיליליטרים,150.00,"100 מ""ל",false,,19.90,0.1327,true,1,21263
3045206157131,false,אידיאל צבע לבגד שחור,,,אידיאל צבע לבגד שחור,גרמים,230.00,100 גרם,false,,22.90,0.0996,true,1,73936
3045206312257,false,דזיטול מגבונים,יעקובי,,דזיטול מגבונים,יחידה,0.00,יחידה,false,,14.90,0.0000,true,1,21264
3045206360609,false,דזיטול נוזל מחטא בגד,,,דזיטול נוזל מחטא בגד,ליטרים,1.00,ליטר,false,,22.90,22.9000,true,1,90564
3046920010801,false,לינדט אקסלנס הזלנט 1,לינדט,,לינדט אקסלנס הזלנט 1,גרמים,100.00,100 גרם,false,,15.00,0.1500,true,1,68706
3046920010856,false,שוקולד לינדט אקסלנס,לינדט,,שוקולד לינדט אקסלנס,גרמים,100.00,100 גרם,false,,15.00,0.1500,true,1,83103
3046920016377,false,לינדט אקסלנס 100 גר',לינדט,,לינדט אקסלנס 100 גר',גרמים,100.00,100 גרם,false,,15.00,0.1500,true,1,84967
3046920027281,false,שוקולד לינדט אקסלנס,לינדט,,שוקולד לינדט אקסלנס,גרמים,100.00,100 גרם,false,,15.00,0.1500,true,1,59319
3046920028004,false,שוקולד לינדט מריר 70,לינדט,,שוקולד לינדט מריר 70,גרמים,100.00,100 גרם,false,,15.00,0.1500,true,1,1363
3046920028363,false,שוקולד לינדט אקסלנס,לינדט,,שוקולד לינדט אקסלנס,גרמים,100.00,100 גרם,false,,15.00,0.1500,true,1,1364
3046920028721,false,לינדט אקסלנס 99%,,,לינדט אקסלנס 99%,גרמים,50.00,100 גרם,false,,15.00,0.3000,true,1,66793
3046920028752,false,לינדט אקסלנס מנטה 10,לינדט,,לינדט אקסלנס מנטה 10,גרמים,100.00,100 גרם,false,,15.00,0.1500,true,1,1366
3046920029674,false,לינדט אקסלנס עם שבבי,לינדט,,לינדט אקסלנס עם שבבי,גרמים,100.00,100 גרם,false,,15.00,0.1500,true,1,1367
3046920029681,false,לינדט אקסלנס מילד 10,,,לינדט אקסלנס מילד 10,גרמים,100.00,100 גרם,false,,15.00,0.1500,true,1,84758
3046920029759,false,שוקולד לינדט אקסלנס,לינדט,,שוקולד לינדט אקסלנס,גרמים,100.00,100 גרם,false,,15.00,0.1500,true,1,59320
3059943015104,false,אירוויק נטול גז פריס,איירוויק,,אירוויק נטול גז פריס,מיליליטרים,345.00,"100 מ""ל",false,,14.90,0.0432,true,1,17973
3059943015128,false,אירוויק נטול גז לבנד,איירוויק,,אירוויק נטול גז לבנד,מיליליטרים,345.00,"100 מ""ל",false,,14.90,0.0432,true,1,17974
3059943016507,false,אירוויק ספריי לבנדר,איירוויק,,אירוויק ספריי לבנדר,מיליליטרים,250.00,"100 מ""ל",false,,9.90,0.0396,false,1,17975
3059943016569,false,אירוויק ספריי פריסיה,איירוויק,,אירוויק ספריי פריסיה,מיליליטרים,250.00,"100 מ""ל",false,,9.90,0.0396,false,1,17978
3059944022415,false,ויט רצועות שעווה להס,ויט,,ויט רצועות שעווה להס,יחידה,0.00,יחידה,false,,19.90,0.0000,true,1,17987
3069538102027,false,רביעיית רכז עגבניות,,,רביעיית רכז עגבניות,גרמים,70.00,100 גרם,false,,8.90,0.1271,true,1,120105
3073781161663,false,גבינה לוואש קירי 8 י,,,גבינה לוואש קירי 8 י,גרמים,128.00,100 גרם,false,,11.90,0.0930,true,1,89932
3073781161687,false,גבינה לוואש קירי 16,,,גבינה לוואש קירי 16,גרמים,256.00,100 גרם,false,,22.70,0.0887,true,1,89933
3073781162790,false,בייביבל ברשת,,,בייביבל ברשת,גרמים,120.00,100 גרם,false,,19.90,0.1658,true,1,119942
3073781177220,false,גבינה בייבי בל רול,,,גבינה בייבי בל רול,גרמים,102.00,100 גרם,false,,19.90,0.1951,true,1,121493
3080216034508,false,"בירה גרינברגן 330 מ""",,,"בירה גרינברגן 330 מ""",מיליליטרים,330.00,"100 מ""ל",false,,10.00,0.0303,true,1,87127
3141360054405,false,פיניש מפיג ריח לימון,פיניש,,פיניש מפיג ריח לימון,יחידה,0.00,יחידה,false,,14.90,0.0000,true,1,67170
3161911229199,false,חמאה רכה,נטו,,חמאה רכה,גרמים,250.00,100 גרם,false,,21.00,0.0840,true,1,7053
3161911366429,false,חמאה רכה מלוחה,נטו,,חמאה רכה מלוחה,גרמים,250.00,100 גרם,false,,21.00,0.0840,true,1,7054
3161911393210,false,חמאת נורמנדי מלוחה א,,,חמאת נורמנדי מלוחה א,גרמים,200.00,100 גרם,false,,16.90,0.0845,true,1,119741
3299791006200,false,שרדונה אליזה פאלאס,,,שרדונה אליזה פאלאס,מיליליטרים,750.00,"100 מ""ל",false,,50.00,0.0667,true,1,83535
3335121604934,false,חרדל חלק 370 גר',,,חרדל חלק 370 גר',גרמים,370.00,100 גרם,false,,8.00,0.0216,true,1,11714
3335121614933,false,שאטל חרדל דיזון גרגי,,,שאטל חרדל דיזון גרגי,גרמים,200.00,100 גרם,false,,10.00,0.0500,true,1,10749
3387390320244,false,פיטנס דגנים עם פירות,נסטלה,,פיטנס דגנים עם פירות,גרמים,375.00,100 גרם,false,,21.90,0.0584,false,1,99
3387390525960,false,דגנים קראנץ' נסטלה 5,נסטלה,,דגנים קראנץ' נסטלה 5,גרמים,500.00,100 גרם,false,,19.90,0.0398,false,1,6369
3387390730852,false,פיטנס דגני בוקר 375,נסטלה,,פיטנס דגני בוקר 375,גרמים,375.00,100 גרם,false,,21.90,0.0584,false,1,100
3445850070778,false,מלח ים אטלנטי,,,מלח ים אטלנטי,יחידה,1.00,יחידה,false,,19.00,19.0000,true,1,10359
3523230025638,false,גבינת בושה עיזים 125,,,גבינת בושה עיזים 125,גרמים,125.00,100 גרם,false,,22.90,0.1832,true,1,30665
3523230025652,false,גבינת מיני בושה שום,,,גבינת מיני בושה שום,גרמים,125.00,100 גרם,false,,22.90,0.1832,true,1,87954
3523230026826,false,גבינת עיזים טבעי פיר,,,גבינת עיזים טבעי פיר,גרמים,140.00,100 גרם,false,,23.90,0.1707,true,1,68100
3523230026888,false,גבינת עיזים עם שום פ,,,גבינת עיזים עם שום פ,גרמים,140.00,100 גרם,false,,23.90,0.1707,true,1,68101
3523230038959,false,גבינת בושה מפוחם 125,,,גבינת בושה מפוחם 125,גרמים,125.00,100 גרם,false,,22.90,0.1832,true,1,89456
3523230045827,false,גבינת סנט מור 160 גר,,,גבינת סנט מור 160 גר,גרמים,160.00,100 גרם,false,,25.90,0.1619,true,1,73526
3525490011109,false,לה ז'אמל מלבק,,,לה ז'אמל מלבק,מיליליטרים,750.00,"100 מ""ל",false,,54.90,0.0732,true,1,77004
3525490011116,false,לה ז'אמל קברנה סובינ,,,לה ז'אמל קברנה סובינ,מיליליטרים,750.00,"100 מ""ל",false,,59.90,0.0799,true,1,77005
3544760002449,false,"מלח אטלנטיק 1.1 ק""ג",,,"מלח אטלנטיק 1.1 ק""ג",קילוגרמים,1.10,"ק""ג",false,,18.50,16.8182,true,1,28530
3563490014898,false,חרדל דיזון לחיץ 255,ריין דה דיג'ון,,חרדל דיזון לחיץ 255,גרמים,265.00,100 גרם,false,,11.90,0.0449,true,1,34313
3574660089547,false,אובה קלאסי נורמל 32י,O.B,,אובה קלאסי נורמל 32י,יחידה,0.00,יחידה,false,,22.90,0.0000,true,1,6569
3574660115154,false,טמפונים אובה סופר 32,O.B,,טמפונים אובה סופר 32,יחידה,0.00,יחידה,false,,22.90,0.0000,true,1,6571
3574660333466,false,או-בה פרוקומפורט מינ,,,או-בה פרוקומפורט מינ,יחידה,0.00,יחידה,false,,22.90,0.0000,true,1,22036
3574660342291,false,קרם ידיים וציפורניים,,,קרם ידיים וציפורניים,מיליליטרים,75.00,"100 מ""ל",false,,26.90,0.3587,true,1,70808
3574661203577,false,ליסטרין וויט שטיפת פ,,,ליסטרין וויט שטיפת פ,מיליליטרים,500.00,"100 מ""ל",false,,16.90,0.0338,true,1,77261
3574661428048,false,ג'ונסון בייבי סבון י,,,ג'ונסון בייבי סבון י,מיליליטרים,500.00,"100 מ""ל",false,,14.90,0.0298,true,1,120829
3574661485201,false,אובה פרוקומפורט סופר,,,אובה פרוקומפורט סופר,יחידה,0.00,יחידה,false,,22.90,0.0000,true,1,120302
3574661485218,false,אובה פרוקונפורט נורמ,O.B,,אובה פרוקונפורט נורמ,יחידה,0.00,יחידה,false,,22.90,0.0000,true,1,120564
3574661487328,false,קרפרי מגן תחתון 56 י,,,קרפרי מגן תחתון 56 י,יחידה,0.00,יחידה,false,,15.90,0.0000,true,1,80064
3574661487335,false,קרפרי מקסי לונגי ריח,,,קרפרי מקסי לונגי ריח,יחידה,0.00,יחידה,false,,15.90,0.0000,true,1,79953
3574661487618,false,קרפרי מגן תחתון מקסי,,,קרפרי מגן תחתון מקסי,יחידה,0.00,יחידה,false,,15.90,0.0000,true,1,80752
3574661487625,false,קרפרי מגן תחתון מקסי,,,קרפרי מגן תחתון מקסי,יחידה,0.00,יחידה,false,,15.90,0.0000,true,1,80348
3574661500355,false,קרפרי מקסי לונגי רגי,,,קרפרי מקסי לונגי רגי,יחידה,0.00,יחידה,false,,15.90,0.0000,true,1,79711
3574661552576,false,קרפרי מגן תחתון טנגה,,,קרפרי מגן תחתון טנגה,יחידה,0.00,יחידה,false,,15.90,0.0000,true,1,83245
3574661552811,false,קרפרי כותון אוורירי,,,קרפרי כותון אוורירי,יחידה,0.00,יחידה,false,,15.90,0.0000,true,1,83899
3574661554884,false,קרפרי רגיל טנגה ריחנ,,,קרפרי רגיל טנגה ריחנ,יחידה,0.00,יחידה,false,,15.90,0.0000,true,1,84559
3574669907729,false,ג'ונסון בייבי שמפו ג,,,ג'ונסון בייבי שמפו ג,מיליליטרים,750.00,"100 מ""ל",false,,24.90,0.0332,true,1,120706
3574669907767,false,גונסון בייבי שמפו קמ,,,גונסון בייבי שמפו קמ,מיליליטרים,750.00,"100 מ""ל",false,,24.90,0.0332,true,1,77934
3574669907972,false,ג'ונסון שמפו טיפות ש,,,ג'ונסון שמפו טיפות ש,מיליליטרים,750.00,"100 מ""ל",false,,24.90,0.0332,true,1,77929
3574669908481,false,גונסון בייבי אל סבון,,,גונסון בייבי אל סבון,מיליליטרים,750.00,"100 מ""ל",false,,21.90,0.0292,true,1,77935
3574669908665,false,גונסון בייבי אל סבון,,,גונסון בייבי אל סבון,מיליליטרים,750.00,"100 מ""ל",false,,21.90,0.0292,true,1,77969
3600522344032,false,אלביב מסכה לשיער פגו,,,אלביב מסכה לשיער פגו,מיליליטרים,300.00,"100 מ""ל",false,,22.90,0.0763,true,1,30976
3600522344070,false,מסכה אלביב לשיער מתו,אלביב לוריאל,,מסכה אלביב לשיער מתו,מיליליטרים,300.00,"100 מ""ל",false,,22.90,0.0763,true,1,32709
3600523651870,false,שמפו ארגינין אלביב,,,שמפו ארגינין אלביב,מיליליטרים,550.00,"100 מ""ל",false,,14.90,0.0271,true,1,74271
3600523651887,false,שמפו אלביב,,,שמפו אלביב,מיליליטרים,550.00,"100 מ""ל",false,,14.90,0.0271,true,1,74624
3600523651900,false,מרכך ארגינין אלביב,,,מרכך ארגינין אלביב,מיליליטרים,550.00,"100 מ""ל",false,,14.90,0.0271,true,1,74218
3600523652228,false,מרכך טוטאל ריפר אלבי,,,מרכך טוטאל ריפר אלבי,מיליליטרים,550.00,"100 מ""ל",false,,14.90,0.0271,true,1,74224
3600523652242,false,שמפו קולור פרוטקט אל,,,שמפו קולור פרוטקט אל,מיליליטרים,550.00,"100 מ""ל",false,,14.90,0.0271,true,1,74225
3600523652259,false,מרכך קולור פרוטקט אל,,,מרכך קולור פרוטקט אל,מיליליטרים,550.00,"100 מ""ל",false,,14.90,0.0271,true,1,74226
3600523755806,false,שמפו אלביב קוקוס,,,שמפו אלביב קוקוס,מיליליטרים,550.00,"100 מ""ל",false,,14.90,0.0271,true,1,80886
3600523756322,false,אלביב מרכך קוקוס 550,,,אלביב מרכך קוקוס 550,מיליליטרים,550.00,"100 מ""ל",false,,14.90,0.0271,true,1,80887
3600523782567,false,שמפו אלביב דרים לונג,,,שמפו אלביב דרים לונג,מיליליטרים,500.00,"100 מ""ל",false,,14.90,0.0298,true,1,78382
3600523782574,false,אלביב מסכה לשיער,,,אלביב מסכה לשיער,מיליליטרים,300.00,"100 מ""ל",false,,22.90,0.0763,true,1,78383
3600540928863,false,דאוד' רול גרנייה,,,דאוד' רול גרנייה,מיליליטרים,50.00,"100 מ""ל",false,,10.90,0.2180,true,1,5082
3600541029323,false,מסיר איפור 2 ב- 1 גר,,,מסיר איפור 2 ב- 1 גר,מיליליטרים,200.00,"100 מ""ל",false,,21.90,0.1095,true,1,69858
3600541253667,false,דאוד' ספריי גרנייה,,,דאוד' ספריי גרנייה,מיליליטרים,150.00,"100 מ""ל",false,,10.90,0.0727,true,1,69873
3600541382930,false,מים מיסלרים לכל  סוג,,,מים מיסלרים לכל  סוג,מיליליטרים,400.00,"100 מ""ל",false,,29.90,0.0747,true,1,76223
3600541740006,false,דאודורנט ספריי גרניי,,,דאודורנט ספריי גרניי,מיליליטרים,150.00,"100 מ""ל",false,,10.90,0.0727,true,1,69913
3600541928169,false,פיור אקטיב ג'ל ניקוי,,,פיור אקטיב ג'ל ניקוי,מיליליטרים,200.00,"100 מ""ל",false,,33.90,0.1695,true,1,75916
3600541952720,false,"ג'ל גרגרים 150 מ""ל",,,"ג'ל גרגרים 150 מ""ל",מיליליטרים,150.00,"100 מ""ל",false,,34.90,0.2327,true,1,74826
3600542216647,false,דאודורנט ספריי 150 מ,,,דאודורנט ספריי 150 מ,מיליליטרים,150.00,"100 מ""ל",false,,10.90,0.0727,true,1,88562
3600542310444,false,דאודורנט ספריי מגנזי,,,דאודורנט ספריי מגנזי,מיליליטרים,150.00,"100 מ""ל",false,,10.90,0.0727,true,1,88467
3600542365710,false,גרנייה פיור ג'ל לניק,,,גרנייה פיור ג'ל לניק,100 מל,200.00,100 מל,false,,29.90,0.1495,true,1,88991
3600542385107,false,רול און גרנייר,,,רול און גרנייר,מיליליטרים,50.00,"100 מ""ל",false,,10.90,0.2180,true,1,88408
3607340717635,false,אדידס אייס דייב ג'ל,,,אדידס אייס דייב ג'ל,מיליליטרים,400.00,"100 מ""ל",false,,10.00,0.0250,true,1,73692
3607343817547,false,דאודורנט ספריי לגבר,,,דאודורנט ספריי לגבר,מיליליטרים,150.00,"100 מ""ל",false,,14.90,0.0993,true,1,84901
3607345264356,false,פיוז'ן-ספריי גוף דינ,,,פיוז'ן-ספריי גוף דינ,מיליליטרים,0.00,"מ""ל",false,,19.90,0.0000,true,1,15907
3607347415589,false,דאודורנט רול און 50,,,דאודורנט רול און 50,מיליליטרים,50.00,"100 מ""ל",false,,13.90,0.2780,true,1,74452
3607349687458,false,דאודורנט ספריי לגבר,,,דאודורנט ספריי לגבר,מיליליטרים,150.00,"100 מ""ל",false,,14.90,0.0993,true,1,90138
3608580075646,false,קונפיטורה שזיפים,,,קונפיטורה שזיפים,גרמים,370.00,100 גרם,false,,19.90,0.0538,true,1,117412
3608580730231,false,קונפיטורה תות 370 גר,,,קונפיטורה תות 370 גר,גרמים,370.00,100 גרם,false,,19.90,0.0538,true,1,61184
3608580730248,false,קונפיטורה דבדבן 370,,,קונפיטורה דבדבן 370,גרמים,370.00,100 גרם,false,,19.90,0.0538,true,1,61185
3608580730255,false,קונפיטורה משמש 370 ג,,,קונפיטורה משמש 370 ג,גרמים,370.00,100 גרם,false,,19.90,0.0538,true,1,61186
3608580730279,false,מרמלדת תפוזים 370 גר,,,מרמלדת תפוזים 370 גר,גרמים,370.00,100 גרם,false,,19.90,0.0538,true,1,85407
3614223736836,false,דאודורנט אדידס ספריי,,,דאודורנט אדידס ספריי,מיליליטרים,150.00,"100 מ""ל",false,,19.90,0.1327,true,1,73597
3614224051235,false,דאודורנט אדידס גברים,,,דאודורנט אדידס גברים,מיליליטרים,200.00,"100 מ""ל",false,,19.90,0.0995,true,1,77910
3614224056537,false,דאודורנט אדידס נשים,,,דאודורנט אדידס נשים,מיליליטרים,150.00,"100 מ""ל",false,,19.90,0.1327,true,1,77912
3661163970448,false,דאו' ספריי לגבר A3דר,פרש-וואנס,,דאו' ספריי לגבר A3דר,מיליליטרים,200.00,"100 מ""ל",false,,19.90,0.0995,true,1,15917
3661163990545,false,דאו' ספריי לגבר A3דר,,,דאו' ספריי לגבר A3דר,מיליליטרים,200.00,"100 מ""ל",false,,19.90,0.0995,true,1,3412
3661163991344,false,דאו' ספריי לאישה A3ד,,,דאו' ספריי לאישה A3ד,מיליליטרים,200.00,"100 מ""ל",false,,19.90,0.0995,true,1,15920
3662444002766,false,ראובנס חלה בריוש,,,ראובנס חלה בריוש,גרמים,500.00,100 גרם,false,,19.90,0.0398,true,1,76107
3665468301723,false,אירוויק מבשם אוויר ו,איירוויק,,אירוויק מבשם אוויר ו,מיליליטרים,237.00,"100 מ""ל",false,,14.90,0.0629,true,1,121569
3700604200222,false,אריסה טוניסאית 350 ג,,,אריסה טוניסאית 350 ג,גרמים,350.00,100 גרם,false,,21.90,0.0626,true,1,74345
3700604201090,false,אריסה מפלפלים ירוקים,,,אריסה מפלפלים ירוקים,גרמים,190.00,100 גרם,false,,16.90,0.0889,true,1,84380
3770000016796,false,שאבלי דומיין דה שאטי,,,שאבלי דומיין דה שאטי,מיליליטרים,750.00,"100 מ""ל",false,,90.00,0.1200,true,1,82499
3800020403631,false,קיט קאט צ'אנקי חמאה,נסטלה,,קיט קאט צ'אנקי חמאה,גרמים,42.00,100 גרם,false,,3.70,0.0881,true,1,27619
3800020423578,false,נסטלה קיט קט צ'נקי א,,,נסטלה קיט קט צ'נקי א,גרמים,40.00,100 גרם,false,,3.70,0.0925,true,1,26943
3800020472712,false,קיט קאט צ'אנקי פופקו,,,קיט קאט צ'אנקי פופקו,גרמים,42.00,100 גרם,false,,3.70,0.0881,true,1,90205
3800034954150,false,מארז שלישיית מבשם,,,מארז שלישיית מבשם,יחידה,0.00,יחידה,false,,10.00,0.0000,true,1,71623
3800038933656,false,דרמה ג'ל היגייני ליד,,,דרמה ג'ל היגייני ליד,מיליליטרים,50.00,"100 מ""ל",false,,6.90,0.1380,true,1,119755
4000417019004,false,שוקולד חלב ריטר ספור,,,שוקולד חלב ריטר ספור,גרמים,100.00,100 גרם,false,,9.90,0.0990,false,1,9626
4000417022004,false,שוקולד חלב צימוקים ו,,,שוקולד חלב צימוקים ו,גרמים,100.00,100 גרם,false,,8.50,0.0850,false,1,9627
4000417023001,false,שוקולד חלב עם שקדים,,,שוקולד חלב עם שקדים,גרמים,100.00,100 גרם,false,,9.90,0.0990,false,1,9628
4000417025005,false,שוקולד ריטר ספורט עם,ריטר,,שוקולד ריטר ספורט עם,גרמים,100.00,100 גרם,false,,8.50,0.0850,false,1,9629
4000417026002,false,ריטר שוקולד חלב ממול,,,ריטר שוקולד חלב ממול,גרמים,100.00,100 גרם,false,,8.50,0.0850,false,1,9630
4000417101211,false,אמיצ'לי גלילי וופל א,,,אמיצ'לי גלילי וופל א,גרמים,150.00,100 גרם,false,,17.90,0.1193,true,1,118679
4000417211002,false,שוקולד ריטר מוס קרמל,ריטר,,שוקולד ריטר מוס קרמל,גרמים,100.00,100 גרם,false,,8.50,0.0850,true,1,65459
4000417212009,false,שוקולד ריטר מריר מעו,ריטר,,שוקולד ריטר מריר מעו,גרמים,100.00,100 גרם,false,,8.50,0.0850,true,1,77015
4000417222008,false,שוקולד ריטר חלב עם ש,ריטר,,שוקולד ריטר חלב עם ש,גרמים,100.00,100 גרם,false,,8.50,0.0850,true,1,64419
4000417224002,false,ריטר שוקולד מריר עם,,,ריטר שוקולד מריר עם,גרמים,100.00,100 גרם,false,,9.90,0.0990,false,1,9632
4000417294005,false,ריטר מוס קקאו,,,ריטר מוס קקאו,גרמים,100.00,100 גרם,false,,8.50,0.0850,false,1,24488
4000417298003,false,שוקולד ריטר חלב במיל,,,שוקולד ריטר חלב במיל,גרמים,100.00,100 גרם,false,,8.50,0.0850,false,1,27438
4000417707000,false,ריטר שוקולד חלב עם ש,ריטר,,ריטר שוקולד חלב עם ש,גרמים,100.00,100 גרם,false,,9.90,0.0990,true,1,88601
4000417708007,false,ריטר שוקולד מריר עם,ריטר,,ריטר שוקולד מריר עם,גרמים,100.00,100 גרם,false,,9.90,0.0990,true,1,88602
4000522009747,false,"בייגלה מקלות תפ""א",,,"בייגלה מקלות תפ""א",גרמים,85.00,100 גרם,false,,4.00,0.0471,true,1,61688
4000522061752,false,בייגלה צ'יו מקלות,,,בייגלה צ'יו מקלות,גרמים,100.00,100 גרם,false,,4.00,0.0400,true,1,32959
4000539280726,false,שוקולד לינדט מריר 70,לינדט,,שוקולד לינדט מריר 70,גרמים,100.00,100 גרם,false,,15.00,0.1500,true,1,121056
4000539280740,false,שוקולד לינדט 100 גר',לינדט,,שוקולד לינדט 100 גר',גרמים,100.00,100 גרם,false,,15.00,0.1500,true,1,121258
4000539363108,false,שוקולד לינדור סטיק,לינדור,,שוקולד לינדור סטיק,גרמים,38.00,100 גרם,false,,5.90,0.1553,true,1,69988
4000576481889,false,צימרונים 72 יח',,,צימרונים 72 יח',יחידה,0.00,יחידה,false,,6.50,0.0000,true,1,17431
4001499180330,false,פרוש מרכך כביסה חלב,,,פרוש מרכך כביסה חלב,מיליליטרים,750.00,"100 מ""ל",false,,16.90,0.0225,true,1,24636
4001499185267,false,פרוש ספריי לניקוי אס,,,פרוש ספריי לניקוי אס,מיליליטרים,750.00,"100 מ""ל",false,,15.90,0.0212,true,1,24638
4001499923760,false,פרוש נוזל מסיר כתמים,,,פרוש נוזל מסיר כתמים,מיליליטרים,500.00,"100 מ""ל",false,,16.90,0.0338,true,1,58281
4001499957598,false,מטהר אסלות פרוש בניח,,,מטהר אסלות פרוש בניח,גרמים,42.00,100 גרם,false,,15.90,0.3786,true,1,121428
4001499957628,false,מטהר אסלות פרוש בניח,,,מטהר אסלות פרוש בניח,גרמים,42.00,100 גרם,false,,15.90,0.3786,true,1,121429
4001507161948,false,שיבולת שועל דקה,,,שיבולת שועל דקה,גרמים,500.00,100 גרם,false,,6.00,0.0120,true,1,63643
4001507161955,false,פתיתי שיבולת שועל עב,,,פתיתי שיבולת שועל עב,גרמים,500.00,100 גרם,false,,6.00,0.0120,true,1,78808
4001518003800,false,טורינוס מקלות פריכים,,,טורינוס מקלות פריכים,גרמים,125.00,100 גרם,false,,13.90,0.1112,true,1,86668
4001518106112,false,טורינוס מקלות פריכים,,,טורינוס מקלות פריכים,גרמים,125.00,100 גרם,false,,13.90,0.1112,true,1,86669
4002103248323,false,בירה ארדינגר פיקנטוס,,,בירה ארדינגר פיקנטוס,מיליליטרים,500.00,"100 מ""ל",false,,11.90,0.0238,true,1,120219
4002448017684,false,סיליט באנג ספריי,סיליט,,סיליט באנג ספריי,מיליליטרים,750.00,"100 מ""ל",false,,14.90,0.0199,true,1,4723
4002575016253,false,מרציפן מצופה שוק,,,מרציפן מצופה שוק,גרמים,100.00,100 גרם,false,,8.90,0.0890,true,1,9637
4002590000022,false,סוכריות קלפני,קלפני,,סוכריות קלפני,גרמים,150.00,100 גרם,false,,9.00,0.0600,true,1,2404
4002590000039,false,סוכריות קלפני,קלפני,,סוכריות קלפני,גרמים,150.00,100 גרם,false,,9.00,0.0600,true,1,2405
4002590000046,false,סוכריות קלפני,קלפני,,סוכריות קלפני,גרמים,150.00,100 גרם,false,,9.00,0.0600,true,1,2406
4002590000619,false,סוכריות בטעם קפה 150,,,סוכריות בטעם קפה 150,גרמים,150.00,100 גרם,false,,9.00,0.0600,true,1,99909
4002590000626,false,סוכריות קלפני דובדבן,,,סוכריות קלפני דובדבן,גרמים,150.00,100 גרם,false,,9.00,0.0600,true,1,118716
4002720005736,false,מליטה קפה PREMIUMלפי,,,מליטה קפה PREMIUMלפי,גרמים,250.00,100 גרם,false,,21.00,0.0840,false,1,11717
4003754021693,false,בנו' עיגולי מרציפן ע,,,בנו' עיגולי מרציפן ע,גרמים,210.00,100 גרם,false,,17.90,0.0852,true,1,79549
4003754081000,false,מרציפן חטיף 100 גרם,,,מרציפן חטיף 100 גרם,גרמים,100.00,100 גרם,false,,6.90,0.0690,true,1,72445
4004666042004,false,משמיד עובש עם מר,יעקובי,,משמיד עובש עם מר,מיליליטרים,500.00,"100 מ""ל",false,,29.90,0.0598,true,1,14938
4004666107819,false,מלרוז לניקוי וטיהור,,,מלרוז לניקוי וטיהור,מיליליטרים,500.00,"100 מ""ל",false,,22.90,0.0458,true,1,78357
4005900555540,false,שפתון לבלו,,,שפתון לבלו,יחידה,0.00,יחידה,false,,9.90,0.0000,true,1,80649
4006387084554,false,קנקן מרלה לבן+ פילטר,,,קנקן מרלה לבן+ פילטר,יחידה,0.00,יחידה,false,,129.00,0.0000,true,1,75008
4006387085407,false,שלישיית פילטר מקס פל,,,שלישיית פילטר מקס פל,יחידה,0.00,יחידה,false,,99.90,0.0000,false,1,73648
4006508122134,false,מליטה נייר לפילטר מס,,,מליטה נייר לפילטר מס,יחידה,0.00,יחידה,false,,10.90,0.0000,true,1,64581
4006508123094,false,נייר פילטר מספר 2 מל,,,נייר פילטר מספר 2 מל,יחידה,0.00,יחידה,false,,9.90,0.0000,true,1,65088
4007519050713,false,פלי 25 שקיות אשפה- 3,,,פלי 25 שקיות אשפה- 3,יחידה,0.00,יחידה,false,,10.90,0.0000,true,1,17432
4007519050720,false,פלי 20 שקיות אשפה- 6,,,פלי 20 שקיות אשפה- 6,יחידה,0.00,יחידה,false,,10.90,0.0000,true,1,17433
4007519050744,false,פלי 10 שקיות אשפה- 1,,,פלי 10 שקיות אשפה- 1,יחידה,0.00,יחידה,false,,10.90,0.0000,true,1,17434
4007519086224,false,פלי 22 שקיות אשפה 20,,,פלי 22 שקיות אשפה 20,יחידה,0.00,יחידה,false,,10.90,0.0000,true,1,60695
4007519086262,false,פלי 16 שקיות אשפה 60,,,פלי 16 שקיות אשפה 60,יחידה,0.00,יחידה,false,,10.90,0.0000,true,1,60473
4007745058804,false,מיונז אמיתי אורגני,,,מיונז אמיתי אורגני,גרמים,340.00,100 גרם,false,,21.00,0.0618,true,1,60133
4007745058811,false,חרדל צרפתי חלק 145 ג,,,חרדל צרפתי חלק 145 ג,גרמים,145.00,100 גרם,false,,12.90,0.0890,true,1,77985
4007745058828,false,חרדל גרגירים אורגני,,,חרדל גרגירים אורגני,גרמים,145.00,100 גרם,false,,12.90,0.0890,true,1,77386
4008102002867,false,תה גרגרים מילפורד לי,,,תה גרגרים מילפורד לי,גרמים,400.00,100 גרם,false,,14.90,0.0373,true,1,9642
4008287051032,false,קרומבאכר פילס פחית 5,,,קרומבאכר פילס פחית 5,מיליליטרים,500.00,"100 מ""ל",false,,9.90,0.0198,true,1,88628
4008287058161,false,קרומבאכר פילס שישייה,,,קרומבאכר פילס שישייה,מיליליטרים,1980.00,"100 מ""ל",false,,29.90,0.0151,true,1,88641
4008287762020,false,בירה קרומבאכר בקבוק,,,בירה קרומבאכר בקבוק,מיליליטרים,500.00,"100 מ""ל",false,,9.90,0.0198,true,1,32491
4008287905786,false,קרומבכר חיטה פחית 50,,,קרומבכר חיטה פחית 50,מיליליטרים,500.00,"100 מ""ל",false,,9.90,0.0198,true,1,88629
4008400290126,false,קינדר פינגווי עוגת ס,,,קינדר פינגווי עוגת ס,גרמים,30.00,100 גרם,false,,3.90,0.1300,true,1,88674
4008400290423,false,קינדר פינגווי עוגת ס,,,קינדר פינגווי עוגת ס,גרמים,120.00,100 גרם,false,,13.00,0.1083,false,1,88676
4009300522935,false,פומפדור תה ירוק לימו,פומפדור,,פומפדור תה ירוק לימו,גרמים,30.00,100 גרם,false,,19.90,0.6633,true,1,7787
4009300522966,false,פומפדור תה ירוק נענע,פומפדור,,פומפדור תה ירוק נענע,גרמים,36.00,100 גרם,false,,19.90,0.5528,true,1,7788
4009300524625,false,תה פומפדור צ'אי מסאל,פומפדור,,תה פומפדור צ'אי מסאל,גרמים,40.00,100 גרם,false,,13.90,0.3475,true,1,7792
4009300525011,false,תה פומפדור ירוק תפוז,פומפדור,,תה פומפדור ירוק תפוז,יחידה,0.00,יחידה,false,,19.90,0.0000,true,1,7793
4009300526438,false,תה ירוק קלאסי פומפדו,פומפדור,,תה ירוק קלאסי פומפדו,יחידה,0.00,יחידה,false,,19.90,0.0000,true,1,32902
4009300527497,false,פומפדור חליטת צמחים,,,פומפדור חליטת צמחים,יחידה,0.00,יחידה,false,,15.90,0.0000,true,1,65795
4009300528821,false,פומפדור תה ירוק ג'ינ,,,פומפדור תה ירוק ג'ינ,יחידה,0.00,יחידה,false,,19.90,0.0000,true,1,78018
4009300528845,false,פומפדור תה ירוק לימו,,,פומפדור תה ירוק לימו,יחידה,0.00,יחידה,false,,19.90,0.0000,true,1,78019
4009300529514,false,פומפדור חליטת פירות,,,פומפדור חליטת פירות,גרמים,50.00,100 גרם,false,,15.90,0.3180,true,1,120303
4009300529538,false,פומפדור חליטת פירות,,,פומפדור חליטת פירות,גרמים,45.00,100 גרם,false,,15.90,0.3533,true,1,120304
4009300529552,false,פומפדור חליטת פירות,,,פומפדור חליטת פירות,גרמים,50.00,100 גרם,false,,15.90,0.3180,true,1,120305
4009300529576,false,פומפדור חליטת פירות,,,פומפדור חליטת פירות,גרמים,50.00,100 גרם,false,,15.90,0.3180,true,1,90436
4009300530107,false,פומפדור חליטה קרה תו,,,פומפדור חליטה קרה תו,גרמים,45.00,100 גרם,false,,14.90,0.3311,true,1,88636
4009300530121,false,פומפדור חליטה קרה אפ,,,פומפדור חליטה קרה אפ,גרמים,45.00,100 גרם,false,,14.90,0.3311,true,1,88637
4009300530206,false,פומפדור חליטת תפוח ט,,,פומפדור חליטת תפוח ט,גרמים,50.00,100 גרם,false,,15.90,0.3180,true,1,122015
4009309740422,false,רסק תפוחים אורגני,,,רסק תפוחים אורגני,גרמים,700.00,100 גרם,false,,14.90,0.0213,true,1,77173
4009309742426,false,רסק תפוח מנגו אורגני,,,רסק תפוח מנגו אורגני,גרמים,700.00,100 גרם,false,,15.90,0.0227,true,1,77174
4009900013581,false,אורביט ספירמינט סקיק,אורביט,,אורביט ספירמינט סקיק,גרמים,65.00,100 גרם,false,,9.90,0.1523,true,1,28022
4009900385824,false,מארז חמישיית אורביט,אורביט,,מארז חמישיית אורביט,יחידה,0.00,יחידה,false,,9.90,0.0000,true,1,28293
4009900402965,false,אורביט בקבוקון בטעם,אורביט,,אורביט בקבוקון בטעם,גרמים,64.00,100 גרם,false,,10.00,0.1563,true,1,24422
4009900403023,false,אורביט בקבוקון בטעם,אורביט,,אורביט בקבוקון בטעם,גרמים,64.00,100 גרם,false,,10.00,0.1563,true,1,24423
4009900406918,false,מסטיק הובה בובה טריפ,הובה בובה,,מסטיק הובה בובה טריפ,גרמים,56.00,100 גרם,false,,6.50,0.1161,true,1,7576
4009900420129,false,אורביט פרופשיונל פפר,אורביט,,אורביט פרופשיונל פפר,גרמים,64.00,100 גרם,false,,10.00,0.1563,true,1,76459
4009900426039,false,מסטיק איירוויבז מנטה,,,מסטיק איירוויבז מנטה,גרמים,64.00,100 גרם,false,,10.00,0.1563,true,1,66448
4009900455299,false,סוכריות סקיטלס פירות,,,סוכריות סקיטלס פירות,גרמים,174.00,100 גרם,false,,8.90,0.0511,true,1,33764
4009900465304,false,סוכריות סקיטלס פירות,,,סוכריות סקיטלס פירות,גרמים,174.00,100 גרם,false,,8.90,0.0511,true,1,33765
4009900479998,false,מסטיק אורביט אוכמניו,אורביט,,מסטיק אורביט אוכמניו,גרמים,64.00,100 גרם,false,,10.00,0.1563,true,1,33490
4009900482417,false,מסטיק אורביט באבל מי,,,מסטיק אורביט באבל מי,יחידה,0.00,יחידה,false,,10.00,0.0000,true,1,26933
4009900487283,false,מארז חמישיית אורביט,אורביט,,מארז חמישיית אורביט,יחידה,0.00,יחידה,false,,9.90,0.0000,true,1,29070
4009900500166,false,סוכריות סקיטלס בבקבו,,,סוכריות סקיטלס בבקבו,גרמים,125.00,100 גרם,false,,8.90,0.0712,true,1,67160
4009900521611,false,אורביט מינטס דובדבן,אורביט,,אורביט מינטס דובדבן,יחידה,0.00,יחידה,false,,10.00,0.0000,true,1,70375
4009900531122,false,אורביט פרופשיונל ספי,אורביט,,אורביט פרופשיונל ספי,גרמים,64.00,100 גרם,false,,10.00,0.1563,true,1,76460
4009900531573,false,סוכריות סקיטלס סמודי,,,סוכריות סקיטלס סמודי,גרמים,174.00,100 גרם,false,,8.90,0.0511,true,1,78131
4009900532327,false,סוכריות סקיטלס סמודי,,,סוכריות סקיטלס סמודי,גרמים,38.00,100 גרם,false,,3.00,0.0789,true,1,78399
4009900534611,false,מסטיק איירוויבז בטעם,,,מסטיק איירוויבז בטעם,גרמים,64.00,100 גרם,false,,10.00,0.1563,true,1,82866
4009900535519,false,אורביט רפרשרס ספירמי,אורביט,,אורביט רפרשרס ספירמי,גרמים,15.60,100 גרם,false,,3.90,0.2500,true,1,87564
4009900535540,false,אורביט רפרשרס פפרמינ,אורביט,,אורביט רפרשרס פפרמינ,גרמים,15.60,100 גרם,false,,3.90,0.2500,true,1,87565
4009900535823,false,אורביט רפרשרס באבלמי,אורביט,,אורביט רפרשרס באבלמי,גרמים,15.60,100 גרם,false,,3.90,0.2500,true,1,87566
4009900536257,false,אורביט רפרשרס ספירמי,אורביט,,אורביט רפרשרס ספירמי,גרמים,67.00,100 גרם,false,,11.90,0.1776,true,1,87567
4009900536288,false,אורביט רפרשרס פפרמינ,אורביט,,אורביט רפרשרס פפרמינ,גרמים,67.00,100 גרם,false,,11.90,0.1776,true,1,87568
4009900539401,false,פייב באונס בטעם מנטה,,,פייב באונס בטעם מנטה,גרמים,14.40,100 גרם,false,,3.90,0.2708,true,1,119475
4009900539432,false,פייב באונס בטעם אבטי,,,פייב באונס בטעם אבטי,גרמים,14.40,100 גרם,false,,3.90,0.2708,true,1,119476
4009900539685,false,מסטיק פייב באונס בטע,,,מסטיק פייב באונס בטע,גרמים,61.80,100 גרם,false,,11.90,0.1926,true,1,119473
4009900539746,false,פייב באונס בטעם אבטי,,,פייב באונס בטעם אבטי,גרמים,61.80,100 גרם,false,,11.90,0.1926,true,1,119474
4009900540551,false,אורביט ריפרשרס טרופי,אורביט,,אורביט ריפרשרס טרופי,גרמים,67.00,100 גרם,false,,11.90,0.1776,true,1,119121
4011800528416,false,חטיפי קורני בייס שיש,קורני,,חטיפי קורני בייס שיש,גרמים,150.00,100 גרם,false,,11.90,0.0793,false,1,81231
4011800567613,false,קורני סנדוויץ שחור ל,קורני,,קורני סנדוויץ שחור ל,גרמים,120.00,100 גרם,false,,11.90,0.0992,false,1,31826
4011800568610,false,קורני סנדוויץ קלאסי,קורני,,קורני סנדוויץ קלאסי,יחידה,0.00,יחידה,false,,11.90,0.0000,false,1,31680
4011800617615,false,חטיף קורני ביג שוקול,,,חטיף קורני ביג שוקול,גרמים,50.00,100 גרם,false,,4.50,0.0900,true,1,81620
4011800618315,false,חטיף קורני ביג 50 גר,,,חטיף קורני ביג 50 גר,גרמים,50.00,100 גרם,false,,4.50,0.0900,true,1,81629
4011800628512,false,קורני עם שוקולד חלב,,,קורני עם שוקולד חלב,יחידה,0.00,יחידה,false,,11.90,0.0000,false,1,30236
4011800629519,false,קורני עם אגוזים,קורני,,קורני עם אגוזים,יחידה,0.00,יחידה,false,,11.90,0.0000,false,1,30866
4011800630515,false,קורני עם שוקולד חלב,קורני,,קורני עם שוקולד חלב,גרמים,150.00,100 גרם,false,,11.90,0.0793,false,1,29984
4011800632519,false,קורני עם שוקולד חלב,,,קורני עם שוקולד חלב,יחידה,0.00,יחידה,false,,11.90,0.0000,false,1,30237
4011800633516,false,קורני עם שוקולד מריר,קורני,,קורני עם שוקולד מריר,גרמים,150.00,100 גרם,false,,11.90,0.0793,false,1,29985
4011800635510,false,קורני פרי עם אגוזים,קורני,,קורני פרי עם אגוזים,יחידה,0.00,יחידה,false,,11.90,0.0000,false,1,30867
4011800637514,false,קורני פרי עם שוקולד,קורני,,קורני פרי עם שוקולד,גרמים,120.00,100 גרם,false,,11.90,0.0992,false,1,30337
4014400900217,false,בונבונירה מרסי 400 ג,שטורק,,בונבונירה מרסי 400 ג,גרמים,400.00,100 גרם,false,,49.90,0.1247,false,1,2412
4014400901191,false,בונבונירה מרסי 250 ג,שטורק,,בונבונירה מרסי 250 ג,גרמים,250.00,100 גרם,false,,24.90,0.0996,true,1,2413
4014400901412,false,מרסי מריר 250 גר',,,מרסי מריר 250 גר',גרמים,250.00,100 גרם,false,,24.90,0.0996,true,1,2415
4014400904277,false,סוכריות אייס פרש,שטורק,,סוכריות אייס פרש,גרמים,425.00,100 גרם,false,,17.90,0.0421,true,1,9651
4014400904307,false,סוכריות קליפורניה,שטורק,,סוכריות קליפורניה,גרמים,425.00,100 גרם,false,,17.90,0.0421,true,1,9652
4014400904376,false,סוכריות שוקלדן,,,סוכריות שוקלדן,גרמים,325.00,100 גרם,false,,17.90,0.0551,true,1,9654
4014400904390,false,סוכריות וולמילש,שטורק,,סוכריות וולמילש,גרמים,325.00,100 גרם,false,,17.90,0.0551,true,1,9655
4014400907902,false,סוכריות וורטר בקופסא,שטורק,,סוכריות וורטר בקופסא,גרמים,42.00,100 גרם,false,,6.00,0.1429,true,1,9656
4014400909692,false,סוכריות וורטר בוקס ק,,,סוכריות וורטר בוקס ק,גרמים,42.00,100 גרם,false,,6.00,0.1429,true,1,20438
4014400910063,false,סוכריות וורטר שקית,שטורק,,סוכריות וורטר שקית,גרמים,135.00,100 גרם,false,,8.70,0.0644,true,1,9659
4014400914696,false,סוכריות וורטר ללא תו,,,סוכריות וורטר ללא תו,גרמים,80.00,100 גרם,false,,8.70,0.1087,true,1,9662
4014400914924,false,סוכריות וורטר קפה לל,,,סוכריות וורטר קפה לל,גרמים,80.00,100 גרם,false,,8.70,0.1087,true,1,9663
4014400920857,false,וורטר סוכריות שוקולד,,,וורטר סוכריות שוקולד,גרמים,70.00,100 גרם,false,,8.70,0.1243,true,1,58624
4014400923711,false,טופיפי 125 גר',,,טופיפי 125 גר',גרמים,125.00,100 גרם,false,,11.90,0.0952,true,1,67139
4014400925319,false,וורטר פופקורן קרמל,,,וורטר פופקורן קרמל,גרמים,140.00,100 גרם,false,,12.90,0.0921,true,1,86049
4014400929010,false,וופל מיני קנופרס,,,וופל מיני קנופרס,גרמים,200.00,100 גרם,false,,18.90,0.0945,true,1,120018
4014400931327,false,וורטרס אורגינל פופקו,,,וורטרס אורגינל פופקו,גרמים,140.00,100 גרם,false,,12.90,0.0921,true,1,120101
4015000031394,false,מסיר כתמים ספטיל 200,ספטיל,,מסיר כתמים ספטיל 200,גרמים,200.00,100 גרם,false,,16.90,0.0845,false,1,17176
4015400564034,false,מגן תחתון אולוויז לו,,,מגן תחתון אולוויז לו,יחידה,0.00,יחידה,false,,16.90,0.0000,false,1,58884
4015400564454,false,מגן תחתון אולוויז לא,,,מגן תחתון אולוויז לא,יחידה,0.00,יחידה,false,,16.90,0.0000,false,1,63085
4015400681670,false,תחבושות אולוויז לילה,,,תחבושות אולוויז לילה,יחידה,0.00,יחידה,false,,16.90,0.0000,false,1,62289
4015400690313,false,טמפקס קומפקט פרל רגו,,,טמפקס קומפקט פרל רגו,יחידה,0.00,יחידה,false,,27.90,0.0000,true,1,66036
4015400690405,false,טמפקס קומפקט פרל סופ,,,טמפקס קומפקט פרל סופ,יחידה,0.00,יחידה,false,,27.90,0.0000,true,1,66037
4015400690498,false,טמפקס קומפאקט פרל סו,,,טמפקס קומפאקט פרל סו,יחידה,0.00,יחידה,false,,27.90,0.0000,true,1,66038
4015400715290,false,טמפקס קומפאק סופר פל,,,טמפקס קומפאק סופר פל,יחידה,0.00,יחידה,false,,24.90,0.0000,true,1,62788
4015400715320,false,טמפקס קומפאק רגולר 2,,,טמפקס קומפאק רגולר 2,יחידה,0.00,יחידה,false,,24.90,0.0000,true,1,62789
4015400731719,false,תחבושות אולוויז וליו,,,תחבושות אולוויז וליו,יחידה,0.00,יחידה,false,,16.90,0.0000,false,1,64775
4015400746812,false,מגן תחתון אולוויז נו,,,מגן תחתון אולוויז נו,יחידה,0.00,יחידה,false,,16.90,0.0000,false,1,65350
4015400755241,false,תחבושות אולוויז וליו,,,תחבושות אולוויז וליו,יחידה,0.00,יחידה,false,,16.90,0.0000,false,1,65152
4015400755487,false,תחבושות אולוויז וליו,,,תחבושות אולוויז וליו,יחידה,0.00,יחידה,false,,16.90,0.0000,false,1,65153
4015600762742,false,שמפו הד אנד שולדרס ק,,,שמפו הד אנד שולדרס ק,מיליליטרים,500.00,"100 מ""ל",false,,16.90,0.0338,true,1,27282
4015600762780,false,הד אנד שולדרס 2 ב 1,,,הד אנד שולדרס 2 ב 1,מיליליטרים,500.00,"100 מ""ל",false,,16.90,0.0338,true,1,27283
4015600762902,false,שמפו הד אנד שולדרס מ,,,שמפו הד אנד שולדרס מ,מיליליטרים,500.00,"100 מ""ל",false,,16.90,0.0338,true,1,27286
4015600762940,false,שמפו הד אנד שולדרס ת,,,שמפו הד אנד שולדרס ת,מיליליטרים,500.00,"100 מ""ל",false,,16.90,0.0338,true,1,27287
4015600763022,false,שמפו הד אנד שולדרס מ,,,שמפו הד אנד שולדרס מ,מיליליטרים,500.00,"100 מ""ל",false,,16.90,0.0338,true,1,27289
4015600766900,false,הד אנד שולדרס שמפו /,,,הד אנד שולדרס שמפו /,מיליליטרים,500.00,"100 מ""ל",false,,16.90,0.0338,true,1,30887
4015600807436,false,דאוד' קליר ג'ל גילט,,,דאוד' קליר ג'ל גילט,מיליליטרים,75.00,"100 מ""ל",false,,18.90,0.2520,true,1,32681
4017100198151,false,עוגיות היט וניל 220,היט,,עוגיות היט וניל 220,גרמים,220.00,100 גרם,false,,7.90,0.0359,false,1,60011
4017100210105,false,וופלטן גלילי וופל,,,וופלטן גלילי וופל,גרמים,100.00,100 גרם,false,,11.90,0.1190,false,1,40005
4017100219900,false,וופלטן גליליות וופל,וופלטן,,וופלטן גליליות וופל,גרמים,100.00,100 גרם,false,,11.90,0.1190,false,1,8564
4017100290008,false,ביסקוויט ליבניץ שוקו,,,ביסקוויט ליבניץ שוקו,גרמים,125.00,100 גרם,false,,11.90,0.0952,true,1,8566
4017100291005,false,ביסקוויט מצופה שוקול,,,ביסקוויט מצופה שוקול,גרמים,125.00,100 גרם,false,,11.90,0.0952,false,1,8567
4017100364112,false,עוגיות בלזן היט קקאו,היט,,עוגיות בלזן היט קקאו,גרמים,220.00,100 גרם,false,,7.90,0.0359,false,1,58227
4017100366239,false,עוגיות ליבניץ אנד קר,,,עוגיות ליבניץ אנד קר,גרמים,190.00,100 גרם,false,,11.90,0.0626,false,1,79480
4018722100133,false,אטריות כוסמין וביצים,,,אטריות כוסמין וביצים,גרמים,250.00,100 גרם,false,,13.90,0.0556,true,1,77378
4018722100157,false,אלד גולד פוזילי כוסמ,,,אלד גולד פוזילי כוסמ,גרמים,250.00,100 גרם,false,,10.90,0.0436,true,1,77193
4018722100188,false,אטריות רחבות כוסמין,,,אטריות רחבות כוסמין,גרמים,250.00,100 גרם,false,,13.90,0.0556,true,1,78043
4018722102632,false,אלב גולד ספגטי כוסמי,,,אלב גולד ספגטי כוסמי,גרמים,500.00,100 גרם,false,,14.90,0.0298,true,1,77194
4018722102656,false,אלב גולד ספגטי כוסמי,,,אלב גולד ספגטי כוסמי,גרמים,500.00,100 גרם,false,,14.90,0.0298,true,1,77195
4018722303459,false,מקרוני כוסמין אורגני,,,מקרוני כוסמין אורגני,גרמים,250.00,100 גרם,false,,10.90,0.0436,true,1,78044
4018722343141,false,פסטה פנה אורגנית כוס,,,פסטה פנה אורגנית כוס,גרמים,500.00,100 גרם,false,,18.90,0.0378,true,1,85619
4018722343158,false,פסטה פוזילי אורגנית,,,פסטה פוזילי אורגנית,גרמים,500.00,100 גרם,false,,18.90,0.0378,true,1,85620
4018722344308,false,אלב גולד פסטה פפרדלה,,,אלב גולד פסטה פפרדלה,גרמים,500.00,100 גרם,false,,16.90,0.0338,true,1,83104
4022025002087,false,בלו נאן מבעבע רוזה 2,,,בלו נאן מבעבע רוזה 2,מיליליטרים,750.00,"100 מ""ל",false,,49.90,0.0665,true,1,85633
4022025262009,false,יין בלו נאן כשר,,,יין בלו נאן כשר,מיליליטרים,750.00,"100 מ""ל",false,,45.90,0.0612,true,1,66497
4022025290309,false,בלו נאן פינק כשר,,,בלו נאן פינק כשר,גרמים,750.00,100 גרם,false,,36.90,0.0492,true,1,76695
4022025773000,false,בלו נאן מוסקטו כשר,,,בלו נאן מוסקטו כשר,מיליליטרים,750.00,"100 מ""ל",false,,45.90,0.0612,true,1,87407
4025700001962,false,מילקה שוקולד לבן,,,מילקה שוקולד לבן,גרמים,100.00,100 גרם,false,,5.90,0.0590,true,1,84517
4032900124193,false,כאמל צהוב ארוך,,,כאמל צהוב ארוך,יחידה,0.00,יחידה,false,,30.00,0.0000,false,1,82500
4047778012480,false,פותחן יין מהודר,,,פותחן יין מהודר,יחידה,0.00,יחידה,false,,21.90,0.0000,true,1,119761
4047889384872,false,פורס ביצה,,,פורס ביצה,יחידה,0.00,יחידה,false,,13.90,0.0000,true,1,68820
4053700288205,false,ויט קרם הסרת שיער לע,ויט,,ויט קרם הסרת שיער לע,מיליליטרים,100.00,"100 מ""ל",false,,19.90,0.1990,true,1,17994
4053700292455,false,ויט רצועות שעווה,ויט,,ויט רצועות שעווה,יחידה,0.00,יחידה,false,,19.90,0.0000,true,1,17995
4061445096726,false,קפה נמס דוידוף ארומה,,,קפה נמס דוידוף ארומה,גרמים,100.00,100 גרם,false,,21.90,0.2190,false,1,83600
4066600601920,false,"פאולנר פחית 500 מ""ל",,,"פאולנר פחית 500 מ""ל",מיליליטרים,500.00,"100 מ""ל",false,,10.90,0.0218,true,1,82560
4066600999614,false,"בירה פאולנר 500 מ""ל",,,"בירה פאולנר 500 מ""ל",מיליליטרים,500.00,"100 מ""ל",false,,11.00,0.0220,true,1,67778
4067700014849,false,ליקר ייגרמייסטר,,,ליקר ייגרמייסטר,מיליליטרים,700.00,"100 מ""ל",false,,89.90,0.1284,true,1,66645
4072700001188,false,פרנסיסקאנר בירה כהה,,,פרנסיסקאנר בירה כהה,יחידה,500.00,יחידה,false,,9.90,0.0198,true,1,26417
4072700001775,false,פרנסיסקאנר בירה מעונ,,,פרנסיסקאנר בירה מעונ,מיליליטרים,500.00,"100 מ""ל",false,,9.90,0.0198,true,1,31192
4072700003649,false,פרנסיסקאנר בירה מעונ,,,פרנסיסקאנר בירה מעונ,יחידה,500.00,יחידה,false,,9.90,0.0198,true,1,25956
4084500065536,false,פנטן קרם לחות לחות מ,,,פנטן קרם לחות לחות מ,מיליליטרים,300.00,"100 מ""ל",false,,21.90,0.0730,true,1,61032
4084500065598,false,פנטן קרם לחות לתלתלי,,,פנטן קרם לחות לתלתלי,מיליליטרים,300.00,"100 מ""ל",false,,21.90,0.0730,true,1,61033
4084500088917,false,"פיירי לימון 650 מ""ל",פיירי,,"פיירי לימון 650 מ""ל",מיליליטרים,650.00,"100 מ""ל",false,,9.90,0.0152,false,1,58303
4084500178137,false,טייד ג'ל 4 ליטר,טייד,,טייד ג'ל 4 ליטר,ליטרים,4.00,ליטר,false,,34.90,8.7250,true,1,31086
4084500739253,false,אורל בי משחת שיניים3,,,אורל בי משחת שיניים3,100 מל,75.00,100 מל,false,,19.90,0.2653,true,1,90214
4084500853553,false,פיירי אוריגינל 650 מ,,,פיירי אוריגינל 650 מ,מיליליטרים,650.00,"100 מ""ל",false,,9.90,0.0152,false,1,60663
4084500853836,false,פיירי ורדים ומשי 515,,,פיירי ורדים ומשי 515,מיליליטרים,515.00,"100 מ""ל",false,,9.90,0.0192,false,1,60665
4084500853898,false,פיירי אלוורה ומלפפונ,,,פיירי אלוורה ומלפפונ,מיליליטרים,515.00,"100 מ""ל",false,,9.90,0.0192,false,1,60666
4084500854048,false,פיירי לימון 1.24 ליט,,,פיירי לימון 1.24 ליט,ליטרים,1.24,ליטר,false,,13.90,11.2097,false,1,64963
4084500920880,false,פיירי אורגינל 1.24 ל,,,פיירי אורגינל 1.24 ל,ליטרים,1.24,ליטר,false,,13.90,11.2097,false,1,64964
4100130937163,false,שישיה בירה בקס,,,שישיה בירה בקס,ליטרים,1.65,ליטר,false,,29.90,18.1212,true,1,60554
4100470106700,false,נטורפוד- חומץ תפוחים,,,נטורפוד- חומץ תפוחים,מיליליטרים,750.00,"100 מ""ל",false,,21.90,0.0292,true,1,62084
4105120623941,false,"בירה ויינשטפן 500 מ""",,,"בירה ויינשטפן 500 מ""",מיליליטרים,500.00,"100 מ""ל",false,,11.50,0.0230,false,1,70482
4105120624412,false,בירה ויינשטפן ויטוס,,,בירה ויינשטפן ויטוס,מיליליטרים,500.00,"100 מ""ל",false,,11.50,0.0230,false,1,77830
4210201757771,false,אורל בי ראש חשמלי 4,,,אורל בי ראש חשמלי 4,יחידה,0.00,יחידה,false,,79.90,0.0000,true,1,74416
4260147890513,false,איטריות דקות 500גר,,,איטריות דקות 500גר,גרמים,500.00,100 גרם,false,,10.90,0.0218,true,1,57906
4260147890551,false,איטריות רצועות 500גר,,,איטריות רצועות 500גר,גרמים,500.00,100 גרם,false,,10.90,0.0218,true,1,57907
4260334140049,false,שוקולד ג'נדויה טבעונ,,,שוקולד ג'נדויה טבעונ,גרמים,65.00,100 גרם,false,,11.50,0.1769,true,1,68524
4260334140308,false,שוקולד טבעוני שקדים,,,שוקולד טבעוני שקדים,גרמים,85.00,100 גרם,false,,21.90,0.2576,true,1,117296
4605561010305,false,פילה הרינג עם שמיר ב,,,פילה הרינג עם שמיר ב,גרמים,500.00,100 גרם,false,,24.90,0.0498,true,1,119302
4607012351005,false,גרעיני חמניות מרטין,,,גרעיני חמניות מרטין,גרמים,200.00,100 גרם,false,,12.90,0.0645,true,1,34159
4607012351999,false,גרעיני חמניות מרטין,,,גרעיני חמניות מרטין,גרמים,200.00,100 גרם,false,,12.90,0.0645,true,1,65356
4607012352002,false,גרעיני דלעת מרטין 10,,,גרעיני דלעת מרטין 10,גרמים,100.00,100 גרם,false,,12.90,0.1290,true,1,66119
4607012352453,false,גרעיני חמניות פסים מ,,,גרעיני חמניות פסים מ,גרמים,150.00,100 גרם,false,,9.90,0.0660,true,1,86974
4607012352538,false,גרעיני חמניות מרטין,,,גרעיני חמניות מרטין,גרמים,200.00,100 גרם,false,,12.90,0.0645,true,1,73344
4607012352804,false,בוטנים קלופים קלויים,,,בוטנים קלופים קלויים,גרמים,100.00,100 גרם,false,,7.90,0.0790,true,1,81452
4607012353382,false,גרעיני חמניות לבנים,,,גרעיני חמניות לבנים,גרמים,250.00,100 גרם,false,,17.90,0.0716,true,1,117257
4607026530212,false,כוסמת 900גר,,,כוסמת 900גר,גרמים,900.00,100 גרם,false,,11.90,0.0132,true,1,2008
4612757550835,false,שוקולד מריר במילוי ט,,,שוקולד מריר במילוי ט,גרמים,112.00,100 גרם,false,,10.90,0.0973,true,1,117333
4612757550866,false,שוקולד מריר עם אגוזי,,,שוקולד מריר עם אגוזי,גרמים,115.00,100 גרם,false,,10.90,0.0948,true,1,117331
4640018993343,false,פיניש קוואנטום 30 יח,פיניש,,פיניש קוואנטום 30 יח,יחידה,0.00,יחידה,false,,39.90,0.0000,true,1,83310
4640018993398,false,פיניש קוואנטום 60 יח,פיניש,,פיניש קוואנטום 60 יח,יחידה,0.00,יחידה,false,,59.90,0.0000,true,1,83311
4710068001692,false,מאסטר קפה לאטה,,,מאסטר קפה לאטה,מיליליטרים,240.00,"100 מ""ל",false,,6.50,0.0271,true,1,33367
4710068001715,false,מאסטר קפה טירמיסו,,,מאסטר קפה טירמיסו,מיליליטרים,240.00,"100 מ""ל",false,,6.50,0.0271,true,1,32595
4710068001739,false,מאסטר קפה קולומביאני,,,מאסטר קפה קולומביאני,מיליליטרים,240.00,"100 מ""ל",false,,6.50,0.0271,true,1,32596
4710068002798,false,מאסטר קפה וונילה,,,מאסטר קפה וונילה,גרמים,240.00,100 גרם,false,,6.50,0.0271,true,1,78875
4740098079323,false,סיידר אלכוהול אגס 0.,,,סיידר אלכוהול אגס 0.,מיליליטרים,500.00,"100 מ""ל",false,,7.90,0.0158,true,1,78820
4740098084440,false,סיידר תפוחים 0.5 ליט,,,סיידר תפוחים 0.5 ליט,מיליליטרים,500.00,"100 מ""ל",false,,7.90,0.0158,true,1,67797
4740098098331,false,קוקטייל בלו לגון אה,,,קוקטייל בלו לגון אה,מיליליטרים,330.00,"100 מ""ל",false,,9.90,0.0300,true,1,120621
4740098098355,false,קוקטייל מוחיטו אה לה,,,קוקטייל מוחיטו אה לה,מיליליטרים,330.00,"100 מ""ל",false,,9.90,0.0300,true,1,119933
4740098098379,false,קוקטייל מרגריטה אה ל,,,קוקטייל מרגריטה אה ל,מיליליטרים,330.00,"100 מ""ל",false,,9.90,0.0300,true,1,119934
4740098098393,false,קוקטייל סק און דה בי,,,קוקטייל סק און דה בי,מיליליטרים,330.00,"100 מ""ל",false,,9.90,0.0300,true,1,119935
4750142002078,false,פחית בירה צ'סו יורמל,,,פחית בירה צ'סו יורמל,מיליליטרים,500.00,"100 מ""ל",false,,5.90,0.0118,true,1,120856
4750142002719,false,פחית בירה לא מסוננת,,,פחית בירה לא מסוננת,מיליליטרים,500.00,"100 מ""ל",false,,5.90,0.0118,true,1,120857
4750142003426,false,בירה פילזנר אקסטרה פ,,,בירה פילזנר אקסטרה פ,מיליליטרים,500.00,"100 מ""ל",false,,5.90,0.0118,true,1,83313
4750142005000,false,פחית בירה כהה בוהמיי,,,פחית בירה כהה בוהמיי,מיליליטרים,568.00,"100 מ""ל",false,,9.00,0.0158,true,1,120407
4750142005062,false,פחית בירה ברוז'ה לא,,,פחית בירה ברוז'ה לא,מיליליטרים,568.00,"100 מ""ל",false,,9.00,0.0158,true,1,120406
4750142016518,false,בירה צ'סו לא מסוננת,,,בירה צ'סו לא מסוננת,מיליליטרים,568.00,"100 מ""ל",false,,9.00,0.0158,true,1,31576
4750142021505,false,בירה פילזנר פח 0.5 ל,,,בירה פילזנר פח 0.5 ל,מיליליטרים,500.00,"100 מ""ל",false,,5.90,0.0118,true,1,28893
4750616006564,false,סרדינים על הגריל בשמ,,,סרדינים על הגריל בשמ,גרמים,190.00,100 גרם,false,,11.90,0.0626,true,1,85572
4750616006588,false,סרדינים על הגריל עם,,,סרדינים על הגריל עם,גרמים,190.00,100 גרם,false,,11.90,0.0626,true,1,85573
4770033221395,false,וודקה ליטובישקה,,,וודקה ליטובישקה,מיליליטרים,700.00,"100 מ""ל",false,,56.90,0.0813,true,1,32852
4770301235246,false,פחית בירה חיטה מייסט,,,פחית בירה חיטה מייסט,מיליליטרים,500.00,"100 מ""ל",false,,5.90,0.0118,true,1,121678
4792032060454,false,משקה מי קוקוס אורגני,,,משקה מי קוקוס אורגני,מיליליטרים,330.00,"100 מ""ל",false,,7.90,0.0239,true,1,65636
4792059022053,false,קרם קוקוס אורגני 400,,,קרם קוקוס אורגני 400,מיליליטרים,400.00,"100 מ""ל",false,,11.50,0.0288,true,1,64324
4796012480133,false,קמח קוקוס 500 גר',,,קמח קוקוס 500 גר',גרמים,500.00,100 גרם,false,,21.90,0.0438,true,1,66281
4796019790020,false,גרין קוקו-שמן קוקוס,,,גרין קוקו-שמן קוקוס,מיליליטרים,500.00,"100 מ""ל",false,,29.90,0.0598,true,1,63368
4796019790037,false,שמן קוקוס אורגני גרי,,,שמן קוקוס אורגני גרי,ליטרים,1.00,ליטר,false,,38.90,38.9000,true,1,63498
4800888210197,false,דאב דאו סטיק קוקוס,דאב,,דאב דאו סטיק קוקוס,גרמים,50.00,100 גרם,false,,16.90,0.3380,false,1,80873
4800888214904,false,דאב דאודורנט סטיק קק,דאב,,דאב דאודורנט סטיק קק,גרמים,50.00,100 גרם,false,,16.90,0.3380,true,1,86647
4800888219527,false,דאב סטיק אינביזיבל 5,דאב,,דאב סטיק אינביזיבל 5,מיליליטרים,50.00,"100 מ""ל",false,,16.90,0.3380,true,1,117086
4800888219534,false,דאב דאודורנט סטיק או,דאב,,דאב דאודורנט סטיק או,מיליליטרים,50.00,"100 מ""ל",false,,16.90,0.3380,false,1,90112
4810168000011,false,פילה דג הרינג מלוח מ,,,פילה דג הרינג מלוח מ,יחידה,0.00,יחידה,false,,12.90,0.0000,true,1,89703
4810168000998,false,פילה דג הרינג מלוח מ,,,פילה דג הרינג מלוח מ,יחידה,0.00,יחידה,false,,17.90,0.0000,true,1,89705
4810168001056,false,פילה דג הרינג מלוח מ,,,פילה דג הרינג מלוח מ,יחידה,0.00,יחידה,false,,17.90,0.0000,true,1,89706
4810168018795,false,חתיכות פילה דג הרינג,,,חתיכות פילה דג הרינג,יחידה,0.00,יחידה,false,,12.90,0.0000,true,1,89701
4810168024512,false,פילה דג הרינג מלוח מ,,,פילה דג הרינג מלוח מ,יחידה,0.00,יחידה,false,,17.90,0.0000,true,1,89707
4810168057435,false,חתיכות פילה הרינג 40,,,חתיכות פילה הרינג 40,גרמים,400.00,100 גרם,false,,24.90,0.0622,true,1,119336
4810168057510,false,חתיכות פילה הרינג מת,,,חתיכות פילה הרינג מת,גרמים,400.00,100 גרם,false,,24.90,0.0622,true,1,119335
4840008019521,false,עוגיות אזניים מבצק ע,,,עוגיות אזניים מבצק ע,גרמים,350.00,100 גרם,false,,10.90,0.0311,true,1,85562
4840008040075,false,עוגיות אזניים עם קינ,,,עוגיות אזניים עם קינ,גרמים,350.00,100 גרם,false,,10.90,0.0311,true,1,90006
4895060550000,false,לקקן בוכה,,,לקקן בוכה,גרמים,50.00,100 גרם,false,,6.90,0.1380,true,1,67167
4895060592307,false,פלורידה סוכריות נאגט,,,פלורידה סוכריות נאגט,גרמים,43.00,100 גרם,false,,7.50,0.1744,true,1,22982
4903001904192,false,רוטב סויה יאמסה פרימ,,,רוטב סויה יאמסה פרימ,יחידה,500.00,יחידה,false,,17.90,0.0358,true,1,9669
4903001904208,false,רוטב סויה יאמסה פרימ,,,רוטב סויה יאמסה פרימ,ליטרים,1.00,ליטר,false,,31.90,31.9000,true,1,9670
4903001925784,false,רוטב סויה יאמאסה פרי,,,רוטב סויה יאמאסה פרי,מיליליטרים,500.00,"100 מ""ל",false,,17.90,0.0358,true,1,32128
4903001930993,false,"טריאקי יאמסה 500 מ""ל",,,"טריאקי יאמסה 500 מ""ל",מיליליטרים,500.00,"100 מ""ל",false,,17.90,0.0358,true,1,62629
4903001945706,false,רוטב פונזו ימאסה 500,,,רוטב פונזו ימאסה 500,מיליליטרים,500.00,"100 מ""ל",false,,19.90,0.0398,true,1,87489
5000111041065,false,היינץ רוטב וסטרשייר,,,היינץ רוטב וסטרשייר,מיליליטרים,150.00,"100 מ""ל",false,,11.90,0.0793,true,1,80889
5000127163195,false,דגני קלוגס ספיישל קי,קלוגס,,דגני קלוגס ספיישל קי,גרמים,500.00,100 גרם,false,,23.90,0.0478,true,1,30265
5000127533196,false,ווראיטי קלוגס,,,ווראיטי קלוגס,גרמים,191.00,100 גרם,false,,21.90,0.1147,true,1,76374
5000146048671,false,סילבו מטליות לניקוי,,,סילבו מטליות לניקוי,גרמים,75.00,100 גרם,false,,19.90,0.2653,true,1,24951
5000146048688,false,בראסו מטליות לניקוי,,,בראסו מטליות לניקוי,גרמים,75.00,100 גרם,false,,19.90,0.2653,true,1,24952
5000157143365,false,רוטב בטעם מיונז וקטש,,,רוטב בטעם מיונז וקטש,גרמים,425.00,100 גרם,false,,14.90,0.0351,true,1,81860
5000159376655,false,סקיטלט סוכריות ג'לי,,,סקיטלט סוכריות ג'לי,גרמים,38.00,100 גרם,false,,3.00,0.0789,true,1,25065
5000159376792,false,סקיטלט סוכריות ג'לי,,,סקיטלט סוכריות ג'לי,גרמים,38.00,100 גרם,false,,3.00,0.0789,true,1,25066
5000159407236,false,חטיף מרס שוקולד 51 ג,מרס,,חטיף מרס שוקולד 51 ג,גרמים,51.00,100 גרם,false,,4.00,0.0784,false,1,8574
5000159414197,false,מלטיזרס 135 גר',,,מלטיזרס 135 גר',גרמים,135.00,100 גרם,false,,11.90,0.0881,true,1,120705
5000159452540,false,סניקרס מארז חמישייה,,,סניקרס מארז חמישייה,גרמים,250.00,100 גרם,false,,9.90,0.0396,true,1,83849
5000159459228,false,חטיף טויקס 50 גר',,,חטיף טויקס 50 גר',גרמים,50.00,100 גרם,false,,4.00,0.0800,false,1,26236
5000159461122,false,חטיף סניקרס 50 גר',סניקרס,,חטיף סניקרס 50 גר',גרמים,50.00,100 גרם,false,,4.00,0.0800,false,1,26237
5000159500692,false,בקבוק סלבריישן,,,בקבוק סלבריישן,גרמים,312.00,100 גרם,false,,29.90,0.0958,true,1,86219
5000159500845,false,בונבוניירה סלבריישן,,,בונבוניירה סלבריישן,גרמים,196.00,100 גרם,false,,19.90,0.1015,true,1,68874
5000159538626,false,מאגדת טוויקס חמישייה,,,מאגדת טוויקס חמישייה,גרמים,250.00,100 גרם,false,,9.90,0.0396,true,1,89596
5000159538640,false,מאגדת באונטי חמישייה,,,מאגדת באונטי חמישייה,גרמים,285.00,100 גרם,false,,9.90,0.0347,true,1,89597
5000168199245,false,גודייבה שוקולד חלב ב,,,גודייבה שוקולד חלב ב,גרמים,90.00,100 גרם,false,,14.50,0.1611,true,1,90026
5000189974579,false,קיט קט מיני 200 גר',,,קיט קט מיני 200 גר',גרמים,200.00,100 גרם,false,,13.90,0.0695,true,1,73549
5000204114959,false,גלייד ארוסול בניחוח,גלייד,,גלייד ארוסול בניחוח,מיליליטרים,300.00,"100 מ""ל",false,,10.00,0.0333,true,1,81732
5000204133509,false,זיפלוק שקיות אחסון ג,,,זיפלוק שקיות אחסון ג,יחידה,0.00,יחידה,false,,13.90,0.0000,true,1,85895
5000204151022,false,פלדג' ארוסול לניקוי,פלדג',,פלדג' ארוסול לניקוי,מיליליטרים,250.00,"100 מ""ל",false,,15.90,0.0636,true,1,88263
5000204153842,false,גלייד מילוי אוטומטי,גלייד,,גלייד מילוי אוטומטי,מיליליטרים,269.00,"100 מ""ל",false,,14.90,0.0554,true,1,84645
5000204153903,false,גלייד מילוי אוטומטי,גלייד,,גלייד מילוי אוטומטי,מיליליטרים,269.00,"100 מ""ל",false,,14.90,0.0554,true,1,84644
5000204155723,false,גלייד מארז אוטומטי מ,גלייד,,גלייד מארז אוטומטי מ,יחידה,0.00,יחידה,false,,39.90,0.0000,true,1,86152
5000204167856,false,גלייד מילוי אוטומטי,גלייד,,גלייד מילוי אוטומטי,מיליליטרים,269.00,"100 מ""ל",false,,14.90,0.0554,true,1,118554
5000204227130,false,גלייד מבשם ריח מקלות,גלייד,,גלייד מבשם ריח מקלות,מיליליטרים,80.00,"100 מ""ל",false,,29.90,0.3737,true,1,117889
5000204243000,false,דאק נוזל אפרסק על חל,טואלט דאק (ג'ונסון),,דאק נוזל אפרסק על חל,מיליליטרים,750.00,"100 מ""ל",false,,8.90,0.0119,true,1,119322
5000204243031,false,דאק נוזל ירח פורח 75,טואלט דאק (ג'ונסון),,דאק נוזל ירח פורח 75,מיליליטרים,750.00,"100 מ""ל",false,,8.90,0.0119,true,1,119323
5000204657913,false,משחת נעליים קיווי שח,קיווי,,משחת נעליים קיווי שח,מיליליטרים,50.00,"100 מ""ל",false,,5.90,0.1180,true,1,25044
5000204658064,false,קיווי אקספרס ספוג הב,קיווי,,קיווי אקספרס ספוג הב,יחידה,0.00,יחידה,false,,14.90,0.0000,true,1,25045
5000204658125,false,קיווי קראון חום 75 מ,,,קיווי קראון חום 75 מ,מיליליטרים,75.00,"100 מ""ל",false,,14.90,0.1987,true,1,25025
5000204658187,false,משחת נעליים קיווי שח,קיווי,,משחת נעליים קיווי שח,מיליליטרים,75.00,"100 מ""ל",false,,14.90,0.1987,true,1,24831
5000204660159,false,קיווי אקספרס ספוג הב,קיווי,,קיווי אקספרס ספוג הב,יחידה,0.00,יחידה,false,,14.90,0.0000,true,1,25046
5000204661392,false,משחת נעליים אקסטרא ש,קיווי,,משחת נעליים אקסטרא ש,יחידה,0.00,יחידה,false,,8.90,0.0000,true,1,24668
5000204886566,false,פלדג' 473 ORANGE OIL,פלדג',,פלדג' 473 ORANGE OIL,יחידה,475.00,יחידה,false,,32.90,0.0693,true,1,15937
5000213000359,false,"בירה גינס 330 מ""ל בק",קוקה קולה,,"בירה גינס 330 מ""ל בק",מיליליטרים,330.00,"100 מ""ל",false,,13.00,0.0394,true,1,58106
5000232902450,false,BRANSTON-שעועית לבנה,,,BRANSTON-שעועית לבנה,גרמים,410.00,100 גרם,false,,8.90,0.0217,true,1,64649
5000267014234,false,וויסקי גוני ווקר אדו,,,וויסקי גוני ווקר אדו,מיליליטרים,700.00,"100 מ""ל",false,,75.00,0.1071,true,1,83916
5000289925440,false,"ג'ין גורדון 700 מ""ל",,,"ג'ין גורדון 700 מ""ל",מיליליטרים,700.00,"100 מ""ל",false,,79.90,0.1141,true,1,32537
5000394011212,false,דורסל סוללה MN21,,,דורסל סוללה MN21,יחידה,0.00,יחידה,false,,8.90,0.0000,true,1,45432
5000394019171,false,סוללות דורסל D פלוס,,,סוללות דורסל D פלוס,יחידה,0.00,יחידה,false,,24.90,0.0000,true,1,68235
5000394137516,false,דורסל רביעיות AAA או,,,דורסל רביעיות AAA או,יחידה,0.00,יחידה,false,,18.90,0.0000,true,1,117530
5000394140820,false,דורסל שישיות AA פלוס,,,דורסל שישיות AA פלוס,יחידה,0.00,יחידה,false,,18.90,0.0000,true,1,117526
5000394141209,false,דורסל שישיות AAA פלו,,,דורסל שישיות AAA פלו,יחידה,0.00,יחידה,false,,18.90,0.0000,true,1,117527
5000394142190,false,סוללות דורסל V9 פלוס,,,סוללות דורסל V9 פלוס,יחידה,0.00,יחידה,false,,24.90,0.0000,true,1,120812
5000394203884,false,סוללות דורסל ליתיום,,,סוללות דורסל ליתיום,יחידה,0.00,יחידה,false,,17.90,0.0000,true,1,87419
5000394203907,false,דורסל ליתיום,,,דורסל ליתיום,יחידה,0.00,יחידה,false,,17.90,0.0000,true,1,79484
5000394203921,false,זוג סוללות דורסל לית,,,זוג סוללות דורסל לית,יחידה,0.00,יחידה,false,,17.90,0.0000,true,1,87420
5000396037531,false,מקוויטיס ביסקוויט מצ,,,מקוויטיס ביסקוויט מצ,גרמים,200.00,100 גרם,false,,11.50,0.0575,true,1,70426
5000396037548,false,מקוויטיס ביסקוויט מצ,,,מקוויטיס ביסקוויט מצ,גרמים,200.00,100 גרם,false,,11.50,0.0575,true,1,70427
5000396037944,false,מקוויטיס ביסקוויט קל,,,מקוויטיס ביסקוויט קל,גרמים,250.00,100 גרם,false,,10.00,0.0400,true,1,70424
5000409006721,false,טבעות מלפפון להמבורג,,,טבעות מלפפון להמבורג,גרמים,360.00,100 גרם,false,,19.90,0.0553,true,1,67733
5010026515919,false,מוזלי קריספי נאטי 65,,,מוזלי קריספי נאטי 65,גרמים,650.00,100 גרם,false,,24.90,0.0383,true,1,89223
5010026515933,false,מורנפלייק מוזלי פירו,,,מורנפלייק מוזלי פירו,גרמים,750.00,100 גרם,false,,24.90,0.0332,true,1,89508
5010026519368,false,שיבולת שועל בשקית 50,,,שיבולת שועל בשקית 50,גרמים,500.00,100 גרם,false,,8.50,0.0170,true,1,89253
5010029000252,false,וויטביקס אורגינל,,,וויטביקס אורגינל,גרמים,430.00,100 גרם,false,,19.90,0.0463,true,1,70564
5010029201246,false,מוזלי שקדים וצימוקים,,,מוזלי שקדים וצימוקים,גרמים,560.00,100 גרם,false,,21.90,0.0391,true,1,80540
5010029219241,false,וויטביקס מיני שוקולד,,,וויטביקס מיני שוקולד,גרמים,450.00,100 גרם,false,,19.90,0.0442,true,1,75832
5010029221084,false,וויטביקס פרוטאין קרא,,,וויטביקס פרוטאין קרא,גרמים,450.00,100 גרם,false,,23.90,0.0531,true,1,75009
5010029221091,false,וויטביקס פרוטאין קרא,,,וויטביקס פרוטאין קרא,גרמים,450.00,100 גרם,false,,23.90,0.0531,true,1,75010
5010029222005,false,וויטביקס פרוטאין,,,וויטביקס פרוטאין,גרמים,440.00,100 גרם,false,,23.90,0.0543,true,1,90729
5010029223484,false,מוזלי עם תות חמוציות,,,מוזלי עם תות חמוציות,גרמים,560.00,100 גרם,false,,21.90,0.0391,true,1,80541
5010038454831,false,"בירה בלומון 330 מ""ל",,,"בירה בלומון 330 מ""ל",מיליליטרים,330.00,"100 מ""ל",false,,10.00,0.0303,true,1,80584
5010123703547,false,ליסטרין מנטה מרענן ש,,,ליסטרין מנטה מרענן ש,מיליליטרים,500.00,"100 מ""ל",false,,16.90,0.0338,true,1,70473
5010123703585,false,ליסטרין מי פה קולמינ,,,ליסטרין מי פה קולמינ,מיליליטרים,500.00,"100 מ""ל",false,,16.90,0.0338,true,1,69233
5010182996799,false,דאק ג'ל אסלה פרחי בר,טואלט דאק (ג'ונסון),,דאק ג'ל אסלה פרחי בר,מיליליטרים,55.00,"100 מ""ל",false,,9.90,0.1800,false,1,15939
5010182997253,false,RAIDקוטל ג'וקים 400מ,רייד,,RAIDקוטל ג'וקים 400מ,מיליליטרים,400.00,"100 מ""ל",false,,13.90,0.0348,false,1,3426
5010182997338,false,ט.ד ג'ל אסלה ניחוח ר,טואלט דאק (ג'ונסון),,ט.ד ג'ל אסלה ניחוח ר,גרמים,55.00,100 גרם,false,,10.90,0.1982,true,1,15941
5010182997680,false,"RAIDקוטל נמלים 400מ""",רייד,,"RAIDקוטל נמלים 400מ""",מיליליטרים,400.00,"100 מ""ל",false,,13.90,0.0348,false,1,3427
5010182997918,false,ט.ד ג'ל אסלה ניחוח י,טואלט דאק (ג'ונסון),,ט.ד ג'ל אסלה ניחוח י,גרמים,55.00,100 גרם,false,,10.90,0.1982,true,1,15944
5010182998847,false,טואלט דאק נוזל כחול,טואלט דאק (ג'ונסון),,טואלט דאק נוזל כחול,יחידה,750.00,יחידה,false,,8.90,0.0119,true,1,15945
5010182998861,false,טואלט דאק נוזל ירוק,טואלט דאק (ג'ונסון),,טואלט דאק נוזל ירוק,יחידה,750.00,יחידה,false,,8.90,0.0119,true,1,15946
5010327399614,false,גלנפידיך 12 שנה אמרי,,,גלנפידיך 12 שנה אמרי,מיליליטרים,700.00,"100 מ""ל",false,,169.90,0.2427,true,1,120583
5010677551281,false,בקרדי בריזר לימו,בקרדי בריזר,,בקרדי בריזר לימו,יחידה,275.00,יחידה,false,,12.90,0.0469,false,1,16993
5010677551397,false,בקרדי בריזר ליים,בקרדי בריזר,,בקרדי בריזר ליים,מיליליטרים,275.00,"100 מ""ל",false,,12.90,0.0469,false,1,58625
5010677552387,false,בקרדי בריזר אננס,בקרדי בריזר,,בקרדי בריזר אננס,יחידה,275.00,יחידה,false,,12.90,0.0469,false,1,16994
5010677554398,false,בקרדי בריזר אבטי,בקרדי בריזר,,בקרדי בריזר אבטי,מיליליטרים,275.00,"100 מ""ל",false,,12.90,0.0469,false,1,16995
5010677850100,false,"גריי גוס 700 מ""ל",,,"גריי גוס 700 מ""ל",מיליליטרים,700.00,"100 מ""ל",false,,110.00,0.1571,true,1,79470
5010852000917,false,ויסקי בארקליס,,,ויסקי בארקליס,מיליליטרים,700.00,"100 מ""ל",false,,59.90,0.0856,true,1,62748
5011061104045,false,ממתק שערות סבתא מסטי,,,ממתק שערות סבתא מסטי,גרמים,15.00,100 גרם,false,,3.90,0.2600,true,1,121052
5011157630281,false,אורז טילדה,אלסקה/ טילדה,,אורז טילדה,קילוגרמים,1.00,"ק""ג",false,,24.90,24.9000,true,1,10214
5011157671222,false,טילדה אורז בסמטי חום,,,טילדה אורז בסמטי חום,קילוגרמים,1.00,"100 ק""ג",false,,24.90,24.9000,true,1,117252
5011157730271,false,טילדה אורז יסמין,,,טילדה אורז יסמין,קילוגרמים,1.00,"100 ק""ג",false,,24.90,24.9000,true,1,117251
5011417554760,false,אקווה מיסט ורדים,,,אקווה מיסט ורדים,מיליליטרים,345.00,"100 מ""ל",false,,14.90,0.0432,true,1,4728
5013387206403,false,ביסקוויט מעושר בסיבי,,,ביסקוויט מעושר בסיבי,גרמים,160.00,100 גרם,false,,13.90,0.0869,true,1,82288
5013965954382,false,משחה קומפליט עם מי פ,אורל-בי,,משחה קומפליט עם מי פ,מיליליטרים,100.00,"100 מ""ל",false,,15.90,0.1590,true,1,23116
5014271300429,false,ריבת משמש סנדלפור 28,סנדלפור,,ריבת משמש סנדלפור 28,גרמים,284.00,100 גרם,false,,18.90,0.0665,false,1,3704
5014271310428,false,ריבת דובדבן סנדלפור,סנדלפור,,ריבת דובדבן סנדלפור,גרמים,284.00,100 גרם,false,,18.90,0.0665,false,1,3705
5014271330426,false,ריבת אוכמניות סנדלפו,סנדלפור,,ריבת אוכמניות סנדלפו,גרמים,284.00,100 גרם,false,,18.90,0.0665,false,1,3706
5014271350424,false,ריבת פירות סנדלפור 2,סנדלפור,,ריבת פירות סנדלפור 2,גרמים,284.00,100 גרם,false,,18.90,0.0665,false,1,3707
5014271360423,false,מעדן תפוז סנדלפור 28,סנדלפור,,מעדן תפוז סנדלפור 28,גרמים,284.00,100 גרם,false,,18.90,0.0665,false,1,3708
5014271370422,false,ריבת אפרסק סנדלפור 2,סנדלפור,,ריבת אפרסק סנדלפור 2,גרמים,284.00,100 גרם,false,,18.90,0.0665,false,1,3709
5014271400426,false,ריבת תות סנדלפור 284,סנדלפור,,ריבת תות סנדלפור 284,גרמים,284.00,100 גרם,false,,18.90,0.0665,false,1,3712
5014271560427,false,ריבת תפוז וג'ינג'ר ס,סנדלפור,,ריבת תפוז וג'ינג'ר ס,גרמים,284.00,100 גרם,false,,18.90,0.0665,false,1,3713
5014271795980,false,ריבת אוכמניות וחמוצי,סנדלפור,,ריבת אוכמניות וחמוצי,גרמים,284.00,100 גרם,false,,18.90,0.0665,false,1,3716
5014379009972,false,פחית בירה באדוויזר 5,,,פחית בירה באדוויזר 5,מיליליטרים,500.00,"100 מ""ל",false,,9.90,0.0198,true,1,80654
5016840000211,false,וויסקי היי קומישנר 7,,,וויסקי היי קומישנר 7,מיליליטרים,700.00,"100 מ""ל",false,,64.90,0.0927,true,1,70607
5017818800116,false,"דר"" פפר פחית",,,"דר"" פפר פחית",מיליליטרים,355.00,"100 מ""ל",false,,5.90,0.0166,true,1,57938
5029053002408,false,נייר טואלט קלינקס פר,,,נייר טואלט קלינקס פר,גרמים,1184.00,100 גרם,false,,32.90,0.0278,false,1,14808
5029053032658,false,קלינקס ממחטות מארז ש,,,קלינקס ממחטות מארז ש,יחידה,0.00,יחידה,false,,8.90,0.0000,true,1,68760
5029053039725,false,קלינקס נטורל פרש קופ,,,קלינקס נטורל פרש קופ,יחידה,0.00,יחידה,false,,9.90,0.0000,false,1,117662
5029053510811,false,קוטקס אולטרא נור,קוטקס,,קוטקס אולטרא נור,יחידה,0.00,יחידה,false,,17.90,0.0000,false,1,2595
5029053510828,false,קוטקס אולטרא סופ,קוטקס,,קוטקס אולטרא סופ,יחידה,0.00,יחידה,false,,17.90,0.0000,false,1,2596
5029053523446,false,קוטקס אולטרא ליי,קוטקס,,קוטקס אולטרא ליי,יחידה,0.00,יחידה,false,,17.90,0.0000,false,1,2598
5029053527574,false,דריי נייטס 7-4 בנים,האגיס,,דריי נייטס 7-4 בנים,יחידה,0.00,יחידה,false,,33.90,0.0000,false,1,2599
5029053527581,false,דריי נייט 7-4 בנות,האגיס,,דריי נייט 7-4 בנות,יחידה,0.00,יחידה,false,,33.90,0.0000,false,1,2600
5029053527598,false,האגיס דריי נייטס 8-1,האגיס,,האגיס דריי נייטס 8-1,יחידה,0.00,יחידה,false,,33.90,0.0000,false,1,2601
5029053527604,false,האגיס דריי נייטס 8-1,האגיס,,האגיס דריי נייטס 8-1,יחידה,0.00,יחידה,false,,33.90,0.0000,false,1,2602
5029053534596,false,טמפוני קוטקס נורמל,קוטקס,,טמפוני קוטקס נורמל,יחידה,0.00,יחידה,false,,22.90,0.0000,true,1,14815
5029053535227,false,טמפון קוטקס עם מוליך,קוטקס,,טמפון קוטקס עם מוליך,יחידה,0.00,יחידה,false,,22.90,0.0000,true,1,2606
5029053574103,false,פול אפס בנות יום 20,,,פול אפס בנות יום 20,יחידה,0.00,יחידה,false,,41.90,0.0000,false,1,88632
5029053574110,false,פול אפס בנים יום 20,,,פול אפס בנים יום 20,יחידה,0.00,יחידה,false,,41.90,0.0000,false,1,88633
5029053574158,false,פול אפס בנים לילה 18,,,פול אפס בנים לילה 18,יחידה,0.00,יחידה,false,,41.90,0.0000,false,1,88635
5029053578309,false,קלינקס אולטרה סופט ק,,,קלינקס אולטרה סופט ק,יחידה,0.00,יחידה,false,,8.50,0.0000,false,1,117661
5029054220085,false,רביעיית מגבוני רך נו,,,רביעיית מגבוני רך נו,יחידה,0.00,יחידה,false,,26.90,0.0000,false,1,74408
5035766044673,false,סיידר תפוחים סטרונגב,,,סיידר תפוחים סטרונגב,יחידה,0.00,יחידה,false,,7.50,0.0000,true,1,32969
5035766060253,false,מרפיס סטאוט פחית,מרפיס,,מרפיס סטאוט פחית,יחידה,500.00,יחידה,false,,12.50,0.0250,false,1,17000
5053827193368,false,ברנפלקס קלוגס,,,ברנפלקס קלוגס,גרמים,500.00,100 גרם,false,,23.90,0.0478,true,1,76418
5060108450003,false,"מי טוניק 200 מ""ל",,,"מי טוניק 200 מ""ל",מיליליטרים,200.00,"100 מ""ל",false,,6.90,0.0345,true,1,67981
5060108450089,false,"ג'ינג'ר אייל 200 מ""ל",,,"ג'ינג'ר אייל 200 מ""ל",מיליליטרים,200.00,"100 מ""ל",false,,6.90,0.0345,true,1,84418
5060108450263,false,"מי טוניק 500 מ""ל פרי",,,"מי טוניק 500 מ""ל פרי",מיליליטרים,500.00,"100 מ""ל",false,,15.90,0.0318,true,1,89657
5060108450348,false,ג'ינג'ר ביר פרמיום ב,,,ג'ינג'ר ביר פרמיום ב,מיליליטרים,200.00,"100 מ""ל",false,,6.90,0.0345,true,1,82709
5060108450508,false,מי טוניק בתיבול ים ת,,,מי טוניק בתיבול ים ת,מיליליטרים,200.00,"100 מ""ל",false,,6.90,0.0345,true,1,89656
5060123607796,false,תה לונדון תות שדה ונ,,,תה לונדון תות שדה ונ,גרמים,40.00,100 גרם,false,,15.90,0.3975,true,1,11753
5060123607802,false,תה לונדון בטעם לימון,,,תה לונדון בטעם לימון,גרמים,40.00,100 גרם,false,,15.90,0.3975,true,1,11754
5060123607819,false,תה לונדון תפוז,,,תה לונדון תפוז,גרמים,40.00,100 גרם,false,,15.90,0.3975,true,1,4353
5060319120122,false,הייר ליבינג תה ירוק,,,הייר ליבינג תה ירוק,גרמים,40.00,100 גרם,false,,15.90,0.3975,true,1,77190
5060326870829,false,חטיף סויה ותפוח אדמה,,,חטיף סויה ותפוח אדמה,גרמים,85.00,100 גרם,false,,10.90,0.1282,true,1,118484
5060326870881,false,חטיף סויה אפונה בטעם,,,חטיף סויה אפונה בטעם,גרמים,85.00,100 גרם,false,,10.90,0.1282,true,1,118446
5060326870898,false,חטיף צ'יפס חלבון בטע,,,חטיף צ'יפס חלבון בטע,גרמים,85.00,100 גרם,false,,10.90,0.1282,true,1,118447
5060517886486,false,משקה אנרגיה מונסטר ק,,,משקה אנרגיה מונסטר ק,מיליליטרים,500.00,"100 מ""ל",false,,7.50,0.0150,false,1,81556
5060517886516,false,משקה אנרגיה מונסטר ז,,,משקה אנרגיה מונסטר ז,מיליליטרים,500.00,"100 מ""ל",false,,7.00,0.0140,true,1,81559
5060639129102,false,משקה אנרגיה מונסטר פ,,,משקה אנרגיה מונסטר פ,מיליליטרים,500.00,"100 מ""ל",false,,7.50,0.0150,true,1,86963
5060751218173,false,משקה אנרגיה מונסטר 5,,,משקה אנרגיה מונסטר 5,מיליליטרים,500.00,"100 מ""ל",false,,7.50,0.0150,true,1,119973
5200133120292,false,גליליות וופל ללא סוכ,,,גליליות וופל ללא סוכ,גרמים,135.00,100 גרם,false,,6.90,0.0511,true,1,75998
5200133120476,false,גליליות וופלים ממולא,,,גליליות וופלים ממולא,גרמים,400.00,100 גרם,false,,16.90,0.0422,true,1,73723
5200133120483,false,גליליות וניל 400 גר,,,גליליות וניל 400 גר,גרמים,400.00,100 גרם,false,,16.90,0.0422,true,1,73726
5201004020338,false,גלילי וופל במילוי קר,,,גלילי וופל במילוי קר,גרמים,400.00,100 גרם,false,,18.90,0.0472,true,1,79158
5201004021328,false,גלילי וופל במילוי אג,,,גלילי וופל במילוי אג,גרמים,115.00,100 גרם,false,,8.50,0.0739,true,1,79159
5201261201532,false,"הייניקן פחית 500 מ""ל",,,"הייניקן פחית 500 מ""ל",ליטרים,2.00,ליטר,false,,36.90,18.4500,true,1,117354
5201347160326,false,"קלגון ג'ל 750 מ""ל",,,"קלגון ג'ל 750 מ""ל",מיליליטרים,750.00,"100 מ""ל",false,,29.90,0.0399,true,1,70224
5201347400545,false,ויט ארומטיק שעווה לפ,ויט,,ויט ארומטיק שעווה לפ,מיליליטרים,0.00,"מ""ל",false,,19.90,0.0000,true,1,18014
5201940010110,false,זית שחור קלמטה 454 ג,וילי פוד,,זית שחור קלמטה 454 ג,גרמים,454.00,100 גרם,false,,14.90,0.0328,true,1,5382
5202390014239,false,גבינה צהובה טבעונית,,,גבינה צהובה טבעונית,גרמים,200.00,100 גרם,false,,19.90,0.0995,true,1,73240
5202390015618,false,גבינה צהובה טבעונית,,,גבינה צהובה טבעונית,יחידה,0.00,יחידה,false,,19.90,0.0000,true,1,32516
5202390015885,false,ויולייפ צדר פרוסות,,,ויולייפ צדר פרוסות,גרמים,200.00,100 גרם,false,,21.00,0.1050,true,1,120854
5202390016141,false,מוצרלה טבעונית לפיצה,,,מוצרלה טבעונית לפיצה,גרמים,400.00,100 גרם,false,,24.90,0.0622,true,1,60228
5202390019319,false,ויולייף מוצרלה טבעונ,,,ויולייף מוצרלה טבעונ,גרמים,200.00,100 גרם,false,,19.90,0.0995,true,1,88681
5202390020407,false,פטה טבעונית 200 גר',,,פטה טבעונית 200 גר',גרמים,200.00,100 גרם,false,,22.90,0.1145,true,1,76435
5202390021121,false,קרם טבעוני אורגינל 1,,,קרם טבעוני אורגינל 1,גרמים,150.00,100 גרם,false,,16.90,0.1127,true,1,76437
5202390022319,false,ויולייפ צדר מגורדת,,,ויולייפ צדר מגורדת,גרמים,150.00,100 גרם,false,,21.00,0.1400,true,1,120855
5202413007040,false,"אוזו פלומארי כשל""פ",,,"אוזו פלומארי כשל""פ",מיליליטרים,750.00,"100 מ""ל",false,,79.90,0.1065,true,1,119681
5391523057936,false,סימילאק גולד 700 גר',,,סימילאק גולד 700 גר',גרמים,700.00,100 גרם,false,,69.90,0.0999,false,1,75107
5391523057943,false,סימילאק גולד 700 גר',,,סימילאק גולד 700 גר',גרמים,700.00,100 גרם,false,,69.90,0.0999,false,1,75108
5391523058070,false,סימילאק אדבנס פלוס ש,,,סימילאק אדבנס פלוס ש,גרמים,700.00,100 גרם,false,,64.90,0.0927,false,1,74550
5391523058087,false,סימילאק אדבנס פלוס ש,,,סימילאק אדבנס פלוס ש,גרמים,700.00,100 גרם,false,,64.90,0.0927,false,1,74551
5400265019055,false,המלט-פרלינים בלגיים,,,המלט-פרלינים בלגיים,גרמים,125.00,100 גרם,false,,23.90,0.1912,true,1,24521
5400265022796,false,המלט שוקולס קריספי 1,,,המלט שוקולס קריספי 1,גרמים,125.00,100 גרם,false,,14.90,0.1192,true,1,11981
5400265022826,false,"המלט שוקול""ס קריספי",,,"המלט שוקול""ס קריספי",גרמים,125.00,100 גרם,false,,14.90,0.1192,true,1,11984
5400265024233,false,קופידו פרלין במילוי,,,קופידו פרלין במילוי,גרמים,150.00,100 גרם,false,,17.90,0.1193,true,1,59650
5400265026152,false,המלט בונבונירה 250 ג,,,המלט בונבונירה 250 ג,גרמים,250.00,100 גרם,false,,44.90,0.1796,true,1,32220
5400265027265,false,המלט אריזת מתנה צ'סט,,,המלט אריזת מתנה צ'סט,גרמים,125.00,100 גרם,false,,19.90,0.1592,true,1,67346
5410033851459,false,תה ליפטון ילו לי,ליפטון,,תה ליפטון ילו לי,גרמים,150.00,100 גרם,false,,12.90,0.0860,false,1,2036
5410103161617,false,קרם לחות פעולה משולש,,,קרם לחות פעולה משולש,מיליליטרים,50.00,"100 מ""ל",false,,45.90,0.9180,true,1,69878
5410126006087,false,עוגיות לוטוס 700 גר,לוטוס,,עוגיות לוטוס 700 גר,גרמים,700.00,100 גרם,false,,25.90,0.0370,true,1,28428
5410126006360,false,לוטוס עוגיות סנדוויץ,,,לוטוס עוגיות סנדוויץ,גרמים,150.00,100 גרם,false,,8.50,0.0567,true,1,117514
5410126106022,false,מארז עוגיות לוטוס,,,מארז עוגיות לוטוס,גרמים,500.00,100 גרם,false,,15.90,0.0318,true,1,85009
5410126116953,false,ממרח בטעם עוגיות לוט,,,ממרח בטעם עוגיות לוט,גרמים,400.00,100 גרם,false,,19.90,0.0497,false,1,24269
5410126666038,false,לוטוס 279 גר ארוז 2,,,לוטוס 279 גר ארוז 2,גרמים,279.00,100 גרם,false,,11.90,0.0427,true,1,75423
5410126716016,false,לוטוס 250 גר,לוטוס,,לוטוס 250 גר,גרמים,250.00,100 גרם,false,,10.90,0.0436,false,1,10601
5410126726947,false,ממרח עוגיות לוטוס קר,,,ממרח עוגיות לוטוס קר,גרמים,380.00,100 גרם,false,,19.90,0.0524,false,1,31797
5410173210055,false,קפה טחון וקלוי לפילט,,,קפה טחון וקלוי לפילט,גרמים,70.00,100 גרם,false,,19.90,0.2843,false,1,26275
5410228267515,false,בירה באדוויזר שישייה,,,בירה באדוויזר שישייה,מיליליטרים,1980.00,"100 מ""ל",false,,29.90,0.0151,true,1,80845
5410291021991,false,צ'וקטה ממרח אגוזי לו,,,צ'וקטה ממרח אגוזי לו,גרמים,700.00,100 גרם,false,,18.90,0.0270,true,1,64298
5410291022011,false,צ'וקטה ממרח אגוזי לו,,,צ'וקטה ממרח אגוזי לו,גרמים,350.00,100 גרם,false,,10.90,0.0311,true,1,64299
5410291022776,false,צ'וקטה ממרח אגוזי לו,צ'וקטה,,צ'וקטה ממרח אגוזי לו,גרמים,700.00,100 גרם,false,,18.90,0.0270,true,1,68375
5410316983693,false,סמירנוף אייס,סמירנוף,,סמירנוף אייס,יחידה,275.00,יחידה,false,,10.90,0.0396,true,1,13541
5410316994019,false,"וודקה סמירנוף 700 מ""",סמירנוף,,"וודקה סמירנוף 700 מ""",מיליליטרים,700.00,"100 מ""ל",false,,59.90,0.0856,false,1,28725
5410769100081,false,"בירה לה שוף 330 מ""ל",,,"בירה לה שוף 330 מ""ל",יחידה,0.00,יחידה,false,,12.90,0.0000,true,1,70106
5410769200088,false,"בירה  מק שוף 330 מ""ל",,,"בירה  מק שוף 330 מ""ל",מיליליטרים,330.00,"100 מ""ל",false,,12.90,0.0391,true,1,70107
5410769800097,false,בירה צ'רי שוף,,,בירה צ'רי שוף,מיליליטרים,330.00,"100 מ""ל",false,,12.90,0.0391,true,1,70179
5411188081852,false,אלפרו חלב סויה וניל,,,אלפרו חלב סויה וניל,ליטרים,1.00,ליטר,false,,13.90,13.9000,true,1,32327
5411188094159,false,מעדן סויה אלפרו שוקו,אלפרו,,מעדן סויה אלפרו שוקו,גרמים,500.00,100 גרם,false,,17.50,0.0350,true,1,7799
5411188096108,false,אלפרו שמנת צמחית לבי,אלפרו,,אלפרו שמנת צמחית לבי,מיליליטרים,250.00,"100 מ""ל",false,,9.50,0.0380,true,1,7800
5411188106159,false,אלפרו סויה לייט טבעי,,,אלפרו סויה לייט טבעי,ליטרים,1.00,ליטר,false,,13.90,13.9000,true,1,31417
5411188110835,false,אלפרו חלב שקדים 1 לי,אלפרו,,אלפרו חלב שקדים 1 לי,ליטרים,1.00,ליטר,false,,13.90,13.9000,true,1,25945
5411188112709,false,אלפרו משקה שקדים ללא,אלפרו,,אלפרו משקה שקדים ללא,ליטרים,1.00,ליטר,false,,13.90,13.9000,true,1,33679
5411188115366,false,אלפרו משקה שיבולת שו,,,אלפרו משקה שיבולת שו,ליטרים,1.00,ליטר,false,,13.90,13.9000,true,1,31175
5411188115434,false,אלפרו משקה בריסטה סו,,,אלפרו משקה בריסטה סו,ליטרים,1.00,ליטר,false,,13.90,13.9000,true,1,119059
5411188115472,false,אלפרו משקה סויה 1 לי,,,אלפרו משקה סויה 1 לי,ליטרים,1.00,ליטר,false,,13.90,13.9000,true,1,84828
5411188116905,false,אלפרו משקה סויה בטעם,,,אלפרו משקה סויה בטעם,ליטרים,1.00,ליטר,false,,13.90,13.9000,true,1,120030
5411188118732,false,אלפרו משקה קוקוס שקד,,,אלפרו משקה קוקוס שקד,ליטרים,1.00,ליטר,false,,13.90,13.9000,true,1,61999
5411188120742,false,אלפרו משקה שקדים בטע,,,אלפרו משקה שקדים בטע,ליטרים,1.00,ליטר,false,,13.90,13.9000,true,1,62000
5411188120957,false,אלפרו תערובת לבישול,,,אלפרו תערובת לבישול,מיליליטרים,250.00,"100 מ""ל",false,,9.90,0.0396,true,1,69786
5411188121923,false,אלפרו סויה סידן שלשו,,,אלפרו סויה סידן שלשו,מיליליטרים,0.00,"100 מ""ל",false,,13.90,0.0000,true,1,71948
5411188121978,false,אלפרו סויה סדן שלישי,,,אלפרו סויה סדן שלישי,מיליליטרים,750.00,"100 מ""ל",false,,13.90,0.0185,true,1,70766
5411188122586,false,משקה שקדים אלפרו 250,,,משקה שקדים אלפרו 250,מיליליטרים,250.00,"100 מ""ל",false,,5.90,0.0236,true,1,68278
5411188122661,false,אלפרו משקה שקדים ללא,,,אלפרו משקה שקדים ללא,ליטרים,1.00,ליטר,false,,13.90,13.9000,true,1,68279
5411188124689,false,אלפרו משקה שיבולת שו,,,אלפרו משקה שיבולת שו,ליטרים,1.00,ליטר,false,,13.90,13.9000,true,1,85669
5411188124726,false,אלפרו משקה שיבולת שו,,,אלפרו משקה שיבולת שו,ליטרים,1.00,100 ליטר,false,,13.90,13.9000,true,1,71231
5411188126195,false,אלפרו משקה שקדים אור,,,אלפרו משקה שקדים אור,ליטרים,1.00,ליטר,false,,13.90,13.9000,true,1,74066
5411188127697,false,אלפרו בריסטה שיבולת,,,אלפרו בריסטה שיבולת,ליטרים,1.00,100 ליטר,false,,13.90,13.9000,true,1,84830
5411188129899,false,אלפרו בריסטה שקדים 1,,,אלפרו בריסטה שקדים 1,ליטרים,1.00,100 ליטר,false,,13.90,13.9000,true,1,84831
5411188133476,false,אלפרו משקה סויה שוקו,,,אלפרו משקה סויה שוקו,מיליליטרים,250.00,"100 מ""ל",false,,6.90,0.0276,true,1,90293
5411188133490,false,אלפרו משקה סויה קפה,,,אלפרו משקה סויה קפה,מיליליטרים,250.00,"100 מ""ל",false,,6.90,0.0276,true,1,90294
5411188134985,false,אלפרו 3.5% שומן שיבו,,,אלפרו 3.5% שומן שיבו,ליטרים,1.00,ליטר,false,,12.90,12.9000,true,1,90292
5411188135005,false,אלפרו 1.8% שומן שיבו,,,אלפרו 1.8% שומן שיבו,ליטרים,1.00,ליטר,false,,12.90,12.9000,true,1,90291
5411188300328,false,אלפרו סויה שוקו 1 ל,אלפרו,,אלפרו סויה שוקו 1 ל,ליטרים,1.00,ליטר,false,,13.90,13.9000,true,1,32613
5411188513483,false,אלפרו סויה לבישול 14,,,אלפרו סויה לבישול 14,מיליליטרים,250.00,"100 מ""ל",false,,9.50,0.0380,true,1,119061
5411188543398,false,אלפרו משקה סויה ללא,,,אלפרו משקה סויה ללא,ליטרים,1.00,ליטר,false,,13.90,13.9000,true,1,84832
5411681014005,false,"בירה דובל 7% 330 מ""ל",,,"בירה דובל 7% 330 מ""ל",יחידה,330.00,יחידה,false,,12.90,0.0391,true,1,18380
5411681038001,false,מרדסו בירה חזקה מאוד,,,מרדסו בירה חזקה מאוד,יחידה,330.00,יחידה,false,,12.90,0.0391,true,1,27698
5411686700118,false,בירת מתובלת בפירות,,,בירת מתובלת בפירות,יחידה,250.00,יחידה,false,,9.90,0.0396,true,1,58368
5412514350000,false,"עלי טורטילס 25 ס""ם",,,"עלי טורטילס 25 ס""ם",גרמים,370.00,100 גרם,false,,22.90,0.0619,true,1,65926
5412514777746,false,קונכיות טאקו מתי,,,קונכיות טאקו מתי,גרמים,125.00,100 גרם,false,,18.90,0.1512,true,1,11760
5412514931117,false,עלי טורטילס תירס,,,עלי טורטילס תירס,גרמים,320.00,100 גרם,false,,20.90,0.0653,true,1,32253
5412514931889,false,עלי טורטילס קורדיטה,,,עלי טורטילס קורדיטה,גרמים,272.00,100 גרם,false,,16.00,0.0588,true,1,17521
5412533001617,false,נוזל לניקוי כלים,,,נוזל לניקוי כלים,ליטרים,1.00,ליטר,false,,15.90,15.9000,true,1,15174
5412533002287,false,"מנקה אסלות 750 מ""ל",,,"מנקה אסלות 750 מ""ל",יחידה,750.00,יחידה,false,,17.90,0.0239,true,1,19698
5412533002652,false,מסיר כתמים אקולו,,,מסיר כתמים אקולו,יחידה,200.00,יחידה,false,,24.90,0.1245,true,1,20331
5412533140408,false,מלבין לכביסה ולב,,,מלבין לכביסה ולב,גרמים,400.00,100 גרם,false,,17.90,0.0447,true,1,15185
5412533400106,false,אקובר אבקת כביסה לבנ,,,אקובר אבקת כביסה לבנ,קילוגרמים,1.20,"ק""ג",false,,46.90,39.0833,true,1,121878
5412533416626,false,אקובר טבליות ג'מבו ל,,,אקובר טבליות ג'מבו ל,יחידה,0.00,יחידה,false,,79.90,0.0000,true,1,120820
5412533418781,false,נוזל כביסה זירו 1.5,,,נוזל כביסה זירו 1.5,ליטרים,1.50,ליטר,false,,59.90,39.9333,true,1,80141
5412533419566,false,נוזל כביסה עדינה בני,,,נוזל כביסה עדינה בני,מיליליטרים,750.00,"100 מ""ל",false,,22.90,0.0305,true,1,85204
5412533419702,false,מרכך כביסה וניל 750,,,מרכך כביסה וניל 750,מיליליטרים,750.00,"100 מ""ל",false,,15.90,0.0212,true,1,82008
5412533419764,false,נוזל לכביסה שחורה וכ,,,נוזל לכביסה שחורה וכ,ליטרים,1.00,ליטר,false,,49.90,49.9000,true,1,82912
5412533420364,false,נוזל כביסה אוניברסלי,,,נוזל כביסה אוניברסלי,ליטרים,1.00,ליטר,false,,39.90,39.9000,true,1,82733
5412533421514,false,נוזל לניקוי רצפות 1,,,נוזל לניקוי רצפות 1,ליטרים,1.00,ליטר,false,,21.00,21.0000,true,1,118713
5412533421828,false,תרסיס לניקוי משטחים,,,תרסיס לניקוי משטחים,מיליליטרים,500.00,"100 מ""ל",false,,25.90,0.0518,true,1,118714
5412533421989,false,"מסיר אבנית 500 מ""ל E",,,"מסיר אבנית 500 מ""ל E",מיליליטרים,500.00,"100 מ""ל",false,,23.90,0.0478,true,1,118712
5412865030668,false,דקיקי שוקולד ממולאים,,,דקיקי שוקולד ממולאים,גרמים,200.00,100 גרם,false,,19.90,0.0995,true,1,85735
5413121355082,false,שוקולד מריר בלג'יאן,,,שוקולד מריר בלג'יאן,גרמים,100.00,100 גרם,false,,9.90,0.0990,true,1,24522
5413121356829,false,בלגיאן-שוקולד חלב לל,,,בלגיאן-שוקולד חלב לל,גרמים,100.00,100 גרם,false,,14.90,0.1490,true,1,33866
5413121358694,false,פרסטיז' שוקולד בלגי,,,פרסטיז' שוקולד בלגי,גרמים,100.00,100 גרם,false,,9.90,0.0990,true,1,11999
5413149655522,false,אריאל שושן צחור 1.25,אריאל,,אריאל שושן צחור 1.25,קילוגרמים,1.25,"ק""ג",false,,14.90,11.9200,true,1,3321
5413149922907,false,אריאל קולור וסטייל 5,אריאל,,אריאל קולור וסטייל 5,קילוגרמים,5.00,"ק""ג",false,,36.90,7.3800,false,1,3324
5413149922938,false,אריאל שושן צחור 5קג,אריאל,,אריאל שושן צחור 5קג,קילוגרמים,5.00,"ק""ג",false,,36.90,7.3800,false,1,3325
5413202171303,false,בונ' פרלינים בלגיים,,,בונ' פרלינים בלגיים,גרמים,200.00,100 גרם,false,,26.90,0.1345,true,1,121476
5413202810134,false,בונ' פרלינים בלגיים,,,בונ' פרלינים בלגיים,גרמים,200.00,100 גרם,false,,26.90,0.1345,true,1,121474
5420066370025,false,טראפל בלגי קפה 150 ג,,,טראפל בלגי קפה 150 ג,גרמים,150.00,100 גרם,false,,10.90,0.0727,true,1,74484
5420066370049,false,טראפל בלגי תפוז,,,טראפל בלגי תפוז,גרמים,150.00,100 גרם,false,,10.90,0.0727,true,1,81554
5601008200444,false,עוגיות טבעת מצופות ש,גודי'ס,,עוגיות טבעת מצופות ש,גרמים,150.00,100 גרם,false,,6.50,0.0433,true,1,3326
5601008200451,false,עוגיות טבעת מצופות ש,גודי'ס,,עוגיות טבעת מצופות ש,גרמים,150.00,100 גרם,false,,6.50,0.0433,true,1,3327
5601008200468,false,עוגיות טבעת מצופות ש,גודי'ס,,עוגיות טבעת מצופות ש,גרמים,150.00,100 גרם,false,,6.50,0.0433,true,1,3328
5601045300022,false,גוארנה אנטרטיקה 330,,,גוארנה אנטרטיקה 330,יחידה,330.00,יחידה,false,,6.00,0.0182,true,1,10205
5601217129420,false,ווליט 20 דפים למכונת,,,ווליט 20 דפים למכונת,יחידה,0.00,יחידה,false,,19.90,0.0000,true,1,70429
5604912415003,false,סרדינים בשמן זית פור,,,סרדינים בשמן זית פור,גרמים,125.00,100 גרם,false,,6.90,0.0552,true,1,74592
5604912415041,false,סרדינים בשמן חמניה פ,,,סרדינים בשמן חמניה פ,גרמים,125.00,100 גרם,false,,6.30,0.0504,true,1,74593
5604912415058,false,סרדינים בשמן חמניה ח,,,סרדינים בשמן חמניה ח,גרמים,125.00,100 גרם,false,,6.30,0.0504,true,1,74594
5604912425057,false,מקרלים בשמן חמניה חר,,,מקרלים בשמן חמניה חר,גרמים,125.00,100 גרם,false,,5.90,0.0472,true,1,75099
5608933004376,false,בירה עלמה לאגר כהה 6,,,בירה עלמה לאגר כהה 6,מיליליטרים,1980.00,"100 מ""ל",false,,29.90,0.0151,true,1,83544
5701932026964,false,פופקורן למיקרוגל,,,פופקורן למיקרוגל,גרמים,600.00,100 גרם,false,,15.00,0.0250,true,1,2427
5701932026971,false,פופקורן חמאה 600,,,פופקורן חמאה 600,גרמים,600.00,100 גרם,false,,15.00,0.0250,true,1,2428
5701932026995,false,פופקורן הוטפופ,,,פופקורן הוטפופ,גרמים,510.00,100 גרם,false,,15.00,0.0294,false,1,2429
5706516031358,false,הוטפופ 100קלוריות,הוט פופ,,הוטפופ 100קלוריות,גרמים,160.00,100 גרם,false,,15.00,0.0938,true,1,2430
5708209201611,false,טורטיה מקמח חיטה,,,טורטיה מקמח חיטה,גרמים,340.00,100 גרם,false,,16.90,0.0497,true,1,3329
5708209201628,false,טורטיה,,,טורטיה,גרמים,370.00,100 גרם,false,,19.90,0.0538,true,1,15734
5711953106583,false,ארלה גבינת שמנת טבעי,,,ארלה גבינת שמנת טבעי,גרמים,200.00,100 גרם,false,,14.90,0.0745,true,1,80232
5711953106590,false,ארלה גבינת שמנת שום,,,ארלה גבינת שמנת שום,גרמים,200.00,100 גרם,false,,14.90,0.0745,true,1,80286
5711953106606,false,ארלה גבינת שמנת עשבי,,,ארלה גבינת שמנת עשבי,גרמים,200.00,100 גרם,false,,14.90,0.0745,true,1,80233
5740900403215,false,ממרח מחמאת לורפק עם,,,ממרח מחמאת לורפק עם,גרמים,250.00,100 גרם,false,,16.90,0.0676,false,1,75317
5740900403222,false,ממרח מחמאת לורפק עם,,,ממרח מחמאת לורפק עם,גרמים,250.00,100 גרם,false,,16.90,0.0676,false,1,75318
5740900403239,false,ממרח מחמאת לורפק ללא,,,ממרח מחמאת לורפק ללא,גרמים,250.00,100 גרם,false,,16.90,0.0676,false,1,75319
5740900403246,false,ממרח מחמאת לורפק ללא,,,ממרח מחמאת לורפק ללא,גרמים,500.00,100 גרם,false,,26.90,0.0538,false,1,75320
5740900403253,false,ממרח מחמאת לורפק עם,,,ממרח מחמאת לורפק עם,גרמים,500.00,100 גרם,false,,26.90,0.0538,false,1,75321
5740900403260,false,ממרח לורפק ללא מלח 2,,,ממרח לורפק ללא מלח 2,גרמים,250.00,100 גרם,false,,16.90,0.0676,false,1,75322
5740900403284,false,חמאה לורפק 200 גר לל,,,חמאה לורפק 200 גר לל,גרמים,200.00,100 גרם,false,,11.50,0.0575,false,1,84701
5900020012814,false,נסקוויק דגני בוקר בט,נסקוויק,,נסקוויק דגני בוקר בט,גרמים,500.00,100 גרם,false,,19.90,0.0398,false,1,5751
5900020020710,false,קראנץ בר שוקו וניל 6,נסטלה,,קראנץ בר שוקו וניל 6,גרמים,150.00,100 גרם,false,,14.90,0.0993,false,1,28144
5900020020741,false,נסקוויק בר דגנים שוק,נסטלה,,נסקוויק בר דגנים שוק,גרמים,150.00,100 גרם,false,,14.90,0.0993,false,1,28145
5900020024770,false,חטיפי פיטנס בר דליס,נסטלה,,חטיפי פיטנס בר דליס,גרמים,135.00,100 גרם,false,,14.90,0.1104,false,1,59453
5900020024817,false,חטיפי פיטנס בר דליס,נסטלה,,חטיפי פיטנס בר דליס,גרמים,135.00,100 גרם,false,,14.90,0.1104,false,1,59454
5900020025647,false,חטיפי פיטנס בר דליס,נסטלה,,חטיפי פיטנס בר דליס,גרמים,135.00,100 גרם,false,,14.90,0.1104,false,1,59456
5900020025807,false,סיני מיניס דגנים 375,נסטלה,,סיני מיניס דגנים 375,גרמים,375.00,100 גרם,false,,10.00,0.0267,false,1,59952
5900020026552,false,האני נאט ציריוס עידן,,,האני נאט ציריוס עידן,גרמים,625.00,100 גרם,false,,19.90,0.0318,false,1,63727
5900020031877,false,צ'ריוס האני נאט חטיף,,,צ'ריוס האני נאט חטיף,גרמים,132.00,100 גרם,false,,14.90,0.1129,false,1,74361
5900020032454,false,פיטנס ברים חטיף עוגי,,,פיטנס ברים חטיף עוגי,גרמים,188.00,100 גרם,false,,14.90,0.0793,true,1,88943
5900020032539,false,פיטנס בר חטיף שוקולד,,,פיטנס בר חטיף שוקולד,גרמים,188.00,100 גרם,false,,14.90,0.0793,true,1,88942
5900020033314,false,ליון חטיף דגנים 6*25,,,ליון חטיף דגנים 6*25,גרמים,150.00,100 גרם,false,,14.90,0.0993,false,1,75499
5900020034991,false,קראנץ צדפים בטעם שוק,,,קראנץ צדפים בטעם שוק,גרמים,450.00,100 גרם,false,,19.90,0.0442,false,1,81033
5900020036407,false,דגני בוקר שוקולד וקר,,,דגני בוקר שוקולד וקר,גרמים,480.00,100 גרם,false,,19.90,0.0415,false,1,83357
5900020037916,false,צ'יריוס שיבולת שועל,,,צ'יריוס שיבולת שועל,גרמים,375.00,100 גרם,false,,16.90,0.0451,true,1,86801
5900353618486,false,בונבוניירה שרי MIESZ,,,בונבוניירה שרי MIESZ,גרמים,104.00,100 גרם,false,,9.90,0.0952,true,1,90353
5900353646755,false,שקית שזיפים בשוקלד מ,,,שקית שזיפים בשוקלד מ,גרמים,255.00,100 גרם,false,,15.90,0.0624,true,1,90354
5900627026429,false,סיליט באנג מנקה ומחט,סיליט,,סיליט באנג מנקה ומחט,מיליליטרים,750.00,"100 מ""ל",false,,9.90,0.0132,true,1,18017
5900627063233,false,פיניש 50 טבליות AIO,פיניש,,פיניש 50 טבליות AIO,יחידה,0.00,יחידה,false,,39.90,0.0000,true,1,64418
5900951283963,false,חטיף סניקרס,,,חטיף סניקרס,גרמים,36.50,100 גרם,false,,4.00,0.1096,false,1,118724
5900951284571,false,פדיגרי פחית בקר 400,פדיגרי,,פדיגרי פחית בקר 400,גרמים,400.00,100 גרם,false,,9.40,0.0235,true,1,87080
5901414200411,false,עוגיות מיני היט,היט,,עוגיות מיני היט,גרמים,130.00,100 גרם,false,,6.90,0.0531,true,1,8578
5902198160403,false,"XL ten פחית 250 מ""ל",XL,,"XL ten פחית 250 מ""ל",מיליליטרים,250.00,"100 מ""ל",false,,4.50,0.0180,false,1,68749
5906485301012,false,משקה אנרגיה אקסל,XL,,משקה אנרגיה אקסל,מיליליטרים,250.00,"100 מ""ל",false,,4.50,0.0180,false,1,11489
5941021001254,false,טבלת היידי גראנדור ת,,,טבלת היידי גראנדור ת,גרמים,80.00,80  גרם,false,,8.50,0.1063,true,1,62353
5941021001261,false,טבלת היידי גראנדור 7,,,טבלת היידי גראנדור 7,גרמים,80.00,80  גרם,false,,8.50,0.1063,true,1,62354
5941021002190,false,טבלת שוקולד היידי גר,,,טבלת שוקולד היידי גר,גרמים,100.00,100 גרם,false,,8.90,0.0890,true,1,64251
5941021005122,false,טבלת שוקולד היידי גר,,,טבלת שוקולד היידי גר,גרמים,80.00,100 גרם,false,,8.50,0.1063,true,1,64252
5941021005139,false,טבלת היידי גראנדור ח,,,טבלת היידי גראנדור ח,גרמים,100.00,100 גרם,false,,8.90,0.0890,true,1,62356
5941021007577,false,טבלת היידי גראנדור פ,,,טבלת היידי גראנדור פ,גרמים,80.00,80  גרם,false,,8.50,0.1063,true,1,62358
5941021008208,false,טבלת שוקולד היידי גר,,,טבלת שוקולד היידי גר,גרמים,80.00,100 גרם,false,,8.50,0.1063,true,1,64253
5941021008673,false,טבלת שוקולד היידי גר,,,טבלת שוקולד היידי גר,גרמים,100.00,100 גרם,false,,8.90,0.0890,true,1,64254
5941021011147,false,טבלת שוקולד היידי גר,,,טבלת שוקולד היידי גר,גרמים,100.00,100 גרם,false,,8.90,0.0890,true,1,64256
5941021014483,false,טבלת היידי גראנדור פ,,,טבלת היידי גראנדור פ,גרמים,100.00,100 גרם,false,,8.90,0.0890,true,1,72467
5948559002753,false,מטלית ניקוי בעלת ספי,,,מטלית ניקוי בעלת ספי,יחידה,0.00,יחידה,false,,15.90,0.0000,true,1,78816
5997010302024,false,מחית לגולש חריפה 70,,,מחית לגולש חריפה 70,גרמים,70.00,100 גרם,false,,9.90,0.1414,true,1,117378
5997321770307,false,ויט רצועות שעווה לעו,ויט,,ויט רצועות שעווה לעו,יחידה,0.00,יחידה,false,,19.90,0.0000,true,1,73974
5998749109113,false,פדיגרי דנטה לארג' 27,פדיגרי,,פדיגרי דנטה לארג' 27,גרמים,270.00,100 גרם,false,,18.90,0.0700,true,1,59211
5998749128909,false,ויסקס אנטיהייר 55 גר,ויסקס,,ויסקס אנטיהייר 55 גר,גרמים,55.00,100 גרם,false,,10.90,0.1982,true,1,64716
5998749129746,false,ויסקס אדולט ביף 1.4,ויסקס,,ויסקס אדולט ביף 1.4,קילוגרמים,1.40,"ק""ג",false,,46.90,33.5000,true,1,64031
5998749131688,false,פדיגרי טייסמי מיניס,,,פדיגרי טייסמי מיניס,גרמים,125.00,100 גרם,false,,18.90,0.1512,true,1,89276
5998749132340,false,פדיגרי  ג'וניור צ'יק,פדיגרי,,פדיגרי  ג'וניור צ'יק,קילוגרמים,2.20,"ק""ג",false,,53.90,24.5000,true,1,66507
5998749139974,false,פדיגרי ג'אמבון לארג',,,פדיגרי ג'אמבון לארג',גרמים,180.00,100 גרם,false,,17.90,0.0994,true,1,119066
6001067017523,false,קולגייט מברשת ילדים,קולגייט,,קולגייט מברשת ילדים,יחידה,0.00,יחידה,false,,9.90,0.0000,true,1,25947
6003105001563,false,תבלין בריי וגריל,,,תבלין בריי וגריל,גרמים,200.00,100 גרם,false,,22.90,0.1145,true,1,32085
6003105002270,false,INA PAARMANS תבלין ת,,,INA PAARMANS תבלין ת,מיליליטרים,200.00,"100 מ""ל",false,,22.90,0.1145,true,1,31525
6003770000649,false,רוטב פרי פרי שום 250,,,רוטב פרי פרי שום 250,גרמים,250.00,100 גרם,false,,22.90,0.0916,true,1,33784
6003770000663,false,רוטב פרי פרי חריף 25,,,רוטב פרי פרי חריף 25,גרמים,250.00,100 גרם,false,,22.90,0.0916,true,1,33562
6003770002414,false,רוטב פרי פרי לימון ו,,,רוטב פרי פרי לימון ו,גרמים,250.00,100 גרם,false,,22.90,0.0916,true,1,57539
6003770002674,false,רוטב פרי פרי חריף,,,רוטב פרי פרי חריף,גרמים,250.00,100 גרם,false,,22.90,0.0916,true,1,57540
6006507004996,false,תערובת תיבול ים תיכו,,,תערובת תיבול ים תיכו,גרמים,100.00,100 גרם,false,,19.90,0.1990,true,1,69600
6006507005016,false,CAPE HERBS טקסס סטיי,,,CAPE HERBS טקסס סטיי,גרמים,100.00,100 גרם,false,,19.90,0.1990,true,1,69085
6006507005306,false,מטחנה הימלאיה ורוד 3,,,מטחנה הימלאיה ורוד 3,גרמים,390.00,100 גרם,false,,21.90,0.0562,true,1,117449
6006507005764,false,תבלין אסייתי 100 גר',,,תבלין אסייתי 100 גר',גרמים,100.00,100 גרם,false,,19.90,0.1990,true,1,86548
6006507005788,false,גראם מסאלה תיבול,,,גראם מסאלה תיבול,גרמים,100.00,100 גרם,false,,19.90,0.1990,true,1,69790
6006507005795,false,CAPE HERBS טיקה טנדו,,,CAPE HERBS טיקה טנדו,גרמים,100.00,100 גרם,false,,19.90,0.1990,true,1,69088
6006507007454,false,לימון עשבי תיבול 100,,,לימון עשבי תיבול 100,גרמים,100.00,100 גרם,false,,21.00,0.2100,true,1,85698
6006507007805,false,תבלינים לברביקיו מעו,,,תבלינים לברביקיו מעו,גרמים,100.00,100 גרם,false,,21.90,0.2190,true,1,85699
6009188004828,false,קיט קט צ'אנקי לבן,,,קיט קט צ'אנקי לבן,גרמים,40.00,100 גרם,false,,3.70,0.0925,true,1,121501
6009678813985,false,מלח הימלאי גס מטחנה,,,מלח הימלאי גס מטחנה,גרמים,390.00,100 גרם,false,,16.90,0.0433,true,1,73817
6009893614206,false,קייפ ג'ואל גוורצטרמי,,,קייפ ג'ואל גוורצטרמי,מיליליטרים,750.00,"100 מ""ל",false,,39.90,0.0532,true,1,86894
6009900532684,false,קייפ ג'ואל שרדונה רי,,,קייפ ג'ואל שרדונה רי,מיליליטרים,750.00,"100 מ""ל",false,,39.90,0.0532,true,1,86895
6009900532776,false,קייפ ג'ואל שנין בלאן,,,קייפ ג'ואל שנין בלאן,מיליליטרים,750.00,"100 מ""ל",false,,39.90,0.0532,true,1,86897
6009900532783,false,קייפ ג'ואל קברנה סוב,,,קייפ ג'ואל קברנה סוב,מיליליטרים,750.00,"100 מ""ל",false,,39.90,0.0532,true,1,86898
6009900532790,false,קיים ג'ואל פינוטאז',,,קיים ג'ואל פינוטאז',מיליליטרים,750.00,"100 מ""ל",false,,39.90,0.0532,true,1,86899
6102017501939,false,מצית להבה,,,מצית להבה,יחידה,0.00,יחידה,false,,9.90,0.0000,true,1,74140
6253017300012,false,טחינה קראוון 450 גר',,,טחינה קראוון 450 גר',גרמים,450.00,100 גרם,false,,14.90,0.0331,true,1,18786
6253017300029,false,טחינה היונה 950 גר',,,טחינה היונה 950 גר',גרמים,950.00,100 גרם,false,,29.90,0.0315,true,1,58770
6253017300272,false,טחינה מלאה קרואן יונ,,,טחינה מלאה קרואן יונ,גרמים,500.00,100 גרם,false,,13.90,0.0278,true,1,119771
6910191800287,false,אצות נורי לסושי 10 ד,מזרח ומערב,,אצות נורי לסושי 10 ד,גרמים,25.00,100 גרם,false,,12.90,0.5160,true,1,64393
6922276100083,false,מחית וואסבי חזרת,,,מחית וואסבי חזרת,גרמים,43.00,100 גרם,false,,9.90,0.2302,true,1,60924
6924977258544,false,גרביי גברים שלישיה,,,גרביי גברים שלישיה,יחידה,0.00,יחידה,false,,14.50,0.0000,true,1,23228
6936745600462,false,רוטב מירין לתיבול,,,רוטב מירין לתיבול,מיליליטרים,500.00,"100 מ""ל",false,,20.90,0.0418,true,1,69935
6936745600783,false,"חומץ אורז ""מזרח ומער",,,"חומץ אורז ""מזרח ומער",מיליליטרים,500.00,"100 מ""ל",false,,18.90,0.0378,true,1,71935
6937266700785,false,שיק אינטואישן סנסטיב,,,שיק אינטואישן סנסטיב,יחידה,0.00,יחידה,false,,35.90,0.0000,true,1,77827
6974640730167,false,פטריות שיטאקה 100 גר,,,פטריות שיטאקה 100 גר,גרמים,100.00,100 גרם,false,,19.90,0.1990,true,1,120932
7038516140357,false,ג'ורדן מברשת שיניים,,,ג'ורדן מברשת שיניים,יחידה,0.00,יחידה,false,,14.90,0.0000,true,1,29594
7038516140418,false,ג'ורדן מברשות שיניים,ג'ורדן,,ג'ורדן מברשות שיניים,יחידה,0.00,יחידה,false,,14.90,0.0000,true,1,32782
7046110064016,false,ג'ורדן מברשת שיניים,ג'ורדן,,ג'ורדן מברשת שיניים,יחידה,0.00,יחידה,false,,19.90,0.0000,true,1,61970
7046110064047,false,מארז זוג מברשות שיני,ג'ורדן,,מארז זוג מברשות שיני,יחידה,0.00,יחידה,false,,19.90,0.0000,true,1,61891
7241040000110,false,נרתיק ריצה סיליקון צ,,,נרתיק ריצה סיליקון צ,יחידה,0.00,יחידה,false,,24.90,0.0000,true,1,87639
7271730901261,false,פסטה גבינה וואקי מאק,,,פסטה גבינה וואקי מאק,גרמים,156.00,100 גרם,false,,10.90,0.0699,true,1,25468
7290000000001,false,עגבניות,,,עגבניות,קילוגרמים,1.00,"ק""ג",true,,8.90,8.9000,false,1,19034
7290000000002,false,מלפפון,,,מלפפון,קילוגרמים,1.00,"ק""ג",true,,6.90,6.9000,false,1,19035
7290000000003,false,גזר,,,גזר,קילוגרמים,1.00,"ק""ג",true,,4.90,4.9000,true,1,19036
7290000000004,false,חצילים,,,חצילים,קילוגרמים,1.00,"ק""ג",true,,5.90,5.9000,true,1,19037
7290000000005,false,פלפל נהריה,,,פלפל נהריה,קילוגרמים,1.00,"ק""ג",true,,9.90,9.9000,true,1,19028
7290000000006,false,פלפל ירוק,,,פלפל ירוק,קילוגרמים,1.00,"ק""ג",true,,8.90,8.9000,true,1,19038
7290000000007,false,פלפל אדום,,,פלפל אדום,קילוגרמים,1.00,"ק""ג",true,,9.90,9.9000,true,1,19029
7290000000008,false,כרוב אדום,,,כרוב אדום,קילוגרמים,1.00,"ק""ג",true,,7.90,7.9000,true,1,18946
7290000000009,false,כרוב ירוק,,,כרוב ירוק,קילוגרמים,1.00,"ק""ג",true,,4.90,4.9000,true,1,19039
7290000000010,false,כרובית,,,כרובית,קילוגרמים,1.00,"ק""ג",true,,11.90,11.9000,true,1,19040
7290000000011,false,קישואים,,,קישואים,קילוגרמים,1.00,"ק""ג",true,,7.90,7.9000,true,1,19041
7290000000012,false,סלק,,,סלק,קילוגרמים,1.00,"ק""ג",true,,7.90,7.9000,true,1,18947
7290000000013,false,צנון,,,צנון,קילוגרמים,1.00,"ק""ג",true,,7.90,7.9000,true,1,19042
7290000000014,false,שעועית ירוקה,,,שעועית ירוקה,קילוגרמים,1.00,"ק""ג",true,,24.90,24.9000,true,1,19043
7290000000016,false,תפוחי אדמה לבן,,,תפוחי אדמה לבן,קילוגרמים,1.00,"ק""ג",true,,6.90,6.9000,true,1,19045
7290000000017,false,בצל יבש,,,בצל יבש,קילוגרמים,1.00,"ק""ג",true,,4.90,4.9000,true,1,19046
7290000000018,false,שום יבש,,,שום יבש,קילוגרמים,1.00,"ק""ג",true,,19.90,19.9000,true,1,19047
7290000000019,false,דלורית,ריץ',,דלורית,קילוגרמים,1.00,"ק""ג",true,,6.90,6.9000,true,1,19048
7290000000021,false,פלפל חריף,,,פלפל חריף,קילוגרמים,1.00,"ק""ג",true,,9.90,9.9000,true,1,19049
7290000000022,false,סלרי עלים,,,סלרי עלים,יחידה,0.00,יחידה,false,,4.90,0.0000,true,1,19205
7290000000023,false,אבוקדו,,,אבוקדו,קילוגרמים,1.00,"ק""ג",true,,9.90,9.9000,true,1,19050
7290000000024,false,תירס מקולף,,,תירס מקולף,קילוגרמים,1.00,"ק""ג",true,,11.90,11.9000,true,1,19051
7290000000025,false,קישואים עגולים,,,קישואים עגולים,קילוגרמים,1.00,"ק""ג",true,,9.90,9.9000,true,1,19052
7290000000026,false,אפרסמון,,,אפרסמון,קילוגרמים,1.00,"ק""ג",true,,14.90,14.9000,true,1,19053
7290000000027,false,דלעת,,,דלעת,קילוגרמים,1.00,"ק""ג",true,,8.90,8.9000,true,1,19054
7290000000029,false,ענבים שחורים גדו,,,ענבים שחורים גדו,קילוגרמים,1.00,"ק""ג",true,,19.90,19.9000,true,1,19056
7290000000031,false,בצל ירוק,,,בצל ירוק,יחידה,0.00,יחידה,false,,4.90,0.0000,true,1,19058
7290000000032,false,בטטה ירושלמית,,,בטטה ירושלמית,קילוגרמים,1.00,"ק""ג",true,,16.90,16.9000,true,1,19059
7290000000033,false,תפוח אדמה גורמה,,,תפוח אדמה גורמה,קילוגרמים,1.00,"ק""ג",true,,7.90,7.9000,true,1,19060
7290000000034,false,חסה,,,חסה,יחידה,0.00,יחידה,false,,5.90,0.0000,true,1,19224
7290000000038,false,ברוקולי מגש,,,ברוקולי מגש,יחידה,0.00,יחידה,false,,9.90,0.0000,true,1,18951
7290000000041,false,בטטה,,,בטטה,קילוגרמים,1.00,"ק""ג",true,,7.90,7.9000,true,1,19063
7290000000042,false,חזרת שורש,,,חזרת שורש,קילוגרמים,1.00,"ק""ג",true,,44.90,44.9000,true,1,19064
7290000000044,false,אבוקדו הס,,,אבוקדו הס,קילוגרמים,1.00,"ק""ג",true,,9.90,9.9000,true,1,27513
7290000000045,false,תפוח אדמה אדום,,,תפוח אדמה אדום,קילוגרמים,1.00,"ק""ג",true,,6.90,6.9000,true,1,19066
7290000000046,false,בצל לבן,,,בצל לבן,קילוגרמים,1.00,"ק""ג",true,,4.90,4.9000,true,1,19067
7290000000047,false,חבילת נענע טריה,,,חבילת נענע טריה,יחידה,0.00,יחידה,false,,4.90,0.0000,true,1,19068
7290000000049,false,כרישה (לוף  פראסה),,,כרישה (לוף  פראסה),קילוגרמים,1.00,"ק""ג",true,,17.90,17.9000,true,1,19069
7290000000050,false,צנונית,,,צנונית,יחידה,0.00,יחידה,false,,5.90,0.0000,true,1,19070
7290000000051,false,פלפל צהוב,,,פלפל צהוב,קילוגרמים,1.00,"ק""ג",true,,9.90,9.9000,true,1,19071
7290000000053,false,אגס תפוח,,,אגס תפוח,קילוגרמים,1.00,"ק""ג",true,,11.90,11.9000,true,1,19072
7290000000054,false,פלפל כתום,,,פלפל כתום,קילוגרמים,1.00,"ק""ג",true,,9.90,9.9000,true,1,19073
7290000000055,false,סלק עלים,,,סלק עלים,יחידה,0.00,יחידה,false,,4.90,0.0000,true,1,19074
7290000000056,false,שזיף שגיב,,,שזיף שגיב,קילוגרמים,1.00,"ק""ג",true,,14.90,14.9000,true,1,19075
7290000000057,false,אפרסק,,,אפרסק,קילוגרמים,1.00,"ק""ג",true,,9.90,9.9000,true,1,19076
7290000000058,false,נקטרינה,,,נקטרינה,קילוגרמים,1.00,"ק""ג",true,,9.90,9.9000,true,1,3069
7290000000062,false,בצל אדום,,,בצל אדום,קילוגרמים,1.00,"ק""ג",true,,7.90,7.9000,true,1,18948
7290000000063,false,קולורבי,,,קולורבי,קילוגרמים,1.00,"ק""ג",true,,8.90,8.9000,true,1,19079
7290000000064,false,לימון,,,לימון,קילוגרמים,1.00,"ק""ג",true,,7.90,7.9000,true,1,19080
7290000000065,false,אשכולית אדומה,,,אשכולית אדומה,קילוגרמים,1.00,"ק""ג",true,,7.90,7.9000,true,1,19081
7290000000066,false,שזיף אדום,,,שזיף אדום,קילוגרמים,1.00,"ק""ג",true,,15.90,15.9000,true,1,3070
7290000000067,false,צנונית עלים,,,צנונית עלים,יחידה,0.00,יחידה,false,,4.99,0.0000,true,1,19082
7290000000068,false,רימון טרי,,,רימון טרי,קילוגרמים,1.00,"ק""ג",true,,7.90,7.9000,true,1,19223
7290000000069,false,ענבים ירוקים,,,ענבים ירוקים,קילוגרמים,1.00,"ק""ג",true,,24.90,24.9000,true,1,19083
7290000000070,false,פלפל שושקה ירוק/ אדו,,,פלפל שושקה ירוק/ אדו,קילוגרמים,1.00,"ק""ג",true,,14.90,14.9000,true,1,19084
7290000000071,false,אבטיח,,,אבטיח,קילוגרמים,1.00,"ק""ג",true,,8.90,8.9000,true,1,19085
7290000000072,false,תפוח עץ סטרקינג(חרמו,,,תפוח עץ סטרקינג(חרמו,קילוגרמים,1.00,"ק""ג",true,,9.90,9.9000,true,1,19086
7290000000073,false,סברס,,,סברס,קילוגרמים,1.00,"ק""ג",true,,29.90,29.9000,true,1,19087
7290000000074,false,תפוח עץ יונתן,,,תפוח עץ יונתן,קילוגרמים,1.00,"ק""ג",true,,11.90,11.9000,true,1,19088
7290000000075,false,תפוח עץ זהוב,,,תפוח עץ זהוב,קילוגרמים,1.00,"ק""ג",true,,9.90,9.9000,true,1,19089
7290000000077,false,תפוח עץ גרנד (סמית),,,תפוח עץ גרנד (סמית),קילוגרמים,1.00,"ק""ג",true,,9.90,9.9000,true,1,19091
7290000000078,false,מלון,,,מלון,קילוגרמים,1.00,"ק""ג",true,,8.90,8.9000,false,1,18949
7290000000081,false,אגסים,,,אגסים,קילוגרמים,1.00,"ק""ג",true,,12.90,12.9000,true,1,3071
7290000000084,false,קיוי,,,קיוי,קילוגרמים,1.00,"ק""ג",true,,17.90,17.9000,true,1,19095
7290000000085,false,שומר,,,שומר,קילוגרמים,1.00,"ק""ג",true,,7.90,7.9000,true,1,19096
7290000000086,false,ראש סלרי,,,ראש סלרי,יחידה,0.00,יחידה,false,,5.90,0.0000,true,1,19097
7290000000088,false,תפוזים,,,תפוזים,קילוגרמים,1.00,"ק""ג",true,,5.90,5.9000,true,1,19099
7290000000089,false,בננה,,,בננה,קילוגרמים,1.00,"ק""ג",true,,6.90,6.9000,true,1,3072
7290000000092,false,פומלה לבנה,,,פומלה לבנה,קילוגרמים,1.00,"ק""ג",true,,7.90,7.9000,true,1,19102
7290000000093,false,ענבים שחורים קטן,,,ענבים שחורים קטן,קילוגרמים,1.00,"ק""ג",true,,19.90,19.9000,true,1,19103
7290000000096,false,מנגו,,,מנגו,קילוגרמים,1.00,"ק""ג",true,,9.90,9.9000,true,1,19105
7290000000097,false,חבושים,,,חבושים,קילוגרמים,1.00,"ק""ג",true,,14.90,14.9000,true,1,19106
7290000000098,false,מנגו,,,מנגו,קילוגרמים,1.00,"ק""ג",true,,9.90,9.9000,true,1,19107
7290000000099,false,שורש פטרוזיליה,,,שורש פטרוזיליה,יחידה,0.00,יחידה,false,,5.90,0.0000,true,1,19207
7290000000100,false,ירק,,,ירק,יחידה,0.00,יחידה,false,,3.90,0.0000,true,1,19108
7290000000101,false,מלון בוכרי,,,מלון בוכרי,קילוגרמים,1.00,"ק""ג",true,,6.90,6.9000,true,1,5254
7290000000103,false,דבדבן טרי,,,דבדבן טרי,קילוגרמים,1.00,"ק""ג",true,,39.90,39.9000,true,1,18945
7290000000106,false,אנונה,,,אנונה,קילוגרמים,1.00,"ק""ג",true,,16.90,16.9000,true,1,19109
7290000000107,false,גזר תפזורת,,,גזר תפזורת,קילוגרמים,1.00,"ק""ג",true,,4.90,4.9000,true,1,19110
7290000000108,false,קישואים זוקיני,,,קישואים זוקיני,קילוגרמים,1.00,"ק""ג",true,,11.90,11.9000,true,1,18954
7290000000109,false,תותים,,,תותים,גרמים,500.00,100 גרם,false,,24.90,0.0498,true,1,18950
7290000000110,false,קלמנטינה,,,קלמנטינה,קילוגרמים,1.00,"ק""ג",true,,6.90,6.9000,true,1,19111
7290000000112,false,ארטישוק,,,ארטישוק,קילוגרמים,1.00,"ק""ג",true,,29.90,29.9000,true,1,19112
7290000000114,false,פפיה טרי,,,פפיה טרי,קילוגרמים,1.00,"ק""ג",true,,17.90,17.9000,true,1,19114
7290000000115,false,סנדוויץ,,,סנדוויץ,יחידה,0.00,יחידה,false,,3.00,0.0000,false,1,13242
7290000000116,false,סנדוויץ גדול,,,סנדוויץ גדול,יחידה,0.00,יחידה,false,,15.00,0.0000,true,1,9842
7290000000117,false,עגבניות שרי תמר,,,עגבניות שרי תמר,קילוגרמים,1.00,"ק""ג",true,,23.90,23.9000,true,1,1713
7290000000122,false,תפוח עץ פינק בראשית,,,תפוח עץ פינק בראשית,קילוגרמים,1.00,"ק""ג",true,,14.90,14.9000,true,1,19032
7290000000126,false,תפוזים ברשת,,,תפוזים ברשת,קילוגרמים,1.00,"ק""ג",true,,5.90,5.9000,true,1,19116
7290000000127,false,ג'ינג'ר טרי במשקל,,,ג'ינג'ר טרי במשקל,קילוגרמים,1.00,"ק""ג",true,,29.90,29.9000,true,1,18955
7290000000138,false,גויאבה,,,גויאבה,קילוגרמים,1.00,"ק""ג",true,,12.90,12.9000,true,1,19139
7290000000144,false,שעועית הילדה,,,שעועית הילדה,קילוגרמים,1.00,"ק""ג",true,,19.90,19.9000,true,1,18961
7290000000145,false,דלעת ערמונים,,,דלעת ערמונים,קילוגרמים,1.00,"ק""ג",true,,14.90,14.9000,true,1,18962
7290000000147,false,פטריות שמפיניון במשק,,,פטריות שמפיניון במשק,קילוגרמים,1.00,"ק""ג",true,,34.90,34.9000,true,1,19140
7290000000149,false,פומלה אדומה,,,פומלה אדומה,קילוגרמים,1.00,"ק""ג",true,,6.90,6.9000,true,1,1
7290000000155,false,פטריות חורש במשקל,,,פטריות חורש במשקל,קילוגרמים,1.00,"ק""ג",true,,34.90,34.9000,true,1,19141
7290000000156,false,פול טרי,,,פול טרי,קילוגרמים,1.00,"ק""ג",true,,6.90,6.9000,true,1,19142
7290000000157,false,שום טרי עלים חתוך,,,שום טרי עלים חתוך,קילוגרמים,1.00,"ק""ג",true,,19.90,19.9000,true,1,19143
7290000000161,false,חציל בלאדי,,,חציל בלאדי,קילוגרמים,1.00,"ק""ג",true,,9.90,9.9000,true,1,18941
7290000000165,false,אננס,,,אננס,יחידה,0.00,יחידה,false,,29.90,0.0000,true,1,18965
7290000000167,false,שרי מנומר/צהוב,,,שרי מנומר/צהוב,קילוגרמים,1.00,"ק""ג",true,,23.90,23.9000,true,1,19119
7290000000168,false,קרמבולה,,,קרמבולה,קילוגרמים,1.00,"ק""ג",true,,34.90,34.9000,true,1,19120
7290000000169,false,עגבניות תמר,,,עגבניות תמר,קילוגרמים,1.00,"ק""ג",true,,8.90,8.9000,false,1,19121
7290000000172,false,קוקטייל צמחי בית קער,,,קוקטייל צמחי בית קער,יחידה,0.00,יחידה,false,,34.90,0.0000,true,1,54404
7290000000183,false,פטאיה,,,פטאיה,קילוגרמים,1.00,"ק""ג",true,,29.90,29.9000,true,1,18967
7290000000184,false,עגבניות מגי,,,עגבניות מגי,קילוגרמים,1.00,"ק""ג",true,,17.90,17.9000,true,1,62272
7290000000189,false,תפוח עץ גלה רויאל,,,תפוח עץ גלה רויאל,קילוגרמים,1.00,"ק""ג",true,,9.90,9.9000,true,1,19124
7290000000210,false,גזר צבעוני נוף שדות,,,גזר צבעוני נוף שדות,יחידה,0.00,יחידה,false,,19.90,0.0000,true,1,75783
7290000000218,false,שקית אריזה בקופות,,,שקית אריזה בקופות,יחידה,0.00,יחידה,false,,0.10,0.0000,false,1,66092
7290000000220,false,שתיה קרה 5 1 ל'.,,,שתיה קרה 5 1 ל'.,יחידה,0.00,יחידה,false,,11.00,0.0000,false,1,7204
7290000000221,false,מים קרים 5 1 ל'.,,,מים קרים 5 1 ל'.,יחידה,0.00,יחידה,false,,5.50,0.0000,true,1,71301
7290000000222,false,מים קרים 2 1 ל'/,,,מים קרים 2 1 ל'/,יחידה,0.00,יחידה,false,,4.00,0.0000,false,1,71302
7290000000305,false,בייגלה,בונז'ור,,בייגלה,יחידה,0.00,יחידה,false,,5.00,0.0000,true,1,5637
7290000000310,false,סופגניה  גדולה,בונז'ור,,סופגניה  גדולה,גרמים,48.00,100 גרם,false,,3.90,0.0812,true,1,5638
7290000000315,false,לחמניה קטנה,דגנית עין בר,,לחמניה קטנה,גרמים,75.00,100 גרם,false,,1.50,0.0200,false,1,15475
7290000000316,false,לחמניה גדולה,,,לחמניה גדולה,יחידה,0.00,יחידה,false,,2.70,0.0000,false,1,14109
7290000000318,false,חלה רגילה,מאפיית דוידוביץ ובני,,חלה רגילה,יחידה,0.00,יחידה,false,,5.90,0.0000,false,1,14625
7290000000321,false,זר מיוחד גדול,,,זר מיוחד גדול,יחידה,0.00,יחידה,false,,60.00,0.0000,true,1,24067
7290000000333,false,מבצע תבנית תנובה,,,מבצע תבנית תנובה,יחידה,0.00,יחידה,false,,14.90,0.0000,false,1,63249
7290000000347,false,ג'בטה בונזו'ר.,בונז'ור,,ג'בטה בונזו'ר.,יחידה,0.00,יחידה,false,,3.60,0.0000,true,1,5641
7290000000350,false,סלט כבד קצוץ בשרי,,,סלט כבד קצוץ בשרי,קילוגרמים,1.00,"ק""ג",true,,99.90,99.9000,true,1,9524
7290000000411,false,מארז שום רביעייה,,,מארז שום רביעייה,יחידה,0.00,יחידה,false,,4.00,0.0000,true,1,13825
7290000000435,false,חומוס ביתי,יד המלך,,חומוס ביתי,קילוגרמים,1.00,"ק""ג",true,,34.90,34.9000,true,1,9551
7290000000440,false,בק  ריק,,,בק  ריק,יחידה,0.00,יחידה,false,,1.20,0.0000,false,1,3891
7290000000500,false,זר פרחים,,,זר פרחים,יחידה,0.00,יחידה,false,,25.00,0.0000,true,1,14619
7290000000511,false,זר פרחים,,,זר פרחים,יחידה,0.00,יחידה,false,,50.00,0.0000,true,1,76340
7290000000514,false,קרטון טרופית הכוכב (,,,קרטון טרופית הכוכב (,ליטרים,10.00,ליטר,false,,39.90,3.9900,false,1,10525
7290000000531,false,זר גן עדן,,,זר גן עדן,יחידה,0.00,יחידה,false,,35.00,0.0000,true,1,15319
7290000000555,false,זר כפרי,,,זר כפרי,יחידה,0.00,יחידה,false,,35.00,0.0000,true,1,19861
7290000000558,false,סלט טורקי,יד המלך,,סלט טורקי,קילוגרמים,1.00,"ק""ג",true,,56.90,56.9000,true,1,9553
7290000000565,false,חמוצים סיני במשקל תפ,,,חמוצים סיני במשקל תפ,קילוגרמים,1.00,"ק""ג",true,,22.90,22.9000,true,1,7614
7290000000573,false,זר פרחים,,,זר פרחים,יחידה,0.00,יחידה,false,,30.00,0.0000,true,1,2476
7290000000581,false,זר פרחים,,,זר פרחים,יחידה,0.00,יחידה,false,,20.00,0.0000,true,1,3040
7290000000590,false,זר פרחים גדול,,,זר פרחים גדול,יחידה,0.00,יחידה,false,,40.00,0.0000,true,1,14621
7290000000600,false,דמי משלוח,,,דמי משלוח,יחידה,0.00,יחידה,false,,30.00,0.0000,false,1,19639
7290000000604,false,בקבוק סודה קטן קר,,,בקבוק סודה קטן קר,יחידה,0.00,יחידה,false,,5.00,0.0000,false,1,73612
7290000000608,false,פחית שתיה קרה,קוקה קולה,,פחית שתיה קרה,יחידה,0.00,יחידה,false,,7.00,0.0000,true,1,7231
7290000000609,false,בק' שתיה קרה  0.5ל,קוקה קולה,,בק' שתיה קרה  0.5ל,יחידה,0.00,יחידה,false,,9.00,0.0000,true,1,7232
7290000000611,false,XL / בלו קר,נסטי,,XL / בלו קר,יחידה,0.00,יחידה,false,,5.00,0.0000,true,1,7233
7290000000640,false,סל פוליצר,,,סל פוליצר,יחידה,0.00,יחידה,false,,3.90,0.0000,false,1,17816
7290000000697,false,תיק יוטה פוליצר,,,תיק יוטה פוליצר,יחידה,0.00,יחידה,false,,13.90,0.0000,true,1,67950
7290000000700,false,הכנת הזמנה ללא משלוח,,,הכנת הזמנה ללא משלוח,יחידה,0.00,יחידה,false,,15.00,0.0000,false,1,25465
7290000000735,false,מקינטה להכנת קפה אספ,,,מקינטה להכנת קפה אספ,יחידה,0.00,יחידה,false,,50.00,0.0000,false,1,9562
7290000000820,false,סופגניה גדולה,בונז'ור,,סופגניה גדולה,יחידה,0.00,יחידה,false,,3.90,0.0000,false,1,5644
7290000000842,false,באגט,בונז'ור,,באגט,יחידה,0.00,יחידה,false,,4.90,0.0000,true,1,5645
7290000000855,false,חצי בגט,בונז'ור,,חצי בגט,יחידה,0.00,יחידה,false,,3.00,0.0000,true,1,5646
7290000001272,false,ירכיים עוף טרי תפזור,,,ירכיים עוף טרי תפזור,קילוגרמים,1.00,"ק""ג",true,,26.90,26.9000,false,1,857
7290000001289,false,שוקיים עוף טרי,,,שוקיים עוף טרי,קילוגרמים,1.00,"ק""ג",true,,28.90,28.9000,false,1,4687
7290000001388,false,חזה עוף גוש,,,חזה עוף גוש,קילוגרמים,1.00,"ק""ג",true,,31.90,31.9000,false,1,4688
7290000001555,false,עוף ללא עצמות,,,עוף ללא עצמות,קילוגרמים,1.00,"ק""ג",true,,25.90,25.9000,false,1,8312
7290000001562,false,סלמון פילה טרי,MF-מאסטרפוד,,סלמון פילה טרי,קילוגרמים,1.00,"ק""ג",true,,105.00,105.0000,false,1,69076
7290000001661,false,ג'ינג'ר מסוכר קוביות,,,ג'ינג'ר מסוכר קוביות,קילוגרמים,1.00,"ק""ג",true,,48.00,48.0000,true,1,17514
7290000001722,false,ג'ינג'ר דל סוכר תפזו,,,ג'ינג'ר דל סוכר תפזו,קילוגרמים,1.00,"ק""ג",true,,48.00,48.0000,true,1,33863
7290000001746,false,פומלית,,,פומלית,קילוגרמים,1.00,"ק""ג",true,,7.90,7.9000,true,1,19126
7290000001753,false,עוף טרי שלם,,,עוף טרי שלם,קילוגרמים,1.00,"ק""ג",true,,17.90,17.9000,false,1,25919
7290000001807,false,דג דניס טרי,,,דג דניס טרי,קילוגרמים,1.00,"ק""ג",true,,59.90,59.9000,false,1,11094
7290000001944,false,חמוציות ברכז חתוך,,,חמוציות ברכז חתוך,קילוגרמים,1.00,"ק""ג",true,,56.00,56.0000,true,1,13759
7290000001951,false,כנפיים עוף טריות נקי,,,כנפיים עוף טריות נקי,קילוגרמים,1.00,"ק""ג",true,,12.90,12.9000,false,1,19635
7290000002026,false,בייגלה בטעמים,,,בייגלה בטעמים,יחידה,0.00,יחידה,false,,5.00,0.0000,true,1,18190
7290000003016,false,כרוב / פלפל ממולא,,,כרוב / פלפל ממולא,קילוגרמים,1.00,"ק""ג",true,,54.90,54.9000,false,1,9826
7290000003528,false,סלט טונה לבן/ אדום,,,סלט טונה לבן/ אדום,קילוגרמים,1.00,"ק""ג",true,,84.90,84.9000,true,1,67839
7290000003542,false,סלט ביצים,,,סלט ביצים,קילוגרמים,1.00,"ק""ג",true,,76.90,76.9000,true,1,67844
7290000003580,false,בולגרית / פטה קוביות,,,בולגרית / פטה קוביות,קילוגרמים,1.00,"ק""ג",true,,109.90,109.9000,true,1,34189
7290000003597,false,סלט חציל מיונז על הא,יד המלך,,סלט חציל מיונז על הא,קילוגרמים,1.00,"ק""ג",true,,56.90,56.9000,true,1,67842
7290000003603,false,סלט חציל סטייק,יד המלך,,סלט חציל סטייק,קילוגרמים,1.00,"ק""ג",true,,56.90,56.9000,true,1,67913
7290000003610,false,סלט חציל רומני,,,סלט חציל רומני,קילוגרמים,1.00,"ק""ג",true,,56.90,56.9000,true,1,67840
7290000003627,false,סלט חציל יווני,יד המלך,,סלט חציל יווני,קילוגרמים,1.00,"ק""ג",true,,56.90,56.9000,true,1,67843
7290000003641,false,סלט מטבוחה ביתי,יד המלך,,סלט מטבוחה ביתי,קילוגרמים,1.00,"ק""ג",true,,56.90,56.9000,true,1,67866
7290000003702,false,"סלט תפ""א רוסי",,,"סלט תפ""א רוסי",קילוגרמים,1.00,"ק""ג",true,,56.90,56.9000,true,1,68191
7290000003764,false,טחינה לבנה,,,טחינה לבנה,קילוגרמים,1.00,"ק""ג",true,,34.90,34.9000,true,1,67943
7290000003825,false,סלט כרוב סיני,יד המלך,,סלט כרוב סיני,קילוגרמים,1.00,"ק""ג",true,,39.90,39.9000,true,1,67868
7290000003955,false,חציל סביח,,,חציל סביח,קילוגרמים,1.00,"ק""ג",true,,69.90,69.9000,true,1,67872
7290000004006,false,סופגניה קטנה,,,סופגניה קטנה,יחידה,0.00,יחידה,false,,2.80,0.0000,true,1,5647
7290000004051,false,לימון כבוש במשקל,יד המלך,,לימון כבוש במשקל,קילוגרמים,1.00,"ק""ג",true,,64.90,64.9000,true,1,2325
7290000004310,false,טחינה ירוקה,יד המלך,,טחינה ירוקה,קילוגרמים,1.00,"ק""ג",true,,34.90,34.9000,true,1,67932
7290000004433,false,לברק טרי,,,לברק טרי,קילוגרמים,1.00,"ק""ג",true,,74.90,74.9000,true,1,60909
7290000004983,false,אמנון ענק טרי,,,אמנון ענק טרי,קילוגרמים,1.00,"ק""ג",true,,29.90,29.9000,false,1,60915
7290000005081,false,עציץ,,,עציץ,יחידה,0.00,יחידה,false,,15.90,0.0000,true,1,72448
7290000005522,false,סלט חצילים,,,סלט חצילים,קילוגרמים,1.00,"ק""ג",true,,42.90,42.9000,true,1,67875
7290000005539,false,כרוב אדום,צבר,,כרוב אדום,קילוגרמים,1.00,"ק""ג",true,,39.90,39.9000,true,1,67870
7290000005546,false,סחוג אדום/ ירוק,יד המלך,,סחוג אדום/ ירוק,קילוגרמים,1.00,"ק""ג",true,,49.90,49.9000,true,1,67871
7290000005577,false,איקרה לבנה,,,איקרה לבנה,קילוגרמים,1.00,"ק""ג",true,,69.90,69.9000,true,1,8313
7290000005638,false,סלט תירס,,,סלט תירס,קילוגרמים,1.00,"ק""ג",true,,54.90,54.9000,true,1,121111
7290000005676,false,זיתים שחורים במשקל,,,זיתים שחורים במשקל,קילוגרמים,1.00,"ק""ג",true,,49.90,49.9000,true,1,8300
7290000005683,false,זיתים ירוקים במשקל,,,זיתים ירוקים במשקל,קילוגרמים,1.00,"ק""ג",true,,49.90,49.9000,true,1,9897
7290000005713,false,זיתים סורים במשקל,,,זיתים סורים במשקל,קילוגרמים,1.00,"ק""ג",true,,49.90,49.9000,true,1,12779
7290000005737,false,לקרדה שלמה,,,לקרדה שלמה,קילוגרמים,1.00,"ק""ג",true,,79.90,79.9000,true,1,22
7290000005782,false,חלבה רגיל,אחוה,,חלבה רגיל,קילוגרמים,1.00,"ק""ג",true,,39.90,39.9000,true,1,13350
7290000005812,false,חלבה נוגט ח. נוכרי,השחר העולה,,חלבה נוגט ח. נוכרי,קילוגרמים,1.00,"ק""ג",true,,39.90,39.9000,true,1,10921
7290000005867,false,דג מטיאס,,,דג מטיאס,קילוגרמים,1.00,"ק""ג",true,,59.90,59.9000,true,1,23
7290000005898,false,דג כבוש,,,דג כבוש,קילוגרמים,1.00,"ק""ג",true,,59.90,59.9000,true,1,427
7290000006086,false,לחם מחמצת מאפיה,,,לחם מחמצת מאפיה,יחידה,0.00,יחידה,false,,17.90,0.0000,true,1,65654
7290000006413,false,קוקוס צ'יפס קלוי,,,קוקוס צ'יפס קלוי,קילוגרמים,1.00,"ק""ג",true,,90.00,90.0000,true,1,81751
7290000006574,false,סופגניה מיני,,,סופגניה מיני,יחידה,0.00,יחידה,false,,3.00,0.0000,true,1,65938
7290000006994,false,פקאן מסוכר,,,פקאן מסוכר,קילוגרמים,1.00,"ק""ג",true,,100.00,100.0000,true,1,424
7290000007106,false,זיתים שחורים יבשים ב,,,זיתים שחורים יבשים ב,קילוגרמים,1.00,"ק""ג",true,,49.90,49.9000,true,1,8303
7290000007120,false,זיתים שחורים קלמטה ב,,,זיתים שחורים קלמטה ב,קילוגרמים,1.00,"ק""ג",true,,49.90,49.9000,true,1,10170
7290000007199,false,צימוק אוזבקי,,,צימוק אוזבקי,קילוגרמים,1.00,"ק""ג",true,,60.00,60.0000,true,1,86099
7290000007775,false,מצית.,,,מצית.,יחידה,0.00,יחידה,false,,2.00,0.0000,true,1,14575
7290000008004,false,עוגיות שמרים חלבי,קונדיטוריית ברטה- הו,,עוגיות שמרים חלבי,קילוגרמים,1.00,"ק""ג",true,,44.90,44.9000,true,1,13517
7290000008066,false,קפלך אגוז חלבי,קונדיטוריית ברטה- הו,,קפלך אגוז חלבי,קילוגרמים,1.00,"ק""ג",true,,71.90,71.9000,true,1,13523
7290000008080,false,פחזניות חלבי,קונדיטוריית ברטה- הו,,פחזניות חלבי,קילוגרמים,1.00,"ק""ג",true,,66.90,66.9000,true,1,13524
7290000008301,false,פיסטוק מקולף,,,פיסטוק מקולף,קילוגרמים,1.00,"ק""ג",true,,130.00,130.0000,true,1,16810
7290000009032,false,בננה ציפס,,,בננה ציפס,קילוגרמים,1.00,"ק""ג",true,,30.00,30.0000,true,1,13760
7290000009056,false,גבינה מגורדת במש,תנובה חלב,,גבינה מגורדת במש,קילוגרמים,1.00,"ק""ג",true,,52.90,52.9000,true,1,8016
7290000009070,false,חמוציות שלמות מיובשו,,,חמוציות שלמות מיובשו,קילוגרמים,1.00,"ק""ג",true,,72.00,72.0000,true,1,16811
7290000009254,false,מישמש יבש,,,מישמש יבש,קילוגרמים,1.00,"ק""ג",true,,64.00,64.0000,true,1,5250
7290000009278,false,תפוחי עץ מיובש,,,תפוחי עץ מיובש,קילוגרמים,1.00,"ק""ג",true,,59.90,59.9000,true,1,18506
7290000009285,false,אגוז מלך ללא קליפה,,,אגוז מלך ללא קליפה,קילוגרמים,1.00,"ק""ג",true,,59.00,59.0000,true,1,5251
7290000009292,false,תאנים יבשות,,,תאנים יבשות,קילוגרמים,1.00,"ק""ג",true,,49.00,49.0000,true,1,591
7290000009315,false,צימוקים,,,צימוקים,קילוגרמים,1.00,"ק""ג",true,,39.90,39.9000,true,1,18507
7290000009322,false,שזיפים יבשים,,,שזיפים יבשים,קילוגרמים,1.00,"ק""ג",true,,42.00,42.0000,true,1,18508
7290000009346,false,שקדים טבעיים,,,שקדים טבעיים,קילוגרמים,1.00,"ק""ג",true,,69.00,69.0000,true,1,13762
7290000009353,false,אננס יבש מסוכר,,,אננס יבש מסוכר,קילוגרמים,1.00,"ק""ג",true,,45.00,45.0000,true,1,18509
7290000009360,false,שזיפים יבשים ללא גרע,,,שזיפים יבשים ללא גרע,קילוגרמים,1.00,"ק""ג",true,,48.00,48.0000,true,1,13763
7290000009384,false,תמרים מג'הול,,,תמרים מג'הול,קילוגרמים,1.00,"ק""ג",true,,49.90,49.9000,true,1,18944
7290000009407,false,שאריות גבינה,תנובה חלב,,שאריות גבינה,קילוגרמים,1.00,"ק""ג",true,,31.00,31.0000,false,1,8017
7290000009445,false,בונדוק מקולף,,,בונדוק מקולף,קילוגרמים,1.00,"ק""ג",true,,60.00,60.0000,true,1,18510
7290000009469,false,צנובר,,,צנובר,קילוגרמים,1.00,"ק""ג",true,,199.00,199.0000,true,1,18511
7290000009513,false,פקאן ללא קליפה,,,פקאן ללא קליפה,קילוגרמים,1.00,"ק""ג",true,,110.00,110.0000,true,1,5252
7290000009544,false,חמניות מקולפות,,,חמניות מקולפות,קילוגרמים,1.00,"ק""ג",true,,22.90,22.9000,true,1,3660
7290000009551,false,אגוזי קאשיו,,,אגוזי קאשיו,קילוגרמים,1.00,"ק""ג",true,,74.00,74.0000,true,1,18512
7290000009629,false,צימוקים שחורים,,,צימוקים שחורים,קילוגרמים,1.00,"ק""ג",true,,30.00,30.0000,true,1,13765
7290000009636,false,שאריות פסטרמה,עוף טוב,,שאריות פסטרמה,קילוגרמים,1.00,"ק""ג",true,,20.00,20.0000,false,1,5648
7290000009711,false,מקדמיה,,,מקדמיה,קילוגרמים,1.00,"ק""ג",true,,150.00,150.0000,true,1,18513
7290000010380,false,עלי גפן ממולאים,יד המלך,,עלי גפן ממולאים,קילוגרמים,1.00,"ק""ג",true,,52.90,52.9000,true,1,68196
7290000011004,false,שווארמה הודו+עוף טחו,,,שווארמה הודו+עוף טחו,קילוגרמים,1.00,"ק""ג",true,,59.90,59.9000,false,1,8314
7290000015101,false,עצמות בקר סוכר,,,עצמות בקר סוכר,קילוגרמים,1.00,"ק""ג",true,,14.00,14.0000,true,1,8319
7290000015408,false,שוק מפורק+עוף (טחון),,,שוק מפורק+עוף (טחון),קילוגרמים,1.00,"ק""ג",true,,49.90,49.9000,false,1,8322
7290000017006,false,שאריות בשר טרי,,,שאריות בשר טרי,קילוגרמים,1.00,"ק""ג",true,,9.90,9.9000,false,1,8324
7290000017389,false,דג בורי טרי,,,דג בורי טרי,קילוגרמים,1.00,"ק""ג",true,,39.90,39.9000,false,1,11098
7290000023007,false,שטוק 84,יקבי ברקן,,שטוק 84,מיליליטרים,750.00,"100 מ""ל",false,,69.90,0.0932,false,1,17001
7290000023083,false,ערק אשקלון 40% - 700,,,ערק אשקלון 40% - 700,מיליליטרים,700.00,"100 מ""ל",false,,52.90,0.0756,true,1,32279
7290000023809,false,קלאסיק קברנה סוביניו,ברקן קלאסיק,,קלאסיק קברנה סוביניו,מיליליטרים,750.00,"100 מ""ל",false,,24.90,0.0332,false,1,17017
7290000023816,false,יין קלאסיק ריזלי,,,יין קלאסיק ריזלי,יחידה,750.00,יחידה,false,,24.90,0.0332,false,1,17018
7290000023977,false,קלאסיק מרלו,ברקן קלאסיק,,קלאסיק מרלו,מיליליטרים,750.00,"100 מ""ל",false,,24.90,0.0332,false,1,17020
7290000024202,false,יין קברנה סוביני,,,יין קברנה סוביני,יחידה,750.00,יחידה,false,,34.90,0.0465,false,1,17028
7290000024264,false,ברקן רזרב מרלו,ברקן רזרב,,ברקן רזרב מרלו,מיליליטרים,750.00,"100 מ""ל",false,,34.90,0.0465,false,1,17032
7290000024530,false,יין אדום מתוק סגל 75,,,יין אדום מתוק סגל 75,מיליליטרים,750.00,"100 מ""ל",false,,14.90,0.0199,true,1,78001
7290000025018,false,גרעיני דלעת מקול,,,גרעיני דלעת מקול,קילוגרמים,1.00,"ק""ג",true,,40.00,40.0000,true,1,3661
7290000028137,false,כבל הטענה 3 מטר Micr,,,כבל הטענה 3 מטר Micr,יחידה,0.00,יחידה,false,,24.90,0.0000,true,1,87664
7290000032214,false,כרוב בייגין,,,כרוב בייגין,קילוגרמים,1.00,"ק""ג",true,,39.90,39.9000,true,1,67837
7290000035802,false,סלט חציל טבעי,יד המלך,,סלט חציל טבעי,קילוגרמים,1.00,"ק""ג",true,,56.90,56.9000,true,1,68189
7290000036588,false,פלפל מקולף ביתי,יד המלך,,פלפל מקולף ביתי,קילוגרמים,1.00,"ק""ג",true,,73.90,73.9000,true,1,68020
7290000040042,false,יופלה תות שובב 3%,תנובה חלב,,יופלה תות שובב 3%,מיליליטרים,150.00,"100 מ""ל",false,,4.90,0.0327,false,1,6827
7290000040066,false,יופלה דובדבן פראי 3%,תנובה חלב,,יופלה דובדבן פראי 3%,מיליליטרים,150.00,"100 מ""ל",false,,4.90,0.0327,true,1,6829
7290000040080,false,יופלה אפרסק מאוהב 3%,תנובה חלב,,יופלה אפרסק מאוהב 3%,מיליליטרים,150.00,"100 מ""ל",false,,4.90,0.0327,true,1,6830
7290000040097,false,פרמזן מגורדת,,,פרמזן מגורדת,קילוגרמים,1.00,"ק""ג",true,,109.90,109.9000,true,1,8018
7290000040301,false,עין גדי גבינת קממבר,תנובה חלב,,עין גדי גבינת קממבר,גרמים,125.00,100 גרם,false,,18.80,0.1504,true,1,6831
7290000040318,false,גבינת ברי ישראלי 24%,תנובה חלב,,גבינת ברי ישראלי 24%,גרמים,125.00,100 גרם,false,,18.90,0.1512,true,1,6832
7290000040400,false,מקלות קינמון,נווה תבלין,,מקלות קינמון,קילוגרמים,1.00,"ק""ג",true,,69.90,69.9000,true,1,1982
7290000040462,false,טוסטי עמק אמריקאי אד,תנובה חלב,,טוסטי עמק אמריקאי אד,גרמים,200.00,100 גרם,false,,18.20,0.0910,true,1,6834
7290000040974,false,חלב דל לקטוז 2% - 1,תנובה חלב,,חלב דל לקטוז 2% - 1,ליטרים,1.00,ליטר,false,,6.70,6.7000,false,1,8059
7290000041445,false,קוט'ג מהדרין 5%,תנובה חלב,,קוט'ג מהדרין 5%,גרמים,250.00,100 גרם,false,,5.50,0.0220,false,1,636
7290000041452,false,קוט'ג 9% מהדרין תנוב,תנובה חלב,,קוט'ג 9% מהדרין תנוב,גרמים,250.00,100 גרם,false,,5.50,0.0220,false,1,18822
7290000041858,false,שמנת חמוצה יטבתה 15%,יטבתה,,שמנת חמוצה יטבתה 15%,מיליליטרים,200.00,"100 מ""ל",false,,2.50,0.0125,true,1,7114
7290000042404,false,חלב מועשר 3% יטבתה,יטבתה,,חלב מועשר 3% יטבתה,ליטרים,1.00,ליטר,false,,6.00,6.0000,false,1,7117
7290000042435,false,חלב 1% בקרטון תנובה,תנובה חלב,,חלב 1% בקרטון תנובה,ליטרים,1.00,ליטר,false,,5.86,5.8600,false,1,6840
7290000042640,false,חלב תנובה עמיד 3% 25,תנובה חלב,,חלב תנובה עמיד 3% 25,מיליליטרים,250.00,"100 מ""ל",false,,2.60,0.0104,true,1,6848
7290000042855,false,שוקו יטבתה בשקית 2%,יטבתה,,שוקו יטבתה בשקית 2%,מיליליטרים,225.00,"100 מ""ל",false,,2.60,0.0116,true,1,7118
7290000043012,false,שוקו עמיד 2% יחידה,תנובה חלב,,שוקו עמיד 2% יחידה,מיליליטרים,250.00,"100 מ""ל",false,,4.60,0.0184,false,1,6851
7290000043111,false,חמאה 82% 200 גרם,תנובה חלב,,חמאה 82% 200 גרם,גרמים,200.00,100 גרם,false,,7.80,0.0390,false,1,6852
7290000043272,false,סלט סלק,יד המלך,,סלט סלק,קילוגרמים,1.00,"ק""ג",true,,39.90,39.9000,true,1,68026
7290000043814,false,שמנת עמידה 38% השף ה,תנובה חלב,,שמנת עמידה 38% השף ה,מיליליטרים,250.00,"100 מ""ל",false,,6.47,0.0259,false,1,6854
7290000043890,false,ריוויון 1.5% - 1 ליט,תנובה חלב,,ריוויון 1.5% - 1 ליט,ליטרים,1.00,ליטר,false,,11.30,11.3000,false,1,6856
7290000043982,false,מוסר ים דג טרי,,,מוסר ים דג טרי,קילוגרמים,1.00,"ק""ג",true,,79.90,79.9000,false,1,11099
7290000044231,false,דנובה 500 גר,תנובה חלב,,דנובה 500 גר,יחידה,500.00,יחידה,false,,8.30,0.0166,true,1,6859
7290000044644,false,דג אמנון גדול טרי,,,דג אמנון גדול טרי,קילוגרמים,1.00,"ק""ג",true,,29.90,29.9000,false,1,7050
7290000044712,false,פרילי תות 1.5% 500 מ,תנובה חלב,,פרילי תות 1.5% 500 מ,מיליליטרים,500.00,"100 מ""ל",false,,10.60,0.0212,true,1,6861
7290000044743,false,פרילי אננס 500,,,פרילי אננס 500,יחידה,500.00,יחידה,false,,10.60,0.0212,true,1,27851
7290000044880,false,"באדי תות 3% 500 מ""ל",תנובה חלב,,"באדי תות 3% 500 מ""ל",מיליליטרים,500.00,"100 מ""ל",false,,9.20,0.0184,true,1,6862
7290000045573,false,גבינת נעמה 25%,תנובה חלב,,גבינת נעמה 25%,גרמים,200.00,100 גרם,false,,14.40,0.0720,true,1,6863
7290000045580,false,גבינת חורש 25%,תנובה חלב,,גבינת חורש 25%,גרמים,240.00,100 גרם,false,,17.20,0.0717,true,1,6864
7290000045917,false,גבינת עזים פרומעז 23,תנובה חלב,,גבינת עזים פרומעז 23,גרמים,200.00,100 גרם,false,,25.00,0.1250,true,1,6866
7290000046020,false,גלבוע,,,גלבוע,קילוגרמים,1.00,"ק""ג",true,,42.58,42.5800,false,1,8021
7290000046327,false,גבינת גלבוע 22% - 20,תנובה חלב,,גבינת גלבוע 22% - 20,גרמים,200.00,100 גרם,false,,12.60,0.0630,false,1,641
7290000046549,false,מוצרלה במשקל,,,מוצרלה במשקל,קילוגרמים,1.00,"ק""ג",true,,77.50,77.5000,false,1,8025
7290000046563,false,פרמזן,,,פרמזן,קילוגרמים,1.00,"ק""ג",true,,107.10,107.1000,false,1,8027
7290000046662,false,גבינה סקנדינבית,,,גבינה סקנדינבית,קילוגרמים,1.00,"ק""ג",true,,74.20,74.2000,false,1,8028
7290000047027,false,גלעד,,,גלעד,קילוגרמים,1.00,"ק""ג",true,,119.00,119.0000,false,1,8029
7290000047034,false,גליל,,,גליל,קילוגרמים,1.00,"ק""ג",true,,119.50,119.5000,false,1,8030
7290000047485,false,בולגרית 24% תנובה,,,בולגרית 24% תנובה,קילוגרמים,1.00,"ק""ג",true,,56.20,56.2000,false,1,8032
7290000047546,false,גבינת כנען 5% תנובה,תנובה חלב,,גבינת כנען 5% תנובה,גרמים,500.00,100 גרם,false,,23.60,0.0472,false,1,6867
7290000047621,false,גבינה לבנה 5% מהדרין,תנובה חלב,,גבינה לבנה 5% מהדרין,גרמים,250.00,100 גרם,false,,4.98,0.0199,false,1,645
7290000047942,false,גבינה לבנה 9% מהדרין,תנובה חלב,,גבינה לבנה 9% מהדרין,גרמים,250.00,100 גרם,false,,4.75,0.0190,false,1,20885
7290000048185,false,גבינה לבנה 5% תנובה,תנובה חלב,,גבינה לבנה 5% תנובה,גרמים,250.00,100 גרם,false,,4.98,0.0199,false,1,647
7290000048192,false,גבינה לבנה תנובה 9%,תנובה חלב,,גבינה לבנה תנובה 9%,גרמים,250.00,100 גרם,false,,4.75,0.0190,false,1,648
7290000048413,false,גבינת חמד 16% - 250,תנובה חלב,,גבינת חמד 16% - 250,גרמים,250.00,100 גרם,false,,17.70,0.0708,false,1,6868
7290000048437,false,צפתית פיראוס 5%,תנובה חלב,,צפתית פיראוס 5%,גרמים,200.00,100 גרם,false,,14.70,0.0735,false,1,6869
7290000049458,false,פטה עיזים,תנובה חלב,,פטה עיזים,גרמים,250.00,100 גרם,false,,27.80,0.1112,false,1,6871
7290000050447,false,יופלה תות 3% - 500 מ,תנובה חלב,,יופלה תות 3% - 500 מ,מיליליטרים,500.00,"100 מ""ל",false,,13.00,0.0260,true,1,8063
7290000051307,false,מארז הפסקת אוכל עוגי,תנובה חלב,,מארז הפסקת אוכל עוגי,מיליליטרים,150.00,"100 מ""ל",false,,8.90,0.0593,false,1,8073
7290000051352,false,חלב מלא של פעם חלב ת,תנובה חלב,,חלב מלא של פעם חלב ת,ליטרים,1.00,ליטר,false,,7.50,7.5000,true,1,8074
7290000051376,false,יופלה דיאט אננס ספור,תנובה חלב,,יופלה דיאט אננס ספור,מיליליטרים,150.00,"100 מ""ל",false,,4.90,0.0327,true,1,8075
7290000051710,false,פיראוס לאבנה עם שמן,תנובה חלב,,פיראוס לאבנה עם שמן,גרמים,263.00,100 גרם,false,,13.60,0.0517,false,1,8077
7290000052311,false,עמק פרוס בקופסא 200,תנובה חלב,,עמק פרוס בקופסא 200,גרמים,200.00,100 גרם,false,,16.00,0.0800,false,1,652
7290000052649,false,פיראוס לאבנה 5% 500,תנובה חלב,,פיראוס לאבנה 5% 500,גרמים,500.00,100 גרם,false,,19.20,0.0384,false,1,8088
7290000053219,false,טל העמק,,,טל העמק,קילוגרמים,1.00,"ק""ג",true,,56.90,56.9000,true,1,66023
7290000053981,false,מאגדת יופלה 4 תות+4,תנובה חלב,,מאגדת יופלה 4 תות+4,ליטרים,1.20,ליטר,false,,27.40,22.8333,true,1,38167
7290000055015,false,פיראוס פטה כבשים 5%,תנובה חלב,,פיראוס פטה כבשים 5%,גרמים,250.00,100 גרם,false,,26.30,0.1052,false,1,8127
7290000055183,false,צפתית מלבנית פיראוס,תנובה חלב,,צפתית מלבנית פיראוס,קילוגרמים,1.00,"ק""ג",true,,54.20,54.2000,true,1,23615
7290000055206,false,גבינה לבנה טעם בצל מ,,,גבינה לבנה טעם בצל מ,גרמים,250.00,100 גרם,false,,5.70,0.0228,false,1,665
7290000055329,false,משקה יוגורט יופלה 1.,תנובה חלב,,משקה יוגורט יופלה 1.,מיליליטרים,250.00,"100 מ""ל",false,,5.30,0.0212,true,1,8135
7290000055336,false,משקה יוגורט יופלה 1.,תנובה חלב,,משקה יוגורט יופלה 1.,מיליליטרים,250.00,"100 מ""ל",false,,5.30,0.0212,true,1,8136
7290000055343,false,משקה יוגורט יופלה בט,תנובה חלב,,משקה יוגורט יופלה בט,מיליליטרים,250.00,"100 מ""ל",false,,5.30,0.0212,true,1,8137
7290000055350,false,עמק מעדניה 28%,,,עמק מעדניה 28%,קילוגרמים,1.00,"ק""ג",true,,44.79,44.7900,false,1,61700
7290000055893,false,"חמאה 200 ג""ר מהדרין",תנובה חלב,,"חמאה 200 ג""ר מהדרין",גרמים,200.00,100 גרם,false,,7.80,0.0390,false,1,61967
7290000056784,false,פטה כבשים 5% במעדניה,תנובה חלב,,פטה כבשים 5% במעדניה,קילוגרמים,1.00,"ק""ג",true,,112.70,112.7000,true,1,20148
7290000056845,false,חלב תנובה 3% 1.5 ליט,תנובה חלב,,חלב תנובה 3% 1.5 ליט,ליטרים,1.50,ליטר,false,,9.34,6.2267,false,1,20319
7290000056883,false,שמיניית יופלה פרי 3%,,,שמיניית יופלה פרי 3%,מיליליטרים,1200.00,"100 מ""ל",false,,29.90,0.0249,true,1,679
7290000056890,false,שמיניית יופלה  דיאט,תנובה חלב,,שמיניית יופלה  דיאט,מיליליטרים,1200.00,"100 מ""ל",false,,29.90,0.0249,true,1,680
7290000056906,false,מאגדת שמיניה יופלה 1,תנובה חלב,,מאגדת שמיניה יופלה 1,מיליליטרים,1200.00,"100 מ""ל",false,,17.50,0.0146,true,1,681
7290000056951,false,שמנת לבישול 15% 500,תנובה חלב,,שמנת לבישול 15% 500,מיליליטרים,500.00,"100 מ""ל",false,,16.50,0.0330,true,1,20843
7290000057088,false,עמק דק 28% - 200 גרם,תנובה חלב,,עמק דק 28% - 200 גרם,גרמים,200.00,100 גרם,false,,16.00,0.0800,false,1,20239
7290000057118,false,גבינת עמק 28% - 400,תנובה חלב,,גבינת עמק 28% - 400,גרמים,400.00,100 גרם,false,,22.80,0.0570,false,1,19822
7290000057132,false,יוגורט תנובה 1.5%,תנובה חלב,,יוגורט תנובה 1.5%,מיליליטרים,200.00,"100 מ""ל",false,,3.10,0.0155,true,1,20204
7290000057149,false,יוגורט תנובה 3% 200,תנובה חלב,,יוגורט תנובה 3% 200,מיליליטרים,200.00,"100 מ""ל",false,,3.10,0.0155,true,1,20205
7290000057552,false,יופלה דיאט עוגת גבינ,תנובה חלב,,יופלה דיאט עוגת גבינ,מיליליטרים,150.00,"100 מ""ל",false,,4.90,0.0327,true,1,23741
7290000058030,false,יופלה שטוזים משקה תו,תנובה חלב,,יופלה שטוזים משקה תו,מיליליטרים,800.00,"100 מ""ל",false,,20.30,0.0254,true,1,21968
7290000060071,false,חטיפי פריכונים בטעם,אסם,,חטיפי פריכונים בטעם,גרמים,80.00,100 גרם,false,,7.50,0.0938,false,1,5762
7290000060088,false,בייגלה מקלות מלוחים,אסם,,בייגלה מקלות מלוחים,גרמים,400.00,100 גרם,false,,11.00,0.0275,true,1,5763
7290000060156,false,אטריות ביצים 200 גר,אסם,,אטריות ביצים 200 גר,גרמים,200.00,100 גרם,false,,7.60,0.0380,true,1,5764
7290000060163,false,איטריות דקות 400 גר,אסם,,איטריות דקות 400 גר,גרמים,400.00,100 גרם,false,,7.60,0.0190,false,1,5765
7290000060200,false,פתיתים אפויים קוסקוס,אסם,,פתיתים אפויים קוסקוס,גרמים,500.00,100 גרם,false,,6.90,0.0138,false,1,5767
7290000060217,false,פסטה מקרוני 7 500 גר,אסם,,פסטה מקרוני 7 500 גר,גרמים,500.00,100 גרם,false,,5.90,0.0118,false,1,108
7290000060248,false,פסטה תלתלים 500,אסם,,פסטה תלתלים 500,גרמים,500.00,100 גרם,false,,5.90,0.0118,false,1,109
7290000060316,false,פרפקטו ספגטי 500 גר,אסם פרפקטו,,פרפקטו ספגטי 500 גר,גרמים,500.00,100 גרם,false,,7.70,0.0154,false,1,5770
7290000060330,false,פרפקטו ספירלי 500גר,אסם פרפקטו,,פרפקטו ספירלי 500גר,גרמים,500.00,100 גרם,false,,7.70,0.0154,false,1,5772
7290000060385,false,פודינג אינסטנט טעם ו,אסם,,פודינג אינסטנט טעם ו,גרמים,320.00,100 גרם,false,,19.50,0.0609,true,1,6373
7290000060408,false,פתיתים אפויים טבעות,אסם,,פתיתים אפויים טבעות,גרמים,500.00,100 גרם,false,,6.90,0.0138,false,1,5774
7290000060415,false,פרפקטו לזאניה 500 גר,אסם פרפקטו,,פרפקטו לזאניה 500 גר,גרמים,500.00,100 גרם,false,,14.90,0.0298,false,1,5775
7290000060576,false,פתיתים אפויים כוכבים,אסם,,פתיתים אפויים כוכבים,גרמים,500.00,100 גרם,false,,6.90,0.0138,false,1,5780
7290000060781,false,פסטה מסולסלים 500,אסם,,פסטה מסולסלים 500,גרמים,500.00,100 גרם,false,,5.90,0.0118,false,1,110
7290000060828,false,פסטה קרניים בינוניות,אסם,,פסטה קרניים בינוניות,גרמים,500.00,100 גרם,false,,5.90,0.0118,false,1,111
7290000060880,false,פסטה ספגטי 500גר,אסם,,פסטה ספגטי 500גר,גרמים,500.00,100 גרם,false,,5.90,0.0118,false,1,115
7290000060903,false,פתיתים אפויים אורז 5,אסם,,פתיתים אפויים אורז 5,גרמים,500.00,100 גרם,false,,6.90,0.0138,false,1,5782
7290000060958,false,איטריות בינוני 400גר,אסם,,איטריות בינוני 400גר,גרמים,400.00,100 גרם,false,,7.60,0.0190,false,1,5784
7290000060965,false,איטריות רחבות 400,אסם,,איטריות רחבות 400,גרמים,400.00,100 גרם,false,,7.60,0.0190,false,1,5785
7290000061061,false,קרקר בצל אסם,אסם,,קרקר בצל אסם,גרמים,250.00,100 גרם,false,,10.40,0.0416,true,1,5787
7290000061085,false,רוטב צילי מתוק,אסם,,רוטב צילי מתוק,יחידה,290.00,יחידה,false,,12.00,0.0414,false,1,5788
7290000061214,false,פתיתים קוסקוס עם בצל,אסם,,פתיתים קוסקוס עם בצל,גרמים,500.00,100 גרם,false,,7.50,0.0150,false,1,6377
7290000061245,false,עוגיות שוקוצ'יפס ממו,אסם,,עוגיות שוקוצ'יפס ממו,גרמים,220.00,100 גרם,false,,11.50,0.0523,true,1,5790
7290000061450,false,פתיתים קוסקוס 3 צבעי,אסם,,פתיתים קוסקוס 3 צבעי,גרמים,500.00,100 גרם,false,,6.90,0.0138,false,1,6378
7290000061764,false,קפה נמס רד מאג 200 ג,נסטלה,,קפה נמס רד מאג 200 ג,גרמים,200.00,100 גרם,false,,20.00,0.1000,false,1,117
7290000062129,false,פודינג אינסטנט וניל,אסם,,פודינג אינסטנט וניל,יחידה,1.00,יחידה,false,,29.90,29.9000,true,1,6379
7290000062952,false,מיני קרוטונים לסלט ו,אסם,,מיני קרוטונים לסלט ו,גרמים,250.00,100 גרם,false,,15.00,0.0600,true,1,6381
7290000063102,false,קמח תופח 350,אסם,,קמח תופח 350,גרמים,350.00,100 גרם,false,,4.70,0.0134,true,1,5798
7290000063133,false,שקדי מרק 100,אסם,,שקדי מרק 100,גרמים,100.00,100 גרם,false,,5.00,0.0500,true,1,5799
7290000063140,false,שקדי מרק 400,אסם,,שקדי מרק 400,גרמים,400.00,100 גרם,false,,10.00,0.0250,false,1,119
7290000063157,false,קמח תופח 1קג,אסם,,קמח תופח 1קג,יחידה,1.00,יחידה,false,,9.70,9.7000,false,1,120
7290000064758,false,קוסקוס אמיתי שקית 35,אסם,,קוסקוס אמיתי שקית 35,גרמים,350.00,100 גרם,false,,8.00,0.0229,false,1,5812
7290000064871,false,"מנה חמה פירה תפו""א ו",אסם,,"מנה חמה פירה תפו""א ו",גרמים,56.00,100 גרם,false,,6.70,0.1196,false,1,5813
7290000065090,false,מיני קרוטונים למרק 4,אסם,,מיני קרוטונים למרק 4,גרמים,400.00,100 גרם,false,,23.90,0.0597,true,1,5814
7290000065540,false,מנה חמה פסטה מוקרמת,אסם,,מנה חמה פסטה מוקרמת,גרמים,55.00,100 גרם,false,,6.70,0.1218,false,1,5816
7290000065557,false,מנה חמה קוסקוס עם יר,אסם,,מנה חמה קוסקוס עם יר,גרמים,84.00,100 גרם,false,,6.70,0.0798,false,1,5817
7290000065717,false,ויטמינציק פטל,ויטמינצ'יק,,ויטמינציק פטל,ליטרים,1.00,ליטר,false,,19.90,19.9000,false,1,5818
7290000065977,false,חטיפי פריכונים תירס,אסם,,חטיפי פריכונים תירס,גרמים,80.00,100 גרם,false,,7.50,0.0938,false,1,5821
7290000066141,false,ביסלי גריל 70גר,אסם,,ביסלי גריל 70גר,גרמים,70.00,100 גרם,false,,4.70,0.0671,false,1,5823
7290000066172,false,ביסלי פיצה 70,אסם,,ביסלי פיצה 70,גרמים,70.00,100 גרם,false,,4.70,0.0671,false,1,5826
7290000066196,false,ביסלי גריל 200גר,אסם,,ביסלי גריל 200גר,גרמים,200.00,100 גרם,false,,9.00,0.0450,false,1,5828
7290000066264,false,דובונים חטיף,אסם,,דובונים חטיף,גרמים,40.00,100 גרם,false,,5.00,0.1250,false,1,5832
7290000066295,false,במבה תות 30גר,אסם,,במבה תות 30גר,גרמים,30.00,100 גרם,false,,2.60,0.0867,false,1,5833
7290000066318,false,במבה 80גר,אסם,,במבה 80גר,גרמים,80.00,100 גרם,false,,5.00,0.0625,false,1,5835
7290000066332,false,אפרופו 50 גר,אסם,,אפרופו 50 גר,גרמים,50.00,100 גרם,false,,5.20,0.1040,false,1,5836
7290000066349,false,אפרופו 100גר,אסם,,אפרופו 100גר,גרמים,100.00,100 גרם,false,,8.50,0.0850,false,1,5837
7290000066431,false,פופקו חמאה ודבש 80 ג,אסם,,פופקו חמאה ודבש 80 ג,גרמים,80.00,100 גרם,false,,5.30,0.0662,false,1,5838
7290000066882,false,סלט צ'ימיצ'ורי,,,סלט צ'ימיצ'ורי,קילוגרמים,1.00,"ק""ג",true,,56.60,56.6000,true,1,78489
7290000067407,false,פירורית מתובלת 200גר,אסם,,פירורית מתובלת 200גר,גרמים,200.00,100 גרם,false,,6.00,0.0300,true,1,5845
7290000067544,false,פירורית זהב 200גר,אסם,,פירורית זהב 200גר,גרמים,200.00,100 גרם,false,,6.00,0.0300,true,1,5846
7290000067599,false,מנה חמה ספגטי בולונז,אסם,,מנה חמה ספגטי בולונז,גרמים,65.00,100 גרם,false,,6.70,0.1031,false,1,5847
7290000067735,false,"ניוקי מתפו""א גנוצ'י",אסם פרפקטו,,"ניוקי מתפו""א גנוצ'י",גרמים,500.00,100 גרם,false,,13.90,0.0278,true,1,5849
7290000068138,false,פודינג וניל,אסם,,פודינג וניל,גרמים,80.00,100 גרם,false,,5.80,0.0725,false,1,5851
7290000068190,false,ג'ל תות,אסם,,ג'ל תות,גרמים,85.00,100 גרם,false,,6.50,0.0765,true,1,5853
7290000068206,false,ג'לי מישמש,אסם,,ג'לי מישמש,גרמים,85.00,100 גרם,false,,6.50,0.0765,true,1,5854
7290000068237,false,ג'לי פטל,אסם,,ג'לי פטל,גרמים,85.00,100 גרם,false,,6.50,0.0765,true,1,5855
7290000068251,false,ג'לי אננס,אסם,,ג'לי אננס,גרמים,85.00,100 גרם,false,,6.50,0.0765,true,1,5856
7290000068343,false,פריכונים מאורז מלא,אסם,,פריכונים מאורז מלא,גרמים,140.00,100 גרם,false,,7.20,0.0514,false,1,5858
7290000068701,false,שקדי מרק במיכל,אסם,,שקדי מרק במיכל,גרמים,400.00,100 גרם,false,,15.90,0.0398,true,1,5861
7290000068770,false,במבה יום הולדת 80 גר,אסם,,במבה יום הולדת 80 גר,גרמים,80.00,100 גרם,false,,5.00,0.0625,false,1,5864
7290000068787,false,במבה יום הולדת,אסם,,במבה יום הולדת,גרמים,25.00,100 גרם,false,,2.40,0.0960,true,1,5865
7290000069364,false,פריכונים מאורז מלא ל,אסם,,פריכונים מאורז מלא ל,גרמים,140.00,100 גרם,false,,7.20,0.0514,true,1,5870
7290000069609,false,חטיפי קרקר זעתר 300,אסם,,חטיפי קרקר זעתר 300,גרמים,300.00,100 גרם,false,,11.70,0.0390,true,1,6418
7290000069715,false,חטיפי קרקר מלוח אסם,אסם,,חטיפי קרקר מלוח אסם,גרמים,300.00,100 גרם,false,,11.70,0.0390,true,1,6419
7290000070308,false,מרק עוף 400,אסם,,מרק עוף 400,גרמים,400.00,100 גרם,false,,16.90,0.0422,false,1,130
7290000070322,false,מרק פטריות 400,אסם,,מרק פטריות 400,גרמים,400.00,100 גרם,false,,19.90,0.0497,false,1,5877
7290000070353,false,מרק בצל 400,אסם,,מרק בצל 400,גרמים,400.00,100 גרם,false,,19.90,0.0497,false,1,5878
7290000070544,false,קאשיו קלוי,,,קאשיו קלוי,קילוגרמים,1.00,"ק""ג",true,,80.00,80.0000,true,1,61736
7290000070919,false,בייגלה רשתות מלח אסם,אסם,,בייגלה רשתות מלח אסם,גרמים,400.00,100 גרם,false,,13.90,0.0348,true,1,5887
7290000071008,false,בייגלה שטוחים מלח אס,אסם,,בייגלה שטוחים מלח אס,גרמים,60.00,100 גרם,false,,3.10,0.0517,true,1,5559
7290000072067,false,במבה קרם חלבה,אסם,,במבה קרם חלבה,גרמים,60.00,100 גרם,false,,5.30,0.0883,true,1,5890
7290000072241,false,רוטב פיצה,אסם,,רוטב פיצה,גרמים,290.00,100 גרם,false,,12.00,0.0414,true,1,5893
7290000072333,false,לחמניית דגנים,בונז'ור,,לחמניית דגנים,גרמים,120.00,100 גרם,false,,3.00,0.0250,true,1,5895
7290000072623,false,קטשופ 750 לחיץ,אסם,,קטשופ 750 לחיץ,גרמים,750.00,100 גרם,false,,9.90,0.0132,false,1,5896
7290000072753,false,קפה נמס טסטר'ס צ'ויס,טסטר צ'ויס,,קפה נמס טסטר'ס צ'ויס,גרמים,200.00,100 גרם,false,,29.90,0.1495,false,1,5901
7290000072760,false,קפה נמס טסטר'ס צ'ויס,טסטר צ'ויס,,קפה נמס טסטר'ס צ'ויס,גרמים,100.00,100 גרם,false,,25.90,0.2590,false,1,5902
7290000072777,false,קפה נמס טסטר'ס צ'ויס,טסטר צ'ויס,,קפה נמס טסטר'ס צ'ויס,גרמים,200.00,100 גרם,false,,39.90,0.1995,false,1,5903
7290000072968,false,דגני בוקר סיני מיניס,נסטלה,,דגני בוקר סיני מיניס,גרמים,500.00,100 גרם,false,,19.90,0.0398,false,1,5907
7290000073415,false,מנה חמה פסטה ברוטב פ,אסם,,מנה חמה פסטה ברוטב פ,גרמים,61.00,100 גרם,false,,6.70,0.1098,false,1,5911
7290000073699,false,חומוס חלק 150 גר,,,חומוס חלק 150 גר,גרמים,150.00,100 גרם,false,,4.80,0.0320,true,1,25098
7290000073750,false,מנה חמה נודלס אטריות,אסם,,מנה חמה נודלס אטריות,גרמים,70.00,100 גרם,false,,7.20,0.1029,false,1,5912
7290000073767,false,מנה חמה נודלס אטריות,אסם,,מנה חמה נודלס אטריות,גרמים,70.00,100 גרם,false,,7.20,0.1029,false,1,5913
7290000073774,false,מנה חמה נודלס+איטריו,אסם,,מנה חמה נודלס+איטריו,גרמים,70.00,100 גרם,false,,7.20,0.1029,false,1,5914
7290000074153,false,פתי בר שוקו 500,אסם,,פתי בר שוקו 500,גרמים,500.00,100 גרם,false,,13.90,0.0278,false,1,5918
7290000074184,false,פתיבר וניל אסם 500 ג,אסם,,פתיבר וניל אסם 500 ג,גרמים,500.00,100 גרם,false,,12.00,0.0240,false,1,5920
7290000074245,false,קרם קרקר 250,אסם,,קרם קרקר 250,גרמים,250.00,100 גרם,false,,8.50,0.0340,true,1,5921
7290000074252,false,קרקר שומשום 250,אסם,,קרקר שומשום 250,גרמים,250.00,100 גרם,false,,9.00,0.0360,true,1,5922
7290000074276,false,אסם קרקר קלאסי 250 ג,אסם,,אסם קרקר קלאסי 250 ג,גרמים,250.00,100 גרם,false,,10.00,0.0400,true,1,5923
7290000074375,false,קרקר זהב 150,אסם,,קרקר זהב 150,גרמים,150.00,100 גרם,false,,7.00,0.0467,true,1,5927
7290000074481,false,לחמית אגוזים,אסם,,לחמית אגוזים,גרמים,160.00,100 גרם,false,,10.50,0.0656,false,1,18816
7290000074696,false,קרם קרקר 1קג,אסם,,קרם קרקר 1קג,יחידה,1.00,יחידה,false,,24.90,24.9000,false,1,5929
7290000074764,false,"קרקר זהב 900 ג""ר",אסם,,"קרקר זהב 900 ג""ר",גרמים,900.00,100 גרם,false,,22.90,0.0254,true,1,5933
7290000075204,false,לחמית 250 גר,אסם,,לחמית 250 גר,גרמים,250.00,100 גרם,false,,8.70,0.0348,true,1,5936
7290000075693,false,עוגת שמרים בריוש שוק,אסם,,עוגת שמרים בריוש שוק,גרמים,360.00,100 גרם,false,,18.00,0.0500,false,1,135
7290000076126,false,בייגלה שמיניות קטנות,אסם,,בייגלה שמיניות קטנות,גרמים,80.00,100 גרם,false,,3.10,0.0388,true,1,5940
7290000076133,false,בייגלה שמיניות קטנות,אסם,,בייגלה שמיניות קטנות,גרמים,400.00,100 גרם,false,,11.00,0.0275,true,1,5941
7290000076645,false,אסם טוסטעים חיטה מלא,אסם,,אסם טוסטעים חיטה מלא,גרמים,100.00,100 גרם,false,,9.90,0.0990,true,1,5946
7290000077017,false,קרמוגית שוקו,אסם,,קרמוגית שוקו,גרמים,200.00,100 גרם,false,,11.50,0.0575,true,1,5947
7290000077253,false,לחמית כפרית 190 גר,אסם,,לחמית כפרית 190 גר,גרמים,190.00,100 גרם,false,,10.50,0.0553,true,1,5952
7290000077925,false,טוסטעים צנימים מחיטה,אסם,,טוסטעים צנימים מחיטה,גרמים,125.00,100 גרם,false,,9.70,0.0776,true,1,5956
7290000078014,false,חמוציות חתוכות,,,חמוציות חתוכות,קילוגרמים,1.00,"ק""ג",true,,39.90,39.9000,true,1,16812
7290000078212,false,קרוטונים מתובלים 250,אסם,,קרוטונים מתובלים 250,גרמים,250.00,100 גרם,false,,14.50,0.0580,true,1,5959
7290000078762,false,פריכונים אורז מלא בט,אסם,,פריכונים אורז מלא בט,גרמים,80.00,100 גרם,false,,7.50,0.0938,false,1,5964
7290000079233,false,קרם קרקר דל נתרן דיי,אסם,,קרם קרקר דל נתרן דיי,גרמים,250.00,100 גרם,false,,10.60,0.0424,true,1,5966
7290000079684,false,קוראסון ביס שקדים,בונז'ור,,קוראסון ביס שקדים,קילוגרמים,1.00,"ק""ג",true,,42.00,42.0000,true,1,33837
7290000080758,false,טוסטעים פת קלויה,אסם,,טוסטעים פת קלויה,גרמים,100.00,100 גרם,false,,9.90,0.0990,true,1,5974
7290000080765,false,טוסטעים פת קלויה שומ,אסם,,טוסטעים פת קלויה שומ,גרמים,100.00,100 גרם,false,,9.90,0.0990,true,1,5975
7290000081663,false,בייגלה טבעות שומשום,אסם,,בייגלה טבעות שומשום,גרמים,300.00,100 גרם,false,,11.00,0.0367,true,1,5977
7290000085166,false,פתי בר גטניו 400 גר,,,פתי בר גטניו 400 גר,גרמים,400.00,100 גרם,false,,7.50,0.0188,true,1,11064
7290000085173,false,פתיבר שוקו גטניו,,,פתיבר שוקו גטניו,גרמים,400.00,100 גרם,false,,7.50,0.0188,true,1,11065
7290000089188,false,פומפדיתא יין מיוחד ל,יקבי בנימינה,,פומפדיתא יין מיוחד ל,ליטרים,1.00,ליטר,false,,16.90,16.9000,false,1,15076
7290000100029,false,פתיתי כרובית סנפרוסט,סנפרוסט,,פתיתי כרובית סנפרוסט,גרמים,800.00,100 גרם,false,,18.90,0.0236,true,1,74157
7290000100036,false,פתיתי ברוקולי 800 גר,סנפרוסט,,פתיתי ברוקולי 800 גר,גרמים,800.00,100 גרם,false,,18.90,0.0236,true,1,74158
7290000100128,false,תות שדה סנפרוסט,סנפרוסט,,תות שדה סנפרוסט,גרמים,300.00,100 גרם,false,,14.90,0.0497,true,1,59064
7290000100135,false,דובדבן מתוק 300 גר',סנפרוסט,,דובדבן מתוק 300 גר',גרמים,300.00,100 גרם,false,,16.90,0.0563,true,1,74153
7290000100142,false,SMOOTHIE צהוב,,,SMOOTHIE צהוב,גרמים,300.00,100 גרם,false,,14.90,0.0497,true,1,73512
7290000100302,false,פול ירוק ללא קליפה ס,סנפרוסט,,פול ירוק ללא קליפה ס,גרמים,600.00,100 גרם,false,,22.90,0.0382,true,1,77103
7290000100593,false,אנטיפסטי לתנור 600 ג,,,אנטיפסטי לתנור 600 ג,גרמים,600.00,100 גרם,false,,21.00,0.0350,true,1,82557
7290000100609,false,אנטיפסטי להקפצה 600,,,אנטיפסטי להקפצה 600,גרמים,600.00,100 גרם,false,,21.00,0.0350,true,1,82558
7290000101132,false,לקט קטניות לחמין,סנפרוסט,,לקט קטניות לחמין,יחידה,0.00,יחידה,false,,19.90,0.0000,false,1,65251
7290000101927,false,אוכמניות כחולות מוקפ,סנפרוסט,,אוכמניות כחולות מוקפ,גרמים,300.00,100 גרם,false,,14.90,0.0497,true,1,68640
7290000101934,false,תערובת פירות יער קפו,סנפרוסט,,תערובת פירות יער קפו,גרמים,300.00,100 גרם,false,,14.90,0.0497,true,1,68641
7290000101941,false,אננס חתוך מוקפא 300,סנפרוסט,,אננס חתוך מוקפא 300,גרמים,300.00,100 גרם,false,,14.90,0.0497,true,1,68642
7290000101958,false,מנגו חתוך מוקפא 300,סנפרוסט,,מנגו חתוך מוקפא 300,גרמים,300.00,100 גרם,false,,14.90,0.0497,true,1,68643
7290000103365,false,מרק ירקות סנפרוסט,סנפרוסט,,מרק ירקות סנפרוסט,גרמים,500.00,100 גרם,false,,14.90,0.0298,false,1,23399
7290000103433,false,ירקות לתנור סנפרוסט,סנפרוסט,,ירקות לתנור סנפרוסט,יחידה,0.00,יחידה,false,,21.00,0.0000,false,1,64566
7290000103457,false,מיני כרובית 600 גר',סנפרוסט,,מיני כרובית 600 גר',גרמים,600.00,100 גרם,false,,15.90,0.0265,false,1,63127
7290000103471,false,מיני ברוקולי 600 גר',סנפרוסט,,מיני ברוקולי 600 גר',גרמים,600.00,100 גרם,false,,15.90,0.0265,true,1,63350
7290000103730,false,לקט להקפצה עם פסטה ס,סנפרוסט,,לקט להקפצה עם פסטה ס,גרמים,800.00,100 גרם,false,,21.90,0.0274,false,1,895
7290000103815,false,לקט להקפצה בסגנון תא,,,לקט להקפצה בסגנון תא,גרמים,800.00,100 גרם,false,,21.90,0.0274,false,1,899
7290000103822,false,לקט לעוף 800 גר' סנפ,סנפרוסט,,לקט לעוף 800 גר' סנפ,גרמים,800.00,100 גרם,false,,21.00,0.0263,false,1,900
7290000103839,false,מרק כתום סנפרוסט,סנפרוסט,,מרק כתום סנפרוסט,גרמים,572.00,100 גרם,false,,14.90,0.0260,false,1,901
7290000103846,false,מרק אפונה סנפרוסט,סנפרוסט,,מרק אפונה סנפרוסט,גרמים,572.00,100 גרם,false,,14.90,0.0260,false,1,902
7290000103860,false,מרק עדשים סנפרוסט,סנפרוסט,,מרק עדשים סנפרוסט,גרמים,572.00,100 גרם,false,,14.90,0.0260,false,1,904
7290000103877,false,מרק שעועית סנפרוסט,סנפרוסט,,מרק שעועית סנפרוסט,גרמים,644.00,100 גרם,false,,14.90,0.0231,false,1,905
7290000104072,false,עדשים ירוקות מבושלות,סנפרוסט,,עדשים ירוקות מבושלות,גרמים,800.00,100 גרם,false,,19.90,0.0249,false,1,912
7290000104188,false,שעועית אדומה מבושלת,סנפרוסט,,שעועית אדומה מבושלת,גרמים,800.00,100 גרם,false,,17.90,0.0224,false,1,914
7290000104201,false,אפונה עדינה,סנפרוסט,,אפונה עדינה,גרמים,600.00,100 גרם,false,,17.90,0.0298,false,1,8370
7290000104218,false,במיה סנפרוסט,סנפרוסט,,במיה סנפרוסט,גרמים,600.00,100 גרם,false,,16.90,0.0282,false,1,8371
7290000104225,false,בצל קצוץ סנפרוסט,סנפרוסט,,בצל קצוץ סנפרוסט,גרמים,600.00,100 גרם,false,,16.90,0.0282,false,1,8372
7290000104676,false,אפונה סנפרוסט 00,סנפרוסט,,אפונה סנפרוסט 00,גרמים,800.00,100 גרם,false,,17.90,0.0224,false,1,8374
7290000104683,false,שעועית שלמה 800,סנפרוסט,,שעועית שלמה 800,גרמים,800.00,100 גרם,false,,19.90,0.0249,false,1,915
7290000104690,false,תירס 800 סנפרוסט,סנפרוסט,,תירס 800 סנפרוסט,גרמים,800.00,100 גרם,false,,16.90,0.0211,false,1,916
7290000104706,false,גזר גמדי 800,סנפרוסט,,גזר גמדי 800,גרמים,800.00,100 גרם,false,,17.90,0.0224,false,1,8375
7290000104713,false,פול ירוק 800,סנפרוסט,,פול ירוק 800,גרמים,800.00,100 גרם,false,,22.90,0.0286,false,1,8376
7290000104720,false,שעועית ירוקה חתוכה,סנפרוסט,,שעועית ירוקה חתוכה,גרמים,800.00,100 גרם,false,,16.90,0.0211,false,1,917
7290000104744,false,כרובית 800 גר,סנפרוסט,,כרובית 800 גר,גרמים,800.00,100 גרם,false,,22.90,0.0286,false,1,8377
7290000104751,false,כרוב ניצנים סנפר,סנפרוסט,,כרוב ניצנים סנפר,גרמים,800.00,100 גרם,false,,23.90,0.0299,false,1,8378
7290000104768,false,תרד עלים 800,סנפרוסט,,תרד עלים 800,גרמים,800.00,100 גרם,false,,22.90,0.0286,false,1,8379
7290000104775,false,תרד מדליון,סנפרוסט,,תרד מדליון,גרמים,800.00,100 גרם,false,,23.90,0.0299,false,1,8380
7290000104799,false,שעועית לבנה מבוש,סנפרוסט,,שעועית לבנה מבוש,גרמים,800.00,100 גרם,false,,17.90,0.0224,false,1,919
7290000104805,false,חומוס מבושל סנפר,סנפרוסט,,חומוס מבושל סנפר,גרמים,800.00,100 גרם,false,,17.90,0.0224,false,1,920
7290000104829,false,קלחוני תירס 1 קג,סנפרוסט,,קלחוני תירס 1 קג,יחידה,1.00,יחידה,false,,19.90,19.9000,false,1,921
7290000104836,false,שעועית עדינה שלמה 60,סנפרוסט,,שעועית עדינה שלמה 60,גרמים,600.00,100 גרם,false,,21.90,0.0365,false,1,8381
7290000104874,false,לקט לקוסקוס,סנפרוסט,,לקט לקוסקוס,גרמים,800.00,100 גרם,false,,21.00,0.0263,false,1,8383
7290000104881,false,אפונה וגזר,סנפרוסט,,אפונה וגזר,גרמים,800.00,100 גרם,false,,15.90,0.0199,false,1,922
7290000104904,false,לקט ירקות מעורבי,סנפרוסט,,לקט ירקות מעורבי,גרמים,800.00,100 גרם,false,,21.90,0.0274,false,1,923
7290000104911,false,לקט נורמנדי,סנפרוסט,,לקט נורמנדי,גרמים,800.00,100 גרם,false,,21.00,0.0263,false,1,924
7290000106175,false,לקט כפרית 2,סנפרוסט,,לקט כפרית 2,יחידה,2.00,יחידה,false,,37.90,18.9500,false,1,8388
7290000107165,false,חטיף סויה אדממה,סנפרוסט,,חטיף סויה אדממה,גרמים,400.00,100 גרם,false,,13.50,0.0338,false,1,8390
7290000107189,false,ארטישוק תחתיות,סנפרוסט,,ארטישוק תחתיות,גרמים,400.00,100 גרם,false,,19.90,0.0497,false,1,8391
7290000107295,false,ברוקולי 800,סנפרוסט,,ברוקולי 800,גרמים,800.00,100 גרם,false,,22.90,0.0286,false,1,8394
7290000107622,false,פסטה וירקות א-לה איט,סנפרוסט,,פסטה וירקות א-לה איט,גרמים,800.00,100 גרם,false,,21.00,0.0263,true,1,79500
7290000110851,false,כפלי בצל,תלמה,,כפלי בצל,גרמים,70.00,100 גרם,false,,6.00,0.0857,true,1,9211
7290000111063,false,מיונז אמיתי 250,תלמה,,מיונז אמיתי 250,גרמים,250.00,100 גרם,false,,7.20,0.0288,false,1,2041
7290000111117,false,בדין לבן 4 ליטר,בדין,,בדין לבן 4 ליטר,ליטרים,4.00,ליטר,false,,19.90,4.9750,false,1,2042
7290000111186,false,מיונז 500,תלמה,,מיונז 500,גרמים,500.00,100 גרם,false,,9.90,0.0198,false,1,2043
7290000111353,false,מיונז אמיתי 1קג,תלמה,,מיונז אמיתי 1קג,יחידה,1.00,יחידה,false,,17.60,17.6000,false,1,9213
7290000111384,false,חרדל אמיתי 550,תלמה,,חרדל אמיתי 550,גרמים,550.00,100 גרם,false,,12.90,0.0235,true,1,2045
7290000112220,false,טחינה גולמית 500,בארכה,,טחינה גולמית 500,גרמים,500.00,100 גרם,false,,13.90,0.0278,false,1,727
7290000112497,false,קנור עשיר עוף,קנור,,קנור עשיר עוף,גרמים,75.00,100 גרם,false,,10.90,0.1453,true,1,9217
7290000112503,false,קנור עשיר ירקות,קנור,,קנור עשיר ירקות,גרמים,61.00,100 גרם,false,,10.90,0.1787,true,1,9218
7290000112619,false,מרק עוף אמיתי,תלמה,,מרק עוף אמיתי,גרמים,400.00,100 גרם,false,,15.90,0.0398,false,1,2046
7290000116204,false,מ.דגש 1קג,קנור,,מ.דגש 1קג,יחידה,1.00,יחידה,false,,15.90,15.9000,false,1,2051
7290000116884,false,רוטב ברבקיו קנור,קנור,,רוטב ברבקיו קנור,יחידה,200.00,יחידה,false,,12.90,0.0645,false,1,9244
7290000116945,false,רוטב סויה קנור,קנור,,רוטב סויה קנור,מיליליטרים,300.00,"100 מ""ל",false,,13.90,0.0463,false,1,9246
7290000117171,false,מרק טעם עוף נמס 10 ק,תלמה,,מרק טעם עוף נמס 10 ק,גרמים,46.00,100 גרם,false,,7.20,0.1565,true,1,9249
7290000117720,false,נ.בכוס פטריות,קנור,,נ.בכוס פטריות,גרמים,43.00,100 גרם,false,,7.00,0.1628,true,1,9251
7290000118277,false,קניידל,קנור,,קניידל,גרמים,130.00,100 גרם,false,,11.90,0.0915,false,1,9256
7290000120836,false,מיונז הלמנס,הלמנ'ס,,מיונז הלמנס,גרמים,394.00,100 גרם,false,,10.90,0.0277,false,1,9263
7290000120874,false,מיונז הלמנס דל,הלמנ'ס,,מיונז הלמנס דל,גרמים,424.00,100 גרם,false,,10.90,0.0257,false,1,9264
7290000121031,false,גבינת חתול 14% 120 ג,נטו,,גבינת חתול 14% 120 ג,גרמים,120.00,100 גרם,false,,10.60,0.0883,true,1,7057
7290000121079,false,גבינה מון בלאן לייט,נטו,,גבינה מון בלאן לייט,גרמים,120.00,100 גרם,false,,11.90,0.0992,true,1,7059
7290000121093,false,גבינה מון בלאן לייט,נטו,,גבינה מון בלאן לייט,גרמים,120.00,100 גרם,false,,11.50,0.0958,true,1,7060
7290000121109,false,גבינה מון בלאן לייט,נטו,,גבינה מון בלאן לייט,גרמים,120.00,100 גרם,false,,11.90,0.0992,true,1,7061
7290000121154,false,גבינה מון בלאן לייט,נטו,,גבינה מון בלאן לייט,גרמים,120.00,100 גרם,false,,13.50,0.1125,true,1,7063
7290000121239,false,מיוקל 5 שומן%,תלמה,,מיוקל 5 שומן%,גרמים,500.00,100 גרם,false,,13.50,0.0270,false,1,9265
7290000125251,false,שמפו לכביסה עדינה,בדין,,שמפו לכביסה עדינה,ליטרים,2.00,ליטר,false,,29.90,14.9500,true,1,14410
7290000129457,false,רוטב פטריות קנור,קנור,,רוטב פטריות קנור,גרמים,28.00,100 גרם,false,,4.60,0.1643,true,1,9291
7290000129785,false,בדין ירוק 4 ליטר,בדין,,בדין ירוק 4 ליטר,ליטרים,4.00,ליטר,false,,19.90,4.9750,false,1,2071
7290000130606,false,קמח מצה 200 גר,,,קמח מצה 200 גר,גרמים,200.00,100 גרם,false,,3.00,0.0150,true,1,9833
7290000131122,false,בצק עלים צרפתי שחף 1,,,בצק עלים צרפתי שחף 1,קילוגרמים,1.50,"ק""ג",false,,19.90,13.2667,true,1,7218
7290000133645,false,שלישיה אורביטול משחת,אורביטול,,שלישיה אורביטול משחת,גרמים,435.00,100 גרם,false,,19.90,0.0457,true,1,16098
7290000134147,false,מוסקט טחון 40 גרם,תבליני טעם וריח,,מוסקט טחון 40 גרם,גרמים,40.00,100 גרם,false,,14.90,0.3725,true,1,2727
7290000134307,false,קינמון טחון בשקית 50,תבליני טעם וריח,,קינמון טחון בשקית 50,גרמים,50.00,100 גרם,false,,5.90,0.1180,true,1,9942
7290000134314,false,תיבול לפיצה,תבליני טעם וריח,,תיבול לפיצה,גרמים,120.00,100 גרם,false,,9.50,0.0792,true,1,9943
7290000134338,false,אבקת שום מיכל,תבליני טעם וריח,,אבקת שום מיכל,גרמים,90.00,100 גרם,false,,9.50,0.1056,true,1,9944
7290000134352,false,תבלין קינמון טחו,תבליני טעם וריח,,תבלין קינמון טחו,גרמים,90.00,100 גרם,false,,9.50,0.1056,true,1,9945
7290000134376,false,פפריקה מרוקאית מתוקה,תבליני טעם וריח,,פפריקה מרוקאית מתוקה,גרמים,90.00,100 גרם,false,,9.50,0.1056,true,1,2729
7290000134550,false,עלי דפנה שק 20',תבליני טעם וריח,,עלי דפנה שק 20',גרמים,40.00,100 גרם,false,,5.90,0.1475,true,1,9948
7290000134666,false,רוזמרין מיכל קטן,תבליני טעם וריח,,רוזמרין מיכל קטן,גרמים,15.00,100 גרם,false,,5.50,0.3667,true,1,9950
7290000134673,false,זנגויל מיכל פלסטיק,תבליני טעם וריח,,זנגויל מיכל פלסטיק,גרמים,30.00,100 גרם,false,,5.50,0.1833,true,1,9951
7290000134680,false,קימל שלם במיכל,תבליני טעם וריח,,קימל שלם במיכל,גרמים,40.00,100 גרם,false,,5.50,0.1375,true,1,9952
7290000134758,false,"תבלין לתפו""א",תבליני טעם וריח,,"תבלין לתפו""א",גרמים,100.00,100 גרם,false,,9.50,0.0950,true,1,9954
7290000134826,false,תבלין זעתר,תבליני טעם וריח,,תבלין זעתר,גרמים,100.00,100 גרם,false,,9.50,0.0950,true,1,9957
7290000134833,false,תבלין כמון,תבליני טעם וריח,,תבלין כמון,גרמים,100.00,100 גרם,false,,9.50,0.0950,true,1,9958
7290000134840,false,תבלין כורכום,תבליני טעם וריח,,תבלין כורכום,גרמים,100.00,100 גרם,false,,9.50,0.0950,true,1,9959
7290000134857,false,פפריקה מתוקה,תבליני טעם וריח,,פפריקה מתוקה,גרמים,100.00,100 גרם,false,,9.50,0.0950,true,1,2732
7290000134864,false,תבלין פפריקה,תבליני טעם וריח,,תבלין פפריקה,גרמים,100.00,100 גרם,false,,9.50,0.0950,true,1,9960
7290000134871,false,פלפל שחור טחון 100 ג,תבליני טעם וריח,,פלפל שחור טחון 100 ג,גרמים,100.00,100 גרם,false,,12.90,0.1290,true,1,2733
7290000134970,false,תבלין חוויא'ג,תבליני טעם וריח,,תבלין חוויא'ג,גרמים,100.00,100 גרם,false,,9.50,0.0950,true,1,9962
7290000134987,false,פלפל שחור גרוס,תבליני טעם וריח,,פלפל שחור גרוס,גרמים,90.00,100 גרם,false,,12.90,0.1433,true,1,2735
7290000134994,false,טימין מיכל קטן,תבליני טעם וריח,,טימין מיכל קטן,גרמים,20.00,גרם,false,,5.50,0.2750,true,1,9963
7290000135045,false,"פחית XL תפוח 250 מ""ל",,,"פחית XL תפוח 250 מ""ל",מיליליטרים,250.00,"100 מ""ל",false,,4.50,0.0180,false,1,78275
7290000135052,false,"פחית XL מנגו 250 מ""ל",,,"פחית XL מנגו 250 מ""ל",מיליליטרים,250.00,"100 מ""ל",false,,4.50,0.0180,false,1,78276
7290000135113,false,משקה אנרגיה XL נענע,,,משקה אנרגיה XL נענע,מיליליטרים,250.00,"100 מ""ל",false,,4.50,0.0180,false,1,81714
7290000135182,false,שישייה דיאט סבן אפ פ,,,שישייה דיאט סבן אפ פ,ליטרים,1.98,ליטר,false,,18.90,9.5455,true,1,86001
7290000135311,false,פפסי מקס ליים 1.5 לי,פפסי,,פפסי מקס ליים 1.5 לי,ליטרים,1.50,ליטר,false,,6.90,4.6000,false,1,84391
7290000135465,false,סודה טמפו 500 מל מאר,,,סודה טמפו 500 מל מאר,ליטרים,6.00,ליטר,false,,25.90,4.3167,true,1,88525
7290000135595,false,פפסי מקס דובדבן 1.5,פפסי,,פפסי מקס דובדבן 1.5,ליטרים,1.50,ליטר,false,,6.90,4.6000,false,1,89079
7290000135625,false,רביעיית פחיות גולדסט,,,רביעיית פחיות גולדסט,ליטרים,2.00,ליטר,false,,29.90,14.9500,true,1,89928
7290000135632,false,רביעיות פחיות גולדסט,,,רביעיות פחיות גולדסט,ליטרים,2.00,ליטר,false,,32.90,16.4500,true,1,89927
7290000136141,false,פפסי 1.5 ליטר,,,פפסי 1.5 ליטר,ליטרים,1.50,ליטר,false,,7.50,5.0000,false,1,118041
7290000136158,false,פפסי מקס 1.5 ליטר,,,פפסי מקס 1.5 ליטר,ליטרים,1.50,ליטר,false,,6.90,4.6000,false,1,118042
7290000136165,false,מירינדה 1.5 ליטר,,,מירינדה 1.5 ליטר,ליטרים,1.50,ליטר,false,,7.50,5.0000,false,1,118038
7290000136172,false,סבן אפ 1.5 ליטר,,,סבן אפ 1.5 ליטר,ליטרים,1.50,ליטר,false,,7.50,5.0000,false,1,118043
7290000136189,false,דיאט סבן אפ 1.5 ליטר,,,דיאט סבן אפ 1.5 ליטר,ליטרים,1.50,ליטר,false,,7.50,5.0000,false,1,118047
7290000136240,false,סודה 1.5 ליטר טמפו,,,סודה 1.5 ליטר טמפו,ליטרים,1.50,ליטר,false,,3.30,2.2000,false,1,118035
7290000136257,false,1.5ליטר טמפו rush&to,,,1.5ליטר טמפו rush&to,ליטרים,1.50,ליטר,false,,10.90,7.2667,false,1,118025
7290000136264,false,מי טוניק 1.5 ליטר,,,מי טוניק 1.5 ליטר,ליטרים,1.50,ליטר,false,,10.90,7.2667,false,1,118026
7290000136288,false,סירופ בטעם תפוחים סי,,,סירופ בטעם תפוחים סי,מיליליטרים,330.00,"100 מ""ל",false,,13.90,0.0421,true,1,121701
7290000136295,false,סירופ בטעם פטל סיידר,,,סירופ בטעם פטל סיידר,מיליליטרים,330.00,"100 מ""ל",false,,13.90,0.0421,true,1,121702
7290000136301,false,סירופ בטעם ענבים סיי,,,סירופ בטעם ענבים סיי,מיליליטרים,330.00,"100 מ""ל",false,,13.90,0.0421,true,1,121703
7290000136486,false,ג'אמפ דיאט אשכוליות,,,ג'אמפ דיאט אשכוליות,ליטרים,1.50,ליטר,false,,7.90,5.2667,false,1,118031
7290000136516,false,ג'אמפ מנגו פסיפלורה,,,ג'אמפ מנגו פסיפלורה,ליטרים,1.50,ליטר,false,,7.90,5.2667,false,1,118027
7290000136523,false,ג'אמפ ענבים 1.5 ליטר,,,ג'אמפ ענבים 1.5 ליטר,ליטרים,1.50,ליטר,false,,7.90,5.2667,false,1,118032
7290000136561,false,ג'אמפ תות בננה 1.5 ל,,,ג'אמפ תות בננה 1.5 ל,ליטרים,1.50,ליטר,false,,7.90,5.2667,false,1,118033
7290000136585,false,ג'אמפ תפוזים  1.5 לי,,,ג'אמפ תפוזים  1.5 לי,ליטרים,1.50,ליטר,false,,7.90,5.2667,false,1,118028
7290000136646,false,נשר מאלט 1.5 ליטר,,,נשר מאלט 1.5 ליטר,ליטרים,1.50,ליטר,false,,8.90,5.9333,false,1,118023
7290000136769,false,פפסי 1.5 ליטר שישייה,,,פפסי 1.5 ליטר שישייה,ליטרים,9.00,ליטר,false,,41.90,4.6556,false,1,118058
7290000136776,false,פפסי מקס 1.5 ליטר שי,,,פפסי מקס 1.5 ליטר שי,ליטרים,9.00,ליטר,false,,37.90,4.2111,false,1,118059
7290000136790,false,סודה 1.5 ליטר שישייה,,,סודה 1.5 ליטר שישייה,ליטרים,9.00,ליטר,false,,17.90,1.9889,false,1,118050
7290000136844,false,מי נובה  2 ליטר שישי,,,מי נובה  2 ליטר שישי,ליטרים,12.00,ליטר,false,,11.70,0.9750,false,1,118048
7290000136868,false,סן בנדטו 1.5 ליטר שי,,,סן בנדטו 1.5 ליטר שי,ליטרים,9.00,ליטר,false,,17.90,1.9889,false,1,118049
7290000136875,false,סן בנדטו מוגז 1.5 לי,,,סן בנדטו מוגז 1.5 לי,ליטרים,9.00,ליטר,false,,18.90,2.1000,false,1,118055
7290000137513,false,קרמיסימו גלידונית 60,קרמיסימו- שטראוס,,קרמיסימו גלידונית 60,גרמים,630.00,100 גרם,false,,49.90,0.0792,false,1,7632
7290000137643,false,מאגדת טעמקור שוקו ונ,שטראוס,,מאגדת טעמקור שוקו ונ,יח',8.00,יח',false,,39.90,4.9875,true,1,7633
7290000140056,false,עוף טחון,,,עוף טחון,קילוגרמים,1.00,"ק""ג",true,,39.90,39.9000,false,1,32646
7290000140070,false,מוצרלה מגורדת,,,מוצרלה מגורדת,קילוגרמים,1.00,"ק""ג",true,,80.70,80.7000,true,1,31707
7290000143200,false,מרכך הוואי יבש 700 מ,הוואי,,מרכך הוואי יבש 700 מ,מיליליטרים,700.00,"100 מ""ל",false,,8.90,0.0127,false,1,17237
7290000143217,false,שמפו הוואי יבש 700 מ,הוואי,,שמפו הוואי יבש 700 מ,מיליליטרים,700.00,"100 מ""ל",false,,8.90,0.0127,true,1,17238
7290000143255,false,שמפו הוואי רגיל 700,הוואי,,שמפו הוואי רגיל 700,מיליליטרים,700.00,"100 מ""ל",false,,8.90,0.0127,false,1,17239
7290000143262,false,שמפו הוואי ילדים 700,הוואי,,שמפו הוואי ילדים 700,מיליליטרים,700.00,"100 מ""ל",false,,8.90,0.0127,false,1,17240
7290000143279,false,שמפו הוואי נגד קשקשי,הוואי,,שמפו הוואי נגד קשקשי,מיליליטרים,700.00,"100 מ""ל",false,,8.90,0.0127,false,1,17241
7290000143286,false,מרכך הוואי רגיל 700,הוואי,,מרכך הוואי רגיל 700,מיליליטרים,700.00,"100 מ""ל",false,,8.90,0.0127,false,1,17242
7290000143293,false,מרכך הוואי ילדים 700,הוואי,,מרכך הוואי ילדים 700,מיליליטרים,700.00,"100 מ""ל",false,,8.90,0.0127,false,1,17243
7290000144160,false,שמן זית בטעם מודגש 7,עץ הזית,,שמן זית בטעם מודגש 7,יחידה,750.00,יחידה,false,,29.90,0.0399,false,1,11546
7290000144467,false,שמן חמניות בריאות,עץ הזית,,שמן חמניות בריאות,ליטרים,1.00,ליטר,false,,14.90,14.9000,false,1,11549
7290000144474,false,שמן קנולה בריאות,עץ הזית,,שמן קנולה בריאות,ליטרים,1.00,ליטר,false,,14.90,14.9000,false,1,11550
7290000146669,false,רבעיה ס.מ.הוואי שמיי,הוואי,,רבעיה ס.מ.הוואי שמיי,גרמים,400.00,100 גרם,false,,12.90,0.0323,true,1,17261
7290000146676,false,רבעיה ס.מ.הוואי לגבר,הוואי,,רבעיה ס.מ.הוואי לגבר,גרמים,400.00,100 גרם,false,,12.90,0.0323,true,1,17262
7290000146683,false,רבעיה ס.מ.הוואי אפקט,הוואי,,רבעיה ס.מ.הוואי אפקט,גרמים,400.00,100 גרם,false,,12.90,0.0323,true,1,17263
7290000146928,false,מ.שיניים טום וג'רי ע,טום וג'רי,,מ.שיניים טום וג'רי ע,מיליליטרים,50.00,"100 מ""ל",false,,6.90,0.1380,true,1,17269
7290000146997,false,מ.שיניים טום וג'רי מ,טום וג'רי,,מ.שיניים טום וג'רי מ,מיליליטרים,50.00,"100 מ""ל",false,,6.90,0.1380,true,1,17271
7290000148380,false,פיסטוק 200,קליית גת,,פיסטוק 200,גרמים,200.00,100 גרם,false,,21.00,0.1050,true,1,2431
7290000148489,false,גרעיני דלעת,קליית גת,,גרעיני דלעת,גרמים,200.00,100 גרם,false,,8.50,0.0425,true,1,14603
7290000148618,false,קאשיו 200,קליית גת,,קאשיו 200,גרמים,200.00,100 גרם,false,,18.00,0.0900,true,1,5529
7290000148748,false,גרעיני חמניה,קליית גת,,גרעיני חמניה,גרמים,200.00,100 גרם,false,,6.00,0.0300,true,1,14604
7290000148939,false,שקד קלוי 200 גר,קליית גת,,שקד קלוי 200 גר,גרמים,200.00,100 גרם,false,,18.00,0.0900,true,1,14605
7290000149615,false,נקה 7- לתינוק רביעיה,נקה 7,,נקה 7- לתינוק רביעיה,גרמים,400.00,100 גרם,false,,11.90,0.0298,true,1,18522
7290000149806,false,סופר 7-ס.נוז' לכלים,נקה 7,,סופר 7-ס.נוז' לכלים,ליטרים,1.00,ליטר,false,,12.90,12.9000,true,1,18523
7290000149905,false,טקסטיל שמפו-1 ליטר נ,נקה 7,,טקסטיל שמפו-1 ליטר נ,ליטרים,1.00,ליטר,false,,14.90,14.9000,true,1,18527
7290000149943,false,טקסטיל שמפו-שקית 1.0,נקה 7,,טקסטיל שמפו-שקית 1.0,קילוגרמים,1.00,"ק""ג",false,,14.90,14.9000,true,1,18528
7290000150956,false,מקלוני קבנוס עוף טוב,עוף טוב,,מקלוני קבנוס עוף טוב,גרמים,160.00,100 גרם,false,,10.90,0.0681,true,1,5564
7290000151021,false,פסטרמה כפרית 100 גר,,,פסטרמה כפרית 100 גר,גרמים,100.00,100 גרם,false,,5.90,0.0590,true,1,25855
7290000152288,false,נקנקיות עוף 400 עוף,עוף טוב,,נקנקיות עוף 400 עוף,גרמים,400.00,100 גרם,false,,11.90,0.0298,false,1,5989
7290000152943,false,מארז סלמי + פסטרמה,עוף טוב,,מארז סלמי + פסטרמה,גרמים,700.00,100 גרם,false,,24.90,0.0356,true,1,140
7290000153469,false,עוף טוב קציצות עוף ק,עוף טוב,,עוף טוב קציצות עוף ק,גרמים,600.00,100 גרם,false,,28.90,0.0482,true,1,143
7290000158105,false,שניצל דינוזאור 100%,,,שניצל דינוזאור 100%,יחידה,0.00,יחידה,false,,33.90,0.0000,true,1,22598
7290000159010,false,שניצל מיני דובונים,עוף טוב,,שניצל מיני דובונים,גרמים,700.00,100 גרם,false,,33.90,0.0484,true,1,22571
7290000161358,false,מיונז אמיתי משמן קנו,תלמה,,מיונז אמיתי משמן קנו,גרמים,500.00,100 גרם,false,,14.90,0.0298,false,1,9305
7290000161631,false,חטיף קליק אין אאוט,קליק,,חטיף קליק אין אאוט,גרמים,38.00,100 גרם,false,,5.00,0.1316,true,1,20065
7290000161648,false,חטיף קליק אין אאוט,קליק,,חטיף קליק אין אאוט,גרמים,38.00,100 גרם,false,,5.00,0.1316,true,1,23865
7290000166605,false,סיף נוזל לניקוי כללי,סיף פנטסטיק,,סיף נוזל לניקוי כללי,ליטרים,4.00,ליטר,false,,19.90,4.9750,false,1,23485
7290000168173,false,דגני בוקר קראנצ'ים,תלמה,,דגני בוקר קראנצ'ים,גרמים,375.00,100 גרם,false,,19.90,0.0531,false,1,25739
7290000169538,false,נמס בכוס עגבניות וקר,קנור,,נמס בכוס עגבניות וקר,גרמים,62.00,100 גרם,false,,7.00,0.1129,false,1,27876
7290000169798,false,עוגי מופחת סוכר 500,תלמה,,עוגי מופחת סוכר 500,גרמים,500.00,100 גרם,false,,19.90,0.0398,false,1,28526
7290000174723,false,שוקולית 500 גרם,עלית,,שוקולית 500 גרם,גרמים,500.00,100 גרם,false,,11.90,0.0238,false,1,12249
7290000176062,false,קפה טורקי 100 גרם,עלית,,קפה טורקי 100 גרם,גרמים,100.00,100 גרם,false,,8.90,0.0890,false,1,4524
7290000176079,false,קפה עם הל 100 גרם,עלית,,קפה עם הל 100 גרם,גרמים,100.00,100 גרם,false,,9.90,0.0990,true,1,12252
7290000176116,false,קפה טורקי אריזת ואקו,עלית,,קפה טורקי אריזת ואקו,קילוגרמים,1.00,"ק""ג",false,,82.90,82.9000,false,1,12255
7290000176413,false,קפה נמס 50 גרם,עלית,,קפה נמס 50 גרם,גרמים,50.00,100 גרם,false,,9.50,0.1900,false,1,12258
7290000176420,false,קפה נמס עלית 200 גרם,עלית,,קפה נמס עלית 200 גרם,גרמים,200.00,100 גרם,false,,19.90,0.0995,false,1,4525
7290000176468,false,קפה נמס האג נטול קפא,עלית,,קפה נמס האג נטול קפא,גרמים,50.00,100 גרם,false,,11.50,0.2300,true,1,4526
7290000176475,false,קפה נמס האג נטול קפא,עלית,,קפה נמס האג נטול קפא,גרמים,200.00,100 גרם,false,,35.90,0.1795,false,1,12259
7290000178707,false,תפוצ'יפס 50,עלית,,תפוצ'יפס 50,גרמים,50.00,100 גרם,false,,3.90,0.0780,false,1,12577
7290000178721,false,תפוצ'יפס 200,עלית,,תפוצ'יפס 200,גרמים,200.00,100 גרם,false,,10.90,0.0545,false,1,12579
7290000183589,false,לחם מחמצת מאפה הבלקן,,,לחם מחמצת מאפה הבלקן,גרמים,600.00,100 גרם,false,,17.90,0.0298,true,1,64311
7290000185224,false,סילאן כנרת בקבוק לחי,,,סילאן כנרת בקבוק לחי,גרמים,650.00,100 גרם,false,,14.90,0.0229,true,1,7986
7290000185293,false,סילן טבעי 350גר,,,סילן טבעי 350גר,גרמים,350.00,100 גרם,false,,12.90,0.0369,true,1,21034
7290000185330,false,סילאן טבעי חצר כנרת,,,סילאן טבעי חצר כנרת,גרמים,900.00,100 גרם,false,,22.90,0.0254,true,1,20077
7290000186030,false,מארז מגבוני דיסני עם,,,מארז מגבוני דיסני עם,יחידה,0.00,יחידה,false,,26.90,0.0000,false,1,67588
7290000186535,false,לילי טריו 32 גלילים,,,לילי טריו 32 גלילים,יחידה,0.00,יחידה,false,,45.90,0.0000,false,1,33527
7290000187860,false,מגבוני טואלט לחי,,,מגבוני טואלט לחי,גרמים,59.00,100 גרם,false,,8.90,0.1508,false,1,2608
7290000187921,false,נייר טואלט לילי לבן,לילי,,נייר טואלט לילי לבן,גרמים,1969.00,100 גרם,false,,38.90,0.0198,false,1,14818
7290000187938,false,נייר טואלט לילי פסטל,לילי,,נייר טואלט לילי פסטל,יחידה,0.00,יחידה,false,,39.90,0.0000,false,1,14819
7290000187952,false,נייר טואלט לילי טריו,לילי,,נייר טואלט לילי טריו,גרמים,1788.00,100 גרם,false,,45.90,0.0257,false,1,2611
7290000188270,false,זוג טישו עם לחות- קל,קלינקס,,זוג טישו עם לחות- קל,גרמים,390.00,100 גרם,false,,18.90,0.0485,false,1,14821
7290000188553,false,מגן תחתון קוטקס נורמ,קוטקס,,מגן תחתון קוטקס נורמ,יחידה,0.00,יחידה,false,,17.90,0.0000,true,1,2615
7290000188591,false,מגן תחתון קוטקס יאנג,קוטקס,,מגן תחתון קוטקס יאנג,יחידה,0.00,יחידה,false,,17.90,0.0000,true,1,2617
7290000189079,false,תבניות עגולות ניקול,חוגלה,,תבניות עגולות ניקול,יחידה,0.00,יחידה,false,,10.90,0.0000,true,1,57497
7290000189116,false,תבניות חד פעמי ניקול,ניקול,,תבניות חד פעמי ניקול,יחידה,0.00,יחידה,false,,10.90,0.0000,true,1,57498
7290000189192,false,מטלית חכמה יומית - נ,ניקול,,מטלית חכמה יומית - נ,יחידה,0.00,יחידה,false,,18.90,0.0000,true,1,14827
7290000189260,false,תבניות מלבניות ניקול,,,תבניות מלבניות ניקול,יחידה,0.00,יחידה,false,,10.90,0.0000,true,1,57500
7290000189277,false,תבניות מלבניות גדולו,חוגלה,,תבניות מלבניות גדולו,יחידה,0.00,יחידה,false,,10.90,0.0000,true,1,57501
7290000189482,false,תבנית אפיה מקרטון מר,ניקול,,תבנית אפיה מקרטון מר,יחידה,0.00,יחידה,false,,10.90,0.0000,true,1,2626
7290000189499,false,תבנית אפייה מקרטון ע,ניקול,,תבנית אפייה מקרטון ע,יחידה,0.00,יחידה,false,,10.90,0.0000,true,1,2627
7290000189505,false,תבנית אפיה מקרטון אי,ניקול,,תבנית אפיה מקרטון אי,יחידה,0.00,יחידה,false,,10.90,0.0000,true,1,2628
7290000189536,false,אשפתון 40 יח',ניקול,,אשפתון 40 יח',יחידה,0.00,יחידה,false,,19.90,0.0000,false,1,2630
7290000189550,false,זוג שקיות אשפתון,ניקול,,זוג שקיות אשפתון,יחידה,0.00,יחידה,false,,22.90,0.0000,false,1,2631
7290000189598,false,ניקול מטליות לחות,ניקול,,ניקול מטליות לחות,יחידה,0.00,יחידה,false,,10.90,0.0000,false,1,2632
7290000189659,false,מטליות לחות רצפה ניק,ניקול,,מטליות לחות רצפה ניק,יחידה,0.00,יחידה,false,,10.90,0.0000,false,1,2633
7290000189734,false,מטליות לחות לפרקט,,,מטליות לחות לפרקט,יחידה,0.00,יחידה,false,,10.90,0.0000,true,1,14834
7290000190068,false,מפיות ניקול- 100 יח',ניקול,,מפיות ניקול- 100 יח',יחידה,0.00,יחידה,false,,6.90,0.0000,false,1,14839
7290000190150,false,מפיות מעוטרות ניקול-,לילי,,מפיות מעוטרות ניקול-,גרמים,102.00,100 גרם,false,,6.90,0.0676,true,1,14840
7290000190198,false,מטלית לניקוי שירותים,,,מטלית לניקוי שירותים,יחידה,0.00,יחידה,false,,10.90,0.0000,false,1,29148
7290000190716,false,שקדים פרוסים,,,שקדים פרוסים,קילוגרמים,1.00,"ק""ג",true,,80.00,80.0000,true,1,18514
7290000191225,false,האגיס שלב 2,האגיס,,האגיס שלב 2,יחידה,0.00,יחידה,false,,37.90,0.0000,false,1,59511
7290000191539,false,מגבוני לילי צבעוני ח,לילי,,מגבוני לילי צבעוני ח,גרמים,593.00,100 גרם,false,,13.90,0.0234,true,1,14844
7290000191546,false,צבעוני שלישיה,קלינקס,,צבעוני שלישיה,גרמים,420.00,100 גרם,false,,10.90,0.0260,false,1,14845
7290000191652,false,מארז קלינקס שלישיה,קלינקס,,מארז קלינקס שלישיה,יחידה,0.00,יחידה,false,,11.90,0.0000,false,1,2647
7290000192581,false,שישיה נייר מגבת ניקו,,,שישיה נייר מגבת ניקו,יחידה,0.00,יחידה,false,,21.90,0.0000,false,1,68717
7290000193014,false,פדיות אינטרלוד,לילי,,פדיות אינטרלוד,יחידה,0.00,יחידה,false,,10.60,0.0000,true,1,14846
7290000193083,false,נובה לי 28,נובה -לי,,נובה לי 28,יחידה,0.00,יחידה,false,,10.60,0.0000,true,1,14847
7290000193205,false,לילי נטורל לילה,לילי נטורל,,לילי נטורל לילה,יחידה,0.00,יחידה,false,,12.90,0.0000,true,1,14850
7290000193472,false,פדיות לילי אינטר,לילי,,פדיות לילי אינטר,יחידה,0.00,יחידה,false,,12.90,0.0000,true,1,14851
7290000193540,false,לילי אינטימייט ל,לילי,,לילי אינטימייט ל,יחידה,0.00,יחידה,false,,12.90,0.0000,true,1,14853
7290000193649,false,זוג תחבושות לילי,לילי,,זוג תחבושות לילי,יחידה,0.00,יחידה,false,,12.90,0.0000,true,1,14856
7290000193656,false,זוג תחבושות לילי,לילי,,זוג תחבושות לילי,יחידה,0.00,יחידה,false,,12.90,0.0000,true,1,14857
7290000194837,false,ניקול שקיות מזון XL,,,ניקול שקיות מזון XL,יחידה,0.00,יחידה,false,,11.90,0.0000,true,1,32044
7290000195216,false,נייר אפיה נישלף,,,נייר אפיה נישלף,יחידה,0.00,יחידה,false,,10.90,0.0000,false,1,32056
7290000195537,false,מגבונים האגיס,האגיס,,מגבונים האגיס,יחידה,0.00,יחידה,false,,19.90,0.0000,false,1,2656
7290000195773,false,האגיס נטורל מילוי רב,האגיס,,האגיס נטורל מילוי רב,יחידה,0.00,יחידה,false,,19.90,0.0000,false,1,2659
7290000196039,false,זוג מפות ניקול,,,זוג מפות ניקול,גרמים,250.00,100 גרם,false,,10.90,0.0436,true,1,2660
7290000196343,false,מפת שולחן מהודרת,לילי,,מפת שולחן מהודרת,יחידה,0.00,יחידה,false,,10.90,0.0000,true,1,2661
7290000196763,false,אשפתון ניקול השקית ה,ניקול,,אשפתון ניקול השקית ה,יחידה,0.00,יחידה,false,,21.00,0.0000,true,1,14864
7290000197012,false,שקיות ריץ רץ לאיחסון,ניקול,,שקיות ריץ רץ לאיחסון,יחידה,0.00,יחידה,false,,16.00,0.0000,true,1,14865
7290000197029,false,שקיות ריצ רצ לאיחסון,ניקול,,שקיות ריצ רצ לאיחסון,יחידה,0.00,יחידה,false,,16.00,0.0000,true,1,14866
7290000197081,false,ניילון נצמד- 150 מטר,ניקול,,ניילון נצמד- 150 מטר,יחידה,0.00,יחידה,false,,27.90,0.0000,true,1,14867
7290000197326,false,זוג נייר כסף קטן- עו,ניקול,,זוג נייר כסף קטן- עו,יחידה,0.00,יחידה,false,,11.90,0.0000,false,1,2667
7290000197340,false,זוג רדיד אלומיניום א,ניקול,,זוג רדיד אלומיניום א,יחידה,0.00,יחידה,false,,16.90,0.0000,true,1,14870
7290000197425,false,האגיס פרידום דריי של,חוגלה,,האגיס פרידום דריי של,יחידה,0.00,יחידה,false,,41.90,0.0000,false,1,34718
7290000197432,false,סנדוויצון זוג- 300 י,ניקול,,סנדוויצון זוג- 300 י,יחידה,0.00,יחידה,false,,13.90,0.0000,true,1,14871
7290000197456,false,האגיס פרידום שלב 4,חוגלה,,האגיס פרידום שלב 4,יחידה,0.00,יחידה,false,,41.90,0.0000,false,1,54377
7290000197463,false,האגיס פרידום דריי של,חוגלה,,האגיס פרידום דריי של,יחידה,0.00,יחידה,false,,41.90,0.0000,false,1,34719
7290000197470,false,שקיות רב שימושי- 200,ניקול,,שקיות רב שימושי- 200,יחידה,0.00,יחידה,false,,16.90,0.0000,true,1,14873
7290000197548,false,האגיס פרידום דריי של,חוגלה,,האגיס פרידום דריי של,יחידה,0.00,יחידה,false,,41.90,0.0000,false,1,34720
7290000197654,false,שקיות אשפה ניקול בגו,ניקול,,שקיות אשפה ניקול בגו,יחידה,0.00,יחידה,false,,22.90,0.0000,false,1,14874
7290000197678,false,האגיס פרידום פלוס של,חוגלה,,האגיס פרידום פלוס של,יחידה,0.00,יחידה,false,,41.90,0.0000,false,1,34721
7290000197753,false,זוג ניילון נצמד,ניקול,,זוג ניילון נצמד,יחידה,0.00,יחידה,false,,11.90,0.0000,false,1,2669
7290000197876,false,מגשית אלומיניום עם מ,ניקול,,מגשית אלומיניום עם מ,יחידה,0.00,יחידה,false,,8.90,0.0000,true,1,2671
7290000197883,false,מגשית אלומיניום גדול,ניקול,,מגשית אלומיניום גדול,יחידה,0.00,יחידה,false,,9.90,0.0000,true,1,2672
7290000197951,false,מגש אלומיניום ענק 3,ניקול,,מגש אלומיניום ענק 3,יחידה,0.00,יחידה,false,,9.90,0.0000,true,1,2673
7290000197982,false,זוג רדיד אלומיניום ע,ניקול,,זוג רדיד אלומיניום ע,יחידה,0.00,יחידה,false,,22.90,0.0000,true,1,14876
7290000197999,false,זוג רדיד אלומיניום ע,ניקול,,זוג רדיד אלומיניום ע,יחידה,0.00,יחידה,false,,17.90,0.0000,true,1,14877
7290000199313,false,תחבושות קוטקס יאנג 2,קוטקס,,תחבושות קוטקס יאנג 2,יחידה,0.00,יחידה,false,,17.90,0.0000,true,1,2674
7290000201856,false,טיטולים פרימיום שלב,,,טיטולים פרימיום שלב,יחידה,0.00,יחידה,false,,32.90,0.0000,false,1,57952
7290000201863,false,טיטולים פרימיום שלב,,,טיטולים פרימיום שלב,יחידה,0.00,יחידה,false,,32.90,0.0000,false,1,57953
7290000201870,false,טיטולים פרימיום שלב,,,טיטולים פרימיום שלב,יחידה,0.00,יחידה,false,,32.90,0.0000,false,1,57954
7290000204086,false,כרית קרצוף ניקול,ניקול,,כרית קרצוף ניקול,יחידה,0.00,יחידה,false,,10.90,0.0000,false,1,2680
7290000204147,false,כרית יפנית רביעיה,ניקול,,כרית יפנית רביעיה,יחידה,0.00,יחידה,false,,10.90,0.0000,false,1,2681
7290000204215,false,כרית יפנית שישייה ני,ניקול,,כרית יפנית שישייה ני,יחידה,0.00,יחידה,false,,10.90,0.0000,false,1,2682
7290000204239,false,מטליות רצפה רביע,ניקול,,מטליות רצפה רביע,יחידה,0.00,יחידה,false,,12.90,0.0000,true,1,2683
7290000204253,false,מטליות ניקול תשי,ניקול,,מטליות ניקול תשי,יחידה,0.00,יחידה,false,,10.90,0.0000,false,1,2684
7290000204512,false,מטליות לחות לריצפה ב,,,מטליות לחות לריצפה ב,יחידה,0.00,יחידה,false,,10.90,0.0000,true,1,66955
7290000204611,false,ניקול ספוגית,ניקול,,ניקול ספוגית,יחידה,0.00,יחידה,false,,10.90,0.0000,false,1,2685
7290000207063,false,פריכוז יכין 240 גר',יכין,,פריכוז יכין 240 גר',גרמים,240.00,100 גרם,false,,5.50,0.0229,true,1,11388
7290000207162,false,רוטב עגבניות יכין 10,יכין,,רוטב עגבניות יכין 10,גרמים,100.00,100 גרם,false,,2.50,0.0250,false,1,11389
7290000207438,false,קוביות עגבניות 800 ג,יכין,,קוביות עגבניות 800 ג,גרמים,800.00,100 גרם,false,,8.90,0.0111,true,1,11390
7290000208022,false,עגבניות מרוסקות 800,יכין,,עגבניות מרוסקות 800,גרמים,800.00,100 גרם,false,,8.90,0.0111,true,1,11392
7290000208091,false,אפונה קטנה 2A יכ,יכין,,אפונה קטנה 2A יכ,גרמים,600.00,100 גרם,false,,8.90,0.0148,true,1,11395
7290000208114,false,אפונה וגזר 550 גרם,יכין,,אפונה וגזר 550 גרם,גרמים,550.00,100 גרם,false,,8.50,0.0155,true,1,11396
7290000208138,false,סירופ דיאט ענבים,יכין,,סירופ דיאט ענבים,ליטרים,1.00,ליטר,false,,16.90,16.9000,true,1,3762
7290000208145,false,תירס לייט 550 גרם,יכין,,תירס לייט 550 גרם,גרמים,550.00,100 גרם,false,,8.90,0.0162,true,1,11397
7290000208176,false,תפוחי אדמה יכין 550,יכין,,תפוחי אדמה יכין 550,גרמים,550.00,100 גרם,false,,8.90,0.0162,true,1,11398
7290000208213,false,שעועית אפויה לבנה בר,יכין,,שעועית אפויה לבנה בר,גרמים,580.00,100 גרם,false,,8.50,0.0147,true,1,11400
7290000208220,false,שעועית צ'ילי מקסיקני,יכין,,שעועית צ'ילי מקסיקני,גרמים,550.00,100 גרם,false,,8.90,0.0162,true,1,11401
7290000208312,false,תירס בואקום,יכין,,תירס בואקום,גרמים,325.00,100 גרם,false,,6.50,0.0200,false,1,11405
7290000208329,false,תירס מתוק 550 גרם,יכין,,תירס מתוק 550 גרם,גרמים,550.00,100 גרם,false,,8.50,0.0155,false,1,11406
7290000208336,false,רוטב עגבניות 240 גר',יכין,,רוטב עגבניות 240 גר',גרמים,240.00,100 גרם,false,,4.50,0.0188,false,1,3763
7290000208343,false,עגבניות מרוסקות שום,יכין,,עגבניות מרוסקות שום,יחידה,0.00,יחידה,false,,8.90,0.0000,true,1,29819
7290000208350,false,עגבניות מרוסקות+בצל,יכין,,עגבניות מרוסקות+בצל,גרמים,800.00,100 גרם,false,,8.90,0.0111,true,1,31413
7290000208367,false,עגבניות מרוסקות בזיל,יכין,,עגבניות מרוסקות בזיל,יחידה,0.00,יחידה,false,,8.90,0.0000,true,1,25882
7290000208428,false,חומוס גרעינים 550 גר,יכין,,חומוס גרעינים 550 גר,גרמים,550.00,100 גרם,false,,8.50,0.0155,true,1,11408
7290000208534,false,תירס קיד 550 גרם,יכין,,תירס קיד 550 גרם,גרמים,550.00,100 גרם,false,,8.90,0.0162,true,1,11411
7290000208800,false,תירס קיד יכין מתוק,,,תירס קיד יכין מתוק,גרמים,550.00,100 גרם,false,,6.50,0.0118,true,1,32269
7290000208855,false,רוטב עגבניות לפסטה 2,יכין,,רוטב עגבניות לפסטה 2,גרמים,240.00,100 גרם,false,,4.90,0.0204,true,1,11413
7290000208893,false,תירס לייט,יכין,,תירס לייט,גרמים,340.00,100 גרם,false,,6.50,0.0191,true,1,27763
7290000208930,false,עגבניות מרוסקות עם ש,יכין,,עגבניות מרוסקות עם ש,גרמים,260.00,100 גרם,false,,4.90,0.0188,true,1,3765
7290000208947,false,עגבניות מרוסקות 260,יכין,,עגבניות מרוסקות 260,גרמים,260.00,100 גרם,false,,4.90,0.0188,true,1,11414
7290000208978,false,פריכוז 100 גר',יכין,,פריכוז 100 גר',גרמים,100.00,100 גרם,false,,2.90,0.0290,true,1,31414
7290000209012,false,חומץ הדרים 5%,יכין,,חומץ הדרים 5%,ליטרים,1.00,ליטר,false,,6.90,6.9000,true,1,3767
7290000209043,false,רוטב לימון 1 ליטר יכ,יכין,,רוטב לימון 1 ליטר יכ,ליטרים,1.00,ליטר,false,,6.90,6.9000,true,1,11415
7290000209173,false,חומץ סינטטי,יכין,,חומץ סינטטי,ליטרים,1.00,ליטר,false,,4.90,4.9000,true,1,11416
7290000209371,false,שלישיה תירס יכין 3*1,,,שלישיה תירס יכין 3*1,גרמים,420.00,100 גרם,false,,13.90,0.0331,false,1,59100
7290000209388,false,שלישיות תירס לייט יכ,יכין,,שלישיות תירס לייט יכ,גרמים,165.00,100 גרם,false,,13.90,0.0842,true,1,62073
7290000209517,false,סירופ לימון דיאט,יכין,,סירופ לימון דיאט,ליטרים,1.00,ליטר,false,,16.90,16.9000,true,1,3776
7290000209708,false,עגבניות מרוסקות עם ב,יכין,,עגבניות מרוסקות עם ב,גרמים,260.00,100 גרם,false,,4.90,0.0188,true,1,11417
7290000209722,false,רסק עגבניות פריכוז,יכין,,רסק עגבניות פריכוז,גרמים,580.00,100 גרם,false,,9.90,0.0171,true,1,11418
7290000209906,false,עגבניות מרוסקות עם ב,יכין,,עגבניות מרוסקות עם ב,גרמים,260.00,100 גרם,false,,4.90,0.0188,true,1,11419
7290000209913,false,עגבניות קוביות 260 ג,יכין,,עגבניות קוביות 260 ג,גרמים,260.00,100 גרם,false,,4.90,0.0188,true,1,11420
7290000209944,false,רוטב עגבניות לשקשוקה,יכין,,רוטב עגבניות לשקשוקה,גרמים,260.00,100 גרם,false,,4.90,0.0188,true,1,11421
7290000209951,false,רוטב עגבניות לפיצה 2,יכין,,רוטב עגבניות לפיצה 2,גרמים,260.00,100 גרם,false,,4.90,0.0188,true,1,11422
7290000209968,false,רוטב עגבניות ללזניה,יכין,,רוטב עגבניות ללזניה,גרמים,260.00,100 גרם,false,,4.90,0.0188,true,1,11423
7290000210469,false,עגבניות שלמות מקולפו,יכין,,עגבניות שלמות מקולפו,גרמים,800.00,100 גרם,false,,8.90,0.0111,true,1,11424
7290000210896,false,רוטב בולונז לפסטה 24,יכין,,רוטב בולונז לפסטה 24,גרמים,240.00,100 גרם,false,,4.90,0.0204,true,1,11430
7290000211138,false,גבינת עיזים הולנדית,,,גבינת עיזים הולנדית,קילוגרמים,1.00,"ק""ג",true,,145.00,145.0000,true,1,33191
7290000211169,false,אורז תאילנדי 1 קג,סוגת,,אורז תאילנדי 1 קג,יחידה,1.00,יחידה,false,,6.90,6.9000,false,1,1408
7290000211312,false,אורז מלא,סוגת,,אורז מלא,יחידה,1.00,יחידה,false,,9.90,9.9000,true,1,8652
7290000211374,false,קמח מלא 1קג,סוגת,,קמח מלא 1קג,יחידה,1.00,יחידה,false,,6.90,6.9000,false,1,1409
7290000211381,false,סוכר חום,סוגת,,סוכר חום,יחידה,1.00,יחידה,false,,14.90,14.9000,false,1,8653
7290000211442,false,אורז פרסי,סוגת,,אורז פרסי,יחידה,1.00,יחידה,false,,9.90,9.9000,false,1,1410
7290000211503,false,סוכר סוגת,סוגת,,סוכר סוגת,יחידה,1.00,יחידה,false,,3.90,3.9000,false,1,8655
7290000211626,false,אורז חיש 1 קג,סוגת,,אורז חיש 1 קג,יחידה,1.00,יחידה,false,,10.90,10.9000,true,1,8656
7290000211985,false,אורז עגול 1 קג,סוגת,,אורז עגול 1 קג,יחידה,1.00,יחידה,false,,12.90,12.9000,true,1,8657
7290000212173,false,וופל מנעמים,מנעמים,,וופל מנעמים,גרמים,500.00,100 גרם,false,,8.90,0.0178,false,1,8229
7290000212401,false,מנעמים מצופית,מנעמים,,מנעמים מצופית,גרמים,400.00,100 גרם,false,,8.90,0.0223,false,1,8230
7290000212579,false,וופלים 40יח מצופה,מנעמים,,וופלים 40יח מצופה,גרמים,800.00,100 גרם,false,,16.90,0.0211,true,1,8231
7290000212975,false,וופל 1 קג שוקולד,מנעמים,,וופל 1 קג שוקולד,יחידה,1.00,יחידה,false,,16.90,16.9000,true,1,8233
7290000214115,false,מרק עוף צנצ 400',ויטה,,מרק עוף צנצ 400',גרמים,400.00,100 גרם,false,,10.90,0.0273,true,1,12885
7290000218502,false,חמין 2א,,,חמין 2א,גרמים,568.00,100 גרם,false,,8.90,0.0157,true,1,4839
7290000230145,false,חלה מתוקה קלועה,בונז'ור,,חלה מתוקה קלועה,יחידה,0.00,יחידה,false,,12.90,0.0000,true,1,5670
7290000238029,false,בצק עלים צרפתי מרודד,מעדנות,,בצק עלים צרפתי מרודד,קילוגרמים,1.00,"ק""ג",false,,19.90,19.9000,false,1,8395
7290000238036,false,מלווח,מעדנות,,מלווח,גרמים,700.00,100 גרם,false,,16.90,0.0241,false,1,8396
7290000238173,false,בורקס גבינה,מעדנות,,בורקס גבינה,גרמים,800.00,100 גרם,false,,22.90,0.0286,false,1,8397
7290000238180,false,"בורקס תפו""א מעדנות",מעדנות,,"בורקס תפו""א מעדנות",גרמים,800.00,100 גרם,false,,19.90,0.0249,false,1,8398
7290000240541,false,ריבועי בצק עלים,מעדנות,,ריבועי בצק עלים,גרמים,800.00,100 גרם,false,,23.50,0.0294,false,1,8400
7290000244143,false,הוואי קרם לאחר גילוח,הוואי,,הוואי קרם לאחר גילוח,גרמים,120.00,100 גרם,false,,16.90,0.1408,true,1,17277
7290000244525,false,שפיץ צ'אך טרי,,,שפיץ צ'אך טרי,קילוגרמים,1.00,"ק""ג",true,,110.00,110.0000,false,1,88187
7290000244761,false,קרם ולוטה 80 גר',ולוטה,,קרם ולוטה 80 גר',מיליליטרים,100.00,"100 מ""ל",false,,7.90,0.0790,true,1,17283
7290000245072,false,מרכך הכביסה - סוד בי,סוד,,מרכך הכביסה - סוד בי,ליטרים,4.00,ליטר,false,,18.90,4.7250,false,1,4135
7290000245089,false,מ.כביסה סוד סגול 4 ל,סוד,,מ.כביסה סוד סגול 4 ל,ליטרים,4.00,ליטר,false,,18.90,4.7250,false,1,4136
7290000245294,false,פרסיל Active Soda שק,פרסיל,,פרסיל Active Soda שק,קילוגרמים,2.50,"ק""ג",false,,24.90,9.9600,false,1,71409
7290000245508,false,א.כ. סוד פרפקט שקית,סוד,,א.כ. סוד פרפקט שקית,קילוגרמים,1.25,"ק""ג",false,,12.90,10.3200,false,1,17294
7290000245515,false,א.כ. סוד פרפיום שקית,סוד,,א.כ. סוד פרפיום שקית,קילוגרמים,1.25,"ק""ג",false,,12.90,10.3200,false,1,17295
7290000245539,false,א.כ. סוד קולור שקית,סוד,,א.כ. סוד קולור שקית,קילוגרמים,1.25,"ק""ג",false,,12.90,10.3200,false,1,17296
7290000245782,false,מ.כביסה סוד ורוד 4 ל,סוד,,מ.כביסה סוד ורוד 4 ל,ליטרים,4.00,ליטר,false,,18.90,4.7250,false,1,4140
7290000245799,false,מ.כביסה סוד כחול 4 ל,סוד,,מ.כביסה סוד כחול 4 ל,ליטרים,4.00,ליטר,false,,18.90,4.7250,false,1,4141
7290000253220,false,שוקולד ציפס,,,שוקולד ציפס,גרמים,260.00,100 גרם,false,,11.90,0.0458,true,1,11765
7290000253251,false,שוקולד צי'פס אופנהיי,,,שוקולד צי'פס אופנהיי,גרמים,250.00,100 גרם,false,,11.90,0.0476,true,1,8582
7290000253374,false,מיני שוקולד צ'יפס 25,,,מיני שוקולד צ'יפס 25,גרמים,250.00,100 גרם,false,,14.90,0.0596,true,1,88869
7290000253411,false,מזרה צבעוני לקישוט,,,מזרה צבעוני לקישוט,גרמים,100.00,100 גרם,false,,4.90,0.0490,true,1,26389
7290000253459,false,נטיפי צ'יפס בטעם קרמ,,,נטיפי צ'יפס בטעם קרמ,גרמים,250.00,100 גרם,false,,11.90,0.0476,true,1,84646
7290000253572,false,סוכריות לקישוט חום 8,,,סוכריות לקישוט חום 8,גרמים,80.00,100 גרם,false,,4.90,0.0613,true,1,78643
7290000253800,false,סוכריות לקישוט 90 גר,,,סוכריות לקישוט 90 גר,גרמים,90.00,100 גרם,false,,8.50,0.0944,true,1,74149
7290000262161,false,נייר טואלט מולט 40 ל,מולט / שמורת טבע,,נייר טואלט מולט 40 ל,גרמים,3160.00,100 גרם,false,,36.90,0.0117,false,1,2687
7290000262413,false,האגיס אקסטרה קייר מי,,,האגיס אקסטרה קייר מי,יחידה,0.00,יחידה,false,,49.90,0.0000,false,1,61544
7290000264752,false,זוג רדיד אלומיניום ע,חוגלה,,זוג רדיד אלומיניום ע,יחידה,0.00,יחידה,false,,11.90,0.0000,true,1,59492
7290000267029,false,שקדים מולבנים חצויים,שקדיה,,שקדים מולבנים חצויים,גרמים,100.00,100 גרם,false,,8.90,0.0890,true,1,17525
7290000267036,false,שקדים משובבים 100 גר,שקדיה,,שקדים משובבים 100 גר,גרמים,100.00,100 גרם,false,,8.90,0.0890,true,1,17526
7290000267043,false,שקדים מולבנים פרוסים,שקדיה,,שקדים מולבנים פרוסים,גרמים,100.00,100 גרם,false,,8.90,0.0890,true,1,17527
7290000267050,false,שקד טבעי טחון 100 גר,שקדיה,,שקד טבעי טחון 100 גר,גרמים,100.00,100 גרם,false,,8.90,0.0890,true,1,17528
7290000267104,false,שקד טבעי גרוס 100 גר,שקדיה,,שקד טבעי גרוס 100 גר,גרמים,100.00,100 גרם,false,,8.90,0.0890,true,1,17529
7290000267548,false,אגוזי מלך טחונים השף,,,אגוזי מלך טחונים השף,גרמים,100.00,100 גרם,false,,8.90,0.0890,true,1,17530
7290000267555,false,בוטנים טבעים טחונים,,,בוטנים טבעים טחונים,גרמים,100.00,100 גרם,false,,5.50,0.0550,true,1,17531
7290000267678,false,גרעיני דלעת טבעי קלו,,,גרעיני דלעת טבעי קלו,גרמים,150.00,100 גרם,false,,8.50,0.0567,true,1,17532
7290000272443,false,סירופ דיאט תפוז,עסיס,,סירופ דיאט תפוז,ליטרים,1.00,ליטר,false,,17.90,17.9000,false,1,6011
7290000272467,false,סירופ דיאט פטל,עסיס,,סירופ דיאט פטל,ליטרים,1.00,ליטר,false,,17.90,17.9000,false,1,6012
7290000272696,false,מיץ לימון משומר 1ליט,עסיס,,מיץ לימון משומר 1ליט,ליטרים,1.00,ליטר,false,,9.90,9.9000,false,1,148
7290000272726,false,חומץ 5% אסם,אסם,,חומץ 5% אסם,ליטרים,1.00,ליטר,false,,6.90,6.9000,true,1,149
7290000286228,false,סנו סושי שישיה,סנו סושי,,סנו סושי שישיה,יחידה,0.00,יחידה,false,,11.50,0.0000,false,1,16104
7290000286297,false,סנו מסיר אבן מקו,סנו,,סנו מסיר אבן מקו,מיליליטרים,700.00,"100 מ""ל",false,,9.90,0.0141,true,1,16105
7290000286549,false,מטלית לכל 9 בשקי,סנו,,מטלית לכל 9 בשקי,יחידה,0.00,יחידה,false,,11.90,0.0000,false,1,16110
7290000286761,false,זוג ניילון נצמד,סנו,,זוג ניילון נצמד,יחידה,0.00,יחידה,false,,11.50,0.0000,false,1,16115
7290000286921,false,סנוקל רסס כבס,סנו,,סנוקל רסס כבס,מיליליטרים,750.00,"100 מ""ל",false,,12.90,0.0172,false,1,16120
7290000287102,false,סנו שמפו שטיחים,סנו,,סנו שמפו שטיחים,מיליליטרים,600.00,"100 מ""ל",false,,21.90,0.0365,true,1,3490
7290000287195,false,סנו רהיט,סנו,,סנו רהיט,מיליליטרים,300.00,"100 מ""ל",false,,13.90,0.0463,false,1,16123
7290000287430,false,סנובון שלישיה צבעוני,סנו סנובון,,סנובון שלישיה צבעוני,גרמים,165.00,100 גרם,false,,12.90,0.0782,true,1,16128
7290000287607,false,סנובלו אסלה,סנו,,סנובלו אסלה,גרמים,150.00,100 גרם,false,,19.90,0.1327,true,1,16132
7290000287621,false,סנו C.W עם זרבוב,סנו,,סנו C.W עם זרבוב,מיליליטרים,750.00,"100 מ""ל",false,,12.90,0.0172,true,1,16133
7290000288024,false,סנו לימון אקונ,סנו JAVEL,,סנו לימון אקונ,ליטרים,4.00,ליטר,false,,16.90,4.2250,false,1,16138
7290000288031,false,אקונומיקה 4 ליטר,,,אקונומיקה 4 ליטר,ליטרים,4.00,ליטר,false,,13.00,3.2500,true,1,25388
7290000288048,false,סנו ג'בל תרסיס,סנו JAVEL,,סנו ג'בל תרסיס,ליטרים,1.00,ליטר,false,,18.90,18.9000,false,1,3491
7290000288086,false,אבקת ניקוי ג'בל,סנו JAVEL,,אבקת ניקוי ג'בל,גרמים,600.00,100 גרם,false,,12.50,0.0208,true,1,16140
7290000288352,false,סנו ק 300-,סנו,,סנו ק 300-,מיליליטרים,630.00,"100 מ""ל",false,,21.90,0.0348,false,1,16146
7290000288383,false,ק 500 סנו-,סנו,,ק 500 סנו-,מיליליטרים,400.00,"100 מ""ל",false,,21.90,0.0547,true,1,16147
7290000288413,false,סנודי רולאון,סנו,,סנודי רולאון,מיליליטרים,50.00,"100 מ""ל",false,,19.90,0.3980,true,1,16149
7290000288642,false,מרכך סנו 4 ליטר,סנו,,מרכך סנו 4 ליטר,ליטרים,4.00,ליטר,false,,21.90,5.4750,false,1,3493
7290000288659,false,"סנו די ג'ונג'ל 50 מ""",סנו,,"סנו די ג'ונג'ל 50 מ""",מיליליטרים,50.00,"100 מ""ל",false,,19.90,0.3980,true,1,73413
7290000288840,false,מים מזוקקים 2 לי,סנו,,מים מזוקקים 2 לי,ליטרים,2.00,ליטר,false,,14.50,7.2500,true,1,16153
7290000289052,false,סנו פוליוקס 4 לי,סנו פוליויקס,,סנו פוליוקס 4 לי,ליטרים,4.00,ליטר,false,,39.90,9.9750,false,1,16156
7290000289069,false,סנו ג'בל ספריי,סנו JAVEL,,סנו ג'בל ספריי,ליטרים,1.00,ליטר,false,,18.90,18.9000,false,1,3495
7290000289236,false,סנו K3 נמלים פתיון ג,סנו,,סנו K3 נמלים פתיון ג,גרמים,12.00,100 גרם,false,,49.90,4.1583,true,1,82294
7290000289380,false,סנו ג'בל CW לאסל,סנו JAVEL,,סנו ג'בל CW לאסל,מיליליטרים,750.00,"100 מ""ל",false,,14.00,0.0187,true,1,16159
7290000289472,false,שקיות אשפה סושי טבע,סנו סושי,,שקיות אשפה סושי טבע,יחידה,0.00,יחידה,false,,20.90,0.0000,true,1,16161
7290000289748,false,סנו פורטה פלוס,סנו,,סנו פורטה פלוס,מיליליטרים,750.00,"100 מ""ל",false,,13.90,0.0185,false,1,16166
7290000289915,false,סנופרש ענק,סנו fresh,,סנופרש ענק,מיליליטרים,375.00,"100 מ""ל",false,,13.50,0.0360,true,1,16169
7290000291857,false,פוליוקס 2 ליטר,סנו פוליויקס,,פוליוקס 2 ליטר,ליטרים,2.00,ליטר,false,,19.90,9.9500,false,1,16172
7290000292311,false,סנו פוליוקס 2 ל',סנו פוליויקס,,סנו פוליוקס 2 ל',ליטרים,2.00,ליטר,false,,19.90,9.9500,false,1,16179
7290000292434,false,שקית מילוי רהיט,סנו,,שקית מילוי רהיט,מיליליטרים,500.00,"100 מ""ל",false,,16.50,0.0330,true,1,16181
7290000292502,false,תרסיס K-800,סנו,,תרסיס K-800,מיליליטרים,300.00,"100 מ""ל",false,,18.90,0.0630,true,1,73536
7290000292533,false,סנו ג'ל ניקוי,סנו,,סנו ג'ל ניקוי,ליטרים,1.00,ליטר,false,,15.90,15.9000,true,1,16182
7290000292557,false,סנומט מלוי נוזלי,סנומט,,סנומט מלוי נוזלי,מיליליטרים,500.00,"מ""ל",false,,12.90,0.0258,true,1,16184
7290000292595,false,סנו סופר פוליש,סנו,,סנו סופר פוליש,ליטרים,2.00,ליטר,false,,46.90,23.4500,true,1,16186
7290000292687,false,שלישיה סנובון כח,סנו סנובון,,שלישיה סנובון כח,גרמים,165.00,100 גרם,false,,14.90,0.0903,false,1,3496
7290000292694,false,מגן קריסטל 2 ליט,סנו,,מגן קריסטל 2 ליט,ליטרים,2.00,ליטר,false,,39.90,19.9500,true,1,16187
7290000292915,false,סנו רסס ונגב+אקד,סנו,,סנו רסס ונגב+אקד,מיליליטרים,715.00,"100 מ""ל",false,,12.90,0.0180,false,1,16188
7290000293073,false,מרכך סנו 4 ליטר,סנו,,מרכך סנו 4 ליטר,ליטרים,4.00,ליטר,false,,21.90,5.4750,false,1,3498
7290000293530,false,סנו סופג לחות מי,סנו,,סנו סופג לחות מי,גרמים,340.00,100 גרם,false,,15.90,0.0468,true,1,16192
7290000293561,false,סנו מסיר עובש,סנו,,סנו מסיר עובש,מיליליטרים,750.00,"100 מ""ל",false,,13.90,0.0185,false,1,16193
7290000293882,false,רצועת מסא'ז לגב,סנו,,רצועת מסא'ז לגב,יחידה,0.00,יחידה,false,,20.00,0.0000,true,1,16195
7290000293943,false,מרסס אנטי קאלק,סנו,,מרסס אנטי קאלק,ליטרים,1.00,ליטר,false,,19.90,19.9000,true,1,3499
7290000294773,false,סנו ג'בל 4 ליטר,סנו JAVEL,,סנו ג'בל 4 ליטר,ליטרים,4.00,ליטר,false,,16.90,4.2250,false,1,16201
7290000294780,false,סנו ז'אוול סמיכה 4 ל,סנו JAVEL,,סנו ז'אוול סמיכה 4 ל,ליטרים,4.00,ליטר,false,,16.90,4.2250,false,1,16202
7290000295121,false,מטלית זיגזג שלשי,סנו,,מטלית זיגזג שלשי,יחידה,0.00,יחידה,false,,11.50,0.0000,false,1,16203
7290000295299,false,סנו סושי אקטיב ר,סנו סושי,,סנו סושי אקטיב ר,יחידה,0.00,יחידה,false,,11.50,0.0000,false,1,16204
7290000295367,false,סנו מקסימה 5 2 ק,סנו מקסימה,,סנו מקסימה 5 2 ק,קילוגרמים,2.50,"ק""ג",false,,25.90,10.3600,false,1,3502
7290000295404,false,שקיות אשפה סושי רחבו,סנו סושי,,שקיות אשפה סושי רחבו,יחידה,0.00,יחידה,false,,24.90,0.0000,true,1,3503
7290000295503,false,זוג שקיות סושי למזון,סנו סושי,,זוג שקיות סושי למזון,יחידה,0.00,יחידה,false,,14.90,0.0000,false,1,16207
7290000295541,false,סנו רב מגבת ג'מבו (7,סנו סושי,,סנו רב מגבת ג'מבו (7,יחידה,0.00,יחידה,false,,18.90,0.0000,true,1,16208
7290000295558,false,זוג רדיד אלומיניום ק,סנו,,זוג רדיד אלומיניום ק,יחידה,0.00,יחידה,false,,11.50,0.0000,false,1,16209
7290000295565,false,זוג רדיד אלומיניום ג,סנו,,זוג רדיד אלומיניום ג,יחידה,0.00,יחידה,false,,20.00,0.0000,false,1,16210
7290000295589,false,בייבי כיף טלק במיכל,סנו,,בייבי כיף טלק במיכל,גרמים,200.00,100 גרם,false,,14.90,0.0745,true,1,10896
7290000295749,false,ספוג סאקי מסאג',סנו,,ספוג סאקי מסאג',יחידה,0.00,יחידה,false,,13.90,0.0000,true,1,16211
7290000295794,false,ספוגיות אל חלד זוג,סנו,,ספוגיות אל חלד זוג,יחידה,0.00,יחידה,false,,13.00,0.0000,true,1,16212
7290000295824,false,סנו סושי רדיד אלומני,סנו,,סנו סושי רדיד אלומני,יחידה,0.00,יחידה,false,,59.90,0.0000,false,1,16214
7290000300900,false,שניצל תירס טבעול,טבעול,,שניצל תירס טבעול,גרמים,750.00,100 גרם,false,,24.90,0.0332,false,1,151
7290000303581,false,פול מצרי פרי הגליל 5,פרי הגליל,,פול מצרי פרי הגליל 5,גרמים,560.00,100 גרם,false,,6.90,0.0123,false,1,12905
7290000303598,false,שעועית ברוטב 570 גרם,פרי הגליל,,שעועית ברוטב 570 גרם,גרמים,570.00,100 גרם,false,,6.90,0.0121,false,1,12906
7290000303604,false,חומוס שלם פרי הגליל,פרי הגליל,,חומוס שלם פרי הגליל,גרמים,550.00,100 גרם,false,,6.90,0.0125,false,1,12907
7290000307015,false,אפונה פרי הגליל 550,פרי הגליל,,אפונה פרי הגליל 550,גרמים,550.00,100 גרם,false,,6.90,0.0125,false,1,12908
7290000307046,false,אפונה וגזר 550 גרם,פרי הגליל,,אפונה וגזר 550 גרם,גרמים,550.00,100 גרם,false,,6.90,0.0125,false,1,12909
7290000307220,false,תירס פרי הגליל 340 ג,פרי הגליל,,תירס פרי הגליל 340 ג,גרמים,340.00,100 גרם,false,,5.50,0.0162,false,1,4849
7290000307237,false,תירס פרי הגליל 550 ג,פרי הגליל,,תירס פרי הגליל 550 ג,גרמים,550.00,100 גרם,false,,6.90,0.0125,false,1,12910
7290000307985,false,תירס ללא מלח,פרי הגליל,,תירס ללא מלח,גרמים,325.00,100 גרם,false,,5.50,0.0169,false,1,12916
7290000311128,false,מן עוגיות חמאה,מן,,מן עוגיות חמאה,גרמים,300.00,100 גרם,false,,7.90,0.0263,true,1,13234
7290000311203,false,וופלים 200 גר שוקו,,,וופלים 200 גר שוקו,גרמים,200.00,100 גרם,false,,5.20,0.0260,false,1,13369
7290000311210,false,וופלים 200 גר לימון,מן,,וופלים 200 גר לימון,גרמים,200.00,100 גרם,false,,5.20,0.0260,false,1,5346
7290000311258,false,מן וופל מצופה 250 גר,ברמן,,מן וופל מצופה 250 גר,גרמים,250.00,100 גרם,false,,7.50,0.0300,true,1,83882
7290000311272,false,וופלים מן חלבה,,,וופלים מן חלבה,גרמים,180.00,100 גרם,false,,5.20,0.0289,false,1,5348
7290000311425,false,וופל מצופה כחול 10יח,,,וופל מצופה כחול 10יח,גרמים,200.00,100 גרם,false,,9.50,0.0475,true,1,13373
7290000311463,false,מן עוגיות חמאה ללא ס,,,מן עוגיות חמאה ללא ס,גרמים,200.00,100 גרם,false,,10.90,0.0545,true,1,89789
7290000311708,false,מן עוגיות חיטה מלאה,מן,,מן עוגיות חיטה מלאה,גרמים,300.00,100 גרם,false,,7.90,0.0263,true,1,13235
7290000311715,false,מן עוגיות שוקולד,מן,,מן עוגיות שוקולד,גרמים,300.00,100 גרם,false,,7.90,0.0263,true,1,13377
7290000311845,false,עוגיות מן חיטה מלאה,מן,,עוגיות מן חיטה מלאה,גרמים,200.00,100 גרם,false,,10.90,0.0545,true,1,61427
7290000311869,false,וופל ללא סוכר 180 גר,,,וופל ללא סוכר 180 גר,גרמים,180.00,100 גרם,false,,8.90,0.0494,true,1,26034
7290000311883,false,מן עוגיות גרנולה ללא,ברמן,,מן עוגיות גרנולה ללא,גרמים,200.00,100 גרם,false,,10.90,0.0545,true,1,32438
7290000311890,false,וופל מן לימון ללא סו,מן,,וופל מן לימון ללא סו,גרמים,180.00,100 גרם,false,,8.90,0.0494,true,1,87377
7290000313160,false,עוגיות זהבה 3 דובים,אסם,,עוגיות זהבה 3 דובים,גרמים,250.00,100 גרם,false,,7.90,0.0316,true,1,6026
7290000313184,false,עוגיות גן חיות,אסם,,עוגיות גן חיות,גרמים,250.00,100 גרם,false,,7.90,0.0316,true,1,6027
7290000313290,false,נודלס א.מסולסלות 200,אסם,,נודלס א.מסולסלות 200,גרמים,200.00,100 גרם,false,,9.90,0.0495,true,1,6029
7290000315126,false,קנור ציר עוף,קנור,,קנור ציר עוף,גרמים,300.00,100 גרם,false,,27.90,0.0930,true,1,9310
7290000315133,false,קנור ציר בקר,קנור,,קנור ציר בקר,גרמים,300.00,100 גרם,false,,27.90,0.0930,true,1,9311
7290000315140,false,קורנפלקס מלא 500 גר',תלמה,,קורנפלקס מלא 500 גר',גרמים,500.00,100 גרם,false,,21.00,0.0420,false,1,28527
7290000318103,false,פסטרמה ברביקיו,יחיעם,,פסטרמה ברביקיו,קילוגרמים,1.00,"ק""ג",true,,72.90,72.9000,false,1,1789
7290000318127,false,נקניקיות ביס 380,יחיעם,,נקניקיות ביס 380,גרמים,380.00,100 גרם,false,,11.90,0.0313,true,1,14172
7290000318165,false,פסטרמה אמיתית צל,יחיעם,,פסטרמה אמיתית צל,קילוגרמים,1.00,"ק""ג",true,,79.90,79.9000,true,1,1791
7290000318189,false,פסטרמה ברביקיו על הא,יחיעם,,פסטרמה ברביקיו על הא,גרמים,300.00,100 גרם,false,,25.90,0.0863,true,1,1811
7290000318288,false,חזה הודו בדבש יח,יחיעם,,חזה הודו בדבש יח,קילוגרמים,1.00,"ק""ג",true,,79.90,79.9000,false,1,1792
7290000318363,false,פסטרמה ברביקיו לבגט,יחיעם,,פסטרמה ברביקיו לבגט,קילוגרמים,1.00,"ק""ג",true,,79.90,79.9000,false,1,68440
7290000318479,false,פרשוטו עגל,יחיעם,,פרשוטו עגל,גרמים,100.00,100 גרם,false,,25.90,0.2590,true,1,14178
7290000318493,false,כתף בקר מפולפל יחיעם,יחיעם,,כתף בקר מפולפל יחיעם,קילוגרמים,1.00,"ק""ג",true,,139.90,139.9000,true,1,8778
7290000318530,false,רוסטביף יחיעם,יחיעם,,רוסטביף יחיעם,קילוגרמים,1.00,"ק""ג",true,,149.90,149.9000,true,1,8779
7290000318677,false,סרוולט 150גר יחיעם,יחיעם,,סרוולט 150גר יחיעם,גרמים,150.00,100 גרם,false,,25.90,0.1727,true,1,14180
7290000318707,false,סלמי מעושן יחיעם,יחיעם,,סלמי מעושן יחיעם,גרמים,500.00,100 גרם,false,,33.90,0.0678,true,1,14182
7290000318806,false,סרוולד יחיעם,יחיעם,,סרוולד יחיעם,קילוגרמים,1.00,"ק""ג",true,,179.90,179.9000,true,1,8780
7290000318837,false,פסטרמה קורנביף י,יחיעם,,פסטרמה קורנביף י,קילוגרמים,1.00,"ק""ג",true,,139.90,139.9000,true,1,8781
7290000318851,false,סלמי קוניאק,יחיעם,,סלמי קוניאק,קילוגרמים,1.00,"ק""ג",true,,89.90,89.9000,false,1,1795
7290000318868,false,סלמי פפרוני,יחיעם,,סלמי פפרוני,קילוגרמים,1.00,"ק""ג",true,,89.90,89.9000,false,1,1796
7290000318929,false,סלמי צרפתי,יחיעם,,סלמי צרפתי,קילוגרמים,1.00,"ק""ג",true,,179.90,179.9000,true,1,8782
7290000318943,false,פסטרמה של פעם 200 ג',יחיעם,,פסטרמה של פעם 200 ג',גרמים,200.00,100 גרם,false,,21.90,0.1095,true,1,1819
7290000319063,false,כתף בקר מעושן מפולפל,יחיעם,,כתף בקר מעושן מפולפל,גרמים,150.00,100 גרם,false,,25.90,0.1727,true,1,72673
7290000319124,false,סרוולד יחיעם,יחיעם,,סרוולד יחיעם,גרמים,250.00,100 גרם,false,,37.90,0.1516,true,1,14188
7290000319131,false,נקניקיות עוף 400,יחיעם,,נקניקיות עוף 400,גרמים,400.00,100 גרם,false,,10.90,0.0273,true,1,1822
7290000319339,false,סלמי פרח,יחיעם,,סלמי פרח,קילוגרמים,1.00,"ק""ג",true,,99.90,99.9000,false,1,23830
7290000319520,false,סלמי צרפתי 100 גר,יחיעם,,סלמי צרפתי 100 גר,גרמים,100.00,100 גרם,false,,19.90,0.1990,true,1,14194
7290000319704,false,כתף בקר מעושן יחיעם,יחיעם,,כתף בקר מעושן יחיעם,קילוגרמים,1.00,"ק""ג",true,,139.90,139.9000,true,1,8784
7290000319728,false,איטלקי מפולפל יח,יחיעם,,איטלקי מפולפל יח,קילוגרמים,1.00,"ק""ג",true,,79.90,79.9000,false,1,1802
7290000319759,false,סלמי תה יחיעם,יחיעם,,סלמי תה יחיעם,קילוגרמים,1.00,"ק""ג",true,,46.90,46.9000,false,1,32346
7290000319803,false,קבנוס קלאסי 125 גרם,יחיעם,,קבנוס קלאסי 125 גרם,גרמים,125.00,100 גרם,false,,13.90,0.1112,true,1,59123
7290000319834,false,קבנוס פפרוני קלאסי 1,יחיעם,,קבנוס פפרוני קלאסי 1,גרמים,125.00,100 גרם,false,,13.90,0.1112,true,1,59025
7290000319841,false,פסטרמה הודו מהמעשנה,יחיעם,,פסטרמה הודו מהמעשנה,קילוגרמים,1.00,"ק""ג",true,,79.90,79.9000,false,1,120594
7290000319971,false,צלעות בקר על האש יחי,יחיעם,,צלעות בקר על האש יחי,קילוגרמים,1.00,"ק""ג",true,,154.90,154.9000,false,1,26485
7290000334684,false,תפוגן טבעות בצל 700,תפוגן,,תפוגן טבעות בצל 700,גרמים,700.00,גרם,false,,17.90,0.0256,true,1,6036
7290000334745,false,תפוגן אמריקן ציפס 1.,תפוגן,,תפוגן אמריקן ציפס 1.,יחידה,1.50,יחידה,false,,24.90,16.6000,true,1,156
7290000339191,false,רן להלבנה,בדין,,רן להלבנה,גרמים,350.00,100 גרם,false,,22.00,0.0629,true,1,14426
7290000339566,false,בדין 4 ליטר,בדין,,בדין 4 ליטר,ליטרים,4.00,ליטר,false,,19.90,4.9750,false,1,2119
7290000341071,false,בייבי בדין 2 ליט,בדין,,בייבי בדין 2 ליט,ליטרים,2.00,ליטר,false,,20.00,10.0000,true,1,14432
7290000342832,false,בדין 4 ליטר,בדין,,בדין 4 ליטר,ליטרים,4.00,ליטר,false,,19.90,4.9750,false,1,2120
7290000342856,false,בדין 4 ליטר,בדין,,בדין 4 ליטר,ליטרים,4.00,ליטר,false,,19.90,4.9750,false,1,2121
7290000345116,false,תה ירוק עלים,ויסוצקי,,תה ירוק עלים,גרמים,125.00,100 גרם,false,,14.90,0.1192,true,1,8236
7290000345208,false,ויסוצקי קלאסיק 25 שק,ויסוצקי,,ויסוצקי קלאסיק 25 שק,גרמים,25.00,100 גרם,false,,6.70,0.2680,true,1,8238
7290000345215,false,ויסוצקי קלאסיק 100 ש,ויסוצקי,,ויסוצקי קלאסיק 100 ש,גרמים,100.00,100 גרם,false,,16.90,0.1690,false,1,728
7290000345260,false,ויסוצקי קלאסיק 25 שק,ויסוצקי,,ויסוצקי קלאסיק 25 שק,גרמים,37.50,100 גרם,false,,7.20,0.1920,true,1,8239
7290000345284,false,ויסוצקי קלאסיק 100 ש,ויסוצקי,,ויסוצקי קלאסיק 100 ש,גרמים,150.00,100 גרם,false,,16.90,0.1127,false,1,8241
7290000345291,false,ארל גריי 25 שקיקים,ויסוצקי,,ארל גריי 25 שקיקים,גרמים,37.50,100 גרם,false,,15.90,0.4240,false,1,8242
7290000345307,false,תה ארל גריי  50 שקיק,ויסוצקי,,תה ארל גריי  50 שקיק,גרמים,75.00,100 גרם,false,,28.90,0.3853,false,1,8243
7290000345536,false,תה נענע 25 שקיקים,ויסוצקי,,תה נענע 25 שקיקים,גרמים,37.50,100 גרם,false,,17.90,0.4773,false,1,729
7290000345666,false,תה אינגליש ברקפסט 25,ויסוצקי,,תה אינגליש ברקפסט 25,גרמים,50.00,100 גרם,false,,15.90,0.3180,true,1,8246
7290000346021,false,תה חליטת קמומיל 50 ש,ויסוצקי,,תה חליטת קמומיל 50 ש,גרמים,75.00,100 גרם,false,,34.90,0.4653,true,1,8247
7290000346120,false,תה קסם הקינמון 25 שק,ויסוצקי,,תה קסם הקינמון 25 שק,גרמים,62.50,100 גרם,false,,18.90,0.3024,false,1,733
7290000346137,false,תה חליטת הילולי פירו,ויסוצקי,,תה חליטת הילולי פירו,גרמים,62.50,100 גרם,false,,18.90,0.3024,false,1,734
7290000346144,false,תה חליטת עינוגי התפו,ויסוצקי,,תה חליטת עינוגי התפו,גרמים,75.00,100 גרם,false,,18.90,0.2520,false,1,735
7290000346168,false,תה חליטת שומר 25 שקי,ויסוצקי,,תה חליטת שומר 25 שקי,גרמים,37.50,100 גרם,false,,18.90,0.5040,false,1,737
7290000346199,false,תה חליטת פירות יער 2,ויסוצקי,,תה חליטת פירות יער 2,גרמים,67.50,100 גרם,false,,18.90,0.2800,false,1,738
7290000346205,false,תה חליטת קמומיל 25 ש,ויסוצקי,,תה חליטת קמומיל 25 ש,גרמים,37.50,100 גרם,false,,18.90,0.5040,false,1,739
7290000346212,false,תה חליטת מנטה 25 שקי,ויסוצקי,,תה חליטת מנטה 25 שקי,גרמים,50.00,100 גרם,false,,18.90,0.3780,false,1,740
7290000346229,false,תה חליטת ורד הבר והי,ויסוצקי,,תה חליטת ורד הבר והי,גרמים,75.00,100 גרם,false,,18.90,0.2520,false,1,741
7290000346236,false,תה חליטת לואיזה - וו,ויסוצקי,,תה חליטת לואיזה - וו,גרמים,50.00,100 גרם,false,,18.90,0.3780,false,1,742
7290000347738,false,תה ירוק נענע 25 שקיק,ויסוצקי,,תה ירוק נענע 25 שקיק,גרמים,37.50,100 גרם,false,,24.90,0.6640,false,1,743
7290000347752,false,תה ירוק לימונית,ויסוצקי,,תה ירוק לימונית,גרמים,37.50,100 גרם,false,,24.90,0.6640,false,1,745
7290000355382,false,עגבניות מרוסקות עם ב,טל,,עגבניות מרוסקות עם ב,גרמים,800.00,100 גרם,false,,7.20,0.0090,false,1,12923
7290000355405,false,עגבניות מרוסקות עם ב,טל,,עגבניות מרוסקות עם ב,גרמים,800.00,100 גרם,false,,7.20,0.0090,false,1,12925
7290000355412,false,עגבניות מרוסקות עם ש,טל,,עגבניות מרוסקות עם ש,גרמים,800.00,100 גרם,false,,7.20,0.0090,false,1,12926
7290000355481,false,רוטב עגבניות מרוכז מ,טל,,רוטב עגבניות מרוכז מ,גרמים,600.00,100 גרם,false,,5.50,0.0092,true,1,4851
7290000355757,false,עגבניות מרוסקות 800,טל,,עגבניות מרוסקות 800,גרמים,800.00,100 גרם,false,,7.20,0.0090,false,1,12931
7290000363011,false,קוניאק טירת צבי,טירת צבי,,קוניאק טירת צבי,קילוגרמים,1.00,"ק""ג",true,,84.90,84.9000,false,1,861
7290000363400,false,סלמי פפרוני,טירת צבי,,סלמי פפרוני,קילוגרמים,1.00,"ק""ג",true,,84.90,84.9000,false,1,24733
7290000363462,false,סלמי מעושן איטלק,טירת צבי,,סלמי מעושן איטלק,קילוגרמים,1.00,"ק""ג",true,,84.90,84.9000,false,1,862
7290000363486,false,נקניק תה טירת צב,טירת צבי,,נקניק תה טירת צב,קילוגרמים,1.00,"ק""ג",true,,56.90,56.9000,false,1,863
7290000363899,false,נקניקיות הודו פיקנטי,טירת צבי,,נקניקיות הודו פיקנטי,גרמים,400.00,100 גרם,false,,11.90,0.0298,true,1,8402
7290000364261,false,סלסולי כתף בקר,טירת צבי,,סלסולי כתף בקר,גרמים,120.00,100 גרם,false,,15.90,0.1325,false,1,13905
7290000364278,false,סלסולי סלמי איטלקי מ,טירת צבי,,סלסולי סלמי איטלקי מ,גרמים,120.00,100 גרם,false,,15.90,0.1325,false,1,13906
7290000364285,false,סלסולי פסטרמה הודו,טירת צבי,,סלסולי פסטרמה הודו,גרמים,120.00,100 גרם,false,,15.90,0.1325,false,1,13907
7290000364292,false,סלסולי פסטרמה הודו ע,טירת צבי,,סלסולי פסטרמה הודו ע,גרמים,120.00,100 גרם,false,,15.90,0.1325,false,1,933
7290000364803,false,נקנקיות אמריקאיו,טירת צבי,,נקנקיות אמריקאיו,גרמים,500.00,100 גרם,false,,27.90,0.0558,true,1,13908
7290000364858,false,נקנקיות עוף 1 קג,טירת צבי,,נקנקיות עוף 1 קג,יחידה,1.00,יחידה,false,,26.90,26.9000,false,1,934
7290000364872,false,נקנקיות עוף טירת,טירת צבי,,נקנקיות עוף טירת,גרמים,400.00,100 גרם,false,,11.90,0.0298,true,1,935
7290000364957,false,נקנקיות מיני,,,נקנקיות מיני,גרמים,700.00,100 גרם,false,,26.90,0.0384,true,1,13910
7290000365046,false,כתף בקר טירת צבי,טירת צבי,,כתף בקר טירת צבי,קילוגרמים,1.00,"ק""ג",true,,109.90,109.9000,false,1,8329
7290000365107,false,כתף מפולפל טירת צבי,טירת צבי,,כתף מפולפל טירת צבי,קילוגרמים,1.00,"ק""ג",true,,109.90,109.9000,false,1,8331
7290000365398,false,פסטרמה דבש ט.צבי,טירת צבי,,פסטרמה דבש ט.צבי,קילוגרמים,1.00,"ק""ג",true,,84.90,84.9000,false,1,867
7290000365749,false,פסטרמה דל שומן,טירת צבי,,פסטרמה דל שומן,קילוגרמים,1.00,"ק""ג",true,,84.90,84.9000,false,1,868
7290000365756,false,פסטרמה הודו ברביקיו,טירת צבי,,פסטרמה הודו ברביקיו,קילוגרמים,1.00,"ק""ג",true,,84.90,84.9000,false,1,869
7290000365886,false,פסטרמה בגריל טירת צב,טירת צבי,,פסטרמה בגריל טירת צב,קילוגרמים,1.00,"ק""ג",true,,84.90,84.9000,false,1,871
7290000365909,false,פסטרמה הודו מעושנת,טירת צבי,,פסטרמה הודו מעושנת,קילוגרמים,1.00,"ק""ג",true,,84.90,84.9000,false,1,872
7290000365954,false,פסטרמה על גחלים,טירת צבי,,פסטרמה על גחלים,קילוגרמים,1.00,"ק""ג",true,,84.90,84.9000,false,1,873
7290000367590,false,זוג פסטרמה טירת,טירת צבי,,זוג פסטרמה טירת,גרמים,800.00,100 גרם,false,,29.90,0.0374,true,1,938
7290000377209,false,בוטנים 200,קליית גת,,בוטנים 200,גרמים,200.00,100 גרם,false,,6.90,0.0345,true,1,14606
7290000377445,false,תערובת מנצ'ס,,,תערובת מנצ'ס,גרמים,200.00,100 גרם,false,,8.50,0.0425,true,1,2432
7290000377452,false,גרעיני אבטיח 200ח,קליית גת,,גרעיני אבטיח 200ח,גרמים,200.00,100 גרם,false,,12.00,0.0600,true,1,2433
7290000391182,false,בורקס פילו גבינה בונ,,,בורקס פילו גבינה בונ,קילוגרמים,1.00,"ק""ג",true,,44.90,44.9000,true,1,30239
7290000391229,false,קוקטייל פיצה בונז'ור,,,קוקטייל פיצה בונז'ור,קילוגרמים,1.00,"ק""ג",true,,54.90,54.9000,true,1,31273
7290000408316,false,יוגורט דנונה טבעי 3%,שטראוס דנונה,,יוגורט דנונה טבעי 3%,מיליליטרים,200.00,"100 מ""ל",false,,3.50,0.0175,true,1,7120
7290000408354,false,דנונה קראנצ' פצפוצים,שטראוס דנונה,,דנונה קראנצ' פצפוצים,מיליליטרים,175.00,"100 מ""ל",false,,4.60,0.0263,false,1,7121
7290000412139,false,ריצפז אורנים 3לי,סנו ריצפז,,ריצפז אורנים 3לי,ליטרים,3.00,ליטר,false,,13.90,4.6333,true,1,16217
7290000412481,false,מנקה אסלות 1ליטר,סנו,,מנקה אסלות 1ליטר,ליטרים,1.00,ליטר,false,,7.90,7.9000,false,1,3505
7290000412764,false,פזטוקס ארזול,סנו,,פזטוקס ארזול,מיליליטרים,630.00,"100 מ""ל",false,,18.90,0.0300,true,1,16219
7290000416021,false,ממרח השחר 500 גרם,,,ממרח השחר 500 גרם,גרמים,500.00,100 גרם,false,,13.90,0.0278,false,1,3608
7290000416045,false,"ממרח השחר 1 ק""ג",השחר העולה,,"ממרח השחר 1 ק""ג",קילוגרמים,1.00,"ק""ג",false,,23.90,23.9000,false,1,10922
7290000416618,false,ממרח שוקולד השחר פרו,השחר העולה,,ממרח שוקולד השחר פרו,גרמים,400.00,100 גרם,false,,10.60,0.0265,true,1,10924
7290000416809,false,ממרח השחר חצי חצי,,,ממרח השחר חצי חצי,גרמים,350.00,100 גרם,false,,9.90,0.0283,false,1,71656
7290000416854,false,קקאו 150 גר,השחר העולה,,קקאו 150 גר,גרמים,150.00,100 גרם,false,,9.50,0.0633,true,1,10927
7290000419220,false,מארז קפה לנדוור טחון,קפה לנדוור,,מארז קפה לנדוור טחון,גרמים,300.00,100 גרם,false,,18.90,0.0630,false,1,6453
7290000419374,false,מארז שלישייה קפה שחו,קפה לנדוור,,מארז שלישייה קפה שחו,גרמים,300.00,100 גרם,false,,18.90,0.0630,false,1,5568
7290000419893,false,קפה לנדוור שחור טחון,קפה לנדוור,,קפה לנדוור שחור טחון,גרמים,100.00,100 גרם,false,,7.90,0.0790,false,1,6455
7290000419909,false,קפה לנדוור שחור בטעם,קפה לנדוור,,קפה לנדוור שחור בטעם,גרמים,100.00,100 גרם,false,,7.90,0.0790,false,1,6456
7290000419923,false,אספרסו לנדוור טחון ב,קפה לנדוור,,אספרסו לנדוור טחון ב,גרמים,200.00,100 גרם,false,,19.90,0.0995,true,1,6458
7290000420325,false,פופסטאר טבעי 5יח',,,פופסטאר טבעי 5יח',גרמים,500.00,100 גרם,false,,12.90,0.0258,false,1,10782
7290000420332,false,פופסטאר חמאה 5יח',פופ סטאר,,פופסטאר חמאה 5יח',גרמים,500.00,100 גרם,false,,12.90,0.0258,false,1,10783
7290000420417,false,גלילונית 50X70 עם לש,גלילונית,,גלילונית 50X70 עם לש,יחידה,0.00,יחידה,false,,24.00,0.0000,false,1,3428
7290000430102,false,"שקיות קרח 2 ק""ג",,,"שקיות קרח 2 ק""ג",יחידה,2.00,יחידה,false,,9.90,4.9500,true,1,16806
7290000432212,false,נרות שבת 72,,,נרות שבת 72,יחידה,0.00,יחידה,false,,29.90,0.0000,true,1,68841
7290000432359,false,נר נשמה שבועי,,,נר נשמה שבועי,יחידה,0.00,יחידה,false,,9.90,0.0000,true,1,17777
7290000432649,false,נרות שבת 6,,,נרות שבת 6,גרמים,180.00,100 גרם,false,,4.50,0.0250,true,1,64301
7290000432656,false,נרות שבת מס' 8,,,נרות שבת מס' 8,גרמים,180.00,100 גרם,false,,4.50,0.0250,true,1,64302
7290000432663,false,נרות שבת מס' 10,,,נרות שבת מס' 10,גרמים,180.00,100 גרם,false,,4.50,0.0250,true,1,64303
7290000442013,false,"פמינה יאנג 220 מ""ל",פמינה,,"פמינה יאנג 220 מ""ל",מיליליטרים,220.00,"100 מ""ל",false,,26.90,0.1223,true,1,23677
7290000442587,false,קרם רב שימושי,,,קרם רב שימושי,מיליליטרים,220.00,"100 מ""ל",false,,19.90,0.0905,true,1,17884
7290000446325,false,תרכיז תפוחים,,,תרכיז תפוחים,ליטרים,1.20,ליטר,false,,44.90,37.4167,true,1,28540
7290000446547,false,חמאת בוטנים טבעית,,,חמאת בוטנים טבעית,גרמים,350.00,100 גרם,false,,12.90,0.0369,true,1,9763
7290000446554,false,חמאת בוטנים טבעית 1,,,חמאת בוטנים טבעית 1,קילוגרמים,1.00,"100 ק""ג",false,,27.90,27.9000,true,1,61681
7290000446776,false,פיצפוצי אורז מלא ללא,,,פיצפוצי אורז מלא ללא,גרמים,450.00,100 גרם,false,,18.90,0.0420,true,1,58137
7290000446936,false,ציפוי עדיף דק ללא גל,,,ציפוי עדיף דק ללא גל,גרמים,300.00,100 גרם,false,,9.90,0.0330,true,1,68239
7290000449128,false,פנטסטיק 4 ליטר,סיף פנטסטיק,,פנטסטיק 4 ליטר,ליטרים,4.00,ליטר,false,,19.90,4.9750,false,1,14435
7290000450209,false,טונה פוסידון בשמן 11,ויליגר,,טונה פוסידון בשמן 11,גרמים,110.00,100 גרם,false,,6.00,0.0545,true,1,11193
7290000450308,false,טונה פוסידון במי,ויליגר,,טונה פוסידון במי,גרמים,108.00,100 גרם,false,,6.00,0.0556,true,1,11194
7290000453019,false,שמרית,,,שמרית,גרמים,50.00,100 גרם,false,,4.60,0.0920,false,1,12051
7290000453125,false,שמרית+משפר אפיה,,,שמרית+משפר אפיה,גרמים,100.00,100 גרם,false,,7.90,0.0790,true,1,12052
7290000453200,false,בלילה מצוננת להכנת פ,,,בלילה מצוננת להכנת פ,מיליליטרים,750.00,"100 מ""ל",false,,21.90,0.0292,true,1,90540
7290000453309,false,בצק פיצה מצונן ללא ג,,,בצק פיצה מצונן ללא ג,יחידה,0.00,יחידה,false,,19.90,0.0000,true,1,117062
7290000453316,false,בצק עלים מצונן ללא ג,,,בצק עלים מצונן ללא ג,יחידה,0.00,יחידה,false,,19.90,0.0000,true,1,117063
7290000453330,false,תמי תערובת לעוגת וני,,,תמי תערובת לעוגת וני,גרמים,500.00,100 גרם,false,,18.90,0.0378,true,1,120554
7290000453385,false,שמרים יבשים פאקא,,,שמרים יבשים פאקא,גרמים,500.00,100 גרם,false,,14.40,0.0288,true,1,61988
7290000453408,false,בצק פיצה דק מצונן ומ,,,בצק פיצה דק מצונן ומ,גרמים,415.00,100 גרם,false,,16.90,0.0407,true,1,79647
7290000453415,false,בצק עלים מצונן ומוכן,,,בצק עלים מצונן ומוכן,גרמים,300.00,100 גרם,false,,15.90,0.0530,true,1,79648
7290000453422,false,בצק פילו מוכן לאפייה,,,בצק פילו מוכן לאפייה,גרמים,300.00,100 גרם,false,,15.90,0.0530,true,1,79649
7290000453781,false,שמרים יבשים,,,שמרים יבשים,גרמים,125.00,100 גרם,false,,6.30,0.0504,true,1,75468
7290000453798,false,שמרים אקטיבים 500 גר,,,שמרים אקטיבים 500 גר,גרמים,500.00,100 גרם,false,,14.90,0.0298,false,1,72932
7290000453866,false,נטורינה קוקוס שמרית,,,נטורינה קוקוס שמרית,גרמים,200.00,100 גרם,false,,7.60,0.0380,false,1,70911
7290000461625,false,בייגלה שמיניות גדולו,בייגל בייגל,,בייגלה שמיניות גדולו,גרמים,400.00,100 גרם,false,,8.90,0.0223,true,1,2122
7290000461656,false,מקלות בייגל,בייגל בייגל,,מקלות בייגל,גרמים,400.00,100 גרם,false,,8.90,0.0223,true,1,2123
7290000461700,false,בייגלה גדול גדול,בייגל בייגל,,בייגלה גדול גדול,גרמים,400.00,100 גרם,false,,13.90,0.0348,true,1,9323
7290000461724,false,בייגלה שומשום 00,בייגל בייגל,,בייגלה שומשום 00,גרמים,400.00,100 גרם,false,,12.90,0.0323,true,1,9324
7290000461793,false,מקלות מלוחים קטן,בייגל בייגל,,מקלות מלוחים קטן,גרמים,150.00,100 גרם,false,,6.90,0.0460,false,1,9326
7290000462103,false,סחוג זהבי,אחלה,,סחוג זהבי,גרמים,150.00,100 גרם,false,,8.90,0.0593,true,1,17638
7290000462141,false,סחוג חריף מאוד זהבי,אחלה,,סחוג חריף מאוד זהבי,גרמים,150.00,100 גרם,false,,8.90,0.0593,true,1,17639
7290000462172,false,סחוג,אחלה,,סחוג,גרמים,150.00,100 גרם,false,,8.90,0.0593,true,1,17640
7290000462981,false,זחוק חריף אש 150 גר',,,זחוק חריף אש 150 גר',גרמים,150.00,100 גרם,false,,8.90,0.0593,true,1,83775
7290000467320,false,חומוס אבו מרוואן 400,,,חומוס אבו מרוואן 400,גרמים,400.00,100 גרם,false,,13.90,0.0348,true,1,30715
7290000474090,false,חלב טרה הומוגני דל ש,טרה,,חלב טרה הומוגני דל ש,ליטרים,1.00,ליטר,false,,5.86,5.8600,false,1,7183
7290000474373,false,שמנת חמוצה 15%,,,שמנת חמוצה 15%,גרמים,200.00,100 גרם,false,,2.40,0.0120,false,1,7187
7290000474502,false,גבינה לבנה 250 גר' ט,טרה,,גבינה לבנה 250 גר' ט,גרמים,250.00,100 גרם,false,,4.98,0.0199,false,1,4993
7290000474540,false,גבינה טוב טעם 3% טרה,טרה,,גבינה טוב טעם 3% טרה,גרמים,250.00,100 גרם,false,,11.50,0.0460,false,1,7189
7290000480107,false,קוואקר שיבולת שועל פ,קוואקר,,קוואקר שיבולת שועל פ,גרמים,500.00,100 גרם,false,,11.90,0.0238,false,1,10624
7290000480442,false,שיבולת שועל קוואקר ב,קוואקר,,שיבולת שועל קוואקר ב,גרמים,500.00,100 גרם,false,,12.90,0.0258,false,1,10629
7290000483412,false,קישוטים לעוגה,,,קישוטים לעוגה,גרמים,60.00,100 גרם,false,,12.00,0.2000,true,1,11771
7290000484747,false,עלית הארק,,,עלית הארק,מיליליטרים,700.00,"100 מ""ל",false,,57.90,0.0827,false,1,65261
7290000490601,false,מאגדת גלידל דיאט שלג,גלידות פלדמן,,מאגדת גלידל דיאט שלג,גרמים,400.00,100 גרם,false,,29.90,0.0747,true,1,11463
7290000490762,false,מאגדת גלידל שלגוני ש,,,מאגדת גלידל שלגוני ש,גרמים,400.00,100 גרם,false,,29.90,0.0747,true,1,11466
7290000493176,false,רוטב צלי באבקה,אסם,,רוטב צלי באבקה,גרמים,22.00,100 גרם,false,,4.40,0.2000,true,1,6072
7290000493183,false,רוטב פטריות באבקה,אסם,,רוטב פטריות באבקה,גרמים,30.00,100 גרם,false,,4.40,0.1467,true,1,6073
7290000497044,false,לחם ברמן אקטיב,ודש,,לחם ברמן אקטיב,גרמים,750.00,100 גרם,false,,15.90,0.0212,true,1,32884
7290000497228,false,מארז 6 לחמניות ברמן,ברמן,,מארז 6 לחמניות ברמן,גרמים,450.00,100 גרם,false,,11.90,0.0264,true,1,1776
7290000497303,false,לחמניות מקמח מלא,ברמן,,לחמניות מקמח מלא,גרמים,540.00,100 גרם,false,,11.90,0.0220,true,1,1777
7290000498034,false,לחם כוסמין E-FREE,ודש,,לחם כוסמין E-FREE,גרמים,750.00,100 גרם,false,,16.90,0.0225,true,1,80315
7290000504025,false,פטריה 300טבל',סוכרזית,,פטריה 300טבל',גרמים,246.00,100 גרם,false,,8.50,0.0346,true,1,12273
7290000504049,false,סוכרזית קנקן,סוכרזית,,סוכרזית קנקן,גרמים,984.00,100 גרם,false,,24.50,0.0249,true,1,4527
7290000504209,false,דיאט טיפ ממתיק,סוכרזית,,דיאט טיפ ממתיק,יחידה,220.00,יחידה,false,,19.50,0.0886,true,1,12275
7290000504278,false,סוכרזית פטנט,סוכרזית,,סוכרזית פטנט,גרמים,574.00,100 גרם,false,,17.90,0.0312,true,1,4528
7290000518152,false,מתוק וקל זהב,,,מתוק וקל זהב,גרמים,25.00,100 גרם,false,,6.90,0.2760,true,1,10397
7290000518176,false,מתוק וקל 250,,,מתוק וקל 250,גרמים,250.00,100 גרם,false,,18.90,0.0756,true,1,10398
7290000518220,false,סוכרה דיאט 100 שקיות,,,סוכרה דיאט 100 שקיות,יחידה,0.00,יחידה,false,,25.00,0.0000,true,1,68752
7290000518251,false,מתוק וקל זהב 100,,,מתוק וקל זהב 100,גרמים,100.00,100 גרם,false,,12.90,0.1290,true,1,11775
7290000518336,false,צמר גפן מתוק,,,צמר גפן מתוק,גרמים,10.00,100 גרם,false,,5.00,0.5000,true,1,89971
7290000518879,false,סוכרה דיאט 250 שקיות,,,סוכרה דיאט 250 שקיות,גרמים,200.00,100 גרם,false,,49.90,0.2495,true,1,30485
7290000521008,false,של סגל אדום יבש,של סגל,,של סגל אדום יבש,מיליליטרים,750.00,"100 מ""ל",false,,19.90,0.0265,false,1,17051
7290000521015,false,סגל לבן יבש,של סגל,,סגל לבן יבש,מיליליטרים,750.00,"100 מ""ל",false,,19.90,0.0265,false,1,3888
7290000521022,false,יין לבן חצי יבש,,,יין לבן חצי יבש,יחידה,750.00,יחידה,false,,19.90,0.0265,false,1,17052
7290000522111,false,חלב טרי אורגני 3% רמ,,,חלב טרי אורגני 3% רמ,ליטרים,1.00,ליטר,false,,12.90,12.9000,false,1,7124
7290000523125,false,מלח ים 200 גר',מלח הארץ,,מלח ים 200 גר',גרמים,250.00,100 גרם,false,,5.50,0.0220,true,1,8254
7290000523224,false,מלח ים 500 גר',מלח הארץ,,מלח ים 500 גר',גרמים,500.00,100 גרם,false,,7.90,0.0158,true,1,746
7290000523514,false,מלח ים מופחת נתרן,מלח הארץ,,מלח ים מופחת נתרן,גרמים,250.00,100 גרם,false,,10.00,0.0400,true,1,8255
7290000523521,false,מלח מועשר ביוד,מלח הארץ,,מלח מועשר ביוד,גרמים,250.00,100 גרם,false,,5.90,0.0236,true,1,8256
7290000523804,false,מלח הארץ עדין 1קג,מלח הארץ,,מלח הארץ עדין 1קג,קילוגרמים,1.00,"ק""ג",false,,7.50,7.5000,true,1,747
7290000523811,false,מלח הארץ גס 1קג,מלח הארץ,,מלח הארץ גס 1קג,קילוגרמים,1.00,"ק""ג",false,,7.50,7.5000,true,1,748
7290000525969,false,פרימור סחוט תפוזים 1,פרימור,,פרימור סחוט תפוזים 1,ליטרים,1.00,ליטר,false,,15.90,15.9000,false,1,12053
7290000530024,false,תה זוגלובק,זוגלובק,,תה זוגלובק,קילוגרמים,1.00,"ק""ג",true,,49.90,49.9000,false,1,9018
7290000530031,false,סלמי פיין צר,זוגלובק,,סלמי פיין צר,קילוגרמים,1.00,"ק""ג",true,,52.90,52.9000,true,1,1931
7290000530048,false,סלמי פפרוני,זוגלובק,,סלמי פפרוני,קילוגרמים,1.00,"ק""ג",true,,46.90,46.9000,false,1,1932
7290000530062,false,מעושן איטלקי בלו,זוגלובק,,מעושן איטלקי בלו,קילוגרמים,1.00,"ק""ג",true,,72.90,72.9000,true,1,9019
7290000530086,false,סלמי מעוש 7000ן,זוגלובק,,סלמי מעוש 7000ן,גרמים,610.00,100 גרם,false,,31.90,0.0523,true,1,14245
7290000530116,false,נקניק בשן,זוגלובק,,נקניק בשן,גרמים,485.00,100 גרם,false,,25.90,0.0534,true,1,14247
7290000530178,false,נקניק קוניאק זוגלובק,זוגלובק,,נקניק קוניאק זוגלובק,קילוגרמים,1.00,"ק""ג",true,,79.90,79.9000,true,1,1933
7290000530192,false,סרבלד זוגלובק,זוגלובק,,סרבלד זוגלובק,קילוגרמים,1.00,"ק""ג",true,,119.90,119.9000,true,1,9021
7290000530260,false,מרטדלה רחב,זוגלובק,,מרטדלה רחב,קילוגרמים,1.00,"ק""ג",true,,35.90,35.9000,true,1,9022
7290000530369,false,גולן-חזה מעושן,זוגלובק,,גולן-חזה מעושן,קילוגרמים,1.00,"ק""ג",true,,79.90,79.9000,false,1,1934
7290000530413,false,המבורגר זהב,זוגלובק,,המבורגר זהב,גרמים,400.00,100 גרם,false,,19.90,0.0497,true,1,9038
7290000530444,false,כתף בקר זוגלובק,זוגלובק,,כתף בקר זוגלובק,קילוגרמים,1.00,"ק""ג",true,,109.90,109.9000,true,1,9024
7290000530598,false,נקנקיות,זוגלובק,,נקנקיות,גרמים,500.00,100 גרם,false,,17.00,0.0340,true,1,14250
7290000530703,false,חרמון כפרית 400+תה 4,זוגלובק,,חרמון כפרית 400+תה 4,גרמים,800.00,100 גרם,false,,26.90,0.0336,true,1,1953
7290000531410,false,פסטרממיה בדבש טה,זוגלובק,,פסטרממיה בדבש טה,קילוגרמים,1.00,"ק""ג",true,,79.90,79.9000,false,1,1935
7290000531601,false,סטייקבורגר זהב,זוגלובק,,סטייקבורגר זהב,גרמים,400.00,100 גרם,false,,19.90,0.0497,true,1,9041
7290000531977,false,בורקס גבינה 800 גר',זוגלובק,,בורקס גבינה 800 גר',גרמים,800.00,100 גרם,false,,16.90,0.0211,false,1,1954
7290000532400,false,פסטרמה בר בי קיו  זו,זוגלובק,,פסטרמה בר בי קיו  זו,קילוגרמים,1.00,"ק""ג",true,,79.90,79.9000,false,1,1936
7290000532585,false,רוסטביף זוגלובק,,,רוסטביף זוגלובק,קילוגרמים,1.00,"ק""ג",true,,109.90,109.9000,true,1,18893
7290000532721,false,טורו זוגלובק,זוגלובק,,טורו זוגלובק,קילוגרמים,1.00,"ק""ג",true,,109.90,109.9000,false,1,9025
7290000533353,false,בצק עלים זוגלובק,זוגלובק,,בצק עלים זוגלובק,קילוגרמים,1.00,"ק""ג",false,,19.90,19.9000,false,1,9045
7290000533636,false,פסטרממיה צלויה על לב,זוגלובק,,פסטרממיה צלויה על לב,קילוגרמים,1.00,"ק""ג",true,,79.90,79.9000,false,1,1938
7290000533681,false,פסטרממיה מעושנת,זוגלובק,,פסטרממיה מעושנת,קילוגרמים,1.00,"ק""ג",true,,79.90,79.9000,false,1,1939
7290000534718,false,תבור-חזה הודו דל שומ,זוגלובק,,תבור-חזה הודו דל שומ,קילוגרמים,1.00,"ק""ג",true,,79.90,79.9000,false,1,1940
7290000535791,false,חזה בקר ניו יורק זוג,,,חזה בקר ניו יורק זוג,קילוגרמים,1.00,"ק""ג",true,,109.90,109.9000,false,1,18894
7290000536743,false,קריספי סטיקס תירס,זוגלובק,,קריספי סטיקס תירס,גרמים,500.00,100 גרם,false,,13.90,0.0278,true,1,33503
7290000537566,false,נקנקיות עוף טרי,זוגלובק,,נקנקיות עוף טרי,גרמים,400.00,100 גרם,false,,15.90,0.0398,true,1,14253
7290000538099,false,פסטרממיה כפרית,,,פסטרממיה כפרית,קילוגרמים,1.00,"ק""ג",true,,79.90,79.9000,false,1,1943
7290000552194,false,קישקע 500 גר' טיבון,טיבון ויל,,קישקע 500 גר' טיבון,גרמים,500.00,100 גרם,false,,12.90,0.0258,true,1,11199
7290000554006,false,גבינת קשקבל גד,מחלבות גד,,גבינת קשקבל גד,קילוגרמים,1.00,"ק""ג",true,,120.20,120.2000,true,1,8722
7290000554402,false,מלבי 5% גד,מחלבות גד,,מלבי 5% גד,גרמים,160.00,100 גרם,false,,5.40,0.0338,true,1,1731
7290000554457,false,צפתית גד 5%,מחלבות גד,,צפתית גד 5%,גרמים,350.00,100 גרם,false,,21.00,0.0600,true,1,1732
7290000554471,false,מוצרלה  22%,מחלבות גד,,מוצרלה  22%,גרמים,180.00,100 גרם,false,,16.80,0.0933,true,1,1733
7290000554532,false,צפתית מעודנת 5% 200ג,,,צפתית מעודנת 5% 200ג,גרמים,200.00,100 גרם,false,,14.20,0.0710,true,1,1734
7290000554600,false,מוצרלה מגורדת 22%,מחלבות גד,,מוצרלה מגורדת 22%,גרמים,300.00,100 גרם,false,,25.90,0.0863,true,1,1735
7290000554624,false,ירח מתוק 3% גד,מחלבות גד,,ירח מתוק 3% גד,גרמים,150.00,100 גרם,false,,5.40,0.0360,true,1,6972
7290000554655,false,מוצרלה מעושנת בנקניק,מחלבות גד,,מוצרלה מעושנת בנקניק,קילוגרמים,1.00,"ק""ג",true,,82.50,82.5000,true,1,1727
7290000554686,false,לבנה 5% זעתר גד,מחלבות גד,,לבנה 5% זעתר גד,גרמים,250.00,100 גרם,false,,13.90,0.0556,true,1,1736
7290000554754,false,מוצרלה במים קטן,מחלבות גד,,מוצרלה במים קטן,קילוגרמים,1.00,"ק""ג",true,,89.70,89.7000,true,1,8724
7290000554792,false,בולגרית 5% גד מעודנת,מחלבות גד,,בולגרית 5% גד מעודנת,קילוגרמים,1.00,"ק""ג",true,,56.00,56.0000,false,1,8725
7290000554815,false,מוצרלה גד,מחלבות גד,,מוצרלה גד,קילוגרמים,1.00,"ק""ג",true,,79.80,79.8000,false,1,8726
7290000554822,false,ריקוטה אורדה 5% גד,מחלבות גד,,ריקוטה אורדה 5% גד,גרמים,250.00,100 גרם,false,,14.20,0.0568,true,1,1737
7290000554839,false,מסקרפונה 40% גד,מחלבות גד,,מסקרפונה 40% גד,גרמים,250.00,100 גרם,false,,21.30,0.0852,true,1,1738
7290000554891,false,בולגרית 16% גד,מחלבות גד,,בולגרית 16% גד,קילוגרמים,1.00,"ק""ג",true,,56.00,56.0000,false,1,6968
7290000554969,false,גבינת שמנת טבעית גד,מחלבות גד,,גבינת שמנת טבעית גד,קילוגרמים,1.00,"ק""ג",true,,44.00,44.0000,true,1,8731
7290000554976,false,גבינת שמנת זיתים גד,מחלבות גד,,גבינת שמנת זיתים גד,קילוגרמים,1.00,"ק""ג",true,,44.00,44.0000,true,1,8732
7290000554983,false,לבנה במשקל,מחלבות גד,,לבנה במשקל,קילוגרמים,1.00,"ק""ג",true,,37.40,37.4000,true,1,8733
7290000554990,false,מוצרלה גד במים,,,מוצרלה גד במים,קילוגרמים,1.00,"ק""ג",true,,89.70,89.7000,true,1,13025
7290000555501,false,פיקדון בק  ריק,,,פיקדון בק  ריק,יחידה,0.00,יחידה,false,,0.30,0.0000,false,1,88
7290000555502,false,פיקדון שש בק',,,פיקדון שש בק',יחידה,0.00,יחידה,false,,1.80,0.0000,false,1,42
7290000555503,false,פיקדון ארבע בק',פריגת,,פיקדון ארבע בק',יחידה,0.00,יחידה,false,,1.20,0.0000,false,1,3902
7290000555504,false,פיקדון שמונה בק',,,פיקדון שמונה בק',יחידה,0.00,יחידה,false,,2.40,0.0000,false,1,35231
7290000555507,false,פיקדון שתיים עשרה בק,,,פיקדון שתיים עשרה בק,יחידה,0.00,יחידה,false,,3.60,0.0000,false,1,70215
7290000555508,false,פיקדון חמש בק',,,פיקדון חמש בק',יחידה,0.00,יחידה,false,,1.50,0.0000,false,1,100672
7290000560021,false,אדג' ג'ל סגול נגד חת,אדג' ג'ל,,אדג' ג'ל סגול נגד חת,גרמים,200.00,100 גרם,false,,17.90,0.0895,false,1,15958
7290000560533,false,אדג' ג'ל ירוק לעור ר,אדג' ג'ל,,אדג' ג'ל ירוק לעור ר,גרמים,200.00,100 גרם,false,,17.90,0.0895,false,1,15959
7290000560540,false,אדג' ג'ל כתום לעור ר,אדג' ג'ל,,אדג' ג'ל כתום לעור ר,גרמים,200.00,100 גרם,false,,17.90,0.0895,false,1,15960
7290000560557,false,אדג' ג'ל סגול כהה לע,אדג' ג'ל,,אדג' ג'ל סגול כהה לע,גרמים,200.00,100 גרם,false,,17.90,0.0895,false,1,15961
7290000561097,false,תערובת פיצוחים מובחר,,,תערובת פיצוחים מובחר,גרמים,150.00,100 גרם,false,,14.90,0.0993,true,1,74414
7290000561189,false,חמוציות חתוכות 200 ג,,,חמוציות חתוכות 200 ג,גרמים,200.00,100 גרם,false,,8.90,0.0445,true,1,74867
7290000561202,false,גרעיני חמניה 200 גר,,,גרעיני חמניה 200 גר,גרמים,200.00,100 גרם,false,,5.80,0.0290,true,1,17486
7290000561233,false,בוטן קלוי 200 גרם,,,בוטן קלוי 200 גרם,גרמים,200.00,100 גרם,false,,7.20,0.0360,true,1,17488
7290000561295,false,חמוציות ברכז 200 גר',,,חמוציות ברכז 200 גר',גרמים,200.00,100 גרם,false,,13.90,0.0695,true,1,75195
7290000561363,false,גרעיני אבטיח 200 גר,,,גרעיני אבטיח 200 גר,גרמים,200.00,100 גרם,false,,14.90,0.0745,true,1,17492
7290000561936,false,צימוק כהה 200 גר',,,צימוק כהה 200 גר',גרמים,200.00,100 גרם,false,,8.90,0.0445,true,1,17499
7290000571126,false,גבינת גאודה+כמון בית,תנובה חלב,,גבינת גאודה+כמון בית,קילוגרמים,1.00,"ק""ג",true,,103.20,103.2000,false,1,6811
7290000571188,false,גאודה תום עיזים בית,,,גאודה תום עיזים בית,קילוגרמים,1.00,"ק""ג",true,,153.40,153.4000,false,1,8039
7290000571232,false,גבינת גאודה 30% בית,תנובה חלב,,גבינת גאודה 30% בית,גרמים,150.00,100 גרם,false,,23.90,0.1593,true,1,6872
7290000571294,false,גאודה מעושנת בית יצח,תנובה חלב,,גאודה מעושנת בית יצח,קילוגרמים,1.00,"ק""ג",true,,103.10,103.1000,true,1,21328
7290000571300,false,גאודה פרוס מעושנת,תנובה חלב,,גאודה פרוס מעושנת,גרמים,150.00,100 גרם,false,,23.90,0.1593,true,1,21009
7290000571386,false,יוגורט מחלב כבשים 5%,תנובה חלב,,יוגורט מחלב כבשים 5%,גרמים,850.00,100 גרם,false,,26.50,0.0312,true,1,6873
7290000571393,false,יוגורמה מחלב כבשים 5,תנובה חלב,,יוגורמה מחלב כבשים 5,גרמים,140.00,100 גרם,false,,5.80,0.0414,true,1,6874
7290000571478,false,גבינת תום עיזים 30%,תנובה חלב,,גבינת תום עיזים 30%,גרמים,150.00,100 גרם,false,,37.00,0.2467,true,1,8149
7290000571485,false,משקה יוגורט עיזים 1,תנובה חלב,,משקה יוגורט עיזים 1,מיליליטרים,1000.00,"100 מ""ל",false,,22.50,0.0225,true,1,8150
7290000571843,false,יוגורמה עיזים 140 גר,תנובה חלב,,יוגורמה עיזים 140 גר,גרמים,140.00,100 גרם,false,,5.60,0.0400,true,1,59046
7290000571935,false,יוגורמה כבשים עם גרנ,,,יוגורמה כבשים עם גרנ,גרמים,142.00,100 גרם,false,,5.80,0.0408,true,1,84225
7290000572055,false,חלוה לייט 400 גרם,אחוה,,חלוה לייט 400 גרם,גרמים,400.00,100 גרם,false,,13.50,0.0338,true,1,13382
7290000572208,false,חלבה אחווה וניל 100,אחוה,,חלבה אחווה וניל 100,גרמים,100.00,100 גרם,false,,2.90,0.0290,false,1,13383
7290000572222,false,חלבה וניל בלוק אחווה,אחוה,,חלבה וניל בלוק אחווה,גרמים,500.00,100 גרם,false,,11.50,0.0230,true,1,13385
7290000572529,false,חלבה פיסטוק אחווה 40,אחוה,,חלבה פיסטוק אחווה 40,גרמים,400.00,100 גרם,false,,12.50,0.0313,true,1,13386
7290000572536,false,חלבה אחווה וניל 400,אחוה,,חלבה אחווה וניל 400,גרמים,400.00,100 גרם,false,,10.90,0.0273,true,1,13387
7290000572543,false,חלבה אחווה שוקו וניל,אחוה,,חלבה אחווה שוקו וניל,גרמים,400.00,100 גרם,false,,10.90,0.0273,true,1,13388
7290000572628,false,חלבה אחווה וניל ללא,אחוה,,חלבה אחווה וניל ללא,גרמים,275.00,100 גרם,false,,13.90,0.0505,true,1,13389
7290000572673,false,חלבה אורגנית אחווה מ,אחוה,,חלבה אורגנית אחווה מ,גרמים,300.00,100 גרם,false,,13.90,0.0463,true,1,13391
7290000604343,false,תמרים 400גר',,,תמרים 400גר',גרמים,400.00,100 גרם,false,,9.90,0.0248,true,1,4328
7290000630526,false,עוף טרי מפורק,תנובה בשר,,עוף טרי מפורק,קילוגרמים,1.00,"ק""ג",true,,19.90,19.9000,false,1,875
7290000631059,false,כבד לצליה בלבד תפזור,,,כבד לצליה בלבד תפזור,קילוגרמים,1.00,"ק""ג",true,,16.90,16.9000,false,1,876
7290000631257,false,לב לצליה בלבד,,,לב לצליה בלבד,קילוגרמים,1.00,"ק""ג",true,,25.90,25.9000,false,1,877
7290000632278,false,שניצל עוף טרי,,,שניצל עוף טרי,קילוגרמים,1.00,"ק""ג",true,,39.90,39.9000,false,1,4689
7290000632452,false,כרעיים עוף טרי תפזור,,,כרעיים עוף טרי תפזור,קילוגרמים,1.00,"ק""ג",true,,26.90,26.9000,false,1,880
7290000632629,false,שווארמה פרגיות,,,שווארמה פרגיות,קילוגרמים,1.00,"ק""ג",true,,64.90,64.9000,false,1,4690
7290000633855,false,כנפיים עוף טרי (ללא,,,כנפיים עוף טרי (ללא,קילוגרמים,1.00,"ק""ג",true,,9.90,9.9000,false,1,881
7290000634326,false,גרונות עוף,תנובה בשר,,גרונות עוף,קילוגרמים,1.00,"ק""ג",true,,3.00,3.0000,true,1,8340
7290000640945,false,פילה עוף טרי,,,פילה עוף טרי,קילוגרמים,1.00,"ק""ג",true,,31.90,31.9000,false,1,58240
7290000641751,false,חזה הודו טרי,,,חזה הודו טרי,קילוגרמים,1.00,"ק""ג",true,,32.90,32.9000,false,1,6958
7290000642840,false,שוק הודו טרי,,,שוק הודו טרי,קילוגרמים,1.00,"ק""ג",true,,29.90,29.9000,false,1,884
7290000643243,false,טרי הודו שווארמה נקב,תנובה בשר,,טרי הודו שווארמה נקב,קילוגרמים,1.00,"ק""ג",true,,74.90,74.9000,false,1,6960
7290000643359,false,טרי שוק הודו מפורק ל,,,טרי שוק הודו מפורק ל,קילוגרמים,1.00,"ק""ג",true,,57.90,57.9000,false,1,6961
7290000643946,false,כנף הודו טרי,,,כנף הודו טרי,קילוגרמים,1.00,"ק""ג",true,,13.90,13.9000,false,1,4691
7290000644356,false,גרון הודו טרי,,,גרון הודו טרי,קילוגרמים,1.00,"ק""ג",true,,31.90,31.9000,false,1,885
7290000644783,false,פילה סלמון מנות בואק,דגי תנובה,,פילה סלמון מנות בואק,קילוגרמים,1.00,"ק""ג",true,,84.90,84.9000,true,1,8347
7290000652542,false,פילה אמנון 5-7 תנובה,דגי תנובה,,פילה אמנון 5-7 תנובה,קילוגרמים,1.00,"ק""ג",true,,31.90,31.9000,true,1,83889
7290000652894,false,סטייק דג טונה 100% ת,דגי תנובה,,סטייק דג טונה 100% ת,קילוגרמים,1.00,"ק""ג",true,,39.90,39.9000,true,1,85563
7290000654546,false,פילה אמנון 7-9 תנובה,,,פילה אמנון 7-9 תנובה,קילוגרמים,1.00,"ק""ג",true,,32.90,32.9000,true,1,85284
7290000655376,false,פילה דניס קפוא תנובה,דגי תנובה,,פילה דניס קפוא תנובה,קילוגרמים,1.00,"ק""ג",true,,81.90,81.9000,true,1,67628
7290000658926,false,פילה מרלוזה קפוא תנו,דגי תנובה,,פילה מרלוזה קפוא תנו,קילוגרמים,1.00,"ק""ג",true,,31.90,31.9000,true,1,71545
7290000659312,false,פילה סלמון קפוא,דגי תנובה,,פילה סלמון קפוא,קילוגרמים,1.00,"ק""ג",true,,72.90,72.9000,true,1,8353
7290000662817,false,סלמון מעושן 100 גר',דגי תנובה,,סלמון מעושן 100 גר',גרמים,100.00,100 גרם,false,,21.00,0.2100,true,1,87982
7290000663135,false,קוביות סלומון להקפצה,דגי תנובה,,קוביות סלומון להקפצה,גרמים,300.00,100 גרם,false,,29.90,0.0997,true,1,90193
7290000688084,false,מי עדן ספורט 5 0.,מי עדן,,מי עדן ספורט 5 0.,יחידה,500.00,יחידה,false,,2.70,0.0054,false,1,10060
7290000688176,false,מי עדן 250,מי עדן,,מי עדן 250,מיליליטרים,250.00,"100 מ""ל",false,,2.50,0.0100,true,1,10062
7290000688374,false,מי עדן בייבי שישייה,מי עדן,,מי עדן בייבי שישייה,ליטרים,1.98,ליטר,false,,13.90,7.0202,false,1,10063
7290000688381,false,מי עדן שישייה 0.5 ל',מי עדן,,מי עדן שישייה 0.5 ל',ליטרים,3.00,ליטר,false,,12.90,4.3000,false,1,10064
7290000688466,false,מי עדן ג'ים 750,מי עדן,,מי עדן ג'ים 750,יחידה,750.00,יחידה,false,,3.10,0.0041,true,1,10065
7290000688503,false,מי עדן ספורט שישייה,מי עדן,,מי עדן ספורט שישייה,ליטרים,4.50,ליטר,false,,14.90,3.3111,true,1,10066
7290000692135,false,ספיד סטיק לגבר,ספיד סטיק,,ספיד סטיק לגבר,גרמים,60.00,100 גרם,false,,19.90,0.3317,true,1,6636
7290000692203,false,אג'קס ירוק 2 ליטר,אג'קס,,אג'קס ירוק 2 ליטר,ליטרים,2.00,ליטר,false,,22.90,11.4500,false,1,6637
7290000692210,false,אג'קס סגול 2 ליטר,אג'קס,,אג'קס סגול 2 ליטר,ליטרים,2.00,ליטר,false,,22.90,11.4500,false,1,6638
7290000692227,false,פלמוליב לכלים 1ליטר,פלמוליב,,פלמוליב לכלים 1ליטר,ליטרים,1.00,ליטר,false,,13.90,13.9000,false,1,6639
7290000692456,false,אג'קס לחלונות זוג,אג'קס,,אג'קס לחלונות זוג,ליטרים,1.50,ליטר,false,,24.90,16.6000,true,1,6642
7290000803067,false,אלמקס משחת שיניים לי,אלמקס,,אלמקס משחת שיניים לי,גרמים,75.00,100 גרם,false,,15.90,0.2120,true,1,3432
7290000803180,false,מרידול שטיפת פה 400מ,מרידול,,מרידול שטיפת פה 400מ,מיליליטרים,400.00,"100 מ""ל",false,,32.90,0.0822,true,1,15966
7290000804484,false,אלמקס מי פה לשטיפה 4,אלמקס,,אלמקס מי פה לשטיפה 4,מיליליטרים,400.00,"100 מ""ל",false,,27.90,0.0697,true,1,15970
7290000805795,false,חול חתולים,,,חול חתולים,קילוגרמים,10.00,"ק""ג",false,,34.90,3.4900,true,1,15740
7290000805900,false,"לה קט עוף 2.85 ק""ג",לה -קט,,"לה קט עוף 2.85 ק""ג",קילוגרמים,2.85,"ק""ג",false,,59.90,21.0175,false,1,3335
7290000805917,false,"לה קט כבד 2.85 ק""ג",לה -קט,,"לה קט כבד 2.85 ק""ג",קילוגרמים,2.85,"ק""ג",false,,59.90,21.0175,true,1,3336
7290000805924,false,"לה קט דגים 2.85 ק""ג",לה -קט,,"לה קט דגים 2.85 ק""ג",קילוגרמים,2.85,"ק""ג",false,,59.90,21.0175,false,1,3337
7290000830001,false,אגוזי ברזיל,,,אגוזי ברזיל,קילוגרמים,1.00,"ק""ג",true,,80.00,80.0000,true,1,5253
7290000907970,false,פסטרמה כפרית טירת צב,טירת צבי,,פסטרמה כפרית טירת צב,קילוגרמים,1.00,"ק""ג",true,,53.90,53.9000,false,1,890
7290001045688,false,פרימור תפוזים סחוט 4,פרימור,,פרימור תפוזים סחוט 4,מיליליטרים,400.00,"100 מ""ל",false,,8.70,0.0218,true,1,12057
7290001121023,false,פסטרמה של פעם יחיעם,יחיעם,,פסטרמה של פעם יחיעם,קילוגרמים,1.00,"ק""ג",true,,79.90,79.9000,false,1,1803
7290001121054,false,זוג פסטרמה יחיעם,יחיעם,,זוג פסטרמה יחיעם,גרמים,700.00,100 גרם,false,,24.90,0.0356,true,1,1826
7290001121092,false,פסטרמה עוף בגריל,יחיעם,,פסטרמה עוף בגריל,קילוגרמים,1.00,"ק""ג",true,,79.90,79.9000,false,1,1804
7290001121238,false,קורנד ביף 180 גר',יחיעם,,קורנד ביף 180 גר',גרמים,180.00,100 גרם,false,,25.90,0.1439,true,1,14199
7290001121672,false,פסטרמה מעודנת בפפריק,יחיעם,,פסטרמה מעודנת בפפריק,גרמים,300.00,100 גרם,false,,22.90,0.0763,true,1,22039
7290001121849,false,פסטרמה 100% חומרים ט,יחיעם,,פסטרמה 100% חומרים ט,גרמים,250.00,100 גרם,false,,25.90,0.1036,true,1,25463
7290001121931,false,קבנוס מקסיקני דק דק,יחיעם,,קבנוס מקסיקני דק דק,גרמים,125.00,100 גרם,false,,13.90,0.1112,true,1,21992
7290001124536,false,מגיק איטריות,מג'יק,,מגיק איטריות,גרמים,70.00,100 גרם,false,,5.00,0.0714,false,1,11213
7290001124611,false,שומן כבש 200 גר,טיבון ויל,,שומן כבש 200 גר,גרמים,200.00,100 גרם,false,,21.90,0.1095,true,1,11214
7290001133484,false,פילה סלמון נורבגי,,,פילה סלמון נורבגי,קילוגרמים,1.00,"ק""ג",true,,79.90,79.9000,true,1,79639
7290001136287,false,נקה 7-שמפו  רגיל ירו,נקה 7,,נקה 7-שמפו  רגיל ירו,מיליליטרים,750.00,"100 מ""ל",false,,11.90,0.0159,true,1,18531
7290001136294,false,נקה 7-שמפו  יבש  אדו,נקה 7,,נקה 7-שמפו  יבש  אדו,מיליליטרים,750.00,"100 מ""ל",false,,11.90,0.0159,true,1,18532
7290001136300,false,נקה 7-שמפו  סירוק קל,נקה 7,,נקה 7-שמפו  סירוק קל,מיליליטרים,750.00,"100 מ""ל",false,,11.90,0.0159,true,1,18533
7290001136362,false,נקה תחליב רחצה ירוק,נקה 7,,נקה תחליב רחצה ירוק,ליטרים,1.00,ליטר,false,,13.90,13.9000,true,1,18535
7290001136683,false,נקה 7-מייצב רגיל ירו,נקה 7,,נקה 7-מייצב רגיל ירו,מיליליטרים,750.00,"100 מ""ל",false,,11.90,0.0159,true,1,18539
7290001136799,false,נקה תחליב רחצה ורוד,נקה 7,,נקה תחליב רחצה ורוד,ליטרים,1.00,ליטר,false,,13.90,13.9000,true,1,18541
7290001136973,false,נקה תחליב רחצה לבן ק,נקה 7,,נקה תחליב רחצה לבן ק,ליטרים,1.00,ליטר,false,,13.90,13.9000,true,1,18542
7290001164266,false,גרנולה ללא סוכר,אפקט טבעי,,גרנולה ללא סוכר,גרמים,500.00,100 גרם,false,,21.00,0.0420,true,1,32046
7290001164402,false,תערובת ג'עלה,אפקט טבעי,,תערובת ג'עלה,גרמים,200.00,100 גרם,false,,12.90,0.0645,true,1,12859
7290001164419,false,תערובת ג'עלה,אפקט טבעי,,תערובת ג'עלה,גרמים,600.00,100 גרם,false,,28.90,0.0482,true,1,12860
7290001216040,false,טחינה אל ארז 0.5קג,אל ארז,,טחינה אל ארז 0.5קג,יחידה,1.00,יחידה,false,,15.00,15.0000,true,1,4650
7290001216057,false,טחינה אל ארז 1קג,אל ארז,,טחינה אל ארז 1קג,גרמים,500.00,100 גרם,false,,27.90,0.0558,true,1,4651
7290001216101,false,טחינה מלאה 1 קג אל א,,,טחינה מלאה 1 קג אל א,גרמים,1000.00,100 גרם,false,,29.90,0.0299,true,1,85849
7290001216231,false,טחינה מלאה אל ארז,אל ארז,,טחינה מלאה אל ארז,גרמים,500.00,100 גרם,false,,15.90,0.0318,true,1,12774
7290001230331,false,כאמל בוקס,,,כאמל בוקס,יחידה,0.00,יחידה,false,,30.00,0.0000,false,1,4245
7290001231932,false,וינסטון כחול בוקס,,,וינסטון כחול בוקס,יחידה,0.00,יחידה,false,,32.00,0.0000,false,1,4250
7290001246900,false,אקופרנד מסיר שומנים,,,אקופרנד מסיר שומנים,מיליליטרים,750.00,"100 מ""ל",false,,17.90,0.0239,true,1,82691
7290001246948,false,אקופרנד מלבין 2 ליטר,,,אקופרנד מלבין 2 ליטר,ליטרים,2.00,ליטר,false,,15.90,7.9500,true,1,83010
7290001246962,false,אקופרנד נוזל כלים תפ,,,אקופרנד נוזל כלים תפ,ליטרים,1.00,ליטר,false,,13.90,13.9000,true,1,82004
7290001246979,false,אקופרנד נוזל כלים לי,,,אקופרנד נוזל כלים לי,ליטרים,1.00,ליטר,false,,13.90,13.9000,true,1,81777
7290001246993,false,אקופרנד נוזל רצפות 4,,,אקופרנד נוזל רצפות 4,ליטרים,4.00,ליטר,false,,25.90,6.4750,true,1,81581
7290001247068,false,ספרינג קרטונית תות ב,ספרינג,,ספרינג קרטונית תות ב,ליטרים,1.00,ליטר,false,,6.90,6.9000,false,1,10073
7290001247099,false,ספרינג קרטונית מנגו,ספרינג,,ספרינג קרטונית מנגו,ליטרים,1.00,ליטר,false,,6.90,6.9000,false,1,10076
7290001247105,false,ספרינג קרטונית אפרסק,ספרינג,,ספרינג קרטונית אפרסק,ליטרים,1.00,ליטר,false,,6.90,6.9000,false,1,10077
7290001247112,false,ספרינג קרטונית לימונ,ספרינג,,ספרינג קרטונית לימונ,ליטרים,1.00,ליטר,false,,6.90,6.9000,false,1,10078
7290001247129,false,ספרינג קרטונית תפוזי,ספרינג,,ספרינג קרטונית תפוזי,ליטרים,1.00,ליטר,false,,6.90,6.9000,false,1,10079
7290001247143,false,ספרינג קרטונית תפוחי,ספרינג,,ספרינג קרטונית תפוחי,ליטרים,1.00,ליטר,false,,6.90,6.9000,false,1,10080
7290001258019,false,קממברט עיזים בייבי,משק יעקבס,,קממברט עיזים בייבי,קילוגרמים,1.00,"ק""ג",true,,135.00,135.0000,true,1,62448
7290001258040,false,רוקפור משק יעקבס,,,רוקפור משק יעקבס,קילוגרמים,1.00,"ק""ג",true,,114.90,114.9000,true,1,78228
7290001258101,false,גאודה טבעית יעקבס,משק יעקבס,,גאודה טבעית יעקבס,קילוגרמים,1.00,"ק""ג",true,,95.00,95.0000,true,1,9164
7290001258163,false,גבינת סנט מור,משק יעקבס,,גבינת סנט מור,קילוגרמים,1.00,"ק""ג",true,,145.00,145.0000,true,1,9166
7290001258323,false,גאודה כמון קימל.,משק יעקבס,,גאודה כמון קימל.,קילוגרמים,1.00,"ק""ג",true,,94.90,94.9000,true,1,78230
7290001258378,false,גבינת חלומי,,,גבינת חלומי,קילוגרמים,1.00,"ק""ג",true,,89.90,89.9000,true,1,24614
7290001258415,false,גבינת רוקפור 32%,משק יעקבס,,גבינת רוקפור 32%,גרמים,180.00,גרם,false,,26.90,0.1494,true,1,9180
7290001258446,false,יוגורט כבשים 5%,משק יעקבס,,יוגורט כבשים 5%,מיליליטרים,850.00,"100 מ""ל",false,,18.90,0.0222,true,1,9181
7290001258552,false,גבינת לבנה בקר 250 ג,משק יעקבס,,גבינת לבנה בקר 250 ג,גרמים,250.00,100 גרם,false,,11.50,0.0460,true,1,33596
7290001258576,false,גבינת גאודה 28%,משק יעקבס,,גבינת גאודה 28%,גרמים,180.00,גרם,false,,23.90,0.1328,true,1,9183
7290001258620,false,גבינת מנצ'גו,משק יעקבס,,גבינת מנצ'גו,יחידה,0.00,יחידה,false,,22.90,0.0000,true,1,9185
7290001258668,false,גבינת עז מה 5% 250 מ,משק יעקבס,,גבינת עז מה 5% 250 מ,מיליליטרים,250.00,"100 מ""ל",false,,16.90,0.0676,true,1,9186
7290001258682,false,יוגורט עיזים 3% 500,משק יעקבס,,יוגורט עיזים 3% 500,מיליליטרים,500.00,"100 מ""ל",false,,13.90,0.0278,true,1,9187
7290001258729,false,"לבנה עיזים 250 מ""ל",משק יעקבס,,"לבנה עיזים 250 מ""ל",גרמים,250.00,100 גרם,false,,16.90,0.0676,true,1,9188
7290001258736,false,מארז קשקבל יעקבס,משק יעקבס,,מארז קשקבל יעקבס,קילוגרמים,1.00,"ק""ג",true,,114.90,114.9000,true,1,83072
7290001258774,false,גבינת מוצרלה 140 גר',משק יעקבס,,גבינת מוצרלה 140 גר',גרמים,140.00,100 גרם,false,,11.50,0.0821,true,1,20312
7290001258798,false,גבינת פטה כבשים 250,משק יעקבס,,גבינת פטה כבשים 250,גרמים,250.00,100 גרם,false,,29.90,0.1196,true,1,20314
7290001258804,false,גבינת קשקבל 180 גר',משק יעקבס,,גבינת קשקבל 180 גר',גרמים,180.00,100 גרם,false,,26.90,0.1494,true,1,20315
7290001258958,false,מוצרלה מגורדת 200 גר,משק יעקבס,,מוצרלה מגורדת 200 גר,גרמים,200.00,100 גרם,false,,21.90,0.1095,true,1,30509
7290001258972,false,גבינת חלומי 200 גר',משק יעקבס,,גבינת חלומי 200 גר',גרמים,200.00,100 גרם,false,,21.90,0.1095,true,1,30510
7290001258989,false,קממברט בקר בייבי,משק יעקבס,,קממברט בקר בייבי,קילוגרמים,1.00,"ק""ג",true,,110.00,110.0000,true,1,73132
7290001265642,false,לה קט שלישיה,לה -קט,,לה קט שלישיה,קילוגרמים,1.20,"ק""ג",false,,19.90,16.5833,true,1,15756
7290001274934,false,מאגדת גלידל דיאט קרח,גלידות פלדמן,,מאגדת גלידל דיאט קרח,גרמים,640.00,100 גרם,false,,24.90,0.0389,true,1,11471
7290001274941,false,מאגדת גלידל דיאט קרח,גלידות פלדמן,,מאגדת גלידל דיאט קרח,גרמים,640.00,100 גרם,false,,24.90,0.0389,true,1,11472
7290001302279,false,במבה אסם 60 גר',,,במבה אסם 60 גר',גרמים,60.00,100 גרם,false,,4.20,0.0700,false,1,62831
7290001305058,false,פלמוליב סבון נוזלי ל,פלמוליב,,פלמוליב סבון נוזלי ל,מיליליטרים,500.00,"100 מ""ל",false,,14.90,0.0298,false,1,486
7290001305188,false,פלמוליב לכלים שקוף ל,פלמוליב,,פלמוליב לכלים שקוף ל,מיליליטרים,750.00,"100 מ""ל",false,,9.90,0.0132,false,1,6646
7290001327180,false,גלידה קרמיסימו וניל,קרמיסימו- שטראוס,,גלידה קרמיסימו וניל,ליטרים,1.33,ליטר,false,,24.90,18.7218,false,1,7635
7290001327791,false,קרמיסימו וניל עוגיות,קרמיסימו- שטראוס,,קרמיסימו וניל עוגיות,ליטרים,1.33,ליטר,false,,24.90,18.7218,false,1,7639
7290001407134,false,פרוסות חלבה שוקו וני,בארכה,,פרוסות חלבה שוקו וני,גרמים,400.00,100 גרם,false,,14.90,0.0373,true,1,24547
7290001407509,false,טחינה שוואייה שוואיי,בארכה,,טחינה שוואייה שוואיי,גרמים,500.00,100 גרם,false,,16.90,0.0338,true,1,8263
7290001407592,false,בארכה טחינה גולמית פ,,,בארכה טחינה גולמית פ,קילוגרמים,1.00,"ק""ג",false,,29.90,29.9000,true,1,89155
7290001407813,false,חלבה שאמית פיסטוק בא,עבדי,,חלבה שאמית פיסטוק בא,גרמים,350.00,100 גרם,false,,15.90,0.0454,true,1,755
7290001407837,false,חלבה בארכה שאמית קקא,עבדי,,חלבה בארכה שאמית קקא,גרמים,350.00,100 גרם,false,,15.90,0.0454,true,1,757
7290001407844,false,חלבה קלאסית בטעם וני,עבדי,,חלבה קלאסית בטעם וני,גרמים,350.00,100 גרם,false,,14.90,0.0426,true,1,758
7290001419793,false,גביעי גלידה מגולגלים,,,גביעי גלידה מגולגלים,יחידה,0.00,יחידה,false,,11.50,0.0000,true,1,20982
7290001455456,false,פילה נסיכת הנילוס פר,,,פילה נסיכת הנילוס פר,קילוגרמים,1.00,"ק""ג",true,,57.90,57.9000,true,1,68858
7290001468159,false,ריבת חלב נאמן 330 גר,נאמן,,ריבת חלב נאמן 330 גר,גרמים,330.00,100 גרם,false,,11.90,0.0361,true,1,1038
7290001468326,false,מיץ לימון טבעי 0,,,מיץ לימון טבעי 0,יחידה,500.00,יחידה,false,,9.90,0.0198,true,1,8486
7290001468463,false,ספוג טיבעי,,,ספוג טיבעי,יחידה,0.00,יחידה,false,,9.90,0.0000,true,1,70121
7290001468708,false,קורנפלור 500 גר',,,קורנפלור 500 גר',גרמים,500.00,100 גרם,false,,6.50,0.0130,true,1,23040
7290001468753,false,"קמח תפו""א",נאמן,,"קמח תפו""א",גרמים,500.00,100 גרם,false,,6.90,0.0138,true,1,8488
7290001468883,false,ריבה 820 גר',,,ריבה 820 גר',גרמים,820.00,100 גרם,false,,10.90,0.0133,true,1,33850
7290001476208,false,גבינת ברי פקאן גד,מחלבות גד,,גבינת ברי פקאן גד,קילוגרמים,1.00,"ק""ג",true,,131.90,131.9000,true,1,8734
7290001482094,false,פרמזנו וילי פוד 200ג,,,פרמזנו וילי פוד 200ג,גרמים,200.00,100 גרם,false,,22.90,0.1145,true,1,24102
7290001482384,false,חתיכות אננס בסירופ ק,וילי פוד,,חתיכות אננס בסירופ ק,גרמים,227.00,100 גרם,false,,3.60,0.0159,true,1,5387
7290001482506,false,חומץ בלסמי 500,וילי פוד,,חומץ בלסמי 500,יחידה,500.00,יחידה,false,,19.90,0.0398,true,1,3110
7290001485019,false,גבינת שמנת טבעי 5%,טרה,,גבינת שמנת טבעי 5%,גרמים,200.00,100 גרם,false,,11.50,0.0575,true,1,13116
7290001491010,false,תה ירוק יסמין 25 שקי,ויסוצקי,,תה ירוק יסמין 25 שקי,גרמים,37.50,100 גרם,false,,24.90,0.6640,false,1,759
7290001491096,false,תה ירוק לימונית 50 ש,ויסוצקי,,תה ירוק לימונית 50 ש,גרמים,75.00,100 גרם,false,,45.90,0.6120,false,1,760
7290001498897,false,פניני ריח,,,פניני ריח,יחידה,0.00,יחידה,false,,15.00,0.0000,true,1,4911
7290001515310,false,שש כריות קרצוף יפניו,,,שש כריות קרצוף יפניו,יחידה,0.00,יחידה,false,,13.90,0.0000,true,1,4195
7290001515631,false,ספוג קירצוף קשיח,,,ספוג קירצוף קשיח,יחידה,0.00,יחידה,false,,8.90,0.0000,true,1,17448
7290001532225,false,פילה לקרדה,,,פילה לקרדה,קילוגרמים,1.00,"ק""ג",true,,120.00,120.0000,true,1,80261
7290001567555,false,פסטרמה מעודנת עם דבש,יחיעם,,פסטרמה מעודנת עם דבש,גרמים,300.00,100 גרם,false,,22.90,0.0763,true,1,66950
7290001567708,false,נקניקיות וינר 400 גר,יחיעם,,נקניקיות וינר 400 גר,גרמים,400.00,100 גרם,false,,12.90,0.0323,true,1,62836
7290001567760,false,פסטרמה של פעם 300 גר,יחיעם,,פסטרמה של פעם 300 גר,גרמים,300.00,100 גרם,false,,25.90,0.0863,true,1,63935
7290001567791,false,פסטרמה רומנית 250 גר,יחיעם,,פסטרמה רומנית 250 גר,גרמים,250.00,100 גרם,false,,25.90,0.1036,true,1,63977
7290001567807,false,כתף בקר מעושן 250 גר,יחיעם,,כתף בקר מעושן 250 גר,גרמים,250.00,100 גרם,false,,25.90,0.1036,true,1,63978
7290001567814,false,סלמי מעושן בסגנון אי,יחיעם,,סלמי מעושן בסגנון אי,גרמים,300.00,100 גרם,false,,22.90,0.0763,true,1,64058
7290001591680,false,קניידלך למרק מקמח מצ,,,קניידלך למרק מקמח מצ,גרמים,500.00,100 גרם,false,,17.90,0.0358,true,1,119535
7290001591710,false,המבורגר אנגוס,,,המבורגר אנגוס,גרמים,600.00,100 גרם,false,,22.90,0.0382,true,1,118526
7290001594025,false,בק' קולה 350,קוקה קולה,,בק' קולה 350,יחידה,350.00,יחידה,false,,5.90,0.0169,true,1,7240
7290001594155,false,קוקה קולה בקבוק 0.5,קוקה קולה,,קוקה קולה בקבוק 0.5,מיליליטרים,500.00,"100 מ""ל",false,,6.00,0.0120,false,1,7247
7290001594230,false,קינלי סודה 250,קוקה קולה,,קינלי סודה 250,יחידה,250.00,יחידה,false,,3.20,0.0128,false,1,7252
7290001594377,false,פריגת תפוזים 5 0.,פריגת,,פריגת תפוזים 5 0.,יחידה,500.00,יחידה,false,,5.90,0.0118,true,1,7256
7290001594384,false,פריגת אשכוליות 5,פריגת,,פריגת אשכוליות 5,יחידה,500.00,יחידה,false,,5.90,0.0118,true,1,7257
7290001594391,false,פריגת ענבים 5 0.,פריגת,,פריגת ענבים 5 0.,יחידה,500.00,יחידה,false,,5.90,0.0118,true,1,7258
7290001594520,false,טובורג רד 330 בק,טובורג,,טובורג רד 330 בק,יחידה,330.00,יחידה,false,,7.20,0.0218,true,1,13542
7290001594537,false,טובורג גרין בק',טובורג,,טובורג גרין בק',יחידה,330.00,יחידה,false,,8.50,0.0258,true,1,13543
7290001594568,false,קרלסברג בירה פחית 50,קרלסברג,,קרלסברג בירה פחית 50,מיליליטרים,500.00,"100 מ""ל",false,,9.00,0.0180,true,1,13544
7290001594575,false,"טובורג פחית 500 מ""ל",טובורג,,"טובורג פחית 500 מ""ל",מיליליטרים,500.00,"100 מ""ל",false,,8.90,0.0178,true,1,13545
7290001594810,false,מאלטי שישיית בקבוק 3,מאלטי,,מאלטי שישיית בקבוק 3,ליטרים,1.98,ליטר,false,,29.40,14.8485,true,1,7265
7290001594858,false,טובורג שישייה בקבוק,טובורג,,טובורג שישייה בקבוק,ליטרים,1.98,ליטר,false,,34.90,17.6263,false,1,13549
7290001594865,false,קרלסברג שישייה בקבוק,קרלסברג,,קרלסברג שישייה בקבוק,ליטרים,1.98,ליטר,false,,34.90,17.6263,false,1,13550
7290001598085,false,לחם קסטן משפחתי חיטה,,,לחם קסטן משפחתי חיטה,גרמים,1100.00,100 גרם,false,,14.50,0.0132,true,1,64744
7290001598115,false,לחם חיטה מלאה 100%,,,לחם חיטה מלאה 100%,גרמים,700.00,100 גרם,false,,10.90,0.0156,true,1,120065
7290001598122,false,לחם מיוחד שיפון עם ח,,,לחם מיוחד שיפון עם ח,גרמים,700.00,100 גרם,false,,10.90,0.0156,true,1,65828
7290001598191,false,לחם שיפון קל,,,לחם שיפון קל,גרמים,550.00,100 גרם,false,,10.90,0.0198,true,1,64547
7290001598269,false,לחם מחמצת עם דגנים,,,לחם מחמצת עם דגנים,גרמים,550.00,100 גרם,false,,10.90,0.0198,true,1,65805
7290001598276,false,לחם קסטן מחמצת עם דג,,,לחם קסטן מחמצת עם דג,גרמים,1100.00,100 גרם,false,,14.50,0.0132,true,1,85781
7290001598429,false,פרנה מרוקאית 4 יח',,,פרנה מרוקאית 4 יח',גרמים,500.00,100 גרם,false,,9.90,0.0198,true,1,86378
7290001598528,false,"לחם כוסמין ""חמשת""",,,"לחם כוסמין ""חמשת""",גרמים,500.00,100 גרם,false,,15.90,0.0318,true,1,67641
7290001598573,false,לחמניות כוסמין 100%,,,לחמניות כוסמין 100%,גרמים,315.00,100 גרם,false,,13.90,0.0441,true,1,120078
7290001598580,false,פיתות כוסמין חמישייה,,,פיתות כוסמין חמישייה,גרמים,372.00,100 גרם,false,,15.90,0.0427,true,1,120077
7290001670057,false,כפיות חד פעמי- 100 י,הנמל,,כפיות חד פעמי- 100 י,יחידה,0.00,יחידה,false,,11.50,0.0000,true,1,16673
7290001670064,false,סכינים חד פעמי- 100,הנמל,,סכינים חד פעמי- 100,יחידה,0.00,יחידה,false,,10.90,0.0000,true,1,16674
7290001670071,false,כפות חד פעמי 100 יח',הנמל,,כפות חד פעמי 100 יח',יחידה,0.00,יחידה,false,,10.90,0.0000,true,1,16675
7290001670224,false,מלית פרג 400 גר,פוליבה,,מלית פרג 400 גר,גרמים,400.00,100 גרם,false,,11.50,0.0288,true,1,10970
7290001670385,false,מפיות לאירוח 100,הנמל,,מפיות לאירוח 100,יחידה,0.00,יחידה,false,,4.50,0.0000,true,1,89410
7290001670408,false,נר חימום בשקית 0,,,נר חימום בשקית 0,יחידה,0.00,יחידה,false,,10.90,0.0000,true,1,60271
7290001670507,false,ממרח תמרים,פוליבה,,ממרח תמרים,גרמים,450.00,100 גרם,false,,4.90,0.0109,false,1,10972
7290001670668,false,קרחונית- 12 יח',הנמל,,קרחונית- 12 יח',יחידה,0.00,יחידה,false,,3.90,0.0000,true,1,16679
7290001670736,false,כפפות ניילון,הנמל,,כפפות ניילון,יחידה,0.00,יחידה,false,,5.20,0.0000,true,1,16680
7290001670873,false,"צלחות 1 ק""ג",הנמל,,"צלחות 1 ק""ג",יחידה,0.00,יחידה,false,,35.90,0.0000,false,1,3619
7290001696019,false,צימוק לבן 200 גרם,,,צימוק לבן 200 גרם,גרמים,200.00,100 גרם,false,,10.90,0.0545,true,1,17501
7290001710111,false,נקניקיות מרגז 500 גר,מעדני הטלה,,נקניקיות מרגז 500 גר,גרמים,500.00,100 גרם,false,,22.90,0.0458,true,1,25355
7290001710128,false,נקניקיות צ'וריסוס 50,מעדני הטלה,,נקניקיות צ'וריסוס 50,גרמים,500.00,100 גרם,false,,22.90,0.0458,true,1,25356
7290001710159,false,גולש עגל קפוא ארוז מ,מעדני הטלה,,גולש עגל קפוא ארוז מ,קילוגרמים,1.00,"ק""ג",true,,42.90,42.9000,true,1,428
7290001710579,false,שיפודי פרגיות מעדני,,,שיפודי פרגיות מעדני,קילוגרמים,1.00,"ק""ג",true,,75.90,75.9000,true,1,119912
7290001713150,false,אקונומיקה קצף ניקוי,,,אקונומיקה קצף ניקוי,ליטרים,1.00,ליטר,false,,9.90,9.9000,true,1,78411
7290001713341,false,תכשיר מרוכז לניקוי ש,,,תכשיר מרוכז לניקוי ש,ליטרים,2.00,ליטר,false,,13.90,6.9500,true,1,60245
7290001713884,false,מטליות לריצפה מיקרופ,,,מטליות לריצפה מיקרופ,יחידה,0.00,יחידה,false,,13.90,0.0000,true,1,84693
7290001713891,false,מטליות מיקרופייבר חמ,,,מטליות מיקרופייבר חמ,יחידה,0.00,יחידה,false,,7.90,0.0000,true,1,76870
7290001726037,false,קוראסון ביס נוגט,,,קוראסון ביס נוגט,קילוגרמים,1.00,"ק""ג",true,,42.00,42.0000,true,1,62932
7290001780428,false,מאגדת שלגונים לייט ש,נסטלה גלידות,,מאגדת שלגונים לייט ש,גרמים,312.00,100 גרם,false,,26.90,0.0862,true,1,8947
7290001791349,false,אקונומיקה ריחנית פסג,,,אקונומיקה ריחנית פסג,ליטרים,4.00,ליטר,false,,12.90,3.2250,false,1,20377
7290001791363,false,סנו פרש אוטומטיק ברי,סנו fresh,,סנו פרש אוטומטיק ברי,גרמים,165.00,100 גרם,false,,14.90,0.0903,true,1,16222
7290001791776,false,סנו די רול און אלוור,סנו,,סנו די רול און אלוור,יחידה,50.00,יחידה,false,,19.90,0.3980,true,1,16230
7290001805008,false,פיתות גילי  (אחלה) ק,,,פיתות גילי  (אחלה) ק,גרמים,500.00,100 גרם,false,,10.00,0.0200,true,1,14235
7290001805039,false,פיתות גילי (אחלה) חי,,,פיתות גילי (אחלה) חי,גרמים,400.00,100 גרם,false,,10.90,0.0273,true,1,14234
7290001813454,false,עוגיות חיוכים 00,עלית,,עוגיות חיוכים 00,גרמים,900.00,100 גרם,false,,22.90,0.0254,true,1,12282
7290001813478,false,עוגיות חיוכים ונ,עלית,,עוגיות חיוכים ונ,גרמים,900.00,100 גרם,false,,22.90,0.0254,true,1,12283
7290001865439,false,פמלי אל סבון ליטר ונ,פמלי,,פמלי אל סבון ליטר ונ,ליטרים,1.00,ליטר,false,,11.90,11.9000,false,1,15975
7290001865453,false,פמלי אל סבון ליטר לב,פמלי,,פמלי אל סבון ליטר לב,ליטרים,1.00,ליטר,false,,11.90,11.9000,false,1,15976
7290001917527,false,פדיות קוסמטיות **1X3,,,פדיות קוסמטיות **1X3,יחידה,0.00,יחידה,false,,19.90,0.0000,true,1,15982
7290001946015,false,אריסה של ביטון,,,אריסה של ביטון,גרמים,250.00,100 גרם,false,,11.90,0.0476,true,1,14767
7290001946046,false,עמבה ביטון,,,עמבה ביטון,גרמים,400.00,100 גרם,false,,11.90,0.0298,true,1,2567
7290001946077,false,אריסה חריפה,,,אריסה חריפה,יחידה,250.00,יחידה,false,,11.90,0.0476,true,1,14768
7290001946237,false,פלפל צ'ומה ביטון,,,פלפל צ'ומה ביטון,יחידה,0.00,יחידה,false,,11.90,0.0000,true,1,14770
7290001946299,false,סחוג ירוק תבליני ביט,,,סחוג ירוק תבליני ביט,יחידה,250.00,יחידה,false,,11.90,0.0476,true,1,2568
7290001946503,false,שום כתוש ביטון,,,שום כתוש ביטון,יחידה,0.00,יחידה,false,,11.90,0.0000,true,1,14758
7290001946725,false,לימון בלאדי ביטון,,,לימון בלאדי ביטון,יחידה,250.00,יחידה,false,,11.90,0.0476,true,1,14771
7290001973233,false,קמיל בלו מגבונים,קמיל בלו,,קמיל בלו מגבונים,יחידה,0.00,יחידה,false,,10.00,0.0000,true,1,13315
7290001990148,false,סוכר גולדן קלאסי,סוגת,,סוכר גולדן קלאסי,יחידה,1.00,יחידה,false,,11.90,11.9000,true,1,1413
7290001990261,false,חומוס 1 קג סוגת,סוגת,,חומוס 1 קג סוגת,יחידה,1.00,יחידה,false,,13.90,13.9000,true,1,1414
7290001990278,false,שעועית לבנה 1 קג,סוגת,,שעועית לבנה 1 קג,יחידה,1.00,יחידה,false,,19.90,19.9000,false,1,1415
7290001990377,false,שעועית בובס 500,סוגת,,שעועית בובס 500,גרמים,500.00,100 גרם,false,,10.90,0.0218,true,1,1416
7290001990391,false,אפונה יבשה 1 קג,,,אפונה יבשה 1 קג,יחידה,1.00,יחידה,false,,12.90,12.9000,true,1,31037
7290001990407,false,עדשים ירוקים 1 ק,,,עדשים ירוקים 1 ק,קילוגרמים,1.00,"ק""ג",false,,13.90,13.9000,true,1,23217
7290001990414,false,עדשים אדומים 1 ק,,,עדשים אדומים 1 ק,קילוגרמים,1.00,"ק""ג",false,,13.90,13.9000,true,1,23218
7290002000136,false,מגע המשי הדבש ש.למיק,,,מגע המשי הדבש ש.למיק,גרמים,500.00,100 גרם,false,,20.90,0.0418,true,1,3433
7290002000266,false,מגע המשי התפוח ש.למי,,,מגע המשי התפוח ש.למי,גרמים,500.00,100 גרם,false,,20.90,0.0418,true,1,15984
7290002001782,false,חדש-פנג'ל פלוס קרם כ,,,חדש-פנג'ל פלוס קרם כ,גרמים,100.00,100 גרם,false,,16.90,0.1690,true,1,15986
7290002003168,false,מארז שלישית פנג'ל קל,,,מארז שלישית פנג'ל קל,מיליליטרים,300.00,"100 מ""ל",false,,21.90,0.0730,true,1,15991
7290002007029,false,קוקוס 100,הנמל,,קוקוס 100,גרמים,100.00,100 גרם,false,,3.40,0.0340,false,1,10978
7290002007036,false,כוסמת 500,הנמל,,כוסמת 500,גרמים,500.00,100 גרם,false,,7.90,0.0158,true,1,10979
7290002007180,false,קמח תירס 500,הנמל,,קמח תירס 500,גרמים,500.00,100 גרם,false,,4.60,0.0092,true,1,10985
7290002007234,false,אבקת סוכר,הנמל,,אבקת סוכר,גרמים,100.00,100 גרם,false,,1.90,0.0190,true,1,10987
7290002007302,false,סוכריות מזרה צבע,הנמל,,סוכריות מזרה צבע,גרמים,100.00,100 גרם,false,,5.50,0.0550,true,1,10989
7290002007357,false,שקיות לצליה- 10 יח',הנמל,,שקיות לצליה- 10 יח',יחידה,0.00,יחידה,false,,5.70,0.0000,true,1,16681
7290002007371,false,פרורי לחם 500,הנמל,,פרורי לחם 500,גרמים,500.00,100 גרם,false,,5.50,0.0110,true,1,10990
7290002007395,false,דובדבן ע.ציון,,,דובדבן ע.ציון,גרמים,100.00,100 גרם,false,,7.40,0.0740,true,1,10991
7290002007401,false,פירות מסוכרים 100 גר,הנמל,,פירות מסוכרים 100 גר,גרמים,100.00,100 גרם,false,,5.20,0.0520,true,1,10992
7290002007487,false,צמר פלדה 100 גר',הנמל,,צמר פלדה 100 גר',גרמים,100.00,גרם,false,,3.90,0.0390,true,1,18803
7290002007500,false,קסמים חבית 500,הנמל,,קסמים חבית 500,יחידה,0.00,יחידה,false,,3.80,0.0000,true,1,16684
7290002007746,false,צבע מאכל כחול,הנמל,,צבע מאכל כחול,יחידה,55.00,יחידה,false,,3.00,0.0545,true,1,10994
7290002007821,false,צבע מאכל אדום,הנמל,,צבע מאכל אדום,מיליליטרים,55.00,"100 מ""ל",false,,3.00,0.0545,true,1,10995
7290002007852,false,תמצית וניל,הנמל,,תמצית וניל,יחידה,55.00,יחידה,false,,3.20,0.0582,true,1,10996
7290002007890,false,כוסות 100 יח',הנמל,,כוסות 100 יח',יחידה,0.00,יחידה,false,,8.90,0.0000,false,1,16687
7290002007975,false,צלחות קטנות- 50 יח',הנמל,,צלחות קטנות- 50 יח',יחידה,0.00,יחידה,false,,9.90,0.0000,true,1,16688
7290002007982,false,מזלגות 100 יח',הנמל,,מזלגות 100 יח',יחידה,0.00,יחידה,false,,10.90,0.0000,true,1,16689
7290002007999,false,צלחות גדול חד פעמי-,הנמל,,צלחות גדול חד פעמי-,יחידה,0.00,יחידה,false,,14.90,0.0000,true,1,16690
7290002008040,false,שיפודים-100 יח',הנמל,,שיפודים-100 יח',יחידה,0.00,יחידה,false,,2.80,0.0000,true,1,16691
7290002008057,false,תמצית רום,הנמל,,תמצית רום,יחידה,55.00,יחידה,false,,3.20,0.0582,true,1,10997
7290002008071,false,עטרות חום מס' 2- 130,הנמל,,עטרות חום מס' 2- 130,יחידה,0.00,יחידה,false,,4.40,0.0000,true,1,16692
7290002008088,false,צבע מאכל צהוב,הנמל,,צבע מאכל צהוב,יחידה,55.00,יחידה,false,,3.00,0.0545,true,1,10998
7290002008118,false,צמרונים עץ,הנמל,,צמרונים עץ,יחידה,0.00,יחידה,false,,1.60,0.0000,true,1,16693
7290002008149,false,מדליק פחם-40 יח',הנמל,,מדליק פחם-40 יח',יחידה,0.00,יחידה,false,,6.50,0.0000,true,1,16694
7290002008156,false,עטרות חום מס' 5- 130,הנמל,,עטרות חום מס' 5- 130,יחידה,0.00,יחידה,false,,5.60,0.0000,true,1,16695
7290002008170,false,עטרות חום מס' 3- 130,הנמל,,עטרות חום מס' 3- 130,יחידה,0.00,יחידה,false,,4.80,0.0000,true,1,16697
7290002008224,false,מזרה עגול צנצ',הנמל,,מזרה עגול צנצ',גרמים,60.00,100 גרם,false,,5.50,0.0917,true,1,11000
7290002008309,false,עטרות חום מס' 4- 130,הנמל,,עטרות חום מס' 4- 130,יחידה,0.00,יחידה,false,,5.00,0.0000,true,1,16702
7290002008354,false,מפות שולחן בגליל- 8,הנמל,,מפות שולחן בגליל- 8,גרמים,400.00,100 גרם,false,,9.90,0.0248,true,1,16703
7290002008460,false,עטרות חום מס' 1.5- 1,הנמל,,עטרות חום מס' 1.5- 1,יחידה,0.00,יחידה,false,,4.00,0.0000,true,1,16707
7290002008507,false,נייר אפיה- 50 יח',הנמל,,נייר אפיה- 50 יח',יחידה,0.00,יחידה,false,,8.90,0.0000,true,1,16709
7290002008576,false,מפיון קופסא 100יח הנ,,,מפיון קופסא 100יח הנ,יחידה,0.00,יחידה,false,,3.70,0.0000,true,1,22145
7290002008620,false,צבע מאכל ירוק,הנמל,,צבע מאכל ירוק,יחידה,55.00,יחידה,false,,3.00,0.0545,true,1,11004
7290002008651,false,"קמח תפו""א 500גר",הנמל,,"קמח תפו""א 500גר",גרמים,500.00,100 גרם,false,,5.90,0.0118,true,1,11005
7290002008668,false,צמרונים 200 יח',הנמל,,צמרונים 200 יח',יחידה,0.00,יחידה,false,,3.90,0.0000,true,1,16712
7290002008743,false,סוכר וניל,הנמל,,סוכר וניל,גרמים,100.00,100 גרם,false,,2.40,0.0240,true,1,19949
7290002008750,false,אבקת אפיה הנמל,הנמל,,אבקת אפיה הנמל,גרמים,100.00,100 גרם,false,,2.40,0.0240,true,1,11006
7290002008774,false,שומשום 200,הנמל,,שומשום 200,גרמים,200.00,100 גרם,false,,5.50,0.0275,true,1,11007
7290002008989,false,קישקשים 225יח,הנמל,,קישקשים 225יח,יחידה,0.00,יחידה,false,,9.50,0.0000,true,1,16714
7290002013006,false,פסטרמה מקסיקנית זוגל,זוגלובק,,פסטרמה מקסיקנית זוגל,קילוגרמים,1.00,"ק""ג",true,,79.90,79.9000,false,1,1944
7290002013037,false,פסטרמה פרגיות על לבנ,זוגלובק,,פסטרמה פרגיות על לבנ,קילוגרמים,1.00,"ק""ג",true,,79.90,79.9000,false,1,1945
7290002013174,false,פסטרמה של פעם זוגלוב,זוגלובק,,פסטרמה של פעם זוגלוב,קילוגרמים,1.00,"ק""ג",true,,79.90,79.9000,false,1,1946
7290002019114,false,פרי ניר רוטב עגבניות,פריניר,,פרי ניר רוטב עגבניות,גרמים,580.00,100 גרם,false,,6.50,0.0112,true,1,1709
7290002019787,false,רוטב עגבניות פרי ניר,פריניר,,רוטב עגבניות פרי ניר,גרמים,260.00,100 גרם,false,,3.50,0.0135,false,1,1710
7290002019794,false,רוטב עגבניות 100 גר,פריניר,,רוטב עגבניות 100 גר,גרמים,100.00,100 גרם,false,,1.70,0.0170,false,1,1711
7290002026440,false,פרצל חם מהמקפיא,,,פרצל חם מהמקפיא,גרמים,280.00,100 גרם,false,,14.90,0.0532,true,1,26901
7290002026587,false,וופל בלגי,,,וופל בלגי,גרמים,280.00,100 גרם,false,,14.90,0.0532,true,1,83309
7290002026983,false,גלידת שוקולד בצק עוג,,,גלידת שוקולד בצק עוג,גרמים,500.00,100 גרם,false,,18.90,0.0378,false,1,78050
7290002027393,false,חטיף תמרים עם שברי ק,,,חטיף תמרים עם שברי ק,גרמים,120.00,100 גרם,false,,12.90,0.1075,true,1,89918
7290002027843,false,שקית חטיפי תמרים עם,,,שקית חטיפי תמרים עם,גרמים,150.00,100 גרם,false,,12.90,0.0860,true,1,73046
7290002037309,false,לחמניות המבורגר,,,לחמניות המבורגר,גרמים,400.00,100 גרם,false,,14.50,0.0363,true,1,14202
7290002037637,false,לחמניות חליות וד,ודש,,לחמניות חליות וד,גרמים,400.00,100 גרם,false,,13.50,0.0338,true,1,14128
7290002040019,false,קוסקוס רגיל 350 גר ה,הנמל,,קוסקוס רגיל 350 גר ה,גרמים,350.00,100 גרם,false,,5.50,0.0157,false,1,3620
7290002040064,false,קוסקוס דק,הנמל,,קוסקוס דק,גרמים,350.00,100 גרם,false,,5.50,0.0157,false,1,3621
7290002040071,false,קוסקוס עבה,הנמל,,קוסקוס עבה,גרמים,350.00,100 גרם,false,,5.50,0.0157,false,1,3622
7290002040088,false,קוסקוס מלא 350 גר',הנמל,,קוסקוס מלא 350 גר',גרמים,350.00,100 גרם,false,,6.00,0.0171,true,1,11009
7290002040095,false,מארז שלישיה קוסקוס,הנמל,,מארז שלישיה קוסקוס,יחידה,1.05,יחידה,false,,13.50,12.8571,true,1,46470
7290002041368,false,דאוד' מיד נייט,,,דאוד' מיד נייט,מיליליטרים,150.00,"100 מ""ל",false,,18.90,0.1260,true,1,13937
7290002041801,false,קרם גוף חלאבין,,,קרם גוף חלאבין,מיליליטרים,300.00,"100 מ""ל",false,,39.90,0.1330,true,1,13938
7290002041818,false,רול און מיד נייט,,,רול און מיד נייט,מיליליטרים,50.00,"100 מ""ל",false,,16.90,0.3380,true,1,13939
7290002050025,false,פירורי לחם זהוב 1 קג,,,פירורי לחם זהוב 1 קג,קילוגרמים,1.00,"ק""ג",false,,10.90,10.9000,true,1,59051
7290002050032,false,תערובת אגוזים ופיצוח,זארובי,,תערובת אגוזים ופיצוח,גרמים,630.00,100 גרם,false,,57.90,0.0919,true,1,60081
7290002050803,false,מארז סוכריות גומי 60,זארובי,,מארז סוכריות גומי 60,גרמים,600.00,100 גרם,false,,21.90,0.0365,true,1,87195
7290002050940,false,ג'עלה פרימיום זארובי,זארובי,,ג'עלה פרימיום זארובי,גרמים,500.00,100 גרם,false,,29.90,0.0598,true,1,121780
7290002050988,false,גרנולה פרימיום זארוב,זארובי,,גרנולה פרימיום זארוב,גרמים,450.00,100 גרם,false,,17.90,0.0398,true,1,121783
7290002057017,false,זית נובו מבוקע 340 ג,קבוצת יבנה,,זית נובו מבוקע 340 ג,גרמים,340.00,100 גרם,false,,9.90,0.0291,true,1,9899
7290002057031,false,זיתים מבוקעים 340 גר,קבוצת יבנה,,זיתים מבוקעים 340 גר,גרמים,340.00,100 גרם,false,,8.50,0.0250,true,1,9900
7290002057048,false,זית סורי מבוקע 340 ג,קבוצת יבנה,,זית סורי מבוקע 340 ג,גרמים,340.00,100 גרם,false,,9.90,0.0291,true,1,2712
7290002057055,false,זית סורי שלם 340 גרם,קבוצת יבנה,,זית סורי שלם 340 גרם,גרמים,340.00,100 גרם,false,,9.90,0.0291,true,1,2713
7290002057062,false,זיתים מנזלינו בינוני,קבוצת יבנה,,זיתים מנזלינו בינוני,גרמים,540.00,100 גרם,false,,6.90,0.0128,true,1,22848
7290002057093,false,זיתים ירוקים מנזנילו,קבוצת יבנה,,זיתים ירוקים מנזנילו,גרמים,340.00,100 גרם,false,,8.40,0.0247,true,1,9903
7290002057109,false,זיתים מנזנילו גדולים,קבוצת יבנה,,זיתים מנזנילו גדולים,גרמים,340.00,100 גרם,false,,8.90,0.0262,true,1,9904
7290002057123,false,זיתים ירוקים נטולי ג,קבוצת יבנה,,זיתים ירוקים נטולי ג,גרמים,275.00,100 גרם,false,,8.20,0.0298,true,1,9905
7290002057147,false,זיתים מושחרים גדולים,קבוצת יבנה,,זיתים מושחרים גדולים,גרמים,340.00,100 גרם,false,,9.40,0.0276,true,1,9907
7290002057161,false,זית מרינד חתוך בחומץ,קבוצת יבנה,,זית מרינד חתוך בחומץ,גרמים,275.00,100 גרם,false,,9.40,0.0342,true,1,9909
7290002057178,false,זית שחור טבעי יבנה,קבוצת יבנה,,זית שחור טבעי יבנה,גרמים,340.00,100 גרם,false,,9.40,0.0276,true,1,2714
7290002057185,false,טבעות זיתים ירוקים 2,קבוצת יבנה,,טבעות זיתים ירוקים 2,גרמים,275.00,100 גרם,false,,8.20,0.0298,true,1,9910
7290002057369,false,מלפפונים במלח 12-10,קבוצת יבנה,,מלפפונים במלח 12-10,גרמים,320.00,100 גרם,false,,7.20,0.0225,true,1,2717
7290002057376,false,מלפפון במלח 13-17 32,קבוצת יבנה,,מלפפון במלח 13-17 32,גרמים,320.00,100 גרם,false,,8.20,0.0256,false,1,2718
7290002057383,false,מלפפון במלח 18-25 32,קבוצת יבנה,,מלפפון במלח 18-25 32,גרמים,320.00,100 גרם,false,,8.90,0.0278,true,1,9914
7290002057451,false,מלפפון בחומץ 7-9 290,קבוצת יבנה,,מלפפון בחומץ 7-9 290,גרמים,290.00,100 גרם,false,,6.20,0.0214,true,1,2719
7290002057468,false,מלפפון בחומץ 10-12 2,קבוצת יבנה,,מלפפון בחומץ 10-12 2,גרמים,290.00,100 גרם,false,,7.20,0.0248,true,1,2720
7290002057475,false,מלפפון בחומץ 13-17 2,קבוצת יבנה,,מלפפון בחומץ 13-17 2,גרמים,290.00,100 גרם,false,,8.20,0.0283,true,1,2721
7290002057482,false,מלפפון בחומץ 18-25 2,קבוצת יבנה,,מלפפון בחומץ 18-25 2,גרמים,290.00,100 גרם,false,,8.90,0.0307,true,1,9918
7290002057628,false,זיתים טבעות מושחרים,קבוצת יבנה,,זיתים טבעות מושחרים,גרמים,275.00,100 גרם,false,,9.40,0.0342,true,1,9921
7290002057703,false,חצילים במלח 320 גרם,קבוצת יבנה,,חצילים במלח 320 גרם,גרמים,320.00,100 גרם,false,,6.50,0.0203,true,1,2722
7290002057734,false,זיתים מושחרים נטולי,קבוצת יבנה,,זיתים מושחרים נטולי,גרמים,275.00,100 גרם,false,,9.40,0.0342,true,1,2723
7290002065555,false,שש לחמניות אנג'ל,אנג'ל,,שש לחמניות אנג'ל,גרמים,450.00,100 גרם,false,,10.90,0.0242,true,1,600
7290002065616,false,לחם שיפון גרעינים,אנג'ל,,לחם שיפון גרעינים,גרמים,750.00,100 גרם,false,,13.90,0.0185,true,1,13780
7290002075035,false,אובלטים 500 גר,,,אובלטים 500 גר,גרמים,500.00,100 גרם,false,,15.90,0.0318,true,1,13400
7290002079033,false,לחם דגנים לייט דוידו,מאפיית דוידוביץ ובני,,לחם דגנים לייט דוידו,גרמים,500.00,100 גרם,false,,13.50,0.0270,true,1,2505
7290002079316,false,חלה פרוסה,מאפיית דוידוביץ ובני,,חלה פרוסה,גרמים,500.00,100 גרם,false,,11.90,0.0238,true,1,14633
7290002079361,false,לחמניות המבורגר,מאפיית דוידוביץ ובני,,לחמניות המבורגר,גרמים,400.00,100 גרם,false,,13.90,0.0348,true,1,14635
7290002079477,false,לחם אחיד פרוס דוידוב,מאפיית דוידוביץ ובני,,לחם אחיד פרוס דוידוב,גרמים,750.00,100 גרם,false,,6.90,0.0092,false,1,2506
7290002079613,false,חלה מתוקה דוידוביץ',מאפיית דוידוביץ ובני,,חלה מתוקה דוידוביץ',גרמים,500.00,100 גרם,false,,10.90,0.0218,true,1,14637
7290002079927,false,לחם דגנים מלא דוידוב,מאפיית דוידוביץ ובני,,לחם דגנים מלא דוידוב,גרמים,750.00,100 גרם,false,,12.90,0.0172,true,1,2509
7290002079996,false,לחם אחיד קל פרוס,מאפיית דוידוביץ ובני,,לחם אחיד קל פרוס,גרמים,750.00,100 גרם,false,,11.90,0.0159,true,1,2510
7290002096009,false,דובשניות חפץ 450 גר,,,דובשניות חפץ 450 גר,גרמים,450.00,100 גרם,false,,10.90,0.0242,true,1,13080
7290002107071,false,פטה עיזים מעודנת,משק צוריאל,,פטה עיזים מעודנת,גרמים,200.00,100 גרם,false,,24.90,0.1245,true,1,7194
7290002107385,false,דליקטס עז 20% 180 גר,משק צוריאל,,דליקטס עז 20% 180 גר,גרמים,180.00,100 גרם,false,,23.90,0.1328,true,1,13119
7290002107491,false,גבינת עיזים 5%,משק צוריאל,,גבינת עיזים 5%,גרמים,250.00,100 גרם,false,,14.90,0.0596,false,1,7196
7290002107798,false,בולגרית מעודנת 5% מש,משק צוריאל,,בולגרית מעודנת 5% מש,גרמים,250.00,100 גרם,false,,22.50,0.0900,true,1,5000
7290002107965,false,טבורוג 5% 500 גר,משק צוריאל,,טבורוג 5% 500 גר,גרמים,500.00,100 גרם,false,,25.90,0.0518,true,1,5001
7290002111450,false,גבינת גאודה,,,גבינת גאודה,קילוגרמים,1.00,"ק""ג",true,,95.00,95.0000,true,1,71184
7290002129462,false,מארז פיצה איטלקית דק,,,מארז פיצה איטלקית דק,גרמים,640.00,100 גרם,false,,21.90,0.0342,true,1,67957
7290002130567,false,דבש יד מרדכי 350 גרם,יד מרדכי,,דבש יד מרדכי 350 גרם,גרמים,350.00,100 גרם,false,,16.90,0.0483,false,1,4531
7290002132011,false,מזרחיות עגול,,,מזרחיות עגול,גרמים,400.00,100 גרם,false,,17.90,0.0447,false,1,762
7290002133032,false,פתיתי קשקבל 22% גבינ,מחלבת השומרון,,פתיתי קשקבל 22% גבינ,גרמים,300.00,100 גרם,false,,29.90,0.0997,true,1,6981
7290002133094,false,ברינזה צאן,מחלבת השומרון,,ברינזה צאן,קילוגרמים,1.00,"ק""ג",true,,79.90,79.9000,false,1,8792
7290002133117,false,בולגרית 5% מעודנת במ,מחלבת השומרון,,בולגרית 5% מעודנת במ,קילוגרמים,1.00,"ק""ג",true,,54.90,54.9000,false,1,8793
7290002133148,false,צפתית שומרון טבעית/,מחלבת השומרון,,צפתית שומרון טבעית/,קילוגרמים,1.00,"ק""ג",true,,55.90,55.9000,false,1,1846
7290002133162,false,בולגרית גביע 5%,מחלבת השומרון,,בולגרית גביע 5%,גרמים,250.00,100 גרם,false,,19.90,0.0796,true,1,6982
7290002133193,false,בולגרית שומרון מעדני,מחלבת השומרון,,בולגרית שומרון מעדני,קילוגרמים,1.00,"ק""ג",true,,55.90,55.9000,false,1,8795
7290002133247,false,לבנה זעתר 5% - 250 ג,מחלבת השומרון,,לבנה זעתר 5% - 250 ג,גרמים,250.00,100 גרם,false,,13.50,0.0540,true,1,1848
7290002133520,false,יוגורט של פעם 3%,מחלבת השומרון,,יוגורט של פעם 3%,גרמים,400.00,100 גרם,false,,9.90,0.0248,true,1,8798
7290002133643,false,פטה גביע 22%,מחלבת השומרון,,פטה גביע 22%,גרמים,200.00,100 גרם,false,,23.00,0.1150,true,1,6985
7290002133858,false,בולגרית צאן  18%,מחלבת השומרון,,בולגרית צאן  18%,גרמים,250.00,100 גרם,false,,22.90,0.0916,true,1,8803
7290002133889,false,בולגרית מעודנת 5%,מחלבת השומרון,,בולגרית מעודנת 5%,גרמים,250.00,100 גרם,false,,19.90,0.0796,true,1,1851
7290002150107,false,קובה בורגול במילוי ב,חמים וטעים,,קובה בורגול במילוי ב,קילוגרמים,1.00,"ק""ג",false,,36.90,36.9000,true,1,9875
7290002150305,false,סיגרים מרוקאים במילו,חמים וטעים,,סיגרים מרוקאים במילו,קילוגרמים,1.00,"ק""ג",false,,36.90,36.9000,true,1,9885
7290002150336,false,פלאפל אמיתי 800 גר',חמים וטעים,,פלאפל אמיתי 800 גר',גרמים,800.00,100 גרם,false,,24.90,0.0311,true,1,9886
7290002150404,false,סיגרים מרוקאים במילו,חמים וטעים,,סיגרים מרוקאים במילו,קילוגרמים,1.00,"ק""ג",false,,32.90,32.9000,true,1,9887
7290002150503,false,אגרול סיני במילוי יר,חמים וטעים,,אגרול סיני במילוי יר,קילוגרמים,1.00,"ק""ג",false,,34.90,34.9000,true,1,9888
7290002150671,false,קרפלך במילוי בשר,,,קרפלך במילוי בשר,קילוגרמים,1.00,"ק""ג",false,,36.90,36.9000,true,1,9892
7290002150688,false,"קרפלך במילוי תפו""א",,,"קרפלך במילוי תפו""א",קילוגרמים,1.00,"ק""ג",false,,31.90,31.9000,true,1,9893
7290002150695,false,קובה למרק במילוי בשר,חמים וטעים,,קובה למרק במילוי בשר,קילוגרמים,1.00,"ק""ג",false,,49.90,49.9000,true,1,9894
7290002157953,false,טונה קנולה 4*140 גר,,,טונה קנולה 4*140 גר,גרמים,560.00,100 גרם,false,,18.90,0.0337,false,1,65428
7290002157960,false,טונה במים 4*140 גר ו,,,טונה במים 4*140 גר ו,גרמים,560.00,100 גרם,false,,18.90,0.0337,false,1,65429
7290002195078,false,קבב כבש בלדי,בלדי,,קבב כבש בלדי,גרמים,400.00,100 גרם,false,,11.90,0.0298,false,1,5207
7290002195085,false,קבב מזרחי בלדי 400 ג,בלדי,,קבב מזרחי בלדי 400 ג,גרמים,400.00,100 גרם,false,,11.90,0.0298,false,1,5208
7290002195092,false,קבב רומני בלדי,בלדי,,קבב רומני בלדי,יחידה,0.00,יחידה,false,,11.90,0.0000,false,1,5209
7290002196105,false,דבש טהור משק לין 500,,,דבש טהור משק לין 500,גרמים,500.00,100 גרם,false,,29.00,0.0580,true,1,7435
7290002196129,false,דבש טהור 1 קג,,,דבש טהור 1 קג,יחידה,1.00,יחידה,false,,49.90,49.9000,true,1,7436
7290002196372,false,רוטב סילאן גריל משק,,,רוטב סילאן גריל משק,גרמים,390.00,100 גרם,false,,21.90,0.0562,true,1,33559
7290002196822,false,רוטב דבש שום לימון,,,רוטב דבש שום לימון,יחידה,320.00,יחידה,false,,21.90,0.0684,true,1,10365
7290002198048,false,פסטרמה הודו בתיבול ש,זוגלובק,,פסטרמה הודו בתיבול ש,קילוגרמים,1.00,"ק""ג",true,,79.90,79.9000,false,1,87790
7290002198062,false,פסטרמה הודו אקסטרה מ,זוגלובק,,פסטרמה הודו אקסטרה מ,קילוגרמים,1.00,"ק""ג",true,,79.90,79.9000,false,1,118665
7290002198109,false,צלעות אסאדו מעושנת מ,זוגלובק,,צלעות אסאדו מעושנת מ,קילוגרמים,1.00,"ק""ג",true,,134.90,134.9000,false,1,119233
7290002198116,false,פסטרמה ברזילאית זוגל,זוגלובק,,פסטרמה ברזילאית זוגל,קילוגרמים,1.00,"ק""ג",true,,109.90,109.9000,false,1,121145
7290002211044,false,סולת 1 קג,,,סולת 1 קג,קילוגרמים,1.00,"ק""ג",false,,6.50,6.5000,false,1,5352
7290002211112,false,"קמח 1 ק""ג",,,"קמח 1 ק""ג",קילוגרמים,1.00,"ק""ג",false,,4.40,4.4000,false,1,33120
7290002232964,false,פרורי לחם ללא גלוטן,,,פרורי לחם ללא גלוטן,גרמים,600.00,100 גרם,false,,26.90,0.0448,true,1,74204
7290002232995,false,פירורי לחם ללא גלוטן,,,פירורי לחם ללא גלוטן,גרמים,600.00,100 גרם,false,,26.90,0.0448,true,1,74205
7290002239185,false,אפונה 800 פרי גל,פרי הגליל,,אפונה 800 פרי גל,גרמים,800.00,100 גרם,false,,9.90,0.0124,false,1,12941
7290002239215,false,אפונה וגזר 800,פרי הגליל,,אפונה וגזר 800,גרמים,800.00,100 גרם,false,,9.90,0.0124,true,1,12942
7290002239277,false,גזר גמדי פרי גלי,פרי הגליל,,גזר גמדי פרי גלי,גרמים,800.00,100 גרם,false,,9.90,0.0124,true,1,12943
7290002239307,false,שעועית צהובה,פרי הגליל,,שעועית צהובה,גרמים,800.00,100 גרם,false,,9.90,0.0124,true,1,12944
7290002239369,false,שעועית שלמה 800,פרי הגליל,,שעועית שלמה 800,גרמים,800.00,100 גרם,false,,9.90,0.0124,true,1,12946
7290002239420,false,תירס גרעינים 800,פרי הגליל,,תירס גרעינים 800,גרמים,800.00,100 גרם,false,,9.90,0.0124,true,1,12947
7290002253006,false,שום כתוש טרי 200גר ד,דורות,,שום כתוש טרי 200גר ד,גרמים,200.00,100 גרם,false,,19.90,0.0995,true,1,6084
7290002253013,false,דורות ראשום 400 גר',,,דורות ראשום 400 גר',גרמים,400.00,100 גרם,false,,26.90,0.0672,true,1,80467
7290002253105,false,קוביות שום כתוש דורו,דורות,,קוביות שום כתוש דורו,גרמים,80.00,100 גרם,false,,14.50,0.1813,false,1,6086
7290002253150,false,בזיליקום קפוא קצוץ ד,דורות,,בזיליקום קפוא קצוץ ד,גרמים,70.00,100 גרם,false,,11.00,0.1571,true,1,6087
7290002253167,false,פטרוזליה קצוצה דורות,דורות,,פטרוזליה קצוצה דורות,גרמים,70.00,100 גרם,false,,11.00,0.1571,true,1,6088
7290002253174,false,שמיר קצוץ דורות,דורות,,שמיר קצוץ דורות,גרמים,70.00,100 גרם,false,,11.00,0.1571,true,1,6089
7290002253181,false,כוסברה קצוצה דורות,דורות,,כוסברה קצוצה דורות,גרמים,70.00,100 גרם,false,,11.00,0.1571,true,1,6090
7290002253235,false,רוטב פסטו דורות,דורות,,רוטב פסטו דורות,גרמים,160.00,100 גרם,false,,12.90,0.0806,true,1,58457
7290002253310,false,קוביות שום צילי חריף,דורות,,קוביות שום צילי חריף,גרמים,80.00,100 גרם,false,,14.50,0.1813,false,1,76074
7290002253495,false,קוביות תבלין לטחינה,דורות,,קוביות תבלין לטחינה,גרמים,70.00,100 גרם,false,,11.00,0.1571,true,1,76076
7290002259640,false,רדיד אלומיניום,,,רדיד אלומיניום,יחידה,0.00,יחידה,false,,12.90,0.0000,true,1,17892
7290002281382,false,נתחי פילה סלמון קפוא,,,נתחי פילה סלמון קפוא,קילוגרמים,1.00,"ק""ג",true,,89.90,89.9000,false,1,75718
7290002281436,false,"סטייק טונה בהירה ע""ע",,,"סטייק טונה בהירה ע""ע",קילוגרמים,1.00,"ק""ג",true,,49.90,49.9000,true,1,78471
7290002281498,false,גבינת ר'יץ מגורדת 50,,,גבינת ר'יץ מגורדת 50,גרמים,500.00,100 גרם,false,,22.90,0.0458,false,1,79224
7290002300878,false,צ'דר אנגלי,,,צ'דר אנגלי,קילוגרמים,1.00,"ק""ג",true,,125.00,125.0000,true,1,64262
7290002300885,false,צ'דר אנגלי כתום,,,צ'דר אנגלי כתום,קילוגרמים,1.00,"ק""ג",true,,110.00,110.0000,true,1,33439
7290002304203,false,קונפיטורה תות שדה לי,ענבי ציון,,קונפיטורה תות שדה לי,גרמים,600.00,100 גרם,false,,22.90,0.0382,true,1,941
7290002304227,false,קונפיטורה דובדבן חמו,ענבי ציון,,קונפיטורה דובדבן חמו,גרמים,600.00,100 גרם,false,,22.90,0.0382,true,1,943
7290002304609,false,קונפיטורה תות שדה 60,ענבי ציון,,קונפיטורה תות שדה 60,גרמים,600.00,100 גרם,false,,17.90,0.0298,true,1,946
7290002304616,false,קונפיטורה משמש 600 ג,ענבי ציון,,קונפיטורה משמש 600 ג,גרמים,600.00,100 גרם,false,,17.90,0.0298,false,1,947
7290002304623,false,קונפיטורה פירות יער,ענבי ציון,,קונפיטורה פירות יער,גרמים,600.00,100 גרם,false,,17.90,0.0298,true,1,948
7290002304661,false,קונפיטורה אוכמניות 6,ענבי ציון,,קונפיטורה אוכמניות 6,גרמים,600.00,100 גרם,false,,17.90,0.0298,false,1,952
7290002317265,false,מלפפון במלח 7-9 מוטו,,,מלפפון במלח 7-9 מוטו,גרמים,385.00,100 גרם,false,,5.00,0.0130,true,1,24526
7290002327516,false,ג'חנון אפוי 650 גר',אופרה,,ג'חנון אפוי 650 גר',גרמים,650.00,100 גרם,false,,15.90,0.0245,true,1,58200
7290002327615,false,ג'חנון 900 גר' אופרה,אופרה,,ג'חנון 900 גר' אופרה,גרמים,900.00,100 גרם,false,,14.50,0.0161,true,1,2580
7290002327622,false,ג'חנון 650 גר אופרה,אופרה,,ג'חנון 650 גר אופרה,גרמים,650.00,100 גרם,false,,12.90,0.0198,false,1,2581
7290002327646,false,מלווח אופרה,אופרה,,מלווח אופרה,גרמים,700.00,100 גרם,false,,13.90,0.0199,false,1,2582
7290002327660,false,"בורקס תפו""א אופרה",אופרה,,"בורקס תפו""א אופרה",גרמים,800.00,100 גרם,false,,14.50,0.0181,false,1,2583
7290002327677,false,בורקס גבינה אופרה,אופרה,,בורקס גבינה אופרה,גרמים,800.00,100 גרם,false,,18.90,0.0236,true,1,2584
7290002327684,false,בצק עלים 1 קג אופרה,אופרה,,בצק עלים 1 קג אופרה,קילוגרמים,1.00,"ק""ג",false,,15.90,15.9000,false,1,9845
7290002327691,false,"מיני בורקס תפו""א",אופרה,,"מיני בורקס תפו""א",גרמים,800.00,100 גרם,false,,15.90,0.0199,false,1,2585
7290002327707,false,מיני בורקס גבינה,אופרה,,מיני בורקס גבינה,גרמים,800.00,100 גרם,false,,18.90,0.0236,true,1,2586
7290002331025,false,נביעות 0.5 ליטר -,נביעות,,נביעות 0.5 ליטר -,יחידה,500.00,יחידה,false,,2.60,0.0052,true,1,7272
7290002331094,false,נביעות 75 0.,נביעות,,נביעות 75 0.,יחידה,755.00,יחידה,false,,3.00,0.0040,true,1,7273
7290002331124,false,נביעות+ תפוח 0.5 ליט,נביעות,,נביעות+ תפוח 0.5 ליט,יחידה,500.00,יחידה,false,,6.00,0.0120,false,1,7275
7290002331155,false,נביעות+ אפרסק 0.5 לי,נביעות,,נביעות+ אפרסק 0.5 לי,יחידה,500.00,יחידה,false,,6.00,0.0120,false,1,7278
7290002331360,false,נביעות שישייה 0.5 ל',נביעות,,נביעות שישייה 0.5 ל',ליטרים,3.00,ליטר,false,,12.90,4.3000,false,1,41
7290002331421,false,"נביעות שישיה 750 מ""ל",נביעות,,"נביעות שישיה 750 מ""ל",ליטרים,4.50,ליטר,false,,16.90,3.7556,false,1,7282
7290002331490,false,נביעות 1 ליטר,נביעות,,נביעות 1 ליטר,ליטרים,1.00,ליטר,false,,2.90,2.9000,false,1,30753
7290002331711,false,נביעות+ ענבים 0.5 לי,נביעות,,נביעות+ ענבים 0.5 לי,יחידה,500.00,יחידה,false,,6.00,0.0120,true,1,7284
7290002333104,false,בורגול 500 גרם,הרדוף,,בורגול 500 גרם,גרמים,500.00,100 גרם,false,,7.90,0.0158,true,1,10412
7290002333500,false,עדשים אדומים 500 גרם,הרדוף,,עדשים אדומים 500 גרם,גרמים,500.00,100 גרם,false,,11.90,0.0238,true,1,10418
7290002333678,false,שומשום 300גר',הרדוף,,שומשום 300גר',גרמים,500.00,100 גרם,false,,11.90,0.0238,true,1,10419
7290002333838,false,כוסמת 500 גרם,הרדוף,,כוסמת 500 גרם,גרמים,500.00,100 גרם,false,,10.90,0.0218,true,1,10421
7290002345015,false,סינטה דקדק 250 גר,,,סינטה דקדק 250 גר,גרמים,250.00,100 גרם,false,,15.90,0.0636,true,1,71043
7290002345022,false,אנטריקוט דקדק 250 גר,,,אנטריקוט דקדק 250 גר,גרמים,250.00,100 גרם,false,,15.90,0.0636,true,1,71044
7290002345282,false,נתחי פילה סלמון קפוא,,,נתחי פילה סלמון קפוא,קילוגרמים,1.00,"ק""ג",true,,89.90,89.9000,false,1,71741
7290002348139,false,תחתיות ארטישוק 400 ג,ויליגר,,תחתיות ארטישוק 400 ג,גרמים,400.00,100 גרם,false,,9.90,0.0248,true,1,11232
7290002348160,false,תירס צעיר שלם,,,תירס צעיר שלם,גרמים,400.00,100 גרם,false,,6.50,0.0163,true,1,3730
7290002348306,false,קוקטייל פירות 850 גר,,,קוקטייל פירות 850 גר,גרמים,850.00,100 גרם,false,,8.90,0.0105,true,1,11238
7290002353225,false,חרדל דיז'ון בדבש,,,חרדל דיז'ון בדבש,גרמים,210.00,100 גרם,false,,13.50,0.0643,true,1,63248
7290002353249,false,דיג'ונז מייל 345 גר,,,דיג'ונז מייל 345 גר,גרמים,345.00,100 גרם,false,,19.90,0.0577,true,1,69042
7290002353836,false,סרדין רוברטס בשמן זי,ויליגר,,סרדין רוברטס בשמן זי,גרמים,120.00,100 גרם,false,,7.50,0.0625,true,1,11242
7290002360155,false,תה פומפדור שומר 20 ש,פומפדור,,תה פומפדור שומר 20 ש,גרמים,40.00,100 גרם,false,,15.90,0.3975,true,1,7810
7290002360278,false,תה פומפדור מינטה,פומפדור,,תה פומפדור מינטה,גרמים,45.00,100 גרם,false,,15.90,0.3533,true,1,7813
7290002360285,false,חליטת תה קמומיל פומפ,פומפדור,,חליטת תה קמומיל פומפ,גרמים,30.00,100 גרם,false,,15.90,0.5300,true,1,7814
7290002363491,false,יין קונדיטון מסורת-,הכורמים,,יין קונדיטון מסורת-,מיליליטרים,750.00,"100 מ""ל",false,,26.90,0.0359,true,1,2561
7290002370017,false,גבינת גאודה פסטו,,,גבינת גאודה פסטו,קילוגרמים,1.00,"ק""ג",true,,99.00,99.0000,true,1,63427
7290002371533,false,סילסולי פסטרמה ודבש,טירת צבי,,סילסולי פסטרמה ודבש,יחידה,0.00,יחידה,false,,15.90,0.0000,true,1,28800
7290002371540,false,קורנדביף 120 גר',טירת צבי,,קורנדביף 120 גר',גרמים,120.00,100 גרם,false,,15.90,0.1325,true,1,28801
7290002371571,false,פסטרמה פרגיות טירת צ,טירת צבי,,פסטרמה פרגיות טירת צ,קילוגרמים,1.00,"ק""ג",true,,84.90,84.9000,false,1,892
7290002371939,false,סרוולד צרפתי 120 גר',טירת צבי,,סרוולד צרפתי 120 גר',גרמים,120.00,100 גרם,false,,26.90,0.2242,false,1,28802
7290002374268,false,שמן חמניות מילומ,מילומור,,שמן חמניות מילומ,ליטרים,1.00,ליטר,false,,10.90,10.9000,false,1,3948
7290002374312,false,שמן קנולה מילומו,מילומור,,שמן קנולה מילומו,ליטרים,1.00,ליטר,false,,10.90,10.9000,false,1,3949
7290002374640,false,שמן קנולה פלוס אומגה,,,שמן קנולה פלוס אומגה,ליטרים,1.00,ליטר,false,,14.90,14.9000,false,1,33755
7290002385196,false,רוקפור מחלבת גד,,,רוקפור מחלבת גד,קילוגרמים,1.00,"ק""ג",true,,123.00,123.0000,true,1,64461
7290002385738,false,גבינת מנצ'גו משולשים,מחלבות גד,,גבינת מנצ'גו משולשים,קילוגרמים,1.00,"ק""ג",true,,144.00,144.0000,true,1,20115
7290002395409,false,גבינה צהובה נעם 28%,טרה,,גבינה צהובה נעם 28%,קילוגרמים,1.00,"ק""ג",true,,44.79,44.7900,false,1,26066
7290002395416,false,גבינה צהובה נעם 9%,,,גבינה צהובה נעם 9%,קילוגרמים,1.00,"ק""ג",true,,76.90,76.9000,false,1,26198
7290002395423,false,גבינה צהובה נעם 22%,טרה,,גבינה צהובה נעם 22%,קילוגרמים,1.00,"ק""ג",true,,42.58,42.5800,false,1,26067
7290002407034,false,זית סורי מבוקע 800 ג,ג'השאן,,זית סורי מבוקע 800 ג,גרמים,800.00,100 גרם,false,,18.90,0.0236,false,1,10631
7290002407102,false,זית סנטה גדול 800 גר,ג'השאן,,זית סנטה גדול 800 גר,גרמים,800.00,100 גרם,false,,18.90,0.0236,false,1,10632
7290002407348,false,שמן זית 750 ג'השאן,ג'השאן,,שמן זית 750 ג'השאן,מיליליטרים,750.00,"100 מ""ל",false,,29.90,0.0399,false,1,10635
7290002407454,false,שמן זית 750 זן סורי,,,שמן זית 750 זן סורי,מיליליטרים,750.00,"100 מ""ל",false,,36.90,0.0492,false,1,10636
7290002407461,false,שמן זית 750 זן נבאלי,ג'השאן,,שמן זית 750 זן נבאלי,מיליליטרים,750.00,"100 מ""ל",false,,36.90,0.0492,true,1,10637
7290002410713,false,קישקע ממולא 500 גר',מעדני הטלה,,קישקע ממולא 500 גר',גרמים,500.00,100 גרם,false,,10.90,0.0218,true,1,433
7290002447214,false,מח עצם,,,מח עצם,קילוגרמים,1.00,"ק""ג",true,,37.90,37.9000,false,1,7086
7290002447436,false,כתף עגל טרי,,,כתף עגל טרי,קילוגרמים,1.00,"ק""ג",true,,75.00,75.0000,false,1,7089
7290002447443,false,צלי כתף עגל,,,צלי כתף עגל,קילוגרמים,1.00,"ק""ג",true,,89.90,89.9000,false,1,7090
7290002447450,false,פילה מדומה לקדירה,,,פילה מדומה לקדירה,קילוגרמים,1.00,"ק""ג",true,,79.90,79.9000,false,1,7091
7290002447467,false,אסדו עגל טרי,,,אסדו עגל טרי,קילוגרמים,1.00,"ק""ג",true,,55.00,55.0000,false,1,4410
7290002447474,false,צוואר עגל טרי.,,,צוואר עגל טרי.,קילוגרמים,1.00,"ק""ג",true,,74.90,74.9000,false,1,7092
7290002447481,false,צא'ך עגל טרי,אדום אדום,,צא'ך עגל טרי,קילוגרמים,1.00,"ק""ג",true,,74.90,74.9000,false,1,7093
7290002447498,false,ויסבראטן עגל טרי,אדום אדום,,ויסבראטן עגל טרי,קילוגרמים,1.00,"ק""ג",true,,74.90,74.9000,false,1,7094
7290002447528,false,אווזית לקדירה,אדום אדום,,אווזית לקדירה,קילוגרמים,1.00,"ק""ג",true,,74.90,74.9000,false,1,7095
7290002447542,false,אנטריקוט עגל טרי,אדום אדום,,אנטריקוט עגל טרי,קילוגרמים,1.00,"ק""ג",true,,159.00,159.0000,false,1,7096
7290002447559,false,סינטה עגל טרי,אדום אדום,,סינטה עגל טרי,קילוגרמים,1.00,"ק""ג",true,,129.00,129.0000,false,1,4411
7290002447566,false,אוסובוקו עגל טרי,,,אוסובוקו עגל טרי,קילוגרמים,1.00,"ק""ג",true,,55.00,55.0000,false,1,4409
7290002447573,false,שייטל עגל טרי,אדום אדום,,שייטל עגל טרי,קילוגרמים,1.00,"ק""ג",true,,84.90,84.9000,false,1,7097
7290002447580,false,פילה עגל טרי,אדום אדום,,פילה עגל טרי,קילוגרמים,1.00,"ק""ג",true,,239.00,239.0000,false,1,7098
7290002447597,false,שריר הזרוע,,,שריר הזרוע,קילוגרמים,1.00,"ק""ג",true,,75.00,75.0000,true,1,7099
7290002447894,false,סטייק עם עצם,,,סטייק עם עצם,קילוגרמים,1.00,"ק""ג",true,,99.00,99.0000,false,1,7101
7290002447979,false,בשר כף טרי,אדום אדום,,בשר כף טרי,קילוגרמים,1.00,"ק""ג",true,,74.90,74.9000,false,1,7103
7290002461562,false,מיני מרגז מעדני הטלה,,,מיני מרגז מעדני הטלה,גרמים,500.00,100 גרם,false,,22.90,0.0458,true,1,30072
7290002472186,false,עוגת מאפין שוקו צ'יפ,,,עוגת מאפין שוקו צ'יפ,יחידה,0.00,יחידה,false,,18.90,0.0000,true,1,17737
7290002472193,false,עוגת מאפין שוקולד גי,גידרון,,עוגת מאפין שוקולד גי,יחידה,550.00,יחידה,false,,18.90,0.0344,true,1,17738
7290002472209,false,עוגת שוקו וניל גידרו,,,עוגת שוקו וניל גידרו,יחידה,0.00,יחידה,false,,18.90,0.0000,true,1,17744
7290002472223,false,עוגת מאפין תפוז,גידרון,,עוגת מאפין תפוז,יחידה,550.00,יחידה,false,,18.90,0.0344,true,1,17745
7290002472254,false,עוגת מאפין אגוזים,גידרון,,עוגת מאפין אגוזים,יחידה,550.00,יחידה,false,,18.90,0.0344,true,1,17746
7290002475101,false,גפילט פיש ללא סו.,,,גפילט פיש ללא סו.,גרמים,575.00,100 גרם,false,,17.99,0.0313,true,1,11784
7290002479925,false,דבש טהור מפרחי בר עמ,,,דבש טהור מפרחי בר עמ,גרמים,350.00,100 גרם,false,,21.90,0.0626,true,1,10429
7290002485025,false,חומוס מסעדות 500גר,,,חומוס מסעדות 500גר,גרמים,500.00,100 גרם,false,,12.90,0.0258,true,1,436
7290002485049,false,סלט חומוס מסבחה 500ג,,,סלט חומוס מסבחה 500ג,גרמים,500.00,100 גרם,false,,12.90,0.0258,true,1,13739
7290002485063,false,חומוס אבו גוש 500גר,,,חומוס אבו גוש 500גר,גרמים,500.00,100 גרם,false,,12.90,0.0258,true,1,13740
7290002502012,false,לחמניה קלועה חיטה מל,בונז'ור,,לחמניה קלועה חיטה מל,יחידה,100.00,יחידה,false,,2.50,0.0250,true,1,166
7290002502036,false,לחמניה קשר בונזור,בונז'ור,,לחמניה קשר בונזור,יחידה,0.00,יחידה,false,,2.50,0.0000,true,1,89
7290002502043,false,לחמניה כריך,בונז'ור,,לחמניה כריך,יחידה,0.00,יחידה,false,,3.00,0.0000,true,1,5672
7290002502067,false,חלה רגילה קלועה,בונז'ור,,חלה רגילה קלועה,יחידה,0.00,יחידה,false,,9.90,0.0000,true,1,5673
7290002502203,false,בורקס גבינה,בונז'ור,,בורקס גבינה,קילוגרמים,1.00,"ק""ג",true,,42.00,42.0000,true,1,5675
7290002502241,false,קוקטייל פילס גבינה,בונז'ור,,קוקטייל פילס גבינה,קילוגרמים,1.00,"ק""ג",true,,49.90,49.9000,true,1,5677
7290002507284,false,שניצל דג 700 גר,,,שניצל דג 700 גר,גרמים,700.00,100 גרם,false,,22.90,0.0327,true,1,74138
7290002507604,false,פיצת השף מאיטליה 320,,,פיצת השף מאיטליה 320,גרמים,320.00,100 גרם,false,,14.90,0.0466,true,1,68671
7290002515333,false,קמיל פלוס 500,קמיל בלו,,קמיל פלוס 500,יחידה,500.00,יחידה,false,,17.90,0.0358,true,1,13317
7290002515371,false,קמיל בלו קלאסיק אל ס,קמיל בלו,,קמיל בלו קלאסיק אל ס,ליטרים,1.00,ליטר,false,,26.90,26.9000,true,1,13319
7290002517269,false,פלפל שחור שלם מיכל ק,תבליני טעם וריח,,פלפל שחור שלם מיכל ק,גרמים,35.00,100 גרם,false,,9.50,0.2714,true,1,2740
7290002517276,false,מיכל קטן פלפל אנגלי,תבליני טעם וריח,,מיכל קטן פלפל אנגלי,גרמים,25.00,100 גרם,false,,5.50,0.2200,true,1,9996
7290002517290,false,קינמון טחון מיכל קטן,תבליני טעם וריח,,קינמון טחון מיכל קטן,גרמים,40.00,100 גרם,false,,5.50,0.1375,true,1,9997
7290002517337,false,עשבי תיבול שקיות,תבליני טעם וריח,,עשבי תיבול שקיות,גרמים,30.00,100 גרם,false,,5.90,0.1967,true,1,9998
7290002517375,false,בזיליקום שקית 30 גר',תבליני טעם וריח,,בזיליקום שקית 30 גר',גרמים,30.00,100 גרם,false,,5.90,0.1967,true,1,10000
7290002517566,false,תערובת תיבול לדג,תבליני טעם וריח,,תערובת תיבול לדג,גרמים,80.00,100 גרם,false,,9.00,0.1125,true,1,10011
7290002517580,false,תערובת תיבול לעוף,תבליני טעם וריח,,תערובת תיבול לעוף,גרמים,80.00,100 גרם,false,,9.00,0.1125,true,1,10013
7290002517603,false,בזיליקום מיכל קטן,תבליני טעם וריח,,בזיליקום מיכל קטן,גרמים,10.00,100 גרם,false,,5.50,0.5500,true,1,10015
7290002517634,false,כוזברה במיכל,תבליני טעם וריח,,כוזברה במיכל,גרמים,30.00,100 גרם,false,,5.50,0.1833,true,1,10018
7290002517689,false,אבקת קרי במיכל,תבליני טעם וריח,,אבקת קרי במיכל,גרמים,40.00,100 גרם,false,,5.50,0.1375,true,1,10023
7290002517726,false,מקלות קינמון במיכל,תבליני טעם וריח,,מקלות קינמון במיכל,גרמים,15.00,100 גרם,false,,5.50,0.3667,true,1,10025
7290002517733,false,קצח מיכל קטן,תבליני טעם וריח,,קצח מיכל קטן,גרמים,40.00,100 גרם,false,,5.50,0.1375,true,1,10026
7290002517801,false,צ'ילי כתוש-חריף מיכל,תבליני טעם וריח,,צ'ילי כתוש-חריף מיכל,גרמים,30.00,100 גרם,false,,5.50,0.1833,true,1,10032
7290002517818,false,הל טחון מיכל קטן,תבליני טעם וריח,,הל טחון מיכל קטן,גרמים,30.00,100 גרם,false,,10.90,0.3633,true,1,2743
7290002517825,false,פלפל לבן טחון במיכל,תבליני טעם וריח,,פלפל לבן טחון במיכל,גרמים,40.00,100 גרם,false,,9.50,0.2375,true,1,2744
7290002517863,false,ציפורן טחון,תבליני טעם וריח,,ציפורן טחון,גרמים,40.00,100 גרם,false,,9.50,0.2375,true,1,2745
7290002542506,false,קורונה בירה בקבוק 35,,,קורונה בירה בקבוק 35,מיליליטרים,355.00,"100 מ""ל",false,,10.00,0.0282,true,1,13562
7290002542780,false,שישיה בירה סטלה בק',,,שישיה בירה סטלה בק',מיליליטרים,1980.00,"100 מ""ל",false,,29.90,0.0151,false,1,117156
7290002542841,false,שישיית בירה לף בלונד,,,שישיית בירה לף בלונד,ליטרים,1.98,ליטר,false,,44.90,22.6768,false,1,118510
7290002542865,false,שישיית בירה הוגרדן,,,שישיית בירה הוגרדן,ליטרים,1.98,ליטר,false,,44.90,22.6768,false,1,118145
7290002543046,false,דגני קלוגס פרוסטיס 7,קלוגס,,דגני קלוגס פרוסטיס 7,גרמים,750.00,100 גרם,false,,17.90,0.0239,false,1,7817
7290002543237,false,קורנפלקס קלוגס 750 ג,קלוגס,,קורנפלקס קלוגס 750 ג,גרמים,750.00,100 גרם,false,,13.90,0.0185,false,1,7822
7290002551003,false,טונה סטארקיסט בשמן 1,סטאר קיסט,,טונה סטארקיסט בשמן 1,גרמים,160.00,100 גרם,false,,6.60,0.0412,false,1,10638
7290002627210,false,גפילטע פיש צנצנת דלי,,,גפילטע פיש צנצנת דלי,גרמים,560.00,100 גרם,false,,10.90,0.0195,false,1,79464
7290002628064,false,טחון בקר בלדי קפוא 5,בלדי,,טחון בקר בלדי קפוא 5,גרמים,500.00,100 גרם,false,,19.90,0.0398,true,1,13264
7290002628248,false,שוקיים עוף קפוא בלדי,בלדי,,שוקיים עוף קפוא בלדי,קילוגרמים,1.00,"ק""ג",true,,31.90,31.9000,true,1,5194
7290002628255,false,כרעיים עוף קפוא בלדי,בלדי,,כרעיים עוף קפוא בלדי,קילוגרמים,1.00,"ק""ג",true,,28.90,28.9000,false,1,5195
7290002628484,false,כנפיים עוף קפוא בלדי,בלדי,,כנפיים עוף קפוא בלדי,קילוגרמים,1.00,"ק""ג",true,,13.90,13.9000,true,1,5197
7290002651116,false,ג'חנון חמסי,,,ג'חנון חמסי,קילוגרמים,1.00,"ק""ג",false,,15.90,15.9000,true,1,437
7290002651123,false,מלווח חמסי,,,מלווח חמסי,קילוגרמים,1.00,"ק""ג",false,,15.90,15.9000,true,1,438
7290002654667,false,תערובת לעוגת וני,,,תערובת לעוגת וני,גרמים,560.00,100 גרם,false,,12.90,0.0230,true,1,8492
7290002654681,false,כדורי שוקולד 500,,,כדורי שוקולד 500,גרמים,500.00,100 גרם,false,,13.50,0.0270,true,1,8493
7290002674221,false,אקווה פרש משאבה,אקווה פרש,,אקווה פרש משאבה,גרמים,100.00,100 גרם,false,,16.90,0.1690,true,1,17897
7290002680451,false,כבד פטם טרי ארוז,,,כבד פטם טרי ארוז,קילוגרמים,1.00,"ק""ג",true,,16.90,16.9000,true,1,76029
7290002692393,false,שמן קנולה ויטמין E,עץ הזית,,שמן קנולה ויטמין E,ליטרים,1.00,ליטר,false,,14.90,14.9000,false,1,11558
7290002692478,false,שמן זית כתית מעולה 7,עץ הזית,,שמן זית כתית מעולה 7,יחידה,750.00,יחידה,false,,29.90,0.0399,false,1,11559
7290002692768,false,תרסיס שמן קנולה,עץ הזית,,תרסיס שמן קנולה,יחידה,200.00,יחידה,false,,14.90,0.0745,false,1,11561
7290002692775,false,תרסיס שמן טעם חמאה,עץ הזית,,תרסיס שמן טעם חמאה,מיליליטרים,200.00,"100 מ""ל",false,,14.90,0.0745,false,1,76926
7290002692782,false,תרסיס שמן זית,עץ הזית,,תרסיס שמן זית,יחידה,200.00,יחידה,false,,14.90,0.0745,false,1,11563
7290002707165,false,קמח 1 קג,,,קמח 1 קג,קילוגרמים,1.00,"ק""ג",false,,4.40,4.4000,false,1,121965
7290002715504,false,מרק מג'יק,מג'יק,,מרק מג'יק,גרמים,70.00,100 גרם,false,,5.00,0.0714,false,1,11251
7290002715511,false,מרק מג'יק,מג'יק,,מרק מג'יק,גרמים,70.00,100 גרם,false,,5.00,0.0714,false,1,11252
7290002715528,false,מרק מג'יק,מג'יק,,מרק מג'יק,גרמים,70.00,100 גרם,false,,5.00,0.0714,false,1,11253
7290002715580,false,מרק מגיק,מג'יק,,מרק מגיק,גרמים,70.00,100 גרם,false,,5.00,0.0714,false,1,11255
7290002730262,false,פלמוליב קריסטל,פלמוליב,,פלמוליב קריסטל,מיליליטרים,750.00,"100 מ""ל",false,,9.90,0.0132,false,1,6652
7290002730521,false,צמרונים 200יח,,,צמרונים 200יח,יחידה,0.00,יחידה,false,,5.90,0.0000,true,1,6655
7290002730675,false,משחת שיניים קולגייט,קולגייט,,משחת שיניים קולגייט,מיליליטרים,100.00,"100 מ""ל",false,,10.90,0.1090,false,1,490
7290002730811,false,משחת שיניים קולגייט,קולגייט,,משחת שיניים קולגייט,מיליליטרים,100.00,"100 מ""ל",false,,11.90,0.1190,false,1,491
7290002730903,false,סבון פלמוליב מוצ,פלמוליב,,סבון פלמוליב מוצ,גרמים,500.00,100 גרם,false,,17.00,0.0340,true,1,6660
7290002730941,false,בלונס צמר גפן,,,בלונס צמר גפן,גרמים,100.00,100 גרם,false,,5.90,0.0590,true,1,6663
7290002730958,false,סבון פלמוליב מוצ,פלמוליב,,סבון פלמוליב מוצ,גרמים,400.00,100 גרם,false,,17.00,0.0425,true,1,6664
7290002735007,false,בצק עלים ינון,,,בצק עלים ינון,יחידה,1.00,יחידה,false,,13.90,13.9000,true,1,7219
7290002735014,false,מלווח ינון,,,מלווח ינון,גרמים,800.00,100 גרם,false,,13.90,0.0174,true,1,7220
7290002735021,false,ג'חנון ינון,,,ג'חנון ינון,גרמים,750.00,100 גרם,false,,13.90,0.0185,true,1,7221
7290002735212,false,קונכיות בצק 750 גר',,,קונכיות בצק 750 גר',גרמים,750.00,100 גרם,false,,13.90,0.0185,true,1,33982
7290002735274,false,ג'חנון יינון אפוי 60,,,ג'חנון יינון אפוי 60,גרמים,600.00,100 גרם,false,,16.90,0.0282,true,1,7224
7290002752332,false,מנטוס פירות,פרפטי ואן מלה,,מנטוס פירות,גרמים,37.50,100 גרם,false,,2.90,0.0773,true,1,9679
7290002752349,false,מנטוס מנטה,פרפטי ואן מלה,,מנטוס מנטה,גרמים,37.50,100 גרם,false,,2.90,0.0773,true,1,9680
7290002752493,false,טיק טק רביעיה,פררו,,טיק טק רביעיה,גרמים,64.00,100 גרם,false,,9.90,0.1547,true,1,9681
7290002753223,false,טיק טק רביעיה,פררו,,טיק טק רביעיה,גרמים,64.00,100 גרם,false,,9.90,0.1547,true,1,9683
7290002753995,false,קישוטי שוקולד,,,קישוטי שוקולד,גרמים,150.00,100 גרם,false,,15.90,0.1060,true,1,9684
7290002757511,false,קציצות דג לבישול,דלידג,,קציצות דג לבישול,גרמים,750.00,100 גרם,false,,31.90,0.0425,true,1,11261
7290002768036,false,תיאדנט מיפה ענק,,,תיאדנט מיפה ענק,מיליליטרים,150.00,"100 מ""ל",false,,17.90,0.1193,true,1,18581
7290002768043,false,מי פה ענק+פלואור,,,מי פה ענק+פלואור,מיליליטרים,150.00,"100 מ""ל",false,,17.90,0.1193,true,1,18582
7290002768074,false,דרמפון,,,דרמפון,ליטרים,1.00,ליטר,false,,15.90,15.9000,true,1,18583
7290002768159,false,בת אורן,,,בת אורן,מיליליטרים,500.00,"100 מ""ל",false,,15.90,0.0318,true,1,5311
7290002769644,false,עוגת דבש 400 גרם עוג,,,עוגת דבש 400 גרם עוג,יחידה,0.00,יחידה,false,,10.90,0.0000,true,1,59708
7290002769996,false,קראנץ' שוקולד,,,קראנץ' שוקולד,יחידה,0.00,יחידה,false,,24.90,0.0000,true,1,68953
7290002771104,false,קפה שחור אלנחלה 500,,,קפה שחור אלנחלה 500,גרמים,500.00,100 גרם,false,,29.90,0.0598,false,1,7406
7290002771111,false,קפה שחור אלנחלה עם ה,,,קפה שחור אלנחלה עם ה,גרמים,250.00,100 גרם,false,,14.90,0.0596,false,1,7407
7290002771128,false,קפה שחור אלנחלה 250,,,קפה שחור אלנחלה 250,גרמים,250.00,100 גרם,false,,14.90,0.0596,true,1,7408
7290002793311,false,מילוי גז לבלון 60ליט,,,מילוי גז לבלון 60ליט,יחידה,0.00,יחידה,false,,56.90,0.0000,false,1,26325
7290002800361,false,המבורגר מסעדות 500 ג,מעדני הטלה,,המבורגר מסעדות 500 ג,גרמים,500.00,100 גרם,false,,22.90,0.0458,true,1,439
7290002805151,false,שמפו לרצפות 4 לי,סיף פנטסטיק,,שמפו לרצפות 4 לי,ליטרים,4.00,ליטר,false,,19.90,4.9750,false,1,14439
7290002808527,false,חומץ תפוחים,,,חומץ תפוחים,ליטרים,1.00,ליטר,false,,13.90,13.9000,true,1,12729
7290002814016,false,מסיר שומנים,,,מסיר שומנים,מיליליטרים,750.00,"100 מ""ל",false,,14.90,0.0199,false,1,17590
7290002814412,false,נוזל כלים 1.5 ליטר ל,,,נוזל כלים 1.5 ליטר ל,ליטרים,1.50,ליטר,false,,9.90,6.6000,true,1,69120
7290002814436,false,נוזל כלים 1.5 ליטר ל,,,נוזל כלים 1.5 ליטר ל,ליטרים,1.50,ליטר,false,,9.90,6.6000,true,1,69123
7290002814528,false,סנט מוריץ לאסלה,,,סנט מוריץ לאסלה,ליטרים,1.00,ליטר,false,,7.00,7.0000,true,1,17599
7290002814603,false,מסיר שומנים מבושם 75,,,מסיר שומנים מבושם 75,מיליליטרים,750.00,"100 מ""ל",false,,11.90,0.0159,false,1,70819
7290002814665,false,מסיר עובש 1 ליטר סנט,,,מסיר עובש 1 ליטר סנט,ליטרים,1.00,ליטר,false,,9.90,9.9000,true,1,90191
7290002814931,false,סנט מוריץ לרצפות,,,סנט מוריץ לרצפות,ליטרים,4.00,ליטר,false,,14.90,3.7250,true,1,17608
7290002824183,false,גבינת סקי 5% 500 גרם,שטראוס,,גבינת סקי 5% 500 גרם,גרמים,500.00,100 גרם,false,,9.96,0.0199,false,1,4468
7290002824466,false,דנונה טבעי 0%,שטראוס דנונה,,דנונה טבעי 0%,מיליליטרים,200.00,"100 מ""ל",false,,3.50,0.0175,true,1,7126
7290002824640,false,גבינה סקי 5%,שטראוס,,גבינה סקי 5%,גרמים,250.00,100 גרם,false,,4.98,0.0199,false,1,4470
7290002830184,false,פילה לברק 7-9,,,פילה לברק 7-9,קילוגרמים,1.00,"ק""ג",true,,51.90,51.9000,true,1,26499
7290002830245,false,פילה לברק יפני 7-9,,,פילה לברק יפני 7-9,קילוגרמים,1.00,"ק""ג",true,,51.90,51.9000,true,1,68571
7290002830948,false,מון בלאן עיזים 30% -,,,מון בלאן עיזים 30% -,גרמים,120.00,100 גרם,false,,11.90,0.0992,true,1,11134
7290002842002,false,קוואקר אנגלי 500 גרם,קוואקר,,קוואקר אנגלי 500 גרם,גרמים,500.00,100 גרם,false,,11.50,0.0230,true,1,11788
7290002842309,false,סרדינים מינרבה בשמן,,,סרדינים מינרבה בשמן,גרמים,82.00,100 גרם,false,,6.20,0.0756,true,1,11791
7290002842415,false,פילה אנשובי,,,פילה אנשובי,גרמים,56.00,100 גרם,false,,6.50,0.1161,true,1,11792
7290002842569,false,משקה קל חמוציות,,,משקה קל חמוציות,ליטרים,1.89,ליטר,false,,21.00,11.1111,true,1,11794
7290002842699,false,מיץ שזיפים יולה ללא,,,מיץ שזיפים יולה ללא,מיליליטרים,946.00,"100 מ""ל",false,,19.90,0.0210,true,1,85315
7290002859512,false,חזה אווז קפוא,,,חזה אווז קפוא,קילוגרמים,1.00,"ק""ג",true,,165.00,165.0000,false,1,34221
7290002868996,false,קוט'ג ביו 5% טרה,טרה,,קוט'ג ביו 5% טרה,גרמים,250.00,100 גרם,false,,5.90,0.0236,false,1,5003
7290002871248,false,טובורג בירה בקבוק 50,טובורג,,טובורג בירה בקבוק 50,מיליליטרים,500.00,"100 מ""ל",false,,7.60,0.0152,false,1,13552
7290002871361,false,קרלסברג בירה בקבוק 5,קרלסברג,,קרלסברג בירה בקבוק 5,מיליליטרים,500.00,"100 מ""ל",false,,7.60,0.0152,false,1,13553
7290002879299,false,מלפפונים כבושים,,,מלפפונים כבושים,גרמים,860.00,100 גרם,false,,18.90,0.0220,true,1,11796
7290002879305,false,מלפפונים קטנים ב,,,מלפפונים קטנים ב,גרמים,680.00,100 גרם,false,,19.90,0.0293,true,1,11797
7290002879411,false,סלט מלפפונים חמוץ-מת,,,סלט מלפפונים חמוץ-מת,גרמים,370.00,100 גרם,false,,13.90,0.0376,true,1,26010
7290002879435,false,כרוב כבוש אורבנק 900,,,כרוב כבוש אורבנק 900,גרמים,900.00,100 גרם,false,,15.90,0.0177,true,1,10753
7290002879633,false,וופל בלגי 550 גרם,,,וופל בלגי 550 גרם,גרמים,550.00,100 גרם,false,,22.90,0.0416,true,1,90082
7290002881261,false,ליצ'י שלם בסירופ קל,,,ליצ'י שלם בסירופ קל,גרמים,230.00,100 גרם,false,,9.40,0.0409,true,1,65191
7290002900313,false,פסטרמה ספרדית טירת צ,טירת צבי,,פסטרמה ספרדית טירת צ,קילוגרמים,1.00,"ק""ג",true,,84.90,84.9000,false,1,893
7290002900436,false,פסטרמה מילנו טירת צב,טירת צבי,,פסטרמה מילנו טירת צב,קילוגרמים,1.00,"ק""ג",true,,84.90,84.9000,false,1,894
7290002909804,false,פילה בקלה ללא עור,,,פילה בקלה ללא עור,קילוגרמים,1.00,"ק""ג",true,,34.90,34.9000,true,1,65543
7290002911005,false,דבש דבורים טהור 400,,,דבש דבורים טהור 400,גרמים,400.00,100 גרם,false,,19.90,0.0497,true,1,82278
7290002911029,false,דבש 350גר,,,דבש 350גר,יחידה,0.00,יחידה,false,,16.90,0.0000,true,1,9790
7290002911036,false,דבש חורש 500 גרם,,,דבש חורש 500 גרם,גרמים,500.00,100 גרם,false,,22.90,0.0458,true,1,9791
7290002911043,false,"דבש חורש 1 ק""ג",,,"דבש חורש 1 ק""ג",קילוגרמים,1.00,"ק""ג",false,,41.90,41.9000,true,1,9792
7290002911104,false,דבש לחיץ 400 גר חורש,,,דבש לחיץ 400 גר חורש,גרמים,400.00,100 גרם,false,,22.90,0.0572,false,1,58968
7290002911203,false,דבש דבורים טהור משק,,,דבש דבורים טהור משק,גרמים,250.00,100 גרם,false,,12.90,0.0516,true,1,121522
7290002919179,false,פילה אמנון 5-7 ללא ע,,,פילה אמנון 5-7 ללא ע,קילוגרמים,1.00,"ק""ג",true,,27.90,27.9000,false,1,70320
7290002921233,false,קרבונה כתמים,יעקובי,,קרבונה כתמים,גרמים,200.00,100 גרם,false,,24.90,0.1245,true,1,14949
7290002921240,false,שמפוזר,יעקובי,,שמפוזר,מיליליטרים,650.00,"100 מ""ל",false,,28.90,0.0445,true,1,14950
7290002921332,false,סבון אסטוניש,יעקובי אסטוניש,,סבון אסטוניש,גרמים,75.00,100 גרם,false,,15.90,0.2120,true,1,14951
7290002921349,false,סופר גלו,יעקובי סופר גלו,,סופר גלו,יחידה,0.00,יחידה,false,,13.90,0.0000,true,1,14952
7290002922117,false,עוגיות בראוניס אקלר,,,עוגיות בראוניס אקלר,גרמים,400.00,100 גרם,false,,23.90,0.0597,true,1,7516
7290002929130,false,גבינת דנבלו נטו,,,גבינת דנבלו נטו,קילוגרמים,1.00,"ק""ג",true,,84.90,84.9000,true,1,71272
7290002929512,false,כדורי פלאפל 500 גר,שלושת האופים,,כדורי פלאפל 500 גר,גרמים,500.00,100 גרם,false,,12.90,0.0258,true,1,58822
7290002929536,false,קובה למרק 600 גר,שלושת האופים,,קובה למרק 600 גר,גרמים,600.00,גרם,false,,12.90,0.0215,true,1,58824
7290002929642,false,טונה ויליגר בשמן 4*1,ויליגר,,טונה ויליגר בשמן 4*1,גרמים,560.00,100 גרם,false,,18.90,0.0337,false,1,33037
7290002987963,false,"חומוס אחלה 1 ק""ג",אחלה,,"חומוס אחלה 1 ק""ג",גרמים,1.00,גרם,false,,13.90,13.9000,false,1,17643
7290002994329,false,לחם אחיד פרוס אגמי,,,לחם אחיד פרוס אגמי,גרמים,750.00,100 גרם,false,,6.90,0.0092,false,1,14220
7290002996484,false,בשר ראש מוכשר,,,בשר ראש מוכשר,קילוגרמים,1.00,"ק""ג",true,,59.90,59.9000,false,1,72352
7290003009312,false,בוטן קלוי 200 גר,קליית גת,,בוטן קלוי 200 גר,גרמים,200.00,100 גרם,false,,6.90,0.0345,true,1,14608
7290003009329,false,בוטן אמריקאי 200,קליית גת,,בוטן אמריקאי 200,גרמים,200.00,100 גרם,false,,5.90,0.0295,true,1,14609
7290003009336,false,קבוקים גת 200 גר,קליית גת,,קבוקים גת 200 גר,גרמים,200.00,100 גרם,false,,5.90,0.0295,true,1,14610
7290003009596,false,סירופ דיאט אשכוליות,פריגת,,סירופ דיאט אשכוליות,יחידה,750.00,יחידה,false,,22.90,0.0305,false,1,7303
7290003009640,false,פריגת סחוט תפוז 1 לי,פריגת,,פריגת סחוט תפוז 1 לי,ליטרים,1.00,ליטר,false,,16.00,16.0000,false,1,5004
7290003011087,false,"אורז בסמטי 1 ק""ג",אלסקה/ טילדה,,"אורז בסמטי 1 ק""ג",קילוגרמים,1.00,"ק""ג",false,,9.90,9.9000,true,1,10218
7290003013128,false,פתיל צף,,,פתיל צף,יחידה,0.00,יחידה,false,,3.50,0.0000,true,1,85952
7290003015627,false,ריצפז פרש אפרסק 2ל',סנו ריצפז,,ריצפז פרש אפרסק 2ל',ליטרים,2.00,ליטר,false,,17.90,8.9500,false,1,3515
7290003015641,false,ריצפז פרש יסמין 2 לי,סנו ריצפז,,ריצפז פרש יסמין 2 לי,ליטרים,2.00,ליטר,false,,17.90,8.9500,false,1,3517
7290003026036,false,קמיל בלו סנסיטיב ורו,קמיל בלו,,קמיל בלו סנסיטיב ורו,ליטרים,1.00,ליטר,false,,29.90,29.9000,true,1,18418
7290003026234,false,קמיל תחליב לתינוק הי,קמיל בלו,,קמיל תחליב לתינוק הי,יחידה,500.00,יחידה,false,,29.90,0.0598,true,1,5228
7290003029181,false,שוקו 2% - 1 ליטר,יטבתה,,שוקו 2% - 1 ליטר,ליטרים,1.00,ליטר,false,,11.80,11.8000,false,1,7131
7290003029389,false,משקה חלב בננה 2%,יטבתה,,משקה חלב בננה 2%,מיליליטרים,250.00,"100 מ""ל",false,,5.20,0.0208,true,1,7134
7290003029433,false,שוקו יטבתה בקבוק 2%,יטבתה,,שוקו יטבתה בקבוק 2%,מיליליטרים,250.00,"100 מ""ל",false,,5.20,0.0208,true,1,7136
7290003029532,false,מוקה יטבתה 2% - 1 לי,יטבתה,,מוקה יטבתה 2% - 1 לי,ליטרים,1.00,ליטר,false,,11.80,11.8000,false,1,7138
7290003029792,false,שוקו מארז שמינייה 2%,יטבתה,,שוקו מארז שמינייה 2%,ליטרים,1.80,ליטר,false,,19.90,11.0556,false,1,12059
7290003029815,false,חלב יטבתה 3% - 2 ליט,יטבתה,,חלב יטבתה 3% - 2 ליט,ליטרים,2.00,ליטר,false,,15.20,7.6000,false,1,12060
7290003029907,false,קפה יטבתה 2% 1 ליטר,יטבתה,,קפה יטבתה 2% 1 ליטר,ליטרים,1.00,ליטר,false,,11.80,11.8000,false,1,12063
7290003047642,false,תה ליפטון ילו לי,ליפטון,,תה ליפטון ילו לי,גרמים,150.00,100 גרם,false,,12.90,0.0860,false,1,2129
7290003054183,false,לחם שיפון מלא,,,לחם שיפון מלא,גרמים,500.00,100 גרם,false,,12.90,0.0258,true,1,15760
7290003054213,false,לחם שיפון,,,לחם שיפון,גרמים,500.00,100 גרם,false,,12.90,0.0258,true,1,15763
7290003054657,false,חרדל דיזו'ן 350 גרם,ריין דה דיג'ון,,חרדל דיזו'ן 350 גרם,גרמים,350.00,100 גרם,false,,10.90,0.0311,true,1,10642
7290003054725,false,חרדל אנגלי,,,חרדל אנגלי,גרמים,100.00,100 גרם,false,,12.50,0.1250,true,1,10369
7290003069590,false,סול ארוז,דלידג,,סול ארוז,יחידה,1.00,יחידה,false,,37.90,37.9000,true,1,11142
7290003072804,false,פסטרמה של פעם 200 גר,טירת צבי,,פסטרמה של פעם 200 גר,גרמים,200.00,100 גרם,false,,24.90,0.1245,true,1,79732
7290003072811,false,נקניקיות בראטוורסט 3,טירת צבי,,נקניקיות בראטוורסט 3,גרמים,320.00,100 גרם,false,,23.90,0.0747,true,1,79491
7290003072859,false,רוסטביף 120 גר' טירת,טירת צבי,,רוסטביף 120 גר' טירת,גרמים,120.00,100 גרם,false,,26.90,0.2242,true,1,82162
7290003072965,false,קבנוס חריף מעושן 120,טירת צבי,,קבנוס חריף מעושן 120,גרמים,120.00,100 גרם,false,,10.90,0.0908,true,1,87281
7290003072972,false,קבנוס בתיבול שום 120,טירת צבי,,קבנוס בתיבול שום 120,גרמים,120.00,100 גרם,false,,10.90,0.0908,true,1,87282
7290003103287,false,גבינת פטינה ארלה,,,גבינת פטינה ארלה,קילוגרמים,1.00,"ק""ג",true,,37.00,37.0000,true,1,79149
7290003105809,false,גבינת בלוז כחולה  במ,,,גבינת בלוז כחולה  במ,קילוגרמים,1.00,"ק""ג",true,,89.90,89.9000,true,1,79150
7290003109265,false,עוגיות מרוקאיות.,,,עוגיות מרוקאיות.,גרמים,500.00,100 גרם,false,,16.90,0.0338,true,1,7518
7290003121083,false,מג'יק בשר שקית,מג'יק,,מג'יק בשר שקית,גרמים,85.00,100 גרם,false,,2.70,0.0318,true,1,11288
7290003121090,false,מג'יק ירקות שקית,מג'יק,,מג'יק ירקות שקית,גרמים,85.00,100 גרם,false,,2.70,0.0318,false,1,11289
7290003121106,false,מג'יק עוף שקית,מג'יק,,מג'יק עוף שקית,גרמים,85.00,100 גרם,false,,2.70,0.0318,true,1,11290
7290003126712,false,יוגורט עיזים מחלב מל,משק צוריאל,,יוגורט עיזים מחלב מל,מיליליטרים,140.00,"100 מ""ל",false,,6.20,0.0443,true,1,7199
7290003126958,false,טופו צוריאל 9%,משק צוריאל,,טופו צוריאל 9%,גרמים,300.00,100 גרם,false,,12.00,0.0400,true,1,4991
7290003140237,false,סילאן לחיץ 360 גר' ק,קליית גת,,סילאן לחיץ 360 גר' ק,גרמים,360.00,100 גרם,false,,11.90,0.0331,true,1,34711
7290003141159,false,מרשמלו יוגטה,,,מרשמלו יוגטה,יחידה,0.00,יחידה,false,,8.50,0.0000,true,1,24344
7290003142422,false,גרעיני חמניה ללא מלח,קליית גת,,גרעיני חמניה ללא מלח,גרמים,180.00,100 גרם,false,,6.00,0.0333,true,1,2442
7290003142477,false,ערמונים קלופים וקלוי,קליית גת,,ערמונים קלופים וקלוי,גרמים,100.00,100 גרם,false,,6.40,0.0640,true,1,23189
7290003143139,false,סילאן קליית גת 900 ג,קליית גת,,סילאן קליית גת 900 ג,גרמים,900.00,100 גרם,false,,14.90,0.0166,true,1,20165
7290003143146,false,ממרח תמרים קליית גת,קליית גת,,ממרח תמרים קליית גת,גרמים,450.00,100 גרם,false,,6.00,0.0133,true,1,20166
7290003143276,false,מרשמלו רול 180 גר' י,,,מרשמלו רול 180 גר' י,גרמים,180.00,100 גרם,false,,8.50,0.0472,true,1,28405
7290003143337,false,סילאן טבעי לחיץ 350,קליית גת,,סילאן טבעי לחיץ 350,גרמים,350.00,100 גרם,false,,14.50,0.0414,false,1,29381
7290003144310,false,תערובת אגוזים וחמוצי,קליית גת,,תערובת אגוזים וחמוצי,גרמים,150.00,100 גרם,false,,16.50,0.1100,true,1,60592
7290003144419,false,סילאן טבעי קליית גת,קליית גת,,סילאן טבעי קליית גת,גרמים,710.00,100 גרם,false,,22.90,0.0323,true,1,60928
7290003145751,false,קשיו קלוי 200 גר',,,קשיו קלוי 200 גר',גרמים,200.00,100 גרם,false,,18.00,0.0900,true,1,5530
7290003145782,false,צנובר טבעי 100ג',קליית גת,,צנובר טבעי 100ג',גרמים,100.00,100 גרם,false,,23.90,0.2390,true,1,2445
7290003145959,false,פקאן טבעי 150גר גת,קליית גת,,פקאן טבעי 150גר גת,גרמים,150.00,100 גרם,false,,18.90,0.1260,true,1,20069
7290003189199,false,גבינה מקסיקנית,,,גבינה מקסיקנית,קילוגרמים,1.00,"ק""ג",true,,41.90,41.9000,true,1,11440
7290003189274,false,גבינה מעושנת,,,גבינה מעושנת,קילוגרמים,1.00,"ק""ג",true,,41.90,41.9000,true,1,11441
7290003219766,false,שלישית מילוי טור,יעקובי,,שלישית מילוי טור,ליטרים,1.02,ליטר,false,,34.90,34.2157,true,1,14957
7290003222070,false,פיתות 13 יח',,,פיתות 13 יח',יחידה,0.00,יחידה,false,,11.90,0.0000,true,1,67640
7290003222094,false,פיתה ביס,,,פיתה ביס,יחידה,0.00,יחידה,false,,11.90,0.0000,true,1,64504
7290003222742,false,פיתות עבודת יד,,,פיתות עבודת יד,גרמים,500.00,100 גרם,false,,11.90,0.0238,true,1,14228
7290003222780,false,פיתה קלה חיטה מלאה,,,פיתה קלה חיטה מלאה,גרמים,500.00,100 גרם,false,,6.40,0.0128,true,1,14229
7290003222797,false,פיתות מקמח כוסמין 10,,,פיתות מקמח כוסמין 10,גרמים,600.00,100 גרם,false,,13.50,0.0225,true,1,68110
7290003229109,false,פסטרמה בפפריקה,טירת צבי,,פסטרמה בפפריקה,גרמים,400.00,100 גרם,false,,31.90,0.0797,true,1,964
7290003229116,false,פסטרמה בדבש טירת,טירת צבי,,פסטרמה בדבש טירת,גרמים,400.00,100 גרם,false,,31.90,0.0797,true,1,965
7290003229123,false,פסטרמה גחלים טיר,טירת צבי,,פסטרמה גחלים טיר,גרמים,400.00,100 גרם,false,,31.90,0.0797,true,1,966
7290003229147,false,סלמי איטלקי 300,טירת צבי,,סלמי איטלקי 300,גרמים,300.00,100 גרם,false,,31.90,0.1063,true,1,967
7290003229154,false,סלמי קוניאק 300,טירת צבי,,סלמי קוניאק 300,גרמים,300.00,100 גרם,false,,31.90,0.1063,true,1,968
7290003229192,false,א.מ. כתף בקר מעושן 4,,,א.מ. כתף בקר מעושן 4,גרמים,400.00,100 גרם,false,,31.90,0.0797,true,1,969
7290003229208,false,פסטרמה ספרדית 360 גר,טירת צבי,,פסטרמה ספרדית 360 גר,גרמים,360.00,100 גרם,false,,31.90,0.0886,true,1,970
7290003229222,false,סלמי תה טירת צבי,טירת צבי,,סלמי תה טירת צבי,גרמים,300.00,100 גרם,false,,23.90,0.0797,true,1,13927
7290003287284,false,קבב ביתי קצביה ארוז,בלדי,,קבב ביתי קצביה ארוז,גרמים,600.00,100 גרם,false,,26.90,0.0448,false,1,19755
7290003287291,false,קבב טלה וצנובר בלדי,בלדי,,קבב טלה וצנובר בלדי,גרמים,600.00,100 גרם,false,,26.90,0.0448,false,1,20080
7290003318100,false,וופל שוקולד 200,מנעמים,,וופל שוקולד 200,גרמים,250.00,100 גרם,false,,3.50,0.0140,false,1,8266
7290003318131,false,ופל מנעמים אגוזים,מנעמים,,ופל מנעמים אגוזים,גרמים,200.00,100 גרם,false,,3.50,0.0175,false,1,8267
7290003318155,false,וופל לימון 200 גר,מנעמים,,וופל לימון 200 גר,גרמים,250.00,100 גרם,false,,3.50,0.0140,false,1,8268
7290003319138,false,גפילטע פיש צנצנת,,,גפילטע פיש צנצנת,גרמים,330.00,100 גרם,false,,17.90,0.0542,true,1,8494
7290003321155,false,דנונה קראנצ' שבבי פק,שטראוס דנונה,,דנונה קראנצ' שבבי פק,מיליליטרים,175.00,"100 מ""ל",false,,4.60,0.0263,false,1,7140
7290003321292,false,סקי 9%,שטראוס,,סקי 9%,גרמים,250.00,100 גרם,false,,4.75,0.0190,false,1,4473
7290003332007,false,קפה נח'לה אדום 250 ג,,,קפה נח'לה אדום 250 ג,גרמים,250.00,100 גרם,false,,13.90,0.0556,true,1,24159
7290003332014,false,קפה נח'לה אדום 500 ג,,,קפה נח'לה אדום 500 ג,גרמים,500.00,100 גרם,false,,26.90,0.0538,true,1,120439
7290003332045,false,קפה נח'לה אדום בלי ה,,,קפה נח'לה אדום בלי ה,גרמים,250.00,100 גרם,false,,13.90,0.0556,true,1,34274
7290003387410,false,בלונס מסיר איפור שלש,,,בלונס מסיר איפור שלש,יחידה,0.00,יחידה,false,,21.90,0.0000,true,1,6666
7290003400500,false,חטיף נאטרייג'ס קרמל,,,חטיף נאטרייג'ס קרמל,גרמים,47.00,100 גרם,false,,4.50,0.0957,true,1,28749
7290003401635,false,לחות לפתיחת תלתלים 4,נטורל פורמולה,,לחות לפתיחת תלתלים 4,מיליליטרים,400.00,"100 מ""ל",false,,25.90,0.0647,true,1,5313
7290003402809,false,ריזס לבן 39 גר',,,ריזס לבן 39 גר',גרמים,39.00,100 גרם,false,,3.60,0.0923,true,1,77730
7290003411054,false,שקיות לצליה גדול- 5,הנמל,,שקיות לצליה גדול- 5,יחידה,0.00,יחידה,false,,4.60,0.0000,true,1,16721
7290003411238,false,שמרים נמסים 450,הנמל,,שמרים נמסים 450,גרמים,500.00,100 גרם,false,,14.60,0.0292,true,1,11012
7290003411276,false,עמבה 500 גר,,,עמבה 500 גר,גרמים,600.00,100 גרם,false,,10.90,0.0182,true,1,72430
7290003411405,false,נר נשמה 24 שעות בפח,,,נר נשמה 24 שעות בפח,יחידה,0.00,יחידה,false,,1.80,0.0000,true,1,67629
7290003411566,false,קיסמי אזניים 200 יח,,,קיסמי אזניים 200 יח,יחידה,0.00,יחידה,false,,2.30,0.0000,true,1,68946
7290003411689,false,צלחות ליפתן 25 יח',הנמל,,צלחות ליפתן 25 יח',יחידה,0.00,יחידה,false,,4.80,0.0000,true,1,16724
7290003411696,false,סט מרקיות 25 יח,הנמל,,סט מרקיות 25 יח,יחידה,0.00,יחידה,false,,8.90,0.0000,true,1,16725
7290003411726,false,קיסמי שיניים הנמ,הנמל,,קיסמי שיניים הנמ,יחידה,0.00,יחידה,false,,3.50,0.0000,true,1,16726
7290003411832,false,גרנולה אגוזים 400 גר,הנמל/ שבולת בשדה,,גרנולה אגוזים 400 גר,גרמים,400.00,100 גרם,false,,11.40,0.0285,true,1,11020
7290003411849,false,גרנולה תמרים 400 גרם,הנמל/ שבולת בשדה,,גרנולה תמרים 400 גרם,גרמים,400.00,100 גרם,false,,11.40,0.0285,true,1,11021
7290003411948,false,צמר גפן 100 גר הנמל,הנמל,,צמר גפן 100 גר הנמל,גרמים,100.00,100 גרם,false,,4.50,0.0450,true,1,25805
7290003411993,false,גפרורים,,,גפרורים,יחידה,0.00,יחידה,false,,2.60,0.0000,true,1,16727
7290003414406,false,ריזס נטיפים לאפייה,,,ריזס נטיפים לאפייה,גרמים,283.00,100 גרם,false,,13.90,0.0491,true,1,58440
7290003423909,false,חטיף קוקיז אנד קרים,,,חטיף קוקיז אנד קרים,יחידה,0.00,יחידה,false,,4.50,0.0000,true,1,19952
7290003427154,false,"שמן זית זיתא 750 מ""ל",זיתא,,"שמן זית זיתא 750 מ""ל",יחידה,750.00,יחידה,false,,32.90,0.0439,false,1,763
7290003434657,false,אשכולות אגוזי לוז חמ,,,אשכולות אגוזי לוז חמ,גרמים,120.00,100 גרם,false,,12.90,0.1075,true,1,88564
7290003434725,false,חטיף תמרים קשיו חמוצ,,,חטיף תמרים קשיו חמוצ,גרמים,120.00,100 גרם,false,,12.90,0.1075,true,1,88565
7290003438006,false,ממרח פסטו,אוליביה,,ממרח פסטו,גרמים,190.00,100 גרם,false,,13.90,0.0732,true,1,10430
7290003438013,false,ממרח זיתים,אוליביה,,ממרח זיתים,גרמים,190.00,100 גרם,false,,13.90,0.0732,true,1,10431
7290003438020,false,ממרח עגבניות,אוליביה,,ממרח עגבניות,גרמים,190.00,100 גרם,false,,13.90,0.0732,true,1,10432
7290003438709,false,ממרח זיתים שחורים,אוליביה,,ממרח זיתים שחורים,גרמים,190.00,100 גרם,false,,13.90,0.0732,true,1,10434
7290003438853,false,אריסה חריפה 185 גר',,,אריסה חריפה 185 גר',גרמים,185.00,100 גרם,false,,13.90,0.0751,true,1,58648
7290003438990,false,עיטורי עגבניות מיובש,אוליביה,,עיטורי עגבניות מיובש,גרמים,220.00,100 גרם,false,,19.90,0.0905,true,1,10436
7290003444009,false,ריזס שוקולד חלב הרשי,,,ריזס שוקולד חלב הרשי,גרמים,42.00,100 גרם,false,,3.60,0.0857,true,1,19954
7290003450602,false,חרדל אמיתי היינץ,היינץ,,חרדל אמיתי היינץ,גרמים,255.00,100 גרם,false,,9.90,0.0388,true,1,10648
7290003451647,false,לשון בקר,,,לשון בקר,קילוגרמים,1.00,"ק""ג",true,,39.90,39.9000,true,1,74213
7290003457991,false,מאגדת קורנטו קלאסיק,שטראוס,,מאגדת קורנטו קלאסיק,יח',6.00,יח',false,,34.90,5.8167,true,1,7655
7290003514571,false,פרכיות אורז מנה,,,פרכיות אורז מנה,גרמים,100.00,100 גרם,false,,5.00,0.0500,true,1,21569
7290003520572,false,מארז שש מטריות משוקו,,,מארז שש מטריות משוקו,גרמים,45.00,100 גרם,false,,15.90,0.3533,true,1,22948
7290003521074,false,מרכך סרקל,סרקל,,מרכך סרקל,ליטרים,1.00,ליטר,false,,27.90,27.9000,true,1,13322
7290003521081,false,סרקל שמפו 1 ליטר,סרקל,,סרקל שמפו 1 ליטר,ליטרים,1.00,ליטר,false,,27.90,27.9000,true,1,5229
7290003521166,false,סרקל קרם שיער רו,סרקל,,סרקל קרם שיער רו,גרמים,325.00,100 גרם,false,,26.90,0.0828,true,1,13323
7290003521197,false,סרקל ספריי,סרקל,,סרקל ספריי,מיליליטרים,340.00,"100 מ""ל",false,,26.90,0.0791,true,1,18425
7290003524297,false,אספרגוס לבן שלם 330,נטו,,אספרגוס לבן שלם 330,גרמים,330.00,100 גרם,false,,9.90,0.0300,true,1,20089
7290003527380,false,דבדבן מתוק ללא חרצני,,,דבדבן מתוק ללא חרצני,יחידה,680.00,יחידה,false,,8.90,0.0131,true,1,23239
7290003550753,false,רביעייה טונה פוסידון,ויליגר,,רביעייה טונה פוסידון,גרמים,432.00,100 גרם,false,,21.00,0.0486,false,1,11312
7290003550937,false,רגל עגל פרוסה טיבון,טיבון ויל,,רגל עגל פרוסה טיבון,קילוגרמים,1.00,"ק""ג",true,,37.90,37.9000,true,1,11149
7290003561032,false,בייגל רול בונז'ור,בונז'ור,,בייגל רול בונז'ור,גרמים,130.00,100 גרם,false,,3.50,0.0269,true,1,6477
7290003561193,false,בייבי חליות בונז'ור,בונז'ור,,בייבי חליות בונז'ור,גרמים,90.00,100 גרם,false,,2.50,0.0278,true,1,6105
7290003578153,false,נתחי טונה בהירה בשמן,וילי פוד,,נתחי טונה בהירה בשמן,גרמים,160.00,100 גרם,false,,6.50,0.0406,false,1,5394
7290003578290,false,מקלוני אורז,וילי פוד,,מקלוני אורז,גרמים,300.00,100 גרם,false,,5.60,0.0187,true,1,5397
7290003598311,false,מינוט סטייק 300 גר',,,מינוט סטייק 300 גר',יחידה,0.00,יחידה,false,,26.90,0.0000,true,1,70448
7290003632367,false,פילה ברבוניה בוואקום,,,פילה ברבוניה בוואקום,יחידה,0.00,יחידה,false,,24.90,0.0000,true,1,31512
7290003643004,false,אורז בסמטי קלאסי 1 ק,סוגת,,אורז בסמטי קלאסי 1 ק,גרמים,1.00,גרם,false,,12.90,12.9000,false,1,1417
7290003643134,false,סוכר וניל סוגת,סוגת,,סוכר וניל סוגת,גרמים,100.00,100 גרם,false,,2.80,0.0280,false,1,8665
7290003643158,false,קורנפלור 200 גר,,,קורנפלור 200 גר,גרמים,200.00,100 גרם,false,,2.80,0.0140,true,1,8667
7290003643172,false,אבקת סוכר 100 גר,סוגת,,אבקת סוכר 100 גר,גרמים,100.00,100 גרם,false,,2.20,0.0220,false,1,8669
7290003643325,false,קוסקוס בינוני סוגת,,,קוסקוס בינוני סוגת,גרמים,350.00,100 גרם,false,,4.90,0.0140,false,1,8671
7290003643387,false,סוכר לבן צנצנת,סוגת,,סוכר לבן צנצנת,יחידה,1.00,יחידה,false,,7.90,7.9000,false,1,8672
7290003643646,false,סוכר דמררה צנצנת,סוגת,,סוכר דמררה צנצנת,גרמים,1.00,100 גרם,false,,11.90,11.9000,false,1,1421
7290003643684,false,אפונה יבשה 500,סוגת,,אפונה יבשה 500,גרמים,500.00,100 גרם,false,,6.50,0.0130,true,1,8673
7290003643707,false,גריסים 500,סוגת,,גריסים 500,גרמים,500.00,100 גרם,false,,4.90,0.0098,false,1,8674
7290003643714,false,חומוס 500 סוגת,סוגת,,חומוס 500 סוגת,גרמים,500.00,100 גרם,false,,7.90,0.0158,true,1,8675
7290003643738,false,חיטה יבשה 500,סוגת,,חיטה יבשה 500,גרמים,500.00,100 גרם,false,,4.90,0.0098,false,1,8676
7290003643745,false,כוסמת סוגת,סוגת,,כוסמת סוגת,גרמים,500.00,100 גרם,false,,7.90,0.0158,true,1,8677
7290003643752,false,עדשים ירוקים,סוגת,,עדשים ירוקים,גרמים,500.00,100 גרם,false,,7.90,0.0158,true,1,1422
7290003643769,false,עדשים אדומים,סוגת,,עדשים אדומים,גרמים,500.00,100 גרם,false,,7.90,0.0158,true,1,1423
7290003643776,false,פופקורן 500 גר,סוגת,,פופקורן 500 גר,גרמים,500.00,100 גרם,false,,4.90,0.0098,true,1,8678
7290003643806,false,שעועית לבנה 500,סוגת,,שעועית לבנה 500,גרמים,500.00,100 גרם,false,,10.90,0.0218,true,1,1424
7290003643813,false,שעועית אדומה 500,סוגת,,שעועית אדומה 500,גרמים,500.00,100 גרם,false,,10.90,0.0218,true,1,1425
7290003643820,false,חומוס ענק 500 סו,סוגת,,חומוס ענק 500 סו,גרמים,500.00,100 גרם,false,,11.90,0.0238,true,1,8680
7290003713929,false,סלסה פהיטה 200 גר',,,סלסה פהיטה 200 גר',גרמים,200.00,100 גרם,false,,16.90,0.0845,true,1,26348
7290003715107,false,בוטנים קלויים 00,זארובי,,בוטנים קלויים 00,גרמים,400.00,100 גרם,false,,11.00,0.0275,true,1,13446
7290003715299,false,פיצוחים מעורב,זארובי,,פיצוחים מעורב,גרמים,200.00,100 גרם,false,,19.90,0.0995,true,1,13450
7290003715329,false,בוטנים עם קליפה,,,בוטנים עם קליפה,גרמים,350.00,100 גרם,false,,10.90,0.0311,true,1,31937
7290003715411,false,צנובר 100 גר,זארובי,,צנובר 100 גר,גרמים,100.00,100 גרם,false,,26.90,0.2690,true,1,13453
7290003715596,false,אגוזי מלך 300 גר,זארובי,,אגוזי מלך 300 גר,גרמים,300.00,100 גרם,false,,28.90,0.0963,true,1,6
7290003715688,false,שקד מולבן,זארובי,,שקד מולבן,גרמים,250.00,100 גרם,false,,9.90,0.0396,true,1,7
7290003715695,false,חמניות מקולפים,זארובי,,חמניות מקולפים,גרמים,100.00,100 גרם,false,,3.50,0.0350,true,1,13457
7290003715701,false,גרעיני דלעת קלוף,זארובי,,גרעיני דלעת קלוף,גרמים,100.00,100 גרם,false,,6.50,0.0650,true,1,13458
7290003715718,false,פיסטוק מקולף,זארובי,,פיסטוק מקולף,גרמים,100.00,100 גרם,false,,19.90,0.1990,true,1,31358
7290003715732,false,שקד גרוס 100 גר,זארובי,,שקד גרוס 100 גר,גרמים,100.00,100 גרם,false,,9.90,0.0990,true,1,9
7290003715749,false,אגוזי מלך גרוסים,זארובי,,אגוזי מלך גרוסים,גרמים,100.00,100 גרם,false,,9.90,0.0990,true,1,10
7290003715824,false,פרג 100 גר',זארובי,,פרג 100 גר',גרמים,100.00,100 גרם,false,,4.90,0.0490,true,1,74952
7290003715831,false,אגוזים טחונים 100גר',זארובי,,אגוזים טחונים 100גר',גרמים,100.00,100 גרם,false,,9.90,0.0990,true,1,11
7290003718993,false,פילה סלמון נורבגי,,,פילה סלמון נורבגי,קילוגרמים,1.00,"ק""ג",true,,79.90,79.9000,true,1,121987
7290003726141,false,טופו טבעי 300 גר,מחלבות גד,,טופו טבעי 300 גר,גרמים,300.00,100 גרם,false,,11.90,0.0397,true,1,6971
7290003726592,false,טופו מתובל בפסטו -מש,,,טופו מתובל בפסטו -מש,גרמים,300.00,100 גרם,false,,11.90,0.0397,false,1,78165
7290003726615,false,טופו הבית במרקם קשה-,,,טופו הבית במרקם קשה-,גרמים,300.00,100 גרם,false,,11.90,0.0397,true,1,78166
7290003726684,false,טופו חומוס בטעם טבעי,,,טופו חומוס בטעם טבעי,גרמים,300.00,100 גרם,false,,12.90,0.0430,true,1,82141
7290003726868,false,טופו חומוס בתוספת עג,,,טופו חומוס בתוספת עג,גרמים,300.00,100 גרם,false,,12.90,0.0430,true,1,118974
7290003726875,false,טופו חומוס בתוספת פס,,,טופו חומוס בתוספת פס,גרמים,300.00,100 גרם,false,,12.90,0.0430,true,1,118973
7290003744428,false,אובלטים מלוחים דקיקי,,,אובלטים מלוחים דקיקי,גרמים,300.00,100 גרם,false,,10.90,0.0363,true,1,13405
7290003744831,false,אובלטים בצל ברט,,,אובלטים בצל ברט,גרמים,300.00,100 גרם,false,,10.90,0.0363,true,1,27469
7290003744855,false,אובלטים מלוחים,,,אובלטים מלוחים,גרמים,300.00,100 גרם,false,,10.90,0.0363,true,1,27471
7290003779499,false,גינג'ר טרי,,,גינג'ר טרי,גרמים,200.00,100 גרם,false,,8.90,0.0445,true,1,3815
7290003781652,false,צלפים 370 גרם,וילי פוד,,צלפים 370 גרם,גרמים,370.00,100 גרם,false,,9.90,0.0268,true,1,5407
7290003781850,false,גבינת קשקבל פרוסות,,,גבינת קשקבל פרוסות,גרמים,200.00,100 גרם,false,,19.90,0.0995,true,1,88813
7290003804252,false,תיבולית קנור הודי,קנור,,תיבולית קנור הודי,גרמים,72.00,100 גרם,false,,10.00,0.1389,false,1,9340
7290003804320,false,תיבולית שום ופטרוזיל,קנור,,תיבולית שום ופטרוזיל,גרמים,72.00,100 גרם,false,,10.00,0.1389,false,1,9341
7290003804368,false,תיבולית קנור בזי,קנור,,תיבולית קנור בזי,גרמים,72.00,100 גרם,false,,10.00,0.1389,false,1,9343
7290003804382,false,תיבולית פטריות,קנור,,תיבולית פטריות,גרמים,72.00,100 גרם,false,,10.00,0.1389,false,1,9345
7290003805129,false,פירה ביתי תלמה,תלמה,,פירה ביתי תלמה,גרמים,260.00,100 גרם,false,,13.50,0.0519,false,1,9350
7290003805501,false,פתית שבדי חסכוני,פתית,,פתית שבדי חסכוני,גרמים,300.00,100 גרם,false,,18.50,0.0617,true,1,14445
7290003805587,false,פתית חיטה מלאה,פתית,,פתית חיטה מלאה,גרמים,250.00,100 גרם,false,,18.50,0.0740,true,1,14446
7290003807178,false,רוטב סויה בסגנון סינ,קנור,,רוטב סויה בסגנון סינ,יחידה,300.00,יחידה,false,,12.90,0.0430,true,1,9363
7290003807482,false,רוטב טריאקי קנור,קנור,,רוטב טריאקי קנור,יחידה,300.00,יחידה,false,,12.90,0.0430,true,1,9368
7290003864478,false,סרדינים בשמן צמחי 11,וילי פוד,,סרדינים בשמן צמחי 11,גרמים,110.00,100 גרם,false,,4.90,0.0445,true,1,5413
7290003864485,false,סרדינים ברוטב עגבניו,וילי פוד,,סרדינים ברוטב עגבניו,גרמים,110.00,100 גרם,false,,4.90,0.0445,true,1,5414
7290003864492,false,סרדינים בשמן צמחי פי,וילי פוד,,סרדינים בשמן צמחי פי,גרמים,110.00,100 גרם,false,,4.90,0.0445,true,1,5415
7290003882922,false,עלי גפן ממולאים 400,וילי פוד,,עלי גפן ממולאים 400,גרמים,400.00,100 גרם,false,,8.90,0.0223,true,1,3114
7290003893843,false,פילה אמנון   בלי עור,,,פילה אמנון   בלי עור,קילוגרמים,1.00,"ק""ג",true,,26.90,26.9000,true,1,75539
7290003893911,false,דג נילוס בוואקום,,,דג נילוס בוואקום,קילוגרמים,1.00,"ק""ג",true,,74.90,74.9000,true,1,80035
7290003896141,false,פיצוחים אלפנדוס,קליית גת,,פיצוחים אלפנדוס,גרמים,200.00,100 גרם,false,,8.90,0.0445,true,1,5531
7290003903771,false,קפוצ'ינו פחית 200 גר,עלית,,קפוצ'ינו פחית 200 גר,גרמים,200.00,100 גרם,false,,24.90,0.1245,true,1,12302
7290003903788,false,קפוצ'ינו וניל 200 גר,עלית,,קפוצ'ינו וניל 200 גר,גרמים,200.00,100 גרם,false,,24.90,0.1245,true,1,12303
7290003956012,false,גבינת פטאקי 16%,,,גבינת פטאקי 16%,קילוגרמים,1.00,"ק""ג",true,,38.90,38.9000,false,1,27059
7290003976003,false,אקופרנד ניקוי אסלות,,,אקופרנד ניקוי אסלות,מיליליטרים,750.00,"100 מ""ל",false,,12.90,0.0172,true,1,86515
7290003976058,false,אקופרנד מרכך כביסה מ,,,אקופרנד מרכך כביסה מ,ליטרים,1.00,ליטר,false,,17.90,17.9000,true,1,84283
7290003976065,false,אקופרנד מרכך כביסה מ,,,אקופרנד מרכך כביסה מ,יחידה,0.00,יחידה,false,,17.90,0.0000,true,1,89423
7290003976096,false,אקופרנד ג'ל כביסה מר,,,אקופרנד ג'ל כביסה מר,ליטרים,1.00,ליטר,false,,19.90,19.9000,true,1,81583
7290003976119,false,אקופרנד נוזל כלים,,,אקופרנד נוזל כלים,יחידה,0.00,יחידה,false,,13.90,0.0000,true,1,82295
7290003976126,false,אקופרנד נוזל כלים לי,,,אקופרנד נוזל כלים לי,מיליליטרים,750.00,"100 מ""ל",false,,13.90,0.0185,true,1,81580
7290003989539,false,רביולי גבינה,שטראוס,,רביולי גבינה,גרמים,400.00,100 גרם,false,,19.90,0.0497,true,1,12064
7290003989553,false,טורטליני פיטריות,שטראוס,,טורטליני פיטריות,גרמים,400.00,100 גרם,false,,19.90,0.0497,true,1,12065
7290004011284,false,בסיס להכנת קצפת ריץ',ריץ',,בסיס להכנת קצפת ריץ',מיליליטרים,212.00,"100 מ""ל",false,,7.50,0.0354,true,1,11314
7290004011338,false,ריץ' קצפת מיכל 22.5%,ריץ',,ריץ' קצפת מיכל 22.5%,גרמים,250.00,100 גרם,false,,10.90,0.0436,false,1,3744
7290004011345,false,ר'יצ קצפת פרווה 250,ריץ',,ר'יצ קצפת פרווה 250,גרמים,250.00,100 גרם,false,,10.90,0.0436,false,1,3745
7290004011796,false,קבבונים אל גאוצ'ו 40,אל גאוצו',,קבבונים אל גאוצ'ו 40,גרמים,400.00,100 גרם,false,,21.90,0.0547,false,1,11317
7290004011819,false,המבורגר ריב אנטריקוט,אל גאוצו',,המבורגר ריב אנטריקוט,גרמים,360.00,100 גרם,false,,21.90,0.0608,false,1,20810
7290004011826,false,מיני המבורגר ריב אנט,אל גאוצו',,מיני המבורגר ריב אנט,גרמים,320.00,100 גרם,false,,21.90,0.0684,false,1,20811
7290004014407,false,סוכריות אם אנד אם,,,סוכריות אם אנד אם,גרמים,46.20,100 גרם,false,,4.90,0.1061,true,1,61630
7290004022309,false,סוכריות אם אנד אם 80,,,סוכריות אם אנד אם 80,גרמים,80.00,100 גרם,false,,7.90,0.0988,true,1,68974
7290004030018,false,פרי ניב מיץ לימון 10,,,פרי ניב מיץ לימון 10,ליטרים,0.50,ליטר,false,,6.90,13.8000,true,1,13055
7290004030100,false,מיץ תפוזים סחוט וולנ,,,מיץ תפוזים סחוט וולנ,ליטרים,1.00,ליטר,false,,14.90,14.9000,true,1,81658
7290004030445,false,פרי ניב מיץ תפוזים 1,פרי ניב,,פרי ניב מיץ תפוזים 1,ליטרים,1.00,ליטר,false,,13.50,13.5000,true,1,13058
7290004030834,false,מיץ רימונים  1 ליטר,פרי ניב,,מיץ רימונים  1 ליטר,ליטרים,1.00,ליטר,false,,23.90,23.9000,true,1,13063
7290004033705,false,הבורגריה 6 לחמניות ה,ברמן,,הבורגריה 6 לחמניות ה,גרמים,600.00,100 גרם,false,,14.90,0.0248,true,1,89895
7290004033712,false,לחם עננים מקמח מלא ע,ברמן,,לחם עננים מקמח מלא ע,גרמים,750.00,100 גרם,false,,12.90,0.0172,true,1,89896
7290004033736,false,לחם עננים בסגנון ברי,ברמן,,לחם עננים בסגנון ברי,גרמים,500.00,100 גרם,false,,12.90,0.0258,true,1,118682
7290004043108,false,סוכריות אם אנד אם 89,,,סוכריות אם אנד אם 89,גרמים,89.00,100 גרם,false,,7.90,0.0888,true,1,68970
7290004063016,false,מלח דק 1 קג,קבוצת יבנה,,מלח דק 1 קג,יחידה,1.00,יחידה,false,,1.90,1.9000,false,1,9930
7290004063092,false,מלח למדיח 2קג,,,מלח למדיח 2קג,קילוגרמים,2.00,"ק""ג",false,,10.90,5.4500,false,1,13822
7290004063115,false,מלח עבה 1 קג,קבוצת יבנה,,מלח עבה 1 קג,יחידה,1.00,יחידה,false,,1.90,1.9000,false,1,9931
7290004064099,false,מטחנה מלח מהרי ההימל,,,מטחנה מלח מהרי ההימל,גרמים,250.00,100 גרם,false,,15.90,0.0636,true,1,63652
7290004064105,false,מטחנה מלח ים עשבי תי,,,מטחנה מלח ים עשבי תי,גרמים,250.00,100 גרם,false,,15.90,0.0636,true,1,63653
7290004064174,false,מלח הארץ הימלאיה דק,מלח הארץ,,מלח הארץ הימלאיה דק,קילוגרמים,1.00,"ק""ג",false,,15.90,15.9000,true,1,71303
7290004064181,false,מלח הארץ הימלאיה גס,מלח הארץ,,מלח הארץ הימלאיה גס,קילוגרמים,1.00,"ק""ג",false,,15.90,15.9000,true,1,71304
7290004064198,false,מטחנת מלח אקסטרא תבל,מלח הארץ,,מטחנת מלח אקסטרא תבל,גרמים,115.00,100 גרם,false,,15.90,0.1383,true,1,75121
7290004064297,false,מלח מועשר ביוד צנצנת,מלח הארץ,,מלח מועשר ביוד צנצנת,קילוגרמים,1.00,"ק""ג",false,,8.90,8.9000,true,1,78647
7290004064303,false,מלח אטלנטי בצנצנת 80,מלח הארץ,,מלח אטלנטי בצנצנת 80,גרמים,800.00,100 גרם,false,,18.90,0.0236,true,1,78648
7290004064389,false,מלח הימאליה דק מלחיה,,,מלח הימאליה דק מלחיה,גרמים,250.00,100 גרם,false,,10.00,0.0400,false,1,86761
7290004068011,false,יוגורט כבשים 600 גר,מחלבות גד,,יוגורט כבשים 600 גר,גרמים,600.00,100 גרם,false,,16.90,0.0282,true,1,23880
7290004068028,false,יוגורט ציזיקי לשתייה,מחלבות גד,,יוגורט ציזיקי לשתייה,מיליליטרים,500.00,"100 מ""ל",false,,9.10,0.0182,true,1,25487
7290004068035,false,"יוגורט איירן 500 מ""ל",מחלבות גד,,"יוגורט איירן 500 מ""ל",מיליליטרים,500.00,"100 מ""ל",false,,7.50,0.0150,true,1,25276
7290004068172,false,יוגורט עיזים דלי 600,תנובה חלב,,יוגורט עיזים דלי 600,גרמים,600.00,100 גרם,false,,16.90,0.0282,true,1,29373
7290004068912,false,גבינת גרנה פדנו גד,,,גבינת גרנה פדנו גד,קילוגרמים,1.00,"ק""ג",true,,129.90,129.9000,true,1,82072
7290004078270,false,פלמוליב לכלים לימון,פלמוליב,,פלמוליב לכלים לימון,ליטרים,1.00,ליטר,false,,13.90,13.9000,false,1,6669
7290004078690,false,אג'קס ג'ל לאסלה,אג'קס,,אג'קס ג'ל לאסלה,יחידה,750.00,יחידה,false,,14.90,0.0199,true,1,6672
7290004078942,false,ספיד סטיק ג'ל,ספיד סטיק,,ספיד סטיק ג'ל,גרמים,63.00,100 גרם,false,,19.90,0.3159,true,1,496
7290004091255,false,ואזלין מס 3,וזלין,,ואזלין מס 3,גרמים,225.00,100 גרם,false,,22.90,0.1018,true,1,14452
7290004119225,false,יופלה אננס ספונטני 3,תנובה חלב,,יופלה אננס ספונטני 3,מיליליטרים,150.00,"100 מ""ל",false,,4.90,0.0327,true,1,6878
7290004119928,false,קרלו וניל 1.5%,תנובה חלב,,קרלו וניל 1.5%,גרמים,125.00,100 גרם,false,,2.80,0.0224,true,1,6880
7290004119973,false,מעדן קרלו 1.5%,תנובה חלב,,מעדן קרלו 1.5%,גרמים,125.00,100 גרם,false,,2.80,0.0224,true,1,6881
7290004120061,false,קרלו מעדן שוניל 1.5%,תנובה חלב,,קרלו מעדן שוניל 1.5%,גרמים,125.00,100 גרם,false,,3.00,0.0240,true,1,6882
7290004120108,false,יופלה דבדבן 0%,תנובה חלב,,יופלה דבדבן 0%,מיליליטרים,150.00,"100 מ""ל",false,,4.90,0.0327,true,1,6883
7290004120283,false,"שוקו באדי בד""צ 250מל",תנובה חלב,,"שוקו באדי בד""צ 250מל",מיליליטרים,225.00,"100 מ""ל",false,,2.80,0.0124,true,1,6885
7290004120566,false,בולגרית פיראוס 24%,תנובה חלב,,בולגרית פיראוס 24%,גרמים,250.00,100 גרם,false,,22.80,0.0912,false,1,6886
7290004120573,false,בולגרית פיראוס 16%,תנובה חלב,,בולגרית פיראוס 16%,גרמים,250.00,100 גרם,false,,22.80,0.0912,false,1,6887
7290004120634,false,בולגרית פיראוס 5%,תנובה חלב,,בולגרית פיראוס 5%,גרמים,250.00,100 גרם,false,,22.80,0.0912,false,1,6888
7290004120832,false,חלב כד 3% מהדרין,תנובה חלב,,חלב כד 3% מהדרין,ליטרים,2.00,ליטר,false,,12.46,6.2300,false,1,6890
7290004121280,false,שמנת תנובה 9% חצי מנ,,,שמנת תנובה 9% חצי מנ,מיליליטרים,100.00,"100 מ""ל",false,,1.30,0.0130,false,1,74552
7290004121488,false,יופלה אפרסק חטוב 0%,תנובה חלב,,יופלה אפרסק חטוב 0%,מיליליטרים,150.00,"100 מ""ל",false,,4.90,0.0327,true,1,6891
7290004121525,false,מאגדת יופלה אפרסק+תו,תנובה חלב,,מאגדת יופלה אפרסק+תו,מיליליטרים,1200.00,"100 מ""ל",false,,29.90,0.0249,true,1,8153
7290004121754,false,יופלה עוגת גבינה ותו,תנובה חלב,,יופלה עוגת גבינה ותו,מיליליטרים,150.00,"100 מ""ל",false,,4.90,0.0327,true,1,6892
7290004121839,false,פטה כבשים 20% פיראוס,תנובה חלב,,פטה כבשים 20% פיראוס,גרמים,250.00,100 גרם,false,,26.30,0.1052,false,1,6893
7290004121853,false,פיראוס קוביות בולגרי,תנובה חלב,,פיראוס קוביות בולגרי,גרמים,200.00,100 גרם,false,,20.60,0.1030,false,1,6894
7290004122119,false,פתיתי פרמזן לאפיה 23,תנובה חלב,,פתיתי פרמזן לאפיה 23,גרמים,100.00,100 גרם,false,,11.90,0.1190,true,1,6896
7290004122195,false,גוש חלב פרוס 28%,תנובה חלב,,גוש חלב פרוס 28%,גרמים,200.00,100 גרם,false,,13.60,0.0680,false,1,688
7290004122270,false,עמק פרוסות 28%,תנובה חלב,,עמק פרוסות 28%,גרמים,200.00,100 גרם,false,,16.00,0.0800,false,1,689
7290004122348,false,עמק לייט 9%,תנובה חלב,,עמק לייט 9%,גרמים,200.00,100 גרם,false,,16.70,0.0835,false,1,691
7290004122676,false,גבינת חמד 5% גביע 25,תנובה חלב,,גבינת חמד 5% גביע 25,גרמים,250.00,100 גרם,false,,17.70,0.0708,false,1,8156
7290004122683,false,אצבעות חטיף גבינת עמ,תנובה חלב,,אצבעות חטיף גבינת עמ,גרמים,172.00,100 גרם,false,,16.00,0.0930,true,1,8157
7290004124205,false,יופלה תות קליל 0%,תנובה חלב,,יופלה תות קליל 0%,מיליליטרים,150.00,"100 מ""ל",false,,4.90,0.0327,true,1,6901
7290004124847,false,קצפת צימחית השף הלבן,תנובה חלב,,קצפת צימחית השף הלבן,מיליליטרים,500.00,"100 מ""ל",false,,15.90,0.0318,true,1,8160
7290004125370,false,שמנת תנובה 9%,תנובה חלב,,שמנת תנובה 9%,גרמים,200.00,100 גרם,false,,3.50,0.0175,true,1,6903
7290004125400,false,שלי אשל 4.5%,תנובה חלב,,שלי אשל 4.5%,מיליליטרים,200.00,"100 מ""ל",false,,1.69,0.0084,false,1,6904
7290004125417,false,שלי גיל 3%,תנובה חלב,,שלי גיל 3%,מיליליטרים,200.00,"100 מ""ל",false,,1.51,0.0076,false,1,6905
7290004125455,false,שמנת 15%,תנובה חלב,,שמנת 15%,מיליליטרים,200.00,"100 מ""ל",false,,2.40,0.0120,false,1,6906
7290004125462,false,שמנת חמוצה 15%,תנובה חלב,,שמנת חמוצה 15%,יחידה,500.00,יחידה,false,,6.00,0.0120,false,1,6907
7290004125509,false,שמנת אורגינל 15%,תנובה חלב,,שמנת אורגינל 15%,מיליליטרים,100.00,"100 מ""ל",false,,1.60,0.0160,false,1,6908
7290004125578,false,משקה סויה מועשר 1.6%,תנובה חלב,,משקה סויה מועשר 1.6%,ליטרים,1.00,ליטר,false,,9.90,9.9000,false,1,6909
7290004125585,false,משקה סויה וניל 1.45%,תנובה חלב,,משקה סויה וניל 1.45%,ליטרים,1.00,ליטר,false,,9.90,9.9000,false,1,6910
7290004125721,false,שמנת לבישול 15%,תנובה חלב,,שמנת לבישול 15%,מיליליטרים,250.00,"100 מ""ל",false,,8.20,0.0328,true,1,6912
7290004125738,false,שמנת להקצפה 32%,תנובה חלב,,שמנת להקצפה 32%,מיליליטרים,250.00,"100 מ""ל",false,,6.50,0.0260,true,1,6913
7290004125776,false,עמק פרוס 28% 400 גרם,תנובה חלב,,עמק פרוס 28% 400 גרם,גרמים,400.00,100 גרם,false,,28.90,0.0722,false,1,8161
7290004126674,false,טל העמק לייט 9%,תנובה חלב,,טל העמק לייט 9%,גרמים,200.00,100 גרם,false,,18.70,0.0935,true,1,697
7290004126759,false,יופלה פירות יער 0%,תנובה חלב,,יופלה פירות יער 0%,מיליליטרים,150.00,"100 מ""ל",false,,4.90,0.0327,true,1,6914
7290004126872,false,שוקו בקבוקון 2%,תנובה חלב,,שוקו בקבוקון 2%,מיליליטרים,250.00,"100 מ""ל",false,,5.60,0.0224,true,1,8163
7290004127329,false,קוטג' תנובה 5% 250 ג,תנובה חלב,,קוטג' תנובה 5% 250 ג,גרמים,250.00,100 גרם,false,,5.50,0.0220,false,1,6916
7290004127336,false,קוטג' תנובה 9% 250 ג,תנובה חלב,,קוטג' תנובה 9% 250 ג,גרמים,250.00,100 גרם,false,,5.50,0.0220,false,1,6917
7290004127800,false,גבינה לבנה 5% 500 גר,תנובה חלב,,גבינה לבנה 5% 500 גר,גרמים,500.00,100 גרם,false,,9.96,0.0199,false,1,699
7290004127817,false,גבינה לבנה 9% 500 גר,תנובה חלב,,גבינה לבנה 9% 500 גר,גרמים,500.00,100 גרם,false,,9.50,0.0190,false,1,700
7290004127862,false,גבינה 5% 750,תנובה חלב,,גבינה 5% 750,גרמים,750.00,100 גרם,false,,14.94,0.0199,false,1,701
7290004128333,false,לבנה פיראוס 9% - 500,תנובה חלב,,לבנה פיראוס 9% - 500,גרמים,500.00,100 גרם,false,,19.20,0.0384,false,1,6920
7290004128401,false,פטה כבשים20%  פיראוס,תנובה חלב,,פטה כבשים20%  פיראוס,קילוגרמים,1.00,"ק""ג",true,,112.70,112.7000,true,1,8047
7290004128432,false,פתיתים מיוחדים לפיצה,תנובה חלב,,פתיתים מיוחדים לפיצה,גרמים,500.00,100 גרם,false,,21.80,0.0436,false,1,707
7290004129101,false,נפוליאון טבעי 30%,תנובה חלב,,נפוליאון טבעי 30%,גרמים,225.00,100 גרם,false,,13.90,0.0618,false,1,6923
7290004129156,false,נפוליאון שום שמיר 30,תנובה חלב,,נפוליאון שום שמיר 30,גרמים,225.00,100 גרם,false,,13.90,0.0618,false,1,6925
7290004129767,false,יופלה טבעי 3% שמיניה,תנובה חלב,,יופלה טבעי 3% שמיניה,מיליליטרים,1200.00,"100 מ""ל",false,,17.50,0.0146,true,1,6928
7290004130794,false,משקה סויה מועשר 1.6%,תנובה חלב,,משקה סויה מועשר 1.6%,ליטרים,1.00,ליטר,false,,9.90,9.9000,false,1,6929
7290004130916,false,יופלה פירות יער בשמנ,תנובה חלב,,יופלה פירות יער בשמנ,מיליליטרים,150.00,"100 מ""ל",false,,4.90,0.0327,true,1,8168
7290004131074,false,חלב 3% טרי בקרטון מה,תנובה חלב,,חלב 3% טרי בקרטון מה,ליטרים,1.00,ליטר,false,,6.23,6.2300,false,1,6930
7290004131432,false,יופלה טבעי 3%,תנובה חלב,,יופלה טבעי 3%,מיליליטרים,200.00,"100 מ""ל",false,,3.80,0.0190,true,1,6933
7290004131456,false,יופלה טבעי 1.5%,תנובה חלב,,יופלה טבעי 1.5%,מיליליטרים,200.00,"100 מ""ל",false,,3.80,0.0190,true,1,6934
7290004131814,false,גבינת פיראוס צפתית מ,תנובה חלב,,גבינת פיראוס צפתית מ,גרמים,200.00,100 גרם,false,,14.70,0.0735,false,1,6937
7290004132552,false,דיאט סויה טבעי 1.8%,תנובה חלב,,דיאט סויה טבעי 1.8%,ליטרים,1.00,ליטר,false,,9.90,9.9000,false,1,6939
7290004132712,false,אצבעות גבינת מוצרלה,תנובה חלב,,אצבעות גבינת מוצרלה,גרמים,174.00,100 גרם,false,,16.00,0.0920,true,1,6940
7290004133511,false,שמיניית יופלה במתיקו,תנובה חלב,,שמיניית יופלה במתיקו,מיליליטרים,1200.00,"100 מ""ל",false,,20.70,0.0172,true,1,6943
7290004135058,false,מאגדת מיני קרלו שמינ,תנובה חלב,,מאגדת מיני קרלו שמינ,גרמים,800.00,100 גרם,false,,13.90,0.0174,true,1,8184
7290004135225,false,מעדן דיאט שוקולדה 0%,תנובה חלב,,מעדן דיאט שוקולדה 0%,מיליליטרים,150.00,"100 מ""ל",false,,3.90,0.0260,true,1,715
7290004135324,false,בולגרית 5% מעודנת תנ,,,בולגרית 5% מעודנת תנ,קילוגרמים,1.00,"ק""ג",true,,46.90,46.9000,false,1,8052
7290004135614,false,בולגרית מעודנת 5% תנ,תנובה חלב,,בולגרית מעודנת 5% תנ,גרמים,250.00,100 גרם,false,,22.70,0.0908,false,1,8187
7290004136291,false,צפתית מעודנת,,,צפתית מעודנת,קילוגרמים,1.00,"ק""ג",true,,56.90,56.9000,true,1,8055
7290004136598,false,מארז הפסקת אוכל חלב,תנובה חלב,,מארז הפסקת אוכל חלב,מיליליטרים,150.00,"100 מ""ל",false,,8.90,0.0593,false,1,8199
7290004136857,false,ג'לי פטל תנובה,תנובה חלב,,ג'לי פטל תנובה,גרמים,125.00,100 גרם,false,,2.30,0.0184,true,1,8201
7290004136864,false,ג'לי אננס עם חתיכו א,תנובה חלב,,ג'לי אננס עם חתיכו א,גרמים,125.00,100 גרם,false,,2.70,0.0216,true,1,8202
7290004136871,false,ג'לי אפרסק עם חתיכות,תנובה חלב,,ג'לי אפרסק עם חתיכות,גרמים,125.00,100 גרם,false,,2.70,0.0216,true,1,8203
7290004137021,false,שמנת לבישול מופחת שו,תנובה חלב,,שמנת לבישול מופחת שו,מיליליטרים,250.00,"100 מ""ל",false,,8.20,0.0328,false,1,8205
7290004137311,false,עמק לייט 9% 400 גרם,תנובה חלב,,עמק לייט 9% 400 גרם,גרמים,400.00,100 גרם,false,,30.50,0.0763,false,1,719
7290004146986,false,נקה 7-שמפו  צבוע כתו,נקה 7,,נקה 7-שמפו  צבוע כתו,מיליליטרים,750.00,"100 מ""ל",false,,11.90,0.0159,true,1,18591
7290004147020,false,ספוג יפני לרחצה,,,ספוג יפני לרחצה,יחידה,0.00,יחידה,false,,22.90,0.0000,true,1,15409
7290004147051,false,קיסמי שיניים צנצ,,,קיסמי שיניים צנצ,יחידה,0.00,יחידה,false,,10.90,0.0000,true,1,15411
7290004147150,false,רצועות מסאז' לגב,,,רצועות מסאז' לגב,יחידה,0.00,יחידה,false,,12.90,0.0000,true,1,15413
7290004147235,false,פינצטה,,,פינצטה,יחידה,0.00,יחידה,false,,13.00,0.0000,true,1,25896
7290004147280,false,שקית כביסון,,,שקית כביסון,יחידה,750.00,יחידה,false,,9.90,0.0132,true,1,15419
7290004147310,false,מראה לטיול מס 4,,,מראה לטיול מס 4,יחידה,0.00,יחידה,false,,6.90,0.0000,true,1,74143
7290004147334,false,סוגרן שקיות,,,סוגרן שקיות,יחידה,0.00,יחידה,false,,9.90,0.0000,true,1,15423
7290004147440,false,קוצץ ציפורניים,,,קוצץ ציפורניים,יחידה,0.00,יחידה,false,,8.90,0.0000,true,1,15425
7290004147655,false,שרוכים לנעליים,,,שרוכים לנעליים,יחידה,0.00,יחידה,false,,8.00,0.0000,true,1,15427
7290004170097,false,עוגת קראנץ שוקולד,,,עוגת קראנץ שוקולד,גרמים,500.00,100 גרם,false,,18.90,0.0378,true,1,81706
7290004199272,false,בקבוק פיה רחבה,,,בקבוק פיה רחבה,יחידה,0.00,יחידה,false,,13.90,0.0000,true,1,10264
7290004200930,false,זוג זיקוקין,,,זוג זיקוקין,יחידה,0.00,יחידה,false,,7.20,0.0000,true,1,13734
7290004218034,false,אוסובוקו קפוא,,,אוסובוקו קפוא,קילוגרמים,1.00,"ק""ג",true,,55.00,55.0000,false,1,7038
7290004219819,false,מלבין קפה הולנדי,קומפלטה,,מלבין קפה הולנדי,גרמים,200.00,100 גרם,false,,10.50,0.0525,true,1,5424
7290004221409,false,רוטב חזרת SANDWICH P,,,רוטב חזרת SANDWICH P,גרמים,454.00,100 גרם,false,,19.90,0.0438,true,1,17752
7290004225025,false,פטה בקר,,,פטה בקר,קילוגרמים,1.00,"ק""ג",true,,32.90,32.9000,true,1,60831
7290004225278,false,גבינת דנאבלו,נטו,,גבינת דנאבלו,קילוגרמים,1.00,"ק""ג",true,,74.90,74.9000,true,1,24500
7290004225285,false,גבינת דנבלו 100 גר,,,גבינת דנבלו 100 גר,גרמים,100.00,100 גרם,false,,11.90,0.1190,true,1,28268
7290004225872,false,"קרם קוקוס 400 מ""ל",ויליגר,,"קרם קוקוס 400 מ""ל",מיליליטרים,400.00,"100 מ""ל",false,,6.30,0.0157,true,1,26975
7290004229931,false,אורז בסמטי 1 קג - הי,,,אורז בסמטי 1 קג - הי,קילוגרמים,1.00,"ק""ג",false,,9.90,9.9000,true,1,77884
7290004230333,false,מקלות בורקס פילו שגב,,,מקלות בורקס פילו שגב,גרמים,600.00,100 גרם,false,,21.00,0.0350,true,1,25570
7290004230340,false,מקלות בורקס פילו תרד,,,מקלות בורקס פילו תרד,גרמים,600.00,100 גרם,false,,21.00,0.0350,true,1,25571
7290004230357,false,מקלות בורקס פילו בטט,,,מקלות בורקס פילו בטט,גרמים,600.00,100 גרם,false,,21.00,0.0350,true,1,25572
7290004230364,false,מקלות בורקס פילו גבי,,,מקלות בורקס פילו גבי,גרמים,600.00,100 גרם,false,,21.00,0.0350,true,1,25573
7290004256371,false,גבינת ריץ פרוסה 400,,,גבינת ריץ פרוסה 400,גרמים,400.00,100 גרם,false,,17.90,0.0447,false,1,79236
7290004256753,false,עלי סיגר לפסטילייה,,,עלי סיגר לפסטילייה,יחידה,0.00,יחידה,false,,13.90,0.0000,true,1,78248
7290004324605,false,מון בלאן רוקפור לייט,נטו,,מון בלאן רוקפור לייט,גרמים,120.00,100 גרם,false,,13.00,0.1083,true,1,11331
7290004329990,false,שניצל עוף פרוס,בלדי,,שניצל עוף פרוס,קילוגרמים,1.00,"ק""ג",true,,42.90,42.9000,true,1,13279
7290004339401,false,"בורגר מן הצומח ""טבע",,,"בורגר מן הצומח ""טבע",גרמים,400.00,100 גרם,false,,24.90,0.0622,true,1,23961
7290004339425,false,שווארמה מהצומח טבע ד,,,שווארמה מהצומח טבע ד,גרמים,350.00,100 גרם,false,,24.90,0.0711,true,1,27896
7290004339630,false,טבע דלי-סייטן בסגנון,,,טבע דלי-סייטן בסגנון,גרמים,350.00,100 גרם,false,,19.90,0.0569,true,1,27897
7290004339777,false,SEITAN-סייטן בולונז,,,SEITAN-סייטן בולונז,גרמים,350.00,100 גרם,false,,24.90,0.0711,true,1,60298
7290004339807,false,"המבורגר כוסמת ""טבע ד",,,"המבורגר כוסמת ""טבע ד",גרמים,400.00,100 גרם,false,,24.90,0.0622,true,1,63665
7290004339999,false,סייטן אמרנט שניצלוני,,,סייטן אמרנט שניצלוני,גרמים,400.00,100 גרם,false,,26.90,0.0672,true,1,60231
7290004386825,false,שעועית ברוטב עגבניות,וילי פוד,,שעועית ברוטב עגבניות,גרמים,420.00,100 גרם,false,,7.90,0.0188,true,1,5426
7290004390396,false,שרי  יין- הולנד 750,,,שרי  יין- הולנד 750,יחידה,750.00,יחידה,false,,22.90,0.0305,true,1,32623
7290004480332,false,גאודה בקר משולשים,,,גאודה בקר משולשים,קילוגרמים,1.00,"ק""ג",true,,111.50,111.5000,true,1,118953
7290004480349,false,גאודה עיזים משולשים,,,גאודה עיזים משולשים,קילוגרמים,1.00,"ק""ג",true,,122.90,122.9000,true,1,118961
7290004492274,false,בייגלה טבעות מלוחות,בייגל בייגל,,בייגלה טבעות מלוחות,גרמים,400.00,100 גרם,false,,8.90,0.0223,true,1,2149
7290004492762,false,נשנושים תירס,בייגל בייגל,,נשנושים תירס,גרמים,325.00,100 גרם,false,,13.50,0.0415,false,1,2152
7290004494063,false,יין דלתון גליל פטיט,,,יין דלתון גליל פטיט,גרמים,750.00,100 גרם,false,,59.90,0.0799,true,1,27269
7290004494131,false,דלתון גליל קברנה סוב,יקב דלתון,,דלתון גליל קברנה סוב,מיליליטרים,750.00,"100 מ""ל",false,,59.90,0.0799,true,1,14709
7290004494148,false,דלתון גליל מרלו,יקב דלתון,,דלתון גליל מרלו,מיליליטרים,750.00,"100 מ""ל",false,,59.90,0.0799,false,1,14710
7290004494179,false,יין דלתון שרדונה,,,יין דלתון שרדונה,מיליליטרים,750.00,"100 מ""ל",false,,59.90,0.0799,true,1,25578
7290004494377,false,דלתון גליל שיראז,יקב דלתון,,דלתון גליל שיראז,מיליליטרים,750.00,"100 מ""ל",false,,59.90,0.0799,true,1,14712
7290004494919,false,כנען קברנה שיראז,,,כנען קברנה שיראז,מיליליטרים,750.00,"100 מ""ל",false,,37.50,0.0500,true,1,66369
7290004518271,false,הרינג שלם מלוח בוואק,,,הרינג שלם מלוח בוואק,קילוגרמים,1.00,"ק""ג",true,,21.90,21.9000,true,1,80770
7290004584306,false,סופר גמדים תות בננה,שטראוס,,סופר גמדים תות בננה,גרמים,400.00,100 גרם,false,,11.10,0.0277,true,1,7142
7290004584351,false,סימפוניה 5%,שטראוס,,סימפוניה 5%,גרמים,200.00,100 גרם,false,,11.20,0.0560,false,1,7143
7290004584528,false,יוגורט דנונה ביו 1.7,שטראוס דנונה,,יוגורט דנונה ביו 1.7,מיליליטרים,200.00,"100 מ""ל",false,,3.50,0.0175,true,1,7144
7290004585907,false,דני וניל 1.5%,שטראוס,,דני וניל 1.5%,מיליליטרים,130.00,"100 מ""ל",false,,2.60,0.0200,true,1,7145
7290004603175,false,מלח גס 500 גר',,,מלח גס 500 גר',גרמים,500.00,100 גרם,false,,7.90,0.0158,true,1,29355
7290004652418,false,מיני ג'חנון ללא מרגר,,,מיני ג'חנון ללא מרגר,גרמים,650.00,100 גרם,false,,18.90,0.0291,true,1,117972
7290004658946,false,יין שרדונה C.P,יקבי כרמל,,יין שרדונה C.P,מיליליטרים,750.00,"100 מ""ל",false,,34.90,0.0465,false,1,15123
7290004685010,false,לחם הארץ,ודש,,לחם הארץ,גרמים,500.00,100 גרם,false,,17.90,0.0358,true,1,22343
7290004685089,false,לחם הארץ חמניות,ודש,,לחם הארץ חמניות,גרמים,500.00,100 גרם,false,,17.90,0.0358,true,1,22383
7290004685126,false,לחם 5 דגנים הארץ,ברמן,,לחם 5 דגנים הארץ,גרמים,750.00,100 גרם,false,,17.90,0.0239,true,1,14138
7290004685157,false,לחם הארץ שיפון 100%,ברמן,,לחם הארץ שיפון 100%,גרמים,750.00,100 גרם,false,,17.90,0.0239,true,1,14141
7290004685195,false,לחם 10 דגנים הארץ,ברמן,,לחם 10 דגנים הארץ,גרמים,750.00,100 גרם,false,,17.90,0.0239,true,1,14142
7290004685201,false,לחם שיפון אגוזים,ברמן,,לחם שיפון אגוזים,גרמים,500.00,100 גרם,false,,17.90,0.0358,true,1,14143
7290004685225,false,לחם שיפון פומפרניקל,ברמן,,לחם שיפון פומפרניקל,גרמים,750.00,100 גרם,false,,17.90,0.0239,true,1,14144
7290004685430,false,לחם הארץ כוסמין 100%,ברמן,,לחם הארץ כוסמין 100%,גרמים,500.00,100 גרם,false,,17.90,0.0358,true,1,68323
7290004685447,false,לחמניות כוסמין שישיי,ודש,,לחמניות כוסמין שישיי,גרמים,450.00,100 גרם,false,,13.90,0.0309,true,1,80316
7290004725600,false,גבינה סקנדינבית,,,גבינה סקנדינבית,קילוגרמים,1.00,"ק""ג",true,,74.20,74.2000,false,1,66020
7290004731472,false,כיף סבון נוזלי שלישי,כיף,,כיף סבון נוזלי שלישי,ליטרים,1.50,ליטר,false,,19.90,13.2667,true,1,16245
7290004731519,false,סנו מקסימה למייבש,סנו מקסימה,,סנו מקסימה למייבש,מיליליטרים,750.00,"100 מ""ל",false,,19.90,0.0265,true,1,16246
7290004731557,false,סנו מקסימה למייבש,סנו מקסימה,,סנו מקסימה למייבש,מיליליטרים,750.00,"100 מ""ל",false,,19.90,0.0265,true,1,16247
7290004731564,false,סנו מקסימה ספריי למי,סנו מקסימה,,סנו מקסימה ספריי למי,מיליליטרים,750.00,"100 מ""ל",false,,19.90,0.0265,true,1,69203
7290004731670,false,דואופרש אפרסק ומנדרי,סנו fresh,,דואופרש אפרסק ומנדרי,מיליליטרים,300.00,"100 מ""ל",false,,12.90,0.0430,true,1,16249
7290004731687,false,דואופרש וניל,סנו fresh,,דואופרש וניל,יחידה,300.00,יחידה,false,,12.90,0.0430,true,1,16250
7290004737719,false,אספרגוס שלם מקולף 33,וילי פוד,,אספרגוס שלם מקולף 33,גרמים,330.00,100 גרם,false,,9.90,0.0300,true,1,5430
7290004737900,false,חלב מרוכז,וילי פוד,,חלב מרוכז,גרמים,397.00,100 גרם,false,,9.90,0.0249,true,1,5432
7290004769451,false,גבינת שמנת במשקל,,,גבינת שמנת במשקל,קילוגרמים,1.00,"ק""ג",true,,59.90,59.9000,true,1,71195
7290004798130,false,שבבי סבון,,,שבבי סבון,גרמים,750.00,100 גרם,false,,22.90,0.0305,true,1,13977
7290004829186,false,קולפן שוויצרי,,,קולפן שוויצרי,יחידה,0.00,יחידה,false,,16.90,0.0000,true,1,64958
7290004905004,false,קוקה קולה דובדבן פחי,,,קוקה קולה דובדבן פחי,מיליליטרים,355.00,"100 מ""ל",false,,6.50,0.0183,true,1,73827
7290004952778,false,טופו אורגני 8.5%,הרדוף,,טופו אורגני 8.5%,גרמים,300.00,100 גרם,false,,13.90,0.0463,true,1,6949
7290004952785,false,פריכיות אורז וכוסמת,הרדוף,,פריכיות אורז וכוסמת,גרמים,100.00,100 גרם,false,,11.90,0.1190,true,1,66166
7290004952792,false,פריכיות אורז מלא דקו,הרדוף,,פריכיות אורז מלא דקו,גרמים,100.00,100 גרם,false,,11.90,0.1190,true,1,66167
7290004955762,false,טחינה 450 גר' זארובי,זארובי,,טחינה 450 גר' זארובי,גרמים,450.00,100 גרם,false,,11.90,0.0264,true,1,86083
7290004955779,false,טחינה 900 גר' זארובי,זארובי,,טחינה 900 גר' זארובי,גרמים,900.00,100 גרם,false,,21.90,0.0243,true,1,86084
7290004982355,false,גבינת טריפל צ'דר,,,גבינת טריפל צ'דר,קילוגרמים,1.00,"ק""ג",true,,140.00,140.0000,true,1,63187
7290005008191,false,סבון נוזלי פלמוליב ס,,,סבון נוזלי פלמוליב ס,מיליליטרים,500.00,"100 מ""ל",false,,14.90,0.0298,false,1,501
7290005041198,false,"קבב ביתי 1 ק""ג",,,"קבב ביתי 1 ק""ג",קילוגרמים,1.00,"ק""ג",false,,45.90,45.9000,true,1,26207
7290005068058,false,תירס קל 550 גרם,פרי הגליל,,תירס קל 550 גרם,גרמים,550.00,100 גרם,false,,6.90,0.0125,false,1,12959
7290005068492,false,לקט ירקות מעורבים 70,פרי הגליל,,לקט ירקות מעורבים 70,גרמים,700.00,100 גרם,false,,9.90,0.0141,true,1,4854
7290005079290,false,גבינה צהובה 15% נעם,טרה,,גבינה צהובה 15% נעם,קילוגרמים,1.00,"ק""ג",true,,68.90,68.9000,false,1,62388
7290005079412,false,נעם אמנטל מעדניה,טרה,,נעם אמנטל מעדניה,קילוגרמים,1.00,"ק""ג",true,,63.90,63.9000,true,1,68877
7290005084355,false,סנסודין דואל קר,סנסודיין,,סנסודין דואל קר,מיליליטרים,75.00,"100 מ""ל",false,,21.90,0.2920,true,1,4711
7290005111761,false,"בונזו בשר 3 ק""ג",בונזו,,"בונזו בשר 3 ק""ג",קילוגרמים,3.00,"ק""ג",false,,47.90,15.9667,false,1,15779
7290005174551,false,סלט חומוס אחלה א,אחלה,,סלט חומוס אחלה א,גרמים,125.00,100 גרם,false,,4.60,0.0368,true,1,17646
7290005174568,false,סלט חצילים אישי,אחלה,,סלט חצילים אישי,גרמים,125.00,100 גרם,false,,4.60,0.0368,true,1,17647
7290005174575,false,סלט טחינה אישי א,אחלה,,סלט טחינה אישי א,גרמים,125.00,100 גרם,false,,4.60,0.0368,true,1,17648
7290005197758,false,חיוכים שוקו עלית,עלית,,חיוכים שוקו עלית,גרמים,150.00,100 גרם,false,,5.00,0.0333,true,1,12308
7290005199288,false,מסטיק מאסט טעם פטל ל,עלית,,מסטיק מאסט טעם פטל ל,גרמים,28.00,100 גרם,false,,4.40,0.1571,false,1,12311
7290005199578,false,קפה נמס פלטינום נטול,עלית,,קפה נמס פלטינום נטול,גרמים,200.00,100 גרם,false,,31.90,0.1595,false,1,12315
7290005199738,false,מסטיק מאסט בטעם פפרמ,עלית,,מסטיק מאסט בטעם פפרמ,גרמים,28.00,100 גרם,false,,4.40,0.1571,false,1,12317
7290005200786,false,תפוציפס 50,עלית,,תפוציפס 50,גרמים,50.00,100 גרם,false,,3.90,0.0780,true,1,12585
7290005201455,false,קפה נמס מגורען ארומה,עלית,,קפה נמס מגורען ארומה,גרמים,200.00,100 גרם,false,,21.90,0.1095,false,1,12323
7290005201882,false,קפה טורקי 200,עלית,,קפה טורקי 200,גרמים,200.00,100 גרם,false,,14.90,0.0745,false,1,12325
7290005270000,false,עלי סיגר מרוקאי 500,חמים וטעים,,עלי סיגר מרוקאי 500,גרמים,500.00,100 גרם,false,,14.90,0.0298,true,1,9896
7290005287206,false,רביעייה טונה בשמן 4x,סטאר קיסט,,רביעייה טונה בשמן 4x,גרמים,640.00,100 גרם,false,,24.90,0.0389,false,1,10658
7290005287251,false,רביעייה טונה סטארקיס,סטאר קיסט,,רביעייה טונה סטארקיס,גרמים,640.00,100 גרם,false,,24.90,0.0389,false,1,10660
7290005287510,false,טונה סטארקיסט בשמן פ,סטאר קיסט,,טונה סטארקיסט בשמן פ,גרמים,160.00,100 גרם,false,,7.60,0.0475,true,1,25810
7290005287527,false,טונה סטארקיסט בשמן ל,סטאר קיסט,,טונה סטארקיסט בשמן ל,גרמים,160.00,100 גרם,false,,7.60,0.0475,true,1,26254
7290005287534,false,טונה סטארקיסט בשמן ע,סטאר קיסט,,טונה סטארקיסט בשמן ע,גרמים,160.00,100 גרם,false,,7.60,0.0475,true,1,26238
7290005287657,false,ממרח טונה סטאר קיסט,סטאר קיסט,,ממרח טונה סטאר קיסט,גרמים,160.00,100 גרם,false,,7.90,0.0494,true,1,3340
7290005296246,false,פותח סתימות,יעקובי,,פותח סתימות,מיליליטרים,946.00,"100 מ""ל",false,,29.90,0.0316,true,1,14960
7290005296260,false,אסטוניש רסס נגב,יעקובי אסטוניש,,אסטוניש רסס נגב,מיליליטרים,750.00,"100 מ""ל",false,,11.90,0.0159,true,1,14961
7290005296857,false,פוליבוי מרסס לכל הרה,פוליבוי,,פוליבוי מרסס לכל הרה,מיליליטרים,300.00,"100 מ""ל",false,,14.90,0.0497,true,1,14965
7290005296871,false,פוליבוי לרהיטי ע,פוליבוי,,פוליבוי לרהיטי ע,מיליליטרים,100.00,"100 מ""ל",false,,14.90,0.1490,true,1,14966
7290005296888,false,פוליבוי פוליטורה,פוליבוי,,פוליבוי פוליטורה,מיליליטרים,100.00,"100 מ""ל",false,,16.90,0.1690,true,1,14967
7290005326387,false,עגבניות מיובשות אולי,אוליביה,,עגבניות מיובשות אולי,גרמים,280.00,100 גרם,false,,19.90,0.0711,true,1,10450
7290005326523,false,פסטו פטרוזליה ונענע,,,פסטו פטרוזליה ונענע,גרמים,180.00,100 גרם,false,,13.90,0.0772,true,1,58650
7290005326677,false,רוטב ברביקיו 350 גר',,,רוטב ברביקיו 350 גר',גרמים,350.00,100 גרם,false,,13.90,0.0397,true,1,74337
7290005384837,false,מיץ לימון טבעי,וילי פוד,,מיץ לימון טבעי,מיליליטרים,500.00,"100 מ""ל",false,,7.00,0.0140,true,1,5435
7290005400155,false,פתיתים כוסמין אפויים,,,פתיתים כוסמין אפויים,גרמים,500.00,100 גרם,false,,15.90,0.0318,true,1,71417
7290005423253,false,מבשם למייבש כביסה,סנו,,מבשם למייבש כביסה,מיליליטרים,750.00,"100 מ""ל",false,,19.90,0.0265,true,1,16253
7290005423369,false,סנו די קידס,סנו,,סנו די קידס,מיליליטרים,100.00,"100 מ""ל",false,,19.90,0.1990,true,1,83376
7290005423482,false,קרם לניקוי כיריי,סנו,,קרם לניקוי כיריי,יחידה,300.00,יחידה,false,,19.90,0.0663,true,1,16258
7290005423499,false,סנו נירוסטה,סנו,,סנו נירוסטה,מיליליטרים,500.00,"100 מ""ל",false,,19.90,0.0398,true,1,16259
7290005423567,false,מטליות לניקוי כללי צ,סנו סושי,,מטליות לניקוי כללי צ,יחידה,0.00,יחידה,false,,19.90,0.0000,true,1,16261
7290005423635,false,ריצפז דוחה חרקים,סנו ריצפז,,ריצפז דוחה חרקים,ליטרים,2.00,ליטר,false,,21.90,10.9500,false,1,16262
7290005423734,false,מרכך סנו 4 ליטר,סנו,,מרכך סנו 4 ליטר,ליטרים,4.00,ליטר,false,,21.90,5.4750,false,1,3522
7290005423871,false,אורביטול שלישיה,אורביטול,,אורביטול שלישיה,גרמים,435.00,100 גרם,false,,19.90,0.0457,true,1,16264
7290005423888,false,שלישיה כיף אלסבו,כיף,,שלישיה כיף אלסבו,ליטרים,1.50,ליטר,false,,18.90,12.6000,true,1,16265
7290005423918,false,מרכך כביסה סנו מקסימ,סנו,,מרכך כביסה סנו מקסימ,ליטרים,4.00,ליטר,false,,22.90,5.7250,false,1,3523
7290005424021,false,ריפרש מנטרל ריחות,סנו fresh,,ריפרש מנטרל ריחות,מיליליטרים,350.00,"100 מ""ל",false,,14.90,0.0426,true,1,120943
7290005424403,false,כיף 1 ליטר אצות ים,כיף,,כיף 1 ליטר אצות ים,ליטרים,1.00,ליטר,false,,12.90,12.9000,true,1,22315
7290005424700,false,סנו פורטה פלוס 1 ליט,סנו,,סנו פורטה פלוס 1 ליט,ליטרים,1.00,ליטר,false,,18.90,18.9000,true,1,73839
7290005424755,false,מטליות לחות לניקוי ר,סנו,,מטליות לחות לניקוי ר,יחידה,0.00,יחידה,false,,15.90,0.0000,true,1,74021
7290005424762,false,ריצפז ווקס דוחה,סנו ריצפז,,ריצפז ווקס דוחה,ליטרים,2.00,ליטר,false,,31.90,15.9500,true,1,16276
7290005424847,false,סנו סושי מפיות אירוח,סנו,,סנו סושי מפיות אירוח,יחידה,0.00,יחידה,false,,7.90,0.0000,true,1,16278
7290005425110,false,סנו חיטוי משטחים 99.,סנו,,סנו חיטוי משטחים 99.,מיליליטרים,750.00,"100 מ""ל",false,,14.90,0.0199,true,1,77068
7290005425202,false,סנו מקסימה 5 2 ק,סנו מקסימה,,סנו מקסימה 5 2 ק,קילוגרמים,2.50,"ק""ג",false,,25.90,10.3600,false,1,3525
7290005425585,false,מטליות סנו רהיט,סנו,,מטליות סנו רהיט,יחידה,0.00,יחידה,false,,13.90,0.0000,true,1,16288
7290005425646,false,סנוקליר נוזל רב תכלי,סנו,,סנוקליר נוזל רב תכלי,ליטרים,1.00,ליטר,false,,11.90,11.9000,false,1,16289
7290005425714,false,סנו שמפו שטיחים,סנו,,סנו שמפו שטיחים,מיליליטרים,600.00,"100 מ""ל",false,,23.90,0.0398,true,1,16291
7290005425745,false,אורביטול אלפיין,,,אורביטול אלפיין,גרמים,145.00,100 גרם,false,,8.90,0.0614,true,1,32804
7290005426193,false,ספוג פלא סנו סוש,סנו סושי,,ספוג פלא סנו סוש,יחידה,0.00,יחידה,false,,11.50,0.0000,false,1,16296
7290005426230,false,סושי סחבה לריצפה,סנו סושי,,סושי סחבה לריצפה,יחידה,0.00,יחידה,false,,11.90,0.0000,false,1,16297
7290005426575,false,לחות לשיער קרמה,קרמה,,לחות לשיער קרמה,מיליליטרים,400.00,"100 מ""ל",false,,22.90,0.0572,true,1,16306
7290005426803,false,מרכך סנו מקסימה,סנו מקסימה,,מרכך סנו מקסימה,ליטרים,4.00,ליטר,false,,21.90,5.4750,false,1,3529
7290005426940,false,ק-300 פלוס 8,סנו,,ק-300 פלוס 8,מיליליטרים,400.00,"100 מ""ל",false,,21.90,0.0547,false,1,16310
7290005427107,false,סושי מגבות הפלא למטב,סנו סושי,,סושי מגבות הפלא למטב,יחידה,0.00,יחידה,false,,11.90,0.0000,false,1,16312
7290005427725,false,מגבונים ליטופים מארז,ליטופים,,מגבונים ליטופים מארז,יחידה,0.00,יחידה,false,,18.90,0.0000,false,1,10907
7290005427763,false,כיף - אל סבון ג'ינסנ,כיף,,כיף - אל סבון ג'ינסנ,ליטרים,2.00,ליטר,false,,19.90,9.9500,true,1,90081
7290005427848,false,סנו מטליות בגליל ורו,סנו סושי,,סנו מטליות בגליל ורו,יחידה,0.00,יחידה,false,,19.90,0.0000,true,1,3532
7290005428845,false,סנו סופט מפיות 33*33,סנו סופט,,סנו סופט מפיות 33*33,יחידה,0.00,יחידה,false,,8.90,0.0000,true,1,16345
7290005428852,false,סנו סופט מגבוני טישו,סנו סופט,,סנו סופט מגבוני טישו,גרמים,650.00,100 גרם,false,,15.90,0.0245,true,1,16346
7290005429279,false,סנו מקסימה אפקט ג'או,סנו מקסימה,,סנו מקסימה אפקט ג'או,קילוגרמים,6.00,"ק""ג",false,,49.90,8.3167,false,1,16351
7290005429286,false,סנו מקסימה ביו 6 קג,סנו מקסימה,,סנו מקסימה ביו 6 קג,קילוגרמים,6.00,"ק""ג",false,,49.90,8.3167,false,1,16352
7290005430480,false,מטלית הפלא סנו,סנו סושי,,מטלית הפלא סנו,יחידה,0.00,יחידה,false,,7.50,0.0000,true,1,16353
7290005430602,false,מסיר כתמים סנו,סנו,,מסיר כתמים סנו,מיליליטרים,750.00,"100 מ""ל",false,,19.90,0.0265,false,1,16357
7290005431883,false,מלבי חלבי 165 גר',,,מלבי חלבי 165 גר',גרמים,165.00,100 גרם,false,,6.60,0.0400,true,1,80733
7290005431890,false,בוואריה 95 גר',,,בוואריה 95 גר',גרמים,95.00,100 גרם,false,,6.60,0.0695,true,1,80734
7290005431913,false,עוגת גבינה פירורים 9,,,עוגת גבינה פירורים 9,גרמים,92.00,100 גרם,false,,6.60,0.0717,true,1,80736
7290005431968,false,מלבי שמנת,,,מלבי שמנת,גרמים,150.00,100 גרם,false,,7.40,0.0493,true,1,84079
7290005477669,false,דרמפון מועשר לחו,,,דרמפון מועשר לחו,ליטרים,1.00,ליטר,false,,15.90,15.9000,true,1,18595
7290005509445,false,מיני קוקיס בטעם חמאה,כרמית,,מיני קוקיס בטעם חמאה,גרמים,600.00,100 גרם,false,,15.90,0.0265,true,1,7833
7290005559587,false,מאפה נקניקיה בבצק,מעדנות,,מאפה נקניקיה בבצק,גרמים,800.00,100 גרם,false,,27.90,0.0349,false,1,8419
7290005559709,false,בורקס פיצה,מעדנות,,בורקס פיצה,גרמים,700.00,100 גרם,false,,24.90,0.0356,false,1,8421
7290005559907,false,פיצה משפחתית גבינה,מעדנות,,פיצה משפחתית גבינה,גרמים,500.00,100 גרם,false,,19.90,0.0398,false,1,975
7290005559914,false,פיצה משפחתית זיתים,מעדנות,,פיצה משפחתית זיתים,גרמים,550.00,100 גרם,false,,19.90,0.0362,false,1,976
7290005559990,false,בצק פילס תורכי,מעדנות,,בצק פילס תורכי,גרמים,600.00,100 גרם,false,,19.90,0.0332,false,1,8423
7290005569029,false,שום קלוף 170 גר',,,שום קלוף 170 גר',גרמים,170.00,100 גרם,false,,8.90,0.0524,true,1,97837
7290005589027,false,לקקן מוצץ / תרנגול 1,,,לקקן מוצץ / תרנגול 1,גרמים,90.00,100 גרם,false,,12.90,0.1433,true,1,86948
7290005589492,false,חיטה מלאה תפוחה בציפ,מפעלי דגן,,חיטה מלאה תפוחה בציפ,גרמים,200.00,100 גרם,false,,6.50,0.0325,true,1,59941
7290005589768,false,דגן פיצפוצי אורז מלא,מפעלי דגן,,דגן פיצפוצי אורז מלא,גרמים,130.00,100 גרם,false,,6.50,0.0500,true,1,60293
7290005591761,false,דבש יד מרדכי לחיץ טה,יד מרדכי,,דבש יד מרדכי לחיץ טה,גרמים,400.00,100 גרם,false,,26.90,0.0672,false,1,12326
7290005617379,false,יעה,,,יעה,יחידה,0.00,יחידה,false,,6.20,0.0000,true,1,22584
7290005617492,false,דלי ידית פלסטיק 12,,,דלי ידית פלסטיק 12,יחידה,0.00,יחידה,false,,12.00,0.0000,true,1,22606
7290005617645,false,מגב חלון פלסטיק 20,,,מגב חלון פלסטיק 20,יחידה,0.00,יחידה,false,,4.90,0.0000,true,1,22586
7290005617690,false,מברשת לשרותים,,,מברשת לשרותים,יחידה,0.00,יחידה,false,,5.40,0.0000,true,1,23131
7290005617768,false,פומפה עם מקל,,,פומפה עם מקל,יחידה,0.00,יחידה,false,,9.00,0.0000,true,1,23870
7290005617850,false,מטאטא מרצדס,,,מטאטא מרצדס,יחידה,0.00,יחידה,false,,30.00,0.0000,true,1,22587
7290005617935,false,מברשת כלים ידית גומי,,,מברשת כלים ידית גומי,יחידה,0.00,יחידה,false,,10.90,0.0000,true,1,22589
7290005651069,false,"לה קט מיקס 2.85 ק""ג",לה -קט,,"לה קט מיקס 2.85 ק""ג",קילוגרמים,2.85,"ק""ג",false,,59.90,21.0175,false,1,3341
7290005651366,false,"בונזו כבד 3 ק""ג",בונזו,,"בונזו כבד 3 ק""ג",קילוגרמים,3.00,"ק""ג",false,,47.90,15.9667,false,1,15790
7290005651427,false,שלישיית מעדן בונזו מ,בונזו,,שלישיית מעדן בונזו מ,קילוגרמים,1.23,"ק""ג",false,,16.90,13.7398,true,1,15791
7290005658990,false,כעכים מלוחים שיבולת,,,כעכים מלוחים שיבולת,גרמים,300.00,100 גרם,false,,18.90,0.0630,true,1,121076
7290005684418,false,לחם כוסמין אורגני,,,לחם כוסמין אורגני,גרמים,600.00,100 גרם,false,,14.90,0.0248,true,1,5257
7290005684487,false,לחמניות כוסמין שישיי,,,לחמניות כוסמין שישיי,גרמים,420.00,100 גרם,false,,12.90,0.0307,true,1,74879
7290005684579,false,לחם מחמצת כוסמין,,,לחם מחמצת כוסמין,גרמים,700.00,100 גרם,false,,14.90,0.0213,true,1,83582
7290005733116,false,צעצועים שונים,,,צעצועים שונים,יחידה,0.00,יחידה,false,,11.90,0.0000,true,1,5139
7290005733703,false,משחק הרכבה,,,משחק הרכבה,יחידה,0.00,יחידה,false,,16.90,0.0000,true,1,33840
7290005789380,false,פרשיס קוסמטיקס להסרת,,,פרשיס קוסמטיקס להסרת,יחידה,0.00,יחידה,false,,14.90,0.0000,true,1,4196
7290005838002,false,דניאלה 5%,שטראוס,,דניאלה 5%,מיליליטרים,150.00,"100 מ""ל",false,,4.10,0.0273,true,1,7146
7290005838613,false,סקי וניל 3%,שטראוס,,סקי וניל 3%,גרמים,125.00,100 גרם,false,,3.70,0.0296,false,1,4476
7290005838972,false,סקי % 3 125 גר,שטראוס,,סקי % 3 125 גר,גרמים,125.00,100 גרם,false,,3.10,0.0248,true,1,4477
7290005839078,false,דנונה ביו 3% שמיניה,שטראוס דנונה,,דנונה ביו 3% שמיניה,ליטרים,1.20,ליטר,false,,16.80,14.0000,true,1,7147
7290005839108,false,סימפוניה זיתים 5%,שטראוס,,סימפוניה זיתים 5%,גרמים,200.00,100 גרם,false,,11.20,0.0560,false,1,7148
7290005839313,false,מילקי טופ 8%,שטראוס,,מילקי טופ 8%,מיליליטרים,130.00,"100 מ""ל",false,,4.60,0.0354,true,1,7149
7290005896415,false,בירה איגל פחית 500 מ,,,בירה איגל פחית 500 מ,מיליליטרים,500.00,"100 מ""ל",false,,5.50,0.0110,true,1,69678
7290005896453,false,בירה מכבי חוזר 7.9%,,,בירה מכבי חוזר 7.9%,מיליליטרים,500.00,"100 מ""ל",false,,6.70,0.0134,false,1,66827
7290005896460,false,איגל בירה חזקה פחית,,,איגל בירה חזקה פחית,מיליליטרים,500.00,"100 מ""ל",false,,5.90,0.0118,true,1,71974
7290005896620,false,מים סאן בנדטו מו,סן בנדטו,,מים סאן בנדטו מו,ליטרים,1.50,ליטר,false,,4.50,3.0000,true,1,11505
7290005896637,false,מים סאן בנדטו 1.5 לי,,,מים סאן בנדטו 1.5 לי,ליטרים,1.50,ליטר,false,,4.00,2.6667,true,1,11506
7290005930010,false,קרם עיצוב וברק לשיער,,,קרם עיצוב וברק לשיער,מיליליטרים,0.00,"מ""ל",false,,32.90,0.0000,true,1,16946
7290005930102,false,ג`ל חזק לעיצוב השיער,,,ג`ל חזק לעיצוב השיער,ליטרים,400.00,100 ליטר,false,,19.90,0.0497,true,1,33779
7290005930232,false,קרם ברלנטין,,,קרם ברלנטין,מיליליטרים,400.00,"100 מ""ל",false,,14.90,0.0373,true,1,16948
7290005930249,false,קרם גולד לשיער,,,קרם גולד לשיער,מיליליטרים,400.00,"100 מ""ל",false,,17.50,0.0438,true,1,16940
7290005930720,false,חמאת גוף מסק שיק ספא,,,חמאת גוף מסק שיק ספא,מיליליטרים,350.00,"100 מ""ל",false,,25.90,0.0740,true,1,16949
7290005930744,false,שמן גוף מסק שיק ספא,,,שמן גוף מסק שיק ספא,מיליליטרים,250.00,"100 מ""ל",false,,25.90,0.1036,true,1,18885
7290005966033,false,הר חרמון לבן,יקב רמת הגולן,,הר חרמון לבן,מיליליטרים,750.00,"100 מ""ל",false,,29.90,0.0399,false,1,14337
7290005966088,false,הר חרמון אדום,יקב רמת הגולן,,הר חרמון אדום,מיליליטרים,750.00,"100 מ""ל",false,,29.90,0.0399,false,1,14338
7290005966347,false,גמלא השמורה סוביניון,יקב רמת הגולן,,גמלא השמורה סוביניון,מיליליטרים,750.00,"100 מ""ל",false,,49.90,0.0665,true,1,14341
7290005992018,false,יוגורט עיזים,מחלבות גד,,יוגורט עיזים,יחידה,500.00,יחידה,false,,13.20,0.0264,true,1,6973
7290005992575,false,בולגרית למריחה 5%,,,בולגרית למריחה 5%,גרמים,250.00,100 גרם,false,,16.50,0.0660,true,1,1740
7290005992735,false,לבנה 5% גד 250 גרם,מחלבות גד,,לבנה 5% גד 250 גרם,גרמים,250.00,100 גרם,false,,11.20,0.0448,true,1,1743
7290005992858,false,פטה עיזים גד 5%,,,פטה עיזים גד 5%,קילוגרמים,1.00,"ק""ג",true,,112.00,112.0000,true,1,8740
7290005992872,false,צפתית 5% במים גד,,,צפתית 5% במים גד,קילוגרמים,1.00,"ק""ג",true,,59.80,59.8000,false,1,8741
7290005992889,false,גבינת שמנת שום ושמיר,מחלבות גד,,גבינת שמנת שום ושמיר,קילוגרמים,1.00,"ק""ג",true,,44.00,44.0000,true,1,8749
7290005996009,false,סלמי גליל מעושן 400,יחיעם,,סלמי גליל מעושן 400,גרמים,400.00,100 גרם,false,,21.90,0.0547,true,1,77766
7290005996054,false,סרוולט הונגרי יחיעם,יחיעם,,סרוולט הונגרי יחיעם,קילוגרמים,1.00,"ק""ג",true,,209.90,209.9000,false,1,82659
7290005996078,false,סרוולט הולגרי 125 גר,יחיעם,,סרוולט הולגרי 125 גר,גרמים,125.00,100 גרם,false,,26.90,0.2152,true,1,82660
7290005996153,false,נקניקיות צרפתיות פרמ,יחיעם,,נקניקיות צרפתיות פרמ,גרמים,280.00,100 גרם,false,,20.90,0.0746,true,1,81353
7290005996160,false,נקניקיות צוריסו פרימ,יחיעם,,נקניקיות צוריסו פרימ,גרמים,280.00,100 גרם,false,,20.90,0.0746,true,1,81354
7290005996238,false,פסטרמה בדבש דק דק 12,יחיעם,,פסטרמה בדבש דק דק 12,גרמים,120.00,100 גרם,false,,11.90,0.0992,true,1,83495
7290005996276,false,פסטרמה ברביקיו דק דק,יחיעם,,פסטרמה ברביקיו דק דק,גרמים,120.00,100 גרם,false,,11.90,0.0992,true,1,83830
7290005996740,false,סלמי פפרוני 300 גר',יחיעם,,סלמי פפרוני 300 גר',גרמים,300.00,100 גרם,false,,19.90,0.0663,true,1,88767
7290006199218,false,מאגדת גלידל דיאט שלג,גלידות פלדמן,,מאגדת גלידל דיאט שלג,גרמים,400.00,100 גרם,false,,29.90,0.0747,true,1,11476
7290006199942,false,מאגדת גלידל דיאט קרח,גלידות פלדמן,,מאגדת גלידל דיאט קרח,גרמים,640.00,100 גרם,false,,24.90,0.0389,true,1,3847
7290006210180,false,קרואסונים,בונז'ור,,קרואסונים,קילוגרמים,1.00,"ק""ג",true,,42.00,42.0000,true,1,5694
7290006210197,false,רוגלאך,בונז'ור,,רוגלאך,קילוגרמים,1.00,"ק""ג",true,,42.00,42.0000,true,1,5695
7290006210203,false,"בורקס תפו""א",בונז'ור,,"בורקס תפו""א",קילוגרמים,1.00,"ק""ג",true,,42.00,42.0000,true,1,5696
7290006210210,false,בורקיטס,בונז'ור,,בורקיטס,קילוגרמים,1.00,"ק""ג",true,,44.90,44.9000,true,1,5697
7290006210357,false,שנק פיצה,בונז'ור,,שנק פיצה,קילוגרמים,1.00,"ק""ג",true,,44.90,44.9000,true,1,5707
7290006210418,false,בורקס טורקי,בונז'ור,,בורקס טורקי,קילוגרמים,1.00,"ק""ג",true,,44.90,44.9000,true,1,5709
7290006210449,false,פילאס קשקבל,בונז'ור,,פילאס קשקבל,קילוגרמים,1.00,"ק""ג",true,,44.90,44.9000,true,1,5711
7290006210531,false,קוקיס שוקולד,,,קוקיס שוקולד,קילוגרמים,1.00,"ק""ג",true,,59.90,59.9000,true,1,5719
7290006210692,false,פטיט פאן כפרי בונז'ו,בונז'ור,,פטיט פאן כפרי בונז'ו,גרמים,60.00,100 גרם,false,,1.10,0.0183,true,1,5727
7290006210791,false,לחמניית המבורגר בונז,בונז'ור,,לחמניית המבורגר בונז,יחידה,0.00,יחידה,false,,2.50,0.0000,true,1,6487
7290006229427,false,סאן בנדטו שישייה 0.5,סן בנדטו,,סאן בנדטו שישייה 0.5,ליטרים,3.00,ליטר,false,,12.90,4.3000,false,1,3892
7290006229588,false,בירה איגל פחית 500 מ,,,בירה איגל פחית 500 מ,מיליליטרים,500.00,"100 מ""ל",false,,5.50,0.0110,true,1,69679
7290006241153,false,פקאן סיני 150 גר,קליית גת,,פקאן סיני 150 גר,גרמים,200.00,100 גרם,false,,19.00,0.0950,true,1,2448
7290006241191,false,אגוזי מלך 150 גר,קליית גת,,אגוזי מלך 150 גר,גרמים,200.00,100 גרם,false,,16.50,0.0825,false,1,14614
7290006241214,false,שקד טבעי 200 גר,קליית גת,,שקד טבעי 200 גר,גרמים,200.00,100 גרם,false,,16.90,0.0845,true,1,2449
7290006241504,false,תרכיז פריגת  תפוזים,פריגת,,תרכיז פריגת  תפוזים,מיליליטרים,340.00,"100 מ""ל",false,,12.90,0.0379,true,1,13125
7290006241535,false,תרכיז פריגת קפוא מנג,פריגת,,תרכיז פריגת קפוא מנג,מיליליטרים,340.00,"100 מ""ל",false,,12.90,0.0379,true,1,13127
7290006251107,false,צ'אי מסאלה 25 שקיקים,ויסוצקי,,צ'אי מסאלה 25 שקיקים,גרמים,50.00,100 גרם,false,,18.90,0.3780,true,1,8276
7290006251268,false,תה ירוק תפוח וקינמון,ויסוצקי,,תה ירוק תפוח וקינמון,גרמים,37.50,100 גרם,false,,24.90,0.6640,false,1,767
7290006251275,false,תה ירוק סיני 25 שקיק,ויסוצקי,,תה ירוק סיני 25 שקיק,גרמים,37.50,100 גרם,false,,24.90,0.6640,false,1,768
7290006251282,false,תה חליטת קרנברי 25 ש,ויסוצקי,,תה חליטת קרנברי 25 ש,גרמים,75.00,100 גרם,false,,18.90,0.2520,false,1,769
7290006251343,false,תה חליטת מנגו ופסיפל,ויסוצקי,,תה חליטת מנגו ופסיפל,גרמים,62.50,100 גרם,false,,18.90,0.3024,false,1,770
7290006251374,false,תה ירוק לימונית 25 ש,ויסוצקי,,תה ירוק לימונית 25 ש,גרמים,25.00,100 גרם,false,,24.90,0.9960,false,1,771
7290006251589,false,תה ירוק נענע,ויסוצקי,,תה ירוק נענע,גרמים,75.00,100 גרם,false,,45.90,0.6120,false,1,772
7290006265500,false,פטריות שמפניון בסלסל,,,פטריות שמפניון בסלסל,גרמים,250.00,100 גרם,false,,8.90,0.0356,true,1,19158
7290006265548,false,נבטים סינים,מרינה,,נבטים סינים,גרמים,360.00,100 גרם,false,,5.90,0.0164,true,1,19160
7290006265890,false,נבטי חמניה מרינה,,,נבטי חמניה מרינה,יחידה,0.00,יחידה,false,,8.90,0.0000,true,1,19164
7290006271174,false,ג'חנון מעדנות 700 גר,מעדנות,,ג'חנון מעדנות 700 גר,גרמים,700.00,100 גרם,false,,15.90,0.0227,false,1,982
7290006271181,false,ג'חנון אפוי 750 גר',מעדנות,,ג'חנון אפוי 750 גר',גרמים,750.00,100 גרם,false,,22.90,0.0305,false,1,8424
7290006271648,false,"מיני בורקס תפו""א",מעדנות,,"מיני בורקס תפו""א",גרמים,800.00,100 גרם,false,,23.90,0.0299,false,1,984
7290006271655,false,מיני בורקס גבינה,מעדנות,,מיני בורקס גבינה,גרמים,800.00,100 גרם,false,,26.50,0.0331,false,1,985
7290006272072,false,חטיפי פיצה,מעדנות,,חטיפי פיצה,גרמים,650.00,100 גרם,false,,25.90,0.0398,false,1,986
7290006272430,false,בצק עלים חמאה,מעדנות,,בצק עלים חמאה,גרמים,600.00,100 גרם,false,,25.90,0.0432,false,1,8429
7290006306296,false,רביולי גבינה לילדים,מחלבות גד,,רביולי גבינה לילדים,יחידה,400.00,יחידה,false,,24.00,0.0600,true,1,14101
7290006306302,false,רביולי גבינה פרמזן,מחלבות גד,,רביולי גבינה פרמזן,גרמים,400.00,100 גרם,false,,24.00,0.0600,true,1,14102
7290006306319,false,רביולי בטטה,מחלבות גד,,רביולי בטטה,גרמים,400.00,100 גרם,false,,24.00,0.0600,true,1,14103
7290006306326,false,רביולי פטריות,מחלבות גד,,רביולי פטריות,גרמים,400.00,100 גרם,false,,24.00,0.0600,true,1,14104
7290006306333,false,רביולי תרד 400,מחלבות גד,,רביולי תרד 400,גרמים,400.00,100 גרם,false,,24.00,0.0600,true,1,14105
7290006306340,false,"ניוקי תפ""א 400",מחלבות גד,,"ניוקי תפ""א 400",גרמים,340.00,100 גרם,false,,22.00,0.0647,true,1,14106
7290006306357,false,רביולי גבינת עיזים,מחלבות גד,,רביולי גבינת עיזים,גרמים,400.00,100 גרם,false,,25.50,0.0638,false,1,14107
7290006322104,false,לחם ריחיים קל פרוס ד,מאפיית דוידוביץ ובני,,לחם ריחיים קל פרוס ד,גרמים,500.00,100 גרם,false,,9.50,0.0190,true,1,2515
7290006322111,false,לחמניות ריחיים,מאפיית דוידוביץ ובני,,לחמניות ריחיים,גרמים,400.00,100 גרם,false,,9.90,0.0248,true,1,2516
7290006322128,false,שש לחמניות קלות דויד,מאפיית דוידוביץ ובני,,שש לחמניות קלות דויד,גרמים,400.00,100 גרם,false,,9.90,0.0248,true,1,2517
7290006322197,false,מארז לחמניות הבית כפ,,,מארז לחמניות הבית כפ,גרמים,400.00,100 גרם,false,,12.90,0.0323,true,1,2520
7290006322487,false,לחם קוביות מקמח מלא,מאפיית דוידוביץ ובני,,לחם קוביות מקמח מלא,גרמים,750.00,100 גרם,false,,14.50,0.0193,false,1,14629
7290006322838,false,לחם מקמח מלא דוידובי,מאפיית דוידוביץ ובני,,לחם מקמח מלא דוידובי,מיליליטרים,750.00,"100 מ""ל",false,,10.90,0.0145,true,1,23913
7290006362209,false,יין דרך ארץ קברנה סו,,,יין דרך ארץ קברנה סו,מיליליטרים,750.00,"100 מ""ל",false,,29.90,0.0399,true,1,16755
7290006374653,false,דבש לייט יד מרדכי 35,יד מרדכי,,דבש לייט יד מרדכי 35,גרמים,350.00,100 גרם,false,,26.50,0.0757,true,1,12330
7290006374738,false,קונפיטורה תות יד מרד,יד מרדכי,,קונפיטורה תות יד מרד,גרמים,340.00,100 גרם,false,,13.50,0.0397,true,1,12336
7290006376053,false,סוכר חום כהה בשקית 1,,,סוכר חום כהה בשקית 1,קילוגרמים,1.00,"ק""ג",false,,12.50,12.5000,true,1,81525
7290006461049,false,סינטה מיושן חלק חצוי,,,סינטה מיושן חלק חצוי,קילוגרמים,1.00,"ק""ג",true,,119.00,119.0000,false,1,85810
7290006461087,false,אנטריקוט אנגוס פיטום,,,אנטריקוט אנגוס פיטום,קילוגרמים,1.00,"ק""ג",true,,189.90,189.9000,false,1,84444
7290006461100,false,אנטריקוט פרימיום מוכ,,,אנטריקוט פרימיום מוכ,קילוגרמים,1.00,"ק""ג",true,,199.90,199.9000,false,1,84445
7290006461155,false,פריים ריב פרוס מקוצב,,,פריים ריב פרוס מקוצב,קילוגרמים,1.00,"ק""ג",true,,159.90,159.9000,false,1,118298
7290006461605,false,אסאדו אנגוס מצונן מפ,,,אסאדו אנגוס מצונן מפ,קילוגרמים,1.00,"ק""ג",true,,79.90,79.9000,false,1,85811
7290006461698,false,צלי כתף לויתן,,,צלי כתף לויתן,קילוגרמים,1.00,"ק""ג",true,,99.90,99.9000,false,1,84557
7290006461773,false,שריר מוזות מצונן בוו,,,שריר מוזות מצונן בוו,קילוגרמים,1.00,"ק""ג",true,,69.90,69.9000,false,1,85812
7290006461964,false,סינטה אנגוס מצונן מו,,,סינטה אנגוס מצונן מו,קילוגרמים,1.00,"ק""ג",true,,160.00,160.0000,false,1,84455
7290006492432,false,מוצרלה בייבי 18%,מחלבות גד,,מוצרלה בייבי 18%,גרמים,170.00,100 גרם,false,,14.50,0.0853,true,1,6976
7290006492616,false,פרוסות בולגרית מעודנ,מחלבות גד,,פרוסות בולגרית מעודנ,גרמים,250.00,100 גרם,false,,26.70,0.1068,true,1,1750
7290006492630,false,גבינת גליל גד עזים 2,מחלבות גד,,גבינת גליל גד עזים 2,גרמים,180.00,100 גרם,false,,22.80,0.1267,true,1,6977
7290006492647,false,מטבעות עיזים 150 גרם,מחלבות גד,,מטבעות עיזים 150 גרם,גרמים,150.00,100 גרם,false,,23.20,0.1547,true,1,6978
7290006492685,false,לבנה עיזים 3%,מחלבות גד,,לבנה עיזים 3%,גרמים,250.00,100 גרם,false,,17.00,0.0680,true,1,21258
7290006492852,false,גבינת עיזים 5%,מחלבות גד,,גבינת עיזים 5%,גרמים,250.00,100 גרם,false,,17.00,0.0680,true,1,8755
7290006492890,false,צפתית קצח,,,צפתית קצח,קילוגרמים,1.00,"ק""ג",true,,59.80,59.8000,true,1,21671
7290006492913,false,לבנה צזיקי 250,מחלבות גד,,לבנה צזיקי 250,גרמים,250.00,100 גרם,false,,12.80,0.0512,true,1,1751
7290006496560,false,מחית וניל 90 גר',,,מחית וניל 90 גר',גרמים,90.00,100 גרם,false,,39.90,0.4433,true,1,89096
7290006498052,false,דנונה טבעי 3% מהדרין,,,דנונה טבעי 3% מהדרין,יחידה,0.00,יחידה,false,,2.60,0.0000,true,1,27250
7290006511157,false,פטריות שמפניון שלמות,וילי פוד,,פטריות שמפניון שלמות,גרמים,400.00,100 גרם,false,,7.50,0.0188,false,1,5441
7290006546012,false,צ'ילי חריף בנוסח מקס,,,צ'ילי חריף בנוסח מקס,גרמים,580.00,100 גרם,false,,6.50,0.0112,false,1,55412
7290006546319,false,סטייק צי'פס,פרי הגליל,,סטייק צי'פס,קילוגרמים,1.50,"ק""ג",false,,16.90,11.2667,true,1,4856
7290006546333,false,ציפס מותג,פרי הגליל,,ציפס מותג,גרמים,600.00,100 גרם,false,,8.50,0.0142,false,1,12963
7290006546395,false,לקט ירקות פרי גל,פרי הגליל,,לקט ירקות פרי גל,גרמים,800.00,100 גרם,false,,9.90,0.0124,true,1,12964
7290006546500,false,צ'יפס בזיגזג,פרי הגליל,,צ'יפס בזיגזג,גרמים,800.00,100 גרם,false,,9.90,0.0124,true,1,4859
7290006554017,false,עוגיות ארקד,,,עוגיות ארקד,גרמים,500.00,100 גרם,false,,18.90,0.0378,false,1,12844
7290006554024,false,עוגיות ביתיות תמ,,,עוגיות ביתיות תמ,גרמים,500.00,100 גרם,false,,18.90,0.0378,true,1,12845
7290006554031,false,עוגיות ביתיות אג,,,עוגיות ביתיות אג,גרמים,500.00,100 גרם,false,,18.90,0.0378,false,1,12846
7290006554055,false,עוגיות חלבה ארקד 300,,,עוגיות חלבה ארקד 300,יחידה,0.00,יחידה,false,,18.90,0.0000,true,1,4756
7290006554062,false,עוגיות גרנולה ארקד 2,,,עוגיות גרנולה ארקד 2,גרמים,250.00,100 גרם,false,,18.90,0.0756,true,1,12848
7290006554079,false,עוגיות ארקד גרנולה ל,,,עוגיות ארקד גרנולה ל,גרמים,250.00,100 גרם,false,,18.90,0.0756,true,1,22235
7290006554093,false,עוגיות סהרונים ארקד,,,עוגיות סהרונים ארקד,גרמים,300.00,100 גרם,false,,18.90,0.0630,false,1,4757
7290006554123,false,עוגיות שקדים ארקד,,,עוגיות שקדים ארקד,גרמים,250.00,100 גרם,false,,18.90,0.0756,true,1,12851
7290006554154,false,עוגיות מרנג נשיקות 1,,,עוגיות מרנג נשיקות 1,גרמים,100.00,100 גרם,false,,18.90,0.1890,true,1,22981
7290006554161,false,עוגיות משקפיים 250 ג,,,עוגיות משקפיים 250 ג,גרמים,250.00,100 גרם,false,,18.90,0.0756,false,1,29980
7290006554246,false,עוגיות משקפיים 250 ג,,,עוגיות משקפיים 250 ג,גרמים,250.00,100 גרם,false,,18.90,0.0756,true,1,34193
7290006554307,false,עוגיות מרוקאיות ללא,,,עוגיות מרוקאיות ללא,גרמים,300.00,100 גרם,false,,18.90,0.0630,true,1,4760
7290006554314,false,עוגיות עם שקדים ללא,,,עוגיות עם שקדים ללא,גרמים,250.00,100 גרם,false,,18.90,0.0756,true,1,33718
7290006554321,false,עוגיות עם אגוזי לוז,,,עוגיות עם אגוזי לוז,גרמים,250.00,100 גרם,false,,18.90,0.0756,true,1,33719
7290006554345,false,עוגיות במילוי ממרח ת,,,עוגיות במילוי ממרח ת,גרמים,250.00,100 גרם,false,,18.90,0.0756,false,1,69237
7290006554413,false,עוגיות מרוקאיות ארקד,,,עוגיות מרוקאיות ארקד,יחידה,300.00,יחידה,false,,18.90,0.0630,false,1,12854
7290006554703,false,כעכים מלוחים 400 גר',,,כעכים מלוחים 400 גר',גרמים,400.00,100 גרם,false,,18.90,0.0472,false,1,62346
7290006554710,false,מקלות מלוחים 400 גר',,,מקלות מלוחים 400 גר',גרמים,400.00,100 גרם,false,,18.90,0.0472,false,1,62347
7290006554758,false,עוגיות מלוחות ללא סו,,,עוגיות מלוחות ללא סו,גרמים,250.00,100 גרם,false,,18.90,0.0756,false,1,69238
7290006567048,false,פתיתי קוסקוס ישראלי,אסם,,פתיתי קוסקוס ישראלי,גרמים,350.00,100 גרם,false,,8.00,0.0229,false,1,6128
7290006573544,false,מיני קוראסון שקדים ב,,,מיני קוראסון שקדים ב,קילוגרמים,1.00,"ק""ג",true,,49.90,49.9000,true,1,33438
7290006618078,false,אסטוניש מרסס למטבח,יעקובי אסטוניש,,אסטוניש מרסס למטבח,מיליליטרים,750.00,"100 מ""ל",false,,11.90,0.0159,true,1,14973
7290006618085,false,אסטוניש מרסס לאמבט,יעקובי אסטוניש,,אסטוניש מרסס לאמבט,מיליליטרים,750.00,"100 מ""ל",false,,11.90,0.0159,true,1,14974
7290006618153,false,הפי לנירוסטה,יעקובי הפי,,הפי לנירוסטה,מיליליטרים,600.00,"100 מ""ל",false,,22.90,0.0382,true,1,14977
7290006618610,false,ספוגיות לכלים חלבי ב,יעקובי,,ספוגיות לכלים חלבי ב,יחידה,0.00,יחידה,false,,8.90,0.0000,true,1,14981
7290006625021,false,גאודה עיזים הולנדית,,,גאודה עיזים הולנדית,קילוגרמים,1.00,"ק""ג",true,,127.00,127.0000,true,1,20260
7290006652027,false,מארז 20 במבה,אסם,,מארז 20 במבה,גרמים,300.00,100 גרם,false,,26.00,0.0867,false,1,6130
7290006653765,false,פסטה פרפקטו פטוצ'יני,אסם פרפקטו,,פסטה פרפקטו פטוצ'יני,גרמים,500.00,100 גרם,false,,7.70,0.0154,false,1,6135
7290006653819,false,קוסקוס דק אסם,אסם,,קוסקוס דק אסם,גרמים,350.00,100 גרם,false,,8.00,0.0229,false,1,6136
7290006660596,false,דגש קמח עדשים אדומות,,,דגש קמח עדשים אדומות,גרמים,500.00,100 גרם,false,,16.90,0.0338,true,1,77181
7290006660602,false,משקה מי קוקוס אורגני,,,משקה מי קוקוס אורגני,ליטרים,1.00,ליטר,false,,18.90,18.9000,true,1,76290
7290006664051,false,מארז אקטימל טבעי 1.6,שטראוס דנונה,,מארז אקטימל טבעי 1.6,ליטרים,1.40,ליטר,false,,29.90,21.3571,false,1,7154
7290006664310,false,סקי 3% 250 גר,שטראוס,,סקי 3% 250 גר,גרמים,250.00,100 גרם,false,,4.75,0.0190,false,1,4478
7290006664402,false,גבינת סקי 5% 750 גר',שטראוס,,גבינת סקי 5% 750 גר',גרמים,750.00,100 גרם,false,,14.94,0.0199,false,1,4479
7290006664532,false,דנונה תות 1.5%,שטראוס דנונה,,דנונה תות 1.5%,מיליליטרים,150.00,"100 מ""ל",false,,3.60,0.0240,false,1,7160
7290006664655,false,שמיניה אקטימל טבעי 1,שטראוס דנונה,,שמיניה אקטימל טבעי 1,מיליליטרים,800.00,"100 מ""ל",false,,21.10,0.0264,false,1,7163
7290006664693,false,דנונה אפרסק 3%,שטראוס דנונה,,דנונה אפרסק 3%,מיליליטרים,150.00,"100 מ""ל",false,,3.60,0.0240,false,1,7164
7290006664990,false,מארז יוגורט ביו 1.5%,שטראוס דנונה,,מארז יוגורט ביו 1.5%,ליטרים,1.20,ליטר,false,,16.80,14.0000,true,1,7168
7290006677334,false,תה טיבטי קלאסי פורטה,,,תה טיבטי קלאסי פורטה,יחידה,0.00,יחידה,false,,42.90,0.0000,true,1,20445
7290006681003,false,קרמיסימו סורבה תות ל,קרמיסימו- שטראוס,,קרמיסימו סורבה תות ל,ליטרים,1.33,ליטר,false,,24.90,18.7218,false,1,7672
7290006681089,false,מאגדת לייט מיני סנדב,שטראוס,,מאגדת לייט מיני סנדב,גרמים,250.00,100 גרם,false,,27.90,0.1116,true,1,7674
7290006681553,false,קרמבו וניל שמיניה,שטראוס,,קרמבו וניל שמיניה,יחידה,0.00,יחידה,false,,15.90,0.0000,true,1,7678
7290006681560,false,קרמבו שמיניה,שטראוס,,קרמבו שמיניה,גרמים,200.00,100 גרם,false,,15.90,0.0795,true,1,7679
7290006696717,false,מיץ מוסקט לבן 1 ליטר,,,מיץ מוסקט לבן 1 ליטר,ליטרים,1.00,ליטר,false,,13.90,13.9000,true,1,62712
7290006704269,false,חסה עגולה,,,חסה עגולה,יחידה,0.00,יחידה,false,,6.90,0.0000,true,1,66128
7290006704511,false,"תפ""א למיקרוגל לבן גמ",מרינה,,"תפ""א למיקרוגל לבן גמ",יחידה,0.00,יחידה,false,,6.90,0.0000,true,1,19181
7290006704573,false,בצל ירוק,מרינה,,בצל ירוק,יחידה,0.00,יחידה,false,,4.90,0.0000,true,1,76040
7290006704801,false,מנגולד טרי עלים,מרינה,,מנגולד טרי עלים,יחידה,0.00,יחידה,false,,6.90,0.0000,true,1,76041
7290006707369,false,כרעיים פטם במגש טרי,עוף טוב,,כרעיים פטם במגש טרי,קילוגרמים,1.00,"ק""ג",true,,28.90,28.9000,true,1,34321
7290006707383,false,שוקיים ארוז טרי,עוף טוב,,שוקיים ארוז טרי,קילוגרמים,1.00,"ק""ג",true,,28.90,28.9000,true,1,31158
7290006707390,false,פרגיות טרי במגש,,,פרגיות טרי במגש,קילוגרמים,1.00,"ק""ג",true,,66.90,66.9000,true,1,34323
7290006707420,false,עוף מצונן ארוז במגש,עוף טוב,,עוף מצונן ארוז במגש,קילוגרמים,1.00,"ק""ג",true,,21.90,21.9000,true,1,34319
7290006707437,false,כנפיים עוף טרי במגש,עוף טוב,,כנפיים עוף טרי במגש,קילוגרמים,1.00,"ק""ג",true,,9.90,9.9000,true,1,30576
7290006707451,false,לב עוף טרי במגש,עוף טוב,,לב עוף טרי במגש,קילוגרמים,1.00,"ק""ג",true,,25.90,25.9000,true,1,33409
7290006707468,false,כבד עוף טרי ארוז,עוף טוב,,כבד עוף טרי ארוז,קילוגרמים,1.00,"ק""ג",true,,16.90,16.9000,true,1,32463
7290006707543,false,פילה פטם טרי במגש,עוף טוב,,פילה פטם טרי במגש,קילוגרמים,1.00,"ק""ג",true,,35.90,35.9000,true,1,34320
7290006708137,false,קוקטייל עוף מצונן,עוף טוב,,קוקטייל עוף מצונן,קילוגרמים,1.00,"ק""ג",true,,28.90,28.9000,true,1,58052
7290006708151,false,חזה פרוס דק טרי מצונ,עוף טוב,,חזה פרוס דק טרי מצונ,קילוגרמים,1.00,"ק""ג",true,,39.90,39.9000,true,1,59510
7290006708847,false,חזה חצוי טרי ארוז עו,עוף טוב,,חזה חצוי טרי ארוז עו,קילוגרמים,1.00,"ק""ג",true,,35.90,35.9000,true,1,73669
7290006712684,false,ספיד סטיק כחול,ספיד סטיק,,ספיד סטיק כחול,גרמים,51.00,100 גרם,false,,19.90,0.3902,true,1,502
7290006712981,false,משחת שינים קולגייט ס,קולגייט,,משחת שינים קולגייט ס,מיליליטרים,50.00,"100 מ""ל",false,,10.90,0.2180,true,1,6679
7290006714428,false,רגל עגל פרוס,מעדני הטלה,,רגל עגל פרוס,קילוגרמים,1.00,"ק""ג",true,,39.90,39.9000,true,1,431
7290006714824,false,עצמות  עגל,מעדני הטלה,,עצמות  עגל,קילוגרמים,1.00,"ק""ג",true,,25.90,25.9000,true,1,33776
7290006724441,false,ליב דפי אורז מלא 270,,,ליב דפי אורז מלא 270,גרמים,270.00,100 גרם,false,,11.50,0.0426,true,1,88226
7290006724458,false,ליב דפי אורז עגולים,,,ליב דפי אורז עגולים,גרמים,270.00,100 גרם,false,,9.90,0.0367,true,1,88227
7290006724465,false,ליב דפי אורז מרובעים,,,ליב דפי אורז מרובעים,גרמים,270.00,100 גרם,false,,9.90,0.0367,true,1,88228
7290006724472,false,ליב-טחינה גולמית אור,,,ליב-טחינה גולמית אור,גרמים,500.00,100 גרם,false,,15.90,0.0318,true,1,24362
7290006730077,false,ליקוקים קרחונים להקפ,,,ליקוקים קרחונים להקפ,יחידה,0.00,יחידה,false,,12.90,0.0000,true,1,13415
7290006730084,false,שלוק אייס פופ שמיניי,,,שלוק אייס פופ שמיניי,גרמים,800.00,100 גרם,false,,5.90,0.0074,true,1,82482
7290006738615,false,קבב זהב 400 גר'- 8 י,זוגלובק,,קבב זהב 400 גר'- 8 י,גרמים,400.00,100 גרם,false,,19.90,0.0497,true,1,1960
7290006739124,false,בצק פילאס 500 גר',זוגלובק,,בצק פילאס 500 גר',גרמים,500.00,100 גרם,false,,14.90,0.0298,true,1,30966
7290006739131,false,בצק פילו 500 גר',זוגלובק,,בצק פילו 500 גר',גרמים,500.00,100 גרם,false,,14.90,0.0298,true,1,30967
7290006739247,false,פסטרמה איטלקית,זוגלובק,,פסטרמה איטלקית,קילוגרמים,1.00,"ק""ג",true,,79.90,79.9000,false,1,1949
7290006739407,false,שניצל תירס לייט,,,שניצל תירס לייט,גרמים,630.00,100 גרם,false,,22.90,0.0363,true,1,1950
7290006739414,false,סלמי קוניאק 300 גר',זוגלובק,,סלמי קוניאק 300 גר',גרמים,300.00,100 גרם,false,,25.90,0.0863,false,1,14267
7290006739421,false,סלמי מעושן איטלקי 30,זוגלובק,,סלמי מעושן איטלקי 30,גרמים,300.00,100 גרם,false,,25.90,0.0863,true,1,14268
7290006739445,false,שניצל תירס זוגלובק,זוגלובק,,שניצל תירס זוגלובק,גרמים,750.00,100 גרם,false,,22.90,0.0305,false,1,1961
7290006741363,false,"בורקס תפו""א זוגלובק",זוגלובק,,"בורקס תפו""א זוגלובק",גרמים,800.00,100 גרם,false,,16.90,0.0211,false,1,5370
7290006741387,false,מלווח זוגלובק,זוגלובק,,מלווח זוגלובק,גרמים,700.00,100 גרם,false,,16.90,0.0241,false,1,9055
7290006742162,false,המבורגר מזרחי 400 גר,זוגלובק,,המבורגר מזרחי 400 גר,גרמים,400.00,100 גרם,false,,19.90,0.0497,true,1,9060
7290006742278,false,פסטרממיה צלויה על לב,זוגלובק,,פסטרממיה צלויה על לב,גרמים,330.00,100 גרם,false,,25.90,0.0785,true,1,14270
7290006742292,false,פסטרממיה בדבש 330 גר,זוגלובק,,פסטרממיה בדבש 330 גר,גרמים,330.00,100 גרם,false,,25.90,0.0785,true,1,14271
7290006742315,false,חזה הודו ברביקיו 330,זוגלובק,,חזה הודו ברביקיו 330,גרמים,330.00,100 גרם,false,,25.90,0.0785,true,1,14273
7290006764058,false,נשר בירה לבנה בקבוק,,,נשר בירה לבנה בקבוק,מיליליטרים,500.00,"100 מ""ל",false,,4.90,0.0098,true,1,17072
7290006764065,false,בקבוק נשר מאלט חוזר,טמפו,,בקבוק נשר מאלט חוזר,מיליליטרים,500.00,"100 מ""ל",false,,4.60,0.0092,false,1,3893
7290006764157,false,גולדסטאר לא מסונן חו,גולדסטאר,,גולדסטאר לא מסונן חו,מיליליטרים,500.00,"100 מ""ל",false,,7.50,0.0150,true,1,74764
7290006764478,false,נשר מאלט בקבוק 330 מ,נשר מאלט,,נשר מאלט בקבוק 330 מ,מיליליטרים,330.00,"100 מ""ל",false,,4.20,0.0127,true,1,11512
7290006764485,false,נשר מאלט שישייה בקבו,טמפו,,נשר מאלט שישייה בקבו,ליטרים,1.98,ליטר,false,,28.90,14.5960,false,1,3896
7290006764737,false,בקבוק דיאט נשר מאלט,טמפו,,בקבוק דיאט נשר מאלט,מיליליטרים,500.00,"100 מ""ל",false,,4.60,0.0092,false,1,3898
7290006765000,false,עלי טורטייה בתוספת ס,,,עלי טורטייה בתוספת ס,גרמים,540.00,100 גרם,false,,9.90,0.0183,true,1,28067
7290006775023,false,עוגה אנגלית אחוה,אחוה,,עוגה אנגלית אחוה,גרמים,450.00,100 גרם,false,,9.90,0.0220,true,1,5356
7290006775030,false,עוגה שוקו ציפס 450 ג,אחוה,,עוגה שוקו ציפס 450 ג,גרמים,450.00,100 גרם,false,,9.90,0.0220,true,1,5357
7290006775047,false,עוגה שוקולד אחוה,אחוה,,עוגה שוקולד אחוה,גרמים,450.00,100 גרם,false,,9.90,0.0220,true,1,5358
7290006775085,false,עוגת שמרים שוקולדאחו,אחוה,,עוגת שמרים שוקולדאחו,גרמים,400.00,100 גרם,false,,11.00,0.0275,true,1,5360
7290006775337,false,עוגת שמרים פרג 400 ג,אחוה,,עוגת שמרים פרג 400 ג,גרמים,400.00,100 גרם,false,,11.00,0.0275,true,1,5361
7290006775344,false,עוגת שמרים קינמון וא,,,עוגת שמרים קינמון וא,גרמים,400.00,100 גרם,false,,11.00,0.0275,true,1,5362
7290006775795,false,"עוגת תפ""ע אחווה",אחוה,,"עוגת תפ""ע אחווה",יחידה,450.00,יחידה,false,,11.50,0.0256,true,1,5364
7290006775894,false,עוגת שיש ללא סוכר אח,אחוה,,עוגת שיש ללא סוכר אח,יחידה,400.00,יחידה,false,,11.50,0.0288,true,1,13423
7290006785633,false,בלונים,,,בלונים,יחידה,0.00,יחידה,false,,6.40,0.0000,true,1,34529
7290006788405,false,רול און קרליין,קרליין,,רול און קרליין,גרמים,75.00,100 גרם,false,,12.90,0.1720,true,1,18621
7290006788412,false,רול און קרליין,קרליין,,רול און קרליין,גרמים,50.00,100 גרם,false,,12.90,0.2580,true,1,18622
7290006788429,false,רול און קרליין,קרליין,,רול און קרליין,גרמים,75.00,100 גרם,false,,12.90,0.1720,true,1,18623
7290006788436,false,רול און קרליין,קרליין,,רול און קרליין,גרמים,75.00,100 גרם,false,,12.90,0.1720,true,1,18624
7290006788443,false,רול און קרליין,קרליין,,רול און קרליין,גרמים,75.00,100 גרם,false,,12.90,0.1720,true,1,18625
7290006788450,false,דאודורנט קרליין,קרליין,,דאודורנט קרליין,מיליליטרים,200.00,"100 מ""ל",false,,12.90,0.0645,true,1,18626
7290006788504,false,דאודורנט קרליין,קרליין,,דאודורנט קרליין,מיליליטרים,200.00,"100 מ""ל",false,,12.90,0.0645,true,1,18631
7290006805355,false,תערובת כדורי שוק,,,תערובת כדורי שוק,גרמים,500.00,100 גרם,false,,17.90,0.0358,true,1,9703
7290006805850,false,תערובת להכנת פנקייקס,,,תערובת להכנת פנקייקס,גרמים,500.00,100 גרם,false,,17.90,0.0358,true,1,9704
7290006822192,false,מיץ חמוציות דיאט אוש,פריגת,,מיץ חמוציות דיאט אוש,ליטרים,1.00,ליטר,false,,12.90,12.9000,false,1,7328
7290006855190,false,ברבריא חטיף תמר א.מל,,,ברבריא חטיף תמר א.מל,גרמים,120.00,100 גרם,false,,16.00,0.1333,true,1,90435
7290006855206,false,חטיף בר שזיפים קוקוס,אסם,,חטיף בר שזיפים קוקוס,גרמים,120.00,100 גרם,false,,16.00,0.1333,true,1,32965
7290006855244,false,חטיף בר אגוזים שקדים,אסם,,חטיף בר אגוזים שקדים,גרמים,120.00,100 גרם,false,,16.00,0.1333,true,1,32966
7290006855251,false,חטיף בר קשיו אגוזי מ,אסם,,חטיף בר קשיו אגוזי מ,גרמים,120.00,100 גרם,false,,16.00,0.1333,true,1,32967
7290006866363,false,פרימור מיץ אשכולית א,פרימור,,פרימור מיץ אשכולית א,ליטרים,1.00,ליטר,false,,15.90,15.9000,true,1,12069
7290006899187,false,סרמוני תה לימונית ול,,,סרמוני תה לימונית ול,גרמים,30.00,100 גרם,false,,16.90,0.5633,true,1,66267
7290006899224,false,סרמוני תה ירוק יסמין,,,סרמוני תה ירוק יסמין,גרמים,40.00,100 גרם,false,,16.90,0.4225,true,1,118464
7290006899255,false,תה סרמוני ארל גריי,,,תה סרמוני ארל גריי,גרמים,40.00,100 גרם,false,,16.90,0.4225,true,1,66268
7290006899293,false,תה סרמוני צ'אי,,,תה סרמוני צ'אי,גרמים,40.00,100 גרם,false,,16.90,0.4225,true,1,66269
7290006899354,false,תה סרמוני קמומיל,,,תה סרמוני קמומיל,גרמים,21.00,100 גרם,false,,16.90,0.8048,true,1,66263
7290006899705,false,סרמוני תה ירוק לימונ,,,סרמוני תה ירוק לימונ,גרמים,44.00,100 גרם,false,,16.90,0.3841,true,1,87585
7290006908360,false,שקד קלוי 150 גר',,,שקד קלוי 150 גר',גרמים,150.00,100 גרם,false,,13.90,0.0927,true,1,59726
7290006908384,false,פיסטוק קלוי 150 גר',,,פיסטוק קלוי 150 גר',גרמים,150.00,100 גרם,false,,14.90,0.0993,true,1,59727
7290006908391,false,קשיו קלוי 150 גר',,,קשיו קלוי 150 גר',גרמים,150.00,100 גרם,false,,12.50,0.0833,true,1,59728
7290006908667,false,שזיף מגולען 200 גר',,,שזיף מגולען 200 גר',גרמים,200.00,100 גרם,false,,11.50,0.0575,true,1,17510
7290006983152,false,קרוטונים מתובלים למר,אסם,,קרוטונים מתובלים למר,גרמים,400.00,100 גרם,false,,18.90,0.0472,true,1,6146
7290006983176,false,לחמית שיפון,אסם,,לחמית שיפון,גרמים,230.00,100 גרם,false,,8.70,0.0378,true,1,6147
7290006983527,false,עוגת הבית תפוחים עם,אסם,,עוגת הבית תפוחים עם,גרמים,400.00,100 גרם,false,,18.00,0.0450,false,1,176
7290006983763,false,עוגת הבית שוקולד,אסם,,עוגת הבית שוקולד,גרמים,400.00,100 גרם,false,,13.90,0.0348,false,1,64022
7290006983770,false,עוגת הבית שיש,אסם,,עוגת הבית שיש,גרמים,400.00,100 גרם,false,,13.90,0.0348,false,1,178
7290006983787,false,עוגת הבית שוקולד,אסם,,עוגת הבית שוקולד,גרמים,400.00,100 גרם,false,,13.90,0.0348,false,1,179
7290006983794,false,עוגת הבית תפוז,אסם,,עוגת הבית תפוז,גרמים,400.00,100 גרם,false,,13.90,0.0348,false,1,180
7290006992185,false,דייסת מטרנה אורז 200,מטרנה,,דייסת מטרנה אורז 200,גרמים,200.00,100 גרם,false,,13.90,0.0695,false,1,6155
7290006992390,false,"דייסת וניל 200 בד""צ",מטרנה,,"דייסת וניל 200 בד""צ",גרמים,200.00,100 גרם,false,,13.90,0.0695,true,1,6160
7290006992864,false,לה קט עוף חתלתולים 2,לה -קט,,לה קט עוף חתלתולים 2,קילוגרמים,2.85,"ק""ג",false,,59.90,21.0175,true,1,33217
7290008000796,false,סופרמן מ.שיניים,,,סופרמן מ.שיניים,מיליליטרים,50.00,"100 מ""ל",false,,10.90,0.2180,true,1,17923
7290008000826,false,משחת שיניים לילדים ב,כצט,,משחת שיניים לילדים ב,מיליליטרים,50.00,"100 מ""ל",false,,10.90,0.2180,true,1,17924
7290008023542,false,שמפו רצפות 4 ליט,סיף פנטסטיק,,שמפו רצפות 4 ליט,ליטרים,4.00,ליטר,false,,19.90,4.9750,false,1,14468
7290008084956,false,בייבי פסטה משחה לתינ,,,בייבי פסטה משחה לתינ,גרמים,120.00,100 גרם,false,,15.90,0.1325,true,1,11922
7290008154222,false,עוף טוב שניצלונים 70,עוף טוב,,עוף טוב שניצלונים 70,גרמים,700.00,100 גרם,false,,18.90,0.0270,false,1,182
7290008175173,false,חמאה ללא מלח 200 גר,,,חמאה ללא מלח 200 גר,גרמים,200.00,100 גרם,false,,10.90,0.0545,true,1,5447
7290008175814,false,פטריות שמפניון חתוכו,וילי פוד,,פטריות שמפניון חתוכו,גרמים,400.00,100 גרם,false,,4.90,0.0123,false,1,3117
7290008190909,false,עוגיות מיני קוקיס כר,כרמית,,עוגיות מיני קוקיס כר,גרמים,600.00,100 גרם,false,,15.90,0.0265,true,1,7848
7290008190985,false,לקקן גלידה,כרמית,,לקקן גלידה,גרמים,500.00,100 גרם,false,,14.90,0.0298,true,1,7849
7290008263214,false,ממרח חרובים אורגני,הרדוף,,ממרח חרובים אורגני,גרמים,350.00,100 גרם,false,,22.90,0.0654,true,1,10455
7290008263528,false,ממרח שוקולד אגוזים א,,,ממרח שוקולד אגוזים א,גרמים,350.00,100 גרם,false,,23.90,0.0683,true,1,66165
7290008263641,false,קוואקר עדין אורגני 5,הרדוף,,קוואקר עדין אורגני 5,גרמים,500.00,100 גרם,false,,9.90,0.0198,true,1,10464
7290008263658,false,משקה סויה אורגני ללא,הרדוף,,משקה סויה אורגני ללא,ליטרים,1.00,ליטר,false,,10.90,10.9000,true,1,66901
7290008310086,false,בצק לאמפנדס מאפה של,,,בצק לאמפנדס מאפה של,גרמים,700.00,100 גרם,false,,33.90,0.0484,true,1,9785
7290008318518,false,לאבליין דאודורנט,,,לאבליין דאודורנט,מיליליטרים,150.00,"100 מ""ל",false,,18.90,0.1260,true,1,14913
7290008330107,false,בדין 4 ליטר מרען,בדין,,בדין 4 ליטר מרען,ליטרים,4.00,ליטר,false,,19.90,4.9750,false,1,2158
7290008335515,false,אגרול סיני,שלושת האופים,,אגרול סיני,גרמים,600.00,100 גרם,false,,12.90,0.0215,true,1,46986
7290008335539,false,פלמיני בשר,שלושת האופים,,פלמיני בשר,גרמים,600.00,100 גרם,false,,12.90,0.0215,true,1,46987
7290008335553,false,קובה בשר וצנובר,שלושת האופים,,קובה בשר וצנובר,גרמים,600.00,100 גרם,false,,12.90,0.0215,true,1,46989
7290008335560,false,סיגרים בשר,,,סיגרים בשר,גרמים,600.00,100 גרם,false,,12.90,0.0215,true,1,46990
7290008335577,false,"פסטל תפ""א",שלושת האופים,,"פסטל תפ""א",גרמים,600.00,100 גרם,false,,12.90,0.0215,true,1,46991
7290008335584,false,"סיגרים תפ""א",שלושת האופים,,"סיגרים תפ""א",גרמים,600.00,100 גרם,false,,12.90,0.0215,true,1,46992
7290008343466,false,בצק פילו 500 גר',שלושת האופים,,בצק פילו 500 גר',גרמים,500.00,100 גרם,false,,18.90,0.0378,true,1,11342
7290008347211,false,אצבעות דג 700 גרם,דלידג,,אצבעות דג 700 גרם,גרמים,700.00,100 גרם,false,,22.90,0.0327,true,1,11359
7290008408073,false,מים מזוקקים 4 ל',,,מים מזוקקים 4 ל',ליטרים,4.00,ליטר,false,,13.90,3.4750,true,1,17450
7290008409049,false,מיני מיני שניצלונים,מאמא עוף,,מיני מיני שניצלונים,גרמים,500.00,100 גרם,false,,24.90,0.0498,false,1,24031
7290008409100,false,אצבעות שניצל בציפוי,מאמא עוף,,אצבעות שניצל בציפוי,גרמים,700.00,100 גרם,false,,31.90,0.0456,false,1,989
7290008409124,false,שניצל ג'ונגל מאמא עו,מאמא עוף,,שניצל ג'ונגל מאמא עו,גרמים,700.00,100 גרם,false,,31.90,0.0456,false,1,8435
7290008409216,false,שניצל דק פריך מאמא ע,מאמא עוף,,שניצל דק פריך מאמא ע,גרמים,700.00,100 גרם,false,,37.90,0.0541,false,1,8437
7290008409223,false,שניצל דק מתובל מאמא,מאמא עוף,,שניצל דק מתובל מאמא,גרמים,700.00,100 גרם,false,,37.90,0.0541,false,1,8438
7290008409315,false,מיני מיני דק שניצלונ,מאמא עוף,,מיני מיני דק שניצלונ,גרמים,500.00,100 גרם,false,,24.90,0.0498,false,1,24029
7290008409407,false,שניצל דק צ'יפס,מאמא עוף,,שניצל דק צ'יפס,גרמים,700.00,100 גרם,false,,37.90,0.0541,false,1,8440
7290008409544,false,שניצל עוף בציפוי פרי,מאמא עוף,,שניצל עוף בציפוי פרי,גרמים,700.00,100 גרם,false,,37.90,0.0541,false,1,8441
7290008409551,false,שניצל מעודן,מאמא עוף,,שניצל מעודן,גרמים,700.00,100 גרם,false,,37.90,0.0541,false,1,8442
7290008409582,false,שניצל אמיתי ביתי,מאמא עוף,,שניצל אמיתי ביתי,גרמים,700.00,100 גרם,false,,37.90,0.0541,false,1,8445
7290008409605,false,כוכבי עוף בציפוי,מאמא עוף,,כוכבי עוף בציפוי,גרמים,700.00,100 גרם,false,,31.90,0.0456,false,1,8446
7290008415071,false,חומוס עם טחינה 150 ג,צבר,,חומוס עם טחינה 150 ג,גרמים,150.00,100 גרם,false,,4.80,0.0320,true,1,6172
7290008415514,false,חומוס צבר חריף 150גר,צבר,,חומוס צבר חריף 150גר,גרמים,150.00,100 גרם,false,,4.80,0.0320,true,1,6175
7290008417006,false,פפריקה מתוקה עם שמן,נווה תבלין,,פפריקה מתוקה עם שמן,גרמים,100.00,100 גרם,false,,8.40,0.0840,true,1,9105
7290008417013,false,פפריקה מתוקה גרוסה,נווה תבלין,,פפריקה מתוקה גרוסה,גרמים,100.00,100 גרם,false,,8.40,0.0840,true,1,9106
7290008417037,false,פלפל שחור טחון במיכל,נווה תבלין,,פלפל שחור טחון במיכל,גרמים,80.00,100 גרם,false,,8.40,0.1050,true,1,9108
7290008417044,false,פלפל שחור גרוס במיכל,נווה תבלין,,פלפל שחור גרוס במיכל,גרמים,80.00,100 גרם,false,,8.40,0.1050,true,1,9109
7290008417075,false,כורכום טחון מיכל פלס,נווה תבלין,,כורכום טחון מיכל פלס,גרמים,110.00,100 גרם,false,,8.40,0.0764,true,1,9112
7290008417112,false,תבלין מלח לימון,נווה תבלין,,תבלין מלח לימון,גרמים,130.00,100 גרם,false,,8.40,0.0646,true,1,9116
7290008417129,false,עלי דפנה במיכל פלסטי,נווה תבלין,,עלי דפנה במיכל פלסטי,גרמים,35.00,100 גרם,false,,8.40,0.2400,true,1,9117
7290008417136,false,תבלין לאורז,נווה תבלין,,תבלין לאורז,גרמים,100.00,100 גרם,false,,8.40,0.0840,true,1,9118
7290008417150,false,תבלין קארי טחון,נווה תבלין,,תבלין קארי טחון,גרמים,110.00,100 גרם,false,,8.40,0.0764,true,1,9119
7290008417167,false,קימל טחון/שלם,נווה תבלין,,קימל טחון/שלם,גרמים,110.00,100 גרם,false,,8.40,0.0764,true,1,9120
7290008417204,false,תבלין לשווארמה,נווה תבלין,,תבלין לשווארמה,גרמים,110.00,100 גרם,false,,8.40,0.0764,true,1,9124
7290008417228,false,תבלין על האש,נווה תבלין,,תבלין על האש,גרמים,110.00,100 גרם,false,,8.40,0.0764,true,1,9126
7290008417242,false,תבלין אורגנו,נווה תבלין,,תבלין אורגנו,גרמים,50.00,100 גרם,false,,8.40,0.1680,true,1,9128
7290008417259,false,תבלין לקציצות,נווה תבלין,,תבלין לקציצות,גרמים,110.00,100 גרם,false,,8.40,0.0764,true,1,9129
7290008417266,false,זעתר עם שומשום מיכל,נווה תבלין,,זעתר עם שומשום מיכל,גרמים,110.00,100 גרם,false,,8.40,0.0764,true,1,9130
7290008417273,false,כוסברה ירק / שלם,נווה תבלין,,כוסברה ירק / שלם,גרמים,40.00,100 גרם,false,,8.40,0.2100,true,1,9131
7290008417280,false,אגוז מוסקט - שלם / ט,נווה תבלין,,אגוז מוסקט - שלם / ט,גרמים,60.00,100 גרם,false,,8.40,0.1400,true,1,9132
7290008417372,false,תבלין גריל עוף,נווה תבלין,,תבלין גריל עוף,גרמים,110.00,100 גרם,false,,8.40,0.0764,true,1,9134
7290008417389,false,שום גבישי,נווה תבלין,,שום גבישי,גרמים,110.00,100 גרם,false,,8.40,0.0764,true,1,9135
7290008417396,false,תבלין טימין,נווה תבלין,,תבלין טימין,גרמים,50.00,100 גרם,false,,8.40,0.1680,true,1,9136
7290008417402,false,תבלין בזיליקום,נווה תבלין,,תבלין בזיליקום,גרמים,50.00,100 גרם,false,,8.40,0.1680,true,1,9137
7290008417440,false,פלפל שחור שלם במיכל,נווה תבלין,,פלפל שחור שלם במיכל,גרמים,80.00,100 גרם,false,,8.40,0.1050,true,1,9141
7290008417495,false,פלפל אנגלי שלם במיכל,נווה תבלין,,פלפל אנגלי שלם במיכל,גרמים,100.00,100 גרם,false,,8.40,0.0840,true,1,9144
7290008417501,false,תבלין בהרט,נווה תבלין,,תבלין בהרט,גרמים,110.00,100 גרם,false,,8.40,0.0764,true,1,9145
7290008417617,false,מלח לימון 600 גר,נווה תבלין,,מלח לימון 600 גר,גרמים,600.00,100 גרם,false,,20.00,0.0333,true,1,1985
7290008417624,false,פפריקה מתוקה 400 גר',נווה תבלין,,פפריקה מתוקה 400 גר',גרמים,400.00,100 גרם,false,,20.00,0.0500,true,1,9150
7290008417631,false,פפריקה מתוקה,נווה תבלין,,פפריקה מתוקה,גרמים,100.00,100 גרם,false,,8.40,0.0840,true,1,9151
7290008417648,false,צי'לי מקסיקני,נווה תבלין,,צי'לי מקסיקני,גרמים,110.00,100 גרם,false,,8.40,0.0764,true,1,9152
7290008417655,false,מקלות קינמון במיכל פ,נווה תבלין,,מקלות קינמון במיכל פ,גרמים,110.00,100 גרם,false,,8.40,0.0764,true,1,9153
7290008417693,false,תבלין לדג עם שום,נווה תבלין,,תבלין לדג עם שום,גרמים,120.00,100 גרם,false,,8.40,0.0700,true,1,9102
7290008417723,false,תבלין קצח,נווה תבלין,,תבלין קצח,גרמים,90.00,100 גרם,false,,8.40,0.0933,true,1,9156
7290008417730,false,תערובת קינג'ון,נווה תבלין,,תערובת קינג'ון,גרמים,110.00,100 גרם,false,,8.40,0.0764,true,1,9157
7290008417815,false,פפריקה מתוקה מעושנת,נווה תבלין,,פפריקה מתוקה מעושנת,גרמים,90.00,100 גרם,false,,8.40,0.0933,true,1,24151
7290008425322,false,נקטר משמש אורגני,,,נקטר משמש אורגני,מיליליטרים,330.00,"100 מ""ל",false,,12.90,0.0391,true,1,78340
7290008425339,false,"נקטר שזיף 330 מ""ל",,,"נקטר שזיף 330 מ""ל",מיליליטרים,330.00,"100 מ""ל",false,,12.90,0.0391,true,1,81167
7290008425346,false,נקטר אפרסק 330 מל,,,נקטר אפרסק 330 מל,מיליליטרים,330.00,"100 מ""ל",false,,12.90,0.0391,true,1,76721
7290008443616,false,נקה 7-מייצב יבש  אדו,נקה 7,,נקה 7-מייצב יבש  אדו,מיליליטרים,750.00,"100 מ""ל",false,,11.90,0.0159,true,1,18669
7290008443630,false,נקה 7-שמפו  מתולתל ס,נקה 7,,נקה 7-שמפו  מתולתל ס,מיליליטרים,750.00,"100 מ""ל",false,,11.90,0.0159,true,1,18671
7290008458023,false,כבד פטם טרי ארוז,,,כבד פטם טרי ארוז,קילוגרמים,1.00,"ק""ג",true,,16.90,16.9000,false,1,77833
7290008458030,false,לב פטם טרי,,,לב פטם טרי,קילוגרמים,1.00,"ק""ג",true,,25.90,25.9000,false,1,82245
7290008461221,false,סרדין רוברט בשמן 115,ויליגר,,סרדין רוברט בשמן 115,גרמים,115.00,100 גרם,false,,6.90,0.0600,true,1,11361
7290008461238,false,סרדין רוברט חריף בשמ,ויליגר,,סרדין רוברט חריף בשמ,גרמים,115.00,100 גרם,false,,6.90,0.0600,true,1,11362
7290008461283,false,צ'דר טריפל 200 גר,,,צ'דר טריפל 200 גר,גרמים,200.00,100 גרם,false,,22.90,0.1145,true,1,67994
7290008462204,false,חרדל דיזו'ן MAILLE,,,חרדל דיזו'ן MAILLE,גרמים,380.00,100 גרם,false,,14.90,0.0392,true,1,11364
7290008462259,false,חרדל דיג'ון גרגירים,,,חרדל דיג'ון גרגירים,גרמים,380.00,100 גרם,false,,17.50,0.0461,true,1,11365
7290008462310,false,גבינת סנט מור עיזים,נטו,,גבינת סנט מור עיזים,קילוגרמים,1.00,"ק""ג",true,,149.90,149.9000,true,1,11173
7290008464024,false,פחית גולדסטאר לא מסו,גולדסטאר,,פחית גולדסטאר לא מסו,מיליליטרים,500.00,"100 מ""ל",false,,8.50,0.0170,true,1,29894
7290008464109,false,"גולדסטאר 330 מ""ל לא",גולדסטאר,,"גולדסטאר 330 מ""ל לא",מיליליטרים,330.00,"100 מ""ל",false,,7.20,0.0218,true,1,25162
7290008464130,false,גולדסטאר לא מסונן שי,,,גולדסטאר לא מסונן שי,ליטרים,1.98,ליטר,false,,32.90,16.6162,false,1,25348
7290008464222,false,מכבי 7.9% פחית 500 מ,בירה מכבי,,מכבי 7.9% פחית 500 מ,מיליליטרים,500.00,"100 מ""ל",false,,7.20,0.0144,true,1,59299
7290008464338,false,מכבי בק' 330,בירה מכבי,,מכבי בק' 330,יחידה,330.00,יחידה,false,,6.50,0.0197,true,1,17073
7290008464345,false,גולדסטאר בק' 330,גולדסטאר,,גולדסטאר בק' 330,יחידה,330.00,יחידה,false,,7.00,0.0212,true,1,17074
7290008464390,false,סבן אפ דיאט פחית,,,סבן אפ דיאט פחית,מיליליטרים,330.00,"100 מ""ל",false,,3.90,0.0118,true,1,84026
7290008464406,false,פפסי מקס פחית בו,פפסי,,פפסי מקס פחית בו,מיליליטרים,330.00,"100 מ""ל",false,,3.90,0.0118,true,1,84027
7290008464468,false,גולדסטאר בירה פחית 5,גולדסטאר,,גולדסטאר בירה פחית 5,מיליליטרים,500.00,"100 מ""ל",false,,7.90,0.0158,false,1,3903
7290008464475,false,מכבי בירה פחית 500 מ,בירה מכבי,,מכבי בירה פחית 500 מ,מיליליטרים,500.00,"100 מ""ל",false,,6.90,0.0138,false,1,17077
7290008464505,false,מים סאן בנדטו,סן בנדטו,,מים סאן בנדטו,מיליליטרים,500.00,"100 מ""ל",false,,2.50,0.0050,true,1,11521
7290008464604,false,הייניקן בירה פחית 50,היינקן,,הייניקן בירה פחית 50,מיליליטרים,500.00,"100 מ""ל",false,,9.50,0.0190,false,1,3904
7290008464673,false,בירה גולדסטאר 10% SL,גולדסטאר,,בירה גולדסטאר 10% SL,מיליליטרים,500.00,"100 מ""ל",false,,8.50,0.0170,true,1,76376
7290008464697,false,שישיית מכבי 7.9% אלכ,,,שישיית מכבי 7.9% אלכ,מיליליטרים,1980.00,"100 מ""ל",false,,32.90,0.0166,false,1,33542
7290008464703,false,מכבי שישייה בקבוק 33,בירה מכבי,,מכבי שישייה בקבוק 33,ליטרים,1.98,ליטר,false,,32.90,16.6162,false,1,17079
7290008464734,false,גולדסטאר SLOW BREW,,,גולדסטאר SLOW BREW,ליטרים,1.98,ליטר,false,,34.90,17.6263,false,1,68179
7290008464741,false,גולדסטאר שישייה בקבו,גולדסטאר,,גולדסטאר שישייה בקבו,ליטרים,1.98,ליטר,false,,29.90,15.1010,false,1,3907
7290008464796,false,הייניקן שישייה בקבוק,היינקן,,הייניקן שישייה בקבוק,ליטרים,1.98,ליטר,false,,32.90,16.6162,false,1,3909
7290008466677,false,עוגיות ללא סוכר,,,עוגיות ללא סוכר,גרמים,300.00,100 גרם,false,,21.90,0.0730,true,1,120972
7290008466707,false,עוגיות פרימיום 300 ג,,,עוגיות פרימיום 300 ג,גרמים,300.00,100 גרם,false,,21.90,0.0730,true,1,117711
7290008470766,false,מארז שמינייה אורביט,אורביט,,מארז שמינייה אורביט,יחידה,0.00,יחידה,false,,14.50,0.0000,true,1,27605
7290008493413,false,פירורי גריסיני 200 ג,מאיר  בייגל,,פירורי גריסיני 200 ג,גרמים,200.00,100 גרם,false,,6.50,0.0325,true,1,505
7290008493710,false,פירורי גריסיני זהב 2,מאיר  בייגל,,פירורי גריסיני זהב 2,גרמים,200.00,100 גרם,false,,6.50,0.0325,true,1,57755
7290008499088,false,אסאדו עם עצם מנות,,,אסאדו עם עצם מנות,קילוגרמים,1.00,"ק""ג",true,,79.90,79.9000,false,1,85814
7290008609531,false,נייר אפיה נשלף 50 יח,,,נייר אפיה נשלף 50 יח,יחידה,0.00,יחידה,false,,7.90,0.0000,true,1,74198
7290008644112,false,מטבוחה יום יום,אחלה,,מטבוחה יום יום,גרמים,125.00,100 גרם,false,,4.60,0.0368,true,1,17650
7290008644235,false,לקט עלי בייבי שטראוס,שטראוס,,לקט עלי בייבי שטראוס,גרמים,120.00,100 גרם,false,,9.90,0.0825,true,1,18933
7290008644945,false,סלט המושבה שטראוס 45,שטראוס,,סלט המושבה שטראוס 45,גרמים,450.00,100 גרם,false,,11.90,0.0264,true,1,17656
7290008670005,false,רקאנטי שרדונה 2017,,,רקאנטי שרדונה 2017,מיליליטרים,750.00,"100 מ""ל",false,,49.90,0.0665,true,1,16758
7290008670135,false,רקנאטי סובניון בלאן,,,רקנאטי סובניון בלאן,מיליליטרים,750.00,"100 מ""ל",false,,49.90,0.0665,true,1,16762
7290008670159,false,יין רקנטי יסמין לבן,,,יין רקנטי יסמין לבן,מיליליטרים,750.00,"100 מ""ל",false,,34.90,0.0465,true,1,16764
7290008670302,false,רקנאטי רזרב קברנה סו,,,רקנאטי רזרב קברנה סו,מיליליטרים,750.00,"100 מ""ל",false,,84.90,0.1132,true,1,3637
7290008670388,false,רקנאטי רוזה 2006,,,רקנאטי רוזה 2006,יחידה,750.00,יחידה,false,,65.90,0.0879,true,1,16770
7290008670913,false,רקנאטי גליל עליון קב,,,רקנאטי גליל עליון קב,מיליליטרים,750.00,"100 מ""ל",false,,49.90,0.0665,true,1,73405
7290008670920,false,רקנאטי גליל עליון מר,,,רקנאטי גליל עליון מר,מיליליטרים,750.00,"100 מ""ל",false,,49.90,0.0665,true,1,73406
7290008679411,false,כפפות,,,כפפות,יחידה,0.00,יחידה,false,,8.00,0.0000,true,1,13639
7290008679435,false,כפפות,,,כפפות,יחידה,0.00,יחידה,false,,8.00,0.0000,true,1,13640
7290008679459,false,כפפות רגישות במי,,,כפפות רגישות במי,יחידה,0.00,יחידה,false,,8.00,0.0000,true,1,296
7290008679466,false,כפפות רגישות במי,,,כפפות רגישות במי,יחידה,0.00,יחידה,false,,8.00,0.0000,true,1,297
7290008693134,false,דניאלה תות שדה 5%,שטראוס,,דניאלה תות שדה 5%,מיליליטרים,150.00,"100 מ""ל",false,,4.10,0.0273,true,1,7169
7290008713900,false,לחם שיפון עגול 750 ג,אנג'ל,,לחם שיפון עגול 750 ג,גרמים,750.00,100 גרם,false,,13.90,0.0185,true,1,606
7290008739955,false,ברכת הבית,,,ברכת הבית,יחידה,0.00,יחידה,false,,12.00,0.0000,true,1,4914
7290008745239,false,תפוציפס 50 גר,עלית,,תפוציפס 50 גר,גרמים,50.00,100 גרם,false,,3.90,0.0780,true,1,12588
7290008747547,false,תפוציפס טבעי,עלית,,תפוציפס טבעי,גרמים,200.00,100 גרם,false,,10.90,0.0545,false,1,12590
7290008750264,false,מסטיק מאסט בטעם דובד,עלית,,מסטיק מאסט בטעם דובד,גרמים,28.00,100 גרם,false,,4.40,0.1571,false,1,12349
7290008752244,false,תפוציפס גריל,עלית,,תפוציפס גריל,גרמים,50.00,100 גרם,false,,3.90,0.0780,true,1,12592
7290008753111,false,תפוציפס 50 גר,עלית,,תפוציפס 50 גר,גרמים,50.00,100 גרם,false,,3.90,0.0780,true,1,12594
7290008753364,false,דוריטוס גריל,עלית,,דוריטוס גריל,גרמים,55.00,100 גרם,false,,2.90,0.0527,true,1,12596
7290008753371,false,דוריטוס נאצ'ו,עלית,,דוריטוס נאצ'ו,גרמים,55.00,100 גרם,false,,2.90,0.0527,true,1,12597
7290008753388,false,דוריטוס טבעי,עלית,,דוריטוס טבעי,גרמים,55.00,100 גרם,false,,2.90,0.0527,true,1,12598
7290008754415,false,מסטיק מאסט בטעם מנטה,עלית,,מסטיק מאסט בטעם מנטה,גרמים,28.00,100 גרם,false,,4.40,0.1571,false,1,12360
7290008754422,false,מסטיק מאסט בטעם מנטה,עלית,,מסטיק מאסט בטעם מנטה,גרמים,28.00,100 גרם,false,,4.40,0.1571,false,1,12361
7290008757980,false,ספרינג רימונים קרטונ,ספרינג,,ספרינג רימונים קרטונ,ליטרים,1.00,ליטר,false,,6.90,6.9000,false,1,10121
7290008775816,false,ערגליות שוקו 300,אסם,,ערגליות שוקו 300,גרמים,300.00,100 גרם,false,,10.60,0.0353,false,1,6182
7290008775823,false,ערגליות תות שדה,אסם,,ערגליות תות שדה,גרמים,300.00,100 גרם,false,,10.60,0.0353,false,1,6183
7290008784450,false,צבטיות סוג א,,,צבטיות סוג א,יחידה,0.00,יחידה,false,,23.90,0.0000,true,1,25867
7290008784542,false,קויוטה מסג',,,קויוטה מסג',יחידה,0.00,יחידה,false,,7.00,0.0000,true,1,15437
7290008784603,false,ספוג איפור,,,ספוג איפור,יחידה,0.00,יחידה,false,,7.50,0.0000,true,1,29841
7290008784689,false,זוג קולבים נדבקים,,,זוג קולבים נדבקים,יחידה,0.00,יחידה,false,,7.90,0.0000,true,1,66451
7290008801119,false,סלקטד סוביניון בלאן,יקבי כרמל,,סלקטד סוביניון בלאן,מיליליטרים,750.00,"100 מ""ל",false,,24.90,0.0332,false,1,15126
7290008801157,false,סלקטד מרלו,יקבי כרמל,,סלקטד מרלו,מיליליטרים,750.00,"100 מ""ל",false,,24.90,0.0332,false,1,15127
7290008801430,false,מיץ ענבים תירוש אדום,יקבי כרמל,,מיץ ענבים תירוש אדום,מיליליטרים,750.00,"100 מ""ל",false,,15.90,0.0212,true,1,10168
7290008801461,false,יין הניצחון אדום מתו,יקבי כרמל,,יין הניצחון אדום מתו,מיליליטרים,750.00,"100 מ""ל",false,,19.90,0.0265,true,1,15129
7290008801478,false,יין טופז זהב אדום מת,יקבי כרמל,,יין טופז זהב אדום מת,מיליליטרים,750.00,"100 מ""ל",false,,18.90,0.0252,true,1,15130
7290008801522,false,קונקורד KING DAVID,יקבי כרמל,,קונקורד KING DAVID,מיליליטרים,750.00,"100 מ""ל",false,,19.90,0.0265,true,1,15131
7290008801546,false,מוסקט KING DAVID לבן,יקבי כרמל,,מוסקט KING DAVID לבן,מיליליטרים,750.00,"100 מ""ל",false,,19.90,0.0265,true,1,15133
7290008801843,false,סלקטד קברנה סוביניון,יקבי כרמל,,סלקטד קברנה סוביניון,מיליליטרים,750.00,"100 מ""ל",false,,24.90,0.0332,false,1,15135
7290008801850,false,סלקטד אמרלד ריזלינג,יקבי כרמל,,סלקטד אמרלד ריזלינג,מיליליטרים,750.00,"100 מ""ל",false,,24.90,0.0332,true,1,2821
7290008802291,false,מרלו PRIVATE COLLECT,יקבי כרמל,,מרלו PRIVATE COLLECT,מיליליטרים,750.00,"100 מ""ל",false,,34.90,0.0465,false,1,15136
7290008802512,false,וינו יין אדום,יקבי כרמל,,וינו יין אדום,מיליליטרים,750.00,"100 מ""ל",false,,19.90,0.0265,true,1,15137
7290008802895,false,קברנה סוביניון PRIVA,יקבי כרמל,,קברנה סוביניון PRIVA,מיליליטרים,750.00,"100 מ""ל",false,,34.90,0.0465,false,1,15139
7290008803021,false,יין כרמל אדום עת,יקבי כרמל,,יין כרמל אדום עת,מיליליטרים,750.00,"100 מ""ל",false,,19.90,0.0265,true,1,15141
7290008804189,false,קברנה סוביניון גליל,יקבי כרמל,,קברנה סוביניון גליל,מיליליטרים,750.00,"100 מ""ל",false,,54.90,0.0732,false,1,15146
7290008804332,false,"שיראז 750 מ""ל .P.C",יקבי כרמל,,"שיראז 750 מ""ל .P.C",מיליליטרים,750.00,"100 מ""ל",false,,34.90,0.0465,false,1,15150
7290008804455,false,יין רוזה יבש 2016,יקבי כרמל,,יין רוזה יבש 2016,מיליליטרים,750.00,"100 מ""ל",false,,54.90,0.0732,false,1,67211
7290008805049,false,יין רוזה סלקטד,יקבי כרמל,,יין רוזה סלקטד,מיליליטרים,750.00,"100 מ""ל",false,,24.90,0.0332,false,1,15162
7290008806961,false,גלידה קרמיסימו שוקול,קרמיסימו- שטראוס,,גלידה קרמיסימו שוקול,ליטרים,1.33,ליטר,false,,24.90,18.7218,false,1,7690
7290008806985,false,קרמיסימו נשנושים 60,קרמיסימו- שטראוס,,קרמיסימו נשנושים 60,גרמים,630.00,100 גרם,false,,49.90,0.0792,false,1,7691
7290008807012,false,מוסקט טבע בנימינה,יקבי בנימינה,,מוסקט טבע בנימינה,מיליליטרים,750.00,"100 מ""ל",false,,21.90,0.0292,false,1,15078
7290008807029,false,בנימינה אמרלד ריזלינ,יקבי בנימינה,,בנימינה אמרלד ריזלינ,מיליליטרים,750.00,"100 מ""ל",false,,21.90,0.0292,false,1,15079
7290008807289,false,יין קיסריה,יקבי בנימינה,,יין קיסריה,מיליליטרים,750.00,"100 מ""ל",false,,15.90,0.0212,false,1,15088
7290008807326,false,ליקר אמרטו,יקבי בנימינה,,ליקר אמרטו,יחידה,700.00,יחידה,false,,49.90,0.0713,true,1,15091
7290008807449,false,יין שרדונה 750מל,יקבי בנימינה,,יין שרדונה 750מל,מיליליטרים,750.00,"100 מ""ל",false,,36.90,0.0492,true,1,15094
7290008807487,false,יוגב קברנה מרלו,יקבי בנימינה,,יוגב קברנה מרלו,יחידה,750.00,יחידה,false,,36.90,0.0492,true,1,15095
7290008807494,false,יוגב בלד ארומטי 2008,יקבי בנימינה,,יוגב בלד ארומטי 2008,יחידה,750.00,יחידה,false,,36.90,0.0492,true,1,15096
7290008807654,false,יין רזרב סובניון בלא,יקבי בנימינה,,יין רזרב סובניון בלא,מיליליטרים,750.00,"100 מ""ל",false,,49.90,0.0665,true,1,43490
7290008835091,false,צלי כתף מס' 5 מוכשר,,,צלי כתף מס' 5 מוכשר,קילוגרמים,1.00,"ק""ג",true,,74.90,74.9000,false,1,119646
7290008835107,false,פילה מדומה מס' 6 מוכ,,,פילה מדומה מס' 6 מוכ,קילוגרמים,1.00,"ק""ג",true,,37.90,37.9000,false,1,119653
7290008835138,false,שריר מוזה מוכשר ארגנ,,,שריר מוזה מוכשר ארגנ,קילוגרמים,1.00,"ק""ג",true,,37.90,37.9000,true,1,120309
7290008836494,false,מיץ ענבים 1 ליטר,,,מיץ ענבים 1 ליטר,ליטרים,1.00,ליטר,false,,13.90,13.9000,true,1,24798
7290008841634,false,קשיו קלוי בטעם חריף,זארובי,,קשיו קלוי בטעם חריף,גרמים,200.00,100 גרם,false,,16.90,0.0845,true,1,117184
7290008841740,false,אגוז קשיו טבעי 100 ג,זארובי,,אגוז קשיו טבעי 100 ג,גרמים,100.00,100 גרם,false,,10.90,0.1090,true,1,65424
7290008841795,false,תערובת אגוזים 200 גר,זארובי,,תערובת אגוזים 200 גר,גרמים,200.00,100 גרם,false,,18.50,0.0925,true,1,12
7290008841887,false,קשיו קלוי 180 גר' קו,זארובי,,קשיו קלוי 180 גר' קו,גרמים,180.00,100 גרם,false,,15.00,0.0833,true,1,117686
7290008846219,false,שמן זית כתית מעולה ח,חלוצה,,שמן זית כתית מעולה ח,יחידה,750.00,יחידה,false,,39.90,0.0532,false,1,1389
7290008849470,false,ממרח פלפל צ'ומה,אוליביה,,ממרח פלפל צ'ומה,גרמים,185.00,100 גרם,false,,13.90,0.0751,true,1,10471
7290008849586,false,רוטב ריבת בצל לעוף,אוליביה,,רוטב ריבת בצל לעוף,גרמים,310.00,100 גרם,false,,13.90,0.0448,true,1,3093
7290008849609,false,רוטב שום ודבש לעוף,אוליביה,,רוטב שום ודבש לעוף,גרמים,330.00,100 גרם,false,,13.90,0.0421,true,1,3094
7290008849739,false,רוטב סויה קלאסי אולי,אוליביה,,רוטב סויה קלאסי אולי,יחידה,290.00,יחידה,false,,13.90,0.0479,true,1,10475
7290008849753,false,רוטב טריאקי עשיר אול,אוליביה,,רוטב טריאקי עשיר אול,יחידה,300.00,יחידה,false,,13.90,0.0463,true,1,10476
7290008849777,false,רוטב צילי מתוק,אוליביה,,רוטב צילי מתוק,גרמים,350.00,100 גרם,false,,13.90,0.0397,true,1,10478
7290008866019,false,ברי עיזים בייבי יעקב,משק יעקבס,,ברי עיזים בייבי יעקב,קילוגרמים,1.00,"ק""ג",true,,129.90,129.9000,true,1,118438
7290008881203,false,שמן זית פח 2 ליטר,,,שמן זית פח 2 ליטר,ליטרים,2.00,ליטר,false,,94.90,47.4500,true,1,3800
7290008881227,false,"שמן הבית מסיק 750 מ""",,,"שמן הבית מסיק 750 מ""",יחידה,750.00,יחידה,false,,46.90,0.0625,true,1,11445
7290008881265,false,שמן זית קורטינה קיבו,,,שמן זית קורטינה קיבו,מיליליטרים,750.00,"100 מ""ל",false,,46.90,0.0625,true,1,11447
7290008881272,false,שמן זית פיקואל קיבוץ,,,שמן זית פיקואל קיבוץ,מיליליטרים,750.00,"100 מ""ל",false,,46.90,0.0625,true,1,19884
7290008881296,false,שמן זית קורינייקי  ק,,,שמן זית קורינייקי  ק,מיליליטרים,750.00,"100 מ""ל",false,,46.90,0.0625,true,1,11449
7290008881494,false,"שמן ארבקינה 750 מ""ל",,,"שמן ארבקינה 750 מ""ל",מיליליטרים,750.00,"100 מ""ל",false,,46.90,0.0625,true,1,65858
7290008909761,false,"קרלסברג בק' 330 מ""ל",קרלסברג,,"קרלסברג בק' 330 מ""ל",מיליליטרים,330.00,"100 מ""ל",false,,7.50,0.0227,true,1,13557
7290008909853,false,קוקה קולה ZERO  בקבו,קוקה קולה,,קוקה קולה ZERO  בקבו,מיליליטרים,500.00,"100 מ""ל",false,,6.00,0.0120,false,1,7346
7290008909884,false,קוקה קולה 350 בקבוק,קוקה קולה,,קוקה קולה 350 בקבוק,יחידה,350.00,יחידה,false,,5.50,0.0157,true,1,7349
7290008921015,false,תשבי קברנה סירה,יקב תשבי,,תשבי קברנה סירה,מיליליטרים,750.00,"100 מ""ל",false,,29.90,0.0399,true,1,17107
7290008921022,false,תשבי פרנץ' ריזלינג,יקב תשבי,,תשבי פרנץ' ריזלינג,מיליליטרים,750.00,"100 מ""ל",false,,29.90,0.0399,true,1,3941
7290008921060,false,מוסקט ויונייה 2018.,,,מוסקט ויונייה 2018.,מיליליטרים,750.00,"100 מ""ל",false,,29.90,0.0399,true,1,77078
7290008921121,false,יין תישבי סוביניון ב,,,יין תישבי סוביניון ב,מיליליטרים,750.00,"100 מ""ל",false,,39.90,0.0532,true,1,76183
7290008921169,false,תשבי קברנה סוביניון,יקב תשבי,,תשבי קברנה סוביניון,מיליליטרים,750.00,"100 מ""ל",false,,39.90,0.0532,true,1,3942
7290008921176,false,יין תשבי מרלו,,,יין תשבי מרלו,יחידה,750.00,יחידה,false,,39.90,0.0532,true,1,3943
7290008921190,false,תשבי אמרלד ריזלינג,יקב תשבי,,תשבי אמרלד ריזלינג,מיליליטרים,750.00,"100 מ""ל",false,,29.90,0.0399,true,1,3944
7290008921213,false,יין תשבי ויוניה לבן,,,יין תשבי ויוניה לבן,מיליליטרים,750.00,"100 מ""ל",false,,45.00,0.0600,true,1,47538
7290008921251,false,קברנה פרנק תשבי,,,קברנה פרנק תשבי,מיליליטרים,750.00,"100 מ""ל",false,,39.90,0.0532,true,1,30828
7290008921275,false,תישבי שיראז 2008,,,תישבי שיראז 2008,יחידה,750.00,יחידה,false,,39.90,0.0532,true,1,17110
7290008921312,false,קברנה סוביניון א,,,קברנה סוביניון א,יחידה,750.00,יחידה,false,,69.90,0.0932,true,1,17111
7290008921336,false,תשבי אסטייט שרדו,,,תשבי אסטייט שרדו,יחידה,750.00,יחידה,false,,45.00,0.0600,true,1,17113
7290008921558,false,תשבי מלבק אסטייט,,,תשבי מלבק אסטייט,מיליליטרים,750.00,"100 מ""ל",false,,69.90,0.0932,true,1,118670
7290008921633,false,פינק סוביניון תשבי,,,פינק סוביניון תשבי,מיליליטרים,750.00,"100 מ""ל",false,,45.00,0.0600,true,1,78312
7290008921688,false,יין פטיט סירה תשבי,,,יין פטיט סירה תשבי,מיליליטרים,750.00,"100 מ""ל",false,,99.90,0.1332,true,1,121923
7290008921718,false,תשבי גוורצטרמינר,יקב תשבי,,תשבי גוורצטרמינר,מיליליטרים,750.00,"100 מ""ל",false,,45.00,0.0600,true,1,20423
7290008945172,false,גלילונית לפח מטבח 40,גלילונית,,גלילונית לפח מטבח 40,יחידה,0.00,יחידה,false,,15.90,0.0000,true,1,16017
7290008945202,false,גלילונית לאשפה משרדי,גלילונית,,גלילונית לאשפה משרדי,יחידה,0.00,יחידה,false,,14.90,0.0000,true,1,16018
7290008981279,false,זעתר עם שומשום נח'לה,,,זעתר עם שומשום נח'לה,גרמים,100.00,100 גרם,false,,9.90,0.0990,true,1,7409
7290008989091,false,פריכיות אורז,,,פריכיות אורז,גרמים,310.00,100 גרם,false,,12.90,0.0416,true,1,81678
7290008989473,false,ממרח חרובים בטעם שוק,,,ממרח חרובים בטעם שוק,גרמים,350.00,100 גרם,false,,11.90,0.0340,true,1,30497
7290008989602,false,פצפוצי אורז מלא,,,פצפוצי אורז מלא,גרמים,450.00,100 גרם,false,,18.90,0.0420,true,1,57679
7290008989671,false,ציפוי עדיף פריך גס ל,,,ציפוי עדיף פריך גס ל,גרמים,250.00,100 גרם,false,,9.90,0.0396,true,1,68238
7290009397642,false,מאפין שוקו חמישיה גד,,,מאפין שוקו חמישיה גד,יחידה,0.00,יחידה,false,,8.90,0.0000,true,1,69681
7290009397697,false,מאפין שוקו צ'יפס חמי,,,מאפין שוקו צ'יפס חמי,יחידה,0.00,יחידה,false,,8.90,0.0000,true,1,75548
7290009399806,false,עוגת קראנץ טעם שוקול,,,עוגת קראנץ טעם שוקול,גרמים,540.00,100 גרם,false,,18.90,0.0350,true,1,76241
7290010023141,false,תה חליטת לימון ונענע,ויסוצקי,,תה חליטת לימון ונענע,גרמים,50.00,100 גרם,false,,18.90,0.3780,false,1,787
7290010023943,false,חליטת רויבוש קינמון,ויסוצקי,,חליטת רויבוש קינמון,גרמים,50.00,100 גרם,false,,25.90,0.5180,true,1,8286
7290010032440,false,"דבש 1 ק""ג אשל",,,"דבש 1 ק""ג אשל",קילוגרמים,1.00,"ק""ג",false,,49.90,49.9000,true,1,33941
7290010065271,false,"מחית פרינוק תפו""ע 13",פרינוק,,"מחית פרינוק תפו""ע 13",גרמים,130.00,100 גרם,false,,5.50,0.0423,true,1,70382
7290010065295,false,"מחית פרינוק תפו""ע+בנ",פרינוק,,"מחית פרינוק תפו""ע+בנ",גרמים,130.00,100 גרם,false,,5.50,0.0423,true,1,7475
7290010065332,false,"פרינוק גוניור תפ""ע ב",פרינוק,,"פרינוק גוניור תפ""ע ב",גרמים,760.00,100 גרם,false,,6.50,0.0086,true,1,7479
7290010066025,false,טונה פיל טונה בשמן,,,טונה פיל טונה בשמן,גרמים,112.00,100 גרם,false,,5.90,0.0527,false,1,78177
7290010066513,false,פיל טונה רביעיה בשמן,,,פיל טונה רביעיה בשמן,גרמים,632.00,100 גרם,false,,22.90,0.0362,false,1,27187
7290010066520,false,טונה פיל טונה קנולה,,,טונה פיל טונה קנולה,גרמים,112.00,100 גרם,false,,5.90,0.0527,false,1,78178
7290010066575,false,פיל טונה רביעיה במים,,,פיל טונה רביעיה במים,גרמים,632.00,100 גרם,false,,22.90,0.0362,false,1,27185
7290010066582,false,פיל טונה רביעיה בשמן,,,פיל טונה רביעיה בשמן,גרמים,632.00,100 גרם,false,,22.90,0.0362,false,1,27188
7290010066599,false,פיל טונה רביעיה בשמן,,,פיל טונה רביעיה בשמן,גרמים,632.00,100 גרם,false,,27.90,0.0441,true,1,27189
7290010092031,false,נס קפה-עוגיות מרוקאי,,,נס קפה-עוגיות מרוקאי,גרמים,450.00,100 גרם,false,,16.90,0.0376,true,1,61760
7290010092093,false,עוגיות שחר,,,עוגיות שחר,יחידה,0.00,יחידה,false,,14.90,0.0000,false,1,23675
7290010116980,false,שוקולית 850 גרם,עלית,,שוקולית 850 גרם,גרמים,850.00,100 גרם,false,,16.90,0.0199,false,1,4539
7290010117857,false,דוריטוס חריף אש,עלית,,דוריטוס חריף אש,גרמים,55.00,100 גרם,false,,2.90,0.0527,true,1,12599
7290010117970,false,בוטנים אמריקאים עלית,עלית,,בוטנים אמריקאים עלית,גרמים,50.00,100 גרם,false,,1.90,0.0380,true,1,17724
7290010119240,false,תפוציפס טבעי 12יח מא,עלית,,תפוציפס טבעי 12יח מא,גרמים,216.00,100 גרם,false,,16.50,0.0764,true,1,12603
7290010119950,false,דוריטוס חמוץ מתוק,עלית,,דוריטוס חמוץ מתוק,גרמים,55.00,100 גרם,false,,2.90,0.0527,true,1,12604
7290010124213,false,סינטה בקר דק דק 250,,,סינטה בקר דק דק 250,גרמים,250.00,100 גרם,false,,16.90,0.0676,true,1,78321
7290010124503,false,שומן כבש בלדי 200 גר,בלדי,,שומן כבש בלדי 200 גר,גרמים,200.00,100 גרם,false,,12.90,0.0645,true,1,20250
7290010163069,false,צנובר גדול 100 גר,,,צנובר גדול 100 גר,גרמים,100.00,100 גרם,false,,22.90,0.2290,true,1,33604
7290010173037,false,יין גליל רוזה,,,יין גליל רוזה,מיליליטרים,750.00,"100 מ""ל",false,,31.90,0.0425,false,1,14352
7290010173068,false,הרי גליל קברנה סובינ,יקב רמת הגולן,,הרי גליל קברנה סובינ,מיליליטרים,750.00,"100 מ""ל",false,,31.90,0.0425,false,1,14355
7290010173334,false,הרי הגליל סירה,יקב רמת הגולן,,הרי הגליל סירה,מיליליטרים,750.00,"100 מ""ל",false,,31.90,0.0425,false,1,14359
7290010195268,false,פופסטאר מופחת שומן ט,פופ סטאר,,פופסטאר מופחת שומן ט,גרמים,425.00,100 גרם,false,,12.90,0.0304,false,1,10849
7290010237548,false,פפסי מקס 0.5 ליטר,פפסי,,פפסי מקס 0.5 ליטר,יחידה,500.00,יחידה,false,,4.00,0.0080,false,1,11523
7290010237784,false,מכבי שנדי שישייה בקב,מכבי שנדי,,מכבי שנדי שישייה בקב,יחידה,1.98,יחידה,false,,31.90,16.1111,false,1,3918
7290010237890,false,הייניקן בירה בקבוק 5,היינקן,,הייניקן בירה בקבוק 5,מיליליטרים,500.00,"100 מ""ל",false,,8.00,0.0160,true,1,17082
7290010259311,false,"קרם קוקוס 400 מ""ל",,,"קרם קוקוס 400 מ""ל",גרמים,400.00,100 גרם,false,,6.30,0.0157,true,1,78860
7290010259359,false,אטריות נודלס ביצים מ,וילי פוד,,אטריות נודלס ביצים מ,גרמים,200.00,100 גרם,false,,4.40,0.0220,true,1,5456
7290010259366,false,אטריות נודלס ביצים מ,וילי פוד,,אטריות נודלס ביצים מ,גרמים,200.00,100 גרם,false,,4.40,0.0220,true,1,5457
7290010259823,false,מנת השף מרק נודלס טע,וילי פוד,,מנת השף מרק נודלס טע,גרמים,70.00,100 גרם,false,,4.90,0.0700,true,1,5458
7290010259830,false,מנת השף מרק עם נודלס,וילי פוד,,מנת השף מרק עם נודלס,גרמים,70.00,100 גרם,false,,4.90,0.0700,true,1,5459
7290010259847,false,מנת השף מרק עם נודלס,וילי פוד,,מנת השף מרק עם נודלס,גרמים,70.00,100 גרם,false,,4.90,0.0700,true,1,5460
7290010259991,false,צנימים 250 גרם,,,צנימים 250 גרם,גרמים,250.00,100 גרם,false,,6.90,0.0276,true,1,27010
7290010300501,false,"סוכר חום בשקית 1 ק""ג",נאמן,,"סוכר חום בשקית 1 ק""ג",יחידה,1.00,יחידה,false,,9.90,9.9000,true,1,8504
7290010300594,false,ג'לטין טהור,,,ג'לטין טהור,גרמים,28.00,100 גרם,false,,10.90,0.3893,true,1,8505
7290010328093,false,ממרח חלבה אחוה 400 ג,אחוה,,ממרח חלבה אחוה 400 ג,גרמים,400.00,100 גרם,false,,11.90,0.0298,true,1,13428
7290010328178,false,חלבה אחוה מסולסלת 25,אחוה,,חלבה אחוה מסולסלת 25,גרמים,250.00,100 גרם,false,,11.90,0.0476,true,1,5365
7290010328246,false,טחינה משומשום מלא אח,אחוה,,טחינה משומשום מלא אח,גרמים,500.00,100 גרם,false,,10.90,0.0218,false,1,5366
7290010328253,false,טחינה שומשום טבעי אח,אחוה,,טחינה שומשום טבעי אח,גרמים,500.00,100 גרם,false,,10.90,0.0218,false,1,13430
7290010328468,false,חטיפי מיני חלבה,,,חטיפי מיני חלבה,גרמים,216.00,100 גרם,false,,10.90,0.0505,true,1,26432
7290010328505,false,חטיפי מיני חלבה ללא,,,חטיפי מיני חלבה ללא,גרמים,150.00,100 גרם,false,,10.90,0.0727,true,1,29215
7290010328710,false,קצפיות אחוה,אחוה,,קצפיות אחוה,גרמים,180.00,100 גרם,false,,9.90,0.0550,true,1,60825
7290010328727,false,ממרח טחינה עם שוקולד,אחוה,,ממרח טחינה עם שוקולד,גרמים,400.00,100 גרם,false,,11.90,0.0298,true,1,62368
7290010328734,false,ממרח טחינה עם סילאן,אחוה,,ממרח טחינה עם סילאן,גרמים,400.00,100 גרם,false,,11.90,0.0298,true,1,63724
7290010328819,false,ממרח טחינה שוקולד לל,,,ממרח טחינה שוקולד לל,גרמים,400.00,100 גרם,false,,11.90,0.0298,true,1,66076
7290010329854,false,מיני קוקיס חמאה ללא,,,מיני קוקיס חמאה ללא,גרמים,700.00,100 גרם,false,,21.90,0.0313,true,1,7872
7290010373055,false,ערק זחלאווי אלליאלי5,,,ערק זחלאווי אלליאלי5,יחידה,500.00,יחידה,false,,64.90,0.1298,true,1,17539
7290010417162,false,גמלא ריזלינג 2020,יקב רמת הגולן,,גמלא ריזלינג 2020,מיליליטרים,750.00,"100 מ""ל",false,,49.90,0.0665,true,1,14363
7290010429684,false,מארז זוג דבש,יד מרדכי,,מארז זוג דבש,גרמים,700.00,100 גרם,false,,32.90,0.0470,false,1,4542
7290010471669,false,דנונה קראנצ יוגורט ת,שטראוס דנונה,,דנונה קראנצ יוגורט ת,גרמים,175.00,100 גרם,false,,4.60,0.0263,true,1,7172
7290010472307,false,גמדים לשתיה תות בננה,שטראוס,,גמדים לשתיה תות בננה,מיליליטרים,800.00,"100 מ""ל",false,,20.00,0.0250,true,1,7176
7290010472390,false,מארז דני שוקולד 1.5%,שטראוס,,מארז דני שוקולד 1.5%,ליטרים,1.00,ליטר,false,,16.40,16.4000,false,1,7178
7290010513727,false,פנקו מזרח ומערב,,,פנקו מזרח ומערב,גרמים,200.00,100 גרם,false,,7.00,0.0350,true,1,34186
7290010535200,false,מברשת שיניים לילדים,,,מברשת שיניים לילדים,יחידה,0.00,יחידה,false,,7.90,0.0000,true,1,59666
7290010535309,false,משטח ייבוש כלים לשיי,,,משטח ייבוש כלים לשיי,יחידה,0.00,יחידה,false,,10.00,0.0000,true,1,59669
7290010535361,false,מברשת רחצה לגב,,,מברשת רחצה לגב,יחידה,0.00,יחידה,false,,17.90,0.0000,true,1,15442
7290010535408,false,מארז קופסאות למברשת,,,מארז קופסאות למברשת,יחידה,0.00,יחידה,false,,9.90,0.0000,true,1,15444
7290010535460,false,מאפינס 50 יח,,,מאפינס 50 יח,יחידה,0.00,יחידה,false,,10.90,0.0000,true,1,63282
7290010535682,false,מטלית מיקרו פייבר,,,מטלית מיקרו פייבר,יחידה,0.00,יחידה,false,,8.90,0.0000,true,1,78314
7290010535699,false,חוט דנטלי סוג א 50 מ,,,חוט דנטלי סוג א 50 מ,יחידה,0.00,יחידה,false,,9.90,0.0000,true,1,15447
7290010535910,false,סקוטץ קוצים 2 יח',,,סקוטץ קוצים 2 יח',יחידה,0.00,יחידה,false,,9.00,0.0000,true,1,15454
7290010548514,false,עשבי תיבול לבישול אי,דורות,,עשבי תיבול לבישול אי,גרמים,70.00,100 גרם,false,,11.00,0.1571,true,1,6199
7290010561032,false,תערובת להכנת פנקייק,,,תערובת להכנת פנקייק,גרמים,400.00,100 גרם,false,,19.90,0.0497,true,1,88349
7290010561407,false,ברילי לחם פרוס ואקסט,בר אל- ללא גלוטן,,ברילי לחם פרוס ואקסט,גרמים,500.00,100 גרם,false,,18.90,0.0378,true,1,86091
7290010561421,false,ברילי לחם כפרי אקסטר,,,ברילי לחם כפרי אקסטר,גרמים,500.00,100 גרם,false,,19.90,0.0398,true,1,86092
7290010561445,false,ברילי פיתות,בר אל- ללא גלוטן,,ברילי פיתות,גרמים,420.00,100 גרם,false,,19.90,0.0474,true,1,86074
7290010561469,false,ברילי לחמניות אצבע,,,ברילי לחמניות אצבע,גרמים,330.00,100 גרם,false,,19.90,0.0603,true,1,117152
7290010561490,false,ברילי לחמניות המבורג,בר אל- ללא גלוטן,,ברילי לחמניות המבורג,גרמים,370.00,100 גרם,false,,19.90,0.0538,true,1,31398
7290010561964,false,ברילי ג'בטה אקסטרה ק,,,ברילי ג'בטה אקסטרה ק,גרמים,380.00,100 גרם,false,,19.90,0.0524,true,1,86073
7290010627004,false,טחינה ירושלים 500 גר,,,טחינה ירושלים 500 גר,גרמים,500.00,100 גרם,false,,14.90,0.0298,true,1,63862
7290010627011,false,"טחינה ירושלים 1 ק""ג",,,"טחינה ירושלים 1 ק""ג",קילוגרמים,1.00,"ק""ג",false,,27.90,27.9000,true,1,64565
7290010627844,false,טחינה ירושלים 500 מל,,,טחינה ירושלים 500 מל,גרמים,500.00,100 גרם,false,,14.90,0.0298,true,1,64845
7290010650019,false,אנדיב בלגי,,,אנדיב בלגי,גרמים,150.00,100 גרם,false,,13.90,0.0927,true,1,18992
7290010650033,false,בצלצלי שאלוט 350 גר',,,בצלצלי שאלוט 350 גר',גרמים,350.00,100 גרם,false,,14.90,0.0426,true,1,19715
7290010650040,false,פטריות שיטאקי טרי או,,,פטריות שיטאקי טרי או,גרמים,100.00,100 גרם,false,,11.90,0.1190,true,1,18993
7290010650088,false,פטריות שמפיניון מיוב,,,פטריות שמפיניון מיוב,גרמים,25.00,100 גרם,false,,8.40,0.3360,true,1,4420
7290010650101,false,עגבניות מיובשות,,,עגבניות מיובשות,גרמים,100.00,100 גרם,false,,8.40,0.0840,true,1,1722
7290010650194,false,זנגוויל ארוז מגשית,,,זנגוויל ארוז מגשית,גרמים,250.00,100 גרם,false,,8.90,0.0356,true,1,27808
7290010650231,false,פטריות מאי- טאקי יבש,,,פטריות מאי- טאקי יבש,גרמים,20.00,100 גרם,false,,9.40,0.4700,true,1,1723
7290010650255,false,לקט פטריות מיובשות ל,,,לקט פטריות מיובשות ל,גרמים,25.00,100 גרם,false,,11.90,0.4760,true,1,11955
7290010650279,false,לקט פטריות מיובשות ל,,,לקט פטריות מיובשות ל,גרמים,25.00,100 גרם,false,,11.90,0.4760,true,1,11956
7290010650286,false,בייבי ברוקולי,,,בייבי ברוקולי,גרמים,350.00,100 גרם,false,,12.90,0.0369,true,1,61941
7290010650293,false,שאלוט קלוף ארוז,,,שאלוט קלוף ארוז,גרמים,250.00,100 גרם,false,,12.90,0.0516,true,1,28426
7290010650354,false,כורכום טרי,,,כורכום טרי,גרמים,120.00,100 גרם,false,,14.90,0.1242,true,1,28058
7290010650385,false,ליים,,,ליים,גרמים,400.00,100 גרם,false,,9.90,0.0248,true,1,27653
7290010650415,false,עגבניות לחות מגשית,,,עגבניות לחות מגשית,גרמים,200.00,100 גרם,false,,9.40,0.0470,true,1,27655
7290010650576,false,פטריות שינוקי,,,פטריות שינוקי,גרמים,150.00,100 גרם,false,,9.90,0.0660,true,1,28004
7290010650590,false,ריזוטו פטריות,,,ריזוטו פטריות,גרמים,275.00,100 גרם,false,,15.90,0.0578,true,1,27771
7290010650668,false,למון גראס -חוות תקוע,,,למון גראס -חוות תקוע,יחידה,0.00,יחידה,false,,10.90,0.0000,true,1,28934
7290010650767,false,אנדיב אדום ארוז,,,אנדיב אדום ארוז,יחידה,0.00,יחידה,false,,19.90,0.0000,true,1,60074
7290010650798,false,לקט בורגול ופטריות,,,לקט בורגול ופטריות,גרמים,310.00,100 גרם,false,,13.90,0.0448,true,1,75503
7290010650828,false,פטריות שימג'י לבן,,,פטריות שימג'י לבן,יחידה,0.00,יחידה,false,,10.90,0.0000,true,1,75034
7290010650910,false,עגבניות לחות עם אורג,,,עגבניות לחות עם אורג,גרמים,200.00,100 גרם,false,,9.40,0.0470,true,1,81604
7290010650927,false,עגבניות לחות עם בזיל,,,עגבניות לחות עם בזיל,גרמים,200.00,100 גרם,false,,9.40,0.0470,true,1,81605
7290010650996,false,פטריות שימג'י חום,,,פטריות שימג'י חום,גרמים,150.00,100 גרם,false,,10.90,0.0727,true,1,89152
7290010657254,false,סרדין קזבלנקה בשמן ס,,,סרדין קזבלנקה בשמן ס,גרמים,125.00,100 גרם,false,,4.40,0.0352,true,1,11827
7290010657315,false,עלי גפן ממולאים סטאר,,,עלי גפן ממולאים סטאר,גרמים,400.00,100 גרם,false,,9.40,0.0235,true,1,22706
7290010657506,false,סרדין קזבלנקה בשמן ז,,,סרדין קזבלנקה בשמן ז,גרמים,125.00,100 גרם,false,,5.60,0.0448,true,1,11833
7290010657551,false,סרדין קזבלנקה ברוטב,,,סרדין קזבלנקה ברוטב,יחידה,0.00,יחידה,false,,4.40,0.0000,true,1,19893
7290010657568,false,סרדין קזבלנקה בשמן ס,,,סרדין קזבלנקה בשמן ס,גרמים,125.00,100 גרם,false,,4.90,0.0392,true,1,11834
7290010657681,false,פילה מקרל בשמן צמחי,,,פילה מקרל בשמן צמחי,גרמים,125.00,100 גרם,false,,7.90,0.0632,true,1,11835
7290010657698,false,פילה מקרל עם פלפל חר,,,פילה מקרל עם פלפל חר,גרמים,125.00,100 גרם,false,,8.50,0.0680,true,1,20970
7290010657704,false,פילה מקרל בשמן זית,,,פילה מקרל בשמן זית,גרמים,125.00,100 גרם,false,,9.40,0.0752,true,1,11836
7290010657728,false,כבד דג שיבוט בשמן הד,,,כבד דג שיבוט בשמן הד,גרמים,120.00,100 גרם,false,,11.90,0.0992,true,1,86564
7290010672844,false,חלה קלועה רגילה ח.א,,,חלה קלועה רגילה ח.א,יחידה,0.00,יחידה,false,,11.90,0.0000,true,1,68769
7290010715336,false,נרונים בשקית 50 יח',,,נרונים בשקית 50 יח',יחידה,0.00,יחידה,false,,10.90,0.0000,true,1,17798
7290010748853,false,קרם ידיים וציפורניים,"ד""ר פישר",,קרם ידיים וציפורניים,מיליליטרים,150.00,"100 מ""ל",false,,16.90,0.1127,true,1,18474
7290010748860,false,קרם ידיים וציפורניים,,,קרם ידיים וציפורניים,מיליליטרים,150.00,"100 מ""ל",false,,16.90,0.1127,true,1,18475
7290010748884,false,ק.גוף אפקטיב קר יבש,,,ק.גוף אפקטיב קר יבש,מיליליטרים,700.00,"100 מ""ל",false,,32.90,0.0470,true,1,5232
7290010766185,false,רוטב לפסטה עגבניות ו,אוליביה,,רוטב לפסטה עגבניות ו,יחידה,0.00,יחידה,false,,13.90,0.0000,true,1,10484
7290010766307,false,רוטב פסטה בולונז,אוליביה,,רוטב פסטה בולונז,גרמים,420.00,100 גרם,false,,13.90,0.0331,true,1,10486
7290010766697,false,רוטב שקשוקה,אוליביה,,רוטב שקשוקה,גרמים,415.00,100 גרם,false,,13.90,0.0335,true,1,10487
7290010766734,false,רוטב פיצה 415 גר',אוליביה,,רוטב פיצה 415 גר',גרמים,415.00,100 גרם,false,,13.90,0.0335,true,1,10488
7290010766949,false,ממרח תחתיות ארטישוק,אוליביה,,ממרח תחתיות ארטישוק,גרמים,180.00,100 גרם,false,,13.90,0.0772,true,1,10493
7290010766956,false,ממרח פלפלים קלויים א,אוליביה,,ממרח פלפלים קלויים א,גרמים,180.00,100 גרם,false,,13.90,0.0772,true,1,10494
7290010778058,false,פסטה פטוצ'יני טריה,,,פסטה פטוצ'יני טריה,גרמים,500.00,100 גרם,false,,19.90,0.0398,true,1,24276
7290010778126,false,"רוטב פסטו ""פסטה ד'יא",,,"רוטב פסטו ""פסטה ד'יא",גרמים,220.00,100 גרם,false,,23.90,0.1086,true,1,24378
7290010778157,false,ריביולי ריקוטה תרד,,,ריביולי ריקוטה תרד,גרמים,500.00,100 גרם,false,,31.90,0.0638,true,1,24279
7290010778164,false,ריביולי ריקוטה ופטרי,,,ריביולי ריקוטה ופטרי,גרמים,500.00,100 גרם,false,,31.90,0.0638,true,1,24280
7290010778171,false,ריביולי בטטה,,,ריביולי בטטה,גרמים,500.00,100 גרם,false,,31.90,0.0638,true,1,24281
7290010778188,false,ריביולי 4 גבינות,,,ריביולי 4 גבינות,גרמים,500.00,100 גרם,false,,31.90,0.0638,true,1,24282
7290010778218,false,רוטב לפסטה שמנת ופטר,,,רוטב לפסטה שמנת ופטר,גרמים,240.00,100 גרם,false,,21.90,0.0912,true,1,24284
7290010778225,false,רוטב לפסטה שמנת עגבנ,,,רוטב לפסטה שמנת עגבנ,גרמים,240.00,100 גרם,false,,21.90,0.0912,true,1,24285
7290010778256,false,ריביולי ריקוטה פרמזן,,,ריביולי ריקוטה פרמזן,גרמים,500.00,100 גרם,false,,31.90,0.0638,true,1,24286
7290010778263,false,ריביולי גבינות צאן,,,ריביולי גבינות צאן,גרמים,500.00,100 גרם,false,,31.90,0.0638,true,1,24287
7290010778300,false,ריביולי מוצרלה,,,ריביולי מוצרלה,גרמים,500.00,100 גרם,false,,31.90,0.0638,true,1,24451
7290010778324,false,ניוקי בטטה פסטה טריה,,,ניוקי בטטה פסטה טריה,גרמים,500.00,100 גרם,false,,19.90,0.0398,true,1,24288
7290010791538,false,לה קט עוף גורמה 85 ג,לה -קט,,לה קט עוף גורמה 85 ג,גרמים,85.00,100 גרם,false,,5.50,0.0647,true,1,15801
7290010791545,false,לה קט דליקטס פטה כבד,לה -קט,,לה קט דליקטס פטה כבד,גרמים,85.00,100 גרם,false,,5.50,0.0647,true,1,15802
7290010791552,false,לה קט דליקטס טונה,לה -קט,,לה קט דליקטס טונה,גרמים,85.00,100 גרם,false,,5.50,0.0647,true,1,15803
7290010791576,false,לה קט דליקטס דגי אוק,לה -קט,,לה קט דליקטס דגי אוק,גרמים,85.00,100 גרם,false,,5.50,0.0647,true,1,15804
7290010791583,false,לה קט דליקטס דגי אוק,לה -קט,,לה קט דליקטס דגי אוק,גרמים,85.00,100 גרם,false,,5.50,0.0647,true,1,15805
7290010814244,false,שוקולד מריר כרמית של,,,שוקולד מריר כרמית של,גרמים,300.00,100 גרם,false,,10.90,0.0363,true,1,19596
7290010814695,false,שוקולד מריר ללא תוספ,כרמית,,שוקולד מריר ללא תוספ,גרמים,85.00,100 גרם,false,,5.90,0.0694,true,1,7879
7290010814701,false,שוקולד חלב ללא תוספת,כרמית,,שוקולד חלב ללא תוספת,גרמים,85.00,100 גרם,false,,5.90,0.0694,true,1,7880
7290010838219,false,מרמולייט סטיביה 100ש,,,מרמולייט סטיביה 100ש,יחידה,0.00,יחידה,false,,28.90,0.0000,true,1,21154
7290010838424,false,טואלט דאק * 750זוג *,טואלט דאק (ג'ונסון),,טואלט דאק * 750זוג *,ליטרים,1.50,ליטר,false,,17.90,11.9333,false,1,3443
7290010838431,false,טואלט דאק * 750זוג *,טואלט דאק (ג'ונסון),,טואלט דאק * 750זוג *,ליטרים,1.50,ליטר,false,,17.90,11.9333,false,1,3444
7290010849505,false,למברוסקו די לואיג'י,,,למברוסקו די לואיג'י,מיליליטרים,750.00,"100 מ""ל",false,,24.90,0.0332,true,1,17561
7290010849512,false,למברוסקו די לואיג'י,,,למברוסקו די לואיג'י,מיליליטרים,750.00,"100 מ""ל",false,,24.90,0.0332,true,1,20626
7290010849529,false,למברוסקו די לואיג'י,,,למברוסקו די לואיג'י,מיליליטרים,750.00,"100 מ""ל",false,,24.90,0.0332,true,1,34010
7290010883356,false,סנו סושי זוג כפפות א,סנו סושי,,סנו סושי זוג כפפות א,יחידה,0.00,יחידה,false,,9.90,0.0000,true,1,16369
7290010883363,false,סנו סושי זוג כפפות א,סנו סושי,,סנו סושי זוג כפפות א,יחידה,0.00,יחידה,false,,9.90,0.0000,true,1,16370
7290010883370,false,סנו סושי זוג כפפות א,סנו סושי,,סנו סושי זוג כפפות א,יחידה,0.00,יחידה,false,,9.90,0.0000,true,1,16371
7290010945146,false,קוט'ג 3% מועשר טרה,טרה,,קוט'ג 3% מועשר טרה,גרמים,250.00,100 גרם,false,,5.90,0.0236,false,1,5014
7290010945306,false,חלב 2 ליטר מהדרין,טרה,,חלב 2 ליטר מהדרין,ליטרים,2.00,ליטר,false,,12.46,6.2300,false,1,13131
7290010945450,false,גבינה לבנה 3% 250 גר,טרה,,גבינה לבנה 3% 250 גר,גרמים,250.00,100 גרם,false,,4.98,0.0199,false,1,5015
7290010970223,false,חומץ בן יין אדום,,,חומץ בן יין אדום,מיליליטרים,500.00,"100 מ""ל",false,,12.90,0.0258,true,1,32555
7290010970230,false,חומץ פירות הדר,,,חומץ פירות הדר,מיליליטרים,500.00,"100 מ""ל",false,,17.90,0.0358,true,1,58230
7290010970254,false,חומץ בן יין לבן,,,חומץ בן יין לבן,מיליליטרים,500.00,"100 מ""ל",false,,12.90,0.0258,true,1,32556
7290010970261,false,טעמים-חומץ תפוחי עץ,,,טעמים-חומץ תפוחי עץ,מיליליטרים,500.00,"100 מ""ל",false,,12.90,0.0258,true,1,32322
7290010970407,false,חומץ תפוחים בלסמי,,,חומץ תפוחים בלסמי,יחידה,0.00,יחידה,false,,23.90,0.0000,true,1,78114
7290011015862,false,סירופ דיאט לימון נענ,פריגת,,סירופ דיאט לימון נענ,יחידה,750.00,יחידה,false,,22.90,0.0305,true,1,7355
7290011015985,false,סירופ דיאט אננס 750,,,סירופ דיאט אננס 750,מיליליטרים,750.00,"100 מ""ל",false,,22.90,0.0305,true,1,22888
7290011017866,false,קוקה קולה פחית,קוקה קולה,,קוקה קולה פחית,מיליליטרים,330.00,"100 מ""ל",false,,4.90,0.0148,false,1,23070
7290011017873,false,קוקה קולה זירו פחית,קוקה קולה,,קוקה קולה זירו פחית,מיליליטרים,330.00,"100 מ""ל",false,,4.50,0.0136,true,1,25139
7290011017880,false,דיאט קולה פחית 330,קוקה קולה,,דיאט קולה פחית 330,מיליליטרים,330.00,"100 מ""ל",false,,4.50,0.0136,false,1,25640
7290011018184,false,FUZE tea אפרסק 0.5 ל,קוקה קולה,,FUZE tea אפרסק 0.5 ל,מיליליטרים,500.00,"100 מ""ל",false,,6.50,0.0130,true,1,22491
7290011018245,false,פיוז תה אפרסק 330 בק,,,פיוז תה אפרסק 330 בק,מיליליטרים,330.00,"100 מ""ל",false,,5.90,0.0179,true,1,80681
7290011018368,false,שישיה בירה ויינשטפן,קוקה קולה,,שישיה בירה ויינשטפן,ליטרים,1.98,ליטר,false,,69.90,35.3030,false,1,25080
7290011018443,false,פאנטה אורנ'ג פחית,קוקה קולה,,פאנטה אורנ'ג פחית,מיליליטרים,330.00,"100 מ""ל",false,,4.90,0.0148,true,1,25608
7290011018832,false,מארז קולה פחיות 6*33,קוקה קולה,,מארז קולה פחיות 6*33,ליטרים,1.98,ליטר,false,,22.00,11.1111,false,1,26180
7290011018924,false,מארז שישיית פחיות די,קוקה קולה,,מארז שישיית פחיות די,ליטרים,1.98,ליטר,false,,21.90,11.0606,false,1,26026
7290011026066,false,סרקל שמפו+מרכך 1 ליט,סרקל,,סרקל שמפו+מרכך 1 ליט,ליטרים,1.00,ליטר,false,,27.90,27.9000,true,1,5234
7290011051297,false,סודה שוופס לימון 1.5,שוופס,,סודה שוופס לימון 1.5,ליטרים,1.50,ליטר,false,,3.00,2.0000,true,1,10122
7290011051358,false,סודה שוופס לימון 250,שוופס,,סודה שוופס לימון 250,יחידה,250.00,יחידה,false,,3.20,0.0128,true,1,10124
7290011051433,false,שוופס מוגז עדין אפרס,שוופס,,שוופס מוגז עדין אפרס,מיליליטרים,500.00,"100 מ""ל",false,,4.90,0.0098,true,1,21875
7290011051440,false,שוופס מוגז עדין 0.5,שוופס,,שוופס מוגז עדין 0.5,יחידה,500.00,יחידה,false,,4.90,0.0098,true,1,2793
7290011051525,false,ספרינג TEA אפרסק 0.5,,,ספרינג TEA אפרסק 0.5,מיליליטרים,500.00,"100 מ""ל",false,,5.50,0.0110,true,1,30964
7290011081492,false,קרמיסימו שלושה שוקול,קרמיסימו- שטראוס,,קרמיסימו שלושה שוקול,ליטרים,1.33,ליטר,false,,24.90,18.7218,false,1,7705
7290011115159,false,נקה 7 לחות - סבון מו,נקה 7,,נקה 7 לחות - סבון מו,גרמים,400.00,100 גרם,false,,11.90,0.0298,true,1,18708
7290011115166,false,נקה תחליב רחצה סגול,נקה 7,,נקה תחליב רחצה סגול,ליטרים,1.00,ליטר,false,,13.90,13.9000,true,1,18709
7290011115173,false,נקה תחליב רחצה וניל,נקה 7,,נקה תחליב רחצה וניל,ליטרים,1.00,ליטר,false,,13.90,13.9000,true,1,18710
7290011115203,false,נקה 7-סבון מוצק ורוד,נקה 7,,נקה 7-סבון מוצק ורוד,גרמים,400.00,100 גרם,false,,11.90,0.0298,true,1,18711
7290011115241,false,נקה 7 ארומה - סבון מ,נקה 7,,נקה 7 ארומה - סבון מ,גרמים,400.00,100 גרם,false,,11.90,0.0298,true,1,18712
7290011115258,false,נקה 7 סבון מוצק ירוק,נקה 7,,נקה 7 סבון מוצק ירוק,גרמים,400.00,100 גרם,false,,11.90,0.0298,true,1,18713
7290011115265,false,נקה 7 ארומה - סבון מ,נקה 7,,נקה 7 ארומה - סבון מ,גרמים,400.00,100 גרם,false,,11.90,0.0298,true,1,18714
7290011115272,false,נקה 7 לחות - סבון מו,נקה 7,,נקה 7 לחות - סבון מו,גרמים,400.00,100 גרם,false,,11.90,0.0298,true,1,18715
7290011115289,false,נקה 7- סבון מוצק ליל,נקה 7,,נקה 7- סבון מוצק ליל,גרמים,400.00,100 גרם,false,,11.90,0.0298,true,1,18716
7290011115296,false,נקה 7 לחות - סבון מו,נקה 7,,נקה 7 לחות - סבון מו,גרמים,400.00,100 גרם,false,,11.90,0.0298,true,1,18717
7290011115401,false,נקה 7 ארומה - סבון מ,נקה 7,,נקה 7 ארומה - סבון מ,גרמים,400.00,100 גרם,false,,11.90,0.0298,true,1,18720
7290011126209,false,תה חליטת תפוח וקינמו,ויסוצקי,,תה חליטת תפוח וקינמו,גרמים,55.00,100 גרם,false,,18.90,0.3436,false,1,800
7290011126216,false,חליטת רויבוש קלאסית,ויסוצקי,,חליטת רויבוש קלאסית,גרמים,50.00,100 גרם,false,,25.90,0.5180,true,1,8290
7290011126452,false,תה חליטת קמומיל ונענ,ויסוצקי,,תה חליטת קמומיל ונענ,גרמים,37.50,100 גרם,false,,18.90,0.5040,false,1,806
7290011126469,false,תה חליטת קמומיל ודבש,ויסוצקי,,תה חליטת קמומיל ודבש,גרמים,37.50,100 גרם,false,,18.90,0.5040,false,1,807
7290011126940,false,תה ירוק בתוספת מרווה,ויסוצקי,,תה ירוק בתוספת מרווה,גרמים,37.50,100 גרם,false,,24.90,0.6640,false,1,814
7290011126957,false,תה ירוק ארל גריי 25,ויסוצקי,,תה ירוק ארל גריי 25,גרמים,37.50,100 גרם,false,,24.90,0.6640,false,1,815
7290011131050,false,"גרנולה 1 ק""ג פקאן",,,"גרנולה 1 ק""ג פקאן",קילוגרמים,1.00,"ק""ג",false,,24.90,24.9000,true,1,26131
7290011131371,false,מוזלי קרנצ'י שקדים ו,מוזלי GREEN,,מוזלי קרנצ'י שקדים ו,קילוגרמים,1.00,"ק""ג",false,,24.90,24.9000,true,1,1390
7290011131395,false,מוזלי קרנצ'י 30% פיר,מוזלי GREEN,,מוזלי קרנצ'י 30% פיר,קילוגרמים,1.00,"ק""ג",false,,24.90,24.9000,true,1,1392
7290011131654,false,"מיזלי 1 ק""ג ביג מיקס",,,"מיזלי 1 ק""ג ביג מיקס",קילוגרמים,1.00,"ק""ג",false,,24.90,24.9000,true,1,33665
7290011131968,false,"גרנולה 1 ק""ג אגוזים.",,,"גרנולה 1 ק""ג אגוזים.",גרמים,1.00,גרם,false,,24.90,24.9000,true,1,8625
7290011131975,false,"גרנולה 1 ק""ג פירות.",,,"גרנולה 1 ק""ג פירות.",גרמים,1.00,גרם,false,,24.90,24.9000,true,1,8626
7290011132507,false,סאן בנדטו מוגז 0.5ל,,,סאן בנדטו מוגז 0.5ל,מיליליטרים,500.00,"100 מ""ל",false,,2.50,0.0050,true,1,3922
7290011132552,false,פאולנר רביעיה בקבוק,פאולנר,,פאולנר רביעיה בקבוק,יחידה,1.32,יחידה,false,,35.90,27.1970,false,1,17088
7290011132583,false,פפסי מקס שישייה 0.5,פפסי,,פפסי מקס שישייה 0.5,ליטרים,3.00,ליטר,false,,19.90,6.6333,false,1,88820
7290011133368,false,שנדי תפוח שישיה 330,מכבי שנדי,,שנדי תפוח שישיה 330,יחידה,1.98,יחידה,false,,31.90,16.1111,false,1,3927
7290011133375,false,שנדי אפרסק שישיה 330,מכבי שנדי,,שנדי אפרסק שישיה 330,יחידה,1.98,יחידה,false,,31.90,16.1111,false,1,3928
7290011133634,false,פפסי פחית צרה שישייה,,,פפסי פחית צרה שישייה,ליטרים,1.98,ליטר,false,,18.90,9.5455,true,1,80282
7290011153885,false,נייר אכיל לעוגות,,,נייר אכיל לעוגות,יחידה,0.00,יחידה,false,,18.40,0.0000,true,1,57689
7290011154035,false,תרכיז תפוחים סחוט טע,,,תרכיז תפוחים סחוט טע,מיליליטרים,500.00,"100 מ""ל",false,,22.90,0.0458,true,1,82527
7290011154080,false,תרכיז תפוחים צלול טע,,,תרכיז תפוחים צלול טע,מיליליטרים,500.00,"100 מ""ל",false,,22.90,0.0458,true,1,82528
7290011154899,false,תרכיז תפוחים וענבים,,,תרכיז תפוחים וענבים,מיליליטרים,500.00,"100 מ""ל",false,,26.90,0.0538,true,1,118556
7290011174866,false,צ'יפס בטטה 700גר פרי,פרי הגליל,,צ'יפס בטטה 700גר פרי,גרמים,700.00,100 גרם,false,,14.90,0.0213,true,1,72452
7290011194215,false,דניאלה בננה 5%,שטראוס,,דניאלה בננה 5%,מיליליטרים,150.00,"100 מ""ל",false,,4.10,0.0273,true,1,12074
7290011194246,false,קוטג' שטראוס 5%,שטראוס,,קוטג' שטראוס 5%,גרמים,250.00,100 גרם,false,,6.00,0.0240,false,1,12075
7290011210564,false,יוגב קברנה פטיט וורד,יקבי בנימינה,,יוגב קברנה פטיט וורד,יחידה,750.00,יחידה,false,,36.90,0.0492,true,1,29448
7290011223038,false,עלים לקרמשניט - בונו,,,עלים לקרמשניט - בונו,גרמים,300.00,100 גרם,false,,16.00,0.0533,true,1,10855
7290011223045,false,בישקוטים בונומי 200ג,,,בישקוטים בונומי 200ג,גרמים,200.00,100 גרם,false,,7.50,0.0375,true,1,10856
7290011223205,false,ריבת חלב ארגנטינאית,,,ריבת חלב ארגנטינאית,גרמים,454.00,100 גרם,false,,16.90,0.0372,true,1,10857
7290011223229,false,ט.ד ג'ל אסלה טיפות ט,טואלט דאק (ג'ונסון),,ט.ד ג'ל אסלה טיפות ט,מיליליטרים,55.00,"100 מ""ל",false,,10.90,0.1982,true,1,16041
7290011223243,false,ט.ד ג'ל אסלה ניחוח ל,,,ט.ד ג'ל אסלה ניחוח ל,מיליליטרים,55.00,"100 מ""ל",false,,10.90,0.1982,true,1,16042
7290011233068,false,עוגת אגוזים/הונגרי,,,עוגת אגוזים/הונגרי,יחידה,0.00,יחידה,false,,39.90,0.0000,true,1,74403
7290011233082,false,עוגה של ענת טרלובסקי,,,עוגה של ענת טרלובסקי,יחידה,0.00,יחידה,false,,39.90,0.0000,true,1,28376
7290011233099,false,העוגיות של ענת,,,העוגיות של ענת,גרמים,330.00,100 גרם,false,,39.90,0.1209,true,1,28377
7290011249250,false,גביעיי גלידה אמריקאי,,,גביעיי גלידה אמריקאי,יחידה,0.00,יחידה,false,,9.50,0.0000,true,1,20990
7290011303570,false,מעדן ללא סוכר רימון,,,מעדן ללא סוכר רימון,גרמים,284.00,100 גרם,false,,13.90,0.0489,true,1,118098
7290011312381,false,סטייק פורטובלה,,,סטייק פורטובלה,יחידה,0.00,יחידה,false,,14.90,0.0000,true,1,62107
7290011378233,false,מאגדת 6 חטיפי חלבה ל,בראכה,,מאגדת 6 חטיפי חלבה ל,גרמים,108.00,100 גרם,false,,11.90,0.1102,true,1,27744
7290011378257,false,מאגדת 6 חטיפי חלבה ל,בראכה,,מאגדת 6 חטיפי חלבה ל,גרמים,108.00,100 גרם,false,,11.90,0.1102,true,1,27745
7290011378769,false,מאגדת 6 יחידות חטיף,בארכה,,מאגדת 6 יחידות חטיף,יחידה,0.00,יחידה,false,,11.90,0.0000,true,1,23376
7290011378776,false,מאגדת 6 יחידות חטיף,בארכה,,מאגדת 6 יחידות חטיף,יחידה,0.00,יחידה,false,,11.90,0.0000,true,1,23377
7290011379018,false,מארז פטריות צמד חמד,מרינה,,מארז פטריות צמד חמד,גרמים,500.00,100 גרם,false,,15.90,0.0318,true,1,3839
7290011379025,false,"פלפל צ'ילי ""מרינה""",,,"פלפל צ'ילי ""מרינה""",יחידה,0.00,יחידה,false,,5.90,0.0000,true,1,19197
7290011379926,false,סלרי עלים ארוז,,,סלרי עלים ארוז,יחידה,0.00,יחידה,false,,6.90,0.0000,true,1,31813
7290011417468,false,"שום קלוף 1 ק""ג",,,"שום קלוף 1 ק""ג",קילוגרמים,1.00,"ק""ג",false,,25.00,25.0000,true,1,122001
7290011424138,false,זרעים של חברות,,,זרעים של חברות,יחידה,0.00,יחידה,false,,5.90,0.0000,true,1,86987
7290011424312,false,זרעים אבטיח,,,זרעים אבטיח,יחידה,0.00,יחידה,false,,5.90,0.0000,true,1,86995
7290011424367,false,זרעים בצל,,,זרעים בצל,יחידה,0.00,יחידה,false,,5.90,0.0000,true,1,86999
7290011424374,false,זרעים ברוקולי,,,זרעים ברוקולי,יחידה,0.00,יחידה,false,,5.90,0.0000,true,1,87000
7290011424398,false,זרעים היביסקוס אדום,,,זרעים היביסקוס אדום,יחידה,0.00,יחידה,false,,5.90,0.0000,true,1,87002
7290011424404,false,זרעים חמניות,,,זרעים חמניות,יחידה,0.00,יחידה,false,,5.90,0.0000,true,1,87003
7290011424411,false,זרעים חסה ירוקה,,,זרעים חסה ירוקה,יחידה,0.00,יחידה,false,,5.90,0.0000,true,1,87004
7290011424459,false,זרעים כוסברה,,,זרעים כוסברה,יחידה,0.00,יחידה,false,,5.90,0.0000,true,1,87008
7290011424473,false,זרעים מיקס חסות,,,זרעים מיקס חסות,יחידה,0.00,יחידה,false,,5.90,0.0000,true,1,87010
7290011424527,false,זרעים מליסה,,,זרעים מליסה,יחידה,0.00,יחידה,false,,5.90,0.0000,true,1,87015
7290011424534,false,זרעים מלפפון,,,זרעים מלפפון,יחידה,0.00,יחידה,false,,5.90,0.0000,true,1,87016
7290011424565,false,זרעים עלי סלק,,,זרעים עלי סלק,יחידה,0.00,יחידה,false,,5.90,0.0000,true,1,87019
7290011424572,false,זרעים סלרי,,,זרעים סלרי,יחידה,0.00,יחידה,false,,5.90,0.0000,true,1,87020
7290011424596,false,זרעים עגבנייה,,,זרעים עגבנייה,יחידה,0.00,יחידה,false,,5.90,0.0000,true,1,87022
7290011424602,false,זרעים עירית,,,זרעים עירית,יחידה,0.00,יחידה,false,,5.90,0.0000,true,1,87023
7290011424619,false,זרעים פטרוזיליה,,,זרעים פטרוזיליה,יחידה,0.00,יחידה,false,,5.90,0.0000,true,1,87024
7290011424626,false,זרעים פלפל מתוק,,,זרעים פלפל מתוק,יחידה,0.00,יחידה,false,,5.90,0.0000,true,1,87025
7290011424657,false,זרעים צנונית,,,זרעים צנונית,יחידה,0.00,יחידה,false,,5.90,0.0000,true,1,87028
7290011424671,false,זרעים רוקט,,,זרעים רוקט,יחידה,0.00,יחידה,false,,5.90,0.0000,true,1,87030
7290011424688,false,זרעים שומר,,,זרעים שומר,יחידה,0.00,יחידה,false,,5.90,0.0000,true,1,87031
7290011424725,false,זרעים תירס,,,זרעים תירס,יחידה,0.00,יחידה,false,,5.90,0.0000,true,1,87034
7290011424749,false,זרעים גזר,,,זרעים גזר,יחידה,0.00,יחידה,false,,5.90,0.0000,true,1,87036
7290011424756,false,זרעים סלק אדום,,,זרעים סלק אדום,יחידה,0.00,יחידה,false,,5.90,0.0000,true,1,87037
7290011424770,false,זרעים כובע נזיר,,,זרעים כובע נזיר,יחידה,0.00,יחידה,false,,5.90,0.0000,true,1,87039
7290011424794,false,זרעים דלפיניום,,,זרעים דלפיניום,יחידה,0.00,יחידה,false,,5.90,0.0000,true,1,87041
7290011435226,false,דבש לחיץ 650 ג',יד מרדכי,,דבש לחיץ 650 ג',גרמים,650.00,100 גרם,false,,39.90,0.0614,false,1,12381
7290011438142,false,משקה אייס קפה 2%,יטבתה,,משקה אייס קפה 2%,מיליליטרים,350.00,"100 מ""ל",false,,6.30,0.0180,true,1,12082
7290011447267,false,מטרנה חלבי שלב1,מטרנה,,מטרנה חלבי שלב1,גרמים,700.00,100 גרם,false,,60.00,0.0857,false,1,6502
7290011459123,false,מברשת מגהץ סגורה מינ,,,מברשת מגהץ סגורה מינ,יחידה,0.00,יחידה,false,,5.90,0.0000,true,1,22591
7290011459147,false,מברשת שולחן גב עץ,,,מברשת שולחן גב עץ,יחידה,0.00,יחידה,false,,10.00,0.0000,true,1,88430
7290011459253,false,מגב פלסטיק איכותי,,,מגב פלסטיק איכותי,יחידה,0.00,יחידה,false,,20.00,0.0000,true,1,23138
7290011459307,false,מגב פטנט,,,מגב פטנט,יחידה,0.00,יחידה,false,,23.90,0.0000,true,1,22611
7290011459314,false,מטאטה לקה,,,מטאטה לקה,יחידה,0.00,יחידה,false,,19.90,0.0000,true,1,23139
7290011459352,false,מגב שטיפה,,,מגב שטיפה,יחידה,0.00,יחידה,false,,16.90,0.0000,true,1,22612
7290011459376,false,סט שרותים מונו מפואר,,,סט שרותים מונו מפואר,יחידה,0.00,יחידה,false,,17.50,0.0000,true,1,22620
7290011459390,false,מברשת שטיחים,,,מברשת שטיחים,יחידה,0.00,יחידה,false,,8.90,0.0000,true,1,88431
7290011459437,false,מברשת כלים,,,מברשת כלים,יחידה,0.00,יחידה,false,,5.90,0.0000,true,1,22593
7290011459628,false,סט שירותים,,,סט שירותים,יחידה,0.00,יחידה,false,,17.50,0.0000,true,1,118832
7290011459666,false,יעה + מקל מתקפל,,,יעה + מקל מתקפל,יחידה,0.00,יחידה,false,,17.50,0.0000,true,1,23181
7290011459741,false,מברשת לניקוי בקבוקים,,,מברשת לניקוי בקבוקים,יחידה,0.00,יחידה,false,,5.00,0.0000,true,1,23182
7290011459956,false,מקל מתכת 150,,,מקל מתכת 150,יחידה,0.00,יחידה,false,,7.90,0.0000,true,1,24162
7290011461058,false,ארומה בוקה,,,ארומה בוקה,יחידה,0.00,יחידה,false,,20.00,0.0000,true,1,4915
7290011473006,false,קינואה אורגנית 500 ג,,,קינואה אורגנית 500 ג,גרמים,500.00,100 גרם,false,,14.90,0.0298,true,1,23170
7290011473051,false,קוואקר אורגני תבואות,,,קוואקר אורגני תבואות,גרמים,500.00,100 גרם,false,,10.00,0.0200,true,1,24958
7290011473099,false,אורז עגול מלא אורגני,,,אורז עגול מלא אורגני,מיליליטרים,500.00,"100 מ""ל",false,,9.90,0.0198,true,1,25681
7290011473129,false,תבואות חמניות קלופות,,,תבואות חמניות קלופות,גרמים,300.00,100 גרם,false,,10.90,0.0363,true,1,33500
7290011473136,false,גרעיני דלעת קלופים 3,,,גרעיני דלעת קלופים 3,גרמים,300.00,100 גרם,false,,16.90,0.0563,true,1,25886
7290011473150,false,תבואות שומשום מלא או,,,תבואות שומשום מלא או,גרמים,400.00,100 גרם,false,,12.90,0.0323,true,1,30827
7290011473181,false,עדשים שחורות אורגני,,,עדשים שחורות אורגני,יחידה,0.00,יחידה,false,,15.00,0.0000,true,1,23114
7290011473198,false,תבואות עדשים חומים א,,,תבואות עדשים חומים א,גרמים,500.00,100 גרם,false,,11.90,0.0238,true,1,29725
7290011473204,false,תבואות עדשים ירוקות,,,תבואות עדשים ירוקות,גרמים,500.00,100 גרם,false,,11.90,0.0238,true,1,31346
7290011473211,false,עדשים אדומות אורגניו,,,עדשים אדומות אורגניו,גרמים,500.00,100 גרם,false,,11.90,0.0238,true,1,26220
7290011473228,false,אפונה ירוקה אורגנית,,,אפונה ירוקה אורגנית,גרמים,500.00,100 גרם,false,,10.00,0.0200,true,1,28160
7290011473242,false,תבואות-פשתן אורגני,,,תבואות-פשתן אורגני,גרמים,500.00,100 גרם,false,,10.50,0.0210,true,1,25693
7290011473259,false,תבואות פשתן טחון אור,,,תבואות פשתן טחון אור,גרמים,350.00,100 גרם,false,,11.90,0.0340,true,1,28479
7290011473266,false,אמרט אורגני 500 גר',,,אמרט אורגני 500 גר',גרמים,500.00,100 גרם,false,,13.90,0.0278,true,1,25469
7290011473273,false,בורגול אורגני 500 גר,,,בורגול אורגני 500 גר,גרמים,500.00,100 גרם,false,,8.90,0.0178,true,1,25407
7290011473280,false,חומוס אורגני תבואות,,,חומוס אורגני תבואות,גרמים,500.00,100 גרם,false,,10.90,0.0218,true,1,24348
7290011473297,false,גריסי פנינה אורגניים,,,גריסי פנינה אורגניים,גרמים,500.00,100 גרם,false,,10.00,0.0200,true,1,26221
7290011473334,false,שעועית לבנה אורגנית,,,שעועית לבנה אורגנית,גרמים,500.00,100 גרם,false,,11.90,0.0238,true,1,26390
7290011473358,false,תבואות שעועית שחורה,,,תבואות שעועית שחורה,גרמים,500.00,100 גרם,false,,11.00,0.0220,true,1,28611
7290011473365,false,תבואות דוחן אורגני,,,תבואות דוחן אורגני,גרמים,500.00,100 גרם,false,,10.00,0.0200,true,1,28155
7290011473389,false,קמח כוסמין לבן אורגנ,,,קמח כוסמין לבן אורגנ,גרמים,500.00,100 גרם,false,,11.90,0.0238,true,1,19652
7290011473433,false,כוסמת אורגנית 500 גר,,,כוסמת אורגנית 500 גר,גרמים,500.00,100 גרם,false,,9.90,0.0198,true,1,26222
7290011473440,false,גרעיני שיבולת שועל א,,,גרעיני שיבולת שועל א,גרמים,500.00,100 גרם,false,,10.90,0.0218,true,1,28297
7290011473464,false,סובין שיבולת שועל או,,,סובין שיבולת שועל או,גרמים,400.00,100 גרם,false,,12.90,0.0323,true,1,26909
7290011473471,false,אורז בסמטי לבן אורגנ,,,אורז בסמטי לבן אורגנ,גרמים,500.00,100 גרם,false,,11.90,0.0238,true,1,33496
7290011473495,false,פתיתי בירה טבעי 200,,,פתיתי בירה טבעי 200,גרמים,200.00,100 גרם,false,,22.90,0.1145,true,1,25409
7290011473525,false,אורז בר שחור טבעי 40,,,אורז בר שחור טבעי 40,גרמים,400.00,100 גרם,false,,31.90,0.0797,true,1,25274
7290011473570,false,קמח חומוס טבעי 500 ג,,,קמח חומוס טבעי 500 ג,גרמים,500.00,100 גרם,false,,12.90,0.0258,true,1,25204
7290011473617,false,זרעי צ'יה 300 גר',,,זרעי צ'יה 300 גר',גרמים,300.00,100 גרם,false,,16.90,0.0563,true,1,57470
7290011473655,false,סוכר קנים אורגני 1קג,,,סוכר קנים אורגני 1קג,קילוגרמים,1.00,"ק""ג",false,,9.90,9.9000,true,1,23094
7290011473709,false,קינואה אורגנית תבואו,,,קינואה אורגנית תבואו,קילוגרמים,1.00,"100 ק""ג",false,,26.90,26.9000,true,1,60177
7290011473723,false,מלח הימליה דק,,,מלח הימליה דק,קילוגרמים,1.00,"ק""ג",false,,14.90,14.9000,true,1,63561
7290011473877,false,קינואה אדומה 500 גר',,,קינואה אדומה 500 גר',גרמים,500.00,100 גרם,false,,21.90,0.0438,true,1,26910
7290011473952,false,קוואקר מהיר הכנה,,,קוואקר מהיר הכנה,גרמים,400.00,100 גרם,false,,6.90,0.0173,true,1,23200
7290011473983,false,תערובת קטניות אורגני,,,תערובת קטניות אורגני,גרמים,500.00,100 גרם,false,,14.90,0.0298,true,1,23201
7290011474010,false,"קמח כוסמין 1 ק""ג תבו",תבואות,,"קמח כוסמין 1 ק""ג תבו",קילוגרמים,1.00,"ק""ג",false,,14.90,14.9000,true,1,80156
7290011474058,false,ספגטי כוסמין אורגני,,,ספגטי כוסמין אורגני,גרמים,500.00,100 גרם,false,,18.90,0.0378,true,1,23224
7290011474256,false,הימליה מלח גס שקית 1,תבואות,,הימליה מלח גס שקית 1,קילוגרמים,1.00,"100 ק""ג",false,,14.90,14.9000,true,1,69360
7290011474362,false,תבואות-קמח עדשים אור,,,תבואות-קמח עדשים אור,גרמים,500.00,100 גרם,false,,12.90,0.0258,true,1,31404
7290011474386,false,קוואקר אורגני דק 500,,,קוואקר אורגני דק 500,גרמים,500.00,100 גרם,false,,10.00,0.0200,true,1,33499
7290011474447,false,קוואקר עבה טבעי,,,קוואקר עבה טבעי,גרמים,400.00,100 גרם,false,,6.50,0.0163,true,1,23202
7290011474454,false,תבואות שעועית מיקס א,,,תבואות שעועית מיקס א,גרמים,500.00,100 גרם,false,,13.90,0.0278,true,1,28242
7290011474478,false,זרעי צ'ייה 300 גר',,,זרעי צ'ייה 300 גר',גרמים,300.00,100 גרם,false,,18.90,0.0630,true,1,25887
7290011474706,false,תבואות פתיתי שפע,,,תבואות פתיתי שפע,גרמים,200.00,100 גרם,false,,7.50,0.0375,true,1,32400
7290011474898,false,תבואות-סוכר קוקוס או,,,תבואות-סוכר קוקוס או,גרמים,300.00,100 גרם,false,,13.90,0.0463,true,1,33207
7290011474997,false,ערמונים 100 גר' אורג,תבואות,,ערמונים 100 גר' אורג,גרמים,100.00,100 גרם,false,,5.20,0.0520,true,1,68685
7290011482145,false,"מי ורדים 250 מ""ל",,,"מי ורדים 250 מ""ל",מיליליטרים,250.00,"100 מ""ל",false,,13.90,0.0556,true,1,28867
7290011482244,false,"סירופ מלבי 250 מ""ל",,,"סירופ מלבי 250 מ""ל",מיליליטרים,250.00,"100 מ""ל",false,,15.00,0.0600,true,1,69313
7290011498092,false,מרציפן נטו 200 גרם,,,מרציפן נטו 200 גרם,גרמים,200.00,100 גרם,false,,21.90,0.1095,true,1,81942
7290011498177,false,ממרח שקד לבן  700 גר,,,ממרח שקד לבן  700 גר,גרמים,700.00,100 גרם,false,,59.90,0.0856,true,1,63434
7290011498191,false,מארז חטיפי מרציפן מצ,,,מארז חטיפי מרציפן מצ,גרמים,180.00,100 גרם,false,,21.90,0.1217,true,1,81944
7290011498221,false,סילאן תמרים טבעי 900,,,סילאן תמרים טבעי 900,גרמים,900.00,100 גרם,false,,15.90,0.0177,true,1,69371
7290011498283,false,חמאת בוטנים טבעית 70,,,חמאת בוטנים טבעית 70,גרמים,700.00,100 גרם,false,,21.90,0.0313,true,1,81947
7290011498351,false,חמאת אגוזי לוז,,,חמאת אגוזי לוז,גרמים,200.00,100 גרם,false,,24.90,0.1245,true,1,63594
7290011498368,false,מחית פיסטוק טבעי 200,,,מחית פיסטוק טבעי 200,גרמים,200.00,100 גרם,false,,39.90,0.1995,true,1,63595
7290011498375,false,חמאת קוקוס אורגני 10,,,חמאת קוקוס אורגני 10,גרמים,300.00,100 גרם,false,,16.90,0.0563,true,1,63437
7290011498504,false,ממרח חלבה עשיר 350 ג,,,ממרח חלבה עשיר 350 ג,גרמים,350.00,100 גרם,false,,12.90,0.0369,true,1,81962
7290011498511,false,ממרח חלבה מלאה 350 ג,,,ממרח חלבה מלאה 350 ג,גרמים,350.00,100 גרם,false,,12.90,0.0369,true,1,82020
7290011498801,false,מרציפן  פרימיום 65%,,,מרציפן  פרימיום 65%,גרמים,200.00,100 גרם,false,,23.90,0.1195,true,1,81946
7290011498863,false,רכז דבש חרובים ללא ת,,,רכז דבש חרובים ללא ת,גרמים,350.00,100 גרם,false,,12.90,0.0369,true,1,29420
7290011498870,false,מארז חטיפי תמר במילו,,,מארז חטיפי תמר במילו,גרמים,150.00,100 גרם,false,,14.90,0.0993,true,1,81964
7290011498887,false,מארז חטיפי תמר במילו,,,מארז חטיפי תמר במילו,גרמים,150.00,100 גרם,false,,14.90,0.0993,true,1,81965
7290011498894,false,מארז חטיפי תמר במילו,,,מארז חטיפי תמר במילו,גרמים,150.00,100 גרם,false,,14.90,0.0993,true,1,81966
7290011498900,false,מארז חטיפי תמר במילו,,,מארז חטיפי תמר במילו,גרמים,150.00,100 גרם,false,,16.90,0.1127,true,1,81982
7290011498917,false,מארז חטיפי תמר  במיל,,,מארז חטיפי תמר  במיל,גרמים,150.00,100 גרם,false,,16.90,0.1127,true,1,82021
7290011498948,false,מארז חטיפי תמר מצופה,,,מארז חטיפי תמר מצופה,גרמים,150.00,100 גרם,false,,16.90,0.1127,true,1,66546
7290011498955,false,חמאת בוטנים טבעית,,,חמאת בוטנים טבעית,גרמים,300.00,100 גרם,false,,10.90,0.0363,true,1,63441
7290011498962,false,ממרח שקד לבן  300 גר,,,ממרח שקד לבן  300 גר,גרמים,300.00,100 גרם,false,,29.90,0.0997,true,1,28408
7290011498979,false,ממרח שקד לבן  מועשר,,,ממרח שקד לבן  מועשר,גרמים,300.00,100 גרם,false,,29.90,0.0997,true,1,64507
7290011498986,false,מארז חטיפי תמר במילו,,,מארז חטיפי תמר במילו,גרמים,150.00,100 גרם,false,,16.90,0.1127,true,1,63442
7290011498993,false,ממרח קשיו לבן,,,ממרח קשיו לבן,גרמים,300.00,100 גרם,false,,27.90,0.0930,true,1,63443
7290011499051,false,פטה כבשים גביע גד 25,,,פטה כבשים גביע גד 25,גרמים,250.00,100 גרם,false,,26.70,0.1068,true,1,8757
7290011499105,false,בולגרית 5% 250גר,מחלבות גד,,בולגרית 5% 250גר,גרמים,250.00,100 גרם,false,,22.70,0.0908,true,1,1752
7290011499112,false,בולגרית 16% 250גר,מחלבות גד,,בולגרית 16% 250גר,גרמים,250.00,100 גרם,false,,23.20,0.0928,true,1,1753
7290011499129,false,קוביות בולגרית מעודנ,מחלבות גד,,קוביות בולגרית מעודנ,גרמים,200.00,100 גרם,false,,22.90,0.1145,true,1,1754
7290011499303,false,בולגרית מעודנת עיזים,מחלבות גד,,בולגרית מעודנת עיזים,גרמים,250.00,100 גרם,false,,29.00,0.1160,true,1,1759
7290011499327,false,בולגרית מעודנת חלב ב,מחלבות גד,,בולגרית מעודנת חלב ב,גרמים,250.00,100 גרם,false,,23.20,0.0928,true,1,1761
7290011499341,false,קאשקבל 22% 200 גרם ג,מחלבות גד,,קאשקבל 22% 200 גרם ג,גרמים,200.00,100 גרם,false,,25.90,0.1295,true,1,8760
7290011499365,false,גבינת חלומי 24% 200,מחלבות גד,,גבינת חלומי 24% 200,גרמים,200.00,100 גרם,false,,21.90,0.1095,true,1,1762
7290011499419,false,גבינת קרם שמנת ניו י,מחלבות גד,,גבינת קרם שמנת ניו י,גרמים,200.00,100 גרם,false,,12.00,0.0600,true,1,1764
7290011499525,false,לאבנה 9% גד,מחלבות גד,,לאבנה 9% גד,גרמים,500.00,100 גרם,false,,19.50,0.0390,true,1,8763
7290011499624,false,גבינת שמנת בטעם טבעי,,,גבינת שמנת בטעם טבעי,גרמים,200.00,100 גרם,false,,13.20,0.0660,true,1,8765
7290011499846,false,ריקוטה פרסקה גד,מחלבות גד,,ריקוטה פרסקה גד,גרמים,300.00,100 גרם,false,,17.90,0.0597,true,1,1772
7290011505585,false,סט סינרים לתינוק,,,סט סינרים לתינוק,יחידה,0.00,יחידה,false,,36.90,0.0000,true,1,10302
7290011515683,false,מאגדת טילון אקסטרים,אקסטרים,,מאגדת טילון אקסטרים,גרמים,432.00,100 גרם,false,,32.00,0.0741,true,1,8965
7290011515911,false,מאגדת שלגון לייט ריב,נסטלה גלידות,,מאגדת שלגון לייט ריב,גרמים,312.00,100 גרם,false,,26.90,0.0862,true,1,8967
7290011517564,false,רול און לאב ליין,,,רול און לאב ליין,מיליליטרים,80.00,"100 מ""ל",false,,16.90,0.2112,true,1,13955
7290011517571,false,ספריי דאודורנט לאב ל,,,ספריי דאודורנט לאב ל,מיליליטרים,187.00,"100 מ""ל",false,,18.90,0.1011,true,1,13956
7290011518561,false,אקטימל תות 1.5% מארז,שטראוס דנונה,,אקטימל תות 1.5% מארז,ליטרים,1.40,ליטר,false,,29.90,21.3571,false,1,12090
7290011524548,false,גרגירי חומוס 800 גר',פרי הגליל,,גרגירי חומוס 800 גר',גרמים,800.00,100 גרם,false,,11.90,0.0149,true,1,13010
7290011524968,false,"פולי סויה 1 ק""ג פרי",פרי הגליל,,"פולי סויה 1 ק""ג פרי",קילוגרמים,1.00,"ק""ג",false,,14.50,14.5000,true,1,77831
7290011525712,false,קמיל בלו סנסיטיב אל,קמיל בלו,,קמיל בלו סנסיטיב אל,ליטרים,1.00,ליטר,false,,29.90,29.9000,true,1,13335
7290011525729,false,קמיל בלו סנסיטיב לפנ,קמיל בלו,,קמיל בלו סנסיטיב לפנ,ליטרים,1.00,ליטר,false,,29.90,29.9000,true,1,13336
7290011570644,false,קמח לחם כרגיל ללא גל,,,קמח לחם כרגיל ללא גל,גרמים,500.00,100 גרם,false,,17.90,0.0358,true,1,58719
7290011575007,false,הפי לאמבט ולמקלחון,יעקובי הפי,,הפי לאמבט ולמקלחון,מיליליטרים,750.00,"100 מ""ל",false,,19.90,0.0265,true,1,14995
7290011575014,false,מטליות הפי לניקוי כל,יעקובי הפי,,מטליות הפי לניקוי כל,יחידה,0.00,יחידה,false,,11.90,0.0000,true,1,14996
7290011575250,false,מבריק נעליים יעקבי,יעקובי,,מבריק נעליים יעקבי,יחידה,0.00,יחידה,false,,10.90,0.0000,true,1,15001
7290011575809,false,הפי מבריק כסף ספריי,יעקובי הפי,,הפי מבריק כסף ספריי,מיליליטרים,200.00,"100 מ""ל",false,,24.90,0.1245,true,1,15012
7290011598211,false,סנו אנטי קאלק 4 באחד,סנו,,סנו אנטי קאלק 4 באחד,מיליליטרים,700.00,"100 מ""ל",false,,18.90,0.0270,false,1,3539
7290011598259,false,סנו פרש אוטומטיק ג'י,סנו fresh,,סנו פרש אוטומטיק ג'י,מיליליטרים,250.00,"100 מ""ל",false,,14.90,0.0596,true,1,16387
7290011598365,false,מטליות סנו סושי מיקר,סנו סושי,,מטליות סנו סושי מיקר,יחידה,0.00,יחידה,false,,15.90,0.0000,true,1,16388
7290011598372,false,מטלית מיקרופייבר לרצ,סנו,,מטלית מיקרופייבר לרצ,יחידה,0.00,יחידה,false,,11.90,0.0000,true,1,16389
7290011598402,false,מרכך סנו מקסימה 4 לי,סנו מקסימה,,מרכך סנו מקסימה 4 לי,ליטרים,4.00,ליטר,false,,21.90,5.4750,false,1,3540
7290011607180,false,קולון 101 1.25קג',קולון,,קולון 101 1.25קג',יחידה,1.25,יחידה,false,,11.90,9.5200,false,1,18050
7290011607197,false,קולון 101 5קג',קולון,,קולון 101 5קג',קילוגרמים,5.00,"ק""ג",false,,39.90,7.9800,false,1,61657
7290011615260,false,טורטיה וילי פוד 540ג,,,טורטיה וילי פוד 540ג,גרמים,540.00,100 גרם,false,,9.90,0.0183,true,1,3123
7290011618025,false,נגיסי אורז לתינוקות,,,נגיסי אורז לתינוקות,גרמים,50.00,100 גרם,false,,13.90,0.2780,true,1,10868
7290011622305,false,מארז 4 כתמטמינים 20,,,מארז 4 כתמטמינים 20,גרמים,80.00,100 גרם,false,,15.00,0.1875,true,1,62890
7290011695224,false,רוטב צ'ילי מתוק 700מ,,,רוטב צ'ילי מתוק 700מ,מיליליטרים,700.00,"100 מ""ל",false,,9.90,0.0141,true,1,23112
7290011695408,false,ציפוי מתובל לשניצל ה,,,ציפוי מתובל לשניצל ה,גרמים,350.00,100 גרם,false,,11.90,0.0340,true,1,63025
7290011695477,false,דבש טבעי מפרחי שדה,,,דבש טבעי מפרחי שדה,גרמים,350.00,100 גרם,false,,22.90,0.0654,true,1,31156
7290011695620,false,סירופ בטעם מייפל,,,סירופ בטעם מייפל,גרמים,700.00,100 גרם,false,,10.90,0.0156,true,1,23894
7290011695651,false,צנימים עגולים,,,צנימים עגולים,גרמים,300.00,100 גרם,false,,10.90,0.0363,true,1,13989
7290011695712,false,חמאת בוטנים נאמן קרמ,נאמן,,חמאת בוטנים נאמן קרמ,גרמים,510.00,100 גרם,false,,11.90,0.0233,true,1,1041
7290011717001,false,לחם בריאות,,,לחם בריאות,גרמים,650.00,100 גרם,false,,13.90,0.0214,true,1,4693
7290011723101,false,טחינה הר ברכה 950 גר,,,טחינה הר ברכה 950 גר,גרמים,950.00,100 גרם,false,,34.90,0.0367,true,1,30824
7290011723200,false,טחינה הר ברכה 450 גר,,,טחינה הר ברכה 450 גר,גרמים,450.00,100 גרם,false,,17.90,0.0398,true,1,30825
7290011728007,false,נאצ'וס תירס 180 גר',,,נאצ'וס תירס 180 גר',גרמים,180.00,100 גרם,false,,18.90,0.1050,true,1,70452
7290011728298,false,חלפניו ירוק פרוס עם,,,חלפניו ירוק פרוס עם,גרמים,195.00,100 גרם,false,,24.90,0.1277,true,1,27786
7290011728724,false,סלסה עגבניות חרוכות,,,סלסה עגבניות חרוכות,גרמים,200.00,100 גרם,false,,18.90,0.0945,true,1,74753
7290011728762,false,פלפל ציפטולה יבש שלם,,,פלפל ציפטולה יבש שלם,גרמים,40.00,100 גרם,false,,9.90,0.2475,true,1,86962
7290011728779,false,פלפל גואחילו שלם מיו,,,פלפל גואחילו שלם מיו,גרמים,40.00,100 גרם,false,,9.90,0.2475,true,1,117465
7290011745707,false,סנסודיין פרונאמל ילד,סנסודיין,,סנסודיין פרונאמל ילד,מיליליטרים,50.00,"100 מ""ל",false,,15.90,0.3180,true,1,17941
7290011765071,false,קרמה ג'ל גילוח כתום,קרמה,,קרמה ג'ל גילוח כתום,מיליליטרים,200.00,"100 מ""ל",false,,10.90,0.0545,true,1,3541
7290011765088,false,קרמה ג'ל גילוח כחול,קרמה,,קרמה ג'ל גילוח כחול,מיליליטרים,200.00,"100 מ""ל",false,,12.90,0.0645,true,1,16393
7290011765118,false,קרמה קצף גילוח ירוק,קרמה,,קרמה קצף גילוח ירוק,מיליליטרים,200.00,"100 מ""ל",false,,12.90,0.0645,true,1,16396
7290011765392,false,שמפו כיף בוב ספוג 75,כיף,,שמפו כיף בוב ספוג 75,מיליליטרים,750.00,"100 מ""ל",false,,11.90,0.0159,true,1,16409
7290011765422,false,אל סבון כייף לילדים,כיף,,אל סבון כייף לילדים,מיליליטרים,750.00,"100 מ""ל",false,,11.90,0.0159,true,1,16411
7290011765446,false,משחת שיניים אורביטול,אורביטול,,משחת שיניים אורביטול,גרמים,50.00,100 גרם,false,,9.90,0.1980,false,1,16413
7290011765613,false,סנו מסיר עובש בניחוח,סנו,,סנו מסיר עובש בניחוח,ליטרים,1.00,ליטר,false,,17.90,17.9000,true,1,77070
7290011765620,false,נוזל כלים אקולוגי סנ,סנו,,נוזל כלים אקולוגי סנ,מיליליטרים,700.00,"100 מ""ל",false,,10.00,0.0143,true,1,82878
7290011800642,false,מטבוחה רפי,רפי כהן / צבר,,מטבוחה רפי,גרמים,400.00,100 גרם,false,,15.90,0.0398,true,1,6515
7290011800840,false,טחינה לבנה רפי,רפי כהן / צבר,,טחינה לבנה רפי,גרמים,400.00,100 גרם,false,,15.90,0.0398,true,1,6520
7290011830007,false,"סוכר חום אורגני 1 ק""",השדה מוצרים טבעיים ו,,"סוכר חום אורגני 1 ק""",קילוגרמים,1.00,"ק""ג",false,,11.90,11.9000,true,1,33021
7290011830243,false,אטריות אורגניות מאור,,,אטריות אורגניות מאור,גרמים,250.00,100 גרם,false,,14.90,0.0596,true,1,11039
7290011830991,false,חטיף צ'קי מאנקי,השדה מוצרים טבעיים ו,,חטיף צ'קי מאנקי,גרמים,60.00,100 גרם,false,,6.50,0.1083,true,1,69135
7290011851606,false,תערובת להכנת סחלב,,,תערובת להכנת סחלב,גרמים,500.00,100 גרם,false,,15.90,0.0318,true,1,8506
7290011876388,false,קציצות בקר ועוף 600,מאמא עוף,,קציצות בקר ועוף 600,גרמים,600.00,100 גרם,false,,28.90,0.0482,false,1,23967
7290011877088,false,סנו סושי צמד רדידי א,סנו סושי,,סנו סושי צמד רדידי א,יחידה,0.00,יחידה,false,,16.90,0.0000,true,1,20974
7290011877095,false,זוג רדיד אלומיניום ס,סנו סושי,,זוג רדיד אלומיניום ס,יחידה,0.00,יחידה,false,,22.00,0.0000,true,1,21769
7290011877101,false,סנו מוד,סנומוד,,סנו מוד,מיליליטרים,150.00,"100 מ""ל",false,,12.90,0.0860,true,1,16417
7290011877835,false,סנו סושי אריזות ואקו,סנו סושי,,סנו סושי אריזות ואקו,יחידה,0.00,יחידה,false,,23.90,0.0000,true,1,16425
7290011877859,false,סנו אינסטלטור,סנו,,סנו אינסטלטור,מיליליטרים,200.00,"100 מ""ל",false,,13.90,0.0695,true,1,16427
7290011877866,false,"מקסימה 6 ק""ג מאסק",סנו מקסימה,,"מקסימה 6 ק""ג מאסק",קילוגרמים,6.00,"ק""ג",false,,49.90,8.3167,false,1,16428
7290011877910,false,מי פה טריפל ורוד 500,סנו,,מי פה טריפל ורוד 500,מיליליטרים,500.00,"100 מ""ל",false,,19.90,0.0398,true,1,16429
7290011878351,false,תמרים מג'הול 400 גרם,,,תמרים מג'הול 400 גרם,גרמים,400.00,100 גרם,false,,27.90,0.0697,true,1,70981
7290011878368,false,תמרים זהידי,,,תמרים זהידי,גרמים,400.00,100 גרם,false,,15.90,0.0398,true,1,77959
7290011878511,false,יוגורט עיזים ביו  נא,,,יוגורט עיזים ביו  נא,גרמים,250.00,100 גרם,false,,11.90,0.0476,true,1,76670
7290011923068,false,פרוסות צהובה קלאסית,,,פרוסות צהובה קלאסית,גרמים,200.00,100 גרם,false,,17.50,0.0875,true,1,117645
7290011923082,false,פרוסות בסגנון מוצרלה,,,פרוסות בסגנון מוצרלה,גרמים,200.00,100 גרם,false,,17.50,0.0875,true,1,117549
7290011923105,false,פרוסות בסגנון צ'דר,,,פרוסות בסגנון צ'דר,גרמים,200.00,100 גרם,false,,17.50,0.0875,true,1,117646
7290011923112,false,גוש בסגנון פטה יווני,,,גוש בסגנון פטה יווני,גרמים,200.00,100 גרם,false,,17.50,0.0875,true,1,117550
7290011923211,false,שמן זית אורגני 750 מ,,,שמן זית אורגני 750 מ,מיליליטרים,750.00,"100 מ""ל",false,,46.90,0.0625,true,1,23855
7290011923273,false,טופו אורגני ליב,,,טופו אורגני ליב,גרמים,300.00,100 גרם,false,,13.90,0.0463,true,1,27901
7290011923303,false,טופו טבעי 300 גר',,,טופו טבעי 300 גר',גרמים,300.00,100 גרם,false,,11.90,0.0397,true,1,32519
7290011930899,false,מכשיר סודה סטרים ג'נ,,,מכשיר סודה סטרים ג'נ,יחידה,0.00,יחידה,false,,350.00,0.0000,true,1,76148
7290011931162,false,סוכרלייט נוזלי,סוכרלייט,,סוכרלייט נוזלי,יחידה,220.00,יחידה,false,,27.90,0.1268,true,1,12384
7290011931193,false,סוכרלייט כפית לכפית,,,סוכרלייט כפית לכפית,גרמים,105.00,100 גרם,false,,29.90,0.2848,true,1,12385
7290011947309,false,זית סורי מבוקע עם לי,זיתא,,זית סורי מבוקע עם לי,גרמים,220.00,100 גרם,false,,12.90,0.0586,true,1,27911
7290011947316,false,זיתים קלמטה זיתא,זיתא,,זיתים קלמטה זיתא,יחידה,0.00,יחידה,false,,12.90,0.0000,true,1,34409
7290011947521,false,שמן זית כתית מעולה 7,,,שמן זית כתית מעולה 7,מיליליטרים,750.00,"100 מ""ל",false,,32.90,0.0439,false,1,81584
7290011947743,false,מיקס זית ירוק וזית ק,זיתא,,מיקס זית ירוק וזית ק,גרמים,215.00,100 גרם,false,,12.90,0.0600,true,1,81711
7290011947781,false,מיקס זית ירוק וזית ק,זיתא,,מיקס זית ירוק וזית ק,גרמים,190.00,100 גרם,false,,12.90,0.0679,true,1,86400
7290011947798,false,זית קלמטה ללא גלעין,זיתא,,זית קלמטה ללא גלעין,גרמים,190.00,100 גרם,false,,12.90,0.0679,true,1,86401
7290011947866,false,מיקס זיתים זיתא בפח,זיתא,,מיקס זיתים זיתא בפח,גרמים,250.00,100 גרם,false,,19.90,0.0796,true,1,87859
7290011947873,false,זיתים קלמטה בפח זיתא,זיתא,,זיתים קלמטה בפח זיתא,גרמים,250.00,100 גרם,false,,19.90,0.0796,true,1,87860
7290011947903,false,מיקס זיתים יווני זית,,,מיקס זיתים יווני זית,גרמים,215.00,100 גרם,false,,12.90,0.0600,true,1,88870
7290011964344,false,שום גבישי מיכל גדול,תבליני טעם וריח,,שום גבישי מיכל גדול,גרמים,120.00,100 גרם,false,,9.50,0.0792,true,1,10039
7290011964542,false,פפריקה מתוקה 400 גר,תבליני טעם וריח,,פפריקה מתוקה 400 גר,גרמים,400.00,100 גרם,false,,23.90,0.0597,true,1,2747
7290011964566,false,גריל עוף 400 גר' במי,תבליני טעם וריח,,גריל עוף 400 גר' במי,גרמים,400.00,100 גרם,false,,23.90,0.0597,true,1,10041
7290011964658,false,מלח לימון מיכל פלסטי,תבליני טעם וריח,,מלח לימון מיכל פלסטי,גרמים,170.00,100 גרם,false,,9.50,0.0559,true,1,10045
7290011964689,false,תערובת תיבול על האש,תבליני טעם וריח,,תערובת תיבול על האש,גרמים,100.00,100 גרם,false,,9.50,0.0950,true,1,10046
7290011964702,false,תערובת תיבול לשווארמ,תבליני טעם וריח,,תערובת תיבול לשווארמ,גרמים,100.00,100 גרם,false,,9.50,0.0950,true,1,10048
7290011971724,false,פתיתי כוסמין אורגני,הרדוף,,פתיתי כוסמין אורגני,גרמים,500.00,100 גרם,false,,13.90,0.0278,true,1,77284
7290011988104,false,ווקס לשיער,,,ווקס לשיער,יחידה,0.00,יחידה,false,,25.90,0.0000,true,1,77030
7290011996000,false,איטריות עגבניות,taste of asia,,איטריות עגבניות,גרמים,454.00,100 גרם,false,,8.50,0.0187,true,1,10759
7290011996017,false,איטריות תרד,taste of asia,,איטריות תרד,גרמים,454.00,100 גרם,false,,8.50,0.0187,true,1,11842
7290011996031,false,איטריות ביצים,taste of asia,,איטריות ביצים,גרמים,454.00,100 גרם,false,,8.50,0.0187,true,1,10760
7290011996062,false,אורז לסושי 1 קג',taste of asia,,אורז לסושי 1 קג',יחידה,1.00,יחידה,false,,12.90,12.9000,true,1,11844
7290011996086,false,רוטב צ'ילי חריף 700,,,רוטב צ'ילי חריף 700,יחידה,700.00,יחידה,false,,10.90,0.0156,true,1,8893
7290011996109,false,רוטב צ'ילי מתוק 700,,,רוטב צ'ילי מתוק 700,יחידה,700.00,יחידה,false,,9.90,0.0141,true,1,8895
7290011996123,false,אצות ים נורי גולד 10,,,אצות ים נורי גולד 10,גרמים,25.00,100 גרם,false,,10.90,0.4360,true,1,8896
7290011996130,false,אצות ים נורי 10 דפים,,,אצות ים נורי 10 דפים,גרמים,25.00,100 גרם,false,,10.90,0.4360,true,1,8897
7290011996178,false,רוטב סויה בסגנון יפנ,,,רוטב סויה בסגנון יפנ,יחידה,280.00,יחידה,false,,9.90,0.0354,true,1,8899
7290011996185,false,חומץ אורז לבן לסושי,מזרח ומערב,,חומץ אורז לבן לסושי,יחידה,250.00,יחידה,false,,7.90,0.0316,true,1,8900
7290011996222,false,נוזל אגוזי קוקוס 400,,,נוזל אגוזי קוקוס 400,גרמים,400.00,100 גרם,false,,5.90,0.0148,true,1,11845
7290011996277,false,מחצלת עגולה לסושי,,,מחצלת עגולה לסושי,יחידה,0.00,יחידה,false,,5.90,0.0000,true,1,18897
7290011996291,false,"סטימר 10""",,,"סטימר 10""",יחידה,0.00,יחידה,false,,28.90,0.0000,true,1,25839
7290011996307,false,"סטימר 20""",,,"סטימר 20""",יחידה,0.00,יחידה,false,,36.90,0.0000,true,1,25840
7290011996482,false,מקלות לסושי,,,מקלות לסושי,יחידה,0.00,יחידה,false,,4.90,0.0000,true,1,8904
7290011996499,false,מקלוני אורז דקים,,,מקלוני אורז דקים,גרמים,400.00,100 גרם,false,,7.90,0.0198,true,1,8905
7290011996512,false,"מקלוני אורז 3 מ""מ 40",taste of asia,,"מקלוני אורז 3 מ""מ 40",גרמים,400.00,100 גרם,false,,8.90,0.0223,true,1,8906
7290011996529,false,"מקלוני אורז 5 מ""מ 40",taste of asia,,"מקלוני אורז 5 מ""מ 40",גרמים,400.00,100 גרם,false,,8.90,0.0223,true,1,8907
7290011996567,false,רוטב סאטה 240ג',,,רוטב סאטה 240ג',גרמים,240.00,100 גרם,false,,13.90,0.0579,true,1,8908
7290011996581,false,רוטב חמוץ מתוק 300 מ,,,רוטב חמוץ מתוק 300 מ,יחידה,300.00,יחידה,false,,9.90,0.0330,true,1,8909
7290011996642,false,שומשום שחור קלוי,מזרח ומערב,,שומשום שחור קלוי,גרמים,100.00,100 גרם,false,,11.90,0.1190,true,1,11847
7290011996703,false,אצות וואקאמה מיובשות,,,אצות וואקאמה מיובשות,גרמים,100.00,100 גרם,false,,18.90,0.1890,true,1,22457
7290011996741,false,חומץ אורז לסושי 500,מזרח ומערב,,חומץ אורז לסושי 500,יחידה,500.00,יחידה,false,,11.00,0.0220,true,1,8914
7290011996758,false,קמח טמפורה,מזרח ומערב,,קמח טמפורה,גרמים,500.00,100 גרם,false,,9.90,0.0198,true,1,8915
7290011996765,false,משחת וואסבי,,,משחת וואסבי,גרמים,43.00,100 גרם,false,,9.00,0.2093,true,1,8916
7290011996789,false,פנקו יפני,,,פנקו יפני,גרמים,200.00,100 גרם,false,,7.90,0.0395,true,1,11848
7290011996802,false,אבקת ווסבי 70 ג',,,אבקת ווסבי 70 ג',גרמים,70.00,100 גרם,false,,14.90,0.2129,true,1,11849
7290011996819,false,איטריות שעועית בסגנו,taste of asia,,איטריות שעועית בסגנו,גרמים,250.00,100 גרם,false,,3.90,0.0156,true,1,8917
7290011996888,false,רוטב טריאקי 300ג',,,רוטב טריאקי 300ג',גרמים,365.00,100 גרם,false,,9.90,0.0271,true,1,8919
7290012001994,false,חרדל דיג'ון גרעינים,ריין דה דיג'ון,,חרדל דיג'ון גרעינים,גרמים,350.00,100 גרם,false,,11.90,0.0340,true,1,10705
7290012022203,false,קליליות חיטה מלאה,,,קליליות חיטה מלאה,גרמים,100.00,100 גרם,false,,13.50,0.1350,true,1,21853
7290012022227,false,קליליות חיטה,,,קליליות חיטה,גרמים,60.00,100 גרם,false,,11.50,0.1917,true,1,21851
7290012022272,false,קליליות קידס 30 גר,,,קליליות קידס 30 גר,גרמים,30.00,100 גרם,false,,10.70,0.3567,true,1,59068
7290012046193,false,סקוטש ברייט תשעה ספו,,,סקוטש ברייט תשעה ספו,יחידה,0.00,יחידה,false,,13.90,0.0000,true,1,119626
7290012052187,false,גרנולה טבעית חלבה תמ,,,גרנולה טבעית חלבה תמ,יחידה,350.00,יחידה,false,,14.90,0.0426,true,1,10379
7290012052200,false,גרנולה רפאל זרעים,,,גרנולה רפאל זרעים,יחידה,800.00,יחידה,false,,27.90,0.0349,true,1,18828
7290012052217,false,רפאל-זרעים אגוזים ופ,,,רפאל-זרעים אגוזים ופ,יחידה,800.00,יחידה,false,,27.90,0.0349,true,1,18829
7290012052224,false,רפאל-חלבה תמרים ושקד,,,רפאל-חלבה תמרים ושקד,יחידה,800.00,יחידה,false,,27.90,0.0349,true,1,18830
7290012052231,false,גרנולה רפאל חמוציות,,,גרנולה רפאל חמוציות,יחידה,800.00,יחידה,false,,27.90,0.0349,true,1,18831
7290012052309,false,גרנולה טבעית בננה צי,,,גרנולה טבעית בננה צי,קילוגרמים,1.00,"ק""ג",false,,22.90,22.9000,true,1,76174
7290012052316,false,"גרנולה תענוג 1 ק""ג ש",,,"גרנולה תענוג 1 ק""ג ש",קילוגרמים,1.00,"ק""ג",false,,22.90,22.9000,true,1,81890
7290012052330,false,"גרנולה תענוג 1 ק""ג",,,"גרנולה תענוג 1 ק""ג",קילוגרמים,1.00,"ק""ג",false,,22.90,22.9000,true,1,76176
7290012052347,false,גרנולה תענוג ללא תוס,,,גרנולה תענוג ללא תוס,קילוגרמים,1.00,"ק""ג",false,,22.90,22.9000,true,1,76177
7290012052354,false,גרנולה רפאל שוקולד ו,,,גרנולה רפאל שוקולד ו,גרמים,350.00,100 גרם,false,,14.90,0.0426,true,1,32810
7290012052385,false,גרנולה רפאל שקדים ופ,,,גרנולה רפאל שקדים ופ,גרמים,800.00,100 גרם,false,,27.90,0.0349,true,1,24295
7290012052460,false,תערובת לסלט צוקולומו,,,תערובת לסלט צוקולומו,גרמים,250.00,100 גרם,false,,15.90,0.0636,true,1,24296
7290012116025,false,פיות שמפו לשיער 750מ,סנו,,פיות שמפו לשיער 750מ,מיליליטרים,750.00,"100 מ""ל",false,,11.90,0.0159,true,1,16435
7290012116070,false,פיות אל סבון אלוורה,סנו,,פיות אל סבון אלוורה,גרמים,750.00,100 גרם,false,,11.90,0.0159,true,1,16438
7290012116360,false,פוליוקס פורצלן סנו 2,סנו פוליויקס,,פוליוקס פורצלן סנו 2,ליטרים,2.00,ליטר,false,,19.90,9.9500,false,1,16445
7290012116674,false,קרמה מן דאודורנט ג'ל,קרמה,,קרמה מן דאודורנט ג'ל,מיליליטרים,75.00,"100 מ""ל",false,,14.90,0.1987,true,1,16457
7290012116735,false,נייר טואלט סופט ג'מב,סנו סופט,,נייר טואלט סופט ג'מב,גרמים,4300.00,100 גרם,false,,47.90,0.0111,false,1,16462
7290012117039,false,סנו 00 לאמבטיה 1 ליט,סנו,,סנו 00 לאמבטיה 1 ליט,ליטרים,1.00,ליטר,false,,7.90,7.9000,false,1,16476
7290012117091,false,"סנו מקסימה 6 ק""ג סנס",סנו מקסימה,,"סנו מקסימה 6 ק""ג סנס",קילוגרמים,6.00,"ק""ג",false,,49.90,8.3167,false,1,16479
7290012117275,false,סנו קליר מילוי 750 מ,סנו,,סנו קליר מילוי 750 מ,מיליליטרים,750.00,"100 מ""ל",false,,7.90,0.0105,true,1,16481
7290012117411,false,קרמה מן ג'ל רחצה במב,קרמה,,קרמה מן ג'ל רחצה במב,מיליליטרים,700.00,"100 מ""ל",false,,17.90,0.0256,true,1,16486
7290012117428,false,קרמה מן שמפו וג'ל רח,קרמה,,קרמה מן שמפו וג'ל רח,מיליליטרים,700.00,"100 מ""ל",false,,17.90,0.0256,true,1,16487
7290012117435,false,קרמה מן ג'ל רחצה אלו,קרמה,,קרמה מן ג'ל רחצה אלו,מיליליטרים,700.00,"100 מ""ל",false,,17.90,0.0256,true,1,16488
7290012117534,false,מרכך מרוכז קול 1ל,סנו,,מרכך מרוכז קול 1ל,ליטרים,1.00,ליטר,false,,16.90,16.9000,true,1,16494
7290012117541,false,מרכך מרוכז סנו זן 1ל,סנו,,מרכך מרוכז סנו זן 1ל,ליטרים,1.00,ליטר,false,,16.90,16.9000,true,1,16495
7290012117565,false,כפפות סושי S לטקס,סנו סושי,,כפפות סושי S לטקס,יחידה,0.00,יחידה,false,,29.90,0.0000,true,1,3554
7290012117572,false,כפפות לטקס M,סנו,,כפפות לטקס M,יחידה,0.00,יחידה,false,,29.90,0.0000,true,1,16497
7290012117589,false,סושי 100כפפות לטקס L,סנו סושי,,סושי 100כפפות לטקס L,יחידה,0.00,יחידה,false,,29.90,0.0000,true,1,16498
7290012117732,false,מרכך סנו 4ל COOL,סנו,,מרכך סנו 4ל COOL,ליטרים,4.00,ליטר,false,,21.90,5.4750,false,1,3557
7290012117916,false,סנו אינסטלטור נוזלי,סנו,,סנו אינסטלטור נוזלי,ליטרים,1.00,ליטר,false,,24.90,24.9000,true,1,16508
7290012129711,false,פרשיס מגבונים לחים 7,,,פרשיס מגבונים לחים 7,יחידה,0.00,יחידה,false,,4.80,0.0000,true,1,32266
7290012129728,false,פרשיס חמישייה מגבוני,,,פרשיס חמישייה מגבוני,יחידה,0.00,יחידה,false,,19.90,0.0000,true,1,33493
7290012129735,false,פרשיס מגבונים לחים 7,,,פרשיס מגבונים לחים 7,יחידה,0.00,יחידה,false,,4.80,0.0000,true,1,32267
7290012129742,false,פרשיס חמישייה מגבוני,,,פרשיס חמישייה מגבוני,יחידה,0.00,יחידה,false,,19.90,0.0000,true,1,33494
7290012139482,false,חטיף בונזו ג'וי-עצם,בונזו,,חטיף בונזו ג'וי-עצם,גרמים,160.00,100 גרם,false,,21.90,0.1369,true,1,15820
7290012139499,false,עצם בציפוי פירורי עו,בונזו,,עצם בציפוי פירורי עו,גרמים,165.00,100 גרם,false,,21.90,0.1327,true,1,15821
7290012151538,false,אקונומיקה 4ליטר פולי,,,אקונומיקה 4ליטר פולי,ליטרים,4.00,ליטר,false,,10.90,2.7250,true,1,17841
7290012159411,false,לבבות דקל חתוך,,,לבבות דקל חתוך,גרמים,220.00,100 גרם,false,,7.90,0.0359,true,1,2016
7290012172380,false,מסננת סיליקון לכיור,,,מסננת סיליקון לכיור,יחידה,0.00,יחידה,false,,19.90,0.0000,true,1,84785
7290012173189,false,אגוז פקאן,זארובי,,אגוז פקאן,יחידה,150.00,יחידה,false,,18.90,0.1260,true,1,18
7290012173271,false,זארובי-שקד טבעי 350ג,,,זארובי-שקד טבעי 350ג,גרמים,350.00,100 גרם,false,,28.90,0.0826,true,1,32092
7290012173301,false,זארובי-פיסטוק קלוי 3,זארובי,,זארובי-פיסטוק קלוי 3,גרמים,300.00,100 גרם,false,,28.90,0.0963,true,1,32616
7290012173325,false,בוטנים קלופים 350 גר,זארובי,,בוטנים קלופים 350 גר,גרמים,350.00,100 גרם,false,,15.50,0.0443,true,1,32640
7290012173493,false,תערובת אגוזים ושקדים,זארובי,,תערובת אגוזים ושקדים,גרמים,300.00,100 גרם,false,,26.90,0.0897,true,1,119318
7290012173615,false,פקאן סיני 150 גר',זארובי,,פקאן סיני 150 גר',גרמים,150.00,100 גרם,false,,18.90,0.1260,false,1,20928
7290012173820,false,זארובי-פיסטוק קלוי,,,זארובי-פיסטוק קלוי,גרמים,150.00,100 גרם,false,,14.90,0.0993,true,1,29585
7290012173837,false,זארובי-קשיו קלוי,,,זארובי-קשיו קלוי,גרמים,170.00,100 גרם,false,,14.90,0.0876,true,1,29586
7290012173844,false,זארובי-שקד קלוי,,,זארובי-שקד קלוי,גרמים,170.00,100 גרם,false,,14.90,0.0876,true,1,29587
7290012173882,false,זארובי-גרעינים שחורי,זארובי,,זארובי-גרעינים שחורי,גרמים,350.00,100 גרם,false,,10.90,0.0311,true,1,32617
7290012173905,false,פיצוחים מעורב פרימיו,,,פיצוחים מעורב פרימיו,גרמים,350.00,100 גרם,false,,27.90,0.0797,true,1,31020
7290012193125,false,מרמולייט סוכרלוז 150,מרמולייט,,מרמולייט סוכרלוז 150,גרמים,123.00,100 גרם,false,,26.90,0.2187,true,1,10876
7290012193163,false,פמלי אל סבון ליטר פר,פמלי,,פמלי אל סבון ליטר פר,ליטרים,1.00,ליטר,false,,11.90,11.9000,true,1,20244
7290012226014,false,נקניקיות וינר 800 גר,זוגלובק,,נקניקיות וינר 800 גר,גרמים,800.00,100 גרם,false,,22.90,0.0286,true,1,1973
7290012226021,false,סלמי מעושן פראג 400ג,זוגלובק,,סלמי מעושן פראג 400ג,גרמים,400.00,100 גרם,false,,21.50,0.0538,true,1,14277
7290012226120,false,קבנוס 135 גר',זוגלובק,,קבנוס 135 גר',גרמים,135.00,100 גרם,false,,10.00,0.0741,true,1,14279
7290012226922,false,קבנוס עם שום,זוגלובק,,קבנוס עם שום,גרמים,135.00,100 גרם,false,,10.00,0.0741,true,1,14283
7290012226939,false,קבנוס עם צ'ילי חריף,זוגלובק,,קבנוס עם צ'ילי חריף,גרמים,135.00,100 גרם,false,,10.00,0.0741,true,1,14284
7290012226991,false,נקניקיות ג'מבו,זוגלובק,,נקניקיות ג'מבו,קילוגרמים,1.50,"ק""ג",false,,28.90,19.2667,true,1,1974
7290012227172,false,מארז זוג פסטרמה זוגל,זוגלובק,,מארז זוג פסטרמה זוגל,גרמים,600.00,100 גרם,false,,26.90,0.0448,true,1,21917
7290012227325,false,סלמי מעושן דק דק 120,זוגלובק,,סלמי מעושן דק דק 120,גרמים,120.00,100 גרם,false,,13.90,0.1158,true,1,72014
7290012227400,false,נקניקיות עוף 800 גר',זוגלובק,,נקניקיות עוף 800 גר',גרמים,800.00,100 גרם,false,,22.90,0.0286,true,1,26187
7290012227912,false,קבנוס מעודן 135 גר',זוגלובק,,קבנוס מעודן 135 גר',גרמים,135.00,100 גרם,false,,10.00,0.0741,true,1,69150
7290012227974,false,פסטרמה בדבש 120 גר',זוגלובק,,פסטרמה בדבש 120 גר',גרמים,120.00,100 גרם,false,,13.90,0.1158,true,1,72015
7290012227981,false,פסטרמה ברביקיו 120 ג,זוגלובק,,פסטרמה ברביקיו 120 ג,גרמים,120.00,100 גרם,false,,13.90,0.1158,true,1,72016
7290012227998,false,חזה בקר 120 גר' דק ד,זוגלובק,,חזה בקר 120 גר' דק ד,גרמים,120.00,100 גרם,false,,13.90,0.1158,true,1,72017
7290012228278,false,נקניקיות בוקוורסט הו,זוגלובק,,נקניקיות בוקוורסט הו,גרמים,310.00,100 גרם,false,,19.90,0.0642,true,1,67902
7290012228766,false,קבנוס 120 גר' מחפוד,זוגלובק,,קבנוס 120 גר' מחפוד,גרמים,120.00,100 גרם,false,,10.00,0.0833,true,1,84579
7290012245275,false,גולד צ'יפס בטטה קריס,,,גולד צ'יפס בטטה קריס,קילוגרמים,1.00,"ק""ג",false,,28.90,28.9000,true,1,88454
7290012245312,false,צ'יפס גולד אמריקאי 1,,,צ'יפס גולד אמריקאי 1,גרמים,1500.00,100 גרם,false,,19.90,0.0133,true,1,76528
7290012245329,false,צ'יפס גולד קלאסי 1.5,,,צ'יפס גולד קלאסי 1.5,גרמים,1500.00,100 גרם,false,,19.90,0.0133,true,1,76530
7290012245336,false,צ'יפס גולד סטייק 1.5,,,צ'יפס גולד סטייק 1.5,גרמים,1500.00,100 גרם,false,,19.90,0.0133,true,1,76531
7290012256004,false,כף אובלית,,,כף אובלית,יחידה,0.00,יחידה,false,,11.90,0.0000,true,1,27714
7290012256028,false,מרית מחורצת,,,מרית מחורצת,יחידה,0.00,יחידה,false,,11.90,0.0000,true,1,27734
7290012256080,false,מרית סיליקון,,,מרית סיליקון,יחידה,0.00,יחידה,false,,13.90,0.0000,true,1,27717
7290012309366,false,אורז בסמטי 5 קג שקדי,,,אורז בסמטי 5 קג שקדי,קילוגרמים,5.00,"ק""ג",false,,44.90,8.9800,true,1,32033
7290012309878,false,חלבה עם פיסטוק 500 ג,,,חלבה עם פיסטוק 500 ג,גרמים,500.00,100 גרם,false,,13.90,0.0278,true,1,58326
7290012309939,false,חלבה מסולסלת 500 גר,,,חלבה מסולסלת 500 גר,גרמים,500.00,100 גרם,false,,14.90,0.0298,true,1,31729
7290012313073,false,מיקס חרוזית יבנה,קבוצת יבנה,,מיקס חרוזית יבנה,גרמים,275.00,100 גרם,false,,10.90,0.0396,true,1,118749
7290012313141,false,פרוסות מלפפונים במלח,קבוצת יבנה,,פרוסות מלפפונים במלח,גרמים,320.00,100 גרם,false,,5.90,0.0184,true,1,26533
7290012313240,false,מיקס זיתים וקלמטה יב,קבוצת יבנה,,מיקס זיתים וקלמטה יב,גרמים,340.00,100 גרם,false,,10.90,0.0321,true,1,85274
7290012313547,false,זית קלמטה יבנה,קבוצת יבנה,,זית קלמטה יבנה,גרמים,340.00,100 גרם,false,,9.40,0.0276,true,1,60105
7290012352027,false,קרם לחות + שמן לשיער,שוקי זיקרי,,קרם לחות + שמן לשיער,מיליליטרים,400.00,"100 מ""ל",false,,25.90,0.0647,true,1,18737
7290012367700,false,קרם גוף אפקטיב 700 מ,,,קרם גוף אפקטיב 700 מ,מיליליטרים,700.00,"100 מ""ל",false,,32.90,0.0470,true,1,18486
7290012367717,false,קרם ידיים אפקטיב 150,,,קרם ידיים אפקטיב 150,גרמים,100.00,100 גרם,false,,16.90,0.1690,true,1,63754
7290012404955,false,ספרינג Collection נק,ספרינג,,ספרינג Collection נק,ליטרים,1.25,ליטר,false,,12.90,10.3200,true,1,10149
7290012413636,false,תה ירוק צ'אי מסאלה 2,ויסוצקי,,תה ירוק צ'אי מסאלה 2,גרמים,37.50,100 גרם,false,,24.90,0.6640,false,1,827
7290012413643,false,תה ירוק קמומיל,ויסוצקי,,תה ירוק קמומיל,גרמים,37.50,100 גרם,false,,24.90,0.6640,false,1,23389
7290012470264,false,דוקרן גבינות ודגים,,,דוקרן גבינות ודגים,יחידה,0.00,יחידה,false,,8.50,0.0000,true,1,26900
7290012475108,false,משקה שעורה נמס אורגנ,,,משקה שעורה נמס אורגנ,גרמים,75.00,100 גרם,false,,14.90,0.1987,true,1,25741
7290012475399,false,מיץ שזיפים אורגני 1,,,מיץ שזיפים אורגני 1,ליטרים,1.00,ליטר,false,,16.00,16.0000,true,1,13096
7290012522581,false,שניצל תירס ללא גלוטן,טבעול,,שניצל תירס ללא גלוטן,גרמים,664.00,100 גרם,false,,24.90,0.0375,false,1,19733
7290012561313,false,בצל מטוגן דורות 400,,,בצל מטוגן דורות 400,גרמים,400.00,100 גרם,false,,21.00,0.0525,true,1,81195
7290012561337,false,כורכום טרי כתוש דורו,,,כורכום טרי כתוש דורו,גרמים,70.00,100 גרם,false,,12.00,0.1714,true,1,79160
7290012561405,false,בצל חצי מטוגן דורות,דורות,,בצל חצי מטוגן דורות,גרמים,180.00,100 גרם,false,,11.50,0.0639,true,1,6529
7290012588242,false,מים מינרלים כדורגל 5,,,מים מינרלים כדורגל 5,מיליליטרים,3000.00,"100 מ""ל",false,,13.90,0.0046,false,1,72729
7290012594014,false,לחם שיפון כפרי,,,לחם שיפון כפרי,גרמים,650.00,100 גרם,false,,14.90,0.0229,true,1,27847
7290012594038,false,לחם פרנץ טוסט,,,לחם פרנץ טוסט,גרמים,500.00,100 גרם,false,,10.90,0.0218,true,1,117791
7290012645020,false,יוגורט עיזים טבעי  5,,,יוגורט עיזים טבעי  5,מיליליטרים,500.00,"100 מ""ל",false,,11.90,0.0238,true,1,4423
7290012645051,false,יוגורט עיזים 350 גר,,,יוגורט עיזים 350 גר,גרמים,350.00,100 גרם,false,,11.50,0.0329,true,1,82940
7290012645068,false,ישראלה גבינה מותכת מ,,,ישראלה גבינה מותכת מ,גרמים,180.00,100 גרם,false,,22.90,0.1272,true,1,88746
7290012645075,false,יוגורט כבשים יווני 3,,,יוגורט כבשים יווני 3,גרמים,350.00,100 גרם,false,,11.50,0.0329,true,1,88726
7290012645112,false,יוגורט עיזים בדלי -,,,יוגורט עיזים בדלי -,גרמים,750.00,100 גרם,false,,18.90,0.0252,true,1,65750
7290012645129,false,יוגורט כבשים בדלי -ח,,,יוגורט כבשים בדלי -ח,גרמים,750.00,100 גרם,false,,18.90,0.0252,true,1,65751
7290012645174,false,גבינת עיזים 5%,,,גבינת עיזים 5%,גרמים,200.00,100 גרם,false,,12.90,0.0645,true,1,120525
7290012645181,false,לאבנה עיזים 5%,,,לאבנה עיזים 5%,גרמים,200.00,100 גרם,false,,12.90,0.0645,true,1,97976
7290012645280,false,יוגורט יווני מחלב כב,,,יוגורט יווני מחלב כב,גרמים,150.00,100 גרם,false,,5.30,0.0353,true,1,32078
7290012645297,false,יוגורט מחלב עיזים,,,יוגורט מחלב עיזים,גרמים,150.00,100 גרם,false,,5.30,0.0353,true,1,32079
7290012645389,false,יוגורט עיזים טבעי 1,,,יוגורט עיזים טבעי 1,ליטרים,1.00,ליטר,false,,21.90,21.9000,true,1,22002
7290012668296,false,אנט ברטה- מעדן תות,,,אנט ברטה- מעדן תות,גרמים,284.00,100 גרם,false,,13.90,0.0489,true,1,64704
7290012668302,false,ברטה- מעדן מנדרינה ת,,,ברטה- מעדן מנדרינה ת,גרמים,284.00,100 גרם,false,,13.90,0.0489,true,1,73773
7290012668319,false,אנט ברטה- מעדן דומדו,,,אנט ברטה- מעדן דומדו,גרמים,284.00,100 גרם,false,,13.90,0.0489,true,1,70080
7290012668456,false,אנט ברטה- מעדן דובדב,,,אנט ברטה- מעדן דובדב,גרמים,284.00,100 גרם,false,,13.90,0.0489,true,1,64706
7290012668616,false,אנט ברטה- מעדן פירות,,,אנט ברטה- מעדן פירות,גרמים,284.00,100 גרם,false,,13.90,0.0489,true,1,64707
7290012668630,false,אנט ברטה- מעדן משמש,,,אנט ברטה- מעדן משמש,גרמים,284.00,100 גרם,false,,13.90,0.0489,true,1,64708
7290012697081,false,סוכרזית מהטבע סטיווי,עלית,,סוכרזית מהטבע סטיווי,גרמים,100.00,100 גרם,false,,30.90,0.3090,true,1,19754
7290012724817,false,נענע בשקית,מרינה,,נענע בשקית,יחידה,0.00,יחידה,false,,3.90,0.0000,true,1,76042
7290012724831,false,כוסברה בשקית,מרינה,,כוסברה בשקית,יחידה,0.00,יחידה,false,,3.90,0.0000,true,1,76044
7290012724848,false,פטרוזליה בשקית,מרינה,,פטרוזליה בשקית,יחידה,0.00,יחידה,false,,3.90,0.0000,true,1,76045
7290012759017,false,ממה-חטיף אנרגיה קשיו,,,ממה-חטיף אנרגיה קשיו,גרמים,50.00,100 גרם,false,,7.50,0.1500,true,1,19911
7290012759024,false,ממה-חטיף אנרגיה חמוצ,,,ממה-חטיף אנרגיה חמוצ,גרמים,50.00,100 גרם,false,,7.50,0.1500,true,1,19912
7290012759253,false,טרפלס תמרים וקקאו,,,טרפלס תמרים וקקאו,יחידה,0.00,יחידה,false,,31.90,0.0000,true,1,26256
7290012759529,false,טראפלס טחינה ושקדים,,,טראפלס טחינה ושקדים,גרמים,280.00,100 גרם,false,,32.90,0.1175,true,1,68259
7290012759659,false,עוגת בראוניז תמר שוק,,,עוגת בראוניז תמר שוק,גרמים,240.00,100 גרם,false,,24.90,0.1037,true,1,77657
7290012759673,false,עוגיות בראוניז חמאת,,,עוגיות בראוניז חמאת,גרמים,240.00,100 גרם,false,,24.90,0.1037,true,1,77023
7290012759727,false,חטיף בראוניז 50 גר',,,חטיף בראוניז 50 גר',גרמים,50.00,100 גרם,false,,7.90,0.1580,true,1,78653
7290012759734,false,חטיף בראוניז 40 גר',,,חטיף בראוניז 40 גר',גרמים,40.00,100 גרם,false,,7.90,0.1975,true,1,78654
7290012759789,false,טראפלס שוקולד פקאן,,,טראפלס שוקולד פקאן,גרמים,280.00,100 גרם,false,,31.90,0.1139,true,1,88571
7290012759949,false,חטיף אישי חלבון תמר,,,חטיף אישי חלבון תמר,גרמים,50.00,100 גרם,false,,9.90,0.1980,true,1,86026
7290012759956,false,חטיף אישי חלבון תמר,,,חטיף אישי חלבון תמר,גרמים,50.00,100 גרם,false,,9.90,0.1980,true,1,86027
7290012803055,false,מרמולייט סוכרלוז 100,מרמולייט,,מרמולייט סוכרלוז 100,גרמים,100.00,100 גרם,false,,22.90,0.2290,true,1,3460
7290012803321,false,מרמולייט סוכרלוז 200,מרמולייט,,מרמולייט סוכרלוז 200,גרמים,200.00,100 גרם,false,,36.90,0.1845,true,1,10886
7290012803451,false,טוסו שוקולד מריר מעו,,,טוסו שוקולד מריר מעו,גרמים,100.00,100 גרם,false,,12.90,0.1290,true,1,28531
7290012803604,false,מואי-עוגיות עם קרם ט,מואי,,מואי-עוגיות עם קרם ט,גרמים,180.00,100 גרם,false,,14.90,0.0828,true,1,3469
7290012803765,false,טוסו שוקולד מריר 100,,,טוסו שוקולד מריר 100,גרמים,100.00,100 גרם,false,,12.90,0.1290,true,1,20724
7290012803789,false,טוסו שוקולד מריר עם,,,טוסו שוקולד מריר עם,גרמים,100.00,100 גרם,false,,12.90,0.1290,true,1,20727
7290012803796,false,טוסו שוקולד חלב עם א,,,טוסו שוקולד חלב עם א,גרמים,100.00,100 גרם,false,,12.90,0.1290,true,1,20728
7290012823374,false,מגבונים אנטי קאלק,סנו,,מגבונים אנטי קאלק,יחידה,0.00,יחידה,false,,12.90,0.0000,true,1,16526
7290012823381,false,מרכך מרוכז סנסיטיב 1,סנו,,מרכך מרוכז סנסיטיב 1,ליטרים,1.00,ליטר,false,,16.90,16.9000,true,1,3563
7290012823398,false,ריצפז מטליות לחות לנ,סנו ריצפז,,ריצפז מטליות לחות לנ,יחידה,0.00,יחידה,false,,12.90,0.0000,true,1,70337
7290012823428,false,מגבונים רביעיות לא מ,סנו,,מגבונים רביעיות לא מ,יחידה,0.00,יחידה,false,,18.90,0.0000,false,1,10920
7290012823541,false,מטליות ריצפז פרש,סנו ריצפז,,מטליות ריצפז פרש,יחידה,0.00,יחידה,false,,12.90,0.0000,true,1,3565
7290012823558,false,מטליות לחות לריצפה ס,סנו סושי,,מטליות לחות לריצפה ס,יחידה,0.00,יחידה,false,,11.90,0.0000,false,1,3566
7290012823565,false,מטלית פוליוקס פרקט,סנו פוליויקס,,מטלית פוליוקס פרקט,יחידה,0.00,יחידה,false,,14.90,0.0000,true,1,16528
7290012823589,false,ריצפז לימון 2 ליטר,סנו ריצפז,,ריצפז לימון 2 ליטר,ליטרים,2.00,ליטר,false,,17.90,8.9500,false,1,3567
7290012823602,false,נייר טואלט סופט סילק,סנו סופט,,נייר טואלט סופט סילק,גרמים,1950.00,100 גרם,false,,32.90,0.0169,false,1,3568
7290012823657,false,מילוי רסס כבס 750מל,סנו,,מילוי רסס כבס 750מל,מיליליטרים,750.00,"100 מ""ל",false,,9.90,0.0132,true,1,16530
7290012823923,false,מרכך כביסה מרוכז פרפ,סנו,,מרכך כביסה מרוכז פרפ,מיליליטרים,750.00,"100 מ""ל",false,,16.90,0.0225,true,1,16541
7290012871054,false,דגן-חיטה מלאה תפוחה,,,דגן-חיטה מלאה תפוחה,גרמים,220.00,100 גרם,false,,6.50,0.0295,true,1,61212
7290012871061,false,דגן תירס פופ מתוק 15,מפעלי דגן,,דגן תירס פופ מתוק 15,גרמים,150.00,100 גרם,false,,6.50,0.0433,true,1,60457
7290012871382,false,דגן שלווה מלאה תפוחה,,,דגן שלווה מלאה תפוחה,גרמים,150.00,100 גרם,false,,6.90,0.0460,true,1,79180
7290012871436,false,דגן 5 דגנים מלאים דב,מפעלי דגן,,דגן 5 דגנים מלאים דב,גרמים,220.00,100 גרם,false,,8.90,0.0405,true,1,60458
7290012884986,false,צ'יפס לתנור 4% שומן,תפוגן,,צ'יפס לתנור 4% שומן,קילוגרמים,1.50,"ק""ג",false,,24.90,16.6000,true,1,26250
7290012901355,false,פסטה גבינה לבן,,,פסטה גבינה לבן,גרמים,206.00,100 גרם,false,,10.90,0.0529,true,1,34437
7290012911088,false,רוטב סויה בהירה 500מ,,,רוטב סויה בהירה 500מ,יחידה,500.00,יחידה,false,,11.50,0.0230,true,1,8922
7290012911156,false,רוטב טריאקי שומשום,,,רוטב טריאקי שומשום,יחידה,300.00,יחידה,false,,11.00,0.0367,true,1,8925
7290012911170,false,מיסו כהה,,,מיסו כהה,גרמים,500.00,100 גרם,false,,10.90,0.0218,true,1,1881
7290012911187,false,מיסו בהיר,,,מיסו בהיר,גרמים,500.00,100 גרם,false,,10.90,0.0218,true,1,1882
7290012911262,false,"מירין 500 מ""ל",,,"מירין 500 מ""ל",יחידה,500.00,יחידה,false,,17.90,0.0358,true,1,1883
7290012911415,false,ממרח קארי ירוק 400גר,,,ממרח קארי ירוק 400גר,גרמים,400.00,100 גרם,false,,17.90,0.0447,true,1,1884
7290012911422,false,ממרח קארי אדום 400גר,,,ממרח קארי אדום 400גר,גרמים,400.00,100 גרם,false,,17.90,0.0447,true,1,1885
7290012911439,false,ממרח קארי צהוב 400גר,,,ממרח קארי צהוב 400גר,גרמים,400.00,100 גרם,false,,17.90,0.0447,true,1,1886
7290012911477,false,"קרם קוקוס 400 מ""ל",,,"קרם קוקוס 400 מ""ל",יחידה,400.00,יחידה,false,,7.90,0.0198,true,1,8929
7290012911583,false,קנפיו רצועות דלעת כב,מזרח ומערב,,קנפיו רצועות דלעת כב,גרמים,100.00,100 גרם,false,,8.90,0.0890,true,1,1891
7290012911613,false,רצועות צנון יפני כבו,מזרח ומערב,,רצועות צנון יפני כבו,גרמים,100.00,100 גרם,false,,8.90,0.0890,true,1,65196
7290012911644,false,סריראג'ה-צ'ילי חריף,,,סריראג'ה-צ'ילי חריף,גרמים,435.00,100 גרם,false,,23.90,0.0549,true,1,8930
7290012911675,false,פטריות שטאקה 85 גר',,,פטריות שטאקה 85 גר',גרמים,85.00,100 גרם,false,,17.90,0.2106,true,1,19769
7290012911729,false,ג'נג'ר ורוד לסושי 25,,,ג'נג'ר ורוד לסושי 25,גרמים,250.00,100 גרם,false,,7.90,0.0316,true,1,23153
7290012911804,false,"שמן שומשום 150מ""ל",,,"שמן שומשום 150מ""ל",יחידה,150.00,יחידה,false,,13.90,0.0927,true,1,8931
7290012911941,false,רוטב צ'ילי מתוק 700מ,,,רוטב צ'ילי מתוק 700מ,מיליליטרים,700.00,"100 מ""ל",false,,14.00,0.0200,true,1,24470
7290012911965,false,ג'ינג'ר לסושי ללא צב,,,ג'ינג'ר לסושי ללא צב,גרמים,150.00,100 גרם,false,,7.90,0.0527,true,1,26234
7290012921025,false,בירה מלכה,,,בירה מלכה,מיליליטרים,330.00,"100 מ""ל",false,,13.90,0.0421,true,1,33817
7290012921032,false,מלכה אדמונית בירה,,,מלכה אדמונית בירה,מיליליטרים,330.00,"100 מ""ל",false,,13.90,0.0421,true,1,33818
7290012921049,false,בירה מלכה כהה,,,בירה מלכה כהה,מיליליטרים,330.00,"100 מ""ל",false,,13.90,0.0421,true,1,33823
7290012921056,false,בירה מלכה חיטה,,,בירה מלכה חיטה,מיליליטרים,330.00,"100 מ""ל",false,,13.90,0.0421,true,1,33820
7290012921063,false,בירה מלכה הינדי,,,בירה מלכה הינדי,יחידה,0.00,יחידה,false,,13.90,0.0000,true,1,34273
7290012938580,false,סנסודיין הלבנה עדינה,סנסודיין,,סנסודיין הלבנה עדינה,מיליליטרים,75.00,"100 מ""ל",false,,21.90,0.2920,true,1,17954
7290012938740,false,"סנסודיין מנטה 75 מ""ל",סנסודיין,,"סנסודיין מנטה 75 מ""ל",מיליליטרים,75.00,"100 מ""ל",false,,21.90,0.2920,true,1,22255
7290012938924,false,אקווה פרש מי פה 500,אקווה פרש,,אקווה פרש מי פה 500,מיליליטרים,500.00,"100 מ""ל",false,,19.90,0.0398,true,1,23068
7290012982873,false,פילה אמנון 7-9,,,פילה אמנון 7-9,קילוגרמים,1.00,"ק""ג",true,,24.90,24.9000,false,1,33606
7290012983153,false,סילאן טבעי לחיץ 400,,,סילאן טבעי לחיץ 400,גרמים,400.00,100 גרם,false,,15.90,0.0398,true,1,30549
7290012983160,false,סילאן לחיץ 400 גרם,,,סילאן לחיץ 400 גרם,גרמים,400.00,100 גרם,false,,11.50,0.0288,true,1,59712
7290012996610,false,טבליות אסלה יעקבי,יעקובי,,טבליות אסלה יעקבי,גרמים,400.00,100 גרם,false,,12.90,0.0323,true,1,15026
7290012996672,false,סבון אסלה+בושם,יעקובי,,סבון אסלה+בושם,יחידה,80.00,יחידה,false,,9.90,0.1238,true,1,15031
7290012996702,false,שקיות בד רחניות לבגד,יעקובי,,שקיות בד רחניות לבגד,יחידה,0.00,יחידה,false,,10.90,0.0000,true,1,15034
7290013027399,false,לחם אנג'ל 100 בתוספת,אנג'ל,,לחם אנג'ל 100 בתוספת,גרמים,750.00,100 גרם,false,,15.90,0.0212,true,1,610
7290013038432,false,מים אקווה נובה 2ל,אקווה נובה,,מים אקווה נובה 2ל,ליטרים,2.00,ליטר,false,,3.30,1.6500,true,1,11542
7290013083661,false,מטרנה אקסטרה קר שלב,מטרנה,,מטרנה אקסטרה קר שלב,גרמים,700.00,100 גרם,false,,59.90,0.0856,false,1,6223
7290013083678,false,מטרנה אקסטרה קר שלב,מטרנה,,מטרנה אקסטרה קר שלב,גרמים,700.00,100 גרם,false,,59.90,0.0856,false,1,6224
7290013083685,false,מטרנה אקסטרה קר שלב,מטרנה,,מטרנה אקסטרה קר שלב,גרמים,700.00,100 גרם,false,,59.90,0.0856,false,1,6225
7290013117212,false,בורקס פילו מילוי גבי,מעדנות,,בורקס פילו מילוי גבי,גרמים,600.00,100 גרם,false,,19.90,0.0332,false,1,8459
7290013117229,false,"בורקס פילו מילוי תפ""",מעדנות,,"בורקס פילו מילוי תפ""",גרמים,600.00,100 גרם,false,,19.90,0.0332,false,1,8460
7290013117236,false,בורקס פילו פיצה מעדנ,מעדנות,,בורקס פילו פיצה מעדנ,גרמים,600.00,100 גרם,false,,19.90,0.0332,false,1,1018
7290013117243,false,בורקס פילו בולגרית מ,מעדנות,,בורקס פילו בולגרית מ,גרמים,600.00,100 גרם,false,,19.90,0.0332,false,1,1019
7290013117410,false,בצק פריך מתוק מעדנות,מעדנות,,בצק פריך מתוק מעדנות,גרמים,900.00,100 גרם,false,,21.90,0.0243,false,1,1020
7290013117427,false,בצק פריך מלוח מעדנות,מעדנות,,בצק פריך מלוח מעדנות,גרמים,900.00,100 גרם,false,,19.90,0.0221,false,1,1021
7290013117526,false,בצק שמרים למאפים מתו,מעדנות,,בצק שמרים למאפים מתו,גרמים,900.00,100 גרם,false,,19.90,0.0221,false,1,1022
7290013121028,false,לחם לבן ללא גלוטן גר,,,לחם לבן ללא גלוטן גר,יחידה,0.00,יחידה,false,,17.90,0.0000,true,1,25621
7290013121035,false,גרין ליין-לחם פשתן,,,גרין ליין-לחם פשתן,גרמים,500.00,100 גרם,false,,19.90,0.0398,true,1,25688
7290013121042,false,גרין לייט-לחם איטלקי,,,גרין לייט-לחם איטלקי,גרמים,500.00,100 גרם,false,,19.90,0.0398,true,1,28019
7290013121103,false,רביעיית שליש בגט ללא,,,רביעיית שליש בגט ללא,יחידה,0.00,יחידה,false,,17.90,0.0000,true,1,25622
7290013121110,false,גרין לייט-לחמניות בו,,,גרין לייט-לחמניות בו,גרמים,350.00,100 גרם,false,,15.90,0.0454,true,1,28020
7290013121127,false,לחמניות מיני ללא גלו,,,לחמניות מיני ללא גלו,יחידה,0.00,יחידה,false,,17.90,0.0000,true,1,25623
7290013121134,false,גרין ליין-בייגל אמרי,,,גרין ליין-בייגל אמרי,יחידה,0.00,יחידה,false,,19.90,0.0000,true,1,33554
7290013121158,false,גרין ליין-לחמניות רב,,,גרין ליין-לחמניות רב,גרמים,460.00,100 גרם,false,,17.90,0.0389,true,1,25689
7290013121165,false,שישיות לחמניות נקניק,,,שישיות לחמניות נקניק,יחידה,0.00,יחידה,false,,17.90,0.0000,true,1,25624
7290013121684,false,כדורי שוקולד,,,כדורי שוקולד,גרמים,500.00,100 גרם,false,,23.90,0.0478,true,1,28264
7290013121691,false,שלישיית לאפות גרין ל,,,שלישיית לאפות גרין ל,יחידה,0.00,יחידה,false,,15.90,0.0000,true,1,76378
7290013121752,false,לחם לבן ביתי ללא גלו,,,לחם לבן ביתי ללא גלו,גרמים,500.00,100 גרם,false,,21.90,0.0438,true,1,30571
7290013121769,false,גרין ליין-לחמניות רב,,,גרין ליין-לחמניות רב,גרמים,400.00,100 גרם,false,,17.90,0.0447,true,1,34295
7290013121776,false,לחם כפרי ללא גלוטן ג,,,לחם כפרי ללא גלוטן ג,יחידה,0.00,יחידה,false,,21.90,0.0000,true,1,25629
7290013125279,false,מגבוני נייר טואלט לח,,,מגבוני נייר טואלט לח,יחידה,0.00,יחידה,false,,6.90,0.0000,true,1,4198
7290013151322,false,סרדינים במי מלח,,,סרדינים במי מלח,גרמים,125.00,100 גרם,false,,4.90,0.0392,true,1,28746
7290013151636,false,פילה סרדין בשמן זית,סטאר פוד,,פילה סרדין בשמן זית,גרמים,90.00,100 גרם,false,,9.90,0.1100,true,1,64367
7290013153579,false,פריגת אפרסק קפוא 350,פריגת,,פריגת אפרסק קפוא 350,גרמים,350.00,100 גרם,false,,12.90,0.0369,true,1,68666
7290013185006,false,לחם בריאות משהו משהו,,,לחם בריאות משהו משהו,גרמים,700.00,100 גרם,false,,13.90,0.0199,true,1,84583
7290013185914,false,לחם בריאות מחמצת כוס,,,לחם בריאות מחמצת כוס,גרמים,600.00,100 גרם,false,,16.90,0.0282,true,1,117790
7290013267665,false,מאגדת מיני סולרו פיר,שטראוס,,מאגדת מיני סולרו פיר,גרמים,354.00,100 גרם,false,,25.90,0.0732,true,1,19761
7290013268204,false,מגבונים לניקוי וחיטו,סנו סנובון,,מגבונים לניקוי וחיטו,יחידה,0.00,יחידה,false,,9.90,0.0000,true,1,73671
7290013268242,false,ריצפז פרש הום מלון מ,סנו ריצפז,,ריצפז פרש הום מלון מ,ליטרים,2.00,ליטר,false,,21.90,10.9500,false,1,81058
7290013268884,false,ריצפז פרש מאסק 2 ל',סנו ריצפז,,ריצפז פרש מאסק 2 ל',ליטרים,2.00,ליטר,false,,17.90,8.9500,false,1,3598
7290013268891,false,ג'ל אוקסיג'ן 3 ליטר,סנו אוקסיג'ן,,ג'ל אוקסיג'ן 3 ליטר,ליטרים,3.00,ליטר,false,,29.90,9.9667,true,1,3599
7290013268907,false,ג'ל כביסה ביו 3 ליטר,,,ג'ל כביסה ביו 3 ליטר,ליטרים,3.00,ליטר,false,,31.90,10.6333,true,1,3600
7290013268914,false,ג'ל כביסה 3 ליטר סמא,סנו,,ג'ל כביסה 3 ליטר סמא,ליטרים,3.00,ליטר,false,,31.90,10.6333,true,1,70742
7290013268938,false,סנובון שלישייה מאסק,סנו סנובון,,סנובון שלישייה מאסק,יחידה,0.00,יחידה,false,,12.90,0.0000,true,1,16569
7290013268983,false,מרכך מרוכז 1 ליטר JO,סנו מקסימה,,מרכך מרוכז 1 ליטר JO,ליטרים,1.00,ליטר,false,,16.90,16.9000,false,1,90025
7290013268990,false,מרכך מרוכז מקסימה 1,סנו מקסימה,,מרכך מרוכז מקסימה 1,ליטרים,1.00,ליטר,false,,16.90,16.9000,true,1,16570
7290013269003,false,מרכך מרוכז מקסימה בי,סנו מקסימה,,מרכך מרוכז מקסימה בי,ליטרים,1.00,ליטר,false,,18.90,18.9000,true,1,16571
7290013269096,false,מטליות לניקוי עור,,,מטליות לניקוי עור,יחידה,0.00,יחידה,false,,14.90,0.0000,true,1,27827
7290013269157,false,מקסימה למייבש לבנדר,סנו,,מקסימה למייבש לבנדר,מיליליטרים,750.00,"100 מ""ל",false,,19.90,0.0265,true,1,16577
7290013269263,false,ג'ל כביסה קריסטל 3 ל,סנו,,ג'ל כביסה קריסטל 3 ל,ליטרים,3.00,ליטר,false,,31.90,10.6333,true,1,3603
7290013269287,false,ג'ל כביסה מאסק 3 ליט,,,ג'ל כביסה מאסק 3 ליט,ליטרים,3.00,ליטר,false,,31.90,10.6333,true,1,19959
7290013269621,false,ריצפז פרש הום בניחוח,סנו ריצפז,,ריצפז פרש הום בניחוח,ליטרים,2.00,ליטר,false,,21.90,10.9500,false,1,75531
7290013269638,false,ספוג הפלא EXTRA,סנו סושי,,ספוג הפלא EXTRA,יחידה,0.00,יחידה,false,,12.90,0.0000,true,1,25392
7290013269645,false,מטליות רצפז פרש,סנו ריצפז,,מטליות רצפז פרש,יחידה,0.00,יחידה,false,,12.90,0.0000,true,1,26556
7290013269669,false,ריצפז פנטזיה 3 ליטר,סנו ריצפז,,ריצפז פנטזיה 3 ליטר,ליטרים,3.00,ליטר,false,,12.90,4.3000,true,1,21375
7290013269751,false,ריצפז מטליות לחות לנ,סנו,,ריצפז מטליות לחות לנ,יחידה,0.00,יחידה,false,,12.90,0.0000,true,1,76009
7290013269867,false,סושי זוג מפות אירוח,סנו סושי,,סושי זוג מפות אירוח,יחידה,0.00,יחידה,false,,9.90,0.0000,true,1,3606
7290013269942,false,K פירטרום מעופפים,סנו,,K פירטרום מעופפים,יחידה,0.00,יחידה,false,,22.90,0.0000,true,1,21042
7290013276124,false,נגב אמבר אייל בירה,,,נגב אמבר אייל בירה,מיליליטרים,330.00,"100 מ""ל",false,,13.90,0.0421,true,1,60995
7290013358356,false,מנה פירורי לחם מוזהב,,,מנה פירורי לחם מוזהב,גרמים,350.00,100 גרם,false,,6.90,0.0197,true,1,21578
7290013358363,false,פירורי לחם פנקו מוזה,,,פירורי לחם פנקו מוזה,גרמים,300.00,100 גרם,false,,9.90,0.0330,true,1,21579
7290013358417,false,רוטב טריאקי מנה,,,רוטב טריאקי מנה,מיליליטרים,300.00,"100 מ""ל",false,,9.90,0.0330,true,1,58810
7290013358431,false,מנה קרוטונים לסלט בת,,,מנה קרוטונים לסלט בת,גרמים,200.00,100 גרם,false,,12.90,0.0645,true,1,27502
7290013358486,false,פירורי לחם מנה ללא ב,מנה,,פירורי לחם מנה ללא ב,גרמים,300.00,100 גרם,false,,7.90,0.0263,true,1,32876
7290013358493,false,קרם קוקוס פחית מאסטר,,,קרם קוקוס פחית מאסטר,מיליליטרים,400.00,"100 מ""ל",false,,8.90,0.0223,true,1,58747
7290013358523,false,שבבי בצל מנה,מנה,,שבבי בצל מנה,גרמים,150.00,100 גרם,false,,12.90,0.0860,true,1,32520
7290013358530,false,רוטב צ'ילי מתוק מנה,,,רוטב צ'ילי מתוק מנה,מיליליטרים,700.00,"100 מ""ל",false,,12.90,0.0184,true,1,58666
7290013358547,false,רוטב צ'ילי חריף מנה,,,רוטב צ'ילי חריף מנה,מיליליטרים,700.00,"100 מ""ל",false,,12.90,0.0184,true,1,58748
7290013358578,false,איטריות אורז רחבות מ,,,איטריות אורז רחבות מ,גרמים,400.00,100 גרם,false,,7.90,0.0198,true,1,58749
7290013358585,false,נודלס ביצים להקפצה מ,,,נודלס ביצים להקפצה מ,גרמים,400.00,100 גרם,false,,7.90,0.0198,true,1,59103
7290013358806,false,מאגדת פרכיות עם מלח,,,מאגדת פרכיות עם מלח,גרמים,264.00,100 גרם,false,,12.90,0.0489,true,1,28355
7290013361998,false,"סטייק צ'יפס 2 ק""ג פר",פרי הגליל,,"סטייק צ'יפס 2 ק""ג פר",קילוגרמים,2.00,"ק""ג",false,,21.90,10.9500,true,1,31160
7290013366085,false,תירס מקולף מתוק במיו,כרמל יבולים,,תירס מקולף מתוק במיו,יחידה,0.00,יחידה,false,,19.90,0.0000,true,1,59901
7290013366108,false,אספרגוס 400 גר' כרמל,כרמל יבולים,,אספרגוס 400 גר' כרמל,גרמים,400.00,100 גרם,false,,32.90,0.0822,true,1,75889
7290013366153,false,ברוקומיני 300 גר',,,ברוקומיני 300 גר',גרמים,300.00,100 גרם,false,,22.90,0.0763,true,1,83904
7290013366221,false,נבטי חמניה,,,נבטי חמניה,יחידה,0.00,יחידה,false,,9.50,0.0000,true,1,19010
7290013366252,false,נבטוטי קטניות כרמל י,,,נבטוטי קטניות כרמל י,יחידה,0.00,יחידה,false,,8.90,0.0000,true,1,19013
7290013366276,false,תערובת נבטים כרמל יב,,,תערובת נבטים כרמל יב,יחידה,0.00,יחידה,false,,13.90,0.0000,true,1,28220
7290013366634,false,חסה SALANOVA,,,חסה SALANOVA,יחידה,0.00,יחידה,false,,12.90,0.0000,true,1,2376
7290013366641,false,רוקלה כרמל יבולים,,,רוקלה כרמל יבולים,יחידה,0.00,יחידה,false,,12.90,0.0000,true,1,19025
7290013366665,false,חסה גמביט,,,חסה גמביט,יחידה,0.00,יחידה,false,,12.90,0.0000,true,1,116760
7290013366719,false,פאק צ'וי כרמל יבולם,,,פאק צ'וי כרמל יבולם,יחידה,0.00,יחידה,false,,12.90,0.0000,true,1,33515
7290013366986,false,ביצי חופש 18 יח' L,,,ביצי חופש 18 יח' L,יחידה,0.00,יחידה,false,,26.90,0.0000,false,1,122026
7290013381088,false,עמבה הודית,,,עמבה הודית,גרמים,500.00,100 גרם,false,,9.40,0.0188,true,1,83198
7290013381903,false,טורטיות גדול מקמח חי,,,טורטיות גדול מקמח חי,יחידה,0.00,יחידה,false,,10.00,0.0000,true,1,32248
7290013412966,false,מגבונים רביעייה טולי,,,מגבונים רביעייה טולי,יחידה,0.00,יחידה,false,,10.00,0.0000,true,1,25052
7290013430083,false,אלכסנדר-BLOND בירה,,,אלכסנדר-BLOND בירה,מיליליטרים,330.00,"100 מ""ל",false,,12.90,0.0391,true,1,20011
7290013430090,false,אלכסנדר-AMBREE בירה,,,אלכסנדר-AMBREE בירה,מיליליטרים,330.00,"100 מ""ל",false,,12.90,0.0391,true,1,20012
7290013430250,false,בירה אלכסנדר חיטה יש,,,בירה אלכסנדר חיטה יש,מיליליטרים,330.00,"100 מ""ל",false,,12.90,0.0391,true,1,72876
7290013430304,false,בירה אלכסנדר גרין,,,בירה אלכסנדר גרין,מיליליטרים,330.00,"100 מ""ל",false,,12.90,0.0391,true,1,20891
7290013440648,false,מאגדת קרחוני אבטיח 5,נסטלה גלידות,,מאגדת קרחוני אבטיח 5,גרמים,540.00,100 גרם,false,,22.90,0.0424,true,1,19779
7290013442062,false,יוגורט עדין קטיפתי,מוטק'ה החולב,,יוגורט עדין קטיפתי,מיליליטרים,650.00,"100 מ""ל",false,,21.00,0.0323,false,1,13231
7290013442178,false,גבינת פטה בסגנון יוו,מוטק'ה החולב,,גבינת פטה בסגנון יוו,גרמים,250.00,100 גרם,false,,31.90,0.1276,false,1,24561
7290013442246,false,לבנה 9% מוטקה החולב,,,לבנה 9% מוטקה החולב,גרמים,280.00,100 גרם,false,,17.90,0.0639,false,1,119993
7290013442253,false,צפתית 16% מוטקה חולב,מוטק'ה החולב,,צפתית 16% מוטקה חולב,גרמים,250.00,100 גרם,false,,22.90,0.0916,false,1,119994
7290013442260,false,צפתית קצח 16% מוטקה,מוטק'ה החולב,,צפתית קצח 16% מוטקה,גרמים,250.00,100 גרם,false,,22.90,0.0916,false,1,119995
7290013442277,false,פטה 26%  מוטקה החולב,מוטק'ה החולב,,פטה 26%  מוטקה החולב,גרמים,250.00,100 גרם,false,,31.90,0.1276,false,1,119996
7290013442284,false,ברי 22% מוטקה החולב,מוטק'ה החולב,,ברי 22% מוטקה החולב,גרמים,140.00,100 גרם,false,,25.90,0.1850,true,1,119997
7290013442291,false,קממבר 22% מוטקה החול,,,קממבר 22% מוטקה החול,גרמים,140.00,100 גרם,false,,25.90,0.1850,false,1,119998
7290013442307,false,קממבר פקאן 23% מוטקה,מוטק'ה החולב,,קממבר פקאן 23% מוטקה,גרמים,140.00,100 גרם,false,,25.90,0.1850,false,1,119999
7290013442314,false,סנט מור 22% מוטקה הח,,,סנט מור 22% מוטקה הח,גרמים,150.00,100 גרם,false,,28.90,0.1927,false,1,120000
7290013442321,false,כבשה צהובה 27% מוטקה,מוטק'ה החולב,,כבשה צהובה 27% מוטקה,גרמים,150.00,100 גרם,false,,25.90,0.1727,false,1,120001
7290013442338,false,כבשה חרדלתי 27% מוטק,מוטק'ה החולב,,כבשה חרדלתי 27% מוטק,גרמים,150.00,100 גרם,false,,25.90,0.1727,false,1,120002
7290013442345,false,ארוטן כמהין 23% מוטק,מוטק'ה החולב,,ארוטן כמהין 23% מוטק,גרמים,150.00,100 גרם,false,,29.90,0.1993,false,1,120003
7290013453068,false,עוגיות כוסמין ופירות,,,עוגיות כוסמין ופירות,גרמים,240.00,100 גרם,false,,22.90,0.0954,true,1,23881
7290013453075,false,עוגיות שיבולת שועל ט,,,עוגיות שיבולת שועל ט,גרמים,270.00,100 גרם,false,,22.90,0.0848,true,1,22185
7290013453082,false,עוגיות גרנולה ושוקול,,,עוגיות גרנולה ושוקול,גרמים,230.00,100 גרם,false,,22.90,0.0996,true,1,22186
7290013453112,false,עוגיות ריבועי גרנולה,,,עוגיות ריבועי גרנולה,גרמים,250.00,100 גרם,false,,22.90,0.0916,true,1,22187
7290013453143,false,עוגיות טחינה ואגוזי,,,עוגיות טחינה ואגוזי,גרמים,270.00,100 גרם,false,,22.90,0.0848,true,1,22189
7290013453174,false,קריספי'ס קרקרים אגוז,,,קריספי'ס קרקרים אגוז,גרמים,170.00,100 גרם,false,,24.90,0.1465,true,1,22200
7290013453181,false,קריספי'ס קרקרים שקדי,,,קריספי'ס קרקרים שקדי,גרמים,170.00,100 גרם,false,,24.90,0.1465,true,1,22201
7290013453259,false,עוגיות חטיפי חמאת קו,,,עוגיות חטיפי חמאת קו,גרמים,230.00,100 גרם,false,,22.90,0.0996,true,1,32534
7290013453266,false,מקלוני כוסמין קצח,,,מקלוני כוסמין קצח,יחידה,0.00,יחידה,false,,19.90,0.0000,true,1,70307
7290013453617,false,עוגיות ביסקוטי שקדים,,,עוגיות ביסקוטי שקדים,גרמים,200.00,100 גרם,false,,24.90,0.1245,true,1,85251
7290013453624,false,עוגיות שוקולד צ'יפס,,,עוגיות שוקולד צ'יפס,יחידה,0.00,יחידה,false,,24.90,0.0000,true,1,77636
7290013453631,false,עוגיות כדורי חמאת בו,,,עוגיות כדורי חמאת בו,יחידה,0.00,יחידה,false,,24.90,0.0000,true,1,77637
7290013453648,false,עוגיות פירות יער ללא,,,עוגיות פירות יער ללא,יחידה,0.00,יחידה,false,,24.90,0.0000,true,1,77638
7290013453655,false,עוגיות קוקוס לוז מקמ,,,עוגיות קוקוס לוז מקמ,יחידה,0.00,יחידה,false,,24.90,0.0000,true,1,77640
7290013472199,false,ערמונים קלופים וקלוי,וילי פוד,,ערמונים קלופים וקלוי,גרמים,105.00,100 גרם,false,,5.50,0.0524,true,1,5500
7290013472892,false,KOLIOS-הבולגריה בקוב,,,KOLIOS-הבולגריה בקוב,גרמים,200.00,100 גרם,false,,12.90,0.0645,true,1,24138
7290013493002,false,בירה בזלת פילזנר,יקב רמת הגולן,,בירה בזלת פילזנר,מיליליטרים,750.00,"100 מ""ל",false,,26.00,0.0347,true,1,2000
7290013493026,false,בירה בזלת חיטה 750 מ,יקב רמת הגולן,,בירה בזלת חיטה 750 מ,מיליליטרים,750.00,"100 מ""ל",false,,29.90,0.0399,true,1,2002
7290013493033,false,בירה בזלת חיטה בק' 3,יקב רמת הגולן,,בירה בזלת חיטה בק' 3,מיליליטרים,330.00,"100 מ""ל",false,,13.90,0.0421,true,1,2003
7290013493040,false,בירה בזלת דבל בוק בק,יקב רמת הגולן,,בירה בזלת דבל בוק בק,מיליליטרים,750.00,"100 מ""ל",false,,32.00,0.0427,true,1,2004
7290013493057,false,בירה בזלת דבל בוק בק,יקב רמת הגולן,,בירה בזלת דבל בוק בק,מיליליטרים,330.00,"100 מ""ל",false,,14.90,0.0452,true,1,83303
7290013504708,false,מטאטא נצנץ+מקל,,,מטאטא נצנץ+מקל,יחידה,0.00,יחידה,false,,19.90,0.0000,true,1,32887
7290013504852,false,דלי מגבוני בד,,,דלי מגבוני בד,יחידה,0.00,יחידה,false,,19.90,0.0000,true,1,67169
7290013504869,false,דלי מטליות לחות 50'ח,,,דלי מטליות לחות 50'ח,יחידה,0.00,יחידה,false,,29.90,0.0000,true,1,68672
7290013520029,false,לחמניות שומשום כפולו,,,לחמניות שומשום כפולו,יחידה,0.00,יחידה,false,,12.50,0.0000,true,1,77962
7290013520067,false,מארז 10 לחמניות אצבע,,,מארז 10 לחמניות אצבע,גרמים,750.00,100 גרם,false,,12.90,0.0172,true,1,65613
7290013520111,false,לחמניות המבורגר שישי,,,לחמניות המבורגר שישי,גרמים,600.00,100 גרם,false,,14.90,0.0248,true,1,66748
7290013520463,false,לחם כוסמין אגמי,,,לחם כוסמין אגמי,גרמים,600.00,100 גרם,false,,16.60,0.0277,true,1,63074
7290013520470,false,לחמניות שמיניות אגמי,,,לחמניות שמיניות אגמי,יחידה,0.00,יחידה,false,,9.90,0.0000,true,1,66350
7290013520500,false,לחמניות ביס כוסמין,,,לחמניות ביס כוסמין,גרמים,400.00,100 גרם,false,,16.60,0.0415,true,1,69181
7290013520630,false,לחם מלא יום יום אגמי,,,לחם מלא יום יום אגמי,גרמים,750.00,100 גרם,false,,10.90,0.0145,true,1,67909
7290013521101,false,פטוצ'יני כוסמין תרד,השדה מוצרים טבעיים ו,,פטוצ'יני כוסמין תרד,גרמים,350.00,100 גרם,false,,18.90,0.0540,true,1,65961
7290013521385,false,רסק תפוחים אורגני,,,רסק תפוחים אורגני,גרמים,700.00,100 גרם,false,,17.50,0.0250,true,1,32547
7290013521392,false,רסק תפוחים אורגני,,,רסק תפוחים אורגני,גרמים,360.00,100 גרם,false,,12.90,0.0358,true,1,32548
7290013521491,false,קטשופ אורגני,השדה מוצרים טבעיים ו,,קטשופ אורגני,גרמים,567.00,100 גרם,false,,16.90,0.0298,true,1,65964
7290013521569,false,רסק תפוח בננה 360 גר,השדה מוצרים טבעיים ו,,רסק תפוח בננה 360 גר,גרמים,360.00,100 גרם,false,,12.90,0.0358,true,1,66529
7290013521866,false,צ'יפס אפוי פיקנטי,,,צ'יפס אפוי פיקנטי,גרמים,65.00,100 גרם,false,,10.90,0.1677,true,1,75413
7290013531117,false,רוטב פסטה לילדים יכי,יכין,,רוטב פסטה לילדים יכי,גרמים,240.00,100 גרם,false,,4.90,0.0204,true,1,11437
7290013531346,false,סירופ דיאט לימונענע,יכין,,סירופ דיאט לימונענע,ליטרים,1.00,ליטר,false,,16.90,16.9000,true,1,21808
7290013531377,false,תורמוס יכין 265 גר',יכין,,תורמוס יכין 265 גר',גרמים,265.00,100 גרם,false,,8.90,0.0336,true,1,80343
7290013531490,false,פול מתובל יכין 580 ג,יכין,,פול מתובל יכין 580 ג,גרמים,580.00,100 גרם,false,,8.50,0.0147,true,1,32073
7290013531582,false,שלישיית זיתים מגולענ,יכין,,שלישיית זיתים מגולענ,יחידה,0.00,יחידה,false,,12.90,0.0000,true,1,77074
7290013531612,false,רוטב נפוליטנה 240 גר,יכין,,רוטב נפוליטנה 240 גר,גרמים,240.00,100 גרם,false,,4.90,0.0204,true,1,60932
7290013531629,false,פומודורו 240 גר' יכי,יכין,,פומודורו 240 גר' יכי,גרמים,240.00,100 גרם,false,,4.90,0.0204,true,1,61127
7290013531759,false,שעועית לבנה מבושלת ב,יכין,,שעועית לבנה מבושלת ב,גרמים,330.00,100 גרם,false,,8.90,0.0270,true,1,58753
7290013558824,false,רוגולה / בזיליקום,,,רוגולה / בזיליקום,גרמים,100.00,100 גרם,false,,6.90,0.0690,true,1,58635
7290013558916,false,פטריות שמפניון,,,פטריות שמפניון,יחידה,0.00,יחידה,false,,8.90,0.0000,true,1,85783
7290013558930,false,פטריות צמד לבן,,,פטריות צמד לבן,יחידה,0.00,יחידה,false,,15.90,0.0000,true,1,119237
7290013558947,false,פטריות צמד זברה,,,פטריות צמד זברה,יחידה,0.00,יחידה,false,,15.90,0.0000,true,1,119238
7290013585233,false,ספרייט זירו פחית 330,קוקה קולה,,ספרייט זירו פחית 330,מיליליטרים,330.00,"100 מ""ל",false,,4.50,0.0136,true,1,58796
7290013585387,false,קוקה קולה זירו 1 ליט,קוקה קולה,,קוקה קולה זירו 1 ליט,ליטרים,1.00,ליטר,false,,6.50,6.5000,false,1,58015
7290013585394,false,קוקה קולה 1 ליטר,קוקה קולה,,קוקה קולה 1 ליטר,ליטרים,1.00,ליטר,false,,6.90,6.9000,false,1,58016
7290013585455,false,בירה ווינשטפן פטסביר,קוקה קולה,,בירה ווינשטפן פטסביר,מיליליטרים,330.00,"100 מ""ל",false,,12.90,0.0391,true,1,60124
7290013608260,false,מיץ רימונים פרימור 1,פרימור,,מיץ רימונים פרימור 1,ליטרים,1.00,ליטר,false,,22.90,22.9000,true,1,31542
7290013608864,false,משקה פירות הדר בתוספ,,,משקה פירות הדר בתוספ,ליטרים,1.00,ליטר,false,,15.90,15.9000,false,1,84839
7290013650108,false,שמן שומשום אורגני,,,שמן שומשום אורגני,מיליליטרים,500.00,"100 מ""ל",false,,42.90,0.0858,true,1,28459
7290013650153,false,תמצית וניל טהורה,,,תמצית וניל טהורה,מיליליטרים,50.00,"100 מ""ל",false,,51.90,1.0380,true,1,75721
7290013650856,false,חמאת שקד לבן ללא סוכ,,,חמאת שקד לבן ללא סוכ,גרמים,700.00,100 גרם,false,,58.90,0.0841,true,1,31184
7290013652157,false,מגבונים להסרת איפור,"ד""ר פישר",,מגבונים להסרת איפור,יחידה,0.00,יחידה,false,,24.90,0.0000,true,1,23174
7290013652164,false,מגבונים להסרת איפור,"ד""ר פישר",,מגבונים להסרת איפור,יחידה,0.00,יחידה,false,,24.90,0.0000,true,1,23175
7290013675545,false,שניצל כלי תחבורה,מאמא עוף,,שניצל כלי תחבורה,גרמים,700.00,100 גרם,false,,31.90,0.0456,true,1,73432
7290013702036,false,שוופס מים אפרסק 0.5,שוופס,,שוופס מים אפרסק 0.5,מיליליטרים,500.00,"100 מ""ל",false,,5.50,0.0110,true,1,59596
7290013702883,false,שוופס מוגז פינק למונ,שוופס,,שוופס מוגז פינק למונ,מיליליטרים,500.00,"100 מ""ל",false,,4.90,0.0098,true,1,59597
7290013713018,false,בירה  ג'מס לאגר כהה,,,בירה  ג'מס לאגר כהה,מיליליטרים,330.00,"100 מ""ל",false,,12.90,0.0391,true,1,76704
7290013713025,false,בירה  ג'מס פילס,,,בירה  ג'מס פילס,מיליליטרים,330.00,"100 מ""ל",false,,12.90,0.0391,true,1,76702
7290013713032,false,בירה  ג'מס חיטה,,,בירה  ג'מס חיטה,מיליליטרים,330.00,"100 מ""ל",false,,12.90,0.0391,true,1,76705
7290013713049,false,בירה  ג'מס בקבוק,,,בירה  ג'מס בקבוק,מיליליטרים,330.00,"100 מ""ל",false,,12.90,0.0391,true,1,76706
7290013713094,false,בירה IPA ג'מס,,,בירה IPA ג'מס,מיליליטרים,330.00,"100 מ""ל",false,,12.90,0.0391,true,1,76708
7290013725684,false,"רוטב טריאקי 300 מ""ל",,,"רוטב טריאקי 300 מ""ל",מיליליטרים,300.00,"100 מ""ל",false,,11.90,0.0397,true,1,79137
7290013725691,false,רוטב סויה סו שף,,,רוטב סויה סו שף,מיליליטרים,300.00,"100 מ""ל",false,,9.90,0.0330,true,1,77721
7290013755094,false,בן דוד גוורטרמינר אנ,,,בן דוד גוורטרמינר אנ,מיליליטרים,750.00,"100 מ""ל",false,,69.90,0.0932,true,1,119445
7290013755179,false,בן דוד מרלו קברנה סו,,,בן דוד מרלו קברנה סו,מיליליטרים,750.00,"100 מ""ל",false,,34.90,0.0465,true,1,119624
7290013760548,false,פירורי תיבול שניצל ג,,,פירורי תיבול שניצל ג,גרמים,400.00,100 גרם,false,,11.90,0.0298,true,1,64342
7290013760555,false,פירורי תיבול שניצל ק,,,פירורי תיבול שניצל ק,גרמים,400.00,100 גרם,false,,11.90,0.0298,true,1,64343
7290013760999,false,פרורי לחם מוזהבים 40,,,פרורי לחם מוזהבים 40,גרמים,400.00,100 גרם,false,,9.90,0.0248,true,1,67296
7290013771131,false,לבנה עיזים 5%,מחלבת השומרון,,לבנה עיזים 5%,גרמים,250.00,100 גרם,false,,18.00,0.0720,true,1,1853
7290013771216,false,גבינת פטאקי 250 גר',מחלבת השומרון,,גבינת פטאקי 250 גר',גרמים,250.00,100 גרם,false,,14.90,0.0596,true,1,27704
7290013771384,false,יוגורט יווני 400 גר',מחלבת השומרון,,יוגורט יווני 400 גר',גרמים,400.00,100 גרם,false,,10.90,0.0273,true,1,66122
7290013787392,false,רביולי גבינות קלאסי,,,רביולי גבינות קלאסי,גרמים,330.00,100 גרם,false,,24.90,0.0755,true,1,83137
7290013787408,false,רביולי בטטה 330 גר',,,רביולי בטטה 330 גר',גרמים,330.00,100 גרם,false,,24.90,0.0755,true,1,83138
7290013816016,false,שוקולד הולי קקאו 100,,,שוקולד הולי קקאו 100,גרמים,100.00,100 גרם,false,,18.90,0.1890,true,1,79773
7290013816245,false,שוקולד מריר 60% קקאו,,,שוקולד מריר 60% קקאו,גרמים,100.00,100 גרם,false,,18.90,0.1890,true,1,82435
7290013816443,false,שוקולד הולי קקאו 80%,,,שוקולד הולי קקאו 80%,גרמים,100.00,100 גרם,false,,18.90,0.1890,true,1,79782
7290013816658,false,70% קקאו שוקולד מריר,,,70% קקאו שוקולד מריר,גרמים,100.00,100 גרם,false,,18.90,0.1890,true,1,84483
7290013847454,false,סטארקיסט רביעיית טונ,,,סטארקיסט רביעיית טונ,גרמים,640.00,100 גרם,false,,24.90,0.0389,false,1,67714
7290013847812,false,טונה סטאר קיסט בשמן,,,טונה סטאר קיסט בשמן,גרמים,140.00,100 גרם,false,,8.90,0.0636,false,1,74498
7290013847980,false,טונה סטאר קיסט שפע 4,,,טונה סטאר קיסט שפע 4,גרמים,300.00,100 גרם,false,,17.90,0.0597,false,1,79767
7290013848017,false,"סנו נירוסטה 500 מ""ל",סנו,,"סנו נירוסטה 500 מ""ל",מיליליטרים,500.00,"100 מ""ל",false,,19.90,0.0398,true,1,74364
7290013848345,false,מטליות לחות לניקוי ש,סנו,,מטליות לחות לניקוי ש,יחידה,0.00,יחידה,false,,21.90,0.0000,true,1,77095
7290013848581,false,סנו סושי-מגבת נייר 6,,,סנו סושי-מגבת נייר 6,יחידה,0.00,יחידה,false,,11.90,0.0000,false,1,22881
7290013848611,false,רדידי אלומיניום 61 מ,סנו סושי,,רדידי אלומיניום 61 מ,יחידה,0.00,יחידה,false,,39.90,0.0000,true,1,24009
7290013848734,false,סנו פרש מכשיר אוטומט,סנו fresh,,סנו פרש מכשיר אוטומט,מיליליטרים,250.00,"100 מ""ל",false,,39.90,0.1596,true,1,70338
7290013848758,false,ג'ל כביסה בייבי 3 לי,,,ג'ל כביסה בייבי 3 לי,ליטרים,3.00,ליטר,false,,34.90,11.6333,true,1,28147
7290013861412,false,חטיף קוקוס 250גר' קו,,,חטיף קוקוס 250גר' קו,גרמים,250.00,100 גרם,false,,9.90,0.0396,true,1,79382
7290013861429,false,חטיפי שומשום 250 גרם,,,חטיפי שומשום 250 גרם,גרמים,250.00,100 גרם,false,,9.90,0.0396,true,1,62085
7290013861443,false,חטיפי בוטנים 250 גרם,,,חטיפי בוטנים 250 גרם,גרמים,250.00,100 גרם,false,,9.90,0.0396,true,1,62086
7290013883407,false,דזיטול מחטא ומשמיד ח,יעקובי,,דזיטול מחטא ומשמיד ח,מיליליטרים,750.00,"100 מ""ל",false,,12.90,0.0172,true,1,21265
7290013903327,false,טופו טבעי 500 גר',,,טופו טבעי 500 גר',גרמים,500.00,100 גרם,false,,15.90,0.0318,true,1,76674
7290013903549,false,טופו רך טבעי 300 גר',,,טופו רך טבעי 300 גר',גרמים,300.00,100 גרם,false,,13.90,0.0463,true,1,76567
7290013903594,false,"רסק תפו""ע 670 ג'",,,"רסק תפו""ע 670 ג'",גרמים,670.00,100 גרם,false,,10.90,0.0163,true,1,69966
7290013906052,false,נקניקיות פרגיות 300,טירת צבי,,נקניקיות פרגיות 300,גרמים,300.00,100 גרם,false,,11.90,0.0397,true,1,20841
7290013906205,false,פסטרמה שום וצ'ילי 40,טירת צבי,,פסטרמה שום וצ'ילי 40,גרמים,400.00,100 גרם,false,,31.90,0.0797,true,1,25899
7290013906212,false,"נקניקיות וינר 1 ק""ג",טירת צבי,,"נקניקיות וינר 1 ק""ג",קילוגרמים,1.00,"ק""ג",false,,26.90,26.9000,true,1,27092
7290013906441,false,קבנוס 120 גר' ללא גל,טירת צבי,,קבנוס 120 גר' ללא גל,גרמים,120.00,100 גרם,false,,10.90,0.0908,true,1,27664
7290013906458,false,קבנוס פיקנטי 120 גר',טירת צבי,,קבנוס פיקנטי 120 גר',גרמים,120.00,100 גרם,false,,10.90,0.0908,true,1,27665
7290013906489,false,חטיפי קבנוס 120 גר',טירת צבי,,חטיפי קבנוס 120 גר',גרמים,120.00,100 גרם,false,,10.90,0.0908,true,1,27666
7290013906496,false,פסטרמה עגל בסגנון רו,טירת צבי,,פסטרמה עגל בסגנון רו,גרמים,120.00,100 גרם,false,,15.90,0.1325,true,1,33544
7290013906519,false,פרושוטו בקר פרוס דק,טירת צבי,,פרושוטו בקר פרוס דק,גרמים,100.00,100 גרם,false,,26.90,0.2690,true,1,33545
7290013906694,false,"נקניקיות 1.5 ק""ג טיר",טירת צבי,,"נקניקיות 1.5 ק""ג טיר",קילוגרמים,1.50,"ק""ג",false,,37.90,25.2667,true,1,118919
7290013927156,false,עוגה בטעם פירות יער,אחוה,,עוגה בטעם פירות יער,גרמים,450.00,100 גרם,false,,12.90,0.0287,true,1,21274
7290013927637,false,חלוה ללא תוספת סוכר,אחוה,,חלוה ללא תוספת סוכר,גרמים,400.00,100 גרם,false,,13.90,0.0348,true,1,76489
7290013937001,false,מארז 6 ארטיק מיני טע,,,מארז 6 ארטיק מיני טע,גרמים,180.00,100 גרם,false,,22.90,0.1272,true,1,53000
7290013937025,false,מיני ארטיק תות בננה,,,מיני ארטיק תות בננה,יחידה,0.00,יחידה,false,,22.90,0.0000,true,1,20599
7290013937049,false,מיני ארטיק פירות שיש,,,מיני ארטיק פירות שיש,יחידה,0.00,יחידה,false,,22.90,0.0000,true,1,20601
7290013937063,false,שישייה ארטיקים קוקוס,,,שישייה ארטיקים קוקוס,גרמים,180.00,100 גרם,false,,22.90,0.1272,true,1,25230
7290013937070,false,ארטיקים טיבעיים,,,ארטיקים טיבעיים,יחידה,0.00,יחידה,false,,22.90,0.0000,true,1,25135
7290013937087,false,שישייה מיני ארטיק קו,,,שישייה מיני ארטיק קו,יחידה,0.00,יחידה,false,,22.90,0.0000,true,1,63177
7290013937094,false,שישייה שלגונים קוקוס,,,שישייה שלגונים קוקוס,גרמים,180.00,100 גרם,false,,22.90,0.1272,true,1,62817
7290013937971,false,מארז ארטיקים טבעיים,,,מארז ארטיקים טבעיים,גרמים,180.00,100 גרם,false,,22.90,0.1272,true,1,72412
7290013994042,false,זרעי פשתן אורגניים 3,הרדוף,,זרעי פשתן אורגניים 3,גרמים,300.00,100 גרם,false,,8.90,0.0297,true,1,61036
7290013994073,false,פוזילי מקמח כוסמין מ,הרדוף,,פוזילי מקמח כוסמין מ,גרמים,400.00,100 גרם,false,,17.90,0.0447,true,1,66392
7290013994318,false,קינואה טריקולור אורג,הרדוף,,קינואה טריקולור אורג,גרמים,500.00,100 גרם,false,,18.90,0.0378,true,1,66291
7290013994547,false,אורז בסמטי מלא 500 ג,,,אורז בסמטי מלא 500 ג,גרמים,500.00,100 גרם,false,,13.00,0.0260,true,1,58651
7290013994554,false,אורז בסמטי לבן 500 ג,הרדוף,,אורז בסמטי לבן 500 ג,גרמים,500.00,100 גרם,false,,13.00,0.0260,false,1,66029
7290013994653,false,קינואה רויאל אורגנית,הרדוף,,קינואה רויאל אורגנית,גרמים,500.00,100 גרם,false,,16.90,0.0338,true,1,66528
7290013994707,false,פופקורן אורגני 500 ג,הרדוף,,פופקורן אורגני 500 ג,גרמים,500.00,100 גרם,false,,10.90,0.0218,true,1,66390
7290014001145,false,רוטב ברביקיו שום וסי,,,רוטב ברביקיו שום וסי,גרמים,300.00,100 גרם,false,,21.90,0.0730,true,1,25537
7290014002128,false,תה ירוק לימונית ומנט,ויסוצקי,,תה ירוק לימונית ומנט,גרמים,37.50,100 גרם,false,,24.90,0.6640,false,1,23390
7290014002135,false,תה ירוק מיקס ויסוצקי,ויסוצקי,,תה ירוק מיקס ויסוצקי,יחידה,0.00,יחידה,false,,24.90,0.0000,false,1,22497
7290014002197,false,חליטת קמומיל ולימוני,ויסוצקי,,חליטת קמומיל ולימוני,יחידה,0.00,יחידה,false,,18.90,0.0000,false,1,23730
7290014002203,false,חליטת לימונית ולואיז,ויסוצקי,,חליטת לימונית ולואיז,יחידה,0.00,יחידה,false,,18.90,0.0000,false,1,23731
7290014002579,false,תה ירוק וניל ויסוצקי,ויסוצקי,,תה ירוק וניל ויסוצקי,יחידה,0.00,יחידה,false,,24.90,0.0000,false,1,27385
7290014002944,false,תה חליטת פירות וצמחי,ויסוצקי,,תה חליטת פירות וצמחי,גרמים,57.50,100 גרם,false,,18.90,0.3287,false,1,33579
7290014002982,false,תה ירוק סטיביה,ויסוצקי,,תה ירוק סטיביה,יחידה,0.00,יחידה,false,,24.90,0.0000,false,1,30069
7290014012066,false,פירורי תיבול שניצל מ,,,פירורי תיבול שניצל מ,גרמים,400.00,100 גרם,false,,11.90,0.0298,true,1,64345
7290014012288,false,פירורי תיבול שניצל י,,,פירורי תיבול שניצל י,גרמים,400.00,100 גרם,false,,11.90,0.0298,true,1,64346
7290014017061,false,קורנפלור 500 גר',,,קורנפלור 500 גר',גרמים,500.00,100 גרם,false,,9.90,0.0198,true,1,71611
7290014021501,false,חטיף פרי בננה קראנצ',,,חטיף פרי בננה קראנצ',גרמים,20.00,100 גרם,false,,7.90,0.3950,true,1,89919
7290014021518,false,חטיף פרי אננס קראנצ',,,חטיף פרי אננס קראנצ',גרמים,20.00,100 גרם,false,,7.90,0.3950,true,1,73808
7290014021525,false,חטיף פרי ליצ'י קראנצ,,,חטיף פרי ליצ'י קראנצ,גרמים,20.00,100 גרם,false,,7.90,0.3950,true,1,73809
7290014021532,false,חטיף פרי אגס קראנצ'י,,,חטיף פרי אגס קראנצ'י,גרמים,20.00,100 גרם,false,,7.90,0.3950,true,1,73810
7290014021549,false,חטיף פרי תפוח קראנצ',,,חטיף פרי תפוח קראנצ',גרמים,20.00,100 גרם,false,,7.90,0.3950,true,1,89920
7290014021648,false,חטיף פרי משמש קראנצ',,,חטיף פרי משמש קראנצ',גרמים,20.00,100 גרם,false,,7.90,0.3950,true,1,120500
7290014021716,false,חטיף פרי מנגו קראנצ',,,חטיף פרי מנגו קראנצ',גרמים,20.00,100 גרם,false,,7.90,0.3950,true,1,89921
7290014021778,false,5 קשים בטעם שוקולד,,,5 קשים בטעם שוקולד,גרמים,30.00,100 גרם,false,,4.90,0.1633,true,1,89912
7290014021785,false,5 קשים בטעם תות,,,5 קשים בטעם תות,גרמים,30.00,100 גרם,false,,4.90,0.1633,true,1,89913
7290014021792,false,5 קשים בטעם בננה,,,5 קשים בטעם בננה,גרמים,30.00,100 גרם,false,,4.90,0.1633,true,1,89914
7290014021815,false,5 קשים בטעם אייס קפה,,,5 קשים בטעם אייס קפה,יחידה,0.00,יחידה,false,,4.90,0.0000,true,1,117253
7290014046016,false,פסטרמה של פעם 250 גר,יחיעם,,פסטרמה של פעם 250 גר,גרמים,250.00,100 גרם,false,,25.90,0.1036,true,1,29707
7290014046474,false,"נקניקיות עוף 1.5 ק""ג",יחיעם,,"נקניקיות עוף 1.5 ק""ג",קילוגרמים,1.50,"ק""ג",false,,26.90,17.9333,true,1,66317
7290014046580,false,פסטרמה מעודנת על גחל,יחיעם,,פסטרמה מעודנת על גחל,גרמים,300.00,100 גרם,false,,22.90,0.0763,true,1,33324
7290014046757,false,סלמי תה 300 גר' יחיע,יחיעם,,סלמי תה 300 גר' יחיע,גרמים,300.00,100 גרם,false,,22.90,0.0763,true,1,69126
7290014056039,false,בירה שפירא חיטה 330,,,בירה שפירא חיטה 330,מיליליטרים,330.00,"100 מ""ל",false,,14.90,0.0452,true,1,82761
7290014056053,false,בירה שפירא אי.פי.אי,,,בירה שפירא אי.פי.אי,מיליליטרים,330.00,"100 מ""ל",false,,14.90,0.0452,true,1,82762
7290014066359,false,לנדוור קפסולות אספרס,,,לנדוור קפסולות אספרס,גרמים,50.00,100 גרם,false,,15.90,0.3180,true,1,82491
7290014066366,false,לנדוור קפסולות אספרס,,,לנדוור קפסולות אספרס,גרמים,50.00,100 גרם,false,,15.90,0.3180,true,1,82492
7290014066373,false,לנדוור קפסולות אספרס,,,לנדוור קפסולות אספרס,גרמים,50.00,100 גרם,false,,15.90,0.3180,true,1,82493
7290014066380,false,לנדוור קפסולות אספרס,,,לנדוור קפסולות אספרס,גרמים,50.00,100 גרם,false,,15.90,0.3180,true,1,82494
7290014066441,false,לנדוור- קפסולות אספר,,,לנדוור- קפסולות אספר,גרמים,50.00,100 גרם,false,,15.90,0.3180,true,1,82534
7290014066526,false,לנדוור קפסולות אספרס,,,לנדוור קפסולות אספרס,גרמים,50.00,100 גרם,false,,15.90,0.3180,true,1,82495
7290014066533,false,לנדוור קפסולות אספרס,,,לנדוור קפסולות אספרס,גרמים,50.00,100 גרם,false,,15.90,0.3180,true,1,82496
7290014079014,false,לבבות קיסר עלים,,,לבבות קיסר עלים,גרמים,300.00,100 גרם,false,,9.90,0.0330,true,1,3845
7290014079076,false,נבטי אלפלפא מרינה,,,נבטי אלפלפא מרינה,יחידה,0.00,יחידה,false,,5.90,0.0000,true,1,24392
7290014079328,false,פרסה כרישה ארוזה מרי,,,פרסה כרישה ארוזה מרי,יחידה,0.00,יחידה,false,,9.90,0.0000,true,1,76035
7290014079540,false,"שיני שום קלופות 1 ק""",,,"שיני שום קלופות 1 ק""",קילוגרמים,1.00,"ק""ג",false,,29.90,29.9000,true,1,66396
7290014079847,false,פטריות פורטובלה בייב,מרינה,,פטריות פורטובלה בייב,גרמים,500.00,100 גרם,false,,15.90,0.0318,true,1,69037
7290014079854,false,לבבות חסה ארץ הגליל,,,לבבות חסה ארץ הגליל,יחידה,0.00,יחידה,false,,10.90,0.0000,true,1,69332
7290014083479,false,גאודה 150 גר,וילי פוד,,גאודה 150 גר,גרמים,150.00,100 גרם,false,,11.50,0.0767,true,1,23948
7290014083806,false,עוגיות בטעם חמאה בפח,וילי פוד,,עוגיות בטעם חמאה בפח,גרמים,350.00,100 גרם,false,,10.00,0.0286,true,1,24058
7290014083813,false,שפרוטים מעושנים בשמן,וילי פוד,,שפרוטים מעושנים בשמן,גרמים,190.00,100 גרם,false,,8.50,0.0447,true,1,24106
7290014094260,false,שום קלוף,,,שום קלוף,גרמים,170.00,100 גרם,false,,10.90,0.0641,true,1,35034
7290014094482,false,רוטב צ'ילי חריף 700,,,רוטב צ'ילי חריף 700,מיליליטרים,700.00,"100 מ""ל",false,,9.90,0.0141,true,1,25931
7290014094505,false,"אורז בסמטי 1 ק""ג אהר",,,"אורז בסמטי 1 ק""ג אהר",קילוגרמים,1.00,"ק""ג",false,,9.90,9.9000,true,1,28384
7290014094529,false,רוטב סויה אהרוני,,,רוטב סויה אהרוני,מיליליטרים,300.00,"100 מ""ל",false,,9.90,0.0330,true,1,25808
7290014094567,false,"שמן זית 750 מ""ל אהרו",,,"שמן זית 750 מ""ל אהרו",מיליליטרים,750.00,"100 מ""ל",false,,29.90,0.0399,true,1,25932
7290014095861,false,שיבולת שועל דקה 500,,,שיבולת שועל דקה 500,גרמים,500.00,100 גרם,false,,5.00,0.0100,true,1,31743
7290014095960,false,שיבולת שועל עבה 500,,,שיבולת שועל עבה 500,גרמים,500.00,100 גרם,false,,5.00,0.0100,true,1,31744
7290014126343,false,בישקוטים בונומי וניל,,,בישקוטים בונומי וניל,גרמים,200.00,100 גרם,false,,7.50,0.0375,true,1,29986
7290014126428,false,סוכרלוז סטיביה טבליו,סוכרלוז,,סוכרלוז סטיביה טבליו,גרמים,9.00,100 גרם,false,,26.90,2.9889,true,1,33844
7290014217003,false,פפריקה מעושנת 90 גר,תבליני טעם וריח,,פפריקה מעושנת 90 גר,גרמים,90.00,100 גרם,false,,9.50,0.1056,true,1,20823
7290014217010,false,מיכל תיבול לדגים,תבליני טעם וריח,,מיכל תיבול לדגים,גרמים,90.00,100 גרם,false,,11.00,0.1222,true,1,22258
7290014217065,false,אורגנו מיכל גדול 30,תבליני טעם וריח,,אורגנו מיכל גדול 30,גרמים,30.00,100 גרם,false,,9.50,0.3167,true,1,20824
7290014217119,false,מיכל תערות לצ'יפס,תבליני טעם וריח,,מיכל תערות לצ'יפס,גרמים,100.00,100 גרם,false,,9.50,0.0950,true,1,33162
7290014217140,false,מיכל ראס אל חנות,תבליני טעם וריח,,מיכל ראס אל חנות,גרמים,100.00,100 גרם,false,,9.50,0.0950,true,1,33165
7290014217157,false,מיכל תערובת תיבול טו,תבליני טעם וריח,,מיכל תערובת תיבול טו,גרמים,120.00,100 גרם,false,,9.50,0.0792,true,1,33166
7290014217164,false,מיכל פטרוזיליה,תבליני טעם וריח,,מיכל פטרוזיליה,גרמים,20.00,100 גרם,false,,9.50,0.4750,true,1,33167
7290014217171,false,מיכל תערובת תיבול גר,תבליני טעם וריח,,מיכל תערובת תיבול גר,גרמים,100.00,100 גרם,false,,9.50,0.0950,true,1,33168
7290014217201,false,תערובת תיבול סומק,,,תערובת תיבול סומק,גרמים,45.00,100 גרם,false,,5.50,0.1222,true,1,60675
7290014217225,false,מיכל גריל עוף 120 גר,תבליני טעם וריח,,מיכל גריל עוף 120 גר,גרמים,120.00,100 גרם,false,,9.50,0.0792,true,1,30001
7290014217263,false,תערובת תיבול לפרגיות,,,תערובת תיבול לפרגיות,גרמים,100.00,100 גרם,false,,9.50,0.0950,true,1,62797
7290014217348,false,מיכל צ'ילי כתוש 70 ג,תבליני טעם וריח,,מיכל צ'ילי כתוש 70 ג,גרמים,70.00,100 גרם,false,,9.50,0.1357,true,1,30004
7290014217355,false,מיכל אבקת קרי 100 גר,תבליני טעם וריח,,מיכל אבקת קרי 100 גר,גרמים,100.00,100 גרם,false,,9.50,0.0950,true,1,30005
7290014217362,false,מיכל תיבול לקציצות 1,תבליני טעם וריח,,מיכל תיבול לקציצות 1,גרמים,100.00,100 גרם,false,,9.50,0.0950,true,1,30006
7290014217379,false,מרינדה קלאסית לעוף ט,,,מרינדה קלאסית לעוף ט,גרמים,80.00,100 גרם,false,,10.90,0.1363,true,1,88537
7290014217386,false,מרינדת צ'ילי חריף טע,,,מרינדת צ'ילי חריף טע,גרמים,80.00,100 גרם,false,,10.90,0.1363,true,1,88538
7290014217393,false,אבקת צ'ילי חריף 30 ג,,,אבקת צ'ילי חריף 30 ג,גרמים,30.00,100 גרם,false,,5.50,0.1833,true,1,89973
7290014217478,false,תערובת עשבי תיבול אי,,,תערובת עשבי תיבול אי,גרמים,30.00,100 גרם,false,,9.50,0.3167,true,1,63420
7290014217485,false,תערובת תיבול קייגו'ן,,,תערובת תיבול קייגו'ן,גרמים,100.00,100 גרם,false,,9.50,0.0950,true,1,65371
7290014217492,false,תערובת תיבול פילדלפי,,,תערובת תיבול פילדלפי,גרמים,100.00,100 גרם,false,,9.50,0.0950,true,1,65372
7290014217515,false,תערובת תבלינים לציפו,,,תערובת תבלינים לציפו,גרמים,90.00,100 גרם,false,,9.90,0.1100,true,1,73786
7290014217522,false,תערובת תיבול ללחם שו,,,תערובת תיבול ללחם שו,גרמים,100.00,100 גרם,false,,9.90,0.0990,true,1,73783
7290014217911,false,פלפל מתוק שלם 150 גר,,,פלפל מתוק שלם 150 גר,גרמים,150.00,100 גרם,false,,13.90,0.0927,true,1,76909
7290014218321,false,בורקס יפו גבינה,מעדנות,,בורקס יפו גבינה,גרמים,600.00,100 גרם,false,,18.50,0.0308,true,1,61822
7290014218338,false,"בורקס יפו תפו""א",מעדנות,,"בורקס יפו תפו""א",יחידה,0.00,יחידה,false,,15.90,0.0000,true,1,61823
7290014218932,false,חטיפי פיצה זיתים מעד,מעדנות,,חטיפי פיצה זיתים מעד,גרמים,710.00,100 גרם,false,,26.90,0.0379,true,1,78420
7290014220225,false,אטבים ענק 10יח,,,אטבים ענק 10יח,יחידה,0.00,יחידה,false,,4.00,0.0000,true,1,3163
7290014220317,false,סט בקבוקים לטיול,,,סט בקבוקים לטיול,יחידה,0.00,יחידה,false,,8.90,0.0000,true,1,25234
7290014220522,false,שקיות לזילוף 20 יח 3,,,שקיות לזילוף 20 יח 3,יחידה,0.00,יחידה,false,,11.90,0.0000,true,1,34424
7290014256491,false,גוורצטרמינר ויניארדס,יקבי כרמל,,גוורצטרמינר ויניארדס,מיליליטרים,750.00,"100 מ""ל",false,,54.90,0.0732,true,1,29171
7290014265066,false,יתיר הר עמשא לבן,,,יתיר הר עמשא לבן,מיליליטרים,750.00,"100 מ""ל",false,,99.90,0.1332,true,1,119414
7290014298491,false,מארז פרחי סבון,,,מארז פרחי סבון,יחידה,0.00,יחידה,false,,25.00,0.0000,true,1,31810
7290014305045,false,בירה הדובים יונק הדב,,,בירה הדובים יונק הדב,מיליליטרים,330.00,"100 מ""ל",false,,14.90,0.0452,true,1,70511
7290014305236,false,בירה הדובים טייפון 3,,,בירה הדובים טייפון 3,מיליליטרים,330.00,"100 מ""ל",false,,14.90,0.0452,true,1,73050
7290014305571,false,בירה הדובים עשן לבן,,,בירה הדובים עשן לבן,מיליליטרים,330.00,"100 מ""ל",false,,14.90,0.0452,true,1,117177
7290014318137,false,עגבניות מיובשות בשמן,,,עגבניות מיובשות בשמן,גרמים,285.00,100 גרם,false,,17.90,0.0628,true,1,70052
7290014318243,false,קמח תירס פולנטה עדינ,,,קמח תירס פולנטה עדינ,קילוגרמים,1.00,"ק""ג",false,,10.90,10.9000,true,1,66359
7290014318250,false,קמח תירס פולנטה מקור,,,קמח תירס פולנטה מקור,קילוגרמים,1.00,"ק""ג",false,,10.90,10.9000,true,1,66360
7290014318311,false,עגבניות תמר פולפה של,,,עגבניות תמר פולפה של,גרמים,1200.00,100 גרם,false,,14.90,0.0124,true,1,70995
7290014318441,false,מחית עגבניות חלקה,,,מחית עגבניות חלקה,גרמים,680.00,100 גרם,false,,11.90,0.0175,true,1,70151
7290014318458,false,עגבניות חתוכות דק 68,,,עגבניות חתוכות דק 68,גרמים,680.00,100 גרם,false,,11.90,0.0175,true,1,70632
7290014318564,false,טחינה אתיופית מלאה 7,,,טחינה אתיופית מלאה 7,גרמים,720.00,100 גרם,false,,36.90,0.0512,true,1,79072
7290014318663,false,חומץ תפוחים אורגני 7,,,חומץ תפוחים אורגני 7,מיליליטרים,750.00,"100 מ""ל",false,,17.90,0.0239,true,1,72920
7290014338968,false,מיני פנקייק בייתי,,,מיני פנקייק בייתי,גרמים,500.00,100 גרם,false,,29.90,0.0598,true,1,89021
7290014338975,false,קרפ הולנדי בייתי,,,קרפ הולנדי בייתי,גרמים,600.00,100 גרם,false,,22.90,0.0382,true,1,89022
7290014397279,false,שקיות מזון 300 יח' X,סנו סושי,,שקיות מזון 300 יח' X,יחידה,0.00,יחידה,false,,12.90,0.0000,false,1,24010
7290014397286,false,מרכך מרוכז חלב ודבש,סנו מקסימה,,מרכך מרוכז חלב ודבש,ליטרים,1.00,ליטר,false,,16.90,16.9000,true,1,25563
7290014397453,false,אוקסיג'ן כביסה לבנה,סנו אוקסיג'ן,,אוקסיג'ן כביסה לבנה,ליטרים,3.00,ליטר,false,,29.90,9.9667,true,1,25565
7290014397774,false,רצפז פרש הום 2 ליטר,סנו ריצפז,,רצפז פרש הום 2 ליטר,ליטרים,2.00,ליטר,false,,21.90,10.9500,false,1,26986
7290014397781,false,רצפז פרש הום 2 ליטר,סנו ריצפז,,רצפז פרש הום 2 ליטר,ליטרים,2.00,ליטר,false,,21.90,10.9500,false,1,26987
7290014397873,false,מרכך כביסה סנו מקסימ,סנו מקסימה,,מרכך כביסה סנו מקסימ,ליטרים,4.00,ליטר,false,,21.90,5.4750,false,1,80661
7290014426061,false,משחת שיניים הלו קיטי,,,משחת שיניים הלו קיטי,מיליליטרים,50.00,"100 מ""ל",false,,10.90,0.2180,true,1,23295
7290014435704,false,שמיר-סלמון מעושן 100,,,שמיר-סלמון מעושן 100,גרמים,100.00,100 גרם,false,,18.90,0.1890,true,1,33279
7290014435803,false,מטיאס הולנדי עם בצל,,,מטיאס הולנדי עם בצל,גרמים,180.00,100 גרם,false,,18.90,0.1050,true,1,29588
7290014435810,false,הרינג כבוש עם בצל במ,,,הרינג כבוש עם בצל במ,גרמים,180.00,100 גרם,false,,18.90,0.1050,true,1,29602
7290014435827,false,פילה מקרל מעושן בשמן,,,פילה מקרל מעושן בשמן,גרמים,180.00,100 גרם,false,,24.90,0.1383,true,1,29589
7290014435841,false,פילה מטיאס הולנדי בש,,,פילה מטיאס הולנדי בש,גרמים,180.00,100 גרם,false,,18.90,0.1050,true,1,29591
7290014435872,false,סלט הרינג עם מיונז,,,סלט הרינג עם מיונז,גרמים,180.00,100 גרם,false,,18.90,0.1050,true,1,29604
7290014435889,false,סלט מטיאס עם מיונז,,,סלט מטיאס עם מיונז,גרמים,180.00,100 גרם,false,,18.90,0.1050,true,1,29605
7290014435896,false,סלט סלמון עם מיונז,,,סלט סלמון עם מיונז,גרמים,180.00,100 גרם,false,,19.90,0.1106,true,1,29606
7290014441002,false,קיש תרד ומוצרלה,,,קיש תרד ומוצרלה,יחידה,0.00,יחידה,false,,51.90,0.0000,true,1,25446
7290014441019,false,קיש פלפל וגבינת פטה,,,קיש פלפל וגבינת פטה,יחידה,0.00,יחידה,false,,49.90,0.0000,true,1,25447
7290014441026,false,קיש בטטה ושום,,,קיש בטטה ושום,יחידה,0.00,יחידה,false,,51.90,0.0000,true,1,25448
7290014441057,false,קיש בצל וצנובר,,,קיש בצל וצנובר,יחידה,0.00,יחידה,false,,51.90,0.0000,true,1,25451
7290014441224,false,מיני קיש בטטה תרד ופ,,,מיני קיש בטטה תרד ופ,יחידה,0.00,יחידה,false,,54.90,0.0000,true,1,25461
7290014441231,false,מיני קיש פטריות בצל,,,מיני קיש פטריות בצל,יחידה,0.00,יחידה,false,,54.90,0.0000,true,1,25462
7290014451018,false,ספוג כלים אקולוגי,,,ספוג כלים אקולוגי,יחידה,0.00,יחידה,false,,14.90,0.0000,true,1,72689
7290014451230,false,נייר אפייה טבעי 30 ד,,,נייר אפייה טבעי 30 ד,יחידה,0.00,יחידה,false,,16.90,0.0000,true,1,80380
7290014455245,false,גבינת גרנה פדנו משול,,,גבינת גרנה פדנו משול,גרמים,200.00,100 גרם,false,,24.90,0.1245,true,1,61003
7290014455252,false,גבינת גרנה פדנו מגור,,,גבינת גרנה פדנו מגור,גרמים,100.00,100 גרם,false,,11.80,0.1180,true,1,61004
7290014455320,false,מוצרלה פרסקה כדור -,מגד,,מוצרלה פרסקה כדור -,גרמים,100.00,100 גרם,false,,9.20,0.0920,true,1,58072
7290014455467,false,מעדן שיבולת שועל וחל,,,מעדן שיבולת שועל וחל,גרמים,150.00,100 גרם,false,,5.40,0.0360,true,1,61595
7290014455627,false,יוגורט עיזים עם דבדב,,,יוגורט עיזים עם דבדב,גרמים,125.00,100 גרם,false,,5.60,0.0448,true,1,65140
7290014459137,false,סטייק צ'יפס 1.5 קג,תפוגן,,סטייק צ'יפס 1.5 קג,קילוגרמים,1.50,"ק""ג",false,,25.90,17.2667,true,1,28183
7290014459373,false,תפוגן צ'יפס קראנצ'י,,,תפוגן צ'יפס קראנצ'י,קילוגרמים,1.50,"ק""ג",false,,24.90,16.6000,true,1,61499
7290014459472,false,צ'יפס קלאסי תפוגן 2,,,צ'יפס קלאסי תפוגן 2,קילוגרמים,2.00,"ק""ג",false,,29.90,14.9500,true,1,65930
7290014466128,false,הר חרמון אינדיגו 201,,,הר חרמון אינדיגו 201,מיליליטרים,750.00,"100 מ""ל",false,,29.90,0.0399,false,1,24065
7290014466609,false,יין גמלא מרלו 2012,,,יין גמלא מרלו 2012,מיליליטרים,750.00,"100 מ""ל",false,,50.00,0.0667,true,1,64113
7290014466890,false,יין גמלא השמורה קברנ,,,יין גמלא השמורה קברנ,מיליליטרים,750.00,"100 מ""ל",false,,49.90,0.0665,true,1,89736
7290014471412,false,מיזלי בוטנים אגוזים,,,מיזלי בוטנים אגוזים,קילוגרמים,1.00,"ק""ג",false,,18.90,18.9000,true,1,27583
7290014471429,false,מיזלי פירות שקדיה 1,,,מיזלי פירות שקדיה 1,קילוגרמים,1.00,"ק""ג",false,,18.90,18.9000,true,1,27584
7290014471436,false,מיזלי צימוקים תפוח ק,,,מיזלי צימוקים תפוח ק,קילוגרמים,1.00,"ק""ג",false,,19.90,19.9000,true,1,27585
7290014471443,false,גרנולה צימוקים ואגוז,,,גרנולה צימוקים ואגוז,קילוגרמים,1.00,"ק""ג",false,,19.90,19.9000,true,1,28172
7290014472433,false,קונפיטורה תות שדה שק,,,קונפיטורה תות שדה שק,גרמים,450.00,100 גרם,false,,13.90,0.0309,true,1,118520
7290014472464,false,קונפיטורה משמש שקדיה,,,קונפיטורה משמש שקדיה,גרמים,450.00,100 גרם,false,,13.90,0.0309,true,1,65284
7290014501232,false,הר גליל לבן 2017,,,הר גליל לבן 2017,מיליליטרים,750.00,"100 מ""ל",false,,31.90,0.0425,true,1,73407
7290014503137,false,יובלים דלתון אדום,,,יובלים דלתון אדום,מיליליטרים,750.00,"100 מ""ל",false,,37.50,0.0500,true,1,66233
7290014503144,false,יין יבולים דלתון לבן,,,יין יבולים דלתון לבן,מיליליטרים,750.00,"100 מ""ל",false,,37.50,0.0500,true,1,66958
7290014503328,false,יין דלתון עלמה אדום,,,יין דלתון עלמה אדום,מיליליטרים,750.00,"100 מ""ל",false,,79.90,0.1065,true,1,32326
7290014525177,false,חטיף דגנים יוגורט ופ,,,חטיף דגנים יוגורט ופ,יחידה,0.00,יחידה,false,,10.90,0.0000,true,1,28577
7290014525290,false,מרבה סלים דליס קריספ,,,מרבה סלים דליס קריספ,גרמים,125.00,100 גרם,false,,10.90,0.0872,true,1,63057
7290014525313,false,סלים דליס קריספי שוק,,,סלים דליס קריספי שוק,גרמים,125.00,100 גרם,false,,10.90,0.0872,true,1,63550
7290014562462,false,"תרכיז תפוחים 650 מ""ל",,,"תרכיז תפוחים 650 מ""ל",מיליליטרים,650.00,"100 מ""ל",false,,24.90,0.0383,true,1,64249
7290014648081,false,סכיני גילוח לה בלה ע,,,סכיני גילוח לה בלה ע,יחידה,0.00,יחידה,false,,9.90,0.0000,true,1,58643
7290014648142,false,אלכוהול 70%,,,אלכוהול 70%,מיליליטרים,100.00,"100 מ""ל",false,,7.50,0.0750,true,1,72627
7290014648364,false,פלסטרים 40 יח,,,פלסטרים 40 יח,יחידה,0.00,יחידה,false,,8.90,0.0000,true,1,74827
7290014648579,false,פד דביק סטרילי,,,פד דביק סטרילי,יחידה,0.00,יחידה,false,,9.90,0.0000,true,1,79261
7290014648906,false,מסיר לק מהציפורניים,,,מסיר לק מהציפורניים,מיליליטרים,100.00,"100 מ""ל",false,,4.90,0.0490,true,1,77743
7290014692299,false,CASTELLO-גבינת ברי,,,CASTELLO-גבינת ברי,גרמים,125.00,100 גרם,false,,20.00,0.1600,true,1,27118
7290014692305,false,CASTELLO-גבינת קממבר,,,CASTELLO-גבינת קממבר,גרמים,125.00,100 גרם,false,,20.00,0.1600,true,1,27111
7290014692749,false,שמן זית כתית מעולה ו,,,שמן זית כתית מעולה ו,מיליליטרים,750.00,"100 מ""ל",false,,29.90,0.0399,true,1,27300
7290014692817,false,מוצרלה מגורדת 200 גר,וילי פוד,,מוצרלה מגורדת 200 גר,גרמים,200.00,100 גרם,false,,14.50,0.0725,true,1,33124
7290014748613,false,מקלוני דגים בציפוי ד,,,מקלוני דגים בציפוי ד,גרמים,600.00,100 גרם,false,,29.90,0.0498,true,1,74673
7290014748651,false,דג טוב פילה אמנון מצ,,,דג טוב פילה אמנון מצ,גרמים,360.00,100 גרם,false,,32.90,0.0914,true,1,74674
7290014748675,false,קציצות דגים דג טוב,,,קציצות דגים דג טוב,גרמים,600.00,100 גרם,false,,29.90,0.0498,true,1,74675
7290014748958,false,דג טוב מיני אמנון צי,,,דג טוב מיני אמנון צי,גרמים,400.00,100 גרם,false,,34.90,0.0872,true,1,76588
7290014749078,false,מקלוני קבנוס 200 גר,,,מקלוני קבנוס 200 גר,גרמים,200.00,100 גרם,false,,14.90,0.0745,true,1,79140
7290014749245,false,עוף טוב צונגו רצועות,,,עוף טוב צונגו רצועות,גרמים,600.00,100 גרם,false,,34.90,0.0582,true,1,81168
7290014749764,false,עוף טוב שניצל עוף בי,עוף טוב,,עוף טוב שניצל עוף בי,גרמים,700.00,100 גרם,false,,41.90,0.0599,true,1,82792
7290014749887,false,עוף טוב שניצל דק ענק,,,עוף טוב שניצל דק ענק,גרמים,720.00,100 גרם,false,,37.90,0.0526,true,1,88852
7290014758100,false,מאגדת יוגורט ביו 3%,תנובה חלב,,מאגדת יוגורט ביו 3%,גרמים,1200.00,100 גרם,false,,16.50,0.0138,true,1,24795
7290014758117,false,מאגדת יוגורט ביו שמי,תנובה חלב,,מאגדת יוגורט ביו שמי,גרמים,1200.00,100 גרם,false,,16.50,0.0138,true,1,24796
7290014758162,false,חלב עיזים מלא 3.6%,תנובה חלב,,חלב עיזים מלא 3.6%,ליטרים,1.00,ליטר,false,,15.50,15.5000,true,1,26623
7290014759084,false,נפוליאון טבעי 16%,תנובה חלב,,נפוליאון טבעי 16%,גרמים,225.00,100 גרם,false,,13.90,0.0618,false,1,28223
7290014759237,false,יוגורט 6.5% 3 ליטר,,,יוגורט 6.5% 3 ליטר,ליטרים,3.00,ליטר,false,,29.90,9.9667,false,1,74894
7290014759534,false,בולגרית למריחה טבעי,תנובה חלב,,בולגרית למריחה טבעי,גרמים,200.00,100 גרם,false,,13.80,0.0690,true,1,29140
7290014759909,false,פטה עיזים 5%,תנובה חלב,,פטה עיזים 5%,גרמים,250.00,100 גרם,false,,27.80,0.1112,false,1,30049
7290014759978,false,גבינת גלעד קשקבל,תנובה חלב,,גבינת גלעד קשקבל,גרמים,200.00,100 גרם,false,,25.20,0.1260,false,1,28972
7290014759985,false,גבינת פרמזן 200 גר,תנובה חלב,,גבינת פרמזן 200 גר,גרמים,200.00,100 גרם,false,,23.70,0.1185,false,1,28973
7290014759992,false,גבינת רוקפור 140 גר,תנובה חלב,,גבינת רוקפור 140 גר,גרמים,140.00,100 גרם,false,,18.20,0.1300,true,1,28974
7290014760134,false,מעדן סויה וניל 1.5%,,,מעדן סויה וניל 1.5%,גרמים,125.00,100 גרם,false,,3.90,0.0312,true,1,72200
7290014760141,false,משקה שקדים טרי 1 ליט,תנובה חלב,,משקה שקדים טרי 1 ליט,ליטרים,1.00,ליטר,false,,11.90,11.9000,true,1,58969
7290014760912,false,גוש חלב מהדרין 400 ג,תנובה חלב,,גוש חלב מהדרין 400 ג,גרמים,400.00,100 גרם,false,,24.90,0.0622,false,1,31511
7290014761049,false,שמנית תנובה 15%,,,שמנית תנובה 15%,מיליליטרים,100.00,"100 מ""ל",false,,1.60,0.0160,false,1,117157
7290014761056,false,מעדן שוקולד חלב YOLO,תנובה חלב,,מעדן שוקולד חלב YOLO,גרמים,123.00,100 גרם,false,,4.40,0.0358,false,1,33969
7290014761063,false,מעדן שוקולד מריר YOL,תנובה חלב,,מעדן שוקולד מריר YOL,גרמים,123.00,100 גרם,false,,4.40,0.0358,false,1,33970
7290014761070,false,מעדן שוקולד לבן מעול,,,מעדן שוקולד לבן מעול,גרמים,123.00,100 גרם,false,,4.40,0.0358,false,1,33971
7290014761193,false,פרילי פירות יער 125,תנובה חלב,,פרילי פירות יער 125,גרמים,125.00,100 גרם,false,,3.40,0.0272,true,1,34434
7290014761414,false,מעדן שכבות שןקולד חל,תנובה חלב,,מעדן שכבות שןקולד חל,גרמים,123.00,100 גרם,false,,4.40,0.0358,true,1,33974
7290014761612,false,יולו שכבות שוקולד מר,תנובה חלב,,יולו שכבות שוקולד מר,גרמים,120.00,100 גרם,false,,4.40,0.0367,false,1,58665
7290014762756,false,נפוליאון בצל 16%,,,נפוליאון בצל 16%,גרמים,225.00,100 גרם,false,,13.90,0.0618,false,1,61791
7290014762800,false,גביע מעדן סויה בטעם,,,גביע מעדן סויה בטעם,גרמים,125.00,100 גרם,false,,3.90,0.0312,true,1,69713
7290014762831,false,נפוליאון חלפיניו,,,נפוליאון חלפיניו,גרמים,225.00,100 גרם,false,,13.90,0.0618,false,1,63175
7290014762848,false,פתיתי גלבוע 500 גר,,,פתיתי גלבוע 500 גר,גרמים,500.00,100 גרם,false,,31.00,0.0620,false,1,71504
7290014762909,false,פתיתי מוצרלה,,,פתיתי מוצרלה,גרמים,200.00,100 גרם,false,,16.60,0.0830,false,1,63126
7290014763272,false,משקה סויה ביו עם תות,,,משקה סויה ביו עם תות,מיליליטרים,250.00,"100 מ""ל",false,,5.60,0.0224,true,1,64015
7290014785007,false,פניני טפיוקה קטן,,,פניני טפיוקה קטן,גרמים,400.00,100 גרם,false,,8.90,0.0223,true,1,24990
7290014785014,false,פניני טפיוקה גדול,,,פניני טפיוקה גדול,גרמים,400.00,100 גרם,false,,8.90,0.0223,true,1,26939
7290014785052,false,רוטב פטריות צמחוני ל,,,רוטב פטריות צמחוני ל,מיליליטרים,500.00,"100 מ""ל",false,,11.90,0.0238,true,1,33396
7290014785069,false,"חומץ מירין 250 מ""ל",,,"חומץ מירין 250 מ""ל",מיליליטרים,250.00,"100 מ""ל",false,,11.90,0.0476,true,1,32694
7290014785076,false,קרם קוקוס ללא חומר מ,,,קרם קוקוס ללא חומר מ,מיליליטרים,400.00,"100 מ""ל",false,,8.90,0.0223,true,1,29189
7290014785113,false,"רוטב טריאקי 500 מ""ל",,,"רוטב טריאקי 500 מ""ל",מיליליטרים,500.00,"100 מ""ל",false,,11.90,0.0238,true,1,65722
7290014785458,false,למון גראס מיובש,,,למון גראס מיובש,גרמים,50.00,100 גרם,false,,8.90,0.1780,true,1,119930
7290014785465,false,שורש גלנגל מיובש,,,שורש גלנגל מיובש,גרמים,100.00,100 גרם,false,,11.90,0.1190,true,1,119931
7290014785564,false,אטריות מוכנות אודון,,,אטריות מוכנות אודון,גרמים,200.00,100 גרם,false,,2.90,0.0145,true,1,78550
7290014785571,false,אטריות מוכנות להקפצה,,,אטריות מוכנות להקפצה,גרמים,200.00,100 גרם,false,,2.90,0.0145,true,1,78551
7290014785588,false,אטריות מוכנות ראמן,,,אטריות מוכנות ראמן,גרמים,180.00,100 גרם,false,,2.90,0.0161,true,1,78552
7290014785922,false,מחית טום יאם 400 גר',,,מחית טום יאם 400 גר',גרמים,400.00,100 גרם,false,,18.90,0.0472,true,1,84411
7290014785991,false,רוטב סויה ללא גלוטן,,,רוטב סויה ללא גלוטן,מיליליטרים,500.00,"100 מ""ל",false,,12.90,0.0258,true,1,73725
7290014789913,false,מארז שלישיית עוגיות,אוראו,,מארז שלישיית עוגיות,גרמים,528.00,100 גרם,false,,21.90,0.0415,true,1,28259
7290014791091,false,שוופס לימונייד 500 מ,,,שוופס לימונייד 500 מ,מיליליטרים,500.00,"100 מ""ל",false,,4.90,0.0098,true,1,32618
7290014791725,false,שוופס מוגז תפוח 0.5,שוופס,,שוופס מוגז תפוח 0.5,מיליליטרים,500.00,"100 מ""ל",false,,4.90,0.0098,true,1,59603
7290014791879,false,מים פרוט אבטיח 0.5 ל,שוופס,,מים פרוט אבטיח 0.5 ל,מיליליטרים,500.00,"100 מ""ל",false,,5.50,0.0110,true,1,74450
7290014803206,false,חומץ יין אדום 5%,,,חומץ יין אדום 5%,מיליליטרים,500.00,"100 מ""ל",false,,13.50,0.0270,true,1,28216
7290014803213,false,חומץ יין לבן 5%,,,חומץ יין לבן 5%,מיליליטרים,500.00,"100 מ""ל",false,,13.50,0.0270,true,1,28217
7290014803565,false,צנימים עם חיטה מלאה,,,צנימים עם חיטה מלאה,גרמים,300.00,100 גרם,false,,11.90,0.0397,true,1,33078
7290014803732,false,ניוקי מתפוחי אדמה 50,,,ניוקי מתפוחי אדמה 50,גרמים,500.00,100 גרם,false,,8.90,0.0178,true,1,79660
7290014855434,false,מגבונים בייביסיטר רב,,,מגבונים בייביסיטר רב,יחידה,0.00,יחידה,false,,14.90,0.0000,true,1,60079
7290014855458,false,מגבונים בייביסיטר רב,,,מגבונים בייביסיטר רב,יחידה,0.00,יחידה,false,,14.90,0.0000,true,1,60080
7290014860070,false,מקלוני אורז ללא גלוט,,,מקלוני אורז ללא גלוט,גרמים,454.00,100 גרם,false,,11.90,0.0262,true,1,65626
7290014890145,false,גבינת שמנת טבעית,משק יעקבס,,גבינת שמנת טבעית,גרמים,225.00,100 גרם,false,,12.90,0.0573,true,1,69911
7290014890152,false,גבינת שמנת זיתים 225,משק יעקבס,,גבינת שמנת זיתים 225,גרמים,225.00,100 גרם,false,,12.90,0.0573,true,1,70458
7290014890169,false,גבינת שמנת שום שמיר,משק יעקבס,,גבינת שמנת שום שמיר,גרמים,225.00,100 גרם,false,,12.90,0.0573,true,1,70459
7290014890176,false,ריקוטה 250 גר' יעקבס,משק יעקבס,,ריקוטה 250 גר' יעקבס,גרמים,250.00,100 גרם,false,,11.90,0.0476,false,1,79170
7290014890206,false,קרם פרש 250 גר' יעקב,משק יעקבס,,קרם פרש 250 גר' יעקב,גרמים,250.00,100 גרם,false,,13.90,0.0556,true,1,78253
7290014890237,false,קממברט 125 גר',משק יעקבס,,קממברט 125 גר',גרמים,125.00,100 גרם,false,,17.90,0.1432,true,1,67990
7290014890572,false,יוגורט עיזים יעקבס,,,יוגורט עיזים יעקבס,מיליליטרים,850.00,"100 מ""ל",false,,22.90,0.0269,false,1,119055
7290014890589,false,יוגורט יווני יעקבס,,,יוגורט יווני יעקבס,מיליליטרים,850.00,"100 מ""ל",false,,19.90,0.0234,false,1,119056
7290014890596,false,ברי עיזים בייבי יעקב,,,ברי עיזים בייבי יעקב,גרמים,125.00,100 גרם,false,,21.00,0.1680,true,1,119051
7290014890602,false,קממבר בקר אגוזים  יע,,,קממבר בקר אגוזים  יע,גרמים,125.00,100 גרם,false,,17.90,0.1432,false,1,119052
7290014901247,false,סטייל שמפו קרטין לאח,,,סטייל שמפו קרטין לאח,מיליליטרים,750.00,"100 מ""ל",false,,26.90,0.0359,true,1,30919
7290014901254,false,סטייל מרכך קרטין לאח,,,סטייל מרכך קרטין לאח,מיליליטרים,750.00,"100 מ""ל",false,,26.90,0.0359,true,1,30920
7290014901261,false,סטייל מסכת קרטין לאח,,,סטייל מסכת קרטין לאח,מיליליטרים,500.00,"100 מ""ל",false,,34.90,0.0698,true,1,30921
7290014901315,false,סנסודיין הגנה מלאה פ,סנסודיין,,סנסודיין הגנה מלאה פ,מיליליטרים,75.00,"100 מ""ל",false,,25.90,0.3453,true,1,32637
7290014905160,false,פטריה ריח XL,יעקובי,,פטריה ריח XL,יחידה,0.00,יחידה,false,,9.90,0.0000,true,1,28636
7290014905207,false,"W.C אסלות 750 מ""ל",,,"W.C אסלות 750 מ""ל",מיליליטרים,750.00,"100 מ""ל",false,,9.90,0.0132,true,1,28586
7290014905313,false,דזיטול לחיטוי רצפות,,,דזיטול לחיטוי רצפות,ליטרים,1.00,ליטר,false,,9.90,9.9000,true,1,28533
7290014905344,false,הפי קצף לשטיחים,,,הפי קצף לשטיחים,מיליליטרים,623.00,"100 מ""ל",false,,19.90,0.0319,true,1,29545
7290014905368,false,הפי עוד ועוד מטלית ד,יעקובי הפי,,הפי עוד ועוד מטלית ד,יחידה,0.00,יחידה,false,,8.50,0.0000,true,1,30968
7290014905498,false,הפי גם וגם מטלית דו,יעקובי הפי,,הפי גם וגם מטלית דו,יחידה,0.00,יחידה,false,,12.90,0.0000,true,1,30969
7290014905689,false,"הפי כלים 750 מ""ל ירו",יעקובי הפי,,"הפי כלים 750 מ""ל ירו",מיליליטרים,750.00,"100 מ""ל",false,,7.90,0.0105,true,1,33233
7290014905696,false,"הפי כלים 750 מ""ל צהו",יעקובי הפי,,"הפי כלים 750 מ""ל צהו",מיליליטרים,750.00,"100 מ""ל",false,,7.90,0.0105,true,1,33234
7290014905719,false,הפי לימונית למדיח,יעקובי הפי,,הפי לימונית למדיח,יחידה,0.00,יחידה,false,,13.90,0.0000,true,1,33856
7290014905733,false,"הפי לחלונות 750 מ""ל",יעקובי הפי,,"הפי לחלונות 750 מ""ל",מיליליטרים,750.00,"100 מ""ל",false,,7.90,0.0105,true,1,33235
7290014905962,false,סבון אסלה 5 טיפות בו,,,סבון אסלה 5 טיפות בו,יחידה,0.00,יחידה,false,,7.90,0.0000,true,1,57705
7290014907737,false,פילה לברק 7-9,,,פילה לברק 7-9,קילוגרמים,1.00,"ק""ג",true,,45.90,45.9000,false,1,74410
7290014910515,false,שימורי דגים שפרוטים,,,שימורי דגים שפרוטים,גרמים,250.00,100 גרם,false,,11.90,0.0476,true,1,70606
7290014931176,false,עלי חסה רומית,,,עלי חסה רומית,יחידה,0.00,יחידה,false,,8.90,0.0000,true,1,31557
7290014931206,false,גרגר הנחלים,,,גרגר הנחלים,יחידה,0.00,יחידה,false,,8.50,0.0000,true,1,31558
7290014940901,false,לחם פשוט מלא אנג'ל,אנג'ל,,לחם פשוט מלא אנג'ל,מיליליטרים,750.00,"100 מ""ל",false,,13.90,0.0185,true,1,58242
7290014974562,false,גביעים לגלידה גילרו,,,גביעים לגלידה גילרו,גרמים,120.00,100 גרם,false,,6.90,0.0575,true,1,68579
7290014974593,false,גביעי גלידה ללא גלוט,,,גביעי גלידה ללא גלוט,גרמים,132.00,100 גרם,false,,13.50,0.1023,true,1,69003
7290014974654,false,גילרו בצק סוכר שחור,,,גילרו בצק סוכר שחור,גרמים,150.00,100 גרם,false,,5.90,0.0393,true,1,73741
7290014974661,false,בצק סוכר כחול,,,בצק סוכר כחול,גרמים,150.00,100 גרם,false,,5.90,0.0393,true,1,74008
7290014974746,false,גילרו בצק סוכר לבן,,,גילרו בצק סוכר לבן,גרמים,150.00,100 גרם,false,,5.90,0.0393,true,1,73731
7290015039246,false,רביעיה טונה ויליפוד,,,רביעיה טונה ויליפוד,גרמים,640.00,100 גרם,false,,19.90,0.0311,false,1,32139
7290015039253,false,עלי גפן במי מלח,וילי פוד,,עלי גפן במי מלח,גרמים,620.00,100 גרם,false,,11.00,0.0177,true,1,31334
7290015039338,false,רביעיה טונה במים ויל,,,רביעיה טונה במים ויל,גרמים,640.00,100 גרם,false,,19.90,0.0311,false,1,32144
7290015039499,false,עוגיות איטלקיות מובח,,,עוגיות איטלקיות מובח,קילוגרמים,1.00,"ק""ג",false,,10.90,10.9000,true,1,58244
7290015129121,false,סקיני פסטה נודלס,,,סקיני פסטה נודלס,גרמים,270.00,100 גרם,false,,10.90,0.0404,true,1,32844
7290015129145,false,סקיני פסטה ספגטי,,,סקיני פסטה ספגטי,גרמים,270.00,100 גרם,false,,10.90,0.0404,true,1,32769
7290015129251,false,סקיני פסטה בצורת פטו,,,סקיני פסטה בצורת פטו,יחידה,270.00,יחידה,false,,10.90,0.0404,true,1,59615
7290015129749,false,אברמסון סקיני פסטה נ,,,אברמסון סקיני פסטה נ,גרמים,200.00,100 גרם,false,,10.90,0.0545,true,1,76715
7290015129756,false,אברמסון סקיני פסטה פ,,,אברמסון סקיני פסטה פ,גרמים,200.00,100 גרם,false,,10.90,0.0545,true,1,76716
7290015139250,false,שוקולד מריר עם פצפוצ,,,שוקולד מריר עם פצפוצ,גרמים,85.00,100 גרם,false,,5.90,0.0694,true,1,59791
7290015139267,false,כרמית שוקולד מריר עם,,,כרמית שוקולד מריר עם,גרמים,85.00,100 גרם,false,,5.90,0.0694,true,1,59344
7290015139533,false,חופשי ופל לימון כרמי,,,חופשי ופל לימון כרמי,גרמים,200.00,100 גרם,false,,9.90,0.0495,true,1,61281
7290015139557,false,חופשי ופל שוקו  כרמי,כרמית,,חופשי ופל שוקו  כרמי,גרמים,200.00,100 גרם,false,,9.90,0.0495,true,1,61283
7290015139571,false,חופשי ופל מצופה ללא,,,חופשי ופל מצופה ללא,גרמים,125.00,100 גרם,false,,9.90,0.0792,true,1,61285
7290015150088,false,מיץ עגבניות 700 גרם,,,מיץ עגבניות 700 גרם,גרמים,700.00,100 גרם,false,,12.90,0.0184,true,1,57808
7290015150118,false,עגבניות חתוכות דק של,,,עגבניות חתוכות דק של,גרמים,1200.00,100 גרם,false,,13.90,0.0116,true,1,57809
7290015150361,false,תה ירוק נענע סטיביה,ויסוצקי,,תה ירוק נענע סטיביה,גרמים,37.50,100 גרם,false,,24.90,0.6640,false,1,58217
7290015150583,false,תה ירוק לימון ודבש ו,ויסוצקי,,תה ירוק לימון ודבש ו,מיליליטרים,37.50,"100 מ""ל",false,,24.90,0.6640,false,1,60210
7290015150590,false,תה ירוק ג'ינג'ר חריף,ויסוצקי,,תה ירוק ג'ינג'ר חריף,גרמים,37.50,100 גרם,false,,24.90,0.6640,false,1,60211
7290015150903,false,תה ירוק קינמון ודבש,ויסוצקי,,תה ירוק קינמון ודבש,יחידה,0.00,יחידה,false,,24.90,0.0000,false,1,64717
7290015155878,false,חטיפטף חטיף אורז אפו,,,חטיפטף חטיף אורז אפו,גרמים,28.00,100 גרם,false,,8.50,0.3036,true,1,121342
7290015156776,false,מחית פירות טרופיים פ,פרינוק,,מחית פירות טרופיים פ,גרמים,120.00,100 גרם,false,,5.90,0.0492,true,1,74351
7290015156790,false,מחית לפתן פירות פרינ,פרינוק,,מחית לפתן פירות פרינ,גרמים,120.00,100 גרם,false,,5.90,0.0492,true,1,74352
7290015156813,false,מחית פירות מעורבים פ,פרינוק,,מחית פירות מעורבים פ,גרמים,120.00,100 גרם,false,,5.90,0.0492,true,1,74353
7290015161114,false,פסטה ספגטי כוסמין או,,,פסטה ספגטי כוסמין או,גרמים,500.00,100 גרם,false,,16.90,0.0338,true,1,90537
7290015161244,false,קרם קוקוס אורגני 17%,,,קרם קוקוס אורגני 17%,מיליליטרים,400.00,"100 מ""ל",false,,9.90,0.0248,true,1,86562
7290015161534,false,קוואקר עבה ללא גלוטן,,,קוואקר עבה ללא גלוטן,גרמים,400.00,100 גרם,false,,21.90,0.0547,true,1,86043
7290015161565,false,גרנולה 28% פירות ללא,,,גרנולה 28% פירות ללא,גרמים,300.00,100 גרם,false,,23.90,0.0797,true,1,86045
7290015161848,false,פת פריכה אורגנית ללא,,,פת פריכה אורגנית ללא,גרמים,100.00,100 גרם,false,,13.90,0.1390,true,1,86047
7290015161855,false,פת פירכית קינואה חרו,,,פת פירכית קינואה חרו,גרמים,100.00,1000גרם,false,,13.90,0.1390,true,1,122009
7290015161862,false,פת פריכה אורגנית ללא,,,פת פריכה אורגנית ללא,גרמים,100.00,100 גרם,false,,13.90,0.1390,true,1,86048
7290015161893,false,פת פריכה אורגנית ללא,,,פת פריכה אורגנית ללא,גרמים,100.00,100 גרם,false,,13.90,0.1390,true,1,86072
7290015161923,false,קרם קוקוס אורגני נוט,,,קרם קוקוס אורגני נוט,יחידה,0.00,יחידה,false,,12.90,0.0000,true,1,85963
7290015161930,false,פסטה פרו עדשים צהובו,,,פסטה פרו עדשים צהובו,גרמים,250.00,100 גרם,false,,16.90,0.0676,true,1,86033
7290015161985,false,פסטה קמח חומוס וכורכ,,,פסטה קמח חומוס וכורכ,גרמים,250.00,100 גרם,false,,16.90,0.0676,true,1,86058
7290015172011,false,דים סאם גיוזה עוף,,,דים סאם גיוזה עוף,גרמים,300.00,100 גרם,false,,29.90,0.0997,true,1,61309
7290015172028,false,דים סאם גיוזה בטטה,,,דים סאם גיוזה בטטה,גרמים,300.00,100 גרם,false,,29.90,0.0997,true,1,61310
7290015172073,false,דים סאם גיוזה פטריות,,,דים סאם גיוזה פטריות,גרמים,300.00,100 גרם,false,,29.90,0.0997,true,1,61312
7290015172097,false,דים סאם גיוזה בקר,,,דים סאם גיוזה בקר,גרמים,300.00,100 גרם,false,,29.90,0.0997,true,1,61313
7290015172202,false,דים סאם -גויזה אדממה,,,דים סאם -גויזה אדממה,גרמים,300.00,100 גרם,false,,29.90,0.0997,true,1,90070
7290015172219,false,דים סאם -גיוזה עוף פ,,,דים סאם -גיוזה עוף פ,גרמים,300.00,100 גרם,false,,29.90,0.0997,true,1,90533
7290015172264,false,לחמניות באן מאודות,,,לחמניות באן מאודות,גרמים,400.00,100 גרם,false,,31.90,0.0797,true,1,119065
7290015178266,false,רוטב פלפלת שחורה אול,אוליביה,,רוטב פלפלת שחורה אול,גרמים,270.00,100 גרם,false,,13.90,0.0515,true,1,121573
7290015178273,false,רוטב מרינדה על האש א,אוליביה,,רוטב מרינדה על האש א,גרמים,320.00,100 גרם,false,,13.90,0.0434,true,1,121574
7290015282000,false,איקרה אדומה 200 גר',,,איקרה אדומה 200 גר',גרמים,200.00,100 גרם,false,,12.90,0.0645,true,1,83754
7290015282024,false,איקרה לבנה 200 גר',,,איקרה לבנה 200 גר',גרמים,200.00,100 גרם,false,,12.90,0.0645,true,1,83755
7290015282390,false,סלט תורכי 200 גרם גו,,,סלט תורכי 200 גרם גו,גרמים,200.00,100 גרם,false,,11.90,0.0595,true,1,118163
7290015282581,false,חומוס אבו גוש עם חרי,,,חומוס אבו גוש עם חרי,גרמים,200.00,100 גרם,false,,9.90,0.0495,true,1,118148
7290015282598,false,חומוס מסעדות 200 גרם,,,חומוס מסעדות 200 גרם,גרמים,200.00,100 גרם,false,,9.90,0.0495,true,1,118149
7290015282604,false,טחינה מיוחדת 200 גרם,,,טחינה מיוחדת 200 גרם,גרמים,200.00,100 גרם,false,,9.90,0.0495,true,1,118151
7290015282628,false,חציל בטעם כבד 200 גר,,,חציל בטעם כבד 200 גר,גרמים,200.00,100 גרם,false,,11.90,0.0595,true,1,118159
7290015282635,false,חומוס מסבחה 200 גרם,,,חומוס מסבחה 200 גרם,גרמים,200.00,100 גרם,false,,9.90,0.0495,true,1,118150
7290015282642,false,חומוס אבו גוש 200 גר,,,חומוס אבו גוש 200 גר,גרמים,200.00,100 גרם,false,,9.90,0.0495,true,1,118152
7290015282666,false,סלט טונה עם ירקות 20,,,סלט טונה עם ירקות 20,גרמים,200.00,100 גרם,false,,16.90,0.0845,true,1,118169
7290015282673,false,חציל במיונז ביתי 200,,,חציל במיונז ביתי 200,גרמים,200.00,100 גרם,false,,9.90,0.0495,true,1,118147
7290015282680,false,סלט קישוא בטעם כבד 2,,,סלט קישוא בטעם כבד 2,גרמים,200.00,100 גרם,false,,11.90,0.0595,true,1,118164
7290015282697,false,כרוב אדום 200 גרם,,,כרוב אדום 200 גרם,גרמים,200.00,100 גרם,false,,11.90,0.0595,true,1,118165
7290015282734,false,מטבוחה ביתית 200 גרם,,,מטבוחה ביתית 200 גרם,גרמים,200.00,100 גרם,false,,11.90,0.0595,true,1,118160
7290015282741,false,חציל תאילנדי 200 גרם,,,חציל תאילנדי 200 גרם,גרמים,200.00,100 גרם,false,,11.90,0.0595,true,1,118157
7290015282796,false,סלט תפוח אדמה 200 גר,,,סלט תפוח אדמה 200 גר,גרמים,200.00,100 גרם,false,,11.90,0.0595,true,1,118167
7290015284004,false,שמפו משפחתי לכל סוגי,,,שמפו משפחתי לכל סוגי,מיליליטרים,500.00,"100 מ""ל",false,,32.90,0.0658,true,1,31827
7290015284011,false,מרכך משפחתי מתיר קשר,,,מרכך משפחתי מתיר קשר,מיליליטרים,500.00,"100 מ""ל",false,,32.90,0.0658,true,1,31828
7290015284028,false,סבון גוף משפחתי,,,סבון גוף משפחתי,מיליליטרים,500.00,"100 מ""ל",false,,32.90,0.0658,true,1,31829
7290015284042,false,שמפו לשיער רגיל ושמן,,,שמפו לשיער רגיל ושמן,מיליליטרים,500.00,"100 מ""ל",false,,32.90,0.0658,true,1,31831
7290015284059,false,מרכך לשיער רגיל ושמן,,,מרכך לשיער רגיל ושמן,מיליליטרים,500.00,"100 מ""ל",false,,32.90,0.0658,true,1,31832
7290015284066,false,סבון גוף,,,סבון גוף,מיליליטרים,500.00,"100 מ""ל",false,,32.90,0.0658,true,1,31833
7290015284073,false,סבון ידיים,,,סבון ידיים,מיליליטרים,500.00,"100 מ""ל",false,,25.90,0.0518,true,1,31834
7290015284080,false,שמפו לשיער רגיל ויבש,,,שמפו לשיער רגיל ויבש,מיליליטרים,500.00,"100 מ""ל",false,,32.90,0.0658,true,1,31835
7290015284103,false,סבון גוף,,,סבון גוף,מיליליטרים,500.00,"100 מ""ל",false,,32.90,0.0658,true,1,31837
7290015284127,false,קרם לחות ועיצוב לשיע,,,קרם לחות ועיצוב לשיע,יחידה,0.00,יחידה,false,,42.90,0.0000,true,1,58605
7290015284202,false,שמפו לשיער ecolove,,,שמפו לשיער ecolove,מיליליטרים,500.00,"100 מ""ל",false,,32.90,0.0658,true,1,61902
7290015284219,false,מרכך שיער ecolove,,,מרכך שיער ecolove,מיליליטרים,500.00,"100 מ""ל",false,,32.90,0.0658,true,1,61903
7290015284226,false,סבון גוף ecolove,,,סבון גוף ecolove,מיליליטרים,500.00,"100 מ""ל",false,,32.90,0.0658,true,1,61904
7290015284233,false,סבון ידיים פירות סגו,,,סבון ידיים פירות סגו,מיליליטרים,500.00,"100 מ""ל",false,,25.90,0.0518,true,1,63593
7290015284646,false,סבון גוף ecoLove להז,,,סבון גוף ecoLove להז,מיליליטרים,500.00,"100 מ""ל",false,,32.90,0.0658,true,1,119809
7290015284653,false,סבון ידיים ecoLove ל,,,סבון ידיים ecoLove ל,מיליליטרים,500.00,"100 מ""ל",false,,25.90,0.0518,true,1,119811
7290015284660,false,שמפו לאחר החלקה ללא,,,שמפו לאחר החלקה ללא,מיליליטרים,500.00,"100 מ""ל",false,,36.90,0.0738,true,1,68084
7290015284677,false,מרכך לאחר החלקה ללא,,,מרכך לאחר החלקה ללא,מיליליטרים,500.00,"100 מ""ל",false,,36.90,0.0738,true,1,68085
7290015306751,false,קמח עדשים אדומות 500,,,קמח עדשים אדומות 500,גרמים,500.00,100 גרם,false,,14.90,0.0298,true,1,69773
7290015324007,false,פלפל שחור גרוס 80 גר,תבליני טעם וריח,,פלפל שחור גרוס 80 גר,גרמים,80.00,100 גרם,false,,9.50,0.1188,true,1,30007
7290015324014,false,פלפל שחור טחון 80 גר,תבליני טעם וריח,,פלפל שחור טחון 80 גר,גרמים,80.00,100 גרם,false,,9.50,0.1188,true,1,30008
7290015324038,false,פפריקה בשמן 80 גר שק,תבליני טעם וריח,,פפריקה בשמן 80 גר שק,גרמים,80.00,100 גרם,false,,5.90,0.0738,true,1,30009
7290015324045,false,פפריקה חריפה שקית 80,תבליני טעם וריח,,פפריקה חריפה שקית 80,גרמים,80.00,100 גרם,false,,5.90,0.0738,true,1,30010
7290015324052,false,פפריקה מתוקה שקית 80,תבליני טעם וריח,,פפריקה מתוקה שקית 80,גרמים,80.00,100 גרם,false,,5.90,0.0738,true,1,30011
7290015324069,false,גריל עוף שקית 80 גר,תבליני טעם וריח,,גריל עוף שקית 80 גר,גרמים,80.00,100 גרם,false,,5.90,0.0738,true,1,30012
7290015324076,false,זעתר שקית 80 גר,תבליני טעם וריח,,זעתר שקית 80 גר,גרמים,80.00,100 גרם,false,,5.90,0.0738,true,1,30013
7290015324083,false,מלח לימון שקית 80 גר,תבליני טעם וריח,,מלח לימון שקית 80 גר,גרמים,80.00,100 גרם,false,,5.90,0.0738,true,1,30014
7290015324090,false,כמון שקית 80 גר,תבליני טעם וריח,,כמון שקית 80 גר,גרמים,80.00,100 גרם,false,,5.90,0.0738,true,1,30015
7290015324106,false,כורכום שקית 80 גר,תבליני טעם וריח,,כורכום שקית 80 גר,גרמים,80.00,100 גרם,false,,5.90,0.0738,true,1,30016
7290015324113,false,בהרט שקית 80 גר,תבליני טעם וריח,,בהרט שקית 80 גר,גרמים,80.00,100 גרם,false,,5.90,0.0738,true,1,30017
7290015324120,false,שום גבישי שקית 80 גר,תבליני טעם וריח,,שום גבישי שקית 80 גר,גרמים,80.00,100 גרם,false,,5.90,0.0738,true,1,30018
7290015324151,false,חוויאג למרק 80 גר שק,תבליני טעם וריח,,חוויאג למרק 80 גר שק,גרמים,80.00,100 גרם,false,,5.90,0.0738,true,1,30019
7290015324168,false,תבלין על האש שקית 80,תבליני טעם וריח,,תבלין על האש שקית 80,גרמים,80.00,100 גרם,false,,5.90,0.0738,true,1,30020
7290015324175,false,תבלין לשווארמה 80 גר,תבליני טעם וריח,,תבלין לשווארמה 80 גר,גרמים,80.00,100 גרם,false,,5.90,0.0738,true,1,30021
7290015324281,false,בצל  מטוגן שקית 200,,,בצל  מטוגן שקית 200,גרמים,200.00,100 גרם,false,,9.50,0.0475,true,1,67647
7290015324427,false,סודה לשתיה שקית 80 ג,,,סודה לשתיה שקית 80 ג,גרמים,80.00,100 גרם,false,,3.90,0.0487,true,1,70521
7290015324519,false,תערובת לפיצה שקית 80,תבליני טעם וריח,,תערובת לפיצה שקית 80,גרמים,80.00,100 גרם,false,,5.90,0.0738,true,1,79391
7290015324526,false,תערובת תיבול לפרגיות,תבליני טעם וריח,,תערובת תיבול לפרגיות,גרמים,80.00,100 גרם,false,,5.90,0.0738,true,1,79392
7290015324540,false,טימין מיכל גדול 30 ג,תבליני טעם וריח,,טימין מיכל גדול 30 ג,גרמים,30.00,100 גרם,false,,9.50,0.3167,true,1,79394
7290015324557,false,בהרט לבישול מיכל גדו,תבליני טעם וריח,,בהרט לבישול מיכל גדו,גרמים,80.00,100 גרם,false,,9.50,0.1188,true,1,79395
7290015324564,false,כוסברה טחונה מיכל גד,תבליני טעם וריח,,כוסברה טחונה מיכל גד,גרמים,70.00,100 גרם,false,,9.50,0.1357,true,1,79396
7290015324571,false,פפריקה מתוקה בשמן בס,,,פפריקה מתוקה בשמן בס,גרמים,400.00,100 גרם,false,,18.90,0.0472,true,1,81199
7290015324588,false,פלפל לבן טחון 100 גר,,,פלפל לבן טחון 100 גר,גרמים,100.00,100 גרם,false,,12.90,0.1290,true,1,88510
7290015324595,false,פלפל שחור גרוס 400 ג,,,פלפל שחור גרוס 400 ג,גרמים,400.00,100 גרם,false,,25.90,0.0647,true,1,83750
7290015324656,false,תבלין זעפרן 0.5 גרם,,,תבלין זעפרן 0.5 גרם,גרמים,0.50,100 גרם,false,,19.90,39.8000,true,1,85560
7290015324663,false,צ'ילי גרוס חריף במיכ,,,צ'ילי גרוס חריף במיכ,גרמים,70.00,100 גרם,false,,9.50,0.1357,true,1,87155
7290015324687,false,מטחנת לקט פלפל,,,מטחנת לקט פלפל,גרמים,50.00,100 גרם,false,,12.90,0.2580,true,1,119177
7290015324694,false,מטחנת מלח ים,,,מטחנת מלח ים,גרמים,100.00,100 גרם,false,,12.90,0.1290,true,1,119178
7290015324700,false,מטחנת מלח הימלאיה,,,מטחנת מלח הימלאיה,גרמים,100.00,100 גרם,false,,12.90,0.1290,true,1,119179
7290015324724,false,מחית צ'ילי חריף טעם,,,מחית צ'ילי חריף טעם,גרמים,230.00,100 גרם,false,,13.90,0.0604,true,1,119181
7290015324731,false,מחית ג'נג'ר טעם וריח,,,מחית ג'נג'ר טעם וריח,גרמים,210.00,100 גרם,false,,13.90,0.0662,true,1,119182
7290015335607,false,יוגונאט טבעי 150 גר',,,יוגונאט טבעי 150 גר',גרמים,150.00,100 גרם,false,,7.40,0.0493,true,1,79665
7290015335614,false,יוגונאט תות 150 גר',,,יוגונאט תות 150 גר',גרמים,150.00,100 גרם,false,,7.40,0.0493,true,1,79667
7290015335621,false,יוגונאט פירות יער 15,,,יוגונאט פירות יער 15,גרמים,150.00,100 גרם,false,,7.40,0.0493,true,1,87086
7290015335638,false,יוגונאט דובדבן 150 ג,,,יוגונאט דובדבן 150 ג,גרמים,150.00,100 גרם,false,,7.40,0.0493,true,1,79668
7290015340199,false,ארץ- רכז רימונים 250,,,ארץ- רכז רימונים 250,מיליליטרים,250.00,"100 מ""ל",false,,16.90,0.0676,true,1,66280
7290015340236,false,ממרח שקד ללא סוכר 30,,,ממרח שקד ללא סוכר 30,גרמים,300.00,100 גרם,false,,31.90,0.1063,true,1,33128
7290015340281,false,קמח שקדים ללא גלוטן,,,קמח שקדים ללא גלוטן,גרמים,400.00,100 גרם,false,,26.90,0.0672,true,1,33401
7290015340656,false,חמאת פיסטוק 250ג'- ה,,,חמאת פיסטוק 250ג'- ה,גרמים,250.00,100 גרם,false,,59.90,0.2396,true,1,66658
7290015354899,false,חרדל דיז'ון מעודן 35,,,חרדל דיז'ון מעודן 35,גרמים,350.00,100 גרם,false,,11.90,0.0340,true,1,74417
7290015375696,false,פרורי לחם עם שומשום,,,פרורי לחם עם שומשום,גרמים,400.00,100 גרם,false,,11.90,0.0298,true,1,71612
7290015395021,false,גוג'י ברי  קופסה 180,,,גוג'י ברי  קופסה 180,גרמים,180.00,100 גרם,false,,22.90,0.1272,true,1,82956
7290015470384,false,פנג'ל קרם ידיים מועש,,,פנג'ל קרם ידיים מועש,מיליליטרים,100.00,"100 מ""ל",false,,12.90,0.1290,true,1,60332
7290015597210,false,מאגדת טילון קורנטו ט,,,מאגדת טילון קורנטו ט,יחידה,0.00,יחידה,false,,34.90,0.0000,true,1,72668
7290015599016,false,צהובה טבעונית עם זית,,,צהובה טבעונית עם זית,גרמים,200.00,100 גרם,false,,21.90,0.1095,true,1,66993
7290015599023,false,צהובה טבעונית בטעם ק,,,צהובה טבעונית בטעם ק,גרמים,200.00,100 גרם,false,,21.90,0.1095,true,1,66996
7290015599047,false,בלוק צהובה טבעונית ל,,,בלוק צהובה טבעונית ל,יחידה,0.00,יחידה,false,,15.90,0.0000,true,1,66572
7290015599054,false,צהובה טבעונית בטעם צ,,,צהובה טבעונית בטעם צ,גרמים,200.00,100 גרם,false,,21.90,0.1095,true,1,66994
7290015599061,false,גבינה צהובה טבעונית,,,גבינה צהובה טבעונית,גרמים,200.00,100 גרם,false,,21.90,0.1095,true,1,66948
7290015599078,false,צהובה טבעונית עם עשב,,,צהובה טבעונית עם עשב,גרמים,200.00,100 גרם,false,,21.90,0.1095,true,1,66997
7290015599191,false,ממרח טבעוני  בטעם גב,,,ממרח טבעוני  בטעם גב,יחידה,0.00,יחידה,false,,16.90,0.0000,true,1,66574
7290015599207,false,גבינת שמנת טבעונית ב,,,גבינת שמנת טבעונית ב,יחידה,0.00,יחידה,false,,16.90,0.0000,true,1,66576
7290015599306,false,גבינת שמנת טבעונית ע,,,גבינת שמנת טבעונית ע,יחידה,0.00,יחידה,false,,16.90,0.0000,true,1,66577
7290015599313,false,גבינת שמנת טבעונית ב,,,גבינת שמנת טבעונית ב,יחידה,0.00,יחידה,false,,16.90,0.0000,true,1,66578
7290015599504,false,ממרח בטעם חמאה אורגנ,,,ממרח בטעם חמאה אורגנ,גרמים,225.00,100 גרם,false,,16.90,0.0751,true,1,74413
7290015599702,false,ממרח טבעוני בטעם גבי,,,ממרח טבעוני בטעם גבי,גרמים,170.00,100 גרם,false,,16.90,0.0994,true,1,83255
7290015599719,false,פרמזן טבעוני 150 גר',,,פרמזן טבעוני 150 גר',גרמים,150.00,100 גרם,false,,21.90,0.1460,true,1,82783
7290015603638,false,אורז עגול קלרוז,,,אורז עגול קלרוז,קילוגרמים,1.00,"ק""ג",false,,12.90,12.9000,true,1,63018
7290015634113,false,עמק האלה רוזה,,,עמק האלה רוזה,מיליליטרים,750.00,"100 מ""ל",false,,36.90,0.0492,true,1,62516
7290015634120,false,עמק האלה לבן 2015,,,עמק האלה לבן 2015,מיליליטרים,750.00,"100 מ""ל",false,,36.90,0.0492,true,1,62517
7290015634175,false,עמק האלה קברנה 2015,,,עמק האלה קברנה 2015,מיליליטרים,750.00,"100 מ""ל",false,,36.90,0.0492,true,1,66299
7290015634182,false,יין אוורד קברנה מרלו,,,יין אוורד קברנה מרלו,מיליליטרים,750.00,"100 מ""ל",false,,36.90,0.0492,true,1,69625
7290015644297,false,לחמניות פשוט מלא 6 י,אנג'ל,,לחמניות פשוט מלא 6 י,גרמים,450.00,100 גרם,false,,11.90,0.0264,true,1,67423
7290015663021,false,תבלין ראס אל חנות,נווה תבלין,,תבלין ראס אל חנות,גרמים,100.00,100 גרם,false,,8.40,0.0840,true,1,33769
7290015673198,false,המבורגר טקסס עם פטרי,,,המבורגר טקסס עם פטרי,גרמים,400.00,100 גרם,false,,24.90,0.0622,true,1,63134
7290015673204,false,קבב בולגרי עם פטרוזל,,,קבב בולגרי עם פטרוזל,גרמים,400.00,100 גרם,false,,24.90,0.0622,true,1,62852
7290015673587,false,קריספי טופו אסייתי 3,,,קריספי טופו אסייתי 3,גרמים,350.00,100 גרם,false,,25.90,0.0740,true,1,76452
7290015673594,false,קריספי טופו בוטנים 3,,,קריספי טופו בוטנים 3,גרמים,350.00,100 גרם,false,,22.90,0.0654,true,1,78060
7290015695800,false,נבטי ברוקולי,,,נבטי ברוקולי,גרמים,120.00,100 גרם,false,,11.90,0.0992,true,1,60380
7290015695817,false,נבטי קייל,,,נבטי קייל,גרמים,120.00,100 גרם,false,,11.90,0.0992,true,1,60381
7290015695831,false,נבטי צנונית,,,נבטי צנונית,גרמים,120.00,100 גרם,false,,11.90,0.0992,true,1,60383
7290015695848,false,נבטי אלפלפא,,,נבטי אלפלפא,גרמים,100.00,100 גרם,false,,11.90,0.1190,true,1,60384
7290015695855,false,נבטי חמניה,,,נבטי חמניה,גרמים,100.00,100 גרם,false,,10.90,0.1090,true,1,60385
7290015695886,false,מיקס נבטים,,,מיקס נבטים,גרמים,200.00,100 גרם,false,,11.90,0.0595,true,1,60388
7290015695893,false,מיקס נבטוטים,,,מיקס נבטוטים,גרמים,120.00,100 גרם,false,,10.90,0.0908,true,1,60390
7290015695916,false,מיקס נבטים ענק,,,מיקס נבטים ענק,גרמים,200.00,100 גרם,false,,19.90,0.0995,true,1,60468
7290015695923,false,נבטים סיניים,,,נבטים סיניים,יחידה,0.00,יחידה,false,,9.90,0.0000,true,1,63706
7290015695947,false,נבטי אפונה,,,נבטי אפונה,יחידה,0.00,יחידה,false,,10.90,0.0000,true,1,67887
7290015699730,false,סבון רצפות דה מרסיי,יעקובי הפי,,סבון רצפות דה מרסיי,ליטרים,1.50,ליטר,false,,11.90,7.9333,true,1,62768
7290015733168,false,מטרנה גולד שלב 3 700,,,מטרנה גולד שלב 3 700,גרמים,700.00,100 גרם,false,,75.90,0.1084,false,1,73417
7290015753173,false,אטבי כביסה סומו,,,אטבי כביסה סומו,יחידה,0.00,יחידה,false,,4.90,0.0000,true,1,60691
7290015753203,false,סומו- מטליות לניקוי,,,סומו- מטליות לניקוי,יחידה,0.00,יחידה,false,,6.90,0.0000,true,1,66320
7290015753210,false,סומו- מטליות לרצפה 3,,,סומו- מטליות לרצפה 3,יחידה,0.00,יחידה,false,,13.90,0.0000,true,1,66321
7290015753425,false,מגב סיליקון 42 עם תו,,,מגב סיליקון 42 עם תו,יחידה,0.00,יחידה,false,,39.90,0.0000,true,1,120735
7290015759007,false,נר נשמה 24 שעות בפח,,,נר נשמה 24 שעות בפח,יחידה,0.00,יחידה,false,,1.80,0.0000,true,1,121932
7290015781008,false,יין מרלו VISION טפרב,,,יין מרלו VISION טפרב,מיליליטרים,750.00,"100 מ""ל",false,,39.90,0.0532,true,1,59157
7290015781015,false,יין מלבק VISION טפרב,,,יין מלבק VISION טפרב,מיליליטרים,750.00,"100 מ""ל",false,,39.90,0.0532,true,1,59158
7290015781046,false,יין לבן חצי יבש VISI,,,יין לבן חצי יבש VISI,מיליליטרים,750.00,"100 מ""ל",false,,39.90,0.0532,true,1,59159
7290015781053,false,יין לבן יבש VISION ט,,,יין לבן יבש VISION ט,מיליליטרים,750.00,"100 מ""ל",false,,39.90,0.0532,true,1,59160
7290015781091,false,יין קברנה סוביניון V,,,יין קברנה סוביניון V,מיליליטרים,750.00,"100 מ""ל",false,,39.90,0.0532,true,1,59161
7290015781114,false,יין מרלו אימפריישן ט,,,יין מרלו אימפריישן ט,מיליליטרים,750.00,"100 מ""ל",false,,49.90,0.0665,true,1,59084
7290015781121,false,יין קברנה סוביניון א,,,יין קברנה סוביניון א,מיליליטרים,750.00,"100 מ""ל",false,,49.90,0.0665,true,1,59085
7290015781138,false,יין שרדונה אימפריישן,,,יין שרדונה אימפריישן,מיליליטרים,750.00,"100 מ""ל",false,,49.90,0.0665,true,1,59086
7290015781152,false,יין רוזה אימפריישן ט,,,יין רוזה אימפריישן ט,מיליליטרים,750.00,"100 מ""ל",false,,49.90,0.0665,true,1,59087
7290015781169,false,יין קברנה סוביניון ח,,,יין קברנה סוביניון ח,מיליליטרים,750.00,"100 מ""ל",false,,49.90,0.0665,true,1,59088
7290015781282,false,יין גוורצטמינר אימפר,,,יין גוורצטמינר אימפר,מיליליטרים,750.00,"100 מ""ל",false,,49.90,0.0665,true,1,59089
7290015781299,false,יין שיראז VISION טפר,,,יין שיראז VISION טפר,מיליליטרים,750.00,"100 מ""ל",false,,39.90,0.0532,true,1,59162
7290015781305,false,יין סירה אימפריישן ט,,,יין סירה אימפריישן ט,מיליליטרים,750.00,"100 מ""ל",false,,49.90,0.0665,true,1,59090
7290015781664,false,אלגרו למברוסקו לבן,,,אלגרו למברוסקו לבן,מיליליטרים,750.00,"100 מ""ל",false,,29.90,0.0399,true,1,72012
7290015790000,false,גרעיני רימון,,,גרעיני רימון,גרמים,250.00,100 גרם,false,,14.90,0.0596,true,1,59473
7290015804400,false,עגבניות מרוסקות 250,טל,,עגבניות מרוסקות 250,גרמים,250.00,100 גרם,false,,3.20,0.0128,false,1,62074
7290015804417,false,עגבניות מרוסקות עם ש,טל,,עגבניות מרוסקות עם ש,גרמים,250.00,100 גרם,false,,3.20,0.0128,false,1,62075
7290015804424,false,עגבניות מרוסקות בזיל,טל,,עגבניות מרוסקות בזיל,גרמים,250.00,100 גרם,false,,3.20,0.0128,false,1,62076
7290015804486,false,עגבניות מרוסקות בטעם,טל,,עגבניות מרוסקות בטעם,גרמים,250.00,100 גרם,false,,3.20,0.0128,false,1,62077
7290015809214,false,דגש פלאפל ללא גלוטן,,,דגש פלאפל ללא גלוטן,גרמים,180.00,100 גרם,false,,10.90,0.0606,true,1,119954
7290015839051,false,שטרודל תפוחים ללא סו,,,שטרודל תפוחים ללא סו,גרמים,500.00,100 גרם,false,,26.90,0.0538,true,1,89233
7290015858106,false,פסטו ביתי מצונן,,,פסטו ביתי מצונן,גרמים,180.00,100 גרם,false,,15.90,0.0883,true,1,69536
7290015858113,false,ממרח עגבניות מיובשות,,,ממרח עגבניות מיובשות,גרמים,180.00,100 גרם,false,,15.90,0.0883,true,1,69537
7290015858144,false,ממרח ארטישוק מצונן,,,ממרח ארטישוק מצונן,גרמים,180.00,100 גרם,false,,15.90,0.0883,true,1,69540
7290015858151,false,ממרח שום מצונן,,,ממרח שום מצונן,גרמים,180.00,100 גרם,false,,15.90,0.0883,true,1,69541
7290015858175,false,ממרח פלפלים קלויים מ,,,ממרח פלפלים קלויים מ,גרמים,180.00,100 גרם,false,,15.90,0.0883,true,1,69543
7290015858212,false,ממרח לימון כבוש מצונ,,,ממרח לימון כבוש מצונ,גרמים,180.00,100 גרם,false,,15.90,0.0883,true,1,69545
7290015858229,false,טפנד זיתי קלמטה מצונ,,,טפנד זיתי קלמטה מצונ,גרמים,180.00,100 גרם,false,,15.90,0.0883,true,1,69546
7290015858243,false,צ'ימיצ'ורי מצונן,,,צ'ימיצ'ורי מצונן,גרמים,180.00,100 גרם,false,,15.90,0.0883,true,1,69547
7290015858328,false,איולי פסטו,,,איולי פסטו,גרמים,295.00,100 גרם,false,,15.90,0.0539,true,1,122094
7290015858434,false,שום כתוש 250 גר על ה,,,שום כתוש 250 גר על ה,גרמים,250.00,100 גרם,false,,14.50,0.0580,true,1,79610
7290015858441,false,איולי פלפלים,,,איולי פלפלים,גרמים,295.00,100 גרם,false,,15.90,0.0539,true,1,122092
7290015858687,false,איולי שום,,,איולי שום,גרמים,295.00,100 גרם,false,,15.90,0.0539,true,1,122093
7290015858694,false,איולי שום לימון,,,איולי שום לימון,גרמים,295.00,100 גרם,false,,15.90,0.0539,true,1,122095
7290015859004,false,עירית,,,עירית,יחידה,0.00,יחידה,false,,5.50,0.0000,true,1,60491
7290015859028,false,תרד ניו זילנד,,,תרד ניו זילנד,יחידה,0.00,יחידה,false,,11.90,0.0000,true,1,60480
7290015859042,false,לבבות קיסר,,,לבבות קיסר,יחידה,0.00,יחידה,false,,11.90,0.0000,true,1,60482
7290015859066,false,אורגנו,,,אורגנו,יחידה,0.00,יחידה,false,,5.50,0.0000,true,1,60492
7290015859073,false,רוזמרין,,,רוזמרין,יחידה,0.00,יחידה,false,,5.50,0.0000,true,1,60493
7290015859080,false,קורנית,,,קורנית,יחידה,0.00,יחידה,false,,5.50,0.0000,true,1,60705
7290015859103,false,מרווה,,,מרווה,יחידה,0.00,יחידה,false,,5.50,0.0000,true,1,60496
7290015859127,false,רוקולה,,,רוקולה,יחידה,0.00,יחידה,false,,10.90,0.0000,true,1,60498
7290015859202,false,בזיליקום,,,בזיליקום,יחידה,0.00,יחידה,false,,5.50,0.0000,true,1,60501
7290015859233,false,קייל ירוק,,,קייל ירוק,יחידה,0.00,יחידה,false,,10.90,0.0000,true,1,60503
7290015859257,false,תרד תורכי,,,תרד תורכי,יחידה,0.00,יחידה,false,,9.90,0.0000,true,1,60488
7290015859271,false,עלי רוקט,,,עלי רוקט,יחידה,0.00,יחידה,false,,9.90,0.0000,true,1,60505
7290015859288,false,עלי בייבי,,,עלי בייבי,יחידה,0.00,יחידה,false,,9.90,0.0000,true,1,60506
7290015859301,false,חסה מסולסלת/משי,,,חסה מסולסלת/משי,יחידה,0.00,יחידה,false,,10.90,0.0000,true,1,60489
7290015859394,false,אנדיב לבן,,,אנדיב לבן,יחידה,0.00,יחידה,false,,15.90,0.0000,true,1,88004
7290015859462,false,נבטי חמניה,,,נבטי חמניה,יחידה,0.00,יחידה,false,,8.90,0.0000,true,1,64441
7290015859479,false,נבטים סיניים,,,נבטים סיניים,יחידה,0.00,יחידה,false,,6.90,0.0000,true,1,64442
7290015859493,false,חסה באטר קראנץ 300 ג,,,חסה באטר קראנץ 300 ג,גרמים,300.00,100 גרם,false,,10.90,0.0363,true,1,67116
7290015859509,false,חסה סלנובה,,,חסה סלנובה,יחידה,0.00,יחידה,false,,10.90,0.0000,true,1,66689
7290015859806,false,חסה לאליק,,,חסה לאליק,יחידה,0.00,יחידה,false,,10.90,0.0000,true,1,88310
7290015888301,false,שמן חמניות שוקחה 3 ל,,,שמן חמניות שוקחה 3 ל,ליטרים,3.00,ליטר,false,,34.90,11.6333,true,1,89172
7290015951616,false,גמלא סנג'ובזה 2015,,,גמלא סנג'ובזה 2015,מיליליטרים,750.00,"100 מ""ל",false,,54.90,0.0732,true,1,70737
7290016006025,false,שוופס סודה 0.5 ליטר,,,שוופס סודה 0.5 ליטר,מיליליטרים,500.00,"100 מ""ל",false,,3.00,0.0060,true,1,63953
7290016006148,false,שוופס מוגז 0.5 ליטר,שוופס,,שוופס מוגז 0.5 ליטר,מיליליטרים,500.00,"100 מ""ל",false,,4.90,0.0098,true,1,63842
7290016006292,false,ספרינג מנגו בננה מלו,ספרינג,,ספרינג מנגו בננה מלו,ליטרים,1.00,ליטר,false,,6.90,6.9000,false,1,62924
7290016006322,false,מי עדן 1 ליטר בקבוק,מי עדן,,מי עדן 1 ליטר בקבוק,ליטרים,1.00,ליטר,false,,2.90,2.9000,false,1,78649
7290016006339,false,רביעייה מי עדן 1 ליט,מי עדן,,רביעייה מי עדן 1 ליט,ליטרים,4.00,ליטר,false,,10.00,2.5000,false,1,63466
7290016006346,false,שישייה סודה שוופס 0.,שוופס,,שישייה סודה שוופס 0.,ליטרים,3.00,ליטר,false,,14.90,4.9667,true,1,62317
7290016035025,false,לחם פשתן פרוס מזרעי,,,לחם פשתן פרוס מזרעי,גרמים,450.00,100 גרם,false,,23.90,0.0531,true,1,76373
7290016077766,false,שעועית אפויה היינץ,,,שעועית אפויה היינץ,גרמים,228.00,100 גרם,false,,8.90,0.0390,true,1,71357
7290016082203,false,בירת הגיבור בסגנון א,,,בירת הגיבור בסגנון א,מיליליטרים,330.00,"100 מ""ל",false,,12.90,0.0391,true,1,85529
7290016082210,false,בירת חיטה בווארית הג,,,בירת חיטה בווארית הג,מיליליטרים,330.00,"100 מ""ל",false,,12.90,0.0391,true,1,85526
7290016082234,false,בירת הגיבור בסגנון ס,,,בירת הגיבור בסגנון ס,מיליליטרים,330.00,"100 מ""ל",false,,12.90,0.0391,true,1,85530
7290016082241,false,בירת הגיבור בסגנון I,,,בירת הגיבור בסגנון I,מיליליטרים,330.00,"100 מ""ל",false,,12.90,0.0391,true,1,85527
7290016082326,false,"בירת הגיבורה 330 מ""ל",,,"בירת הגיבורה 330 מ""ל",מיליליטרים,330.00,"100 מ""ל",false,,12.90,0.0391,true,1,121616
7290016082333,false,בירת אייל זהובה קלאס,,,בירת אייל זהובה קלאס,מיליליטרים,330.00,"100 מ""ל",false,,12.90,0.0391,true,1,85528
7290016082364,false,בירת הגיבור פייל איי,,,בירת הגיבור פייל איי,מיליליטרים,330.00,"100 מ""ל",false,,12.90,0.0391,true,1,117379
7290016096491,false,שלישיית פיל טונה בשמ,,,שלישיית פיל טונה בשמ,גרמים,168.00,100 גרם,false,,10.90,0.0649,true,1,69900
7290016096675,false,שלישיה פיל טונה בשמן,,,שלישיה פיל טונה בשמן,גרמים,168.00,100 גרם,false,,12.90,0.0768,false,1,78368
7290016114300,false,נייר טואלט לילי לבן,,,נייר טואלט לילי לבן,יחידה,0.00,יחידה,false,,37.90,0.0000,false,1,65182
7290016136111,false,תערובת להכנת מאפים ל,,,תערובת להכנת מאפים ל,גרמים,500.00,100 גרם,false,,19.90,0.0398,true,1,63614
7290016136692,false,משחת שיניים אקווה פר,אקווה פרש,,משחת שיניים אקווה פר,מיליליטרים,300.00,"100 מ""ל",false,,19.90,0.0663,true,1,64535
7290016136708,false,משחת שיניים אקווה פר,אקווה פרש,,משחת שיניים אקווה פר,מיליליטרים,300.00,"100 מ""ל",false,,19.90,0.0663,true,1,64536
7290016136722,false,פתיתים פנה ללא גלוטן,,,פתיתים פנה ללא גלוטן,גרמים,340.00,100 גרם,false,,10.90,0.0321,true,1,76828
7290016136739,false,פסטה פוזילי ללא גלוט,,,פסטה פוזילי ללא גלוט,גרמים,340.00,100 גרם,false,,10.90,0.0321,true,1,70929
7290016144000,false,קמח חיטה 80% נפלאות,,,קמח חיטה 80% נפלאות,קילוגרמים,1.00,"ק""ג",false,,8.90,8.9000,true,1,87309
7290016144024,false,קמח נפלאות כוסמין מל,,,קמח נפלאות כוסמין מל,קילוגרמים,1.00,"ק""ג",false,,14.90,14.9000,true,1,86598
7290016144031,false,קמח חיטה לבן מנופה 1,,,קמח חיטה לבן מנופה 1,קילוגרמים,1.00,"ק""ג",false,,6.90,6.9000,true,1,87308
7290016144048,false,קמח נפלאות כוסמין לב,,,קמח נפלאות כוסמין לב,קילוגרמים,1.00,"ק""ג",false,,14.90,14.9000,true,1,86599
7290016144055,false,קמח נפלאות כוסמין בה,,,קמח נפלאות כוסמין בה,קילוגרמים,1.00,"ק""ג",false,,14.90,14.9000,true,1,86600
7290016144079,false,קמח חיטה כפרי נפלאות,,,קמח חיטה כפרי נפלאות,קילוגרמים,1.00,"ק""ג",false,,8.90,8.9000,true,1,119218
7290016144086,false,קמח חלה מנופה נפלאות,,,קמח חלה מנופה נפלאות,קילוגרמים,1.00,"ק""ג",false,,7.90,7.9000,true,1,119219
7290016144093,false,קמח לחם מנופה נפלאות,,,קמח לחם מנופה נפלאות,קילוגרמים,1.00,"ק""ג",false,,7.90,7.9000,true,1,119220
7290016144109,false,קמח פיצה נפלאות,,,קמח פיצה נפלאות,קילוגרמים,1.00,"ק""ג",false,,14.90,14.9000,true,1,119221
7290016144116,false,קמח חיטה תופח נפלאות,,,קמח חיטה תופח נפלאות,קילוגרמים,1.00,"ק""ג",false,,8.90,8.9000,true,1,119222
7290016146004,false,קמח שקד מולבן 300 גר,,,קמח שקד מולבן 300 גר,גרמים,300.00,100 גרם,false,,24.90,0.0830,true,1,65941
7290016146066,false,מחית 100% תמרים 500,,,מחית 100% תמרים 500,גרמים,500.00,100 גרם,false,,12.90,0.0258,true,1,81967
7290016146110,false,סירופ חרובים לחיץ,,,סירופ חרובים לחיץ,גרמים,500.00,100 גרם,false,,19.90,0.0398,true,1,68167
7290016146141,false,סירופ מייפל אורגני,,,סירופ מייפל אורגני,מיליליטרים,250.00,"100 מ""ל",false,,23.90,0.0956,true,1,69372
7290016146400,false,שוקולד תבור 60% 100,,,שוקולד תבור 60% 100,גרמים,100.00,100 גרם,false,,15.90,0.1590,true,1,81956
7290016146424,false,שוקולד תבור 70% 100,,,שוקולד תבור 70% 100,גרמים,100.00,100 גרם,false,,15.90,0.1590,true,1,81957
7290016146431,false,שוקולד תבור 72% 100,,,שוקולד תבור 72% 100,גרמים,100.00,100 גרם,false,,15.90,0.1590,true,1,81958
7290016146455,false,שוקולד תבור 100% 100,,,שוקולד תבור 100% 100,גרמים,100.00,100 גרם,false,,15.90,0.1590,true,1,81960
7290016146462,false,שוקולד תבור 88% 100,,,שוקולד תבור 88% 100,גרמים,100.00,100 גרם,false,,15.90,0.1590,true,1,81961
7290016146509,false,גרנולה עשירה 500 גרם,,,גרנולה עשירה 500 גרם,גרמים,500.00,100 גרם,false,,19.90,0.0398,true,1,81969
7290016197488,false,מטליות לשיש מיקרו פי,,,מטליות לשיש מיקרו פי,יחידה,0.00,יחידה,false,,10.90,0.0000,true,1,62192
7290016197495,false,זוג מטליות מיקרופייב,,,זוג מטליות מיקרופייב,יחידה,0.00,יחידה,false,,16.90,0.0000,true,1,62193
7290016197600,false,תחבושת דיפנד לנשים נ,,,תחבושת דיפנד לנשים נ,יחידה,0.00,יחידה,false,,19.90,0.0000,true,1,64104
7290016197617,false,תחבושת דיפנד לנשים א,,,תחבושת דיפנד לנשים א,יחידה,0.00,יחידה,false,,19.90,0.0000,true,1,64084
7290016197624,false,תחבושות דיפנד לנשים,,,תחבושות דיפנד לנשים,יחידה,0.00,יחידה,false,,19.90,0.0000,true,1,64105
7290016197839,false,השקית החזקה 20 יח XL,,,השקית החזקה 20 יח XL,יחידה,0.00,יחידה,false,,21.90,0.0000,true,1,62194
7290016197877,false,שקית ניקול לפח מטבח,,,שקית ניקול לפח מטבח,יחידה,0.00,יחידה,false,,21.00,0.0000,true,1,62778
7290016217735,false,חציל על האש 200 גרם,,,חציל על האש 200 גרם,גרמים,200.00,100 גרם,false,,9.90,0.0495,true,1,118155
7290016217742,false,חציל בטחינה 200 גרם,,,חציל בטחינה 200 גרם,גרמים,200.00,100 גרם,false,,9.90,0.0495,true,1,118154
7290016217759,false,חציל מרוקאי 200 גרם,,,חציל מרוקאי 200 גרם,גרמים,200.00,100 גרם,false,,11.90,0.0595,true,1,118162
7290016246018,false,בארכה מיקס פינוקיות,,,בארכה מיקס פינוקיות,גרמים,200.00,100 גרם,false,,12.90,0.0645,true,1,61985
7290016246209,false,חלבה בארכה וניל 100,,,חלבה בארכה וניל 100,גרמים,100.00,100 גרם,false,,3.20,0.0320,false,1,66951
7290016246445,false,בארכה טחינה גולמית מ,,,בארכה טחינה גולמית מ,גרמים,310.00,100 גרם,false,,12.90,0.0416,true,1,75324
7290016246452,false,בארכה טחינה גולמית מ,,,בארכה טחינה גולמית מ,גרמים,310.00,100 גרם,false,,12.90,0.0416,true,1,75325
7290016246773,false,בארכה טחינה גולמית מ,,,בארכה טחינה גולמית מ,גרמים,310.00,100 גרם,false,,12.90,0.0416,false,1,86077
7290016276169,false,טחינה אהרוני שומשום,,,טחינה אהרוני שומשום,גרמים,500.00,100 גרם,false,,11.50,0.0230,true,1,65478
7290016276756,false,מעדן 4 פירות 100% רכ,,,מעדן 4 פירות 100% רכ,גרמים,284.00,100 גרם,false,,10.00,0.0352,true,1,64683
7290016276763,false,מעדן שזיף 100% רכיבי,,,מעדן שזיף 100% רכיבי,גרמים,284.00,100 גרם,false,,10.00,0.0352,true,1,64684
7290016276787,false,מעדן אננס ללא סוכר ש,,,מעדן אננס ללא סוכר ש,גרמים,284.00,100 גרם,false,,10.00,0.0352,true,1,67910
7290016276800,false,"מעדן תפ""ע  ללא סוכר",,,"מעדן תפ""ע  ללא סוכר",גרמים,284.00,100 גרם,false,,10.00,0.0352,true,1,67911
7290016284003,false,חסה הידרופונית רומית,,,חסה הידרופונית רומית,יחידה,0.00,יחידה,false,,8.90,0.0000,true,1,66693
7290016304404,false,לחם קוביות 100% כוסמ,מאפיית דוידוביץ ובני,,לחם קוביות 100% כוסמ,גרמים,600.00,100 גרם,false,,12.90,0.0215,true,1,73137
7290016304596,false,מארז 10 לחמניות לסנד,מאפיית דוידוביץ ובני,,מארז 10 לחמניות לסנד,גרמים,750.00,100 גרם,false,,12.90,0.0172,true,1,83885
7290016306002,false,גלידת וניל קוקוס,,,גלידת וניל קוקוס,מיליליטרים,473.00,"100 מ""ל",false,,34.90,0.0738,true,1,82039
7290016306026,false,גלידת שוקולד עם פצפו,,,גלידת שוקולד עם פצפו,מיליליטרים,473.00,"100 מ""ל",false,,34.90,0.0738,true,1,82037
7290016306040,false,גלידת קרמל עם פקאן ק,,,גלידת קרמל עם פקאן ק,מיליליטרים,473.00,"100 מ""ל",false,,34.90,0.0738,true,1,82040
7290016306064,false,גלידת פאי לימון,,,גלידת פאי לימון,מיליליטרים,473.00,"100 מ""ל",false,,34.90,0.0738,true,1,82041
7290016306101,false,גלידת קפוצינו עם שבר,,,גלידת קפוצינו עם שבר,מיליליטרים,473.00,"100 מ""ל",false,,34.90,0.0738,true,1,82042
7290016306132,false,גלידת פיסטוק עם קרנצ,,,גלידת פיסטוק עם קרנצ,מיליליטרים,473.00,"100 מ""ל",false,,34.90,0.0738,true,1,82043
7290016306187,false,גלידת קוקוס עם פירות,,,גלידת קוקוס עם פירות,מיליליטרים,473.00,"100 מ""ל",false,,34.90,0.0738,true,1,82046
7290016306217,false,גלידת שוקולד עם אגוז,,,גלידת שוקולד עם אגוז,מיליליטרים,473.00,"100 מ""ל",false,,34.90,0.0738,true,1,84041
7290016306224,false,גלידת קוקו וניל פצפו,,,גלידת קוקו וניל פצפו,מיליליטרים,473.00,"100 מ""ל",false,,34.90,0.0738,true,1,90471
7290016319309,false,פמלי אל סבון 1 ליטר,פמלי,,פמלי אל סבון 1 ליטר,ליטרים,1.00,ליטר,false,,11.90,11.9000,false,1,65320
7290016320343,false,"דאק ג'ל נוזל 750 מ""ל",טואלט דאק (ג'ונסון),,"דאק ג'ל נוזל 750 מ""ל",מיליליטרים,1500.00,"100 מ""ל",false,,17.90,0.0119,true,1,70799
7290016321531,false,מגע הדבש רצועות שעוו,,,מגע הדבש רצועות שעוו,יחידה,0.00,יחידה,false,,19.90,0.0000,true,1,83635
7290016321548,false,מגע הדבש רצועות שעוו,,,מגע הדבש רצועות שעוו,יחידה,0.00,יחידה,false,,19.90,0.0000,true,1,83636
7290016321661,false,מגבונים פרש וואנס לל,פרש-וואנס,,מגבונים פרש וואנס לל,יחידה,0.00,יחידה,false,,15.90,0.0000,false,1,78604
7290016321678,false,מגבונים פרש וואנס עם,פרש-וואנס,,מגבונים פרש וואנס עם,יחידה,0.00,יחידה,false,,15.90,0.0000,false,1,78605
7290016321777,false,מגע הדבש רצועות שעוו,,,מגע הדבש רצועות שעוו,יחידה,0.00,יחידה,false,,19.90,0.0000,true,1,83639
7290016321883,false,פרש וואנס נייר טואלט,פרש-וואנס,,פרש וואנס נייר טואלט,יחידה,0.00,יחידה,false,,12.90,0.0000,true,1,77501
7290016321890,false,פרש וואנס נייר טואלט,פרש-וואנס,,פרש וואנס נייר טואלט,יחידה,0.00,יחידה,false,,12.90,0.0000,true,1,77502
7290016329278,false,מגבונים לחים קמיל רב,"ד""ר פישר",,מגבונים לחים קמיל רב,יחידה,0.00,יחידה,false,,19.90,0.0000,false,1,69832
7290016329308,false,סרקל קרם רוזמרין לשי,"ד""ר פישר",,סרקל קרם רוזמרין לשי,מיליליטרים,325.00,"100 מ""ל",false,,26.90,0.0828,true,1,67518
7290016370065,false,זיתים נובו מבוקע יבנ,קבוצת יבנה,,זיתים נובו מבוקע יבנ,יחידה,0.00,יחידה,false,,9.90,0.0000,true,1,90079
7290016370973,false,פלפל אדום קלוי על הא,קבוצת יבנה,,פלפל אדום קלוי על הא,גרמים,390.00,100 גרם,false,,10.00,0.0256,true,1,65832
7290016372373,false,רסק עגבניות זוגות בל,,,רסק עגבניות זוגות בל,גרמים,280.00,100 גרם,false,,7.90,0.0282,true,1,70462
7290016372397,false,תה ירוק תפוז ג'נג'ר,ויסוצקי,,תה ירוק תפוז ג'נג'ר,יחידה,0.00,יחידה,false,,24.90,0.0000,false,1,70408
7290016372458,false,חליטת גן קסום לימוני,ויסוצקי,,חליטת גן קסום לימוני,גרמים,75.00,100 גרם,false,,34.90,0.4653,true,1,70483
7290016372489,false,חליטת ג'ינג'ר לימון,ויסוצקי,,חליטת ג'ינג'ר לימון,גרמים,40.00,100 גרם,false,,18.90,0.4725,true,1,70413
7290016372922,false,תה ירוק ג'ינג'ר כורכ,ויסוצקי,,תה ירוק ג'ינג'ר כורכ,גרמים,37.50,100 גרם,false,,24.90,0.6640,false,1,75264
7290016408119,false,טרליני כעכים בטעם קל,,,טרליני כעכים בטעם קל,גרמים,225.00,100 גרם,false,,6.90,0.0307,true,1,64436
7290016408133,false,טרליני מיני כעכים אי,,,טרליני מיני כעכים אי,גרמים,225.00,100 גרם,false,,6.90,0.0307,true,1,64320
7290016408164,false,טרליני כעכים בטעם שו,,,טרליני כעכים בטעם שו,גרמים,225.00,100 גרם,false,,6.90,0.0307,true,1,64468
7290016408294,false,מרשמלו כרמית 150 גרם,,,מרשמלו כרמית 150 גרם,גרמים,150.00,100 גרם,false,,4.90,0.0327,true,1,67550
7290016408393,false,חטיף קרקר עם שומשום,,,חטיף קרקר עם שומשום,גרמים,130.00,100 גרם,false,,5.90,0.0454,true,1,65528
7290016408423,false,חטיף קרקר עם זיתים ש,,,חטיף קרקר עם זיתים ש,גרמים,130.00,100 גרם,false,,5.90,0.0454,true,1,65531
7290016408430,false,חטיף קרקר עם תערובת,,,חטיף קרקר עם תערובת,גרמים,130.00,100 גרם,false,,5.90,0.0454,true,1,65532
7290016408447,false,חטיף קרקר עם עגבניות,,,חטיף קרקר עם עגבניות,גרמים,130.00,100 גרם,false,,5.90,0.0454,true,1,65533
7290016408744,false,מרשמלו טוויסטר כרמית,,,מרשמלו טוויסטר כרמית,גרמים,150.00,100 גרם,false,,4.90,0.0327,true,1,68581
7290016437614,false,האגיס פנטס מידה 3,,,האגיס פנטס מידה 3,יחידה,0.00,יחידה,false,,44.90,0.0000,false,1,67721
7290016437621,false,האגיס פנטס מידה 4,,,האגיס פנטס מידה 4,יחידה,0.00,יחידה,false,,44.90,0.0000,false,1,67722
7290016437645,false,האגיס פנטס מידה 5,,,האגיס פנטס מידה 5,יחידה,0.00,יחידה,false,,44.90,0.0000,false,1,67723
7290016437652,false,האגיס פנטס מידה 6,,,האגיס פנטס מידה 6,יחידה,0.00,יחידה,false,,44.90,0.0000,false,1,67724
7290016439410,false,ממרח תמרים טבעי משק,,,ממרח תמרים טבעי משק,גרמים,300.00,100 גרם,false,,8.90,0.0297,true,1,118908
7290016439601,false,מחית תמרים משק צור 4,,,מחית תמרים משק צור 4,גרמים,450.00,100 גרם,false,,4.90,0.0109,true,1,121804
7290016440669,false,עגבניות כבושות,,,עגבניות כבושות,גרמים,500.00,100 גרם,false,,19.90,0.0398,true,1,83669
7290016440911,false,מלפפונים כבושים,,,מלפפונים כבושים,גרמים,500.00,100 גרם,false,,19.90,0.0398,true,1,83668
7290016475067,false,לאפות רביעייה,,,לאפות רביעייה,יחידה,0.00,יחידה,false,,11.90,0.0000,true,1,64505
7290016496208,false,פתיל צף מוכן,,,פתיל צף מוכן,יחידה,0.00,יחידה,false,,4.90,0.0000,true,1,85943
7290016509793,false,פרסיל ג'ל 4 ליטר ירו,פרסיל,,פרסיל ג'ל 4 ליטר ירו,ליטרים,4.00,ליטר,false,,44.90,11.2250,true,1,73798
7290016509816,false,פרסיל ג'ל 4 ליטר קול,פרסיל,,פרסיל ג'ל 4 ליטר קול,ליטרים,4.00,ליטר,false,,44.90,11.2250,true,1,73800
7290016509830,false,פרסיל ג'ל 2.5 ליטר ב,פרסיל,,פרסיל ג'ל 2.5 ליטר ב,ליטרים,2.50,ליטר,false,,34.90,13.9600,true,1,73802
7290016509847,false,פרסיל ג'ל 2.5 ליטר ב,פרסיל,,פרסיל ג'ל 2.5 ליטר ב,ליטרים,2.50,ליטר,false,,34.90,13.9600,true,1,76469
7290016510096,false,הוואי שמפו מי קוקוס,,,הוואי שמפו מי קוקוס,מיליליטרים,700.00,"100 מ""ל",false,,8.90,0.0127,false,1,72094
7290016510102,false,הוואי מרכך מי קוקוס,,,הוואי מרכך מי קוקוס,מיליליטרים,700.00,"100 מ""ל",false,,8.90,0.0127,false,1,72095
7290016510225,false,הוואי תחליב רחצה וני,,,הוואי תחליב רחצה וני,מיליליטרים,700.00,"100 מ""ל",false,,8.90,0.0127,false,1,73918
7290016510232,false,הוואי תחליב רחצה יוג,,,הוואי תחליב רחצה יוג,מיליליטרים,700.00,"100 מ""ל",false,,8.90,0.0127,false,1,73919
7290016510249,false,הוואי תחליב רחצה יוג,,,הוואי תחליב רחצה יוג,מיליליטרים,700.00,"100 מ""ל",false,,8.90,0.0127,false,1,73920
7290016510287,false,הוואי תחליב רחצה קרם,,,הוואי תחליב רחצה קרם,מיליליטרים,700.00,"100 מ""ל",false,,8.90,0.0127,false,1,73923
7290016510317,false,הוואי ג'ל רחצה 700 מ,,,הוואי ג'ל רחצה 700 מ,מיליליטרים,700.00,"100 מ""ל",false,,8.90,0.0127,false,1,74004
7290016510430,false,הוואי תחליב רחצה עם,,,הוואי תחליב רחצה עם,מיליליטרים,700.00,"100 מ""ל",false,,8.90,0.0127,false,1,73926
7290016510768,false,תחליב רחצה הוואי יוג,,,תחליב רחצה הוואי יוג,מיליליטרים,700.00,"100 מ""ל",false,,8.90,0.0127,false,1,76521
7290016510898,false,שמפו הוואי תמצית דוב,הוואי,,שמפו הוואי תמצית דוב,מיליליטרים,700.00,"100 מ""ל",false,,8.90,0.0127,false,1,77837
7290016510904,false,מרכך הוואי תמצית דוב,הוואי,,מרכך הוואי תמצית דוב,מיליליטרים,700.00,"100 מ""ל",false,,8.90,0.0127,false,1,77839
7290016537000,false,במיה הודית,,,במיה הודית,יחידה,0.00,יחידה,false,,23.90,0.0000,true,1,74747
7290016537017,false,תרד גוליבר,,,תרד גוליבר,יחידה,0.00,יחידה,false,,14.90,0.0000,true,1,83020
7290016537031,false,אפונת שלג  כפרי חן,,,אפונת שלג  כפרי חן,יחידה,0.00,יחידה,false,,23.90,0.0000,true,1,75405
7290016545340,false,בירה קלוצמן ברגמוט,,,בירה קלוצמן ברגמוט,מיליליטרים,330.00,"100 מ""ל",false,,15.90,0.0482,true,1,84480
7290016545395,false,בירה קלוצמן קלמנסי 4,,,בירה קלוצמן קלמנסי 4,מיליליטרים,330.00,"100 מ""ל",false,,15.90,0.0482,true,1,121906
7290016564006,false,מבריקל הפלא,,,מבריקל הפלא,יחידה,0.00,יחידה,false,,9.90,0.0000,true,1,67483
7290016564266,false,כיסוי הפלא מבריקל,,,כיסוי הפלא מבריקל,יחידה,0.00,יחידה,false,,9.90,0.0000,true,1,79331
7290016564273,false,מבריקל הפלא מטלית מי,,,מבריקל הפלא מטלית מי,יחידה,0.00,יחידה,false,,16.90,0.0000,true,1,77628
7290016564402,false,מבריקל הפלא מטליות מ,,,מבריקל הפלא מטליות מ,יחידה,0.00,יחידה,false,,9.90,0.0000,true,1,119145
7290016565096,false,פסטו משובח הידרופוני,,,פסטו משובח הידרופוני,יחידה,0.00,יחידה,false,,24.90,0.0000,true,1,84486
7290016565324,false,ממרח לימונים משובח,,,ממרח לימונים משובח,יחידה,0.00,יחידה,false,,24.90,0.0000,true,1,90175
7290016565348,false,לימון ליים 400 גרם,,,לימון ליים 400 גרם,גרמים,400.00,100 גרם,false,,7.50,0.0188,true,1,118503
7290016584011,false,חטיפוני גזר 350 גר',מרינה,,חטיפוני גזר 350 גר',גרמים,350.00,100 גרם,false,,11.90,0.0340,true,1,65911
7290016584219,false,שעועית ירוקה שלמה טר,מרינה,,שעועית ירוקה שלמה טר,גרמים,410.00,100 גרם,false,,15.90,0.0388,true,1,84385
7290016621358,false,אל סבון נוזלי להזנה,"ד""ר פישר",,אל סבון נוזלי להזנה,ליטרים,1.00,ליטר,false,,15.90,15.9000,false,1,68692
7290016634907,false,זרעים מיקס צנונית,,,זרעים מיקס צנונית,יחידה,0.00,יחידה,false,,5.90,0.0000,true,1,117947
7290016634914,false,זרעים מיקס שרי,,,זרעים מיקס שרי,יחידה,0.00,יחידה,false,,5.90,0.0000,true,1,117962
7290016634938,false,זרעים קולורבי,,,זרעים קולורבי,יחידה,0.00,יחידה,false,,5.90,0.0000,true,1,117964
7290016646078,false,היילה טחינה אתיופית,,,היילה טחינה אתיופית,גרמים,700.00,100 גרם,false,,23.90,0.0341,true,1,88667
7290016646177,false,היילה טחינה אתיופית,,,היילה טחינה אתיופית,גרמים,350.00,100 גרם,false,,16.90,0.0483,true,1,121118
7290016651300,false,מברשת ראש יוקרה,,,מברשת ראש יוקרה,יחידה,0.00,יחידה,false,,14.90,0.0000,true,1,69278
7290016651317,false,מברשת ראש סטייל,,,מברשת ראש סטייל,יחידה,0.00,יחידה,false,,13.90,0.0000,true,1,69279
7290016651324,false,סקוץ קוצים שמנקה הכל,,,סקוץ קוצים שמנקה הכל,יחידה,0.00,יחידה,false,,9.90,0.0000,true,1,69491
7290016651355,false,מראת הגדלה,,,מראת הגדלה,יחידה,0.00,יחידה,false,,19.90,0.0000,true,1,78772
7290016651362,false,קיסמי שיניים עם חוט,,,קיסמי שיניים עם חוט,יחידה,0.00,יחידה,false,,11.90,0.0000,true,1,69280
7290016651867,false,תחתית תחרה עגול גדול,,,תחתית תחרה עגול גדול,יחידה,0.00,יחידה,false,,16.90,0.0000,true,1,88660
7290016657012,false,סיכה סט פפיון,,,סיכה סט פפיון,יחידה,0.00,יחידה,false,,6.90,0.0000,true,1,68620
7290016682052,false,פרי ניב לימונענע 400,,,פרי ניב לימונענע 400,מיליליטרים,400.00,"100 מ""ל",false,,8.50,0.0213,true,1,69930
7290016682328,false,מיץ תפוזים מרכז 2 לי,,,מיץ תפוזים מרכז 2 לי,ליטרים,2.00,ליטר,false,,17.20,8.6000,true,1,117637
7290016682335,false,מיץ תפוזים סחוט 2 לי,,,מיץ תפוזים סחוט 2 לי,ליטרים,2.00,ליטר,false,,22.00,11.0000,true,1,117638
7290016682342,false,מיץ תפוזים ולנסיה 2,,,מיץ תפוזים ולנסיה 2,ליטרים,2.00,ליטר,false,,25.90,12.9500,true,1,117639
7290016682359,false,מיץ תפוזים שמוטי 2 ל,,,מיץ תפוזים שמוטי 2 ל,ליטרים,2.00,ליטר,false,,25.90,12.9500,true,1,117640
7290016682366,false,מיץ תפוח צלול 2 ליטר,,,מיץ תפוח צלול 2 ליטר,ליטרים,2.00,ליטר,false,,19.90,9.9500,true,1,117641
7290016682380,false,מיץ לימונדה לואיזה 2,,,מיץ לימונדה לואיזה 2,ליטרים,2.00,ליטר,false,,19.90,9.9500,true,1,117643
7290016717044,false,באז ספרקלינג מנגו 75,,,באז ספרקלינג מנגו 75,מיליליטרים,750.00,"100 מ""ל",false,,23.90,0.0319,true,1,77243
7290016717051,false,רימון BUZZ,,,רימון BUZZ,מיליליטרים,750.00,"100 מ""ל",false,,23.90,0.0319,true,1,79209
7290016717631,false,מוסקטו פרייבט קולקשן,,,מוסקטו פרייבט קולקשן,מיליליטרים,750.00,"100 מ""ל",false,,34.90,0.0465,false,1,72736
7290016717754,false,יין ישן נושן,,,יין ישן נושן,מיליליטרים,750.00,"100 מ""ל",false,,17.90,0.0239,true,1,73873
7290016717976,false,באז ספרקלינג אפרסק 7,,,באז ספרקלינג אפרסק 7,מיליליטרים,750.00,"100 מ""ל",false,,23.90,0.0319,true,1,83276
7290016823004,false,בזיליקום,מרינה,,בזיליקום,יחידה,0.00,יחידה,false,,5.90,0.0000,true,1,67918
7290016823028,false,עירית,מרינה,,עירית,יחידה,0.00,יחידה,false,,5.90,0.0000,true,1,67920
7290016823059,false,טימין,מרינה,,טימין,יחידה,0.00,יחידה,false,,4.90,0.0000,true,1,67923
7290016823257,false,חסה סלנובה מרינה,מרינה,,חסה סלנובה מרינה,יחידה,0.00,יחידה,false,,11.90,0.0000,true,1,74765
7290016823349,false,סלק בוואקום,,,סלק בוואקום,יחידה,0.00,יחידה,false,,6.90,0.0000,true,1,76039
7290016823448,false,ברוקולי 350 גר' מרינ,מרינה,,ברוקולי 350 גר' מרינ,גרמים,350.00,100 גרם,false,,9.90,0.0283,true,1,72214
7290016823523,false,צנונית 500 גר' מרינה,מרינה,,צנונית 500 גר' מרינה,גרמים,500.00,100 גרם,false,,5.90,0.0118,true,1,71005
7290016866445,false,תערובת קמח תופח 500,,,תערובת קמח תופח 500,גרמים,500.00,100 גרם,false,,19.90,0.0398,true,1,69470
7290016866643,false,משחת שיניים פרדונטקס,,,משחת שיניים פרדונטקס,מיליליטרים,75.00,"100 מ""ל",false,,30.90,0.4120,true,1,74199
7290016866650,false,משחת שיניים פרודונטק,,,משחת שיניים פרודונטק,מיליליטרים,75.00,"100 מ""ל",false,,30.90,0.4120,true,1,74200
7290016866667,false,משחת שיניים פרדונטקס,,,משחת שיניים פרדונטקס,מיליליטרים,75.00,"100 מ""ל",false,,30.90,0.4120,true,1,74335
7290016866704,false,סטייל שמפו קרטין E,,,סטייל שמפו קרטין E,מיליליטרים,750.00,"100 מ""ל",false,,29.90,0.0399,true,1,71016
7290016866902,false,סבון ידיים זוג משאבה,,,סבון ידיים זוג משאבה,ליטרים,1.00,ליטר,false,,9.90,9.9000,true,1,117548
7290016883176,false,מוזלי עם שוקולד מריר,,,מוזלי עם שוקולד מריר,קילוגרמים,1.00,"ק""ג",false,,19.90,19.9000,true,1,71899
7290016967074,false,לחם אנג'ל חיטה מלאה,אנג'ל,,לחם אנג'ל חיטה מלאה,מיליליטרים,750.00,"100 מ""ל",false,,14.90,0.0199,true,1,66897
7290016988024,false,קרקר כוסמין מלא עם ק,,,קרקר כוסמין מלא עם ק,גרמים,150.00,100 גרם,false,,23.90,0.1593,true,1,69408
7290016988031,false,קרקר פרג,,,קרקר פרג,גרמים,150.00,100 גרם,false,,23.90,0.1593,true,1,69769
7290016988048,false,קרקר עירית,,,קרקר עירית,גרמים,150.00,100 גרם,false,,23.90,0.1593,true,1,69770
7290016988062,false,קרקר ללא קמח חיטה,,,קרקר ללא קמח חיטה,גרמים,150.00,100 גרם,false,,26.90,0.1793,true,1,69083
7290016988086,false,קרקר מקמח חומוס,,,קרקר מקמח חומוס,גרמים,150.00,100 גרם,false,,26.90,0.1793,true,1,77643
7290016988093,false,קרקר סלק וכוסמין,,,קרקר סלק וכוסמין,גרמים,150.00,100 גרם,false,,26.90,0.1793,true,1,66740
7290016988116,false,קרקר עדשים כתומות 15,,,קרקר עדשים כתומות 15,גרמים,150.00,100 גרם,false,,26.90,0.1793,true,1,79135
7290016988635,false,קרקר כוסמת ירוקה וטף,,,קרקר כוסמת ירוקה וטף,גרמים,150.00,100 גרם,false,,26.90,0.1793,true,1,118324
7290016995008,false,פופקורן אורגני 500 ג,תבואות,,פופקורן אורגני 500 ג,גרמים,500.00,100 גרם,false,,10.40,0.0208,true,1,69673
7290016995046,false,"קמח טף טבעי 1 ק""ג תב",תבואות,,"קמח טף טבעי 1 ק""ג תב",קילוגרמים,1.00,"ק""ג",false,,18.90,18.9000,true,1,80793
7290016995053,false,קמח טפיוקה 500 גר' ת,תבואות,,קמח טפיוקה 500 גר' ת,גרמים,500.00,100 גרם,false,,8.90,0.0178,true,1,68791
7290016995503,false,חמאת בוטנים קראנצ'י,תבואות,,חמאת בוטנים קראנצ'י,גרמים,510.00,100 גרם,false,,19.90,0.0390,true,1,76423
7290016995510,false,חמאת בוטנים אורגנית,תבואות,,חמאת בוטנים אורגנית,גרמים,510.00,100 גרם,false,,19.90,0.0390,true,1,76225
7290016995787,false,קמח שיפון מלא מנופה,תבואות,,קמח שיפון מלא מנופה,קילוגרמים,1.00,"ק""ג",false,,10.90,10.9000,true,1,81644
7290016995930,false,אבקת קקאו אורגנית 20,תבואות,,אבקת קקאו אורגנית 20,גרמים,200.00,100 גרם,false,,19.90,0.0995,true,1,81815
7290016995985,false,אבקת פסיליום אורגני,תבואות,,אבקת פסיליום אורגני,גרמים,300.00,100 גרם,false,,32.90,0.1097,true,1,87251
7290016998320,false,לבבות קיסר,,,לבבות קיסר,יחידה,0.00,יחידה,false,,9.90,0.0000,true,1,86445
7290017000893,false,יין לה וי לבן,,,יין לה וי לבן,מיליליטרים,750.00,"100 מ""ל",false,,75.00,0.1000,true,1,119577
7290017023212,false,רביעיית פחיות שוופס,שוופס,,רביעיית פחיות שוופס,מיליליטרים,1320.00,"100 מ""ל",false,,12.50,0.0095,true,1,72749
7290017023229,false,רביעיית פחיות שוופס,שוופס,,רביעיית פחיות שוופס,מיליליטרים,1320.00,"100 מ""ל",false,,12.50,0.0095,true,1,72750
7290017023236,false,רביעיית פחיות שוופס,שוופס,,רביעיית פחיות שוופס,מיליליטרים,1320.00,"100 מ""ל",false,,12.50,0.0095,true,1,72751
7290017023663,false,רביעיית פחיות שוופס,שוופס,,רביעיית פחיות שוופס,מיליליטרים,1320.00,"100 מ""ל",false,,12.50,0.0095,true,1,74300
7290017023816,false,רביעיית ספרינג 250 מ,ספרינג,,רביעיית ספרינג 250 מ,ליטרים,1.00,ליטר,false,,12.00,12.0000,false,1,78077
7290017023823,false,רביעיית ספרינג 250 מ,ספרינג,,רביעיית ספרינג 250 מ,ליטרים,1.00,ליטר,false,,12.00,12.0000,false,1,78078
7290017023861,false,שוופס סודה לימון 250,שוופס,,שוופס סודה לימון 250,ליטרים,1.00,ליטר,false,,10.90,10.9000,true,1,76486
7290017031156,false,דפים על בסיס קמח תיר,,,דפים על בסיס קמח תיר,גרמים,250.00,100 גרם,false,,13.90,0.0556,true,1,78486
7290017031705,false,משחת שיניים סנסודיין,סנסודיין,,משחת שיניים סנסודיין,מיליליטרים,75.00,"100 מ""ל",false,,21.90,0.2920,true,1,76377
7290017065007,false,מוצרלה פרוסה גד,,,מוצרלה פרוסה גד,גרמים,200.00,100 גרם,false,,17.50,0.0875,true,1,67804
7290017065137,false,ריקוטה למריחה 5% עם,,,ריקוטה למריחה 5% עם,גרמים,200.00,100 גרם,false,,9.70,0.0485,true,1,71643
7290017065144,false,ריקוטה למריחה 5% עם,,,ריקוטה למריחה 5% עם,גרמים,200.00,100 גרם,false,,9.70,0.0485,true,1,71650
7290017065168,false,גבינה כחולה גד,,,גבינה כחולה גד,גרמים,300.00,100 גרם,false,,16.50,0.0550,true,1,72940
7290017065212,false,קרם מסקרפונה גד,,,קרם מסקרפונה גד,גרמים,250.00,100 גרם,false,,19.10,0.0764,true,1,72945
7290017065236,false,בולגרית מעודנת 24% ג,,,בולגרית מעודנת 24% ג,גרמים,250.00,100 גרם,false,,23.20,0.0928,true,1,72946
7290017065380,false,גבינת גרנה פדנו שבבי,,,גבינת גרנה פדנו שבבי,גרמים,100.00,100 גרם,false,,13.90,0.1390,true,1,77319
7290017065434,false,פרוסות גאודה בקר גד,,,פרוסות גאודה בקר גד,גרמים,200.00,100 גרם,false,,21.00,0.1050,true,1,77646
7290017065441,false,פרוסות גאודה עיזים ג,,,פרוסות גאודה עיזים ג,גרמים,200.00,100 גרם,false,,31.90,0.1595,true,1,77647
7290017065526,false,קוואטרו פורמאג'י,,,קוואטרו פורמאג'י,גרמים,300.00,100 גרם,false,,27.90,0.0930,true,1,77653
7290017065588,false,יוגורט יווני,,,יוגורט יווני,גרמים,600.00,100 גרם,false,,16.50,0.0275,true,1,82593
7290017065663,false,פטה עיזים מעודנת 16%,,,פטה עיזים מעודנת 16%,גרמים,250.00,100 גרם,false,,29.90,0.1196,true,1,85348
7290017065731,false,גבינת שמנת ניו יורק,,,גבינת שמנת ניו יורק,גרמים,200.00,100 גרם,false,,13.20,0.0660,true,1,88458
7290017065786,false,גבינת צ'דר מחלבת גד,,,גבינת צ'דר מחלבת גד,גרמים,210.00,100 גרם,false,,19.90,0.0948,true,1,118179
7290017088051,false,בייביסיטר מידה 3,,,בייביסיטר מידה 3,יחידה,0.00,יחידה,false,,29.90,0.0000,false,1,76678
7290017088068,false,בייביסיטר סטנדרט מיד,,,בייביסיטר סטנדרט מיד,יחידה,0.00,יחידה,false,,29.90,0.0000,false,1,75111
7290017088075,false,בייבי סיטר 4+,,,בייבי סיטר 4+,יחידה,0.00,יחידה,false,,29.90,0.0000,false,1,76135
7290017088082,false,בייביסיטר סטנדרט מיד,,,בייביסיטר סטנדרט מיד,יחידה,0.00,יחידה,false,,29.90,0.0000,false,1,75112
7290017088327,false,מגבון בייביסיטר ללא,,,מגבון בייביסיטר ללא,יחידה,0.00,יחידה,false,,14.90,0.0000,true,1,84637
7290017088396,false,קוויק מגבון מסיר כתמ,,,קוויק מגבון מסיר כתמ,יחידה,0.00,יחידה,false,,17.90,0.0000,true,1,84152
7290017088631,false,מגבונים טולי רביעייה,,,מגבונים טולי רביעייה,יחידה,0.00,יחידה,false,,10.00,0.0000,true,1,83197
7290017088693,false,קוויק מגבונים לניקוי,,,קוויק מגבונים לניקוי,יחידה,0.00,יחידה,false,,11.50,0.0000,true,1,83560
7290017094199,false,מעדן חצילים 200 גרם,,,מעדן חצילים 200 גרם,גרמים,200.00,100 גרם,false,,9.90,0.0495,true,1,118156
7290017105062,false,חומוס OZ6 יכין,יכין,,חומוס OZ6 יכין,גרמים,105.00,100 גרם,false,,3.90,0.0371,true,1,73979
7290017105079,false,שעועית לבנה ברוטב עג,יכין,,שעועית לבנה ברוטב עג,גרמים,128.00,100 גרם,false,,3.90,0.0305,true,1,73727
7290017105123,false,פול מצרי יכין,יכין,,פול מצרי יכין,יחידה,0.00,יחידה,false,,3.90,0.0000,true,1,75347
7290017105468,false,שלישיית אפונה יכין,יכין,,שלישיית אפונה יכין,גרמים,600.00,100 גרם,false,,13.90,0.0232,true,1,81342
7290017105895,false,גרגירי חומוס להכנת ח,יכין,,גרגירי חומוס להכנת ח,גרמים,560.00,100 גרם,false,,8.90,0.0159,true,1,84800
7290017106069,false,קוביות סלק יכין,יכין,,קוביות סלק יכין,גרמים,290.00,100 גרם,false,,8.90,0.0307,true,1,77497
7290017121048,false,פלפל צ'ומה על הלחם,,,פלפל צ'ומה על הלחם,גרמים,250.00,100 גרם,false,,13.90,0.0556,true,1,78014
7290017121086,false,אריסה ביתית מתוקה 25,,,אריסה ביתית מתוקה 25,גרמים,250.00,100 גרם,false,,13.90,0.0556,true,1,118905
7290017121093,false,אריסה חריפה על הלחם,,,אריסה חריפה על הלחם,גרמים,250.00,100 גרם,false,,13.90,0.0556,true,1,78015
7290017129495,false,אגו מיקס כדורי תירס,,,אגו מיקס כדורי תירס,יחידה,0.00,יחידה,false,,3.50,0.0000,true,1,71532
7290017129754,false,שוקולד פרימיום 70% כ,,,שוקולד פרימיום 70% כ,גרמים,100.00,100 גרם,false,,7.90,0.0790,true,1,74163
7290017129761,false,שוקולד פרימיום 70% ב,,,שוקולד פרימיום 70% ב,גרמים,100.00,100 גרם,false,,7.90,0.0790,true,1,74164
7290017129778,false,שוקולד פרימיום 70% ב,,,שוקולד פרימיום 70% ב,גרמים,100.00,100 גרם,false,,7.90,0.0790,true,1,74165
7290017129839,false,שוקולד פרימיום 70% ב,,,שוקולד פרימיום 70% ב,גרמים,100.00,100 גרם,false,,7.90,0.0790,true,1,74166
7290017129877,false,מיקס לקקנים שטוחים כ,,,מיקס לקקנים שטוחים כ,גרמים,300.00,100 גרם,false,,9.90,0.0330,true,1,74721
7290017129884,false,חמישיות שוקולד מריר,,,חמישיות שוקולד מריר,גרמים,425.00,100 גרם,false,,15.90,0.0374,true,1,74465
7290017129983,false,שוקו ציפס לבן פרווה,,,שוקו ציפס לבן פרווה,גרמים,250.00,100 גרם,false,,11.90,0.0476,true,1,75807
7290017140063,false,קמח עדשים אדומות 500,,,קמח עדשים אדומות 500,גרמים,500.00,100 גרם,false,,15.90,0.0318,true,1,87855
7290017141008,false,אוק אנד אש - בירה אש,,,אוק אנד אש - בירה אש,מיליליטרים,330.00,"100 מ""ל",false,,13.90,0.0421,true,1,117980
7290017141039,false,אוק אנד אש - בירה אש,,,אוק אנד אש - בירה אש,מיליליטרים,330.00,"100 מ""ל",false,,13.90,0.0421,true,1,119023
7290017141053,false,אוק אנד אש - בירה אש,,,אוק אנד אש - בירה אש,מיליליטרים,330.00,"100 מ""ל",false,,13.90,0.0421,true,1,118017
7290017142005,false,שמן קוקוס אורגני 320,עץ הזית,,שמן קוקוס אורגני 320,מיליליטרים,320.00,"100 מ""ל",false,,25.90,0.0809,true,1,68956
7290017142012,false,שמן קוקוס אורגני 500,עץ הזית,,שמן קוקוס אורגני 500,מיליליטרים,500.00,"100 מ""ל",false,,36.90,0.0738,true,1,68957
7290017142111,false,פתיתי טונה בהירה בשמ,עץ הזית,,פתיתי טונה בהירה בשמ,גרמים,85.00,100 גרם,false,,9.90,0.1165,false,1,73561
7290017142128,false,"שמן זית 750 מ""ל קלאס",עץ הזית,,"שמן זית 750 מ""ל קלאס",מיליליטרים,750.00,"100 מ""ל",false,,29.90,0.0399,false,1,72505
7290017142159,false,נתחי טונה בהירה בשמן,עץ הזית,,נתחי טונה בהירה בשמן,גרמים,168.00,100 גרם,false,,22.90,0.1363,false,1,73562
7290017142166,false,פילה טונה פרוס עם שמ,עץ הזית,,פילה טונה פרוס עם שמ,גרמים,120.00,100 גרם,false,,14.90,0.1242,true,1,77887
7290017142180,false,פילה טונה פרוס עם שמ,עץ הזית,,פילה טונה פרוס עם שמ,גרמים,120.00,100 גרם,false,,14.90,0.1242,true,1,77888
7290017142203,false,פילה טונה פרוס עם שמ,עץ הזית,,פילה טונה פרוס עם שמ,גרמים,120.00,100 גרם,false,,14.90,0.1242,true,1,77889
7290017142234,false,טונה TO GO מעושן 85,עץ הזית,,טונה TO GO מעושן 85,גרמים,85.00,100 גרם,false,,9.90,0.1165,false,1,79743
7290017142289,false,תרסיס שמן חמניות מזו,עץ הזית,,תרסיס שמן חמניות מזו,מיליליטרים,200.00,"100 מ""ל",false,,14.90,0.0745,false,1,76934
7290017142340,false,שמן זרעי ענבים מזוכך,עץ הזית,,שמן זרעי ענבים מזוכך,ליטרים,1.00,ליטר,false,,24.90,24.9000,true,1,81260
7290017142388,false,שמן חמניות פלוס אומג,עץ הזית,,שמן חמניות פלוס אומג,ליטרים,1.00,ליטר,false,,14.90,14.9000,false,1,79216
7290017142395,false,LUNCH TO GO פסטה עם,עץ הזית,,LUNCH TO GO פסטה עם,גרמים,160.00,100 גרם,false,,13.90,0.0869,true,1,81665
7290017142401,false,טונה עם קינואה לבנה,עץ הזית,,טונה עם קינואה לבנה,גרמים,160.00,100 גרם,false,,13.90,0.0869,true,1,85565
7290017142456,false,נתחי טונה בהירה בשמן,עץ הזית,,נתחי טונה בהירה בשמן,גרמים,224.00,100 גרם,false,,19.90,0.0888,true,1,81814
7290017142487,false,טונה בורגול וחומוס ע,עץ הזית,,טונה בורגול וחומוס ע,גרמים,160.00,100 גרם,false,,13.90,0.0869,true,1,88734
7290017142500,false,תרסיס שמן זית בטעם ש,,,תרסיס שמן זית בטעם ש,מיליליטרים,150.00,"100 מ""ל",false,,18.90,0.1260,true,1,120867
7290017217307,false,נרות חימום ריחניים ב,,,נרות חימום ריחניים ב,יחידה,0.00,יחידה,false,,9.90,0.0000,true,1,87701
7290017217314,false,נרות חימום ריחניים ב,,,נרות חימום ריחניים ב,יחידה,0.00,יחידה,false,,9.90,0.0000,true,1,87702
7290017217338,false,נרות חימום ריחניים ב,,,נרות חימום ריחניים ב,יחידה,0.00,יחידה,false,,9.90,0.0000,true,1,87704
7290017247007,false,מלפפון בייבי,,,מלפפון בייבי,יחידה,0.00,יחידה,false,,8.90,0.0000,true,1,68983
7290017247014,false,פלפלונים,,,פלפלונים,יחידה,0.00,יחידה,false,,8.90,0.0000,true,1,68984
7290017253084,false,פרשיס מגבונים לחים 7,,,פרשיס מגבונים לחים 7,יחידה,0.00,יחידה,false,,5.50,0.0000,true,1,75012
7290017253213,false,פרשיס שלישייה מגבוני,,,פרשיס שלישייה מגבוני,יחידה,0.00,יחידה,false,,19.90,0.0000,true,1,89573
7290017266060,false,וופל שוקולד בלגי ללא,,,וופל שוקולד בלגי ללא,גרמים,175.00,100 גרם,false,,6.70,0.0383,true,1,72250
7290017266725,false,מארז 40 יח' וופל קרא,,,מארז 40 יח' וופל קרא,גרמים,480.00,100 גרם,false,,14.50,0.0302,true,1,85367
7290017275413,false,מיני קצפיות וניל 140,,,מיני קצפיות וניל 140,יחידה,0.00,יחידה,false,,8.90,0.0000,true,1,119236
7290017275444,false,מיני קצפיות ענבים 14,אחוה,,מיני קצפיות ענבים 14,גרמים,140.00,100 גרם,false,,9.90,0.0707,true,1,120501
7290017275741,false,חלוה עם אגוזי לוז אח,אחוה,,חלוה עם אגוזי לוז אח,גרמים,400.00,100 גרם,false,,12.90,0.0323,true,1,121907
7290017289618,false,IMPRESSION פטיט סירה,,,IMPRESSION פטיט סירה,מיליליטרים,750.00,"750 מ""ל",false,,49.90,0.0665,true,1,83615
7290017289779,false,יין מלבק טפרברג INSP,,,יין מלבק טפרברג INSP,מיליליטרים,750.00,"100 מ""ל",false,,65.00,0.0867,true,1,88614
7290017289793,false,יין אינספייר גראנש ס,,,יין אינספייר גראנש ס,מיליליטרים,750.00,"100 מ""ל",false,,65.00,0.0867,true,1,90084
7290017297149,false,גרגירי חומוס להכנת ח,פרי הגליל,,גרגירי חומוס להכנת ח,גרמים,290.00,100 גרם,false,,6.50,0.0224,true,1,86302
7290017297194,false,לקט ירקות לתנור 800,פרי הגליל,,לקט ירקות לתנור 800,גרמים,800.00,100 גרם,false,,15.90,0.0199,true,1,86301
7290017297323,false,רוטב עגבניות מרוכז 1,טל,,רוטב עגבניות מרוכז 1,גרמים,100.00,100 גרם,false,,1.70,0.0170,false,1,90655
7290017297330,false,רוטב עגבניות 240 גר',טל,,רוטב עגבניות 240 גר',גרמים,240.00,100 גרם,false,,3.20,0.0133,false,1,122082
7290017297620,false,רוטב עגבניות מרוכז ט,טל,,רוטב עגבניות מרוכז ט,גרמים,570.00,100 גרם,false,,5.50,0.0096,true,1,118439
7290017297637,false,רוטב עגבניות A2 טל ו,טל,,רוטב עגבניות A2 טל ו,גרמים,580.00,100 גרם,false,,6.50,0.0112,true,1,118291
7290017297644,false,ברוקולי green & fres,,,ברוקולי green & fres,גרמים,800.00,100 גרם,false,,14.90,0.0186,true,1,118292
7290017304885,false,לחם אנג'ל שיפון וחיט,אנג'ל,,לחם אנג'ל שיפון וחיט,גרמים,750.00,100 גרם,false,,12.90,0.0172,true,1,78992
7290017313009,false,פיתות אופרה עשירייה,,,פיתות אופרה עשירייה,יחידה,0.00,יחידה,false,,14.90,0.0000,true,1,69981
7290017313054,false,נקניקיות עטופות בבצק,אופרה,,נקניקיות עטופות בבצק,גרמים,500.00,100 גרם,false,,16.90,0.0338,true,1,90086
7290017325385,false,חמאה אורגנית 200 גר',,,חמאה אורגנית 200 גר',גרמים,200.00,100 גרם,false,,14.90,0.0745,true,1,89207
7290017325453,false,משקה שקדים אורגני 1,הרדוף,,משקה שקדים אורגני 1,ליטרים,1.00,ליטר,false,,14.50,14.5000,true,1,82503
7290017325583,false,קוסקוס כוסמין מלא או,הרדוף,,קוסקוס כוסמין מלא או,גרמים,350.00,100 גרם,false,,14.50,0.0414,true,1,118915
7290017325613,false,משקה שיבולת שועל אור,הרדוף,,משקה שיבולת שועל אור,ליטרים,1.00,ליטר,false,,11.90,11.9000,true,1,84292
7290017325620,false,משקה אורז ושקדים אור,הרדוף,,משקה אורז ושקדים אור,ליטרים,1.00,ליטר,false,,11.90,11.9000,true,1,84293
7290017325668,false,עדשים מנומרות אורגני,הרדוף,,עדשים מנומרות אורגני,גרמים,500.00,100 גרם,false,,13.90,0.0278,true,1,121244
7290017325682,false,פריכיות כוסמת אוגני,הרדוף,,פריכיות כוסמת אוגני,גרמים,160.00,100 גרם,false,,11.90,0.0744,true,1,121148
7290017325729,false,קמח כוסמת ירוקה אורג,הרדוף,,קמח כוסמת ירוקה אורג,גרמים,500.00,100 גרם,false,,17.90,0.0358,true,1,119625
7290017325750,false,קמח חומוס אורגני 500,הרדוף,,קמח חומוס אורגני 500,גרמים,500.00,100 גרם,false,,16.90,0.0338,true,1,121337
7290017325804,false,קוואקר עדין אורגני 5,הרדוף,,קוואקר עדין אורגני 5,גרמים,500.00,100 גרם,false,,15.90,0.0318,true,1,120775
7290017325811,false,שעועית בובס אורגני 4,הרדוף,,שעועית בובס אורגני 4,גרמים,400.00,100 גרם,false,,12.90,0.0323,true,1,118874
7290017325842,false,פריכיות אורז מלא אור,הרדוף,,פריכיות אורז מלא אור,גרמים,110.00,100 גרם,false,,9.40,0.0855,true,1,88007
7290017440286,false,"מרכך קידס 750 מ""ל","ד""ר פישר",,"מרכך קידס 750 מ""ל",מיליליטרים,750.00,"100 מ""ל",false,,15.90,0.0212,true,1,79001
7290017440323,false,שמפו+מרכך קידס 750 מ,"ד""ר פישר",,שמפו+מרכך קידס 750 מ,מיליליטרים,750.00,"100 מ""ל",false,,15.90,0.0212,true,1,79003
7290017440965,false,קמיל אל סבון נוזלי 1,קמיל בלו,,קמיל אל סבון נוזלי 1,ליטרים,1.00,ליטר,false,,15.90,15.9000,false,1,77824
7290017457710,false,סוד מרכך מרוכז ארומת,סוד,,סוד מרכך מרוכז ארומת,מיליליטרים,900.00,"100 מ""ל",false,,11.90,0.0132,true,1,78287
7290017457727,false,סוד מרכך מרוכז כחול,סוד,,סוד מרכך מרוכז כחול,מיליליטרים,900.00,"100 מ""ל",false,,11.90,0.0132,true,1,78288
7290017457734,false,סוד מרכך מרוכז ורוד,סוד,,סוד מרכך מרוכז ורוד,מיליליטרים,900.00,"100 מ""ל",false,,11.90,0.0132,true,1,78289
7290017457888,false,סוד ג'ל לכביסה כחול,סוד,,סוד ג'ל לכביסה כחול,ליטרים,4.00,ליטר,false,,29.90,7.4750,true,1,84124
7290017477305,false,זרעי צ'יה 250 גרם שק,,,זרעי צ'יה 250 גרם שק,גרמים,250.00,100 גרם,false,,8.90,0.0356,true,1,74427
7290017477367,false,טבעות שוקולד לבן לאפ,,,טבעות שוקולד לבן לאפ,גרמים,300.00,100 גרם,false,,13.90,0.0463,true,1,83247
7290017513409,false,תה ירוק סופר פרפל 25,ויסוצקי,,תה ירוק סופר פרפל 25,גרמים,37.50,100 גרם,false,,24.90,0.6640,false,1,80289
7290017513485,false,מחית עגבניות רוסטיקה,,,מחית עגבניות רוסטיקה,גרמים,680.00,100 גרם,false,,12.90,0.0190,true,1,80838
7290017513775,false,פליפז בייגלה מצופה ש,,,פליפז בייגלה מצופה ש,גרמים,140.00,100 גרם,false,,8.90,0.0636,true,1,81735
7290017513782,false,פליפז בייגלה מצופה ש,,,פליפז בייגלה מצופה ש,גרמים,140.00,100 גרם,false,,8.90,0.0636,true,1,81736
7290017516295,false,חטיף פנגיאה פרוטאין,,,חטיף פנגיאה פרוטאין,גרמים,50.00,100 גרם,false,,9.90,0.1980,true,1,86029
7290017516318,false,פרוטאין שוקולד,,,פרוטאין שוקולד,גרמים,50.00,100 גרם,false,,9.90,0.1980,true,1,86064
7290017516332,false,פרוטאין חמאת בוטנים,,,פרוטאין חמאת בוטנים,גרמים,50.00,100 גרם,false,,9.90,0.1980,true,1,86063
7290017521480,false,מטליות בד רב פעמיות,,,מטליות בד רב פעמיות,גרמים,700.00,100 גרם,false,,19.90,0.0284,true,1,86520
7290017529004,false,בירה שבט אייסמן 330,,,בירה שבט אייסמן 330,מיליליטרים,330.00,"100 מ""ל",false,,13.50,0.0409,true,1,83880
7290017529011,false,בירה שבט ווי לאדי 33,,,בירה שבט ווי לאדי 33,מיליליטרים,330.00,"100 מ""ל",false,,13.50,0.0409,true,1,83881
7290017529233,false,"בירה שבט 330 מ""ל HOP",,,"בירה שבט 330 מ""ל HOP",מיליליטרים,330.00,"100 מ""ל",false,,13.50,0.0409,true,1,120498
7290017529240,false,"בירה שבט 330 מ""ל RED",,,"בירה שבט 330 מ""ל RED",מיליליטרים,330.00,"100 מ""ל",false,,13.50,0.0409,true,1,120566
7290017529301,false,"בירה שבט 330 מ""ל",,,"בירה שבט 330 מ""ל",מיליליטרים,330.00,"100 מ""ל",false,,13.50,0.0409,true,1,120496
7290017589565,false,יין קלאסיק גוורצטרמי,ברקן קלאסיק,,יין קלאסיק גוורצטרמי,מיליליטרים,750.00,"100 מ""ל",false,,24.90,0.0332,false,1,82341
7290017589633,false,יין רזרב קברנה GOLD,ברקן רזרב,,יין רזרב קברנה GOLD,מיליליטרים,750.00,"100 מ""ל",false,,34.90,0.0465,false,1,76930
7290017599229,false,סוכרזית סוכרלוז 200,,,סוכרזית סוכרלוז 200,גרמים,17.00,100 גרם,false,,22.90,1.3471,true,1,117679
7290017599236,false,סוכרזית סטיוויה 200,,,סוכרזית סטיוויה 200,גרמים,17.00,100 גרם,false,,24.90,1.4647,true,1,117680
7290017599267,false,סוכרזית סוכרלוז 120,,,סוכרזית סוכרלוז 120,גרמים,120.00,100 גרם,false,,26.90,0.2242,true,1,121255
7290017599274,false,סוכרזית סטיוויה 120,,,סוכרזית סטיוויה 120,גרמים,120.00,100 גרם,false,,36.90,0.3075,true,1,121256
7290017617046,false,רביעיה טונה סטאר קיס,,,רביעיה טונה סטאר קיס,גרמים,560.00,100 גרם,false,,26.90,0.0480,false,1,81510
7290017617084,false,סטארקיסט מיקס טונה ט,,,סטארקיסט מיקס טונה ט,גרמים,185.00,100 גרם,false,,12.50,0.0676,true,1,87414
7290017617275,false,סטאר קיסט ממרח טונה,,,סטאר קיסט ממרח טונה,גרמים,480.00,100 גרם,false,,19.90,0.0415,false,1,117715
7290017617411,false,סטארקיסט מיקס סלמון,,,סטארקיסט מיקס סלמון,גרמים,160.00,100 גרם,false,,13.90,0.0869,true,1,120096
7290017617428,false,סטארקיסט מיקס סלמון,,,סטארקיסט מיקס סלמון,גרמים,160.00,100 גרם,false,,13.90,0.0869,true,1,120097
7290017617435,false,סטארקיסט  מיקס סלמון,,,סטארקיסט  מיקס סלמון,גרמים,160.00,100 גרם,false,,13.90,0.0869,true,1,120098
7290017641102,false,שוקולד פרימיום 70% ל,,,שוקולד פרימיום 70% ל,גרמים,100.00,100 גרם,false,,8.50,0.0850,true,1,76690
7290017641119,false,שוקולד מריר פרימיום,,,שוקולד מריר פרימיום,גרמים,100.00,100 גרם,false,,7.90,0.0790,true,1,76610
7290017641188,false,קרקר עם שיפון מלא וס,,,קרקר עם שיפון מלא וס,גרמים,130.00,100 גרם,false,,5.90,0.0454,true,1,77783
7290017641379,false,חמישית שוקולד חלב כר,,,חמישית שוקולד חלב כר,גרמים,425.00,100 גרם,false,,15.90,0.0374,true,1,120135
7290017641409,false,סוכריות טופי בטעם תו,,,סוכריות טופי בטעם תו,גרמים,800.00,100 גרם,false,,10.50,0.0131,true,1,79770
7290017641676,false,אגו שלשות שוקולד מרי,,,אגו שלשות שוקולד מרי,גרמים,255.00,100 גרם,false,,10.90,0.0427,true,1,82194
7290017641690,false,אגו שלשות שוקולד חלב,,,אגו שלשות שוקולד חלב,גרמים,255.00,100 גרם,false,,10.90,0.0427,true,1,82196
7290017641720,false,שוקולד 70% שברי שקד,,,שוקולד 70% שברי שקד,גרמים,100.00,100 גרם,false,,7.90,0.0790,true,1,82198
7290017641737,false,שוקולד 70% שברי אגוז,,,שוקולד 70% שברי אגוז,גרמים,100.00,100 גרם,false,,7.90,0.0790,true,1,82199
7290017641997,false,"שוקולד אגו 70% לל""ס",,,"שוקולד אגו 70% לל""ס",גרמים,100.00,100 גרם,false,,8.50,0.0850,true,1,87944
7290017647425,false,גמלא קברנה סוביניון,,,גמלא קברנה סוביניון,מיליליטרים,750.00,"100 מ""ל",false,,59.90,0.0799,true,1,84939
7290017647791,false,ירדן קברנה סוביניון,,,ירדן קברנה סוביניון,מיליליטרים,750.00,"100 מ""ל",false,,120.00,0.1600,true,1,121032
7290017675008,false,טחינה היונה,,,טחינה היונה,גרמים,900.00,100 גרם,false,,25.90,0.0288,true,1,86062
7290017675015,false,טחינת היונה המקורית,,,טחינת היונה המקורית,גרמים,450.00,100 גרם,false,,13.90,0.0309,true,1,85967
7290017677804,false,רוטב סויה קיקומן 444,,,רוטב סויה קיקומן 444,מיליליטרים,444.00,"100 מ""ל",false,,19.90,0.0448,true,1,79326
7290017677811,false,רוטב סויה קיקומן 296,,,רוטב סויה קיקומן 296,מיליליטרים,296.00,"100 מ""ל",false,,13.90,0.0470,true,1,79214
7290017696393,false,בורגר פטריות מן הצומ,מרינה,,בורגר פטריות מן הצומ,גרמים,520.00,100 גרם,false,,34.90,0.0671,true,1,83784
7290017724119,false,עוגיות אוזניים,,,עוגיות אוזניים,גרמים,200.00,100 גרם,false,,23.90,0.1195,true,1,118382
7290017724294,false,עוגיות גרנולה צ'יפס,,,עוגיות גרנולה צ'יפס,גרמים,200.00,100 גרם,false,,21.90,0.1095,true,1,118363
7290017746128,false,מארז 10 יח' פיתות בי,מאפיית דוידוביץ ובני,,מארז 10 יח' פיתות בי,גרמים,500.00,100 גרם,false,,8.40,0.0168,true,1,85617
7290017746135,false,מיני פיתות כוסמין 10,מאפיית דוידוביץ ובני,,מיני פיתות כוסמין 10,גרמים,500.00,100 גרם,false,,13.50,0.0270,true,1,85679
7290017746159,false,לחם 100% קמח חיטה מל,,,לחם 100% קמח חיטה מל,גרמים,750.00,100 גרם,false,,14.50,0.0193,true,1,85048
7290017746272,false,פיתה בצל 4 יח',,,פיתה בצל 4 יח',גרמים,480.00,100 גרם,false,,13.50,0.0281,true,1,88108
7290017746289,false,פיתה זעתר 4 יח',,,פיתה זעתר 4 יח',גרמים,480.00,100 גרם,false,,13.50,0.0281,true,1,88109
7290017746708,false,מארז 4 לחמניות שמיני,מאפיית דוידוביץ ובני,,מארז 4 לחמניות שמיני,גרמים,480.00,100 גרם,false,,12.90,0.0269,true,1,122096
7290017786001,false,תות שדה מוקפא,,,תות שדה מוקפא,גרמים,500.00,100 גרם,false,,21.90,0.0438,true,1,78255
7290017786018,false,מנגו חתוך מוקפא,,,מנגו חתוך מוקפא,גרמים,500.00,100 גרם,false,,21.90,0.0438,true,1,78256
7290017786032,false,אננס חתוך מוקפא,,,אננס חתוך מוקפא,גרמים,500.00,100 גרם,false,,21.90,0.0438,true,1,78259
7290017786049,false,אוכמניות כחולות מוקפ,,,אוכמניות כחולות מוקפ,גרמים,500.00,100 גרם,false,,23.90,0.0478,true,1,78257
7290017786056,false,פירות יער מוקפאים,,,פירות יער מוקפאים,גרמים,500.00,100 גרם,false,,21.90,0.0438,true,1,78260
7290017786063,false,מחית אסאי קפואה,,,מחית אסאי קפואה,גרמים,200.00,100 גרם,false,,18.90,0.0945,true,1,88619
7290017786094,false,קוביות פסיפלורה מוקפ,,,קוביות פסיפלורה מוקפ,גרמים,500.00,100 גרם,false,,23.90,0.0478,true,1,88618
7290017791203,false,קרקר כוסמין מלא סלק,,,קרקר כוסמין מלא סלק,גרמים,225.00,100 גרם,false,,21.90,0.0973,true,1,85467
7290017812588,false,תירוש לבן 1 ל' 100%,,,תירוש לבן 1 ל' 100%,מיליליטרים,1000.00,"100 מ""ל",false,,19.90,0.0199,true,1,82597
7290017812670,false,יין יתיר דרום אדום,,,יין יתיר דרום אדום,מיליליטרים,750.00,"100 מ""ל",false,,69.90,0.0932,true,1,90513
7290017812847,false,סלקטד פרנץ קולומברד,,,סלקטד פרנץ קולומברד,מיליליטרים,750.00,"100 מ""ל",false,,24.90,0.0332,true,1,86908
7290017812861,false,וינו יין לבן יבש,,,וינו יין לבן יבש,מיליליטרים,750.00,"100 מ""ל",false,,19.90,0.0265,true,1,86909
7290017812878,false,אקסלנס יין רוזה,,,אקסלנס יין רוזה,מיליליטרים,750.00,"100 מ""ל",false,,24.90,0.0332,true,1,89589
7290017816005,false,בייגלה כוסמין שמיניו,,,בייגלה כוסמין שמיניו,גרמים,300.00,100 גרם,false,,17.90,0.0597,true,1,78783
7290017816012,false,קרם קרקר כוסמין 250,,,קרם קרקר כוסמין 250,גרמים,250.00,100 גרם,false,,18.90,0.0756,true,1,78988
7290017816111,false,פתי בר כוסמין 220 גר,,,פתי בר כוסמין 220 גר,גרמים,220.00,100 גרם,false,,13.90,0.0632,true,1,84198
7290017816128,false,קרקר כוסמין,,,קרקר כוסמין,יחידה,0.00,יחידה,false,,18.90,0.0000,true,1,85677
7290017871363,false,פמלי יהלום סבון ידיי,פמלי,,פמלי יהלום סבון ידיי,מיליליטרים,500.00,"100 מ""ל",false,,10.00,0.0200,true,1,82739
7290017871370,false,פמלי יהלום סבון ידיי,פמלי,,פמלי יהלום סבון ידיי,מיליליטרים,500.00,"100 מ""ל",false,,10.00,0.0200,true,1,82740
7290017871950,false,פרש וואנס נייר טואלט,פרש-וואנס,,פרש וואנס נייר טואלט,יחידה,0.00,יחידה,false,,12.90,0.0000,true,1,87263
7290017871998,false,פודינג אינסטנט בטעם,טוסו,,פודינג אינסטנט בטעם,גרמים,30.00,100 גרם,false,,9.90,0.3300,true,1,83984
7290017872056,false,פמלי אל סבון סדרה לב,פמלי,,פמלי אל סבון סדרה לב,מיליליטרים,1500.00,"100 מ""ל",false,,15.00,0.0100,true,1,84341
7290017872063,false,פמלי אל סבון ארומתרפ,פמלי,,פמלי אל סבון ארומתרפ,מיליליטרים,1500.00,"100 מ""ל",false,,15.00,0.0100,true,1,84342
7290017873008,false,גלילונית שקיות להקפא,גלילונית,,גלילונית שקיות להקפא,יחידה,0.00,יחידה,false,,14.90,0.0000,true,1,117693
7290017873015,false,גלילונית שקיות אשפה,גלילונית,,גלילונית שקיות אשפה,יחידה,0.00,יחידה,false,,19.90,0.0000,true,1,117309
7290017873039,false,גלילונית שקיות אוכל,גלילונית,,גלילונית שקיות אוכל,יחידה,0.00,יחידה,false,,15.90,0.0000,true,1,117938
7290017888026,false,FRUITַ&VEG אננס תפוח,,,FRUITַ&VEG אננס תפוח,מיליליטרים,350.00,"100 מ""ל",false,,6.90,0.0197,true,1,77894
7290017888033,false,FRUIT&VEG בננה מלון,,,FRUIT&VEG בננה מלון,מיליליטרים,350.00,"100 מ""ל",false,,6.90,0.0197,true,1,77895
7290017888095,false,רביעיית פחיות שוופס,שוופס,,רביעיית פחיות שוופס,מיליליטרים,1320.00,"100 מ""ל",false,,11.90,0.0090,false,1,78445
7290017888101,false,רביעיית פחיות שוופס,שוופס,,רביעיית פחיות שוופס,מיליליטרים,1320.00,"100 מ""ל",false,,11.90,0.0090,false,1,78446
7290017888644,false,FRUITַַ&VEG כורכום א,,,FRUITַַ&VEG כורכום א,מיליליטרים,350.00,"100 מ""ל",false,,6.90,0.0197,true,1,83547
7290017888729,false,שוופס סודה 1 ליטר,שוופס,,שוופס סודה 1 ליטר,ליטרים,1.00,ליטר,false,,3.90,3.9000,false,1,83548
7290017888972,false,מי עדן  פקק ספורט 1,מי עדן,,מי עדן  פקק ספורט 1,ליטרים,1.00,ליטר,false,,3.50,3.5000,true,1,84024
7290017894010,false,גרין קוקו מי קוקוס א,,,גרין קוקו מי קוקוס א,ליטרים,1.00,ליטר,false,,18.90,18.9000,true,1,82300
7290017894089,false,דגש קמח שיבולת שועל,,,דגש קמח שיבולת שועל,גרמים,500.00,100 גרם,false,,19.90,0.0398,true,1,86500
7290017894102,false,פסטה פנה אורז תירס ל,,,פסטה פנה אורז תירס ל,גרמים,400.00,100 גרם,false,,8.90,0.0223,true,1,85908
7290017894119,false,פסטה פוזילי אורז תיר,,,פסטה פוזילי אורז תיר,גרמים,400.00,100 גרם,false,,8.50,0.0213,true,1,85909
7290017894287,false,אקופרנד שקיות אוכל מ,,,אקופרנד שקיות אוכל מ,יחידה,0.00,יחידה,false,,12.90,0.0000,true,1,121814
7290017894324,false,חמאת אגוזי נמר קשיו,,,חמאת אגוזי נמר קשיו,גרמים,350.00,100 גרם,false,,31.00,0.0886,true,1,121363
7290017894331,false,חמאת אגוזי נמר לוז ו,,,חמאת אגוזי נמר לוז ו,גרמים,350.00,100 גרם,false,,31.00,0.0886,true,1,121364
7290017894348,false,חמאת אגוזי נמר שקדים,,,חמאת אגוזי נמר שקדים,גרמים,350.00,100 גרם,false,,31.00,0.0886,true,1,121365
7290017907208,false,קמח תמי רב תכליתי לל,,,קמח תמי רב תכליתי לל,גרמים,500.00,100 גרם,false,,18.90,0.0378,true,1,87878
7290017907215,false,קמח תמי למאפי שמרים,,,קמח תמי למאפי שמרים,גרמים,500.00,100 גרם,false,,18.90,0.0378,true,1,87879
7290017907222,false,קמח תמי תופח ללא גלו,,,קמח תמי תופח ללא גלו,גרמים,500.00,100 גרם,false,,18.90,0.0378,true,1,87880
7290017907239,false,תערובת תמי לעוגת שוק,,,תערובת תמי לעוגת שוק,גרמים,450.00,100 גרם,false,,18.90,0.0420,true,1,117170
7290017907246,false,תמי סולת ללא גלוטן,,,תמי סולת ללא גלוטן,גרמים,300.00,100 גרם,false,,15.90,0.0530,true,1,88255
7290017907253,false,תמי פתיתים ללא גלוטן,,,תמי פתיתים ללא גלוטן,גרמים,300.00,100 גרם,false,,15.90,0.0530,true,1,87998
7290017907260,false,תמי פלאפל ללא גלוטן,,,תמי פלאפל ללא גלוטן,גרמים,300.00,100 גרם,false,,16.90,0.0563,true,1,88781
7290017917382,false,אל סבון נוזלי להרגעת,"ד""ר פישר",,אל סבון נוזלי להרגעת,ליטרים,1.00,ליטר,false,,15.90,15.9000,true,1,79171
7290017917467,false,קמיל בלו אל סבון שיב,"ד""ר פישר",,קמיל בלו אל סבון שיב,ליטרים,1.00,ליטר,false,,29.90,29.9000,true,1,79191
7290017925554,false,בירה באדוויזר + כוס,,,בירה באדוויזר + כוס,מיליליטרים,1650.00,"100 מ""ל",false,,27.90,0.0169,true,1,120637
7290017928036,false,מקלות גריסיני שומשום,מאיר  בייגל,,מקלות גריסיני שומשום,גרמים,175.00,100 גרם,false,,10.90,0.0623,true,1,80953
7290017928043,false,גריסיני קראנץ' מלח 1,מאיר  בייגל,,גריסיני קראנץ' מלח 1,גרמים,175.00,100 גרם,false,,10.90,0.0623,true,1,80954
7290017928098,false,שטוחל'ה עם מלח 330 ג,מאיר  בייגל,,שטוחל'ה עם מלח 330 ג,גרמים,330.00,100 גרם,false,,10.90,0.0330,true,1,118178
7290017928463,false,סמאש שברי בייגלה בטע,מאיר  בייגל,,סמאש שברי בייגלה בטע,גרמים,300.00,100 גרם,false,,13.90,0.0463,true,1,87345
7290017928609,false,טבעות שומשום מאיר בי,מאיר  בייגל,,טבעות שומשום מאיר בי,גרמים,300.00,100 גרם,false,,10.90,0.0363,true,1,80960
7290017928661,false,סמאש שברי בייגלה בטע,מאיר  בייגל,,סמאש שברי בייגלה בטע,גרמים,300.00,100 גרם,false,,13.90,0.0463,true,1,87346
7290017928685,false,בייגלה שמיניות עם מל,מאיר  בייגל,,בייגלה שמיניות עם מל,גרמים,400.00,100 גרם,false,,10.90,0.0273,true,1,119185
7290017928821,false,מקלות גריסיני קלאסי,מאיר  בייגל,,מקלות גריסיני קלאסי,גרמים,200.00,100 גרם,false,,10.90,0.0545,true,1,80963
7290017932088,false,תחתית אפויה לפאי,,,תחתית אפויה לפאי,גרמים,170.00,100 גרם,false,,12.90,0.0759,true,1,85538
7290017932231,false,מייפל אמיתי טהור גאל,,,מייפל אמיתי טהור גאל,מיליליטרים,250.00,"100 מ""ל",false,,23.90,0.0956,true,1,119227
7290017947105,false,לחם בסגנון אמריקה אנ,אנג'ל,,לחם בסגנון אמריקה אנ,גרמים,500.00,100 גרם,false,,13.50,0.0270,true,1,81898
7290017947457,false,חלה קלועה כוסמין אנג,אנג'ל,,חלה קלועה כוסמין אנג,גרמים,500.00,100 גרם,false,,16.90,0.0338,true,1,117075
7290017947464,false,פיתות כוסמין 8 יח' א,אנג'ל,,פיתות כוסמין 8 יח' א,גרמים,400.00,100 גרם,false,,12.90,0.0323,true,1,85216
7290017947495,false,לחמניות כוסמין שישיי,אנג'ל,,לחמניות כוסמין שישיי,גרמים,450.00,100 גרם,false,,14.90,0.0331,true,1,85927
7290017947891,false,לחם אנג'ל כוסמין וחי,אנג'ל,,לחם אנג'ל כוסמין וחי,גרמים,750.00,100 גרם,false,,12.90,0.0172,true,1,81843
7290017947921,false,שש לחמניות המבורגר א,,,שש לחמניות המבורגר א,גרמים,450.00,100 גרם,false,,12.50,0.0278,true,1,82036
7290017947938,false,לחמניות המבורגר 8 יח,אנג'ל,,לחמניות המבורגר 8 יח,גרמים,400.00,100 גרם,false,,13.90,0.0348,true,1,85218
7290017962153,false,עוגיות כוסמין שקדים,,,עוגיות כוסמין שקדים,גרמים,230.00,100 גרם,false,,22.90,0.0996,true,1,119507
7290017962160,false,עוגיות כוסמין אוכמני,,,עוגיות כוסמין אוכמני,גרמים,230.00,100 גרם,false,,22.90,0.0996,true,1,119106
7290018043295,false,חטיף חלבון בטעם וניל,,,חטיף חלבון בטעם וניל,גרמים,60.00,100 גרם,false,,11.90,0.1983,true,1,117547
7290018043844,false,פראוד חטיף חלבון בוט,,,פראוד חטיף חלבון בוט,גרמים,60.00,100 גרם,false,,11.90,0.1983,true,1,120433
7290018045084,false,דגנים בון בון במילוי,,,דגנים בון בון במילוי,גרמים,480.00,100 גרם,false,,21.90,0.0456,true,1,118621
7290018045695,false,דגנים בון בון במילוי,,,דגנים בון בון במילוי,גרמים,480.00,100 גרם,false,,21.90,0.0456,true,1,118623
7290018045893,false,דגנים בון בון במילוי,,,דגנים בון בון במילוי,גרמים,480.00,100 גרם,false,,21.90,0.0456,true,1,118620
7290018071236,false,כפפות ניטרו V כחולות,,,כפפות ניטרו V כחולות,יחידה,0.00,יחידה,false,,22.90,0.0000,true,1,88518
7290018071250,false,כפפות פלסטיק שחורות,,,כפפות פלסטיק שחורות,יחידה,0.00,יחידה,false,,10.00,0.0000,true,1,87597
7290018071267,false,כפפות פלסטיק שחורות,,,כפפות פלסטיק שחורות,יחידה,0.00,יחידה,false,,10.00,0.0000,true,1,87598
7290018071274,false,כפפות פלסטיק שחורות,,,כפפות פלסטיק שחורות,יחידה,0.00,יחידה,false,,10.00,0.0000,true,1,87599
7290018091074,false,בצק עוגיות שוקולד צ',,,בצק עוגיות שוקולד צ',גרמים,300.00,100 גרם,false,,16.90,0.0563,true,1,121283
7290018091234,false,פיצה מקסיקנית מעדנות,מעדנות,,פיצה מקסיקנית מעדנות,גרמים,270.00,100 גרם,false,,14.90,0.0552,false,1,85497
7290018091272,false,בצק עוגיות קקאו טריפ,,,בצק עוגיות קקאו טריפ,גרמים,300.00,100 גרם,false,,16.90,0.0563,true,1,121284
7290018091661,false,פיצה ירקות שוק 380 ג,,,פיצה ירקות שוק 380 ג,גרמים,380.00,100 גרם,false,,18.90,0.0497,true,1,117897
7290018091821,false,פיצה נפוליטנה מעדנות,מעדנות,,פיצה נפוליטנה מעדנות,גרמים,210.00,100 גרם,false,,14.90,0.0710,false,1,85498
7290018091838,false,חטיפי פילאס גבינה מע,מעדנות,,חטיפי פילאס גבינה מע,גרמים,600.00,100 גרם,false,,19.90,0.0332,true,1,87279
7290018098486,false,פיצה משפחתית מרגריטה,,,פיצה משפחתית מרגריטה,גרמים,350.00,100 גרם,false,,21.90,0.0626,true,1,120385
7290018098493,false,פיצה משפחתית זיתים 3,,,פיצה משפחתית זיתים 3,גרמים,350.00,100 גרם,false,,21.90,0.0626,true,1,120386
7290018108239,false,חסה לליק מרינה,מרינה,,חסה לליק מרינה,יחידה,0.00,יחידה,false,,12.90,0.0000,true,1,121967
7290018131053,false,נסטלה מאגדת קרחוני ל,נסטלה גלידות,,נסטלה מאגדת קרחוני ל,גרמים,735.00,100 גרם,false,,23.90,0.0325,true,1,81912
7290018131534,false,מאגדת מיני בייטס מיל,,,מאגדת מיני בייטס מיל,גרמים,250.00,100 גרם,false,,18.90,0.0756,true,1,85130
7290018131558,false,מאגדת שלגונים מיני ב,,,מאגדת שלגונים מיני ב,גרמים,240.00,100 גרם,false,,18.90,0.0787,true,1,85316
7290018131831,false,מאגדת שלגונים מילקה,נסטלה גלידות,,מאגדת שלגונים מילקה,גרמים,284.00,100 גרם,false,,31.90,0.1123,true,1,87601
7290018131879,false,מאגדת אקסטרים ריבת ח,,,מאגדת אקסטרים ריבת ח,גרמים,432.00,100 גרם,false,,32.00,0.0741,true,1,87720
7290018131954,false,מאגדת שלגונים לה פרו,נסטלה גלידות,,מאגדת שלגונים לה פרו,גרמים,350.00,100 גרם,false,,27.90,0.0797,true,1,87603
7290018132388,false,מטרנה גולד שלב 2 700,,,מטרנה גולד שלב 2 700,גרמים,700.00,100 גרם,false,,75.90,0.1084,false,1,121066
7290018156124,false,אל סבון קמיל שלישייה,"ד""ר פישר",,אל סבון קמיל שלישייה,מיליליטרים,1500.00,"100 מ""ל",false,,18.90,0.0126,true,1,81491
7290018165447,false,רזרב גולד מרלו 750 מ,ברקן רזרב,,רזרב גולד מרלו 750 מ,מיליליטרים,750.00,"100 מ""ל",false,,34.90,0.0465,false,1,87185
7290018192023,false,מקלות סלרי,מרינה,,מקלות סלרי,יחידה,0.00,יחידה,false,,6.90,0.0000,true,1,80410
7290018192658,false,צמד חמד שמפניון מרינ,מרינה,,צמד חמד שמפניון מרינ,יחידה,0.00,יחידה,false,,15.90,0.0000,true,1,84711
7290018198056,false,תפוגן קוביות תפוחי א,תפוגן,,תפוגן קוביות תפוחי א,קילוגרמים,1.50,"ק""ג",false,,25.90,17.2667,true,1,83277
7290018198148,false,תפוגן קריספי צ'יפס ק,,,תפוגן קריספי צ'יפס ק,קילוגרמים,1.25,"ק""ג",false,,25.90,20.7200,true,1,88585
7290018198209,false,תפוגן צ'יפס בטטה קרא,,,תפוגן צ'יפס בטטה קרא,גרמים,500.00,100 גרם,false,,19.90,0.0398,true,1,86509
7290018198254,false,תפוגן קריספי צ'יפס פ,,,תפוגן קריספי צ'יפס פ,קילוגרמים,1.25,"ק""ג",false,,25.90,20.7200,true,1,88586
7290018198384,false,תפוגן צ'יפס קריספי פ,,,תפוגן צ'יפס קריספי פ,קילוגרמים,1.25,"ק""ג",false,,25.90,20.7200,true,1,117487
7290018208052,false,תמר לח 500 גר,,,תמר לח 500 גר,גרמים,500.00,100 גרם,false,,9.90,0.0198,true,1,84007
7290018219331,false,פיסטוק קלוי 150 גר',זארובי,,פיסטוק קלוי 150 גר',גרמים,150.00,100 גרם,false,,10.00,0.0667,true,1,117687
7290018219584,false,ערמונים אורגניים קלו,זארובי,,ערמונים אורגניים קלו,גרמים,100.00,100 גרם,false,,5.00,0.0500,false,1,119317
7290018228586,false,מפיץ ריח באמצעות מקל,,,מפיץ ריח באמצעות מקל,יחידה,0.00,יחידה,false,,29.90,0.0000,true,1,119645
7290018236086,false,נקניקיות עוף במליחות,,,נקניקיות עוף במליחות,קילוגרמים,1.00,"ק""ג",false,,31.90,31.9000,true,1,83526
7290018237281,false,סלמי ירדן 550 גר,,,סלמי ירדן 550 גר,גרמים,550.00,100 גרם,false,,24.90,0.0453,true,1,89950
7290018237335,false,עוף טוב פסטרמה מהגרי,,,עוף טוב פסטרמה מהגרי,גרמים,200.00,100 גרם,false,,19.90,0.0995,true,1,89673
7290018237373,false,עוף טוב פסטרמה צרובה,,,עוף טוב פסטרמה צרובה,גרמים,300.00,100 גרם,false,,26.90,0.0897,true,1,89669
7290018237397,false,עוף טוב פסטרמה מקורמ,,,עוף טוב פסטרמה מקורמ,גרמים,300.00,100 גרם,false,,26.90,0.0897,true,1,89670
7290018237410,false,עוף טוב פסטרמה במעשנ,,,עוף טוב פסטרמה במעשנ,גרמים,300.00,100 גרם,false,,26.90,0.0897,true,1,89671
7290018237489,false,עוף טוב דק דק פסטרמה,,,עוף טוב דק דק פסטרמה,גרמים,220.00,100 גרם,false,,21.00,0.0955,true,1,118479
7290018237496,false,עוף טוב דק דק פסטרמה,,,עוף טוב דק דק פסטרמה,גרמים,220.00,100 גרם,false,,21.00,0.0955,true,1,118480
7290018237502,false,עוף טוב דק דק כתף בק,,,עוף טוב דק דק כתף בק,גרמים,200.00,100 גרם,false,,19.90,0.0995,true,1,118478
7290018237885,false,נקנקיות אקסטרא לאר'ג,,,נקנקיות אקסטרא לאר'ג,גרמים,370.00,100 גרם,false,,12.90,0.0349,true,1,119978
7290018237922,false,שניצלונים בציפוי צ'י,,,שניצלונים בציפוי צ'י,גרמים,700.00,100 גרם,false,,18.90,0.0270,true,1,119971
7290018237939,false,שניצלונים בציפוי שומ,,,שניצלונים בציפוי שומ,גרמים,700.00,100 גרם,false,,18.90,0.0270,true,1,119970
7290018237960,false,עוף טוב כתף בקר עסיס,,,עוף טוב כתף בקר עסיס,גרמים,265.00,100 גרם,false,,24.90,0.0940,true,1,120863
7290018249123,false,אינסטנט פודינג וניל,,,אינסטנט פודינג וניל,גרמים,50.00,100 גרם,false,,12.50,0.2500,true,1,85276
7290018249154,false,ממרח קקאו עם אגוזי ס,,,ממרח קקאו עם אגוזי ס,גרמים,350.00,100 גרם,false,,31.90,0.0911,true,1,120656
7290018249550,false,אינסטנט פודינג בטעם,,,אינסטנט פודינג בטעם,גרמים,55.00,100 גרם,false,,12.50,0.2273,true,1,86555
7290018249802,false,סווינטגו ממתיק 280 ג,,,סווינטגו ממתיק 280 ג,גרמים,280.00,100 גרם,false,,28.90,0.1032,true,1,83952
7290018249994,false,ממתיק סווינאנגו 700,,,ממתיק סווינאנגו 700,גרמים,700.00,100 גרם,false,,56.90,0.0813,true,1,83172
7290018282731,false,אל סבון בניחוח מאסק,,,אל סבון בניחוח מאסק,מיליליטרים,500.00,"100 מ""ל",false,,8.90,0.0178,true,1,87335
7290018293027,false,מקל וניל בורבון מדגס,,,מקל וניל בורבון מדגס,גרמים,3.00,100 גרם,false,,21.00,7.0000,true,1,87440
7290018293058,false,"עלי טורטייה 20 ס""מ 8",,,"עלי טורטייה 20 ס""מ 8",גרמים,320.00,100 גרם,false,,9.90,0.0309,true,1,121209
7290018293454,false,"עלי טורטייה 25 ס""מ 6",,,"עלי טורטייה 25 ס""מ 6",גרמים,370.00,100 גרם,false,,9.90,0.0268,true,1,121210
7290018294352,false,"ערק כרמל 700 מ""ל",,,"ערק כרמל 700 מ""ל",מיליליטרים,700.00,"100 מ""ל",false,,49.90,0.0713,true,1,118486
7290018294369,false,"תירוש אדום 700 מ""ל",,,"תירוש אדום 700 מ""ל",מיליליטרים,700.00,"100 מ""ל",false,,13.90,0.0199,true,1,121487
7290018294901,false,יין כרמל MOONLIGHT א,,,יין כרמל MOONLIGHT א,מיליליטרים,750.00,"100 מ""ל",false,,34.90,0.0465,true,1,120650
7290018296004,false,לחם מלא מלא דגנים קל,,,לחם מלא מלא דגנים קל,גרמים,750.00,100 גרם,false,,13.90,0.0185,true,1,81268
7290018296042,false,לחם טוסט אמריקה אגמי,,,לחם טוסט אמריקה אגמי,גרמים,500.00,100 גרם,false,,12.50,0.0250,true,1,90479
7290018296257,false,לחם בריאות ושובע שיב,,,לחם בריאות ושובע שיב,גרמים,550.00,100 גרם,false,,16.60,0.0302,true,1,90295
7290018296400,false,לחם בריאות ושובע אגמ,,,לחם בריאות ושובע אגמ,גרמים,600.00,100 גרם,false,,13.90,0.0232,true,1,81270
7290018296448,false,לחם בריוש אגמי,,,לחם בריוש אגמי,גרמים,500.00,100 גרם,false,,13.90,0.0278,true,1,118809
7290018296455,false,לחם דגנים קל מרובע ח,,,לחם דגנים קל מרובע ח,גרמים,750.00,100 גרם,false,,16.90,0.0225,true,1,120333
7290018296462,false,חליות במתיקות מעודנת,,,חליות במתיקות מעודנת,גרמים,510.00,100 גרם,false,,18.50,0.0363,true,1,120132
7290018296608,false,לחם בריאות ושובע 9 ד,,,לחם בריאות ושובע 9 ד,גרמים,600.00,100 גרם,false,,13.90,0.0232,true,1,81271
7290018296615,false,פיתה ביס כוסמין מלא,,,פיתה ביס כוסמין מלא,גרמים,450.00,100 גרם,false,,16.60,0.0369,true,1,81273
7290018296646,false,חלת כוסמין אגמי,,,חלת כוסמין אגמי,גרמים,400.00,100 גרם,false,,17.50,0.0438,true,1,85872
7290018296653,false,לחם אחיד פלוס כוסמין,,,לחם אחיד פלוס כוסמין,גרמים,700.00,100 גרם,false,,16.90,0.0241,true,1,120334
7290018296806,false,לחם בריאות ושובע מוע,,,לחם בריאות ושובע מוע,גרמים,600.00,100 גרם,false,,13.90,0.0232,true,1,81267
7290018296813,false,פיתה קלה ביס 10 יח',,,פיתה קלה ביס 10 יח',גרמים,450.00,100 גרם,false,,13.90,0.0309,true,1,81272
7290018333006,false,"שוקולד אגו 70% לל""ס",,,"שוקולד אגו 70% לל""ס",גרמים,100.00,100 גרם,false,,8.50,0.0850,true,1,87945
7290018333686,false,גרנולה פרו פקאן חמוצ,,,גרנולה פרו פקאן חמוצ,גרמים,250.00,100 גרם,false,,14.90,0.0596,true,1,119768
7290018333693,false,גרנולה רפאל 600 גר',,,גרנולה רפאל 600 גר',גרמים,600.00,100 גרם,false,,22.90,0.0382,true,1,90099
7290018333945,false,חטיף אגוזים רפאלס שק,,,חטיף אגוזים רפאלס שק,גרמים,150.00,100 גרם,false,,14.90,0.0993,true,1,89355
7290018333952,false,חטיף אגוזים וחמוציות,,,חטיף אגוזים וחמוציות,גרמים,150.00,100 גרם,false,,14.90,0.0993,true,1,89356
7290018333969,false,חטיף גרנולה שקדים וט,,,חטיף גרנולה שקדים וט,גרמים,150.00,100 גרם,false,,14.90,0.0993,true,1,89357
7290018333976,false,חטיף גרנולה קשיו וקו,,,חטיף גרנולה קשיו וקו,גרמים,150.00,100 גרם,false,,14.90,0.0993,true,1,89358
7290018338070,false,חיטת פריקי 500 גר' ת,תבואות,,חיטת פריקי 500 גר' ת,גרמים,500.00,100 גרם,false,,12.90,0.0258,true,1,86172
7290018338100,false,טחינה אורגנית משומשו,תבואות,,טחינה אורגנית משומשו,גרמים,500.00,100 גרם,false,,15.90,0.0318,true,1,87252
7290018338544,false,פוסילי מקמח כוסמין ל,תבואות,,פוסילי מקמח כוסמין ל,גרמים,500.00,100 גרם,false,,14.90,0.0298,true,1,119515
7290018338698,false,פנה מקמח דורום אורגנ,תבואות,,פנה מקמח דורום אורגנ,גרמים,500.00,100 גרם,false,,8.40,0.0168,true,1,119117
7290018338780,false,פוניו אורגני 500 גר',תבואות,,פוניו אורגני 500 גר',גרמים,500.00,100 גרם,false,,18.90,0.0378,true,1,119142
7290018359112,false,מחית עגבניות יכין 69,יכין,,מחית עגבניות יכין 69,גרמים,690.00,100 גרם,false,,8.90,0.0129,true,1,84801
7290018359129,false,פולפה עגבניות מקולפו,יכין,,פולפה עגבניות מקולפו,גרמים,690.00,100 גרם,false,,8.90,0.0129,true,1,86148
7290018359334,false,פריכוז שף רסק עגבניו,יכין,,פריכוז שף רסק עגבניו,גרמים,580.00,100 גרם,false,,10.90,0.0188,true,1,86149
7290018359358,false,פריכוז יכין שלישייה,יכין,,פריכוז יכין שלישייה,גרמים,600.00,100 גרם,false,,10.90,0.0182,true,1,88180
7290018359464,false,קראנץ תירס טבעי יכין,יכין,,קראנץ תירס טבעי יכין,גרמים,27.00,100 גרם,false,,5.90,0.2185,true,1,117121
7290018359471,false,קראנץ תפוח טבעי יכין,יכין,,קראנץ תפוח טבעי יכין,גרמים,18.00,100 גרם,false,,5.90,0.3278,true,1,117122
7290018359495,false,תירס מהשדה ללא תוספת,יכין,,תירס מהשדה ללא תוספת,גרמים,335.00,100 גרם,false,,8.90,0.0266,true,1,85575
7290018359518,false,שלישיית תירס מהשדה ל,יכין,,שלישיית תירס מהשדה ל,גרמים,600.00,100 גרם,false,,13.90,0.0232,true,1,86550
7290018359556,false,תירס מהשדה ללא סוכר,יכין,,תירס מהשדה ללא סוכר,גרמים,400.00,100 גרם,false,,6.90,0.0173,true,1,86656
7290018359570,false,שעועית צ'ילי מארז של,יכין,,שעועית צ'ילי מארז של,גרמים,600.00,100 גרם,false,,12.90,0.0215,true,1,87501
7290018359587,false,חומוס מארז שלישייה ה,יכין,,חומוס מארז שלישייה ה,גרמים,600.00,100 גרם,false,,12.90,0.0215,true,1,87502
7290018359655,false,פטריות חתוכות שלישיי,יכין,,פטריות חתוכות שלישיי,גרמים,345.00,100 גרם,false,,10.90,0.0316,true,1,120620
7290018359679,false,שעועית לימה ענקית במ,יכין,,שעועית לימה ענקית במ,גרמים,305.00,100 גרם,false,,8.90,0.0292,true,1,118748
7290018359686,false,חומוס ענק יכין,יכין,,חומוס ענק יכין,גרמים,290.00,100 גרם,false,,8.50,0.0293,true,1,90410
7290018359716,false,רוטב פיצה טוקסנה 240,יכין,,רוטב פיצה טוקסנה 240,גרמים,240.00,100 גרם,false,,4.90,0.0204,true,1,88237
7290018359853,false,עדשים שחורות יכין,יכין,,עדשים שחורות יכין,גרמים,265.00,100 גרם,false,,6.90,0.0260,true,1,90411
7290018359860,false,רסק עגבניות ליקופן 1,יכין,,רסק עגבניות ליקופן 1,גרמים,400.00,100 גרם,false,,14.90,0.0373,true,1,118693
7290018359884,false,פולפה ליקופן טבעית 1,יכין,,פולפה ליקופן טבעית 1,גרמים,800.00,100 גרם,false,,16.90,0.0211,true,1,118695
7290018359938,false,רוטב עגבניות לשקשוקה,יכין,,רוטב עגבניות לשקשוקה,גרמים,400.00,100 גרם,false,,11.90,0.0298,true,1,120567
7290018359945,false,חאריפה רוטב פיקנטי מ,יכין,,חאריפה רוטב פיקנטי מ,גרמים,400.00,100 גרם,false,,11.90,0.0298,true,1,120528
7290018359952,false,רוטב עגבניות לפסטה י,יכין,,רוטב עגבניות לפסטה י,גרמים,400.00,100 גרם,false,,11.90,0.0298,true,1,120529
7290018371299,false,אובלטים אורגניים מקמ,השדה מוצרים טבעיים ו,,אובלטים אורגניים מקמ,גרמים,100.00,100 גרם,false,,11.90,0.1190,true,1,88488
7290018371480,false,וופל כוסמין חרובים 2,השדה מוצרים טבעיים ו,,וופל כוסמין חרובים 2,גרמים,200.00,100 גרם,false,,14.50,0.0725,true,1,118064
7290018371510,false,ופל קמח כוסמין לימון,השדה מוצרים טבעיים ו,,ופל קמח כוסמין לימון,גרמים,200.00,100 גרם,false,,14.50,0.0725,true,1,117295
7290018394021,false,פטריות מלך היער,,,פטריות מלך היער,יחידה,0.00,יחידה,false,,13.90,0.0000,true,1,89054
7290018394038,false,פטריות שיטאקי מיובשו,,,פטריות שיטאקי מיובשו,גרמים,25.00,100 גרם,false,,8.40,0.3360,true,1,86368
7290018394083,false,שום פנינה 250 גר' חו,,,שום פנינה 250 גר' חו,גרמים,250.00,100 גרם,false,,12.90,0.0516,true,1,90101
7290018394151,false,מיקס פטריות אקזוטי,,,מיקס פטריות אקזוטי,גרמים,400.00,100 גרם,false,,24.90,0.0622,true,1,120158
7290018394199,false,שום קלוף 170 גר' חוו,,,שום קלוף 170 גר' חוו,גרמים,170.00,100 גרם,false,,8.90,0.0524,true,1,122116
7290018400036,false,חגיגית טעמים כתומים,סנפרוסט,,חגיגית טעמים כתומים,גרמים,800.00,100 גרם,false,,21.00,0.0263,true,1,89226
7290018400647,false,SMOOTHIE בננה תמר,סנפרוסט,,SMOOTHIE בננה תמר,גרמים,300.00,100 גרם,false,,14.90,0.0497,true,1,88606
7290018400661,false,לקט פאייה בסגנון ספר,סנפרוסט,,לקט פאייה בסגנון ספר,גרמים,800.00,100 גרם,false,,21.00,0.0263,true,1,90405
7290018400807,false,לקט טברנה יוונית סנפ,סנפרוסט,,לקט טברנה יוונית סנפ,גרמים,800.00,100 גרם,false,,21.00,0.0263,true,1,86138
7290018423028,false,יערת דבש 500 גר',,,יערת דבש 500 גר',גרמים,500.00,100 גרם,false,,36.90,0.0738,true,1,86556
7290018440070,false,תרכיז עגבניות בשפורפ,,,תרכיז עגבניות בשפורפ,יחידה,0.00,יחידה,false,,8.90,0.0000,true,1,86434
7290018440193,false,פליפז בייגלה בציפוי,,,פליפז בייגלה בציפוי,גרמים,140.00,100 גרם,false,,8.90,0.0636,true,1,87651
7290018440209,false,פליפז בייגלה בציפוי,,,פליפז בייגלה בציפוי,גרמים,140.00,100 גרם,false,,8.90,0.0636,true,1,87652
7290018440223,false,צ'אי מסאלה,ויסוצקי,,צ'אי מסאלה,גרמים,50.00,100 גרם,false,,19.90,0.3980,true,1,117583
7290018440230,false,צ'אי ורדים,ויסוצקי,,צ'אי ורדים,גרמים,50.00,100 גרם,false,,19.90,0.3980,true,1,117585
7290018440247,false,צ'אי שקדים,ויסוצקי,,צ'אי שקדים,גרמים,50.00,100 גרם,false,,19.90,0.3980,true,1,117584
7290018440254,false,צ'אי קרמל מלוח,ויסוצקי,,צ'אי קרמל מלוח,גרמים,50.00,100 גרם,false,,19.90,0.3980,true,1,117586
7290018440384,false,תה ירוק מאטה לימון נ,ויסוצקי,,תה ירוק מאטה לימון נ,גרמים,37.50,100 גרם,false,,24.90,0.6640,false,1,117567
7290018440391,false,תה ירוק מאטה נענע גו,ויסוצקי,,תה ירוק מאטה נענע גו,גרמים,37.50,100 גרם,false,,24.90,0.6640,false,1,117569
7290018440438,false,טונה EASY ELIP בשמן,,,טונה EASY ELIP בשמן,גרמים,195.00,100 גרם,false,,25.90,0.1328,true,1,120608
7290018440445,false,טונה בשמן זית 160 גר,,,טונה בשמן זית 160 גר,גרמים,160.00,100 גרם,false,,15.90,0.0994,true,1,120610
7290018440476,false,בייגלה מצופה בקרם עו,,,בייגלה מצופה בקרם עו,גרמים,140.00,100 גרם,false,,8.90,0.0636,true,1,117389
7290018440483,false,בייגלה מצופה בקרמל מ,,,בייגלה מצופה בקרמל מ,גרמים,140.00,100 גרם,false,,8.90,0.0636,true,1,117390
7290018441626,false,בן אנד ג'ריס גלידת מ,,,בן אנד ג'ריס גלידת מ,מיליליטרים,500.00,"100 מ""ל",false,,18.90,0.0378,true,1,118786
7290018468326,false,נקניקיה צמחונית בסגנ,טירת צבי,,נקניקיה צמחונית בסגנ,גרמים,400.00,100 גרם,false,,32.90,0.0822,true,1,120155
7290018468401,false,פסטרמה צמחונית בטעם,טירת צבי,,פסטרמה צמחונית בטעם,גרמים,120.00,100 גרם,false,,14.90,0.1242,true,1,121908
7290018468418,false,פסטרמה צמחונית בטעם,טירת צבי,,פסטרמה צמחונית בטעם,גרמים,120.00,100 גרם,false,,14.90,0.1242,true,1,121911
7290018468425,false,נקניק טבעוני בטעם פי,טירת צבי,,נקניק טבעוני בטעם פי,גרמים,100.00,100 גרם,false,,14.90,0.1490,true,1,121909
7290018468432,false,נקניק טבעוני בטעם מע,טירת צבי,,נקניק טבעוני בטעם מע,גרמים,100.00,100 גרם,false,,14.90,0.1490,true,1,121910
7290018471029,false,שישייה סודה שוופס לי,שוופס,,שישייה סודה שוופס לי,ליטרים,3.00,ליטר,false,,14.90,4.9667,true,1,86009
7290018471111,false,שוופס ליים מוחיטו 33,שוופס,,שוופס ליים מוחיטו 33,מיליליטרים,330.00,"100 מ""ל",false,,4.90,0.0148,true,1,88433
7290018471180,false,פרוט & ווג' אננס תפו,,,פרוט & ווג' אננס תפו,ליטרים,1.00,ליטר,false,,11.90,11.9000,true,1,88598
7290018471210,false,ספרינג קרטונית אגס ת,ספרינג,,ספרינג קרטונית אגס ת,ליטרים,1.00,ליטר,false,,6.90,6.9000,false,1,88604
7290018471395,false,פרוט & ווג' תפוח רימ,,,פרוט & ווג' תפוח רימ,ליטרים,1.00,ליטר,false,,11.90,11.9000,true,1,88597
7290018471463,false,תפוזינה נקטר תפוז מנ,ספרינג,,תפוזינה נקטר תפוז מנ,ליטרים,1.00,ליטר,false,,6.90,6.9000,false,1,88918
7290018471470,false,תפוזינה נקטר תפוז פס,ספרינג,,תפוזינה נקטר תפוז פס,ליטרים,1.00,ליטר,false,,6.90,6.9000,false,1,88919
7290018471487,false,תפוזינה נקטר תפוז אנ,,,תפוזינה נקטר תפוז אנ,ליטרים,1.00,ליטר,false,,6.90,6.9000,false,1,88920
7290018471494,false,תפוזינה משקה תפוז גז,ספרינג,,תפוזינה משקה תפוז גז,ליטרים,1.00,ליטר,false,,6.90,6.9000,false,1,88921
7290018471548,false,"ספרינג ענבים 250 מ""ל",ספרינג,,"ספרינג ענבים 250 מ""ל",ליטרים,1.00,ליטר,false,,12.00,12.0000,false,1,88260
7290018471616,false,שוופס טוניק קלאסי 1,שוופס,,שוופס טוניק קלאסי 1,ליטרים,1.00,ליטר,false,,9.00,9.0000,false,1,89378
7290018471630,false,שוופס טוניק מלפפון ל,שוופס,,שוופס טוניק מלפפון ל,ליטרים,1.00,ליטר,false,,9.00,9.0000,false,1,89379
7290018471906,false,שוופס מוגז פירות לימ,,,שוופס מוגז פירות לימ,ליטרים,1.50,ליטר,false,,8.90,5.9333,false,1,117923
7290018471913,false,שוופס מוגז פירות תפו,,,שוופס מוגז פירות תפו,ליטרים,1.50,ליטר,false,,8.90,5.9333,false,1,117924
7290018471920,false,שוופס מוגז פירות ענב,,,שוופס מוגז פירות ענב,ליטרים,1.50,ליטר,false,,8.90,5.9333,false,1,117925
7290018471937,false,שוופס מוגז פירות תות,,,שוופס מוגז פירות תות,ליטרים,1.50,ליטר,false,,8.90,5.9333,false,1,117926
7290018471944,false,שוופס מוגז פירות לימ,,,שוופס מוגז פירות לימ,ליטרים,1.50,ליטר,false,,8.90,5.9333,false,1,117927
7290018471951,false,שוופס מוגז פירות אשכ,,,שוופס מוגז פירות אשכ,ליטרים,1.50,ליטר,false,,8.90,5.9333,false,1,117928
7290018493144,false,קמיל אל סבון מועשר ב,"ד""ר פישר",,קמיל אל סבון מועשר ב,ליטרים,1.00,ליטר,false,,15.90,15.9000,true,1,87289
7290018500361,false,לחם אחיד פרוס אנג'ל,אנג'ל,,לחם אחיד פרוס אנג'ל,גרמים,900.00,100 גרם,false,,8.53,0.0095,false,1,120652
7290018515006,false,רוטב שזיפים מתוק,,,רוטב שזיפים מתוק,מיליליטרים,700.00,"100 מ""ל",false,,13.90,0.0199,true,1,86191
7290018516324,false,מחית תפוח ושיבולת שו,,,מחית תפוח ושיבולת שו,גרמים,120.00,100 גרם,false,,5.90,0.0492,true,1,90555
7290018516331,false,מחית תפוח בננה ושבול,,,מחית תפוח בננה ושבול,גרמים,120.00,100 גרם,false,,5.90,0.0492,true,1,90556
7290018516348,false,סלט פירות ושיבולת שו,,,סלט פירות ושיבולת שו,גרמים,120.00,100 גרם,false,,5.90,0.0492,true,1,90557
7290018517024,false,בסיס לפיצה בנוסח איט,,,בסיס לפיצה בנוסח איט,גרמים,440.00,100 גרם,false,,10.90,0.0248,true,1,87347
7290018517093,false,מעדן פרי משמש ללא תו,,,מעדן פרי משמש ללא תו,גרמים,280.00,100 גרם,false,,11.50,0.0411,true,1,119095
7290018517116,false,מעדן פרי אוכמניות לל,,,מעדן פרי אוכמניות לל,גרמים,280.00,100 גרם,false,,11.50,0.0411,true,1,119097
7290018517215,false,רסק תפוחי עץ ללא תוס,,,רסק תפוחי עץ ללא תוס,גרמים,710.00,100 גרם,false,,9.90,0.0139,true,1,90496
7290018517246,false,רוטב רימונים מרוכז 3,,,רוטב רימונים מרוכז 3,גרמים,340.00,100 גרם,false,,9.90,0.0291,true,1,117708
7290018540329,false,פיתות אנג'ל 8 יח',אנג'ל,,פיתות אנג'ל 8 יח',גרמים,880.00,100 גרם,false,,11.50,0.0131,true,1,87776
7290018540817,false,ארטיזנל לחם מחמצת כו,אנג'ל,,ארטיזנל לחם מחמצת כו,גרמים,500.00,100 גרם,false,,14.90,0.0298,true,1,118130
7290018540824,false,ארטיזנל לחם מחמצת כפ,אנג'ל,,ארטיזנל לחם מחמצת כפ,גרמים,500.00,100 גרם,false,,14.90,0.0298,true,1,118131
7290018540831,false,ארטיזנל לחם מחמצת חי,אנג'ל,,ארטיזנל לחם מחמצת חי,גרמים,500.00,100 גרם,false,,14.90,0.0298,true,1,118132
7290018652039,false,לה קרמריה קרמל מלוח,,,לה קרמריה קרמל מלוח,ליטרים,1.40,ליטר,false,,22.90,16.3571,true,1,87722
7290018652213,false,נסטלה מאגדת קראנץ בר,,,נסטלה מאגדת קראנץ בר,גרמים,246.00,100 גרם,false,,22.90,0.0931,true,1,118964
7290018652671,false,לה קרמריה שוקו וניל,,,לה קרמריה שוקו וניל,ליטרים,1.40,ליטר,false,,22.90,16.3571,false,1,119035
7290018652688,false,לה קרמריה פירות טרופ,,,לה קרמריה פירות טרופ,ליטרים,1.40,ליטר,false,,22.90,16.3571,false,1,119036
7290018652886,false,מאגדת שלגונים מצופים,,,מאגדת שלגונים מצופים,גרמים,476.00,100 גרם,false,,26.90,0.0565,true,1,121282
7290018652909,false,מאגדת אספרסו שוקולד,,,מאגדת אספרסו שוקולד,גרמים,225.00,100 גרם,false,,27.90,0.1240,true,1,118966
7290018652923,false,מאגדת תות עוגת גבינה,,,מאגדת תות עוגת גבינה,גרמים,225.00,100 גרם,false,,27.90,0.1240,true,1,118967
7290018677124,false,גרנולה קראנצ חמוציות,,,גרנולה קראנצ חמוציות,גרמים,300.00,100 גרם,false,,23.90,0.0797,true,1,118334
7290018677131,false,גרנולה קראנצי אגוזים,,,גרנולה קראנצי אגוזים,גרמים,300.00,100 גרם,false,,23.90,0.0797,true,1,118335
7290018677148,false,גרנולה קראנצ'י שוקול,,,גרנולה קראנצ'י שוקול,גרמים,300.00,100 גרם,false,,23.90,0.0797,true,1,120939
7290018677155,false,תערובת קמחים רב תכלי,,,תערובת קמחים רב תכלי,גרמים,500.00,100 גרם,false,,22.90,0.0458,true,1,89937
7290018677162,false,תערובת רב תכליתית לל,,,תערובת רב תכליתית לל,גרמים,500.00,100 גרם,false,,20.90,0.0418,true,1,89938
7290018677209,false,סירופ מייפל אורגני נ,,,סירופ מייפל אורגני נ,מיליליטרים,250.00,"100 מ""ל",false,,23.90,0.0956,true,1,119158
7290018703182,false,פראוד חטיף חלבון שוק,,,פראוד חטיף חלבון שוק,גרמים,29.00,100 גרם,false,,7.90,0.2724,true,1,120110
7290018703229,false,פראוד - חטיף חלבון ט,,,פראוד - חטיף חלבון ט,גרמים,60.00,100 גרם,false,,11.90,0.1983,true,1,120112
7290018703311,false,חטיף חלבון בטעם קרם,,,חטיף חלבון בטעם קרם,גרמים,60.00,100 גרם,false,,11.90,0.1983,true,1,120371
7290018703496,false,פראוד חטיף חלבון בננ,,,פראוד חטיף חלבון בננ,גרמים,60.00,100 גרם,false,,11.90,0.1983,true,1,120379
7290018708118,false,בארכה חלבה וניל פיסט,,,בארכה חלבה וניל פיסט,גרמים,350.00,100 גרם,false,,15.90,0.0454,true,1,118255
7290018724446,false,פריכיות כוסמת עם קוו,,,פריכיות כוסמת עם קוו,גרמים,145.00,100 גרם,false,,11.90,0.0821,true,1,122176
7290018724521,false,פריכיות כוסמת עם שקד,,,פריכיות כוסמת עם שקד,גרמים,145.00,100 גרם,false,,11.90,0.0821,true,1,119159
7290018724552,false,קמח שקדים ללא גלוטן,,,קמח שקדים ללא גלוטן,גרמים,250.00,100 גרם,false,,22.90,0.0916,true,1,117477
7290018724897,false,פירורי מאפה ללא גלוט,,,פירורי מאפה ללא גלוט,גרמים,300.00,100 גרם,false,,15.90,0.0530,true,1,87943
7290018770023,false,שמן זית ג'השאן קורני,,,שמן זית ג'השאן קורני,מיליליטרים,750.00,"100 מ""ל",false,,36.90,0.0492,true,1,87876
7290018770344,false,טחינה משומשום אתיופי,,,טחינה משומשום אתיופי,גרמים,500.00,100 גרם,false,,13.90,0.0278,true,1,121143
7290018770351,false,טחינה משומשום אתיופי,,,טחינה משומשום אתיופי,גרמים,500.00,100 גרם,false,,12.90,0.0258,true,1,121144
7290018792841,false,אבקת קקאו טבעי 150 ג,,,אבקת קקאו טבעי 150 ג,גרמים,150.00,100 גרם,false,,10.90,0.0727,true,1,120604
7290018795842,false,שיני שום קלופות 500,מרינה,,שיני שום קלופות 500,גרמים,500.00,100 גרם,false,,18.90,0.0378,true,1,121087
7290018874004,false,יין יראון 2019,,,יין יראון 2019,מיליליטרים,750.00,"100 מ""ל",false,,109.90,0.1465,true,1,120493
7290018878224,false,מיני קוקיס בטעם שוקו,,,מיני קוקיס בטעם שוקו,גרמים,600.00,100 גרם,false,,15.90,0.0265,true,1,121793
7290018878231,false,"מיני קוקיס לל""ס בטעם",,,"מיני קוקיס לל""ס בטעם",גרמים,600.00,100 גרם,false,,21.90,0.0365,true,1,121792
7290018879979,false,מרשמלו לבן בטעם וניל,,,מרשמלו לבן בטעם וניל,גרמים,150.00,100 גרם,false,,4.90,0.0327,true,1,121968
7290018893005,false,צ'וקטה בייגלה בטעם ח,צ'וקטה,,צ'וקטה בייגלה בטעם ח,גרמים,200.00,100 גרם,false,,6.90,0.0345,true,1,117361
7290018893081,false,צ'וקטה עוגות אישיות,,,צ'וקטה עוגות אישיות,גרמים,222.00,100 גרם,false,,8.90,0.0401,true,1,118009
7290018893098,false,צ'וקטה עוגיות מצופות,צ'וקטה,,צ'וקטה עוגיות מצופות,גרמים,100.00,100 גרם,false,,6.90,0.0690,true,1,118767
7290018893111,false,צ'וקטה שוקולד מריר ב,,,צ'וקטה שוקולד מריר ב,גרמים,100.00,100 גרם,false,,7.90,0.0790,true,1,118626
7290018893128,false,צ'וקטה שוקולד חלב בל,,,צ'וקטה שוקולד חלב בל,גרמים,100.00,100 גרם,false,,7.90,0.0790,true,1,118627
7290018893135,false,צ'וקטה גריסיני מלח,,,צ'וקטה גריסיני מלח,גרמים,120.00,100 גרם,false,,7.90,0.0658,true,1,120781
7290018893142,false,צ'וקטה גריסיני שמן ז,,,צ'וקטה גריסיני שמן ז,גרמים,120.00,100 גרם,false,,7.90,0.0658,true,1,120782
7290018893258,false,צ'וקטה עוגות אישיות,,,צ'וקטה עוגות אישיות,גרמים,300.00,100 גרם,false,,10.90,0.0363,true,1,90322
7290018893296,false,צ'וקטה עוגיות חמאה מ,צ'וקטה,,צ'וקטה עוגיות חמאה מ,גרמים,100.00,100 גרם,false,,9.90,0.0990,true,1,119138
7290018893333,false,צ'וקטה קרקרים במליחו,,,צ'וקטה קרקרים במליחו,גרמים,500.00,100 גרם,false,,12.90,0.0258,true,1,121753
7290018893456,false,צ'וקטה עוגות אישיות,,,צ'וקטה עוגות אישיות,גרמים,300.00,100 גרם,false,,10.90,0.0363,true,1,90321
7290018893494,false,צ'וקטה עלי וופל חמאה,,,צ'וקטה עלי וופל חמאה,גרמים,100.00,100 גרם,false,,9.90,0.0990,true,1,118235
7290018893531,false,צ'וקטה קרקרים מלוחים,,,צ'וקטה קרקרים מלוחים,גרמים,500.00,100 גרם,false,,12.90,0.0258,true,1,121754
7290018893616,false,צ'וקטה מארז שוקולד מ,,,צ'וקטה מארז שוקולד מ,גרמים,600.00,100 גרם,false,,19.90,0.0332,true,1,118020
7290018893647,false,צ'וקטה עוגיות סנדביץ,,,צ'וקטה עוגיות סנדביץ,גרמים,150.00,100 גרם,false,,8.90,0.0593,true,1,118297
7290018893654,false,צ'וקטה בייגלה בתוספת,צ'וקטה,,צ'וקטה בייגלה בתוספת,גרמים,200.00,100 גרם,false,,6.90,0.0345,true,1,117360
7290018893661,false,צ'וקטה עוגות אישיות,,,צ'וקטה עוגות אישיות,גרמים,240.00,100 גרם,false,,10.90,0.0454,true,1,90323
7290018893708,false,צ'וקטה עוגיות סנדווי,צ'וקטה,,צ'וקטה עוגיות סנדווי,גרמים,250.00,100 גרם,false,,6.90,0.0276,true,1,118752
7290018893746,false,צ'וקטה בייגלה עגבניו,,,צ'וקטה בייגלה עגבניו,גרמים,180.00,100 גרם,false,,6.90,0.0383,true,1,121134
7290018893753,false,צ'וקטה וופל חמאה בטע,,,צ'וקטה וופל חמאה בטע,גרמים,100.00,100 גרם,false,,9.90,0.0990,true,1,121085
7290018893807,false,שוקולד צ'וקטה מריר 6,,,שוקולד צ'וקטה מריר 6,גרמים,300.00,100 גרם,false,,10.90,0.0363,true,1,117561
7290018893814,false,שוקולד מריר 48% חמיש,צ'וקטה,,שוקולד מריר 48% חמיש,גרמים,500.00,100 גרם,false,,15.90,0.0318,true,1,117370
7290018893852,false,צ'וקטה בייגלה בתוספת,צ'וקטה,,צ'וקטה בייגלה בתוספת,גרמים,200.00,100 גרם,false,,6.90,0.0345,true,1,117359
7290018893876,false,צ'וקטה עוגות אישיות,,,צ'וקטה עוגות אישיות,גרמים,200.00,100 גרם,false,,10.90,0.0545,true,1,90325
7290018893906,false,צ'וקטה עוגיות סנדויץ,צ'וקטה,,צ'וקטה עוגיות סנדויץ,גרמים,250.00,100 גרם,false,,6.90,0.0276,true,1,118753
7290018893913,false,צוקטה מקלות גריסיני,,,צוקטה מקלות גריסיני,גרמים,52.00,100 גרם,false,,6.50,0.1250,true,1,118930
7290018893920,false,לוקיטוס סוכריות ג'לי,,,לוקיטוס סוכריות ג'לי,גרמים,700.00,100 גרם,false,,18.90,0.0270,true,1,121751
7290018893937,false,לוקיטוס סוכריות ג'לי,,,לוקיטוס סוכריות ג'לי,גרמים,300.00,100 גרם,false,,9.90,0.0330,true,1,121752
7290018893951,false,צ'וקטה וופל חמאה בטע,,,צ'וקטה וופל חמאה בטע,גרמים,100.00,100 גרם,false,,9.90,0.0990,true,1,121358
7290018894040,false,צ'וקטה שוקולד חלב 1/,,,צ'וקטה שוקולד חלב 1/,גרמים,500.00,100 גרם,false,,19.90,0.0398,true,1,121855
7290018894200,false,בלקוני וופל קוביות ו,,,בלקוני וופל קוביות ו,גרמים,250.00,100 גרם,false,,10.90,0.0436,true,1,118927
7290018894248,false,צ'וקטה שוקולד חלב 1/,,,צ'וקטה שוקולד חלב 1/,גרמים,300.00,100 גרם,false,,12.90,0.0430,true,1,121755
7290018894408,false,בלקוני וופל קוביות א,,,בלקוני וופל קוביות א,גרמים,250.00,100 גרם,false,,10.90,0.0436,true,1,119141
7290018921609,false,קמיל בלו קרם החתלה ק,"ד""ר פישר",,קמיל בלו קרם החתלה ק,גרמים,120.00,100 גרם,false,,21.90,0.1825,true,1,121246
7290018925065,false,מיץ תפוזים סחוט פרימ,,,מיץ תפוזים סחוט פרימ,ליטרים,2.00,ליטר,false,,26.90,13.4500,false,1,118251
7290018925072,false,משקה קל לימונים ונענ,,,משקה קל לימונים ונענ,ליטרים,2.00,ליטר,false,,27.90,13.9500,false,1,118252
7290018925126,false,משקה קל תפוחי עץ ‏5‏,,,משקה קל תפוחי עץ ‏5‏,ליטרים,1.50,ליטר,false,,8.00,5.3333,false,1,117806
7290018925133,false,משקה קל מנגו ‏5‏.‏1‏,,,משקה קל מנגו ‏5‏.‏1‏,ליטרים,1.50,ליטר,false,,8.00,5.3333,false,1,117809
7290018925416,false,פרימור מיץ לימון ופס,,,פרימור מיץ לימון ופס,מיליליטרים,400.00,"100 מ""ל",false,,8.70,0.0218,true,1,121142
7290018949009,false,גרופר משקה קל מוגז א,,,גרופר משקה קל מוגז א,מיליליטרים,330.00,"100 מ""ל",false,,7.90,0.0239,true,1,118013
7290018949016,false,גרופר משקה קל מוגז א,,,גרופר משקה קל מוגז א,מיליליטרים,330.00,"100 מ""ל",false,,7.90,0.0239,true,1,118014
7290018949023,false,גרופר משקה קל מוגז א,,,גרופר משקה קל מוגז א,מיליליטרים,330.00,"100 מ""ל",false,,7.90,0.0239,true,1,118015
7290018989005,false,פולפה טבעית שלישייה,יכין,,פולפה טבעית שלישייה,גרמים,1200.00,100 גרם,false,,16.90,0.0141,true,1,118696
7290018989081,false,חומוס הבית להכנת חומ,יכין,,חומוס הבית להכנת חומ,גרמים,250.00,100 גרם,false,,6.90,0.0276,true,1,120748
7290019015154,false,מבשם בדים בוהו,,,מבשם בדים בוהו,יחידה,0.00,יחידה,false,,29.90,0.0000,true,1,119799
7290019015185,false,מפיץ ריח,,,מפיץ ריח,מיליליטרים,200.00,"100 מ""ל",false,,49.90,0.2495,true,1,119506
7290019035220,false,מיקס פירות יער אוכמנ,,,מיקס פירות יער אוכמנ,גרמים,600.00,100 גרם,false,,24.90,0.0415,true,1,120995
7290019056027,false,שוופס מוגז פירות תפו,,,שוופס מוגז פירות תפו,ליטרים,1.50,ליטר,false,,8.90,5.9333,false,1,117929
7290019056034,false,שוופס מוגז פירות אננ,,,שוופס מוגז פירות אננ,ליטרים,1.50,ליטר,false,,8.90,5.9333,false,1,117930
7290019056041,false,שוופס מוגז פירות לימ,,,שוופס מוגז פירות לימ,ליטרים,1.50,ליטר,false,,8.90,5.9333,false,1,117931
7290019056058,false,שוופס מוגז עדין תפוח,,,שוופס מוגז עדין תפוח,ליטרים,1.50,ליטר,false,,8.90,5.9333,false,1,117917
7290019056065,false,שוופס מוגז עדין פירו,,,שוופס מוגז עדין פירו,ליטרים,1.50,ליטר,false,,8.90,5.9333,false,1,117918
7290019056072,false,שוופס מוגז עדין אננס,,,שוופס מוגז עדין אננס,ליטרים,1.50,ליטר,false,,8.90,5.9333,false,1,117919
7290019056089,false,שוופס מוגז עדין ענבי,,,שוופס מוגז עדין ענבי,ליטרים,1.50,ליטר,false,,8.90,5.9333,false,1,117920
7290019056096,false,שוופס מוגז עדין אפרס,,,שוופס מוגז עדין אפרס,ליטרים,1.50,ליטר,false,,8.90,5.9333,false,1,117921
7290019056119,false,שוופס סודה 1.5 ל',,,שוופס סודה 1.5 ל',ליטרים,1.50,ליטר,false,,3.90,2.6000,false,1,117907
7290019056164,false,שוופס סודה 1.5 ל' רב,,,שוופס סודה 1.5 ל' רב,ליטרים,6.00,ליטר,false,,12.50,2.0833,false,1,117908
7290019056171,false,שוופס סודה לימון 1.5,,,שוופס סודה לימון 1.5,ליטרים,6.00,ליטר,false,,12.50,2.0833,false,1,117909
7290019056188,false,שוופס סודה נענע ליים,,,שוופס סודה נענע ליים,ליטרים,6.00,ליטר,false,,12.50,2.0833,false,1,117912
7290019056232,false,שוופס ליים מוחיטו 1.,,,שוופס ליים מוחיטו 1.,ליטרים,1.50,ליטר,false,,8.90,5.9333,false,1,117922
7290019056249,false,שוופס מים בטעמים ענב,,,שוופס מים בטעמים ענב,ליטרים,1.50,ליטר,false,,7.50,5.0000,false,1,117902
7290019056256,false,שוופס מים בטעמים תפו,,,שוופס מים בטעמים תפו,ליטרים,1.50,ליטר,false,,7.50,5.0000,false,1,117903
7290019056263,false,שוופס מים בטעמים אפר,,,שוופס מים בטעמים אפר,ליטרים,1.50,ליטר,false,,7.50,5.0000,false,1,117904
7290019056270,false,שוופס מים בטעמים פיר,,,שוופס מים בטעמים פיר,ליטרים,1.50,ליטר,false,,7.50,5.0000,false,1,117905
7290019056287,false,שוופס מים בטעמים אפר,,,שוופס מים בטעמים אפר,ליטרים,1.50,ליטר,false,,7.50,5.0000,false,1,117906
7290019056294,false,שוופס ג'ינג'ר אייל 1,,,שוופס ג'ינג'ר אייל 1,ליטרים,1.50,ליטר,false,,12.50,8.3333,false,1,117817
7290019056300,false,שוופס ביטר למון 1.5,,,שוופס ביטר למון 1.5,ליטרים,1.50,ליטר,false,,12.50,8.3333,false,1,117818
7290019056317,false,שוופס ראשן 1.5 ל',,,שוופס ראשן 1.5 ל',ליטרים,1.50,ליטר,false,,12.50,8.3333,false,1,117819
7290019056324,false,שוופס טוניק 1.5 ל',,,שוופס טוניק 1.5 ל',ליטרים,1.50,ליטר,false,,12.50,8.3333,false,1,117820
7290019056331,false,שוופס טוניק ללא סוכר,,,שוופס טוניק ללא סוכר,ליטרים,1.50,ליטר,false,,12.50,8.3333,false,1,117821
7290019056355,false,תפוזינה לימונענע 1.5,,,תפוזינה לימונענע 1.5,ליטרים,1.50,ליטר,false,,8.90,5.9333,false,1,117822
7290019056362,false,תפוזינה ענבים 1.5 ל',,,תפוזינה ענבים 1.5 ל',ליטרים,1.50,ליטר,false,,8.90,5.9333,false,1,117823
7290019056379,false,תפוזינה תפוזים 1.5 ל,,,תפוזינה תפוזים 1.5 ל,ליטרים,1.50,ליטר,false,,8.90,5.9333,false,1,117824
7290019056386,false,תפוזינה אשכוליות 1.5,,,תפוזינה אשכוליות 1.5,ליטרים,1.50,ליטר,false,,8.90,5.9333,false,1,117825
7290019056393,false,תפוזינה תות בננה 1.5,,,תפוזינה תות בננה 1.5,ליטרים,1.50,ליטר,false,,8.90,5.9333,false,1,117826
7290019056409,false,תפוזינה מנגו 1.5 ל',,,תפוזינה מנגו 1.5 ל',ליטרים,1.50,ליטר,false,,8.90,5.9333,false,1,117827
7290019056416,false,תפוזינה לימונדה ורוד,,,תפוזינה לימונדה ורוד,ליטרים,1.50,ליטר,false,,8.90,5.9333,false,1,117828
7290019056423,false,תפוזינה תפוחים 1.5 ל,,,תפוזינה תפוחים 1.5 ל,ליטרים,1.50,ליטר,false,,8.90,5.9333,false,1,117829
7290019056430,false,תפוזינה תפוזים לייט,,,תפוזינה תפוזים לייט,ליטרים,1.50,ליטר,false,,8.90,5.9333,false,1,117830
7290019056447,false,תפוזינה אשכוליות ליי,,,תפוזינה אשכוליות ליי,ליטרים,1.50,ליטר,false,,8.90,5.9333,false,1,117831
7290019056478,false,ספרינג תה אפרסק 1.5,,,ספרינג תה אפרסק 1.5,ליטרים,1.50,ליטר,false,,7.00,4.6667,false,1,117847
7290019056485,false,ספרינג תה תה ירוק לי,,,ספרינג תה תה ירוק לי,ליטרים,1.50,ליטר,false,,7.00,4.6667,false,1,117848
7290019056492,false,ספרינג תה מנגו אפרסק,,,ספרינג תה מנגו אפרסק,ליטרים,1.50,ליטר,false,,7.00,4.6667,false,1,117849
7290019056508,false,פרוט ווטר ענבים 1.5,,,פרוט ווטר ענבים 1.5,ליטרים,1.50,ליטר,false,,8.90,5.9333,false,1,117866
7290019056515,false,פרוט ווטר אננס 1.5 ל,,,פרוט ווטר אננס 1.5 ל,ליטרים,1.50,ליטר,false,,8.90,5.9333,false,1,117867
7290019056522,false,פרוט ווטר תות 1.5 ל',,,פרוט ווטר תות 1.5 ל',ליטרים,1.50,ליטר,false,,8.90,5.9333,false,1,117868
7290019056539,false,פרוט ווטר אפרסק 1.5,,,פרוט ווטר אפרסק 1.5,ליטרים,1.50,ליטר,false,,8.90,5.9333,false,1,117869
7290019056546,false,פרוט ווטר אבטיח 1.5,,,פרוט ווטר אבטיח 1.5,ליטרים,1.50,ליטר,false,,8.90,5.9333,false,1,117870
7290019056553,false,עין גדי 2 ל' שישיות,,,עין גדי 2 ל' שישיות,ליטרים,12.00,ליטר,false,,13.80,1.1500,false,1,118445
7290019056560,false,עין גדי 2 ל' בק' בוד,,,עין גדי 2 ל' בק' בוד,ליטרים,2.00,ליטר,false,,3.80,1.9000,false,1,117934
7290019056577,false,ספרינג מנגו 1.5 ל',,,ספרינג מנגו 1.5 ל',ליטרים,1.50,ליטר,false,,8.90,5.9333,false,1,117851
7290019056584,false,ספרינג תפוזים 1.5 ל',,,ספרינג תפוזים 1.5 ל',ליטרים,1.50,ליטר,false,,8.90,5.9333,false,1,117852
7290019056591,false,ספרינג ענבים 1.5 ל',,,ספרינג ענבים 1.5 ל',ליטרים,1.50,ליטר,false,,8.90,5.9333,false,1,117853
7290019056607,false,ספרינג תפוחים 1.5 ל',,,ספרינג תפוחים 1.5 ל',ליטרים,1.50,ליטר,false,,8.90,5.9333,false,1,117854
7290019056614,false,ספרינג אפרסק 1.5 ל',,,ספרינג אפרסק 1.5 ל',ליטרים,1.50,ליטר,false,,8.90,5.9333,false,1,117855
7290019056621,false,ספרינג פירות טרופיים,,,ספרינג פירות טרופיים,ליטרים,1.50,ליטר,false,,8.90,5.9333,false,1,117856
7290019056638,false,ספרינג תות בננה 1.5,,,ספרינג תות בננה 1.5,ליטרים,1.50,ליטר,false,,8.90,5.9333,false,1,117857
7290019056645,false,ספרינג אגס תפוח סברס,,,ספרינג אגס תפוח סברס,ליטרים,1.50,ליטר,false,,8.90,5.9333,false,1,117858
7290019056652,false,ספרינג אננס בננה 1.5,,,ספרינג אננס בננה 1.5,ליטרים,1.50,ליטר,false,,8.90,5.9333,false,1,117859
7290019056669,false,ספרינג תפוחים דיאט 1,,,ספרינג תפוחים דיאט 1,ליטרים,1.50,ליטר,false,,8.90,5.9333,false,1,117860
7290019056676,false,ספרינג אשכוליות אננס,,,ספרינג אשכוליות אננס,ליטרים,1.50,ליטר,false,,8.90,5.9333,false,1,117861
7290019056959,false,מי עדן 1.5 ל' בק' בו,,,מי עדן 1.5 ל' בק' בו,ליטרים,1.50,ליטר,false,,3.60,2.4000,false,1,117933
7290019056973,false,מי עדן 1.5 ל' שישייה,,,מי עדן 1.5 ל' שישייה,ליטרים,9.00,ליטר,false,,13.90,1.5444,false,1,117932
7290019068006,false,המבורגר אנגוס 880 גר,,,המבורגר אנגוס 880 גר,גרמים,880.00,100 גרם,false,,69.90,0.0794,true,1,90237
7290019068013,false,קבב רומני ביתי 12 יח,,,קבב רומני ביתי 12 יח,גרמים,840.00,100 גרם,false,,65.90,0.0785,true,1,90238
7290019068020,false,צ'וריסוס עגל טלה 12,,,צ'וריסוס עגל טלה 12,גרמים,900.00,100 גרם,false,,75.90,0.0843,true,1,90239
7290019068037,false,המבורגר אנגוס 600 גר,,,המבורגר אנגוס 600 גר,גרמים,600.00,100 גרם,false,,48.90,0.0815,true,1,90240
7290019068044,false,קציצות עירקיות 800 ג,,,קציצות עירקיות 800 ג,גרמים,800.00,100 גרם,false,,62.90,0.0786,true,1,90241
7290019068082,false,קבב קינמון 600 גר',,,קבב קינמון 600 גר',גרמים,600.00,100 גרם,false,,71.90,0.1198,true,1,90245
7290019068099,false,קציצות עגל טלה 800 ג,,,קציצות עגל טלה 800 ג,גרמים,800.00,100 גרם,false,,62.90,0.0786,true,1,90246
7290019068112,false,קציצות עגל 800 גר',,,קציצות עגל 800 גר',גרמים,800.00,100 גרם,false,,62.90,0.0786,true,1,90247
7290019068129,false,קבב עגל טלה 650 גר',,,קבב עגל טלה 650 גר',גרמים,650.00,100 גרם,false,,51.90,0.0798,true,1,90249
7290019074366,false,אפקטיב קר תחליב רחצה,"ד""ר פישר",,אפקטיב קר תחליב רחצה,מיליליטרים,450.00,"100 מ""ל",false,,14.90,0.0331,true,1,120974
7290019074755,false,אפקטיב קר תחליב רחצה,"ד""ר פישר",,אפקטיב קר תחליב רחצה,מיליליטרים,700.00,"100 מ""ל",false,,16.90,0.0241,true,1,120509
7290019074762,false,אפקטיב קר תחליב רחצה,"ד""ר פישר",,אפקטיב קר תחליב רחצה,מיליליטרים,450.00,"100 מ""ל",false,,14.90,0.0331,true,1,120975
7290019074953,false,אפקטיב קר תחליב רחצה,"ד""ר פישר",,אפקטיב קר תחליב רחצה,מיליליטרים,450.00,"100 מ""ל",false,,14.90,0.0331,true,1,120976
7290019078494,false,מארז מרציפן  ללא תוס,,,מארז מרציפן  ללא תוס,גרמים,180.00,100 גרם,false,,29.90,0.1661,true,1,122021
7290019078722,false,מארז חטיפי מרציפן במ,,,מארז חטיפי מרציפן במ,גרמים,180.00,100 גרם,false,,29.90,0.1661,true,1,122018
7290019078999,false,מארז חטיפי מרציפן במ,,,מארז חטיפי מרציפן במ,גרמים,180.00,100 גרם,false,,29.90,0.1661,true,1,122019
7290019137092,false,סירופ מייפל קנדי אור,תבואות,,סירופ מייפל קנדי אור,מיליליטרים,250.00,"100 מ""ל",false,,21.90,0.0876,true,1,120484
7290019153078,false,שוופס ביטר למון לייט,שוופס,,שוופס ביטר למון לייט,ליטרים,1.50,ליטר,false,,12.50,8.3333,false,1,119128
7290019153085,false,שוופס מוחיטו ללא סוכ,שוופס,,שוופס מוחיטו ללא סוכ,ליטרים,1.50,ליטר,false,,8.90,5.9333,false,1,119031
7290019153252,false,שוופס סודה תפוח 1.5,שוופס,,שוופס סודה תפוח 1.5,ליטרים,6.00,ליטר,false,,12.50,2.0833,false,1,120207
7290019153269,false,שוופס סודה אננס 1.5,שוופס,,שוופס סודה אננס 1.5,ליטרים,6.00,ליטר,false,,12.50,2.0833,false,1,120208
7290019153313,false,FRUITַ&VEG תפוח חמוצ,,,FRUITַ&VEG תפוח חמוצ,מיליליטרים,350.00,"100 מ""ל",false,,6.90,0.0197,true,1,120626
7290019153344,false,תפוזינה סנגרייה 1.5,תפוזינה,,תפוזינה סנגרייה 1.5,ליטרים,1.50,ליטר,false,,8.90,5.9333,false,1,120364
7290019153375,false,תפוזינה מוחיטו 1.5 ל,תפוזינה,,תפוזינה מוחיטו 1.5 ל,ליטרים,1.50,ליטר,false,,8.90,5.9333,false,1,120366
7290019153566,false,ספרינג רימון אוכמניו,ספרינג,,ספרינג רימון אוכמניו,ליטרים,1.50,ליטר,false,,8.90,5.9333,false,1,121525
7290019167020,false,קינוח עוגת גבינה עם,,,קינוח עוגת גבינה עם,גרמים,82.00,100 גרם,false,,6.60,0.0805,true,1,122066
7290019167037,false,תותים בקצפת עדן קינו,,,תותים בקצפת עדן קינו,גרמים,82.00,100 גרם,false,,6.60,0.0805,true,1,122068
7290019167044,false,קצפת עם קרם בייגלה מ,,,קצפת עם קרם בייגלה מ,גרמים,82.00,100 גרם,false,,6.60,0.0805,true,1,122067
7290019204008,false,עוף טוב פסטרמה ארבעה,,,עוף טוב פסטרמה ארבעה,גרמים,350.00,100 גרם,false,,24.90,0.0711,true,1,120860
7290019204206,false,עוף טוב פסטרמה בסגנו,,,עוף טוב פסטרמה בסגנו,גרמים,320.00,100 גרם,false,,24.90,0.0778,true,1,120862
7290019204305,false,עוף טוב פסטרמה ברביק,,,עוף טוב פסטרמה ברביק,גרמים,350.00,100 גרם,false,,24.90,0.0711,true,1,120858
7290019232353,false,תה ירוק סיני 50 שקיק,ויסוצקי,,תה ירוק סיני 50 שקיק,גרמים,75.00,100 גרם,false,,45.90,0.6120,false,1,121697
7290019232803,false,הולגריין ביסקוויט עם,,,הולגריין ביסקוויט עם,גרמים,300.00,100 גרם,false,,10.90,0.0363,true,1,121941
7290019232827,false,הולגריין ביסקוויט במ,,,הולגריין ביסקוויט במ,גרמים,300.00,100 גרם,false,,10.90,0.0363,true,1,121942
7290019232834,false,FLIPZ בייגלה מצופה ק,,,FLIPZ בייגלה מצופה ק,גרמים,140.00,100 גרם,false,,8.90,0.0636,true,1,120440
7290019233015,false,רוטב שקשוקה ירוקה זי,זיתא,,רוטב שקשוקה ירוקה זי,גרמים,420.00,100 גרם,false,,13.90,0.0331,true,1,120601
7290019233039,false,רוטב שקשוקה קלאסית ז,זיתא,,רוטב שקשוקה קלאסית ז,מיליליטרים,420.00,"100 מ""ל",false,,13.90,0.0331,true,1,120603
7290019233046,false,זית קלמטה בלונדי זית,זיתא,,זית קלמטה בלונדי זית,גרמים,215.00,100 גרם,false,,12.90,0.0600,true,1,118976
7290019297161,false,טורטיות ראפ מקמח תיר,,,טורטיות ראפ מקמח תיר,גרמים,540.00,100 גרם,false,,9.90,0.0183,true,1,33312
7290019297420,false,מעדן תות שדה שקדיה,,,מעדן תות שדה שקדיה,גרמים,284.00,100 גרם,false,,10.00,0.0352,true,1,58855
7290019297543,false,חמאת בוטנים 510 גר',,,חמאת בוטנים 510 גר',גרמים,510.00,100 גרם,false,,11.90,0.0233,true,1,33308
7290055090801,false,כרמית שוקולד לבן ללא,,,כרמית שוקולד לבן ללא,גרמים,85.00,100 גרם,false,,5.90,0.0694,true,1,25921
7290100235324,false,עוגת בריוש גבינה בונ,בונז'ור,,עוגת בריוש גבינה בונ,גרמים,550.00,100 גרם,false,,25.90,0.0471,true,1,207
7290100240137,false,תרסיס בדין למייבש כח,בדין,,תרסיס בדין למייבש כח,מיליליטרים,500.00,"100 מ""ל",false,,19.00,0.0380,true,1,14473
7290100240144,false,תרסיס בדין למייבש,בדין,,תרסיס בדין למייבש,מיליליטרים,500.00,"100 מ""ל",false,,19.00,0.0380,true,1,14474
7290100240632,false,פתית שישה דגנים 250,פתית,,פתית שישה דגנים 250,גרמים,250.00,100 גרם,false,,18.50,0.0740,true,1,14475
7290100240656,false,פתית שיפון 300ג' בדץ,,,פתית שיפון 300ג' בדץ,גרמים,300.00,100 גרם,false,,18.50,0.0617,true,1,14476
7290100243084,false,מיונז אמיתי הלמנס 78,הלמנ'ס,,מיונז אמיתי הלמנס 78,גרמים,789.00,100 גרם,false,,26.50,0.0336,false,1,9430
7290100243671,false,בדין אקסטרא כחול 960,בדין,,בדין אקסטרא כחול 960,מיליליטרים,960.00,"100 מ""ל",false,,14.90,0.0155,false,1,2194
7290100245231,false,נמס בכוס ועוד טעם עו,קנור,,נמס בכוס ועוד טעם עו,גרמים,50.00,100 גרם,false,,7.00,0.1400,true,1,9455
7290100249659,false,רוטב לעוף צ'ילי שום,קנור,,רוטב לעוף צ'ילי שום,גרמים,310.00,100 גרם,false,,14.90,0.0481,true,1,9488
7290100412343,false,מגבונים קוויק לניקוי,,,מגבונים קוויק לניקוי,יחידה,0.00,יחידה,false,,7.90,0.0000,true,1,72937
7290100412466,false,קוויק מגבונים לניקוי,,,קוויק מגבונים לניקוי,יחידה,0.00,יחידה,false,,11.50,0.0000,true,1,84154
7290100653463,false,פלמוליב ספא מסג',פלמוליב,,פלמוליב ספא מסג',מיליליטרים,500.00,"100 מ""ל",false,,14.90,0.0298,true,1,528
7290100653586,false,ליידי ספיד סטיק 24/7,ספיד סטיק,,ליידי ספיד סטיק 24/7,גרמים,50.00,100 גרם,false,,19.90,0.3980,true,1,529
7290100658338,false,פלמוליב אוקסי,פלמוליב,,פלמוליב אוקסי,מיליליטרים,750.00,"100 מ""ל",false,,9.90,0.0132,false,1,6693
7290100659090,false,חטיף דגנים תמרים וקי,Free,,חטיף דגנים תמרים וקי,גרמים,100.00,100 גרם,false,,16.50,0.1650,true,1,532
7290100680650,false,מנה חמה נודלס איטריו,אסם,,מנה חמה נודלס איטריו,גרמים,76.00,100 גרם,false,,7.20,0.0947,false,1,6255
7290100680667,false,מנה חמה נודלס סצ'ואן,אסם,,מנה חמה נודלס סצ'ואן,גרמים,76.00,100 גרם,false,,7.20,0.0947,false,1,6256
7290100680711,false,פירורית זהב 350גר',אסם,,פירורית זהב 350גר',גרמים,350.00,100 גרם,false,,8.80,0.0251,false,1,6258
7290100680728,false,פירורית 350גר',אסם,,פירורית 350גר',גרמים,350.00,100 גרם,false,,7.00,0.0200,true,1,6259
7290100681015,false,אינסטנט פודינג ריבת,אסם,,אינסטנט פודינג ריבת,גרמים,84.00,100 גרם,false,,5.80,0.0690,false,1,6262
7290100681138,false,מארז אפרופו שלישיה,אסם,,מארז אפרופו שלישיה,גרמים,150.00,100 גרם,false,,12.50,0.0833,false,1,6265
7290100681503,false,עסיס סירופ לימונענע,עסיס,,עסיס סירופ לימונענע,ליטרים,1.00,ליטר,false,,17.90,17.9000,false,1,6267
7290100681510,false,עסיס סירופ אשכולית א,עסיס,,עסיס סירופ אשכולית א,ליטרים,1.00,ליטר,false,,17.90,17.9000,false,1,6268
7290100684139,false,מיני מקרוני אסם,אסם,,מיני מקרוני אסם,גרמים,500.00,100 גרם,false,,5.90,0.0118,false,1,213
7290100684764,false,במבה יום הולדת 25 גר,אסם,,במבה יום הולדת 25 גר,גרמים,25.00,100 גרם,false,,2.40,0.0960,true,1,6287
7290100685136,false,אבקת מרק טעם עוף 1קג,אסם,,אבקת מרק טעם עוף 1קג,קילוגרמים,1.00,"ק""ג",false,,12.90,12.9000,false,1,216
7290100685334,false,אבקת מרק עוף רכיבים,אסם,,אבקת מרק עוף רכיבים,גרמים,400.00,100 גרם,false,,19.90,0.0497,false,1,217
7290100685341,false,אבקת מרק טעם עוף זך,אסם,,אבקת מרק טעם עוף זך,גרמים,400.00,100 גרם,false,,16.90,0.0422,false,1,6295
7290100685563,false,מארז פירורית זהב אסם,,,מארז פירורית זהב אסם,גרמים,400.00,100 גרם,false,,8.90,0.0223,true,1,63495
7290100686171,false,מארז ביסלי גריל,אסם,,מארז ביסלי גריל,גרמים,210.00,100 גרם,false,,14.00,0.0667,false,1,6303
7290100687109,false,במבה במילוי קרם נוגט,אסם,,במבה במילוי קרם נוגט,גרמים,60.00,100 גרם,false,,5.30,0.0883,true,1,6534
7290100688618,false,גביעי גלידה טעם שוקו,אסם,,גביעי גלידה טעם שוקו,יחידה,0.00,יחידה,false,,15.50,0.0000,true,1,6310
7290100689301,false,אבקת מרק טעם עוף זך-,אסם,,אבקת מרק טעם עוף זך-,גרמים,400.00,100 גרם,false,,13.90,0.0348,false,1,6315
7290100700006,false,חיטה 1קג סוגת,סוגת,,חיטה 1קג סוגת,יחידה,1.00,יחידה,false,,7.90,7.9000,true,1,1426
7290100700020,false,גריסי פנינה,סוגת,,גריסי פנינה,גרמים,200.00,100 גרם,false,,4.90,0.0245,true,1,8681
7290100700075,false,פרורי לחם מוזהבים 20,סוגת,,פרורי לחם מוזהבים 20,גרמים,200.00,100 גרם,false,,4.00,0.0200,false,1,8683
7290100700242,false,אורז מלא עגול 1 קג,סוגת,,אורז מלא עגול 1 קג,יחידה,1.00,יחידה,false,,12.90,12.9000,true,1,8684
7290100700273,false,קינואה 500 גר סוגת,סוגת,,קינואה 500 גר סוגת,גרמים,500.00,100 גרם,false,,12.90,0.0258,true,1,8685
7290100700310,false,כוסמת 1קג סוגת,סוגת,,כוסמת 1קג סוגת,יחידה,1.00,יחידה,false,,13.90,13.9000,true,1,8687
7290100700327,false,גריסי פנינה 1 קג,סוגת,,גריסי פנינה 1 קג,קילוגרמים,1.00,"ק""ג",false,,7.90,7.9000,true,1,33526
7290100700334,false,קינואה לבנה 1 קג סוג,,,קינואה לבנה 1 קג סוג,קילוגרמים,1.00,"ק""ג",false,,21.90,21.9000,true,1,71435
7290100700372,false,אורז בסמטי מלא 1קג',סוגת,,אורז בסמטי מלא 1קג',קילוגרמים,1.00,"ק""ג",false,,13.90,13.9000,false,1,8688
7290100700389,false,אורז אדום סוגת,סוגת,,אורז אדום סוגת,קילוגרמים,1.00,"ק""ג",false,,13.90,13.9000,true,1,8689
7290100700396,false,אורז יסמין קלאסי 1קג,סוגת,,אורז יסמין קלאסי 1קג,יחידה,1.00,יחידה,false,,11.90,11.9000,false,1,1428
7290100700402,false,חומוס ענק 1קג סוגת,,,חומוס ענק 1קג סוגת,קילוגרמים,1.00,"ק""ג",false,,19.90,19.9000,true,1,33589
7290100700419,false,בורגול 1קג סוגת,סוגת,,בורגול 1קג סוגת,יחידה,1.00,יחידה,false,,7.90,7.9000,true,1,31038
7290100700563,false,אורז מיקס קלאסי,סוגת,,אורז מיקס קלאסי,יחידה,1.00,יחידה,false,,10.90,10.9000,true,1,8693
7290100700587,false,בורגול סוגת 500גר,סוגת,,בורגול סוגת 500גר,גרמים,500.00,100 גרם,false,,4.90,0.0098,false,1,8694
7290100701126,false,שעועית מש 500גר סוגת,סוגת,,שעועית מש 500גר סוגת,יחידה,500.00,יחידה,false,,10.90,0.0218,true,1,8705
7290100701140,false,אורז ריזוטו ארבוריו,סוגת,,אורז ריזוטו ארבוריו,יחידה,1.00,יחידה,false,,13.90,13.9000,true,1,8706
7290100701157,false,אורז סושי 1קג סוגת,סוגת,,אורז סושי 1קג סוגת,יחידה,1.00,יחידה,false,,12.90,12.9000,true,1,8707
7290100701300,false,קינואה אדומה סוגת,סוגת,,קינואה אדומה סוגת,גרמים,500.00,100 גרם,false,,12.90,0.0258,true,1,65237
7290100701331,false,"קמח רב תכליתי 1 ק""ג",סוגת,,"קמח רב תכליתי 1 ק""ג",קילוגרמים,1.00,"ק""ג",false,,6.90,6.9000,false,1,1442
7290100701348,false,"קמח שיפון מלא 1 ק""ג",סוגת,,"קמח שיפון מלא 1 ק""ג",קילוגרמים,1.00,"ק""ג",false,,6.90,6.9000,false,1,1443
7290100701409,false,קמח תירס 500 גר סוגת,סוגת,,קמח תירס 500 גר סוגת,גרמים,500.00,100 גרם,false,,6.20,0.0124,false,1,29502
7290100701454,false,גרישה 500גר סוגת,סוגת,,גרישה 500גר סוגת,גרמים,500.00,100 גרם,false,,4.90,0.0098,false,1,8712
7290100701577,false,"קמח לחם 1 ק""ג סוגת",סוגת,,"קמח לחם 1 ק""ג סוגת",קילוגרמים,1.00,"ק""ג",false,,6.90,6.9000,false,1,1447
7290100701874,false,קמח כוסמין 1 קג - סו,סוגת,,קמח כוסמין 1 קג - סו,קילוגרמים,1.00,"ק""ג",false,,15.90,15.9000,false,1,26491
7290100701881,false,קמח פיצה ופוקצ'ה סוג,סוגת,,קמח פיצה ופוקצ'ה סוג,קילוגרמים,1.00,"ק""ג",false,,6.90,6.9000,false,1,1458
7290100701898,false,קמח לפסטה -סוגת,סוגת,,קמח לפסטה -סוגת,קילוגרמים,1.00,"ק""ג",false,,12.90,12.9000,true,1,26492
7290100702260,false,קוסקוס דק סוגת,סוגת,,קוסקוס דק סוגת,גרמים,350.00,100 גרם,false,,4.90,0.0140,false,1,23447
7290100702277,false,קוסקוס עבה סוגת,סוגת,,קוסקוס עבה סוגת,גרמים,350.00,100 גרם,false,,4.90,0.0140,false,1,23448
7290100702284,false,קוסקוס מלא סוגת,סוגת,,קוסקוס מלא סוגת,גרמים,350.00,100 גרם,false,,4.90,0.0140,false,1,23449
7290100702314,false,שעועית שחורה 500 גר,סוגת,,שעועית שחורה 500 גר,גרמים,500.00,100 גרם,false,,7.90,0.0158,true,1,24471
7290100702383,false,קמח תופח מס' 13 סוגת,סוגת,,קמח תופח מס' 13 סוגת,קילוגרמים,1.00,"ק""ג",false,,6.90,6.9000,false,1,24062
7290100702604,false,פולנטה 500 גר סוגת,סוגת,,פולנטה 500 גר סוגת,גרמים,500.00,100 גרם,false,,10.60,0.0212,true,1,29503
7290100702611,false,פתיתים אפויים אורז -,סוגת,,פתיתים אפויים אורז -,גרמים,500.00,100 גרם,false,,5.90,0.0118,false,1,26403
7290100702628,false,פתיתים אפויים קוסקוס,סוגת,,פתיתים אפויים קוסקוס,גרמים,500.00,100 גרם,false,,5.90,0.0118,false,1,26404
7290100702635,false,פתיתים אפויים כוכבים,סוגת,,פתיתים אפויים כוכבים,גרמים,500.00,100 גרם,false,,5.90,0.0118,false,1,26405
7290100702666,false,פתיתים אפויים עם בצל,סוגת,,פתיתים אפויים עם בצל,גרמים,500.00,100 גרם,false,,5.90,0.0118,false,1,58812
7290100702673,false,פתיתים אפויים 3 צבעי,סוגת,,פתיתים אפויים 3 צבעי,גרמים,500.00,100 גרם,false,,5.90,0.0118,false,1,59082
7290100702741,false,סוכר חום בהיר צנצנת,סוגת,,סוכר חום בהיר צנצנת,קילוגרמים,1.00,"ק""ג",false,,11.90,11.9000,true,1,30230
7290100702987,false,שיבולת שועל 500 גר,,,שיבולת שועל 500 גר,גרמים,500.00,100 גרם,false,,4.90,0.0098,true,1,62006
7290100702994,false,סוכר דמררה 500 גר,סוגת,,סוכר דמררה 500 גר,גרמים,500.00,100 גרם,false,,5.90,0.0118,true,1,60311
7290100703007,false,עדשים שחורים בלוגה 5,סוגת,,עדשים שחורים בלוגה 5,גרמים,500.00,100 גרם,false,,7.90,0.0158,true,1,60070
7290100703199,false,תבשיל אישי נודלס בטע,,,תבשיל אישי נודלס בטע,גרמים,65.00,100 גרם,false,,4.90,0.0754,true,1,80285
7290100703434,false,בורגול חום סוגת,,,בורגול חום סוגת,גרמים,500.00,100 גרם,false,,4.90,0.0098,false,1,64261
7290100703458,false,כוסמת לא קלוי,,,כוסמת לא קלוי,גרמים,500.00,100 גרם,false,,7.90,0.0158,true,1,66310
7290100703489,false,פירורי לחם לבנים 500,,,פירורי לחם לבנים 500,גרמים,500.00,100 גרם,false,,6.90,0.0138,true,1,66410
7290100703533,false,קמח קסם סוגת 1 קג,,,קמח קסם סוגת 1 קג,קילוגרמים,1.00,"ק""ג",false,,8.50,8.5000,true,1,66896
7290100703557,false,קמח פוקאצ'ה 1 קג סוג,,,קמח פוקאצ'ה 1 קג סוג,קילוגרמים,1.00,"ק""ג",false,,6.90,6.9000,false,1,66170
7290100703564,false,שיבולת שועל עבה 500,,,שיבולת שועל עבה 500,גרמים,500.00,100 גרם,false,,4.90,0.0098,true,1,66172
7290100703625,false,קמח לבן ללא ניפוי סו,,,קמח לבן ללא ניפוי סו,קילוגרמים,1.00,"ק""ג",false,,7.90,7.9000,true,1,68404
7290100703632,false,קמח מלא ללא ניפוי,,,קמח מלא ללא ניפוי,קילוגרמים,1.00,"ק""ג",false,,7.90,7.9000,true,1,68407
7290100703670,false,קמח כוסמין מלא ללא נ,,,קמח כוסמין מלא ללא נ,קילוגרמים,1.00,"ק""ג",false,,15.90,15.9000,true,1,68410
7290100703687,false,קמח חלה ללא ניפוי 1,,,קמח חלה ללא ניפוי 1,קילוגרמים,1.00,"ק""ג",false,,7.90,7.9000,true,1,68445
7290100703847,false,קוביות סוכר לבן 500,,,קוביות סוכר לבן 500,גרמים,500.00,100 גרם,false,,9.90,0.0198,true,1,71260
7290100703854,false,קוביות סוכר דמררה 50,,,קוביות סוכר דמררה 50,גרמים,500.00,100 גרם,false,,9.90,0.0198,true,1,71261
7290100703861,false,קמח קסם לחלה - סוגת,,,קמח קסם לחלה - סוגת,קילוגרמים,1.00,"ק""ג",false,,8.50,8.5000,true,1,70233
7290100703908,false,סוכר דמררה 1 קג,,,סוכר דמררה 1 קג,קילוגרמים,1.00,"ק""ג",false,,11.90,11.9000,true,1,70004
7290100703915,false,מארז פופקורן למיקרוג,,,מארז פופקורן למיקרוג,גרמים,540.00,100 גרם,false,,10.90,0.0202,true,1,72706
7290100703922,false,מארז פופקורן למיקרוג,,,מארז פופקורן למיקרוג,גרמים,540.00,100 גרם,false,,10.90,0.0202,true,1,72707
7290100703953,false,קוקוס 500 גר סוגת,,,קוקוס 500 גר סוגת,גרמים,500.00,100 גרם,false,,10.90,0.0218,true,1,71360
7290100703960,false,שומשום 500 גר סוגת,,,שומשום 500 גר סוגת,גרמים,500.00,100 גרם,false,,10.90,0.0218,true,1,71361
7290100704493,false,קמח שמרים פיצה 1 קג,,,קמח שמרים פיצה 1 קג,קילוגרמים,1.00,"ק""ג",false,,8.50,8.5000,true,1,86613
7290100704516,false,חומוס מיני 500 גר,,,חומוס מיני 500 גר,גרמים,500.00,100 גרם,false,,6.50,0.0130,true,1,87800
7290100704530,false,קמח כוסמין לבן ללא נ,,,קמח כוסמין לבן ללא נ,קילוגרמים,1.00,"ק""ג",false,,16.90,16.9000,true,1,88098
7290100704578,false,קמח כוסמין לבן 1 קג,,,קמח כוסמין לבן 1 קג,קילוגרמים,1.00,"ק""ג",false,,14.90,14.9000,true,1,88099
7290100704608,false,שעועית לבנה עדינה 50,,,שעועית לבנה עדינה 50,גרמים,500.00,100 גרם,false,,7.50,0.0150,true,1,87801
7290100704615,false,סוכר לבן דק דק צנצנת,,,סוכר לבן דק דק צנצנת,גרמים,500.00,100 גרם,false,,7.90,0.0158,false,1,90682
7290100704622,false,סוכר דמררה דק דק בצנ,,,סוכר דמררה דק דק בצנ,גרמים,500.00,100 גרם,false,,7.90,0.0158,false,1,90681
7290100704660,false,קינואה מיקס 500 גר,,,קינואה מיקס 500 גר,גרמים,500.00,100 גרם,false,,12.90,0.0258,true,1,88506
7290100704684,false,קמח שמרים כוסמין רב,,,קמח שמרים כוסמין רב,קילוגרמים,1.00,"ק""ג",false,,19.90,19.9000,true,1,119412
7290100858592,false,קקאו עלית 150  גר,עלית,,קקאו עלית 150  גר,גרמים,150.00,100 גרם,false,,10.50,0.0700,true,1,12413
7290100921401,false,שמפו הוואי קרטין מחז,הוואי,,שמפו הוואי קרטין מחז,מיליליטרים,700.00,"100 מ""ל",false,,8.90,0.0127,false,1,30925
7290100921418,false,הוואי מרכך שיער קרטי,הוואי,,הוואי מרכך שיער קרטי,מיליליטרים,700.00,"100 מ""ל",false,,8.90,0.0127,false,1,30647
7290100921760,false,הוואי שמפו ספורט לשי,הוואי,,הוואי שמפו ספורט לשי,מיליליטרים,700.00,"100 מ""ל",false,,8.90,0.0127,false,1,30648
7290100922637,false,שלישיה אל סבון הוואי,,,שלישיה אל סבון הוואי,ליטרים,1.50,ליטר,false,,15.90,10.6000,true,1,63251
7290100922651,false,הוואי סבון מוצק רביע,,,הוואי סבון מוצק רביע,גרמים,400.00,100 גרם,false,,12.90,0.0323,true,1,68851
7290100924204,false,אבקת כביסה פרסיל 8 ק,פרסיל,,אבקת כביסה פרסיל 8 ק,קילוגרמים,8.00,"ק""ג",false,,54.90,6.8625,true,1,59647
7290100924457,false,סוד מארז כדוריות לאס,סוד,,סוד מארז כדוריות לאס,גרמים,150.00,100 גרם,false,,19.90,0.1327,true,1,58363
7290100924631,false,מרכך כביסה מרוכז סוד,סוד,,מרכך כביסה מרוכז סוד,מיליליטרים,900.00,"100 מ""ל",false,,11.90,0.0132,true,1,61388
7290100925676,false,קולור קאצ'ר 20 דפים,,,קולור קאצ'ר 20 דפים,יחידה,0.00,יחידה,false,,21.90,0.0000,true,1,64123
7290100925751,false,"סוד נוזל כלים 650 מ""",סוד,,"סוד נוזל כלים 650 מ""",מיליליטרים,650.00,"100 מ""ל",false,,6.90,0.0106,true,1,65321
7290100926147,false,פרסיל קולור שקית 2.5,פרסיל,,פרסיל קולור שקית 2.5,קילוגרמים,2.50,"ק""ג",false,,24.90,9.9600,true,1,65999
7290100928516,false,סוד ג'ל שמפו לכביסה,סוד,,סוד ג'ל שמפו לכביסה,ליטרים,1.00,ליטר,false,,13.90,13.9000,true,1,21266
7290100947883,false,יין דרך ארץ גוורצטרמ,,,יין דרך ארץ גוורצטרמ,מיליליטרים,750.00,"100 מ""ל",false,,29.90,0.0399,true,1,86513
7290101112228,false,מאגדת שלגונים גלידל,גלידות פלדמן,,מאגדת שלגונים גלידל,גרמים,640.00,100 גרם,false,,24.90,0.0389,true,1,34330
7290101112921,false,גלידל פרי פירות טרופ,,,גלידל פרי פירות טרופ,גרמים,640.00,100 גרם,false,,24.90,0.0389,true,1,73127
7290101113157,false,גלידל שישייה וניל עו,,,גלידל שישייה וניל עו,גרמים,312.00,100 גרם,false,,27.90,0.0894,true,1,78375
7290101113430,false,גלידל שוקולד עם ריפל,גלידות פלדמן,,גלידל שוקולד עם ריפל,גרמים,312.00,100 גרם,false,,27.90,0.0894,true,1,89593
7290101113447,false,גלידל מיני סנדוויץ ב,גלידות פלדמן,,גלידל מיני סנדוויץ ב,גרמים,270.00,100 גרם,false,,29.90,0.1107,true,1,117653
7290101113454,false,גלידל יוגורט אפרסק 8,גלידות פלדמן,,גלידל יוגורט אפרסק 8,גרמים,480.00,100 גרם,false,,35.90,0.0748,true,1,84763
7290101453871,false,נר מספר 0,,,נר מספר 0,יחידה,0.00,יחידה,false,,3.90,0.0000,true,1,34543
7290101453888,false,נר מספר 1,,,נר מספר 1,יחידה,0.00,יחידה,false,,3.90,0.0000,true,1,34531
7290101453895,false,נר מספר 2,,,נר מספר 2,יחידה,0.00,יחידה,false,,3.90,0.0000,true,1,34544
7290101453901,false,נר מספר 3,,,נר מספר 3,יחידה,0.00,יחידה,false,,3.90,0.0000,true,1,34532
7290101453918,false,נר מספר 4,,,נר מספר 4,יחידה,0.00,יחידה,false,,3.90,0.0000,true,1,34533
7290101453925,false,נר מספר- 5,,,נר מספר- 5,יחידה,0.00,יחידה,false,,3.90,0.0000,true,1,34631
7290101453932,false,נר מספר 6,,,נר מספר 6,יחידה,0.00,יחידה,false,,3.90,0.0000,true,1,34534
7290101453949,false,נר מספר 7,,,נר מספר 7,יחידה,0.00,יחידה,false,,3.90,0.0000,true,1,34535
7290101453956,false,נר מספר 8,,,נר מספר 8,יחידה,0.00,יחידה,false,,3.90,0.0000,true,1,34536
7290101453963,false,נר מספר 9,,,נר מספר 9,יחידה,0.00,יחידה,false,,3.90,0.0000,true,1,34537
7290101455387,false,ביצת הפתעה עם ממתק,,,ביצת הפתעה עם ממתק,יחידה,0.00,יחידה,false,,8.00,0.0000,true,1,66088
7290101486688,false,פרי חטיפי דגנים עם ש,Free,,פרי חטיפי דגנים עם ש,גרמים,90.00,100 גרם,false,,16.50,0.1833,true,1,540
7290101488286,false,ליידי 24/7 ספריי ורו,ספיד סטיק,,ליידי 24/7 ספריי ורו,מיליליטרים,150.00,"100 מ""ל",false,,14.90,0.0993,true,1,6706
7290101501138,false,כרובית ארוזה,,,כרובית ארוזה,יחידה,0.00,יחידה,false,,9.90,0.0000,true,1,121122
7290101503507,false,מיני בטטה למיקרו נוף,,,מיני בטטה למיקרו נוף,קילוגרמים,1.30,"ק""ג",false,,12.90,9.9231,true,1,79436
7290101551027,false,קפסולות 14 למכונת נס,עלית,,קפסולות 14 למכונת נס,גרמים,50.00,100 גרם,false,,16.90,0.3380,true,1,76267
7290101551263,false,סילאן טבעי יד מרדכי,,,סילאן טבעי יד מרדכי,גרמים,700.00,100 גרם,false,,22.90,0.0327,true,1,75043
7290101551300,false,סילאן טבעי לחיץ 380,,,סילאן טבעי לחיץ 380,גרמים,380.00,100 גרם,false,,14.90,0.0392,true,1,75044
7290101551539,false,דנונה פרו 20 אפרסק,,,דנונה פרו 20 אפרסק,גרמים,200.00,100 גרם,false,,5.90,0.0295,false,1,75295
7290101551584,false,מארז תפוצ'יפס קידס 9,עלית,,מארז תפוצ'יפס קידס 9,גרמים,180.00,100 גרם,false,,13.90,0.0772,false,1,75568
7290101580089,false,יוגב קברנה סוביניון,יקבי בנימינה,,יוגב קברנה סוביניון,יחידה,750.00,יחידה,false,,36.90,0.0492,true,1,15105
7290101582359,false,יין המושבה שרדונה,,,יין המושבה שרדונה,מיליליטרים,750.00,"100 מ""ל",false,,27.90,0.0372,true,1,73576
7290101582366,false,יין המושבה קברנה סוב,,,יין המושבה קברנה סוב,מיליליטרים,750.00,"100 מ""ל",false,,27.90,0.0372,true,1,73573
7290101582373,false,יין המושבה גראנש בלא,,,יין המושבה גראנש בלא,מיליליטרים,750.00,"100 מ""ל",false,,27.90,0.0372,true,1,73574
7290101582380,false,יין המושבה גוורצטרמי,,,יין המושבה גוורצטרמי,מיליליטרים,750.00,"100 מ""ל",false,,27.90,0.0372,true,1,73577
7290101582618,false,יין רזרב ויוניה BINY,יקבי בנימינה,,יין רזרב ויוניה BINY,מיליליטרים,750.00,"100 מ""ל",false,,49.90,0.0665,true,1,87830
7290101828792,false,כפפות ניטריל ללא אבק,,,כפפות ניטריל ללא אבק,יחידה,0.00,יחידה,false,,19.90,0.0000,true,1,118184
7290101828808,false,כפפות ניטריל ללא אבק,,,כפפות ניטריל ללא אבק,יחידה,0.00,יחידה,false,,19.90,0.0000,true,1,118186
7290101828815,false,כפפות ניטריל ללא אבק,,,כפפות ניטריל ללא אבק,יחידה,0.00,יחידה,false,,19.90,0.0000,true,1,118185
7290101828822,false,כפפות ניטריל ללא אבק,,,כפפות ניטריל ללא אבק,יחידה,0.00,יחידה,false,,19.90,0.0000,true,1,118187
7290101863410,false,סיליט באנג ספריי אקו,סיליט,,סיליט באנג ספריי אקו,מיליליטרים,750.00,"100 מ""ל",false,,14.90,0.0199,false,1,18091
7290101864127,false,קליה אוקסי ספריי,קליה,,קליה אוקסי ספריי,יחידה,750.00,יחידה,false,,16.90,0.0225,true,1,18097
7290101865261,false,פיניש נוזל הברקה 800,פיניש,,פיניש נוזל הברקה 800,מיליליטרים,800.00,"100 מ""ל",false,,19.90,0.0249,true,1,4743
7290101866633,false,קליה וניש ג'ל 3 ליטר,קליה,,קליה וניש ג'ל 3 ליטר,ליטרים,3.00,ליטר,false,,29.90,9.9667,false,1,4749
7290101866787,false,קליה 3 ליטר,קליה,,קליה 3 ליטר,ליטרים,3.00,ליטר,false,,29.90,9.9667,false,1,4752
7290101868460,false,"קולון 8 ק""ג 101 אבקת",קולון,,"קולון 8 ק""ג 101 אבקת",קילוגרמים,8.00,"ק""ג",false,,49.90,6.2375,true,1,27611
7290101868958,false,פיניש נוזל הברקה לימ,פיניש,,פיניש נוזל הברקה לימ,מיליליטרים,800.00,"100 מ""ל",false,,19.90,0.0249,true,1,33282
7290101869726,false,פיניש ג'ל 1 ליטר,פיניש,,פיניש ג'ל 1 ליטר,ליטרים,1.00,ליטר,false,,39.90,39.9000,true,1,58662
7290101869733,false,פיניש ג'ל לימון 1 לי,פיניש,,פיניש ג'ל לימון 1 לי,ליטרים,1.00,ליטר,false,,39.90,39.9000,true,1,58663
7290101869757,false,מבשם אויר מכשיר אוטו,איירוויק,,מבשם אויר מכשיר אוטו,מיליליטרים,250.00,"100 מ""ל",false,,44.90,0.1796,true,1,58416
7290101869788,false,מילוי מבשם אויר אטומ,איירוויק,,מילוי מבשם אויר אטומ,מיליליטרים,250.00,"100 מ""ל",false,,14.90,0.0596,true,1,58418
7290101869795,false,מילוי מבשם אויר אטומ,איירוויק,,מילוי מבשם אויר אטומ,מיליליטרים,250.00,"100 מ""ל",false,,14.90,0.0596,true,1,58419
7290101869825,false,מילוי מבשם אויר חשמל,איירוויק,,מילוי מבשם אויר חשמל,מיליליטרים,19.00,"100 מ""ל",false,,14.90,0.7842,true,1,58422
7290101869832,false,מילוי מבשם אויר חשמל,איירוויק,,מילוי מבשם אויר חשמל,מיליליטרים,19.00,"100 מ""ל",false,,14.90,0.7842,true,1,58423
7290101980919,false,שלישיית ביצי הפתעה,,,שלישיית ביצי הפתעה,גרמים,60.00,100 גרם,false,,12.90,0.2150,true,1,7612
7290101984412,false,זיקוק מספר,,,זיקוק מספר,יחידה,0.00,יחידה,false,,3.90,0.0000,true,1,34545
7290101985365,false,בקבוק גדול ממותג,,,בקבוק גדול ממותג,יחידה,0.00,יחידה,false,,28.90,0.0000,true,1,31853
7290101999676,false,נרות מטה כוכבים מכונ,,,נרות מטה כוכבים מכונ,יחידה,0.00,יחידה,false,,6.40,0.0000,true,1,34517
7290101999713,false,נרות מטה לבבות הלו ק,,,נרות מטה לבבות הלו ק,יחידה,0.00,יחידה,false,,6.40,0.0000,true,1,34519
7290101999775,false,נרות מטה לבות,,,נרות מטה לבות,יחידה,0.00,יחידה,false,,6.40,0.0000,true,1,58868
7290102003778,false,נרות ג'מבו מאויירים,,,נרות ג'מבו מאויירים,יחידה,0.00,יחידה,false,,6.40,0.0000,true,1,61459
7290102003815,false,נרות ג'מבו מאויירים,,,נרות ג'מבו מאויירים,יחידה,0.00,יחידה,false,,6.40,0.0000,true,1,34525
7290102003839,false,נרות ג'מבו מאויירים,,,נרות ג'מבו מאויירים,יחידה,0.00,יחידה,false,,6.40,0.0000,true,1,34526
7290102006441,false,זר יום הולדת לראש עם,,,זר יום הולדת לראש עם,יחידה,0.00,יחידה,false,,13.80,0.0000,true,1,34514
7290102030330,false,תפוצ'יפס קראנצ' מקסי,עלית,,תפוצ'יפס קראנצ' מקסי,גרמים,200.00,100 גרם,false,,10.90,0.0545,false,1,12613
7290102031276,false,אקטימל תות 1.5% שמינ,שטראוס דנונה,,אקטימל תות 1.5% שמינ,מיליליטרים,800.00,"100 מ""ל",false,,21.10,0.0264,true,1,12098
7290102032334,false,קפה נמס בטעם וניל 20,עלית,,קפה נמס בטעם וניל 20,גרמים,200.00,100 גרם,false,,23.90,0.1195,false,1,12428
7290102060979,false,אלמקס משחת שיניים מש,אלמקס,,אלמקס משחת שיניים מש,גרמים,100.00,100 גרם,false,,15.90,0.1590,false,1,16078
7290102300815,false,גבינת צ'דר כתום פרוס,,,גבינת צ'דר כתום פרוס,גרמים,200.00,100 גרם,false,,26.90,0.1345,true,1,86212
7290102300822,false,גבינת צ'דר אנגלי כתו,,,גבינת צ'דר אנגלי כתו,גרמים,200.00,100 גרם,false,,22.90,0.1145,true,1,65316
7290102302246,false,גבינת גאודה 200 גר,,,גבינת גאודה 200 גר,גרמים,200.00,100 גרם,false,,22.90,0.1145,true,1,67632
7290102302253,false,גאודה עיזים 200 גר,,,גאודה עיזים 200 גר,גרמים,200.00,100 גרם,false,,31.90,0.1595,true,1,67633
7290102302260,false,גבינת גרנה פדנו 200,,,גבינת גרנה פדנו 200,גרמים,200.00,100 גרם,false,,32.90,0.1645,true,1,67281
7290102302819,false,גושי טונה בהירה בשמן,,,גושי טונה בהירה בשמן,גרמים,120.00,100 גרם,false,,14.90,0.1242,true,1,83946
7290102302826,false,פילה דג סרדין בשמן ז,,,פילה דג סרדין בשמן ז,גרמים,120.00,100 גרם,false,,13.90,0.1158,true,1,83947
7290102302833,false,גאודה פרוסה 150 גר,,,גאודה פרוסה 150 גר,גרמים,150.00,100 גרם,false,,21.90,0.1460,true,1,83201
7290102302840,false,גאודה עיזים 150 גר,,,גאודה עיזים 150 גר,גרמים,150.00,100 גרם,false,,26.90,0.1793,true,1,83202
7290102302864,false,גאודה פסטו ירוק,,,גאודה פסטו ירוק,גרמים,200.00,100 גרם,false,,34.90,0.1745,true,1,82835
7290102302888,false,גאודה כמון 200 גר,,,גאודה כמון 200 גר,גרמים,200.00,100 גרם,false,,29.90,0.1495,true,1,81530
7290102302994,false,גבינת גאיה פטה,,,גבינת גאיה פטה,גרמים,150.00,100 גרם,false,,29.90,0.1993,true,1,87134
7290102303977,false,גוש טונה בשמן זית,,,גוש טונה בשמן זית,גרמים,140.00,100 גרם,false,,9.90,0.0707,true,1,121384
7290102390427,false,יוגורט תות 3% מולר 1,מולר,,יוגורט תות 3% מולר 1,מיליליטרים,150.00,"100 מ""ל",false,,5.30,0.0353,true,1,13142
7290102390465,false,יוגורט אפרסק ופסיפלו,מולר,,יוגורט אפרסק ופסיפלו,מיליליטרים,150.00,"100 מ""ל",false,,5.30,0.0353,false,1,13144
7290102390489,false,יוגורט לימון 3% - 15,מולר,,יוגורט לימון 3% - 15,מיליליטרים,150.00,"100 מ""ל",false,,5.30,0.0353,true,1,13145
7290102391844,false,יוגורט מולר פרופ פיר,מולר,,יוגורט מולר פרופ פיר,מיליליטרים,150.00,"100 מ""ל",false,,5.30,0.0353,true,1,13153
7290102392049,false,תבור גבינה לאפיה 5%,משק צוריאל,,תבור גבינה לאפיה 5%,גרמים,500.00,100 גרם,false,,25.90,0.0518,true,1,13155
7290102392094,false,חלב עיזים בקרטון 3.7,משק צוריאל,,חלב עיזים בקרטון 3.7,ליטרים,1.00,ליטר,false,,16.50,16.5000,true,1,13156
7290102392728,false,מולר ביאנקו נטורל 2.,מולר,,מולר ביאנקו נטורל 2.,יחידה,200.00,יחידה,false,,3.90,0.0195,true,1,13170
7290102393039,false,מולר מיקס יוגורט עם,מולר,,מולר מיקס יוגורט עם,גרמים,170.00,100 גרם,false,,6.20,0.0365,false,1,13181
7290102393169,false,מולר סימפלי פרויט תו,מולר,,מולר סימפלי פרויט תו,מיליליטרים,150.00,"100 מ""ל",false,,5.30,0.0353,false,1,5024
7290102393176,false,מולר סימפלי פרויט אפ,מולר,,מולר סימפלי פרויט אפ,מיליליטרים,150.00,"100 מ""ל",false,,5.30,0.0353,false,1,5025
7290102393190,false,מולר סימפלי פרויט פי,מולר,,מולר סימפלי פרויט פי,מיליליטרים,150.00,"100 מ""ל",false,,5.30,0.0353,false,1,5026
7290102393299,false,יוגורט עיזים לשתיה 3,משק צוריאל,,יוגורט עיזים לשתיה 3,גרמים,500.00,100 גרם,false,,12.90,0.0258,true,1,5029
7290102393718,false,גבינת חלומי בקר 200,משק צוריאל,,גבינת חלומי בקר 200,גרמים,200.00,100 גרם,false,,21.90,0.1095,true,1,13199
7290102393848,false,יוגורט עיזים תות 2.5,משק צוריאל,,יוגורט עיזים תות 2.5,גרמים,140.00,100 גרם,false,,6.20,0.0443,true,1,13200
7290102393855,false,יוגורט עיזים אפרסק 2,משק צוריאל,,יוגורט עיזים אפרסק 2,גרמים,140.00,100 גרם,false,,6.20,0.0443,true,1,13201
7290102393947,false,מולר סימפלי פרוט קיו,מולר,,מולר סימפלי פרוט קיו,מיליליטרים,150.00,"100 מ""ל",false,,5.30,0.0353,false,1,5033
7290102394081,false,מולר מיקס יוגורט קרמ,מולר,,מולר מיקס יוגורט קרמ,גרמים,170.00,100 גרם,false,,6.20,0.0365,false,1,13214
7290102394258,false,עז מה 180 גר' 9%,משק צוריאל,,עז מה 180 גר' 9%,גרמים,180.00,100 גרם,false,,23.90,0.1328,true,1,13221
7290102394463,false,גבינה צהובה 28% וואק,,,גבינה צהובה 28% וואק,גרמים,500.00,100 גרם,false,,29.90,0.0598,true,1,26201
7290102394821,false,גבינה צהובה טרה דק ד,טרה,,גבינה צהובה טרה דק ד,גרמים,200.00,100 גרם,false,,16.90,0.0845,false,1,20405
7290102394845,false,גבינה צהובה לייט דק,טרה,,גבינה צהובה לייט דק,גרמים,200.00,100 גרם,false,,17.50,0.0875,false,1,20417
7290102395217,false,מאגדת יוגורט מולר שמ,מולר,,מאגדת יוגורט מולר שמ,גרמים,1200.00,100 גרם,false,,21.00,0.0175,true,1,24331
7290102395224,false,מאגדת מולר לבן ביו 1,מולר,,מאגדת מולר לבן ביו 1,גרמים,1200.00,100 גרם,false,,18.50,0.0154,false,1,24272
7290102395231,false,מאגדת יוגורט מולר בי,מולר,,מאגדת יוגורט מולר בי,גרמים,1200.00,100 גרם,false,,18.50,0.0154,false,1,24050
7290102395262,false,מאגדת מולר תות אפרסק,מולר,,מאגדת מולר תות אפרסק,גרמים,1200.00,100 גרם,false,,31.90,0.0266,true,1,26441
7290102395347,false,יוגורט כד 3 ליטר 7%,טרה,,יוגורט כד 3 ליטר 7%,ליטרים,3.00,ליטר,false,,31.00,10.3333,true,1,79118
7290102395378,false,גבינה צהובה נעם 28%,,,גבינה צהובה נעם 28%,גרמים,360.00,100 גרם,false,,21.50,0.0597,true,1,26142
7290102395439,false,מאגדת שמינייה סימפלי,מולר,,מאגדת שמינייה סימפלי,יחידה,0.00,יחידה,false,,31.90,0.0000,true,1,27475
7290102395446,false,מוו מעדן וניל קצפת,טרה,,מוו מעדן וניל קצפת,גרמים,123.00,100 גרם,false,,2.90,0.0236,true,1,24435
7290102395477,false,מו מעדן שוקולד קצפת,טרה,,מו מעדן שוקולד קצפת,גרמים,123.00,100 גרם,false,,2.90,0.0236,true,1,24266
7290102395521,false,שמנת לבישול 15% + פק,טרה,,שמנת לבישול 15% + פק,מיליליטרים,500.00,"100 מ""ל",false,,16.90,0.0338,true,1,30531
7290102395958,false,יוגורט 3 ליטר טרה 4%,טרה,,יוגורט 3 ליטר טרה 4%,ליטרים,3.00,ליטר,false,,29.90,9.9667,true,1,72468
7290102396580,false,מעדן מוו שוקולד ומוס,טרה,,מעדן מוו שוקולד ומוס,גרמים,123.00,100 גרם,false,,2.90,0.0236,true,1,32149
7290102396665,false,גבינה צהובה נעם דק ד,טרה,,גבינה צהובה נעם דק ד,גרמים,200.00,100 גרם,false,,16.90,0.0845,true,1,61918
7290102396672,false,גבינה צהובה נעם 9%,טרה,,גבינה צהובה נעם 9%,גרמים,360.00,100 גרם,false,,28.50,0.0792,true,1,60184
7290102396719,false,יוגורט סימפלי תות 0%,מולר,,יוגורט סימפלי תות 0%,גרמים,150.00,100 גרם,false,,5.30,0.0353,false,1,33771
7290102396740,false,מאגדת שמינייה מולר ס,מולר,,מאגדת שמינייה מולר ס,גרמים,1200.00,100 גרם,false,,31.90,0.0266,true,1,33774
7290102397075,false,יוגורט 4% בקרטון 1.5,טרה,,יוגורט 4% בקרטון 1.5,ליטרים,1.50,ליטר,false,,14.50,9.6667,true,1,58726
7290102397204,false,גבינה צהובה נעם דק ד,טרה,,גבינה צהובה נעם דק ד,גרמים,200.00,100 גרם,false,,16.90,0.0845,true,1,60178
7290102397334,false,בולגרית 5% צוריאל,משק צוריאל,,בולגרית 5% צוריאל,גרמים,250.00,100 גרם,false,,22.50,0.0900,true,1,61984
7290102397341,false,בולגרית 24% צוריאל,משק צוריאל,,בולגרית 24% צוריאל,גרמים,250.00,100 גרם,false,,22.50,0.0900,true,1,61952
7290102397464,false,יוגורט מולר נטורל+גר,מולר,,יוגורט מולר נטורל+גר,גרמים,170.00,100 גרם,false,,6.20,0.0365,true,1,67815
7290102397600,false,מולר מיקס בתוספת שקד,מולר,,מולר מיקס בתוספת שקד,גרמים,170.00,100 גרם,false,,6.20,0.0365,true,1,64195
7290102397617,false,מולר מיקס בתוספת קלי,מולר,,מולר מיקס בתוספת קלי,גרמים,170.00,100 גרם,false,,6.20,0.0365,true,1,64196
7290102397679,false,קוטג' 375 גר' טרה,טרה,,קוטג' 375 גר' טרה,גרמים,375.00,100 גרם,false,,8.30,0.0221,true,1,71632
7290102397730,false,נעם אמנטל 100% רכיבי,טרה,,נעם אמנטל 100% רכיבי,גרמים,200.00,100 גרם,false,,17.50,0.0875,true,1,68876
7290102397747,false,מוצרלה 200 גר' נעם,טרה,,מוצרלה 200 גר' נעם,גרמים,200.00,100 גרם,false,,18.90,0.0945,true,1,71550
7290102397891,false,גבינה מותכת 18% משק,טרה,,גבינה מותכת 18% משק,גרמים,100.00,100 גרם,false,,7.30,0.0730,true,1,67814
7290102398065,false,חלב בקרטון 3% טרה 2,טרה,,חלב בקרטון 3% טרה 2,ליטרים,2.00,ליטר,false,,12.46,6.2300,false,1,69846
7290102398072,false,חלב טרה 3% בקרטון 1,טרה,,חלב טרה 3% בקרטון 1,ליטרים,1.00,ליטר,false,,6.23,6.2300,false,1,69368
7290102398331,false,חלב מועשר דל לקטוז 1,טרה,,חלב מועשר דל לקטוז 1,ליטרים,1.00,ליטר,false,,7.80,7.8000,false,1,71617
7290102398553,false,שוקו 1.5 ליטר טרה,טרה,,שוקו 1.5 ליטר טרה,ליטרים,1.50,ליטר,false,,16.90,11.2667,true,1,82307
7290102398560,false,שוקו טרה מועשר בקבוק,טרה,,שוקו טרה מועשר בקבוק,ליטרים,1.00,ליטר,false,,12.50,12.5000,true,1,75058
7290102398577,false,שוקו טרה מועשר בקבוק,טרה,,שוקו טרה מועשר בקבוק,מיליליטרים,250.00,"100 מ""ל",false,,5.50,0.0220,true,1,75059
7290102398614,false,משקה חלב בטעם בננה 1,טרה,,משקה חלב בטעם בננה 1,ליטרים,1.00,ליטר,false,,12.50,12.5000,true,1,75391
7290102398669,false,אייס קפוצ'ינו 1 ליטר,,,אייס קפוצ'ינו 1 ליטר,ליטרים,1.00,ליטר,false,,12.50,12.5000,true,1,84077
7290102399048,false,גבינת קשקבל נעם פתיח,טרה,,גבינת קשקבל נעם פתיח,גרמים,200.00,100 גרם,false,,22.90,0.1145,true,1,77953
7290102399635,false,יוגורט Bio עם קציפת,,,יוגורט Bio עם קציפת,גרמים,150.00,100 גרם,false,,5.30,0.0353,true,1,84073
7290102399772,false,ממרח חמאה במליחות עד,,,ממרח חמאה במליחות עד,גרמים,250.00,100 גרם,false,,18.90,0.0756,true,1,84072
7290102399789,false,ממרח חמאה ללא מלח 25,,,ממרח חמאה ללא מלח 25,גרמים,250.00,100 גרם,false,,18.90,0.0756,true,1,84068
7290102399796,false,מולר אקטיב יוגורט 25,,,מולר אקטיב יוגורט 25,גרמים,200.00,100 גרם,false,,5.80,0.0290,true,1,83793
7290102399802,false,מולר אקטיב יוגורט תו,,,מולר אקטיב יוגורט תו,גרמים,200.00,100 גרם,false,,6.20,0.0310,true,1,83794
7290102399819,false,מולר אקטיב יוגורט פי,,,מולר אקטיב יוגורט פי,גרמים,200.00,100 גרם,false,,6.20,0.0310,true,1,83795
7290102399857,false,מולר אקטיב לייט עם ת,מולר,,מולר אקטיב לייט עם ת,גרמים,200.00,100 גרם,false,,6.20,0.0310,true,1,84324
7290102840243,false,פלאן קרמל,,,פלאן קרמל,יחידה,0.00,יחידה,false,,7.90,0.0000,true,1,8509
7290102841127,false,אבקה להכנת עוגת פרג,,,אבקה להכנת עוגת פרג,גרמים,600.00,100 גרם,false,,14.00,0.0233,true,1,8517
7290102842360,false,תערובת להכנת סופלה ש,,,תערובת להכנת סופלה ש,יחידה,0.00,יחידה,false,,14.50,0.0000,true,1,1047
7290103120658,false,ספיד סטיק 24/7 ג'ל ש,ספיד סטיק,,ספיד סטיק 24/7 ג'ל ש,גרמים,85.00,100 גרם,false,,19.90,0.2341,true,1,553
7290103121600,false,ספיד סטיק 24/7 ספריי,ספיד סטיק,,ספיד סטיק 24/7 ספריי,מיליליטרים,165.00,"100 מ""ל",false,,14.90,0.0903,true,1,6712
7290103126797,false,קולגייט סנסטיב פרו ר,קולגייט,,קולגייט סנסטיב פרו ר,מיליליטרים,75.00,"100 מ""ל",false,,19.90,0.2653,false,1,6734
7290103128739,false,בלונס מקלות אזניים ל,,,בלונס מקלות אזניים ל,יחידה,0.00,יחידה,false,,5.90,0.0000,true,1,20961
7290103129378,false,ספיד סטיק 24/7 ג'ל X,,,ספיד סטיק 24/7 ג'ל X,יחידה,0.00,יחידה,false,,19.90,0.0000,true,1,23642
7290103129408,false,ליידי ספיד סטיק פריח,,,ליידי ספיד סטיק פריח,גרמים,65.00,100 גרם,false,,19.90,0.3062,true,1,24309
7290103400194,false,כרוב לבן שטראוס 400ג,שטראוס,,כרוב לבן שטראוס 400ג,גרמים,400.00,100 גרם,false,,8.90,0.0223,true,1,17666
7290103400255,false,סלט קולסלאו 400ג' בד,שטראוס,,סלט קולסלאו 400ג' בד,גרמים,400.00,100 גרם,false,,8.90,0.0223,true,1,17668
7290103401429,false,קפה נמס קצב ברזילאי,עלית,,קפה נמס קצב ברזילאי,גרמים,200.00,100 גרם,false,,24.90,0.1245,false,1,12447
7290103404758,false,סלט כרוב 120 גר,אחלה,,סלט כרוב 120 גר,גרמים,120.00,100 גרם,false,,5.00,0.0417,true,1,17670
7290103408206,false,עלי חסה בקופסא שטראו,שטראוס,,עלי חסה בקופסא שטראו,גרמים,250.00,100 גרם,false,,9.90,0.0396,true,1,18935
7290103681173,false,הר TABOR קברנה סובני,,,הר TABOR קברנה סובני,מיליליטרים,750.00,"100 מ""ל",false,,29.90,0.0399,true,1,77354
7290103681180,false,"הר TABOR מרלו 750 מ""",,,"הר TABOR מרלו 750 מ""",מיליליטרים,750.00,"100 מ""ל",false,,29.90,0.0399,true,1,77355
7290103681241,false,יין תבור הר מוסקטו,,,יין תבור הר מוסקטו,מיליליטרים,750.00,"100 מ""ל",false,,29.90,0.0399,true,1,77719
7290103681623,false,"מוסקטו רוזה 750 מ""ל",,,"מוסקטו רוזה 750 מ""ל",מיליליטרים,750.00,"100 מ""ל",false,,29.90,0.0399,true,1,83105
7290104061417,false,חומוס טחינה אחלה 400,אחלה,,חומוס טחינה אחלה 400,גרמים,400.00,100 גרם,false,,10.50,0.0263,true,1,17671
7290104061424,false,חומוס אחלה זעתר 400,אחלה,,חומוס אחלה זעתר 400,גרמים,400.00,100 גרם,false,,10.50,0.0263,true,1,17672
7290104061431,false,חומוס אחלה צנובר 400,אחלה,,חומוס אחלה צנובר 400,גרמים,400.00,100 גרם,false,,10.50,0.0263,true,1,17673
7290104061448,false,חומוס אחלה חריף 400,אחלה,,חומוס אחלה חריף 400,גרמים,400.00,100 גרם,false,,10.50,0.0263,true,1,17674
7290104062599,false,מארז סופר גמדים תות,שטראוס דנונה,,מארז סופר גמדים תות,גרמים,800.00,100 גרם,false,,18.90,0.0236,true,1,12133
7290104065187,false,קפה נמס בטעם מוקה 20,עלית,,קפה נמס בטעם מוקה 20,גרמים,200.00,100 גרם,false,,23.90,0.1195,false,1,12501
7290104065934,false,עלי רוקט שטראוס 150,שטראוס,,עלי רוקט שטראוס 150,גרמים,150.00,100 גרם,false,,9.90,0.0660,true,1,19209
7290104067679,false,טחינה אחלה 400 גר,אחלה,,טחינה אחלה 400 גר,גרמים,400.00,100 גרם,false,,10.90,0.0273,true,1,28165
7290104068539,false,מסטיק מאסט בטעם מלון,עלית,,מסטיק מאסט בטעם מלון,גרמים,28.00,100 גרם,false,,4.40,0.1571,true,1,12527
7290104068546,false,מסטיק מאסט קולה ולימ,עלית,,מסטיק מאסט קולה ולימ,גרמים,28.00,100 גרם,false,,4.40,0.1571,true,1,12528
7290104500572,false,אפרופו איטליאנו 50 ג,אסם,,אפרופו איטליאנו 50 ג,גרמים,50.00,100 גרם,false,,5.20,0.1040,false,1,220
7290104501661,false,פודינג טעם וניל צרפת,אסם,,פודינג טעם וניל צרפת,גרמים,80.00,100 גרם,false,,5.80,0.0725,false,1,6325
7290104501784,false,מיני מאפינס שוקוצ'יפ,,,מיני מאפינס שוקוצ'יפ,גרמים,200.00,100 גרם,false,,8.90,0.0445,true,1,221
7290104501807,false,מיני מאפינס שוקו חמי,בונז'ור,,מיני מאפינס שוקו חמי,גרמים,200.00,100 גרם,false,,8.90,0.0445,true,1,222
7290104503184,false,עוגת שבת בראוניס שוק,אסם,,עוגת שבת בראוניס שוק,גרמים,380.00,100 גרם,false,,18.00,0.0474,false,1,226
7290104504228,false,מארז דובונים 5*20,אסם,,מארז דובונים 5*20,גרמים,100.00,100 גרם,false,,13.00,0.1300,false,1,231
7290104508189,false,גביעי גלידה ממותקים,אסם,,גביעי גלידה ממותקים,יחידה,0.00,יחידה,false,,12.50,0.0000,true,1,235
7290104508202,false,גביעי גלידה אמריקאים,אסם,,גביעי גלידה אמריקאים,יחידה,0.00,יחידה,false,,12.50,0.0000,true,1,236
7290104508943,false,במבה קלאסי 200גר אסם,אסם,,במבה קלאסי 200גר אסם,גרמים,200.00,100 גרם,false,,9.70,0.0485,false,1,243
7290104570162,false,תמרים כבושים 500גר,,,תמרים כבושים 500גר,גרמים,500.00,100 גרם,false,,9.90,0.0198,true,1,25594
7290104570292,false,תמר מג'הול 1 קג,,,תמר מג'הול 1 קג,קילוגרמים,1.00,"ק""ג",false,,19.90,19.9000,true,1,120204
7290104570629,false,ממרח תמרים 450 גר,,,ממרח תמרים 450 גר,גרמים,450.00,100 גרם,false,,4.90,0.0109,false,1,61133
7290104570636,false,ממרח תמרים 450 גרם,,,ממרח תמרים 450 גרם,גרמים,450.00,100 גרם,false,,4.90,0.0109,true,1,63108
7290104720499,false,מארז 8 דני וניל,שטראוס,,מארז 8 דני וניל,ליטרים,1.00,ליטר,false,,16.40,16.4000,false,1,12144
7290104721953,false,לקט מסולסלים שטראוס,שטראוס,,לקט מסולסלים שטראוס,גרמים,350.00,100 גרם,false,,12.90,0.0369,true,1,17684
7290104722530,false,תפוצ'יפס שמנת בצל 20,עלית,,תפוצ'יפס שמנת בצל 20,גרמים,200.00,100 גרם,false,,10.90,0.0545,true,1,12627
7290104726262,false,מארז רביעיה דני לשתי,שטראוס,,מארז רביעיה דני לשתי,יחידה,500.00,יחידה,false,,11.00,0.0220,true,1,12181
7290104726712,false,מארז מילקי שמיניה,שטראוס,,מארז מילקי שמיניה,גרמים,1064.00,100 גרם,false,,21.20,0.0199,false,1,4496
7290104728310,false,שמנת מתוקה עמידה 38%,שטראוס,,שמנת מתוקה עמידה 38%,מיליליטרים,250.00,"100 מ""ל",false,,6.47,0.0259,false,1,12188
7290104729003,false,שמן זית יד מרדכי,יד מרדכי,,שמן זית יד מרדכי,מיליליטרים,750.00,"100 מ""ל",false,,32.90,0.0439,false,1,12571
7290104852176,false,נר נשמה,,,נר נשמה,יחידה,0.00,יחידה,false,,1.90,0.0000,true,1,25137
7290104852473,false,נר שבת 20,,,נר שבת 20,יחידה,0.00,יחידה,false,,2.90,0.0000,true,1,24610
7290104852794,false,תבניות פאלאס 13 יח',,,תבניות פאלאס 13 יח',יחידה,0.00,יחידה,false,,7.90,0.0000,true,1,69195
7290104859816,false,תבנית אלומיניום בינו,,,תבנית אלומיניום בינו,יחידה,0.00,יחידה,false,,7.90,0.0000,true,1,74195
7290104859823,false,תבנית אלומיניום עמוק,,,תבנית אלומיניום עמוק,יחידה,0.00,יחידה,false,,7.90,0.0000,true,1,74261
7290104961526,false,טיטניום CLASSIC ספרי,טיטניום,,טיטניום CLASSIC ספרי,מיליליטרים,150.00,"100 מ""ל",false,,11.90,0.0793,true,1,22050
7290104961540,false,טיטניום METAL ספריי,טיטניום,,טיטניום METAL ספריי,מיליליטרים,150.00,"100 מ""ל",false,,11.90,0.0793,true,1,22052
7290104961557,false,טיטניום ICE ספריי גו,טיטניום,,טיטניום ICE ספריי גו,מיליליטרים,150.00,"100 מ""ל",false,,11.90,0.0793,true,1,22053
7290104961878,false,שמפו קרטין טהור 400,נטורל פורמולה,,שמפו קרטין טהור 400,מיליליטרים,400.00,"100 מ""ל",false,,29.90,0.0747,true,1,24160
7290104961885,false,מרכך קרטין טהור 400,נטורל פורמולה,,מרכך קרטין טהור 400,מיליליטרים,400.00,"100 מ""ל",false,,30.00,0.0750,true,1,24161
7290104961892,false,מסכה לשיער קרטין,נטורל פורמולה,,מסכה לשיער קרטין,יחידה,0.00,יחידה,false,,39.90,0.0000,true,1,24345
7290104962271,false,סקינגארד ספריי מוס א,סקינגארד,,סקינגארד ספריי מוס א,יחידה,0.00,יחידה,false,,15.90,0.0000,true,1,63189
7290104962509,false,קרם קרטין טהור,,,קרם קרטין טהור,מיליליטרים,145.00,"100 מ""ל",false,,31.90,0.2200,true,1,66863
7290104963711,false,סופטקר שמפו אל דמע,,,סופטקר שמפו אל דמע,מיליליטרים,770.00,"100 מ""ל",false,,17.90,0.0232,true,1,74024
7290104963940,false,קרליין מגבונים להסרת,קרליין,,קרליין מגבונים להסרת,יחידה,0.00,יחידה,false,,10.00,0.0000,true,1,88061
7290104964251,false,תרחיץ פנים קרליין,קרליין,,תרחיץ פנים קרליין,מיליליטרים,150.00,"100 מ""ל",false,,24.90,0.1660,true,1,70477
7290104964725,false,סקינגארד סטיק לפנים,סקינגארד,,סקינגארד סטיק לפנים,גרמים,13.00,100 גרם,false,,39.90,3.0692,true,1,120300
7290105360250,false,קפסולות מקיאטו למכונ,עלית,,קפסולות מקיאטו למכונ,גרמים,50.00,100 גרם,false,,16.90,0.3380,false,1,24484
7290105360328,false,אספרסו חזק קפסולות,עלית,,אספרסו חזק קפסולות,גרמים,50.00,100 גרם,false,,16.90,0.3380,false,1,24536
7290105360335,false,קפסולות אספרסו,עלית,,קפסולות אספרסו,גרמים,50.00,100 גרם,false,,16.90,0.3380,false,1,24090
7290105360878,false,מארז תפוצ'יפס רביעיי,עלית,,מארז תפוצ'יפס רביעיי,גרמים,200.00,100 גרם,false,,11.50,0.0575,true,1,32869
7290105362339,false,שמנת לבישול 15%,יטבתה,,שמנת לבישול 15%,מיליליטרים,250.00,"100 מ""ל",false,,8.10,0.0324,true,1,20871
7290105363602,false,כיף כף מקלות,עלית,,כיף כף מקלות,גרמים,40.00,100 גרם,false,,5.20,0.1300,true,1,23781
7290105364289,false,כיף כף מקלות פצפוצים,עלית,,כיף כף מקלות פצפוצים,גרמים,40.00,100 גרם,false,,5.20,0.1300,true,1,23751
7290105364302,false,כיף כף מקלות אגוזים,עלית,,כיף כף מקלות אגוזים,גרמים,42.00,100 גרם,false,,5.20,0.1238,true,1,23752
7290105364678,false,משקה אקטיביה אפרסק,שטראוס דנונה,,משקה אקטיביה אפרסק,מיליליטרים,250.00,"100 מ""ל",false,,4.90,0.0196,true,1,12202
7290105366023,false,"חציל בטעם כבד 400 ג""",אחלה,,"חציל בטעם כבד 400 ג""",גרמים,400.00,100 גרם,false,,15.00,0.0375,true,1,17703
7290105366993,false,גבינת סימפוניה עם פל,שטראוס,,גבינת סימפוניה עם פל,גרמים,200.00,100 גרם,false,,11.20,0.0560,false,1,28518
7290105368331,false,מילקי תות 8%,שטראוס,,מילקי תות 8%,גרמים,133.00,100 גרם,false,,2.80,0.0211,true,1,21751
7290105368904,false,שמנת עמידה לקצפת 32%,יטבתה,,שמנת עמידה לקצפת 32%,מיליליטרים,250.00,"100 מ""ל",false,,7.30,0.0292,false,1,25375
7290105368928,false,שמנת 9% יטבתה,יטבתה,,שמנת 9% יטבתה,מיליליטרים,200.00,"100 מ""ל",false,,3.10,0.0155,true,1,20899
7290105369130,false,סימפוניה בצל ירוק 5%,שטראוס,,סימפוניה בצל ירוק 5%,גרמים,200.00,100 גרם,false,,11.20,0.0560,false,1,24549
7290105431516,false,פרי חטיפי תמרים בוטנ,,,פרי חטיפי תמרים בוטנ,יחידה,0.00,יחידה,false,,16.50,0.0000,true,1,25903
7290105431868,false,פלמוליב ספא קוקוס גר,,,פלמוליב ספא קוקוס גר,מיליליטרים,500.00,"100 מ""ל",false,,14.90,0.0298,true,1,28308
7290105433985,false,ליידי ספיד סטיק אסנס,,,ליידי ספיד סטיק אסנס,יחידה,0.00,יחידה,false,,19.90,0.0000,true,1,30853
7290105436382,false,חטיף פרי תמרים ואגוז,,,חטיף פרי תמרים ואגוז,גרמים,125.00,100 גרם,false,,16.50,0.1320,true,1,32620
7290105438539,false,קוקי נייר אפייה 40יח,,,קוקי נייר אפייה 40יח,יחידה,0.00,יחידה,false,,9.90,0.0000,true,1,34763
7290105438546,false,קוקי נייר אפיה אקולו,,,קוקי נייר אפיה אקולו,יחידה,0.00,יחידה,false,,9.90,0.0000,true,1,54380
7290105439499,false,מיונז מאסטר שף,,,מיונז מאסטר שף,גרמים,481.00,100 גרם,false,,10.90,0.0227,true,1,62185
7290105439505,false,מנה מאסטר שף קרם בטע,,,מנה מאסטר שף קרם בטע,גרמים,479.00,100 גרם,false,,11.90,0.0248,true,1,66363
7290105439581,false,חרדל דיז'ון מאסטר שף,,,חרדל דיז'ון מאסטר שף,גרמים,370.00,100 גרם,false,,10.90,0.0295,true,1,62463
7290105474124,false,"בונזו 12 קג כשל""פ",,,"בונזו 12 קג כשל""פ",קילוגרמים,12.00,"ק""ג",false,,129.90,10.8250,false,1,29683
7290105475787,false,לה קט שלישיה,,,לה קט שלישיה,קילוגרמים,1.20,"ק""ג",false,,19.90,16.5833,true,1,68133
7290105500151,false,וודקה פינלנדיה 700מל,,,וודקה פינלנדיה 700מל,מיליליטרים,700.00,"100 מ""ל",false,,59.90,0.0856,false,1,23916
7290105500953,false,ג'ק דניאלס דבש 700 מ,,,ג'ק דניאלס דבש 700 מ,מיליליטרים,700.00,"100 מ""ל",false,,99.90,0.1427,true,1,61392
7290105691224,false,חטיפי פריכונים טורטי,אסם,,חטיפי פריכונים טורטי,גרמים,60.00,100 גרם,false,,7.70,0.1283,false,1,260
7290105691248,false,חטיפי טורטיות,אסם,,חטיפי טורטיות,גרמים,60.00,100 גרם,false,,7.70,0.1283,false,1,261
7290105691712,false,עוגיות הפסקת קפה חיט,אסם,,עוגיות הפסקת קפה חיט,גרמים,230.00,100 גרם,false,,10.90,0.0474,true,1,21225
7290105691897,false,קוסקוס חיטה מלאה,אסם,,קוסקוס חיטה מלאה,גרמים,350.00,100 גרם,false,,8.90,0.0254,true,1,20821
7290105691934,false,קמח שמרים אסם 1 קג,אסם,,קמח שמרים אסם 1 קג,קילוגרמים,1.00,"ק""ג",false,,10.90,10.9000,false,1,23047
7290105693341,false,במבה אסם מאגדת 25*10,אסם,,במבה אסם מאגדת 25*10,גרמים,250.00,100 גרם,false,,14.90,0.0596,false,1,29256
7290105693457,false,עוגת הבית דמקה שוקו,אסם,,עוגת הבית דמקה שוקו,גרמים,320.00,100 גרם,false,,13.90,0.0434,false,1,21228
7290105694614,false,ספגטי מהיר הכנה אסם,אסם,,ספגטי מהיר הכנה אסם,גרמים,500.00,100 גרם,false,,7.60,0.0152,false,1,22216
7290105694928,false,אבקת מרק בצל רכיבים,אסם,,אבקת מרק בצל רכיבים,גרמים,220.00,100 גרם,false,,16.00,0.0727,true,1,23091
7290105695024,false,פתיתים אפויים אורז ע,אסם,,פתיתים אפויים אורז ע,גרמים,500.00,100 גרם,false,,7.50,0.0150,false,1,24025
7290105695321,false,עוגת בראוניס פאדג' א,אסם,,עוגת בראוניס פאדג' א,גרמים,380.00,100 גרם,false,,18.00,0.0474,false,1,23867
7290105695536,false,אבקת מרק ירקות שורש,אסם,,אבקת מרק ירקות שורש,גרמים,220.00,100 גרם,false,,14.90,0.0677,true,1,27589
7290105962331,false,סחוג חריף מאוד זהבי,,,סחוג חריף מאוד זהבי,גרמים,220.00,100 גרם,false,,12.50,0.0568,true,1,21207
7290105962980,false,כרוב אדום 400 גר אחל,אחלה,,כרוב אדום 400 גר אחל,גרמים,400.00,100 גרם,false,,10.90,0.0273,true,1,21824
7290105962997,false,חציל מיונז אחלה 400,אחלה,,חציל מיונז אחלה 400,גרמים,400.00,100 גרם,false,,10.90,0.0273,true,1,21825
7290105963000,false,מטבוחה אחלה 400 גר,אחלה,,מטבוחה אחלה 400 גר,גרמים,400.00,100 גרם,false,,10.90,0.0273,true,1,21864
7290105964564,false,חומוס אחלה 400 ג',,,חומוס אחלה 400 ג',גרמים,400.00,100 גרם,false,,7.90,0.0198,true,1,22969
7290105965738,false,דנונה לשתיה תות בננה,שטראוס דנונה,,דנונה לשתיה תות בננה,גרמים,267.00,100 גרם,false,,4.80,0.0180,true,1,30054
7290105966469,false,"חומץ בלסמי 250 מ""ל",יד מרדכי,,"חומץ בלסמי 250 מ""ל",מיליליטרים,250.00,"100 מ""ל",false,,15.90,0.0636,true,1,24931
7290105968654,false,רביולי בטטה פרווה 40,שטראוס,,רביולי בטטה פרווה 40,גרמים,400.00,100 גרם,false,,19.90,0.0497,true,1,23297
7290105968777,false,פרכיות אנרג'י תחתית,עלית,,פרכיות אנרג'י תחתית,גרמים,70.00,100 גרם,false,,8.40,0.1200,true,1,25744
7290106520066,false,רבע לשבע גלילי וופל,עלית,,רבע לשבע גלילי וופל,גרמים,160.00,100 גרם,false,,12.00,0.0750,false,1,23753
7290106520288,false,דנונה פרו תות,,,דנונה פרו תות,גרמים,150.00,100 גרם,false,,4.50,0.0300,true,1,61978
7290106520912,false,שמנת לבישול 9%,יטבתה,,שמנת לבישול 9%,גרמים,258.00,100 גרם,false,,8.10,0.0314,false,1,25966
7290106521049,false,קוביות סלק אחלה 400,אחלה,,קוביות סלק אחלה 400,גרמים,400.00,100 גרם,false,,15.00,0.0375,true,1,27924
7290106524439,false,תפוצ'יפס פופס 60 גר',עלית,,תפוצ'יפס פופס 60 גר',גרמים,60.00,100 גרם,false,,3.90,0.0650,false,1,71699
7290106525320,false,שוקולית לאפיה 500 גר,עלית,,שוקולית לאפיה 500 גר,גרמים,500.00,100 גרם,false,,17.50,0.0350,false,1,32933
7290106525368,false,רבע לשבע אין סייד אא,עלית,,רבע לשבע אין סייד אא,גרמים,125.00,100 גרם,false,,12.00,0.0960,true,1,28227
7290106525399,false,קפסולות קפה למכונת נ,,,קפסולות קפה למכונת נ,גרמים,50.00,100 גרם,false,,16.90,0.3380,false,1,63780
7290106525405,false,קפסולות קפה נטול למכ,עלית,,קפסולות קפה נטול למכ,גרמים,50.00,100 גרם,false,,16.90,0.3380,false,1,32090
7290106526822,false,פריכיות עם תחתית שוק,עלית,,פריכיות עם תחתית שוק,גרמים,80.00,100 גרם,false,,8.40,0.1050,true,1,29542
7290106528567,false,דוריטוס גריל 185 גר',עלית,,דוריטוס גריל 185 גר',גרמים,185.00,100 גרם,false,,7.50,0.0405,true,1,63323
7290106528628,false,דוריטוס 185 גר' DiPP,עלית,,דוריטוס 185 גר' DiPP,גרמים,185.00,100 גרם,false,,7.50,0.0405,true,1,63533
7290106528949,false,לקט ערוגות 450 גר,שטראוס,,לקט ערוגות 450 גר,גרמים,450.00,100 גרם,false,,11.90,0.0264,true,1,31141
7290106571921,false,עוגיות פיטנס חמוציות,נסטלה,,עוגיות פיטנס חמוציות,גרמים,180.00,100 גרם,false,,11.50,0.0639,true,1,31050
7290106572027,false,לחמית חמישה דגנים,אסם,,לחמית חמישה דגנים,גרמים,190.00,100 גרם,false,,8.70,0.0458,true,1,24096
7290106572065,false,חטיפי טורטיה חמוץ מת,אסם,,חטיפי טורטיה חמוץ מת,גרמים,60.00,100 גרם,false,,7.70,0.1283,false,1,24105
7290106572959,false,מארז אפרופו 5*25,אסם,,מארז אפרופו 5*25,גרמים,125.00,100 גרם,false,,12.50,0.1000,false,1,25884
7290106573024,false,סירופ עסיס דיאט אננס,עסיס,,סירופ עסיס דיאט אננס,ליטרים,1.00,ליטר,false,,17.90,17.9000,false,1,58296
7290106573086,false,מארז קוסקוס זוגות אס,אסם,,מארז קוסקוס זוגות אס,גרמים,700.00,100 גרם,false,,9.90,0.0141,false,1,30781
7290106573277,false,קריספי טאפאס זיתים,,,קריספי טאפאס זיתים,גרמים,150.00,100 גרם,false,,11.70,0.0780,true,1,28640
7290106573314,false,קריספי טאפאס כפרי,אסם,,קריספי טאפאס כפרי,גרמים,150.00,100 גרם,false,,11.70,0.0780,true,1,28642
7290106573598,false,חומוס לבנוני 400 גר,צבר,,חומוס לבנוני 400 גר,גרמים,400.00,100 גרם,false,,12.00,0.0300,true,1,26150
7290106573628,false,חומוס עם טחינה 400 ג,צבר,,חומוס עם טחינה 400 ג,גרמים,400.00,100 גרם,false,,12.00,0.0300,true,1,26151
7290106574793,false,עוגת שוקו שוקוצ'יפס,אסם,,עוגת שוקו שוקוצ'יפס,גרמים,350.00,100 גרם,false,,13.90,0.0397,false,1,27315
7290106574953,false,בייגלה שטוחים שומשום,אסם,,בייגלה שטוחים שומשום,גרמים,300.00,100 גרם,false,,11.90,0.0397,true,1,27612
7290106574977,false,בייגלה שטוחים עם מלח,אסם,,בייגלה שטוחים עם מלח,גרמים,300.00,100 גרם,false,,11.90,0.0397,true,1,27613
7290106575257,false,עוגת סופלה שוקולד,אסם,,עוגת סופלה שוקולד,גרמים,340.00,100 גרם,false,,13.90,0.0409,false,1,28490
7290106575332,false,פתיתים אפויים פלוס ב,אסם,,פתיתים אפויים פלוס ב,גרמים,400.00,100 גרם,false,,7.50,0.0188,false,1,27796
7290106575431,false,עוגת סופלה בטעם שוקו,,,עוגת סופלה בטעם שוקו,גרמים,340.00,100 גרם,false,,13.90,0.0409,false,1,28491
7290106576513,false,חומוס 400 גר צבר,צבר,,חומוס 400 גר צבר,גרמים,400.00,100 גרם,false,,9.90,0.0248,true,1,29730
7290106576537,false,חומוס מסעדות 700 ג',צבר,,חומוס מסעדות 700 ג',גרמים,700.00,100 גרם,false,,10.90,0.0156,false,1,28011
7290106576810,false,לה קרמריה ריבת חלב 1,לה קרמריה- נסטלה,,לה קרמריה ריבת חלב 1,ליטרים,1.40,ליטר,false,,22.90,16.3571,false,1,29516
7290106576834,false,לה קרמריה פונטש בננה,לה קרמריה- נסטלה,,לה קרמריה פונטש בננה,ליטרים,1.40,ליטר,false,,22.90,16.3571,false,1,29517
7290106576858,false,לה קרמריה תותים בשמנ,לה קרמריה- נסטלה,,לה קרמריה תותים בשמנ,ליטרים,1.40,ליטר,false,,22.90,16.3571,false,1,29518
7290106576919,false,לה קרמריה סורבה תות,לה קרמריה- נסטלה,,לה קרמריה סורבה תות,ליטרים,1.40,ליטר,false,,22.90,16.3571,false,1,29520
7290106576957,false,לה קרמריה שוקו וניל,לה קרמריה- נסטלה,,לה קרמריה שוקו וניל,ליטרים,1.40,ליטר,false,,22.90,16.3571,false,1,29522
7290106576995,false,לה קרמריה לייט סורבה,לה קרמריה- נסטלה,,לה קרמריה לייט סורבה,ליטרים,1.40,ליטר,false,,22.90,16.3571,false,1,29524
7290106577039,false,לה קרמריה שוקו וניל,לה קרמריה- נסטלה,,לה קרמריה שוקו וניל,ליטרים,1.40,ליטר,false,,22.90,16.3571,false,1,29525
7290106577282,false,טחינה צבר 400 גר,צבר,,טחינה צבר 400 גר,גרמים,400.00,100 גרם,false,,11.90,0.0298,true,1,28364
7290106577527,false,סלט קולסלו 400 גר צב,צבר,,סלט קולסלו 400 גר צב,גרמים,400.00,100 גרם,false,,11.90,0.0298,true,1,28416
7290106577541,false,כרוב אדום צבר 400 גר,צבר,,כרוב אדום צבר 400 גר,גרמים,400.00,100 גרם,false,,11.90,0.0298,true,1,28370
7290106577572,false,מטבוחה צבר 400 גר,צבר,,מטבוחה צבר 400 גר,גרמים,400.00,100 גרם,false,,11.90,0.0298,true,1,28440
7290106578692,false,ביסלי -במבה מיקס 80,,,ביסלי -במבה מיקס 80,יחידה,0.00,יחידה,false,,4.90,0.0000,false,1,31033
7290106578821,false,עוגת שמרים שוקולד קל,אסם,,עוגת שמרים שוקולד קל,גרמים,350.00,100 גרם,false,,18.00,0.0514,false,1,30208
7290106652996,false,כיף כף מקלות קוקוס,עלית,,כיף כף מקלות קוקוס,גרמים,40.00,100 גרם,false,,5.20,0.1300,true,1,27206
7290106653689,false,לקט אסיאתי 350 גר,,,לקט אסיאתי 350 גר,גרמים,350.00,100 גרם,false,,10.90,0.0311,true,1,67711
7290106654099,false,מארז מילקי CAKE שמינ,,,מארז מילקי CAKE שמינ,גרמים,272.00,100 גרם,false,,19.90,0.0732,true,1,61950
7290106662025,false,תפוצ'יפס 50 גר' מלח,עלית,,תפוצ'יפס 50 גר' מלח,גרמים,50.00,100 גרם,false,,3.90,0.0780,false,1,59820
7290106663091,false,לאבנה טבעי 9% שטראוס,,,לאבנה טבעי 9% שטראוס,גרמים,500.00,100 גרם,false,,17.90,0.0358,true,1,61079
7290106663121,false,מילקי Cake,שטראוס,,מילקי Cake,גרמים,34.00,100 גרם,false,,3.00,0.0882,true,1,59632
7290106663183,false,צ'יטוס גבינה 65 גר',עלית,,צ'יטוס גבינה 65 גר',גרמים,65.00,100 גרם,false,,3.50,0.0538,true,1,68487
7290106663503,false,קונפיטורה לייט תות,יד מרדכי,,קונפיטורה לייט תות,גרמים,230.00,100 גרם,false,,12.90,0.0561,true,1,33709
7290106663558,false,רוטב טריאקי,יד מרדכי,,רוטב טריאקי,מיליליטרים,320.00,"100 מ""ל",false,,13.90,0.0434,true,1,59260
7290106664067,false,לאבנה עם שמן זית וזע,,,לאבנה עם שמן זית וזע,גרמים,400.00,100 גרם,false,,14.50,0.0363,true,1,61210
7290106664555,false,רוטב שמנת עגבניות 9%,,,רוטב שמנת עגבניות 9%,גרמים,250.00,100 גרם,false,,10.50,0.0420,true,1,60827
7290106664562,false,רוטב שמנת פטריות 9%,יטבתה,,רוטב שמנת פטריות 9%,גרמים,250.00,100 גרם,false,,10.50,0.0420,true,1,58039
7290106666788,false,סוכריות דבש עלית,עלית,,סוכריות דבש עלית,גרמים,80.00,100 גרם,false,,5.50,0.0688,true,1,58841
7290106667266,false,דוריטוס חמוץ חריף 18,עלית,,דוריטוס חמוץ חריף 18,גרמים,185.00,100 גרם,false,,7.50,0.0405,true,1,63535
7290106668577,false,מיץ לימון טבעי 250 מ,יד מרדכי,,מיץ לימון טבעי 250 מ,מיליליטרים,250.00,"100 מ""ל",false,,8.50,0.0340,true,1,59508
7290106668713,false,דנונה פירות יער 3%,שטראוס דנונה,,דנונה פירות יער 3%,גרמים,150.00,100 גרם,false,,3.60,0.0240,true,1,59704
7290106669857,false,קפסולות קפה עלית בטע,,,קפסולות קפה עלית בטע,גרמים,50.00,100 גרם,false,,16.90,0.3380,false,1,68298
7290106721807,false,חציל פיקנטי אחלה 400,,,חציל פיקנטי אחלה 400,גרמים,400.00,100 גרם,false,,10.90,0.0273,true,1,62480
7290106721913,false,מאסט צנצנת פפרמינט צ,עלית,,מאסט צנצנת פפרמינט צ,גרמים,66.00,100 גרם,false,,9.90,0.1500,true,1,59251
7290106721920,false,מאסט צנצנת ספירמנט צ,עלית,,מאסט צנצנת ספירמנט צ,גרמים,66.00,100 גרם,false,,9.90,0.1500,true,1,59252
7290106723689,false,עלי תרד בייבי - שטרא,שטראוס,,עלי תרד בייבי - שטרא,גרמים,200.00,100 גרם,false,,10.90,0.0545,true,1,33717
7290106725867,false,סירופ מייפל טבעי 189,,,סירופ מייפל טבעי 189,מיליליטרים,189.00,"100 מ""ל",false,,33.90,0.1794,true,1,61175
7290106725874,false,סירופ מייפל טבעי 236,,,סירופ מייפל טבעי 236,מיליליטרים,236.00,"100 מ""ל",false,,39.90,0.1691,true,1,61147
7290106726178,false,דנונה פרו פירות יער,,,דנונה פרו פירות יער,גרמים,150.00,100 גרם,false,,4.50,0.0300,true,1,61084
7290106727984,false,כיף כף פצפצים בגביע,,,כיף כף פצפצים בגביע,גרמים,135.00,100 גרם,false,,10.90,0.0807,true,1,64945
7290106729650,false,מארז דנונה שמיניה תו,,,מארז דנונה שמיניה תו,גרמים,1200.00,100 גרם,false,,23.90,0.0199,true,1,63044
7290106770577,false,ממרח חלבה 350 גרם,,,ממרח חלבה 350 גרם,גרמים,350.00,100 גרם,false,,11.90,0.0340,true,1,86486
7290106772472,false,ממרח BELGA,,,ממרח BELGA,גרמים,350.00,100 גרם,false,,11.90,0.0340,true,1,81983
7290106774018,false,אבקת קקאו 400 גר',,,אבקת קקאו 400 גר',גרמים,400.00,100 גרם,false,,29.90,0.0747,true,1,83690
7290106774049,false,חמאת קקאו 300 ג',,,חמאת קקאו 300 ג',גרמים,300.00,100 גרם,false,,29.90,0.0997,true,1,120368
7290106774063,false,קרוקנט בוטנים,,,קרוקנט בוטנים,גרמים,175.00,100 גרם,false,,19.90,0.1137,true,1,83693
7290106774124,false,שבבי שוקולד מריר,,,שבבי שוקולד מריר,גרמים,110.00,100 גרם,false,,15.90,0.1445,true,1,83699
7290106774148,false,שבבי שוקולד לבן,,,שבבי שוקולד לבן,גרמים,110.00,100 גרם,false,,15.90,0.1445,true,1,83701
7290106774230,false,סוכריות מזרה צבעוניו,,,סוכריות מזרה צבעוניו,גרמים,230.00,100 גרם,false,,12.90,0.0561,true,1,83709
7290106774254,false,סוכריות עדשים צבעוני,,,סוכריות עדשים צבעוני,גרמים,250.00,100 גרם,false,,18.90,0.0756,true,1,83711
7290106774285,false,שוקולד מריר 60%,,,שוקולד מריר 60%,גרמים,500.00,100 גרם,false,,32.90,0.0658,true,1,83714
7290106774292,false,שוקולד מריר 70%,,,שוקולד מריר 70%,גרמים,500.00,100 גרם,false,,39.90,0.0798,true,1,83715
7290106775053,false,מחית נוגט פרווה,,,מחית נוגט פרווה,גרמים,400.00,100 גרם,false,,24.90,0.0622,true,1,83722
7290106775091,false,מחית פיסטוק 200 ג',,,מחית פיסטוק 200 ג',גרמים,200.00,100 גרם,false,,32.90,0.1645,true,1,119638
7290107280013,false,מגבונים ליטופים חמיש,ליטופים,,מגבונים ליטופים חמיש,יחידה,0.00,יחידה,false,,18.90,0.0000,false,1,27769
7290107280020,false,מטליות לחות שלישייה,סנו סושי,,מטליות לחות שלישייה,יחידה,0.00,יחידה,false,,19.90,0.0000,false,1,27129
7290107280075,false,תבניות אלומיניום,סנו סושי,,תבניות אלומיניום,יחידה,0.00,יחידה,false,,9.90,0.0000,true,1,34750
7290107280082,false,תבניות אינגליש אלומי,סנו סושי,,תבניות אינגליש אלומי,יחידה,0.00,יחידה,false,,9.90,0.0000,true,1,34751
7290107280099,false,מגבונים נשטפים באסלה,סנו סופט,,מגבונים נשטפים באסלה,יחידה,0.00,יחידה,false,,15.90,0.0000,true,1,32689
7290107280129,false,סנו סושי 20 שקיות אש,סנו סושי,,סנו סושי 20 שקיות אש,יחידה,0.00,יחידה,false,,22.90,0.0000,true,1,34733
7290107280341,false,ריצפז מטליות לחות לנ,סנו ריצפז,,ריצפז מטליות לחות לנ,יחידה,0.00,יחידה,false,,12.90,0.0000,true,1,81506
7290107280389,false,"סנו ג'ט לאמבט 750 מ""",סנו,,"סנו ג'ט לאמבט 750 מ""",מיליליטרים,750.00,"100 מ""ל",false,,12.90,0.0172,false,1,28609
7290107280396,false,"סנו ג'ט למטבח 750 מ""",סנו,,"סנו ג'ט למטבח 750 מ""",מיליליטרים,750.00,"100 מ""ל",false,,12.90,0.0172,false,1,28610
7290107280563,false,סנו אוקסיג'ן בייבי 3,סנו אוקסיג'ן,,סנו אוקסיג'ן בייבי 3,ליטרים,3.00,ליטר,false,,31.90,10.6333,true,1,33599
7290107280570,false,ג'ל כביסה מקסימה מיק,סנו מקסימה,,ג'ל כביסה מקסימה מיק,ליטרים,3.00,ליטר,false,,31.90,10.6333,true,1,34341
7290107280600,false,ספארק 100 טבליות למד,סנו,,ספארק 100 טבליות למד,יחידה,0.00,יחידה,false,,49.90,0.0000,true,1,72546
7290107280709,false,סנו ספארק נוזל הברקה,סנו,,סנו ספארק נוזל הברקה,מיליליטרים,900.00,"100 מ""ל",false,,14.90,0.0166,true,1,58758
7290107280716,false,סנו ספארק מלח למדיח,סנו,,סנו ספארק מלח למדיח,קילוגרמים,2.00,"ק""ג",false,,12.90,6.4500,true,1,58759
7290107280723,false,סנו ספארק נוזל כלים,סנו,,סנו ספארק נוזל כלים,מיליליטרים,700.00,"100 מ""ל",false,,9.90,0.0141,true,1,34161
7290107280747,false,סנו ספארק נוזל לניקו,סנו,,סנו ספארק נוזל לניקו,מיליליטרים,700.00,"100 מ""ל",false,,9.90,0.0141,true,1,34162
7290107280754,false,סנו ספארק נוזל כלים,סנו,,סנו ספארק נוזל כלים,מיליליטרים,700.00,"100 מ""ל",false,,9.90,0.0141,true,1,34343
7290107280761,false,סנו ספארק נוזל כלים,סנו,,סנו ספארק נוזל כלים,ליטרים,1.00,ליטר,false,,11.90,11.9000,true,1,57515
7290107280815,false,סנו K 301,סנו,,סנו K 301,מיליליטרים,300.00,"100 מ""ל",false,,11.90,0.0397,true,1,57882
7290107644488,false,בייגלה שמיניות מלח 2,בייגל בייגל,,בייגלה שמיניות מלח 2,גרמים,255.00,100 גרם,false,,6.50,0.0255,true,1,72715
7290107645584,false,קנור מרק עוף אמיתי ר,קנור,,קנור מרק עוף אמיתי ר,גרמים,400.00,100 גרם,false,,19.90,0.0497,false,1,80647
7290107645591,false,קנור מרק טעם עוף רכי,קנור,,קנור מרק טעם עוף רכי,גרמים,400.00,100 גרם,false,,14.90,0.0373,false,1,74530
7290107646062,false,מרק קנור בצל רכיבים,קנור,,מרק קנור בצל רכיבים,גרמים,400.00,100 גרם,false,,19.90,0.0497,false,1,75101
7290107646147,false,חטיפי שוגי קורנפלקס,תלמה,,חטיפי שוגי קורנפלקס,גרמים,156.00,100 גרם,false,,12.90,0.0827,false,1,70504
7290107646154,false,חטיפי קוקומן פצפוצים,תלמה,,חטיפי קוקומן פצפוצים,גרמים,126.00,100 גרם,false,,12.90,0.1024,false,1,70505
7290107646895,false,קנור רוטב לפסטה נפול,קנור,,קנור רוטב לפסטה נפול,גרמים,415.00,100 גרם,false,,11.90,0.0287,true,1,70727
7290107646918,false,קנור רוטב שקשוקה 415,קנור,,קנור רוטב שקשוקה 415,גרמים,415.00,100 גרם,false,,11.90,0.0287,true,1,70729
7290107646925,false,ברנפלקס אקסטרה פייבר,תלמה,,ברנפלקס אקסטרה פייבר,גרמים,410.00,100 גרם,false,,21.90,0.0534,false,1,71040
7290107646963,false,תלמה ספייסי מיו 250,תלמה,,תלמה ספייסי מיו 250,גרמים,250.00,100 גרם,false,,8.90,0.0356,true,1,120760
7290107646970,false,תלמה איולי שום 250 ג,תלמה,,תלמה איולי שום 250 ג,גרמים,250.00,100 גרם,false,,8.90,0.0356,true,1,120761
7290107647359,false,דומסטוס סבון אסלה או,,,דומסטוס סבון אסלה או,גרמים,165.00,100 גרם,false,,14.90,0.0903,true,1,72164
7290107647366,false,דומסטוס סבון אסלה לי,,,דומסטוס סבון אסלה לי,גרמים,165.00,100 גרם,false,,14.90,0.0903,true,1,72165
7290107647656,false,מאגדת מיני סולרו קוק,,,מאגדת מיני סולרו קוק,גרמים,245.00,100 גרם,false,,25.90,0.1057,true,1,76544
7290107647731,false,קוקומן חום לבן 375 ג,תלמה,,קוקומן חום לבן 375 ג,גרמים,375.00,100 גרם,false,,19.90,0.0531,false,1,70791
7290107647816,false,ברנפלקס ללא תוספת סו,תלמה,,ברנפלקס ללא תוספת סו,גרמים,500.00,100 גרם,false,,19.90,0.0398,false,1,71202
7290107647823,false,"ברנפלקס בד""צ 500 גר'",תלמה,,"ברנפלקס בד""צ 500 גר'",גרמים,500.00,100 גרם,false,,19.90,0.0398,false,1,71203
7290107647854,false,שוגי 500 גר',תלמה,,שוגי 500 גר',גרמים,500.00,100 גרם,false,,19.90,0.0398,false,1,70575
7290107648974,false,קנור רוטב לפסטה בזיל,קנור,,קנור רוטב לפסטה בזיל,גרמים,415.00,100 גרם,false,,11.90,0.0287,true,1,75656
7290107648981,false,קנור רוטב פומודורו ל,קנור,,קנור רוטב פומודורו ל,גרמים,415.00,100 גרם,false,,11.90,0.0287,true,1,72814
7290107649100,false,טבעות שומשום 300 גר',בייגל בייגל,,טבעות שומשום 300 גר',גרמים,300.00,100 גרם,false,,8.90,0.0297,true,1,75873
7290107649605,false,קליק קורנפלקס חלב טב,קליק,,קליק קורנפלקס חלב טב,גרמים,85.00,100 גרם,false,,7.00,0.0824,false,1,73662
7290107871297,false,פריכונים מיני עשבי ת,אסם,,פריכונים מיני עשבי ת,גרמים,25.00,100 גרם,false,,4.20,0.1680,false,1,57936
7290107871532,false,מאגדת קרחונים דובדבן,נסטלה גלידות,,מאגדת קרחונים דובדבן,גרמים,750.00,100 גרם,false,,16.50,0.0220,true,1,57896
7290107871990,false,פסטה צינורות 500 גר,,,פסטה צינורות 500 גר,גרמים,500.00,100 גרם,false,,5.90,0.0118,false,1,32586
7290107874427,false,פריכונים מיני זעתר 2,אסם,,פריכונים מיני זעתר 2,גרמים,25.00,100 גרם,false,,4.20,0.1680,false,1,58021
7290107874441,false,פריכונים מיני בצל מק,אסם,,פריכונים מיני בצל מק,גרמים,25.00,100 גרם,false,,4.20,0.1680,false,1,57937
7290107874502,false,מארז ביסלי גריל,,,מארז ביסלי גריל,גרמים,220.00,100 גרם,false,,11.90,0.0541,false,1,64035
7290107875271,false,מארז ביסלי ברבקיו,,,מארז ביסלי ברבקיו,גרמים,220.00,100 גרם,false,,11.90,0.0541,false,1,64160
7290107875400,false,לה קרמריה מוקה פיסטו,לה קרמריה- נסטלה,,לה קרמריה מוקה פיסטו,ליטרים,1.40,ליטר,false,,22.90,16.3571,false,1,34191
7290107875820,false,קרוטונים אפויים בתיב,אסם,,קרוטונים אפויים בתיב,גרמים,180.00,100 גרם,false,,11.90,0.0661,true,1,57902
7290107877619,false,מארז במבה נוגט 5*30,,,מארז במבה נוגט 5*30,גרמים,150.00,100 גרם,false,,13.50,0.0900,true,1,67484
7290107879132,false,פיטנס מיני פריכיות,,,פיטנס מיני פריכיות,גרמים,22.00,100 גרם,false,,4.90,0.2227,true,1,66633
7290107879521,false,מאגדת שלגונים לה פרו,נסטלה גלידות,,מאגדת שלגונים לה פרו,גרמים,350.00,100 גרם,false,,23.90,0.0683,true,1,62880
7290107879569,false,מאגדת שלגונים לה פרו,נסטלה גלידות,,מאגדת שלגונים לה פרו,גרמים,350.00,100 גרם,false,,23.90,0.0683,true,1,62881
7290107930321,false,קונפיטורה דבדבן יד מ,יד מרדכי,,קונפיטורה דבדבן יד מ,גרמים,340.00,100 גרם,false,,13.50,0.0397,true,1,60636
7290107931397,false,כיף כף פיצפצים,,,כיף כף פיצפצים,גרמים,40.00,100 גרם,false,,5.20,0.1300,true,1,63339
7290107932080,false,חלב בקבוק 3% מועשר,יטבתה,,חלב בקבוק 3% מועשר,ליטרים,1.00,ליטר,false,,7.50,7.5000,false,1,61057
7290107933155,false,לקט סלנובה 200 גר,,,לקט סלנובה 200 גר,גרמים,200.00,100 גרם,false,,12.90,0.0645,true,1,62115
7290107933193,false,סלק מבושל 500 גר שטר,,,סלק מבושל 500 גר שטר,גרמים,500.00,100 גרם,false,,7.90,0.0158,true,1,61691
7290107934473,false,אקטיביה שמיניה 1.5%,,,אקטיביה שמיניה 1.5%,גרמים,1200.00,100 גרם,false,,19.90,0.0166,true,1,60518
7290107936309,false,דנונה יווני לבן 7%,,,דנונה יווני לבן 7%,גרמים,130.00,100 גרם,false,,3.40,0.0262,true,1,66064
7290107936958,false,עד חצות אצבעות,,,עד חצות אצבעות,גרמים,125.00,100 גרם,false,,10.90,0.0872,true,1,70926
7290107936965,false,עד חצות עיגולים,,,עד חצות עיגולים,גרמים,225.00,100 גרם,false,,13.90,0.0618,true,1,70927
7290107937542,false,משקה אקטיביה תות,,,משקה אקטיביה תות,גרמים,265.00,100 גרם,false,,4.90,0.0185,true,1,63826
7290107937627,false,מסטיק מאסט קוביות ספ,,,מסטיק מאסט קוביות ספ,גרמים,58.00,100 גרם,false,,9.90,0.1707,true,1,66051
7290107937634,false,מסטיק מאסט קוביות צנ,,,מסטיק מאסט קוביות צנ,גרמים,58.00,100 גרם,false,,9.90,0.1707,true,1,66052
7290107937641,false,צנצנת בזוקה קוביות,,,צנצנת בזוקה קוביות,גרמים,58.00,100 גרם,false,,9.90,0.1707,true,1,66053
7290107937856,false,קפסולות קפה למכונות,,,קפסולות קפה למכונות,גרמים,50.00,100 גרם,false,,16.90,0.3380,false,1,65691
7290107938396,false,אקטימל תות שמיניה,,,אקטימל תות שמיניה,גרמים,864.00,100 גרם,false,,21.10,0.0244,true,1,64576
7290107939027,false,גזר חתוך דק דק 250 ג,,,גזר חתוך דק דק 250 ג,גרמים,250.00,100 גרם,false,,6.90,0.0276,true,1,66161
7290107940030,false,חומוס אחלה 650 גר,,,חומוס אחלה 650 גר,גרמים,650.00,100 גרם,false,,8.90,0.0137,false,1,73398
7290107940467,false,אקטיביה 200 גר 1.5%,,,אקטיביה 200 גר 1.5%,גרמים,200.00,100 גרם,false,,3.80,0.0190,true,1,64585
7290107941259,false,עדשים ירוקות מבושלות,,,עדשים ירוקות מבושלות,גרמים,475.00,100 גרם,false,,11.90,0.0251,true,1,66846
7290107941266,false,שעועית אדומה מבושלת,,,שעועית אדומה מבושלת,גרמים,475.00,100 גרם,false,,13.90,0.0293,true,1,66847
7290107941273,false,חומוס מבושל -שטראוס,,,חומוס מבושל -שטראוס,גרמים,475.00,100 גרם,false,,11.90,0.0251,true,1,66848
7290107942355,false,תפוצ'יפס מקלות בטעם,עלית,,תפוצ'יפס מקלות בטעם,גרמים,60.00,100 גרם,false,,3.90,0.0650,false,1,66530
7290107943192,false,שמנת חמוצה מהערבה 27,,,שמנת חמוצה מהערבה 27,גרמים,390.00,100 גרם,false,,4.00,0.0103,false,1,70925
7290107943369,false,קוואקר שיבולת שועל ל,קוואקר,,קוואקר שיבולת שועל ל,גרמים,511.00,100 גרם,false,,17.90,0.0350,true,1,70313
7290107944427,false,שקית שוקו השוקו שלי,,,שקית שוקו השוקו שלי,גרמים,225.00,100 גרם,false,,2.70,0.0120,false,1,66107
7290107944472,false,סימפוניה שום שמיר 5%,,,סימפוניה שום שמיר 5%,גרמים,200.00,100 גרם,false,,11.20,0.0560,true,1,66548
7290107945165,false,קונפיטורה משמש יד מר,,,קונפיטורה משמש יד מר,גרמים,340.00,100 גרם,false,,13.50,0.0397,true,1,67767
7290107950190,false,מעדן שטראוס דיאט שוק,,,מעדן שטראוס דיאט שוק,גרמים,130.00,100 גרם,false,,3.30,0.0254,true,1,66086
7290107950206,false,מעדן שטראוס דיאט שוק,,,מעדן שטראוס דיאט שוק,גרמים,130.00,100 גרם,false,,3.30,0.0254,true,1,66087
7290107951111,false,בפלות לימון 200 גר,,,בפלות לימון 200 גר,גרמים,200.00,100 גרם,false,,4.30,0.0215,true,1,66523
7290107951715,false,צנצנת מסטיק מאסט קוב,,,צנצנת מסטיק מאסט קוב,גרמים,58.00,100 גרם,false,,9.90,0.1707,true,1,67728
7290107953559,false,מארז קפה טורקי לדרך,,,מארז קפה טורקי לדרך,גרמים,168.00,100 גרם,false,,19.90,0.1185,false,1,67199
7290107954709,false,קונפיטורה פירות יער,,,קונפיטורה פירות יער,גרמים,340.00,100 גרם,false,,13.50,0.0397,true,1,69077
7290107954976,false,משקה יטבתה פרו קפה 3,,,משקה יטבתה פרו קפה 3,מיליליטרים,350.00,"100 מ""ל",false,,6.30,0.0180,true,1,69443
7290107956543,false,דבש יד מרדכי 900 גר,,,דבש יד מרדכי 900 גר,גרמים,900.00,100 גרם,false,,39.90,0.0443,false,1,73874
7290107956642,false,"תרסיס שמן זית 150 מ""",,,"תרסיס שמן זית 150 מ""",מיליליטרים,150.00,"100 מ""ל",false,,17.90,0.1193,true,1,72623
7290107956895,false,קפסולות אספרסו בטעם,,,קפסולות אספרסו בטעם,גרמים,50.00,100 גרם,false,,16.90,0.3380,true,1,72921
7290107956901,false,קפסולות אספרסו בטעם,,,קפסולות אספרסו בטעם,גרמים,150.00,100 גרם,false,,16.90,0.1127,true,1,71192
7290107956925,false,קפסולות קפה אוגנדה 1,,,קפסולות קפה אוגנדה 1,גרמים,50.00,100 גרם,false,,16.90,0.3380,false,1,75286
7290107956932,false,קפסולות קפה עלית אינ,,,קפסולות קפה עלית אינ,גרמים,100.00,100 גרם,false,,16.90,0.1690,false,1,70788
7290107957069,false,צנצנת מסטיק עלמה אוכ,,,צנצנת מסטיק עלמה אוכ,גרמים,66.00,100 גרם,false,,9.90,0.1500,true,1,70783
7290107957076,false,צנצנת מסטיק עלמה בטע,,,צנצנת מסטיק עלמה בטע,גרמים,66.00,100 גרם,false,,9.90,0.1500,true,1,70784
7290107957229,false,נטיפי שוקולד צ'יפס מ,,,נטיפי שוקולד צ'יפס מ,גרמים,250.00,100 גרם,false,,11.90,0.0476,true,1,72852
7290107957991,false,מילקי קייק מיניס,,,מילקי קייק מיניס,גרמים,144.00,100 גרם,false,,13.90,0.0965,true,1,74553
7290107958035,false,מארז דנונה מתיקות מע,,,מארז דנונה מתיקות מע,גרמים,960.00,100 גרם,false,,18.50,0.0193,true,1,71118
7290107971744,false,קולגייט מי פה טוטל י,,,קולגייט מי פה טוטל י,מיליליטרים,500.00,"100 מ""ל",false,,29.90,0.0598,true,1,63690
7290107973014,false,פלמוליב סבון ידיים ח,,,פלמוליב סבון ידיים ח,מיליליטרים,300.00,"100 מ""ל",false,,10.90,0.0363,true,1,64488
7290107973038,false,פלמוליב סבון ידיים א,,,פלמוליב סבון ידיים א,מיליליטרים,300.00,"100 מ""ל",false,,10.90,0.0363,true,1,64490
7290107973861,false,עגבניות קצוצות שלישי,,,עגבניות קצוצות שלישי,גרמים,1200.00,100 גרם,false,,15.90,0.0133,true,1,65142
7290107974066,false,עלי טורטיה קמח מלא 2,,,עלי טורטיה קמח מלא 2,גרמים,320.00,100 גרם,false,,9.90,0.0309,true,1,64156
7290107974073,false,עלי טורטיה קמח לבן 2,,,עלי טורטיה קמח לבן 2,גרמים,320.00,100 גרם,false,,9.90,0.0309,true,1,64157
7290107974080,false,עלי טורטיה קמח לבן 2,,,עלי טורטיה קמח לבן 2,גרמים,840.00,100 גרם,false,,16.90,0.0201,true,1,64158
7290107974806,false,אורז בסמטי מנה 1 קג,,,אורז בסמטי מנה 1 קג,קילוגרמים,1.00,"100 ק""ג",false,,11.90,11.9000,true,1,67618
7290107974820,false,ממרח מתובל ספייסי,,,ממרח מתובל ספייסי,גרמים,250.00,100 גרם,false,,7.90,0.0316,true,1,66364
7290107974837,false,ממרח מתובל שום  מנה,,,ממרח מתובל שום  מנה,גרמים,250.00,100 גרם,false,,7.90,0.0316,true,1,66365
7290107975360,false,ליידי ספיד סטיק ג'ל,,,ליידי ספיד סטיק ג'ל,יחידה,0.00,יחידה,false,,19.90,0.0000,true,1,69130
7290107975544,false,קולגייט סמיילס ברבי,,,קולגייט סמיילס ברבי,מיליליטרים,50.00,"100 מ""ל",false,,10.90,0.2180,true,1,68475
7290107976428,false,קולגייט פלאקס קול מי,,,קולגייט פלאקס קול מי,מיליליטרים,250.00,"100 מ""ל",false,,13.90,0.0556,true,1,117471
7290107976589,false,קולגייט מי פה אופטיק,,,קולגייט מי פה אופטיק,מיליליטרים,250.00,"100 מ""ל",false,,13.90,0.0556,true,1,117472
7290107976848,false,פלמוליב סבון מוצק קמ,,,פלמוליב סבון מוצק קמ,גרמים,360.00,100 גרם,false,,17.00,0.0472,true,1,73009
7290107976916,false,פלמוליב סבון ידיים ח,,,פלמוליב סבון ידיים ח,מיליליטרים,30.00,"100 מ""ל",false,,10.90,0.3633,true,1,69609
7290107978101,false,קולגייט אופטיק וייט,,,קולגייט אופטיק וייט,מיליליטרים,75.00,"100 מ""ל",false,,25.90,0.3453,true,1,73008
7290107978330,false,איטריות דקות מאסטר ש,,,איטריות דקות מאסטר ש,גרמים,400.00,100 גרם,false,,5.90,0.0148,true,1,69365
7290107978460,false,קראנצוס פלאפל 70 גרם,,,קראנצוס פלאפל 70 גרם,יחידה,0.00,יחידה,false,,3.90,0.0000,true,1,70207
7290107979191,false,תבנית אלומיניום קוקי,,,תבנית אלומיניום קוקי,יחידה,0.00,יחידה,false,,9.90,0.0000,true,1,69829
7290107979542,false,רדיד אלומיניום זוג,,,רדיד אלומיניום זוג,יחידה,0.00,יחידה,false,,9.90,0.0000,true,1,69830
7290108070316,false,בלונים איכותיים 50'ח,,,בלונים איכותיים 50'ח,יחידה,0.00,יחידה,false,,10.90,0.0000,true,1,65470
7290108074888,false,נרות ג'מבו,,,נרות ג'מבו,יחידה,0.00,יחידה,false,,6.40,0.0000,true,1,63678
7290108079357,false,מארז בלונים על מקל ל,,,מארז בלונים על מקל ל,יחידה,0.00,יחידה,false,,20.00,0.0000,true,1,70661
7290108200232,false,וניש גולד אבקה 470 ג,,,וניש גולד אבקה 470 ג,גרמים,470.00,100 גרם,false,,16.90,0.0360,true,1,59096
7290108350128,false,סנו סושי 40 שקיות אש,סנו סושי,,סנו סושי 40 שקיות אש,יחידה,0.00,יחידה,false,,24.90,0.0000,true,1,34736
7290108350142,false,סנו סושי שקיות רב שי,סנו סושי,,סנו סושי שקיות רב שי,יחידה,0.00,יחידה,false,,13.90,0.0000,true,1,34737
7290108350203,false,סקוטש+ספוג EXTRA,סנו,,סקוטש+ספוג EXTRA,יחידה,0.00,יחידה,false,,10.00,0.0000,true,1,64204
7290108350531,false,נוזל לכלים ספארק משא,סנו,,נוזל לכלים ספארק משא,ליטרים,1.00,ליטר,false,,11.90,11.9000,true,1,59330
7290108350548,false,נוזל כלים ספארק משאב,סנו,,נוזל כלים ספארק משאב,ליטרים,1.00,ליטר,false,,11.90,11.9000,true,1,59331
7290108350555,false,נוזל כלים ספארק משאב,סנו,,נוזל כלים ספארק משאב,ליטרים,1.00,ליטר,false,,11.90,11.9000,true,1,59332
7290108350586,false,סנו ספארק נוזל כלים,סנו,,סנו ספארק נוזל כלים,ליטרים,1.50,ליטר,false,,14.90,9.9333,true,1,60531
7290108350616,false,מרכך מרוכז מקסימה 1,סנו מקסימה,,מרכך מרוכז מקסימה 1,ליטרים,1.00,ליטר,false,,16.90,16.9000,true,1,64379
7290108350623,false,מרכך מרוכז מקסימה 1,סנו מקסימה,,מרכך מרוכז מקסימה 1,ליטרים,1.00,ליטר,false,,16.90,16.9000,true,1,64380
7290108350647,false,קרם להתרת קשרים כיף,כיף,,קרם להתרת קשרים כיף,מיליליטרים,350.00,"100 מ""ל",false,,23.90,0.0683,true,1,62799
7290108350685,false,ספארק מנקה למדיח 250,סנו,,ספארק מנקה למדיח 250,מיליליטרים,250.00,"100 מ""ל",false,,12.90,0.0516,true,1,72179
7290108351118,false,קוטל מעופפים K400,סנו,,קוטל מעופפים K400,מיליליטרים,750.00,"100 מ""ל",false,,29.90,0.0399,true,1,64848
7290108351149,false,סנו ג'ל לניקוי כללי,סנו,,סנו ג'ל לניקוי כללי,ליטרים,1.50,ליטר,false,,13.90,9.2667,true,1,67075
7290108351156,false,סנו ג'ל לניקוי כללי,סנו,,סנו ג'ל לניקוי כללי,ליטרים,1.50,ליטר,false,,13.90,9.2667,true,1,67076
7290108351507,false,מרכך כביסה אינספרישי,,,מרכך כביסה אינספרישי,ליטרים,4.00,ליטר,false,,21.90,5.4750,false,1,66790
7290108351514,false,מרכך כביסה פריחה כחו,,,מרכך כביסה פריחה כחו,ליטרים,4.00,ליטר,false,,21.90,5.4750,false,1,66791
7290108351552,false,סנו ג'ט פלוס לניקוי,סנו,,סנו ג'ט פלוס לניקוי,מיליליטרים,750.00,"100 מ""ל",false,,12.90,0.0172,true,1,71499
7290108351569,false,מקסימה למייבש בייבי,סנו מקסימה,,מקסימה למייבש בייבי,מיליליטרים,750.00,"100 מ""ל",false,,19.90,0.0265,true,1,69285
7290108351583,false,סנו ג'ט לניקוי אסלות,סנו,,סנו ג'ט לניקוי אסלות,מיליליטרים,750.00,"100 מ""ל",false,,11.90,0.0159,true,1,73588
7290108351590,false,סנו פרש מבשם לבית נט,סנו fresh,,סנו פרש מבשם לבית נט,מיליליטרים,350.00,"100 מ""ל",false,,12.90,0.0369,true,1,69204
7290108351613,false,ריצפז פרש הום מלון 2,סנו ריצפז,,ריצפז פרש הום מלון 2,ליטרים,2.00,ליטר,false,,21.90,10.9500,false,1,68684
7290108351620,false,לוכד ריחות באסלה,סנו,,לוכד ריחות באסלה,מיליליטרים,60.00,"100 מ""ל",false,,14.90,0.2483,true,1,70333
7290108351668,false,מטליות לחות לניקוי כ,סנו,,מטליות לחות לניקוי כ,יחידה,0.00,יחידה,false,,9.90,0.0000,true,1,74043
7290108351699,false,מגבונים ג'ט+חומץ מאר,סנו,,מגבונים ג'ט+חומץ מאר,יחידה,0.00,יחידה,false,,19.90,0.0000,true,1,74567
7290108351705,false,פניני בישום לכביסה F,סנו מקסימה,,פניני בישום לכביסה F,גרמים,275.00,100 גרם,false,,29.90,0.1087,true,1,80202
7290108351712,false,פניני בישום לכביסה L,סנו מקסימה,,פניני בישום לכביסה L,גרמים,275.00,100 גרם,false,,29.90,0.1087,true,1,80203
7290108351729,false,נוזל לניקוי אסלות אק,סנו,,נוזל לניקוי אסלות אק,מיליליטרים,750.00,"100 מ""ל",false,,12.90,0.0172,true,1,82882
7290108351774,false,סנו לניקוי וטיפול במ,סנו,,סנו לניקוי וטיפול במ,מיליליטרים,500.00,"100 מ""ל",false,,29.90,0.0598,true,1,75820
7290108351781,false,סנו ג'ט לניקוי אסלות,סנו,,סנו ג'ט לניקוי אסלות,מיליליטרים,750.00,"100 מ""ל",false,,11.90,0.0159,true,1,75821
7290108351804,false,מרכך כביסה מקסימה סו,סנו מקסימה,,מרכך כביסה מקסימה סו,ליטרים,1.00,ליטר,false,,16.90,16.9000,false,1,79431
7290108351811,false,מרכך כביסה מקסימה סו,סנו מקסימה,,מרכך כביסה מקסימה סו,ליטרים,1.00,ליטר,false,,16.90,16.9000,false,1,79432
7290108351835,false,מרכך כביסה סנו מקסימ,סנו מקסימה,,מרכך כביסה סנו מקסימ,ליטרים,4.00,ליטר,false,,21.90,5.4750,false,1,80662
7290108351842,false,מקסימה בושם מרוכז לכ,סנו מקסימה,,מקסימה בושם מרוכז לכ,מיליליטרים,600.00,"100 מ""ל",false,,21.90,0.0365,true,1,76215
7290108351859,false,מקסימה בושם מרוכז לכ,סנו מקסימה,,מקסימה בושם מרוכז לכ,מיליליטרים,600.00,"100 מ""ל",false,,21.90,0.0365,true,1,76216
7290108351866,false,מקסימה בושם מרוכז לכ,סנו מקסימה,,מקסימה בושם מרוכז לכ,מיליליטרים,600.00,"100 מ""ל",false,,21.90,0.0365,true,1,76217
7290108351910,false,טבליות למדיח ספארק 3,סנו,,טבליות למדיח ספארק 3,יחידה,0.00,יחידה,false,,21.90,0.0000,true,1,76627
7290108351927,false,טבליות למדיח ספארק 7,סנו,,טבליות למדיח ספארק 7,יחידה,0.00,יחידה,false,,39.90,0.0000,true,1,76628
7290108351996,false,מתז בייבי לחיטוי וני,סנו,,מתז בייבי לחיטוי וני,מיליליטרים,750.00,"100 מ""ל",false,,14.90,0.0199,true,1,78151
7290108352061,false,משחת שיניים עם פחם א,אורביטול,,משחת שיניים עם פחם א,גרמים,145.00,100 גרם,false,,14.90,0.1028,true,1,121251
7290108352078,false,אורביטול מי פה מלח 5,אורביטול,,אורביטול מי פה מלח 5,מיליליטרים,500.00,"100 מ""ל",false,,24.90,0.0498,true,1,84504
7290108352146,false,סנובון נוזלי בניחוח,סנו סנובון,,סנובון נוזלי בניחוח,מיליליטרים,750.00,"100 מ""ל",false,,11.90,0.0159,true,1,83532
7290108352153,false,סנובון נוזלי בניחוח,סנו סנובון,,סנובון נוזלי בניחוח,מיליליטרים,750.00,"100 מ""ל",false,,11.90,0.0159,true,1,83533
7290108352207,false,קפסולות לכביסה 40 יח,סנו מקסימה,,קפסולות לכביסה 40 יח,יחידה,0.00,יחידה,false,,31.90,0.0000,true,1,83527
7290108352214,false,קפסולות לכביסה 40 יח,סנו מקסימה,,קפסולות לכביסה 40 יח,יחידה,0.00,יחידה,false,,31.90,0.0000,true,1,83528
7290108352221,false,סנו פרש הום מלון מפנ,סנו fresh,,סנו פרש הום מלון מפנ,מיליליטרים,350.00,"100 מ""ל",false,,12.90,0.0369,true,1,84140
7290108352252,false,ספארק נוזל כלים משאב,סנו,,ספארק נוזל כלים משאב,ליטרים,1.00,ליטר,false,,11.90,11.9000,true,1,84599
7290108352290,false,מטליות לחות שלישייה,סנו,,מטליות לחות שלישייה,יחידה,0.00,יחידה,false,,21.90,0.0000,true,1,85624
7290108352320,false,סנו פרש הום מלון בוט,סנו fresh,,סנו פרש הום מלון בוט,מיליליטרים,350.00,"100 מ""ל",false,,12.90,0.0369,true,1,84141
7290108352337,false,סנו פרש הום אוטומטיק,סנו fresh,,סנו פרש הום אוטומטיק,מיליליטרים,250.00,"100 מ""ל",false,,14.90,0.0596,true,1,84244
7290108352399,false,ריצפז פרש הום 2 ליטר,סנו ריצפז,,ריצפז פרש הום 2 ליטר,ליטרים,2.00,ליטר,false,,21.90,10.9500,false,1,118564
7290108352412,false,פרש הום מבשם אוויר א,סנו fresh,,פרש הום מבשם אוויר א,מיליליטרים,300.00,"100 מ""ל",false,,12.90,0.0430,true,1,84914
7290108352450,false,ריצפז פרש הום בניחוח,סנו ריצפז,,ריצפז פרש הום בניחוח,ליטרים,2.00,ליטר,false,,21.90,10.9500,false,1,86534
7290108352474,false,סנומוד ליידי קוקו,סנומוד,,סנומוד ליידי קוקו,מיליליטרים,150.00,"100 מ""ל",false,,12.90,0.0860,true,1,88766
7290108352504,false,מסכה פנים חד פעמית ל,,,מסכה פנים חד פעמית ל,יחידה,0.00,יחידה,false,,7.90,0.0000,true,1,87504
7290108352566,false,מרכך כביסה 4 ליטר סנ,סנו מקסימה,,מרכך כביסה 4 ליטר סנ,ליטרים,4.00,ליטר,false,,21.90,5.4750,false,1,118563
7290108352573,false,מרכך כביסה סנו מקסימ,סנו,,מרכך כביסה סנו מקסימ,ליטרים,4.00,ליטר,false,,21.90,5.4750,false,1,120191
7290108352641,false,סנו סושי מטלית הפלא,סנו סושי,,סנו סושי מטלית הפלא,יחידה,0.00,יחידה,false,,14.90,0.0000,true,1,69160
7290108352672,false,סנו סושי מטליות הפלא,סנו סושי,,סנו סושי מטליות הפלא,יחידה,0.00,יחידה,false,,19.90,0.0000,true,1,69187
7290108352689,false,סקוטש 9 יח',סנו,,סקוטש 9 יח',יחידה,0.00,יחידה,false,,10.00,0.0000,true,1,64205
7290108352702,false,מגבונים בוב ספוג שלי,סנו,,מגבונים בוב ספוג שלי,יחידה,0.00,יחידה,false,,15.90,0.0000,true,1,63329
7290108352801,false,שקיות אשפה לפח קטן,סנו סושי,,שקיות אשפה לפח קטן,יחידה,0.00,יחידה,false,,19.90,0.0000,true,1,73414
7290108352818,false,סנו מטלית במבוק לניק,סנו,,סנו מטלית במבוק לניק,יחידה,0.00,יחידה,false,,7.90,0.0000,true,1,76336
7290108352825,false,סושי ספוג הפלא לניקו,סנו סושי,,סושי ספוג הפלא לניקו,יחידה,0.00,יחידה,false,,10.00,0.0000,true,1,74129
7290108352849,false,מטלית הפלא לניקוי כל,סנו,,מטלית הפלא לניקוי כל,יחידה,0.00,יחידה,false,,14.90,0.0000,true,1,85874
7290108352863,false,סנו סושי 20 שקיות צל,סנו סושי,,סנו סושי 20 שקיות צל,יחידה,0.00,יחידה,false,,7.90,0.0000,true,1,75158
7290108352870,false,סנו סושי 10 שקיות צל,סנו סושי,,סנו סושי 10 שקיות צל,יחידה,0.00,יחידה,false,,7.90,0.0000,true,1,75159
7290108352894,false,סנו סושי מפת שולחן ח,סנו סושי,,סנו סושי מפת שולחן ח,יחידה,0.00,יחידה,false,,8.50,0.0000,true,1,77371
7290108352900,false,מגבות הפלא גליל כפול,סנו,,מגבות הפלא גליל כפול,יחידה,0.00,יחידה,false,,22.90,0.0000,true,1,78826
7290108352931,false,סנו סושי 80 כפפות ני,סנו סושי,,סנו סושי 80 כפפות ני,יחידה,0.00,יחידה,false,,24.90,0.0000,true,1,77257
7290108353037,false,סנו סושי 4 תבניות אפ,סנו סושי,,סנו סושי 4 תבניות אפ,יחידה,0.00,יחידה,false,,14.90,0.0000,true,1,79459
7290108353068,false,סנו סושי כרית קרצוף,סנו סושי,,סנו סושי כרית קרצוף,יחידה,0.00,יחידה,false,,10.00,0.0000,true,1,79460
7290108353075,false,סנו סושי 50 מפיות אי,סנו סושי,,סנו סושי 50 מפיות אי,יחידה,0.00,יחידה,false,,14.90,0.0000,true,1,78231
7290108353082,false,סנו סופט 120 ממחטות,סנו סופט,,סנו סופט 120 ממחטות,יחידה,0.00,יחידה,false,,7.90,0.0000,true,1,79239
7290108353099,false,סנו soft ממחטות אף ב,סנו סופט,,סנו soft ממחטות אף ב,יחידה,0.00,יחידה,false,,13.90,0.0000,true,1,79577
7290108353334,false,כיף שמפו למניעת קשקש,כיף,,כיף שמפו למניעת קשקש,מיליליטרים,700.00,"100 מ""ל",false,,10.90,0.0156,true,1,80852
7290108353372,false,מברשת שיניים סיבי פח,אורביטול,,מברשת שיניים סיבי פח,יחידה,0.00,יחידה,false,,29.90,0.0000,true,1,120843
7290108353389,false,אורביטול מי פה ג'וני,,,אורביטול מי פה ג'וני,מיליליטרים,250.00,"100 מ""ל",false,,11.90,0.0476,true,1,119785
7290108353471,false,סנובון DESIGN בניחוח,סנו סנובון,,סנובון DESIGN בניחוח,יחידה,0.00,יחידה,false,,6.90,0.0000,true,1,80107
7290108353495,false,אורביטול חוט דנטאלי,אורביטול,,אורביטול חוט דנטאלי,יחידה,0.00,יחידה,false,,10.90,0.0000,true,1,120299
7290108353549,false,נייר אפייה 100 יח' ס,סנו סושי,,נייר אפייה 100 יח' ס,יחידה,0.00,יחידה,false,,19.90,0.0000,true,1,81251
7290108353563,false,צלחות ענקיות מקנה סו,,,צלחות ענקיות מקנה סו,יחידה,0.00,יחידה,false,,21.90,0.0000,true,1,83500
7290108353648,false,שקיות אוכל מנייר 70,סנו,,שקיות אוכל מנייר 70,יחידה,0.00,יחידה,false,,10.90,0.0000,true,1,85311
7290108353686,false,סנו סושי מטלית חלומי,סנו סושי,,סנו סושי מטלית חלומי,יחידה,0.00,יחידה,false,,11.90,0.0000,true,1,86537
7290108353693,false,צלחות גדולות מקנה סו,,,צלחות גדולות מקנה סו,יחידה,0.00,יחידה,false,,14.90,0.0000,true,1,83503
7290108353709,false,כפפות ניטריל 80 יח',סנו סושי,,כפפות ניטריל 80 יח',יחידה,0.00,יחידה,false,,24.90,0.0000,true,1,120878
7290108353723,false,תחליב רחצה חימר תה י,קרמה,,תחליב רחצה חימר תה י,מיליליטרים,500.00,"100 מ""ל",false,,12.90,0.0258,true,1,119464
7290108353730,false,תחליב רחצה חימר אוכמ,קרמה,,תחליב רחצה חימר אוכמ,מיליליטרים,500.00,"100 מ""ל",false,,12.90,0.0258,true,1,119465
7290108353761,false,קרמה תחליב רחצה זן ב,קרמה,,קרמה תחליב רחצה זן ב,מיליליטרים,600.00,"100 מ""ל",false,,17.90,0.0298,true,1,120936
7290108353815,false,קרמה תחליב רחצה מדיט,קרמה,,קרמה תחליב רחצה מדיט,מיליליטרים,600.00,"100 מ""ל",false,,17.90,0.0298,true,1,120938
7290108353914,false,דאודורנט רול און קרמ,קרמה,,דאודורנט רול און קרמ,מיליליטרים,70.00,"100 מ""ל",false,,19.90,0.2843,true,1,88756
7290108354034,false,סבון ידיים קרמה חמאת,קרמה,,סבון ידיים קרמה חמאת,מיליליטרים,300.00,"100 מ""ל",false,,10.90,0.0363,true,1,84874
7290108354270,false,מרכך מרוכז 1 ליטר CA,סנו מקסימה,,מרכך מרוכז 1 ליטר CA,ליטרים,1.00,ליטר,false,,16.90,16.9000,false,1,118062
7290108354430,false,כיף שמפו לשיקום והזנ,כיף,,כיף שמפו לשיקום והזנ,מיליליטרים,700.00,"100 מ""ל",false,,10.90,0.0156,true,1,87438
7290108354591,false,תחליב רחצה ביו נקה 7,נקה 7,,תחליב רחצה ביו נקה 7,מיליליטרים,750.00,"100 מ""ל",false,,11.90,0.0159,true,1,120577
7290108354607,false,שמפו ביו נקה 7,נקה 7,,שמפו ביו נקה 7,מיליליטרים,750.00,"100 מ""ל",false,,11.90,0.0159,true,1,120576
7290108354614,false,מרכך ביו נקה 7,נקה 7,,מרכך ביו נקה 7,מיליליטרים,750.00,"100 מ""ל",false,,11.90,0.0159,true,1,120578
7290108354751,false,"ג'ט חומץ+סודה 750 מ""",סנו,,"ג'ט חומץ+סודה 750 מ""",מיליליטרים,750.00,"100 מ""ל",false,,12.90,0.0172,true,1,76053
7290108354911,false,קרמה מן שמפו ג'ל רחצ,קרמה,,קרמה מן שמפו ג'ל רחצ,מיליליטרים,700.00,"100 מ""ל",false,,19.90,0.0284,true,1,82721
7290108354973,false,סבון ידיים קרמה ורד,קרמה,,סבון ידיים קרמה ורד,מיליליטרים,300.00,"100 מ""ל",false,,10.90,0.0363,true,1,84875
7290108355154,false,"נקה 7 שמפו 750 מ""ל",נקה 7,,"נקה 7 שמפו 750 מ""ל",מיליליטרים,750.00,"100 מ""ל",false,,11.90,0.0159,true,1,73761
7290108355161,false,"נקה 7 מרכך 750 מ""ל",נקה 7,,"נקה 7 מרכך 750 מ""ל",מיליליטרים,750.00,"100 מ""ל",false,,11.90,0.0159,true,1,73762
7290108355185,false,מסכת קרטין אינטנס למ,נטורל פורמולה,,מסכת קרטין אינטנס למ,מיליליטרים,350.00,"100 מ""ל",false,,39.90,0.1140,true,1,71756
7290108355192,false,מרכך קרטין אינטנס למ,נטורל פורמולה,,מרכך קרטין אינטנס למ,מיליליטרים,400.00,"100 מ""ל",false,,29.90,0.0747,true,1,71754
7290108355307,false,שמפו לסירוק קל נקה,נקה 7,,שמפו לסירוק קל נקה,מיליליטרים,750.00,"100 מ""ל",false,,12.90,0.0172,true,1,78454
7290108355314,false,מרכך לסירוק קל נקה,נקה 7,,מרכך לסירוק קל נקה,מיליליטרים,750.00,"100 מ""ל",false,,12.90,0.0172,true,1,78455
7290108356106,false,כיף תחליב רחצה שקד 7,כיף,,כיף תחליב רחצה שקד 7,מיליליטרים,700.00,"100 מ""ל",false,,11.90,0.0170,true,1,75798
7290108356113,false,כיף תחליב רחצה דבש 7,כיף,,כיף תחליב רחצה דבש 7,מיליליטרים,700.00,"100 מ""ל",false,,11.90,0.0170,true,1,75799
7290108356120,false,כיף תחליב רחצה קוקוס,כיף,,כיף תחליב רחצה קוקוס,מיליליטרים,700.00,"100 מ""ל",false,,11.90,0.0170,true,1,75800
7290108356151,false,כיף תחליב רחצה מאסק,כיף,,כיף תחליב רחצה מאסק,מיליליטרים,700.00,"100 מ""ל",false,,11.90,0.0170,true,1,75802
7290108356168,false,כיף תחליב רחצה אוקיי,כיף,,כיף תחליב רחצה אוקיי,מיליליטרים,700.00,"100 מ""ל",false,,11.90,0.0170,true,1,75803
7290108356274,false,מוס רחצה בניחוח תותי,כיף,,מוס רחצה בניחוח תותי,מיליליטרים,200.00,"100 מ""ל",false,,12.90,0.0645,true,1,117290
7290108356298,false,מוס רחצה בניחוח קרם,כיף,,מוס רחצה בניחוח קרם,מיליליטרים,200.00,"100 מ""ל",false,,12.90,0.0645,true,1,117291
7290108356373,false,סנו ג'ל ניקוי עם דמו,סנו,,סנו ג'ל ניקוי עם דמו,גרמים,30.00,100 גרם,false,,9.90,0.3300,true,1,85136
7290108356489,false,כיף תחליב רחצה אפרסק,כיף,,כיף תחליב רחצה אפרסק,מיליליטרים,700.00,"100 מ""ל",false,,11.90,0.0170,true,1,119982
7290108356526,false,קרליין שמפו לשיער יב,קרליין,,קרליין שמפו לשיער יב,מיליליטרים,700.00,"100 מ""ל",false,,12.90,0.0184,true,1,118821
7290108356533,false,קרליין שמפו לשיער מת,קרליין,,קרליין שמפו לשיער מת,מיליליטרים,700.00,"100 מ""ל",false,,12.90,0.0184,true,1,118822
7290108356571,false,קרליין מרכך לשיער יב,קרליין,,קרליין מרכך לשיער יב,מיליליטרים,700.00,"100 מ""ל",false,,12.90,0.0184,true,1,118826
7290108356588,false,קרליין מרכך לשיער מת,קרליין,,קרליין מרכך לשיער מת,מיליליטרים,700.00,"100 מ""ל",false,,12.90,0.0184,true,1,118827
7290108356809,false,כיף סבון בוטני ורד ו,כיף,,כיף סבון בוטני ורד ו,ליטרים,1.00,ליטר,false,,14.90,14.9000,true,1,121253
7290108356816,false,כיף סבון בוטני גרניו,כיף,,כיף סבון בוטני גרניו,ליטרים,1.00,ליטר,false,,14.90,14.9000,true,1,121254
7290108356854,false,מגבונים בייבי כיף חמ,כיף,,מגבונים בייבי כיף חמ,יחידה,0.00,יחידה,false,,19.90,0.0000,true,1,87192
7290108357004,false,כיף שמפו ורד ושמן קו,כיף,,כיף שמפו ורד ושמן קו,מיליליטרים,700.00,"100 מ""ל",false,,10.90,0.0156,true,1,81504
7290108357042,false,קרליין נושם BIO דאוד,קרליין,,קרליין נושם BIO דאוד,מיליליטרים,75.00,"100 מ""ל",false,,12.90,0.1720,true,1,119466
7290108357059,false,קרליין נושם BIO דאוד,קרליין,,קרליין נושם BIO דאוד,מיליליטרים,75.00,"100 מ""ל",false,,12.90,0.1720,true,1,119467
7290108357110,false,קרליין נושם BIO דאוד,קרליין,,קרליין נושם BIO דאוד,מיליליטרים,75.00,"100 מ""ל",false,,12.90,0.1720,true,1,119468
7290108357189,false,מקסימה למייבש פלורל,סנו מקסימה,,מקסימה למייבש פלורל,מיליליטרים,750.00,"100 מ""ל",false,,19.90,0.0265,true,1,82011
7290108357196,false,מתז JET לניקוי וחיטו,סנו,,מתז JET לניקוי וחיטו,מיליליטרים,750.00,"100 מ""ל",false,,12.90,0.0172,true,1,89835
7290108357202,false,סנו קליר 1 ליטר,סנו,,סנו קליר 1 ליטר,ליטרים,1.00,ליטר,false,,11.90,11.9000,true,1,87894
7290108357226,false,אוקסיג'ן POWER לכביס,סנו אוקסיג'ן,,אוקסיג'ן POWER לכביס,קילוגרמים,1.40,"ק""ג",false,,29.90,21.3571,true,1,119026
7290108357233,false,סנו קליר מטליות לחות,סנו,,סנו קליר מטליות לחות,יחידה,0.00,יחידה,false,,10.90,0.0000,true,1,119471
7290108357240,false,אוקסיג'ן POWER לכביס,סנו אוקסיג'ן,,אוקסיג'ן POWER לכביס,קילוגרמים,1.40,"ק""ג",false,,29.90,21.3571,true,1,119027
7290108357264,false,סנו פרש אוטומטי מילו,סנו fresh,,סנו פרש אוטומטי מילו,מיליליטרים,250.00,"100 מ""ל",false,,14.90,0.0596,true,1,120470
7290108357271,false,סנובון נוזלי אוקסי 7,סנו סנובון,,סנובון נוזלי אוקסי 7,מיליליטרים,750.00,"100 מ""ל",false,,11.90,0.0159,true,1,120120
7290108357288,false,סנו ז'אוול 4 ליטר אק,סנו JAVEL,,סנו ז'אוול 4 ליטר אק,ליטרים,4.00,ליטר,false,,16.90,4.2250,false,1,119196
7290108357295,false,סנו אוקסיג'ן POWER ל,סנו אוקסיג'ן,,סנו אוקסיג'ן POWER ל,מיליליטרים,750.00,"100 מ""ל",false,,19.90,0.0265,true,1,120942
7290108357301,false,"K-300 מוקטן 300 מ""ל",סנו,,"K-300 מוקטן 300 מ""ל",מיליליטרים,300.00,"100 מ""ל",false,,11.90,0.0397,true,1,120121
7290108357653,false,סנובון Bubbles שלישי,סנו סנובון,,סנובון Bubbles שלישי,יחידה,0.00,יחידה,false,,14.90,0.0000,true,1,122157
7290108357660,false,סנובון Bubbles שלישי,סנו סנובון,,סנובון Bubbles שלישי,יחידה,0.00,יחידה,false,,14.90,0.0000,true,1,122158
7290108357714,false,כיף שמפו יבש רימונים,כיף,,כיף שמפו יבש רימונים,מיליליטרים,700.00,"100 מ""ל",false,,10.90,0.0156,true,1,77045
7290108357752,false,כיף שמפו מעוצב קרטין,כיף,,כיף שמפו מעוצב קרטין,מיליליטרים,700.00,"100 מ""ל",false,,10.90,0.0156,true,1,77046
7290108357851,false,כיף ג'ל רחצה מועשר ב,כיף,,כיף ג'ל רחצה מועשר ב,מיליליטרים,700.00,"100 מ""ל",false,,11.90,0.0170,true,1,118709
7290108357868,false,כיף ג'ל רחצה מועשר ב,כיף,,כיף ג'ל רחצה מועשר ב,מיליליטרים,700.00,"100 מ""ל",false,,11.90,0.0170,true,1,118710
7290108357875,false,כיף שמפו לחות מוגברת,כיף,,כיף שמפו לחות מוגברת,מיליליטרים,700.00,"100 מ""ל",false,,10.90,0.0156,true,1,119980
7290108357882,false,כיף מרכך לחות מוגברת,כיף,,כיף מרכך לחות מוגברת,מיליליטרים,700.00,"100 מ""ל",false,,10.90,0.0156,true,1,119981
7290108358070,false,תחליב רחצה קרמה קלאס,קרמה,,תחליב רחצה קרמה קלאס,מיליליטרים,700.00,"100 מ""ל",false,,17.90,0.0256,true,1,85307
7290108358087,false,תחליב רחצה קרמה מאסק,קרמה,,תחליב רחצה קרמה מאסק,מיליליטרים,700.00,"100 מ""ל",false,,17.90,0.0256,true,1,85306
7290108358100,false,סנו פרש הום מקלות רי,סנו fresh,,סנו פרש הום מקלות רי,מיליליטרים,100.00,"100 מ""ל",false,,19.90,0.1990,true,1,119072
7290108358117,false,סנו פרש הום מקלות רי,סנו fresh,,סנו פרש הום מקלות רי,מיליליטרים,100.00,"100 מ""ל",false,,19.90,0.1990,true,1,119073
7290108358124,false,מקסימה דפי בישום לחי,סנו,,מקסימה דפי בישום לחי,יחידה,0.00,יחידה,false,,12.90,0.0000,true,1,121912
7290108359008,false,סנו סושי שקיות זיפר,סנו סושי,,סנו סושי שקיות זיפר,יחידה,0.00,יחידה,false,,14.90,0.0000,true,1,118460
7290108359060,false,כריות ניקוי לשבת רבי,סנו סושי,,כריות ניקוי לשבת רבי,יחידה,0.00,יחידה,false,,11.50,0.0000,true,1,117289
7290108359077,false,ממחטות אף 3 שכבות סנ,סנו סופט,,ממחטות אף 3 שכבות סנ,יחידה,0.00,יחידה,false,,10.90,0.0000,true,1,118711
7290108359084,false,כיסוי ניילון עם גומי,סנו סושי,,כיסוי ניילון עם גומי,יחידה,0.00,יחידה,false,,10.90,0.0000,true,1,121821
7290108359091,false,כיסוי ניילון+גומי L,סנו סושי,,כיסוי ניילון+גומי L,יחידה,0.00,יחידה,false,,10.90,0.0000,true,1,121822
7290108359114,false,סנו סושי חמגשית אלומ,סנו סושי,,סנו סושי חמגשית אלומ,יחידה,0.00,יחידה,false,,10.90,0.0000,true,1,119198
7290108359121,false,שקיות אשפה חזקות 100,סנו סושי,,שקיות אשפה חזקות 100,יחידה,0.00,יחידה,false,,59.90,0.0000,true,1,119028
7290108359138,false,שקיות אשפה 200 יח' ב,סנו סושי,,שקיות אשפה 200 יח' ב,יחידה,0.00,יחידה,false,,59.90,0.0000,true,1,119029
7290108359152,false,תבניות אלומיניום עגו,סנו סושי,,תבניות אלומיניום עגו,יחידה,0.00,יחידה,false,,10.90,0.0000,true,1,121257
7290108359183,false,סנו סושי 60 שקיות אש,סנו סושי,,סנו סושי 60 שקיות אש,יחידה,0.00,יחידה,false,,24.90,0.0000,true,1,121823
7290108359824,false,קרם גוף בייבי כיף 50,כיף,,קרם גוף בייבי כיף 50,מיליליטרים,500.00,"100 מ""ל",false,,21.90,0.0438,true,1,75526
7290108359855,false,בייבי כיף שמפו 750 מ,כיף,,בייבי כיף שמפו 750 מ,מיליליטרים,750.00,"100 מ""ל",false,,15.90,0.0212,true,1,75660
7290108359893,false,תחליב רחצה בייבי כיף,כיף,,תחליב רחצה בייבי כיף,מיליליטרים,750.00,"100 מ""ל",false,,15.90,0.0212,true,1,75529
7290108359985,false,ז'אוול קצף ניקוי בתו,סנו JAVEL,,ז'אוול קצף ניקוי בתו,ליטרים,1.00,ליטר,false,,18.90,18.9000,true,1,119197
7290108501346,false,גאודה מגורדת 500 גר,,,גאודה מגורדת 500 גר,גרמים,500.00,100 גרם,false,,24.90,0.0498,true,1,70638
7290108501353,false,אנשובי ארוך בשמן 45,,,אנשובי ארוך בשמן 45,גרמים,45.00,100 גרם,false,,7.00,0.1556,true,1,72092
7290108501490,false,גבינת מוצרלה חצי קשה,,,גבינת מוצרלה חצי קשה,גרמים,150.00,100 גרם,false,,14.50,0.0967,true,1,72206
7290108501827,false,קדאיף שערות בצק,,,קדאיף שערות בצק,גרמים,450.00,100 גרם,false,,19.90,0.0442,true,1,73447
7290108502305,false,גבינת גרנה פדנו משול,,,גבינת גרנה פדנו משול,גרמים,150.00,100 גרם,false,,22.90,0.1527,true,1,74965
7290108502329,false,טונה ויליפוד בשמן זי,,,טונה ויליפוד בשמן זי,גרמים,640.00,100 גרם,false,,27.90,0.0436,true,1,75003
7290108502381,false,בסיס לפיצה 4 יח,,,בסיס לפיצה 4 יח,גרמים,480.00,100 גרם,false,,11.90,0.0248,true,1,75984
7290108502541,false,גבינת שמנת טבעי 200,,,גבינת שמנת טבעי 200,גרמים,200.00,100 גרם,false,,12.90,0.0645,true,1,75366
7290108502725,false,גבינת גאודה פרוסות 4,,,גבינת גאודה פרוסות 4,גרמים,400.00,100 גרם,false,,19.90,0.0497,true,1,74967
7290108502862,false,מלפפונים כבושים במלח,,,מלפפונים כבושים במלח,גרמים,600.00,100 גרם,false,,9.50,0.0158,true,1,76077
7290108503043,false,מארז חטיף תפוחונים,,,מארז חטיף תפוחונים,גרמים,88.00,100 גרם,false,,14.90,0.1693,true,1,76637
7290108503067,false,פרמז'נו משולש 150 גר,,,פרמז'נו משולש 150 גר,גרמים,150.00,100 גרם,false,,18.90,0.1260,true,1,74969
7290108503159,false,גבינת דנבלו,,,גבינת דנבלו,גרמים,100.00,100 גרם,false,,13.90,0.1390,true,1,75494
7290108503791,false,"ניוקי תפ""א 3 צבעים ל",,,"ניוקי תפ""א 3 צבעים ל",גרמים,500.00,100 גרם,false,,10.00,0.0200,true,1,87969
7290108503975,false,קנלוני 250 גר ויליפו,,,קנלוני 250 גר ויליפו,גרמים,250.00,100 גרם,false,,8.90,0.0356,true,1,77906
7290108503999,false,פרוסות גבינה בטעם גא,,,פרוסות גבינה בטעם גא,גרמים,150.00,100 גרם,false,,10.90,0.0727,true,1,79104
7290108504279,false,קשקבל צ'אנק 150 גר,,,קשקבל צ'אנק 150 גר,גרמים,150.00,100 גרם,false,,19.90,0.1327,true,1,79109
7290108504286,false,איבריקו צ'אנק 150 גר,,,איבריקו צ'אנק 150 גר,גרמים,150.00,100 גרם,false,,19.90,0.1327,true,1,79110
7290108504293,false,מנצ'גו צ'אנק 150 גר,,,מנצ'גו צ'אנק 150 גר,גרמים,150.00,100 גרם,false,,19.90,0.1327,true,1,79111
7290108505740,false,גבינת קשקבל חצי קשה,,,גבינת קשקבל חצי קשה,גרמים,200.00,100 גרם,false,,13.90,0.0695,true,1,83508
7290108506495,false,כנאפה קפוא,,,כנאפה קפוא,גרמים,192.50,100 גרם,false,,8.90,0.0462,true,1,82887
7290108506501,false,אצבעות בצק פילו ממול,,,אצבעות בצק פילו ממול,גרמים,500.00,100 גרם,false,,15.90,0.0318,true,1,119215
7290108506518,false,אצבעות בצק פילו ממול,,,אצבעות בצק פילו ממול,גרמים,500.00,100 גרם,false,,15.90,0.0318,true,1,119216
7290108506549,false,גליליות וופל במילוי,,,גליליות וופל במילוי,גרמים,400.00,100 גרם,false,,14.90,0.0373,true,1,83282
7290108506624,false,גבינת עיזים חצי קשה,,,גבינת עיזים חצי קשה,גרמים,150.00,100 גרם,false,,18.90,0.1260,true,1,83384
7290108506662,false,רביולי פטריות פסטה א,,,רביולי פטריות פסטה א,גרמים,250.00,100 גרם,false,,11.90,0.0476,true,1,83388
7290108506679,false,רביולי חצילים ומוצרל,,,רביולי חצילים ומוצרל,גרמים,250.00,100 גרם,false,,11.90,0.0476,true,1,83389
7290108506709,false,גבינת פרמג'אנו רג'יא,,,גבינת פרמג'אנו רג'יא,גרמים,150.00,100 גרם,false,,17.90,0.1193,true,1,83227
7290108506969,false,מאפה בורקס מים תורכי,,,מאפה בורקס מים תורכי,גרמים,300.00,100 גרם,false,,14.90,0.0497,true,1,83287
7290108507010,false,מאפה בורקס מים תורכי,,,מאפה בורקס מים תורכי,גרמים,300.00,100 גרם,false,,14.90,0.0497,true,1,84377
7290108508499,false,איירן משקה יוגורט בס,,,איירן משקה יוגורט בס,מיליליטרים,293.00,"100 מ""ל",false,,4.90,0.0167,true,1,88029
7290108508765,false,קונכיות פתיתים וילי,,,קונכיות פתיתים וילי,גרמים,400.00,100 גרם,false,,5.90,0.0148,true,1,88830
7290108509052,false,מאפה פילו ממולא גבינ,,,מאפה פילו ממולא גבינ,גרמים,400.00,100 גרם,false,,21.90,0.0547,true,1,88810
7290108509090,false,גבינה מותכת משולשים,,,גבינה מותכת משולשים,גרמים,200.00,100 גרם,false,,13.90,0.0695,true,1,89640
7290108509113,false,גבינה בולגרית מעודנת,,,גבינה בולגרית מעודנת,גרמים,250.00,100 גרם,false,,11.90,0.0476,true,1,89642
7290108509120,false,גבינה בולגרית מעודנת,,,גבינה בולגרית מעודנת,גרמים,500.00,100 גרם,false,,19.90,0.0398,true,1,89643
7290108509137,false,גבינה בולגרית מעודנת,,,גבינה בולגרית מעודנת,גרמים,250.00,100 גרם,false,,11.90,0.0476,true,1,89644
7290108509182,false,גבינה פטה 17% שומן,,,גבינה פטה 17% שומן,גרמים,250.00,100 גרם,false,,12.90,0.0516,true,1,89645
7290108509199,false,גבינה פטה 17% שומן 5,,,גבינה פטה 17% שומן 5,גרמים,500.00,100 גרם,false,,22.90,0.0458,true,1,89646
7290108509250,false,אנטיפסטי ארטישוק צנצ,,,אנטיפסטי ארטישוק צנצ,גרמים,310.00,100 גרם,false,,22.90,0.0739,true,1,88808
7290108509410,false,חלבה טורקית עם קקאו,,,חלבה טורקית עם קקאו,גרמים,350.00,100 גרם,false,,11.50,0.0329,true,1,89343
7290108509588,false,גבינה מלוחה עם עשבי,,,גבינה מלוחה עם עשבי,גרמים,153.00,100 גרם,false,,14.90,0.0974,true,1,122160
7290108509595,false,גבינה מלוחה עם עגבני,,,גבינה מלוחה עם עגבני,גרמים,153.00,100 גרם,false,,14.90,0.0974,true,1,122162
7290108509700,false,אורז פרסי  DAAWAT,,,אורז פרסי  DAAWAT,קילוגרמים,1.00,"ק""ג",false,,9.90,9.9000,true,1,118205
7290108509731,false,משקה איירן 1 ליטר,,,משקה איירן 1 ליטר,ליטרים,1.00,ליטר,false,,14.90,14.9000,true,1,118222
7290108509755,false,גבינת חלומי 250 גר',,,גבינת חלומי 250 גר',גרמים,250.00,100 גרם,false,,24.90,0.0996,true,1,122163
7290108509908,false,מנת השף איטריות בשקי,,,מנת השף איטריות בשקי,גרמים,85.00,100 גרם,false,,3.90,0.0459,true,1,118219
7290108509922,false,מנת השף איטריות בשקי,,,מנת השף איטריות בשקי,גרמים,85.00,100 גרם,false,,3.90,0.0459,true,1,118220
7290108509939,false,פרוסות פילה טונה,,,פרוסות פילה טונה,גרמים,120.00,100 גרם,false,,10.90,0.0908,true,1,118577
7290108894301,false,סט חרוזים פרפר,,,סט חרוזים פרפר,יחידה,0.00,יחידה,false,,9.90,0.0000,true,1,62690
7290109351025,false,צבר חומוסטחינה 400 ג,,,צבר חומוסטחינה 400 ג,גרמים,400.00,100 גרם,false,,13.90,0.0348,true,1,61469
7290109351957,false,פיטנס פריכיות גדולות,,,פיטנס פריכיות גדולות,גרמים,100.00,100 גרם,false,,7.90,0.0790,true,1,66238
7290109351971,false,פיטנס בר פריכיות שוק,,,פיטנס בר פריכיות שוק,גרמים,84.00,100 גרם,false,,12.90,0.1536,true,1,64635
7290109352916,false,פיטנס בר פריכיות מצו,,,פיטנס בר פריכיות מצו,גרמים,84.00,100 גרם,false,,12.90,0.1536,true,1,64636
7290109354057,false,מאגדת שלגונים לה פרו,נסטלה גלידות,,מאגדת שלגונים לה פרו,גרמים,350.00,100 גרם,false,,23.90,0.0683,true,1,64199
7290109354101,false,לחמית ללא גלוטן 200,,,לחמית ללא גלוטן 200,גרמים,200.00,100 גרם,false,,10.50,0.0525,true,1,69161
7290109354972,false,פתיבר ללא גלוטן אסם,,,פתיבר ללא גלוטן אסם,גרמים,200.00,100 גרם,false,,9.90,0.0495,true,1,65409
7290109358284,false,שניצל תירס טבעול עם,,,שניצל תירס טבעול עם,גרמים,664.00,100 גרם,false,,28.90,0.0435,false,1,69184
7290109358482,false,קרמוגית במילוי חלווה,אסם,,קרמוגית במילוי חלווה,גרמים,200.00,100 גרם,false,,11.50,0.0575,true,1,76318
7290109580012,false,בורגר אנטריקוט קלאסי,זוגלובק,,בורגר אנטריקוט קלאסי,גרמים,360.00,100 גרם,false,,21.90,0.0608,true,1,82718
7290109580043,false,"שניצל תירס 1.75 ק""ג",זוגלובק,,"שניצל תירס 1.75 ק""ג",קילוגרמים,1.75,"ק""ג",false,,49.90,28.5143,true,1,86028
7290109580067,false,טחון 340 גר' WONDERS,זוגלובק,,טחון 340 גר' WONDERS,גרמים,340.00,100 גרם,false,,29.90,0.0879,true,1,119404
7290109580098,false,קבנוס בטעם סרירצ'ה 1,זוגלובק,,קבנוס בטעם סרירצ'ה 1,גרמים,135.00,100 גרם,false,,10.00,0.0741,true,1,119650
7290109580104,false,רוסטביף 150 גר' פרמי,זוגלובק,,רוסטביף 150 גר' פרמי,גרמים,150.00,100 גרם,false,,25.90,0.1727,true,1,117166
7290109580111,false,צלעות אסאדו מעושנת פ,זוגלובק,,צלעות אסאדו מעושנת פ,גרמים,120.00,100 גרם,false,,25.90,0.2158,true,1,119230
7290109580135,false,קורנביף 180 גר' פרימ,זוגלובק,,קורנביף 180 גר' פרימ,גרמים,180.00,100 גרם,false,,25.90,0.1439,true,1,89442
7290109580227,false,נקניקיות ריינהולד'ס,זוגלובק,,נקניקיות ריינהולד'ס,גרמים,300.00,100 גרם,false,,19.90,0.0663,true,1,118797
7290109580234,false,נקניקיות מרגז 226 גר,זוגלובק,,נקניקיות מרגז 226 גר,גרמים,226.00,100 גרם,false,,29.90,0.1323,true,1,119405
7290109580241,false,נאגטס מן הצומח 500 ג,זוגלובק,,נאגטס מן הצומח 500 ג,גרמים,500.00,100 גרם,false,,22.90,0.0458,true,1,120733
7290109580319,false,בורגר 280 גר' WONDER,זוגלובק,,בורגר 280 גר' WONDER,גרמים,280.00,100 גרם,false,,29.90,0.1068,true,1,119406
7290109580449,false,סלמי בטעם כמהין פרימ,זוגלובק,,סלמי בטעם כמהין פרימ,גרמים,180.00,100 גרם,false,,25.90,0.1439,true,1,121105
7290109920146,false,דורגול מסיר אבנית מק,יעקובי דורגול,,דורגול מסיר אבנית מק,מיליליטרים,750.00,"100 מ""ל",false,,19.90,0.0265,true,1,65601
7290109920153,false,לובן צח לכביסה לבנה,יעקובי,,לובן צח לכביסה לבנה,גרמים,790.00,100 גרם,false,,25.90,0.0328,true,1,67262
7290109920313,false,אסטוניש מרסס מבריק ח,יעקובי אסטוניש,,אסטוניש מרסס מבריק ח,מיליליטרים,750.00,"100 מ""ל",false,,11.90,0.0159,true,1,71328
7290109920597,false,אסטוניש מרסס למקלחון,יעקובי אסטוניש,,אסטוניש מרסס למקלחון,מיליליטרים,750.00,"100 מ""ל",false,,11.90,0.0159,true,1,71331
7290109920603,false,אסטוניש קרם לניקוי ה,יעקובי אסטוניש,,אסטוניש קרם לניקוי ה,מיליליטרים,500.00,"100 מ""ל",false,,12.90,0.0258,true,1,72846
7290109920627,false,אסטוניש קרם אמבט עם,יעקובי אסטוניש,,אסטוניש קרם אמבט עם,מיליליטרים,500.00,"100 מ""ל",false,,9.90,0.0198,true,1,72215
7290109920658,false,אסטוניש מרסס אנטי בק,יעקובי אסטוניש,,אסטוניש מרסס אנטי בק,מיליליטרים,750.00,"100 מ""ל",false,,11.90,0.0159,true,1,71332
7290109920665,false,אסטוניש מרסס מסיר או,יעקובי אסטוניש,,אסטוניש מרסס מסיר או,מיליליטרים,750.00,"100 מ""ל",false,,11.90,0.0159,true,1,71333
7290109920795,false,אסטוניש רב תכליתי לב,יעקובי אסטוניש,,אסטוניש רב תכליתי לב,ליטרים,1.00,ליטר,false,,9.90,9.9000,true,1,72216
7290109920825,false,דורגול אספרסו,יעקובי דורגול,,דורגול אספרסו,מיליליטרים,500.00,"100 מ""ל",false,,26.90,0.0538,true,1,76084
7290109920849,false,אסטוניש מרסס תפוז לנ,יעקובי אסטוניש,,אסטוניש מרסס תפוז לנ,מיליליטרים,750.00,"100 מ""ל",false,,11.90,0.0159,true,1,71334
7290109920917,false,הפי לניקוי האסלה עם,,,הפי לניקוי האסלה עם,מיליליטרים,750.00,"100 מ""ל",false,,9.90,0.0132,true,1,74268
7290109921303,false,טורבול סופג לחות יעק,יעקובי,,טורבול סופג לחות יעק,גרמים,200.00,100 גרם,false,,26.90,0.1345,true,1,76233
7290109921334,false,אדיאל פרוטקט מונע הע,יעקובי,,אדיאל פרוטקט מונע הע,יחידה,0.00,יחידה,false,,17.90,0.0000,true,1,76812
7290109921372,false,משחת אסטוניש+ספוג לנ,יעקובי אסטוניש,,משחת אסטוניש+ספוג לנ,גרמים,250.00,100 גרם,false,,17.90,0.0716,true,1,78058
7290109921389,false,השיפוצניק שטיפת רצפו,יעקובי,,השיפוצניק שטיפת רצפו,מיליליטרים,900.00,"100 מ""ל",false,,19.90,0.0221,true,1,78059
7290109921488,false,דורגול למכונת כביסה,יעקובי דורגול,,דורגול למכונת כביסה,מיליליטרים,500.00,"100 מ""ל",false,,27.90,0.0558,true,1,79746
7290109921563,false,יעקובי רצפות שיש 1.2,יעקובי,,יעקובי רצפות שיש 1.2,ליטרים,1.25,ליטר,false,,15.90,12.7200,true,1,80145
7290109921570,false,יעקובי לניקוי פרקט 1,יעקובי,,יעקובי לניקוי פרקט 1,ליטרים,1.25,ליטר,false,,15.90,12.7200,true,1,80146
7290109921587,false,יעקובי רצפות גרניט פ,יעקובי,,יעקובי רצפות גרניט פ,ליטרים,1.25,ליטר,false,,15.90,12.7200,true,1,80147
7290109921723,false,דורגול ג'ל לאסלה 750,יעקובי דורגול,,דורגול ג'ל לאסלה 750,מיליליטרים,750.00,"100 מ""ל",false,,17.90,0.0239,true,1,88450
7290109921747,false,סבון אסלה 5 טיפות בו,יעקובי,,סבון אסלה 5 טיפות בו,יחידה,0.00,יחידה,false,,15.90,0.0000,true,1,88453
7290109921853,false,אסטוניש משחת פרימיום,יעקובי אסטוניש,,אסטוניש משחת פרימיום,גרמים,150.00,100 גרם,false,,17.90,0.1193,true,1,85893
7290109921952,false,ג'ל כביסה מרוכז לכבי,יעקובי,,ג'ל כביסה מרוכז לכבי,ליטרים,2.50,ליטר,false,,28.90,11.5600,true,1,87957
7290109922010,false,אטאק ספריי מחטא אווי,יעקובי,,אטאק ספריי מחטא אווי,מיליליטרים,500.00,"100 מ""ל",false,,9.90,0.0198,true,1,88451
7290109922881,false,דורגול מרסס למטבח 60,יעקובי דורגול,,דורגול מרסס למטבח 60,מיליליטרים,600.00,"100 מ""ל",false,,19.90,0.0332,true,1,119952
7290109922898,false,דזיטול ספריי רב תכלי,,,דזיטול ספריי רב תכלי,מיליליטרים,400.00,"100 מ""ל",false,,12.90,0.0323,true,1,118514
7290109922911,false,דזיטול ספריי לחיטוי,,,דזיטול ספריי לחיטוי,מיליליטרים,150.00,"100 מ""ל",false,,17.90,0.1193,true,1,118517
7290109923024,false,אסטוניש מרסס פרימיום,יעקובי אסטוניש,,אסטוניש מרסס פרימיום,מיליליטרים,750.00,"100 מ""ל",false,,13.90,0.0185,true,1,119325
7290109923031,false,אסטוניש מרסס פרימיום,יעקובי אסטוניש,,אסטוניש מרסס פרימיום,מיליליטרים,750.00,"100 מ""ל",false,,13.90,0.0185,true,1,119326
7290109923048,false,אסטוניש מרסס פרימיום,יעקובי אסטוניש,,אסטוניש מרסס פרימיום,מיליליטרים,750.00,"100 מ""ל",false,,13.90,0.0185,true,1,119327
7290109923093,false,אסטוניש קרם כיריים ה,יעקובי אסטוניש,,אסטוניש קרם כיריים ה,מיליליטרים,500.00,"100 מ""ל",false,,13.90,0.0278,true,1,120482
7290109923109,false,סבון אסלה 5 צדפות+אק,יעקובי,,סבון אסלה 5 צדפות+אק,יחידה,0.00,יחידה,false,,9.90,0.0000,true,1,120483
7290109923147,false,אסטוניש פלא של אקונו,יעקובי אסטוניש,,אסטוניש פלא של אקונו,מיליליטרים,750.00,"100 מ""ל",false,,13.90,0.0185,true,1,120491
7290110000646,false,דבש דבורים אורגני 50,,,דבש דבורים אורגני 50,גרמים,500.00,100 גרם,false,,32.90,0.0658,true,1,81673
7290110001445,false,איטריות דקות מקמח כו,,,איטריות דקות מקמח כו,גרמים,200.00,100 גרם,false,,8.90,0.0445,true,1,86262
7290110001780,false,ממרח בוטנים בתוספת ס,,,ממרח בוטנים בתוספת ס,גרמים,350.00,100 גרם,false,,14.90,0.0426,true,1,118743
7290110002039,false,חיטה תפוחה עם קקאו 4,,,חיטה תפוחה עם קקאו 4,גרמים,400.00,100 גרם,false,,13.90,0.0348,true,1,121800
7290110110277,false,סומרסבי רביעייה סייד,,,סומרסבי רביעייה סייד,מיליליטרים,1320.00,"100 מ""ל",false,,35.90,0.0272,true,1,73885
7290110110369,false,שישיה קרלסברג לומה ל,,,שישיה קרלסברג לומה ל,מיליליטרים,1980.00,"100 מ""ל",false,,37.90,0.0191,false,1,84296
7290110111557,false,משקה ספורט איזוטוני,,,משקה ספורט איזוטוני,מיליליטרים,500.00,"100 מ""ל",false,,9.50,0.0190,true,1,76102
7290110111809,false,מארז פאנטה פחיות שיש,,,מארז פאנטה פחיות שיש,ליטרים,1980.00,100 ליטר,false,,22.00,0.0111,false,1,77921
7290110113261,false,חמוציות אושן ספריי 1,פריגת,,חמוציות אושן ספריי 1,ליטרים,1.00,ליטר,false,,12.90,12.9000,false,1,90638
7290110113377,false,מארז רביעיה קוקה קול,,,מארז רביעיה קוקה קול,ליטרים,4.00,ליטר,false,,27.00,6.7500,false,1,120962
7290110113384,false,מארז רביעיה קולה זיר,,,מארז רביעיה קולה זיר,ליטרים,4.00,ליטר,false,,25.90,6.4750,false,1,120963
7290110113605,false,"בירה שקמה בק' 330 מ""",,,"בירה שקמה בק' 330 מ""",מיליליטרים,330.00,"100 מ""ל",false,,12.90,0.0391,true,1,119974
7290110113629,false,בירה שקמה אייל ענברי,,,בירה שקמה אייל ענברי,מיליליטרים,330.00,"100 מ""ל",false,,12.90,0.0391,true,1,119975
7290110113636,false,בירה שקמה מרצ'ן לאגר,,,בירה שקמה מרצ'ן לאגר,מיליליטרים,330.00,"100 מ""ל",false,,12.90,0.0391,true,1,119976
7290110114787,false,נביעות + תפוח 1.5 לי,,,נביעות + תפוח 1.5 לי,ליטרים,1.50,ליטר,false,,8.90,5.9333,false,1,117604
7290110114794,false,נביעות + אפרסק 1.5 ל,,,נביעות + אפרסק 1.5 ל,ליטרים,1.50,ליטר,false,,8.90,5.9333,false,1,117605
7290110114800,false,נביעות + ענבים 1.5 ל,,,נביעות + ענבים 1.5 ל,ליטרים,1.50,ליטר,false,,8.90,5.9333,false,1,117606
7290110114855,false,שישיה נביעות 1.5 ליט,,,שישיה נביעות 1.5 ליט,ליטרים,9.00,ליטר,false,,12.90,1.4333,false,1,117611
7290110114893,false,סחוט תפוז 2 ליטר פרי,,,סחוט תפוז 2 ליטר פרי,ליטרים,2.00,ליטר,false,,29.90,14.9500,false,1,118312
7290110114954,false,תפוזים מתקתק 100% 2,,,תפוזים מתקתק 100% 2,ליטרים,2.00,ליטר,false,,22.90,11.4500,false,1,118316
7290110114961,false,פריגת תפוז 1.5 ליטר,,,פריגת תפוז 1.5 ליטר,ליטרים,1.50,ליטר,false,,9.00,6.0000,false,1,117613
7290110114985,false,פריגת אשכולית 1.5 לי,,,פריגת אשכולית 1.5 לי,ליטרים,1.50,ליטר,false,,9.00,6.0000,false,1,117615
7290110114992,false,פריגת Light אשכולית,,,פריגת Light אשכולית,ליטרים,1.50,ליטר,false,,8.60,5.7333,false,1,117616
7290110115005,false,פריגת ענבים 1.5 ליטר,,,פריגת ענבים 1.5 ליטר,ליטרים,1.50,ליטר,false,,9.00,6.0000,false,1,117617
7290110115029,false,"פריגת משק""ל תפוח 1.5",,,"פריגת משק""ל תפוח 1.5",ליטרים,1.50,ליטר,false,,9.00,6.0000,false,1,117619
7290110115036,false,פריגת מנגו 1.5 ליטר,,,פריגת מנגו 1.5 ליטר,ליטרים,1.50,ליטר,false,,9.00,6.0000,false,1,117620
7290110115043,false,פריגת לימונענע 1.5 ל,,,פריגת לימונענע 1.5 ל,ליטרים,1.50,ליטר,false,,9.00,6.0000,false,1,117621
7290110115050,false,פריגת מיקס תות בננה,,,פריגת מיקס תות בננה,ליטרים,1.50,ליטר,false,,9.00,6.0000,false,1,117622
7290110115081,false,פריגת צלול ענבים 1.5,,,פריגת צלול ענבים 1.5,ליטרים,1.50,ליטר,false,,8.60,5.7333,false,1,117625
7290110115104,false,פריגת צלול אפרסק 1.5,,,פריגת צלול אפרסק 1.5,ליטרים,1.50,ליטר,false,,8.60,5.7333,false,1,117627
7290110115111,false,פריגת צלול אננס 1.5,,,פריגת צלול אננס 1.5,ליטרים,1.50,ליטר,false,,8.60,5.7333,false,1,117628
7290110115128,false,פריגת צלול בטעם לימו,,,פריגת צלול בטעם לימו,ליטרים,1.50,ליטר,false,,8.60,5.7333,false,1,117629
7290110115227,false,קולה זירו 1.5 ליטר פ,,,קולה זירו 1.5 ליטר פ,ליטרים,1.50,ליטר,false,,8.50,5.6667,false,1,117764
7290110115234,false,קולה זירו נטול 1.5 ל,,,קולה זירו נטול 1.5 ל,ליטרים,1.50,ליטר,false,,8.50,5.6667,false,1,117765
7290110115241,false,קולה זירו לימון 1.5,,,קולה זירו לימון 1.5,ליטרים,1.50,ליטר,false,,8.50,5.6667,false,1,117766
7290110115265,false,ספרייט  1.5 ליטר LIM,,,ספרייט  1.5 ליטר LIM,ליטרים,1.50,ליטר,false,,8.90,5.9333,false,1,117777
7290110115272,false,ZERO ספרייט 1.5 ליטר,,,ZERO ספרייט 1.5 ליטר,ליטרים,1.50,ליטר,false,,8.50,5.6667,false,1,117778
7290110115296,false,פאנטה אורנג' 1.5 ליט,,,פאנטה אורנג' 1.5 ליט,ליטרים,1.50,ליטר,false,,8.90,5.9333,false,1,117780
7290110115302,false,פאנטה ZERO אורנג' 1.,,,פאנטה ZERO אורנג' 1.,ליטרים,1.50,ליטר,false,,8.50,5.6667,false,1,117781
7290110115319,false,פאנטה אקזוטיק 1.5 לי,,,פאנטה אקזוטיק 1.5 לי,ליטרים,1.50,ליטר,false,,8.90,5.9333,false,1,117782
7290110115357,false,קינלי סודה 1.5 ליטר,,,קינלי סודה 1.5 ליטר,ליטרים,1.50,ליטר,false,,4.20,2.8000,false,1,117792
7290110115364,false,קוקה קולה שישיות 1.5,,,קוקה קולה שישיות 1.5,ליטרים,9.00,ליטר,false,,51.00,5.6667,false,1,117768
7290110115371,false,דיאט קוקה קולה שישיו,,,דיאט קוקה קולה שישיו,ליטרים,9.00,ליטר,false,,47.80,5.3111,false,1,117769
7290110115388,false,ספרייט LIME שישיות 1,,,ספרייט LIME שישיות 1,ליטרים,9.00,ליטר,false,,51.00,5.6667,false,1,117787
7290110115395,false,ZERO ספרייט שישיות 1,,,ZERO ספרייט שישיות 1,ליטרים,9.00,ליטר,false,,47.80,5.3111,false,1,117788
7290110115401,false,קינלי סודה שישייה 1.,,,קינלי סודה שישייה 1.,ליטרים,9.00,ליטר,false,,15.70,1.7444,false,1,117793
7290110115418,false,קולה זירו שישיות 1.5,,,קולה זירו שישיות 1.5,ליטרים,9.00,ליטר,false,,47.80,5.3111,false,1,117770
7290110115449,false,FUZE tea מנגו אננס 1,,,FUZE tea מנגו אננס 1,ליטרים,1.50,ליטר,false,,9.50,6.3333,false,1,117796
7290110115463,false,FUZE tea אפרסק 1.5 ל,,,FUZE tea אפרסק 1.5 ל,ליטרים,1.50,ליטר,false,,9.50,6.3333,false,1,117798
7290110115494,false,FUZE tea ענבים 1.5 ל,,,FUZE tea ענבים 1.5 ל,ליטרים,1.50,ליטר,false,,9.50,6.3333,false,1,117801
7290110115586,false,פריגת תפוזים 40% פחו,,,פריגת תפוזים 40% פחו,ליטרים,1.50,ליטר,false,,8.60,5.7333,true,1,117630
7290110115593,false,פריגת אשכוליות 40% פ,,,פריגת אשכוליות 40% פ,ליטרים,1.50,ליטר,false,,8.60,5.7333,true,1,117631
7290110115623,false,פיוז טי זירו אפרסק 1,,,פיוז טי זירו אפרסק 1,מיליליטרים,1.50,"מ""ל",false,,8.90,5.9333,false,1,118435
7290110115777,false,בק' נביעות 1.5 ליטר,,,בק' נביעות 1.5 ליטר,ליטרים,1.50,ליטר,false,,3.60,2.4000,false,1,118507
7290110115845,false,קוקה קולה רגיל 1.5 ל,,,קוקה קולה רגיל 1.5 ל,ליטרים,1.50,ליטר,false,,8.90,5.9333,false,1,118533
7290110115852,false,קוקה קולה דיאט 1.5 ל,,,קוקה קולה דיאט 1.5 ל,ליטרים,1.50,ליטר,false,,8.50,5.6667,false,1,118530
7290110115869,false,קולה זירו 1.5 ליטר פ,,,קולה זירו 1.5 ליטר פ,ליטרים,1.50,ליטר,false,,8.50,5.6667,false,1,118485
7290110115913,false,משקה ספורט איזוטוני,,,משקה ספורט איזוטוני,מיליליטרים,500.00,"100 מ""ל",false,,9.50,0.0190,true,1,119940
7290110116125,false,סירופ בטעם פטל,פריגת,,סירופ בטעם פטל,מיליליטרים,750.00,"100 מ""ל",false,,22.90,0.0305,true,1,120960
7290110116132,false,סירופ בטעם לימון,פריגת,,סירופ בטעם לימון,מיליליטרים,750.00,"100 מ""ל",false,,22.90,0.0305,true,1,120959
7290110116149,false,סירופ בטעם ענבים 750,פריגת,,סירופ בטעם ענבים 750,מיליליטרים,750.00,"100 מ""ל",false,,22.90,0.0305,true,1,120957
7290110116194,false,נביעות+ לימון-ליים 1,,,נביעות+ לימון-ליים 1,ליטרים,1.50,ליטר,false,,9.50,6.3333,false,1,120951
7290110116217,false,נביעות+ אשכוליות 1.5,,,נביעות+ אשכוליות 1.5,ליטרים,1.50,ליטר,false,,9.50,6.3333,false,1,120950
7290110116385,false,פחית קולה זירו אבטיח,,,פחית קולה זירו אבטיח,מיליליטרים,330.00,"100 מ""ל",false,,4.50,0.0136,false,1,121223
7290110116392,false,סירופ בטעם תפוזים,פריגת,,סירופ בטעם תפוזים,מיליליטרים,750.00,"100 מ""ל",false,,22.90,0.0305,true,1,120961
7290110116569,false,זירו ספרייט למון היט,,,זירו ספרייט למון היט,ליטרים,1.50,ליטר,false,,8.50,5.6667,false,1,122002
7290110116637,false,"בירה שיקמה 330 מ""ל",,,"בירה שיקמה 330 מ""ל",מיליליטרים,330.00,"100 מ""ל",false,,12.90,0.0391,true,1,121488
7290110116644,false,מארז 5 בקבוקים בירה,,,מארז 5 בקבוקים בירה,יחידה,0.00,יחידה,false,,49.90,0.0000,true,1,122000
7290110320591,false,בולגרית 16% פיראוס ב,תנובה חלב,,בולגרית 16% פיראוס ב,גרמים,250.00,100 גרם,false,,22.80,0.0912,true,1,68444
7290110320744,false,גבינת גרנה פדנו 150ג,,,גבינת גרנה פדנו 150ג,גרמים,150.00,100 גרם,false,,21.90,0.1460,true,1,72909
7290110320850,false,פתיתי עמק 200 גר,,,פתיתי עמק 200 גר,גרמים,200.00,100 גרם,false,,14.90,0.0745,false,1,70948
7290110320867,false,פתיתי עמק לאפיה 28%,,,פתיתי עמק לאפיה 28%,גרמים,500.00,100 גרם,false,,34.90,0.0698,false,1,70726
7290110320935,false,פרוסות מוצרלה 150 גר,,,פרוסות מוצרלה 150 גר,גרמים,150.00,100 גרם,false,,16.50,0.1100,true,1,70725
7290110321031,false,יופלה GO,,,יופלה GO,גרמים,200.00,100 גרם,false,,5.50,0.0275,true,1,70282
7290110321277,false,קוט'ג בקטנה 5% מהדרי,,,קוט'ג בקטנה 5% מהדרי,גרמים,100.00,100 גרם,false,,2.60,0.0260,false,1,71199
7290110321284,false,קוט'ג בקטנה 9% מהדרי,,,קוט'ג בקטנה 9% מהדרי,גרמים,100.00,100 גרם,false,,2.60,0.0260,false,1,71200
7290110321604,false,קוביית בולגרית מעודנ,,,קוביית בולגרית מעודנ,גרמים,230.00,100 גרם,false,,20.60,0.0896,true,1,73875
7290110321680,false,יופלה גו בטעמי פירות,,,יופלה גו בטעמי פירות,גרמים,200.00,100 גרם,false,,5.80,0.0290,true,1,71804
7290110321697,false,יופלה גו אפרסק,,,יופלה גו אפרסק,גרמים,200.00,100 גרם,false,,5.80,0.0290,true,1,71805
7290110321703,false,יופלה גו פירות יער,,,יופלה גו פירות יער,גרמים,200.00,100 גרם,false,,5.80,0.0290,true,1,73515
7290110321789,false,גבינת מסקרפונה 38% ה,,,גבינת מסקרפונה 38% ה,גרמים,250.00,100 גרם,false,,19.50,0.0780,true,1,72907
7290110322014,false,טופו טבעי 300 גר,,,טופו טבעי 300 גר,גרמים,300.00,100 גרם,false,,12.00,0.0400,true,1,73645
7290110322021,false,טופו בזיליקום 300 גר,,,טופו בזיליקום 300 גר,גרמים,300.00,100 גרם,false,,12.00,0.0400,true,1,73670
7290110322038,false,טופו פיקנטי 300 גר,,,טופו פיקנטי 300 גר,גרמים,300.00,100 גרם,false,,12.00,0.0400,true,1,73646
7290110322946,false,יופלה טיוב תות בננה,,,יופלה טיוב תות בננה,גרמים,348.00,100 גרם,false,,12.00,0.0345,false,1,75666
7290110323073,false,משקה יוגורט יופלה תו,,,משקה יוגורט יופלה תו,מיליליטרים,250.00,"100 מ""ל",false,,6.30,0.0252,true,1,75395
7290110323585,false,יוגורט עם דבדבן מופח,,,יוגורט עם דבדבן מופח,גרמים,200.00,100 גרם,false,,5.60,0.0280,true,1,75961
7290110323592,false,יוגורט עם אפרסק מופח,,,יוגורט עם אפרסק מופח,גרמים,200.00,100 גרם,false,,5.60,0.0280,true,1,75962
7290110323714,false,משקה קוקוס שקדים 1 ל,,,משקה קוקוס שקדים 1 ל,מיליליטרים,1000.00,"100 מ""ל",false,,11.90,0.0119,true,1,76609
7290110324353,false,יופלה GO לייט אננס,,,יופלה GO לייט אננס,מיליליטרים,200.00,"100 מ""ל",false,,5.80,0.0290,true,1,78497
7290110324551,false,יופלה טיוב תות,,,יופלה טיוב תות,גרמים,348.00,100 גרם,false,,12.00,0.0345,false,1,77394
7290110324711,false,ממרח סויה 9% בטעם טב,,,ממרח סויה 9% בטעם טב,גרמים,250.00,100 גרם,false,,8.60,0.0344,true,1,78538
7290110324728,false,ממרח סויה 9% עם שום,,,ממרח סויה 9% עם שום,גרמים,250.00,100 גרם,false,,8.60,0.0344,true,1,78539
7290110324841,false,מעדן שקדים עם שוקולד,,,מעדן שקדים עם שוקולד,גרמים,125.00,100 גרם,false,,4.00,0.0320,false,1,80493
7290110324858,false,מעדן שקדים בטעם אגוז,,,מעדן שקדים בטעם אגוז,גרמים,125.00,100 גרם,false,,4.00,0.0320,true,1,80496
7290110324872,false,גבינת גלבוע 200ר,,,גבינת גלבוע 200ר,גרמים,200.00,100 גרם,false,,17.80,0.0890,false,1,80777
7290110324926,false,משקה סויה ללא תוספת,,,משקה סויה ללא תוספת,מיליליטרים,1000.00,"100 מ""ל",false,,10.40,0.0104,false,1,80743
7290110325084,false,מאגדת שמינייה מיני ק,תנובה חלב,,מאגדת שמינייה מיני ק,גרמים,800.00,100 גרם,false,,14.50,0.0181,true,1,79618
7290110325114,false,משקה יוגורט גו לייט,,,משקה יוגורט גו לייט,גרמים,250.00,100 גרם,false,,6.30,0.0252,true,1,79206
7290110325169,false,גאודה פרוסות,,,גאודה פרוסות,גרמים,170.00,100 גרם,false,,17.90,0.1053,true,1,82737
7290110325305,false,מעדן סויה גו 20 גרם,,,מעדן סויה גו 20 גרם,גרמים,200.00,100 גרם,false,,5.80,0.0290,true,1,80484
7290110325312,false,מעדן סויה גו 20 גרם,,,מעדן סויה גו 20 גרם,גרמים,200.00,100 גרם,false,,5.80,0.0290,true,1,80485
7290110325510,false,יופלה טיוב וניל,,,יופלה טיוב וניל,גרמים,348.00,100 גרם,false,,12.00,0.0345,false,1,80929
7290110325619,false,משקה שיבולת שועל 1 ל,תנובה חלב,,משקה שיבולת שועל 1 ל,ליטרים,1.00,ליטר,false,,11.90,11.9000,true,1,81411
7290110325701,false,פיראוס צזיקי יווני 9,,,פיראוס צזיקי יווני 9,גרמים,250.00,100 גרם,false,,12.50,0.0500,true,1,81887
7290110325879,false,פתיתי גאודה 200 גר',,,פתיתי גאודה 200 גר',גרמים,200.00,100 גרם,false,,16.90,0.0845,true,1,82927
7290110325893,false,תנובה GO אייס קפה 34,,,תנובה GO אייס קפה 34,מיליליטרים,340.00,"100 מ""ל",false,,7.60,0.0224,true,1,81410
7290110326210,false,יופלה און טופ פצפוצי,,,יופלה און טופ פצפוצי,גרמים,157.00,100 גרם,false,,4.90,0.0312,true,1,82928
7290110326227,false,יופלה און טופ קורנפל,,,יופלה און טופ קורנפל,גרמים,157.00,100 גרם,false,,4.90,0.0312,true,1,82929
7290110326234,false,יופלה און טופ כוכבים,,,יופלה און טופ כוכבים,גרמים,157.00,100 גרם,false,,4.90,0.0312,true,1,82930
7290110326241,false,יופלה און טופ גרנולה,,,יופלה און טופ גרנולה,גרמים,157.00,100 גרם,false,,4.90,0.0312,true,1,82931
7290110326333,false,פרוסות גבינה סקנדינב,,,פרוסות גבינה סקנדינב,גרמים,170.00,100 גרם,false,,17.90,0.1053,false,1,85784
7290110327033,false,משקה סויה תנובה גו מ,,,משקה סויה תנובה גו מ,מיליליטרים,1000.00,"100 מ""ל",false,,11.90,0.0119,true,1,85079
7290110327064,false,אייס קפה שיבולת שועל,,,אייס קפה שיבולת שועל,ליטרים,1.00,ליטר,false,,11.90,11.9000,true,1,84220
7290110327125,false,פטה 21% מחלב צאן במי,,,פטה 21% מחלב צאן במי,גרמים,200.00,100 גרם,false,,21.90,0.1095,true,1,86141
7290110327316,false,גבינה לבנה 5% בתוספת,,,גבינה לבנה 5% בתוספת,גרמים,139.00,100 גרם,false,,5.20,0.0374,true,1,89327
7290110327514,false,משקה שיבולת שועל בטע,תנובה חלב,,משקה שיבולת שועל בטע,ליטרים,1.00,ליטר,false,,11.90,11.9000,true,1,118134
7290110327545,false,יופלה און טופ בטעם ת,,,יופלה און טופ בטעם ת,גרמים,150.00,100 גרם,false,,4.90,0.0327,true,1,86133
7290110327798,false,חטיף חלבון GO בטעם ש,,,חטיף חלבון GO בטעם ש,גרמים,60.00,100 גרם,false,,11.90,0.1983,true,1,89978
7290110327804,false,חטיף חלבון GO בצק עו,,,חטיף חלבון GO בצק עו,יחידה,0.00,יחידה,false,,11.90,0.0000,true,1,117308
7290110328092,false,פיראוס פטה יוונית קו,,,פיראוס פטה יוונית קו,גרמים,150.00,100 גרם,false,,18.00,0.1200,true,1,89331
7290110328474,false,פלח פרמג'אנו רג'יאנו,,,פלח פרמג'אנו רג'יאנו,גרמים,150.00,100 גרם,false,,27.90,0.1860,true,1,88356
7290110328481,false,פתיתי פרמג'אנו רג'יא,,,פתיתי פרמג'אנו רג'יא,גרמים,100.00,100 גרם,false,,14.90,0.1490,true,1,88357
7290110328504,false,מיקס גבינות מוצרלה ס,,,מיקס גבינות מוצרלה ס,גרמים,300.00,100 גרם,false,,24.90,0.0830,true,1,88342
7290110328627,false,יוגורט גו סמיך 0% בנ,,,יוגורט גו סמיך 0% בנ,גרמים,200.00,100 גרם,false,,5.80,0.0290,true,1,89316
7290110328641,false,טופו טבעי 500 גר אלט,,,טופו טבעי 500 גר אלט,גרמים,500.00,100 גרם,false,,17.90,0.0358,false,1,90035
7290110328764,false,יוגורט גו סמיך 0% תו,,,יוגורט גו סמיך 0% תו,גרמים,200.00,100 גרם,false,,5.80,0.0290,true,1,89315
7290110328771,false,יוגורט גו סמיך 0% פי,,,יוגורט גו סמיך 0% פי,גרמים,200.00,100 גרם,false,,5.80,0.0290,true,1,89318
7290110328788,false,יוגורט גו סמיך 0% אפ,,,יוגורט גו סמיך 0% אפ,גרמים,200.00,100 גרם,false,,5.80,0.0290,true,1,89317
7290110328955,false,קוביות גבינת עזים בש,,,קוביות גבינת עזים בש,גרמים,350.00,100 גרם,false,,24.90,0.0711,true,1,119423
7290110329136,false,מעדן חלב גו בטעם שוק,,,מעדן חלב גו בטעם שוק,גרמים,120.00,100 גרם,false,,4.70,0.0392,true,1,118019
7290110329143,false,מעדן חלב גו בטעם וני,,,מעדן חלב גו בטעם וני,גרמים,120.00,100 גרם,false,,4.70,0.0392,true,1,118012
7290110329266,false,יוגורט מחלב עיזים מל,,,יוגורט מחלב עיזים מל,גרמים,140.00,100 גרם,false,,5.90,0.0421,true,1,90212
7290110329273,false,יוגורט מחלב עיזים מל,,,יוגורט מחלב עיזים מל,גרמים,750.00,100 גרם,false,,19.90,0.0265,true,1,90211
7290110329303,false,פרוסות גבינה בטעם צה,,,פרוסות גבינה בטעם צה,גרמים,200.00,100 גרם,false,,21.00,0.1050,false,1,118348
7290110329426,false,טופו אלטרנטיב עם רוט,,,טופו אלטרנטיב עם רוט,גרמים,250.00,100 גרם,false,,13.50,0.0540,true,1,120261
7290110329433,false,טופו אלטרנטיב עם רוט,,,טופו אלטרנטיב עם רוט,גרמים,250.00,100 גרם,false,,13.50,0.0540,true,1,120260
7290110329686,false,משקה חלב GO בטעם עוג,,,משקה חלב GO בטעם עוג,מיליליטרים,340.00,"100 מ""ל",false,,7.60,0.0224,true,1,117881
7290110329716,false,משקה קפה קר בטעם קפו,,,משקה קפה קר בטעם קפו,מיליליטרים,230.00,"100 מ""ל",false,,6.90,0.0300,true,1,120250
7290110329723,false,משקה קפה קר בטעם לאט,,,משקה קפה קר בטעם לאט,מיליליטרים,230.00,"100 מ""ל",false,,6.90,0.0300,true,1,120251
7290110329730,false,משקה חלב עם שוקולד ו,,,משקה חלב עם שוקולד ו,מיליליטרים,230.00,"100 מ""ל",false,,6.90,0.0300,true,1,120252
7290110329792,false,סויה ביו אפרסק Alter,,,סויה ביו אפרסק Alter,גרמים,150.00,100 גרם,false,,4.40,0.0293,true,1,118491
7290110329808,false,סויה ביו תות Alterna,,,סויה ביו תות Alterna,גרמים,150.00,100 גרם,false,,4.40,0.0293,true,1,118488
7290110329815,false,סויה ביו מתיקות מעוד,,,סויה ביו מתיקות מעוד,גרמים,150.00,100 גרם,false,,4.40,0.0293,true,1,118489
7290110329822,false,סויה ביו פירות יער A,,,סויה ביו פירות יער A,גרמים,150.00,100 גרם,false,,4.40,0.0293,true,1,118490
7290110329846,false,סויה ביו טבעי  Alter,,,סויה ביו טבעי  Alter,גרמים,150.00,100 גרם,false,,4.40,0.0293,true,1,118492
7290110329914,false,מאגדת משקה שיבולת שו,,,מאגדת משקה שיבולת שו,גרמים,600.00,100 גרם,false,,18.90,0.0315,true,1,120536
7290110422035,false,"מראה מטקה 12 ס""מ",,,"מראה מטקה 12 ס""מ",יחידה,0.00,יחידה,false,,14.90,0.0000,true,1,68624
7290110424947,false,סיכת תיקנ תק תינוקות,,,סיכת תיקנ תק תינוקות,יחידה,0.00,יחידה,false,,5.90,0.0000,true,1,70593
7290110427016,false,מוצרי אופנה כללי,,,מוצרי אופנה כללי,יחידה,0.00,יחידה,false,,6.90,0.0000,true,1,88009
7290110427054,false,מוצרי אופנה כללי,,,מוצרי אופנה כללי,יחידה,0.00,יחידה,false,,9.90,0.0000,true,1,88013
7290110427078,false,מוצרי אופנה כללי,,,מוצרי אופנה כללי,יחידה,0.00,יחידה,false,,14.90,0.0000,true,1,88015
7290110427092,false,מוצרי אופנה כללי,,,מוצרי אופנה כללי,יחידה,0.00,יחידה,false,,19.90,0.0000,true,1,88017
7290110427108,false,מוצרי אופנה כללי,,,מוצרי אופנה כללי,יחידה,0.00,יחידה,false,,19.90,0.0000,true,1,88018
7290110427115,false,מוצרי אופנה כללי,,,מוצרי אופנה כללי,יחידה,0.00,יחידה,false,,24.90,0.0000,true,1,88019
7290110427160,false,מטריה,,,מטריה,יחידה,0.00,יחידה,false,,29.90,0.0000,true,1,121918
7290110427177,false,מטריה,,,מטריה,יחידה,0.00,יחידה,false,,39.90,0.0000,true,1,121919
7290110427184,false,מטריה,,,מטריה,יחידה,0.00,יחידה,false,,44.90,0.0000,true,1,121920
7290110427269,false,מוצרי אופנה כללי,,,מוצרי אופנה כללי,יחידה,0.00,יחידה,false,,29.90,0.0000,true,1,88022
7290110428204,false,מברשת שיער צבעונית,,,מברשת שיער צבעונית,יחידה,0.00,יחידה,false,,9.90,0.0000,true,1,84475
7290110428624,false,כובע ג'ינס,,,כובע ג'ינס,יחידה,0.00,יחידה,false,,19.90,0.0000,true,1,89430
7290110550202,false,מטבעות שוקולד חלב לא,,,מטבעות שוקולד חלב לא,גרמים,400.00,100 גרם,false,,31.90,0.0797,true,1,121347
7290110550219,false,מטבעות שוקולד לבן לא,,,מטבעות שוקולד לבן לא,גרמים,400.00,100 גרם,false,,31.90,0.0797,true,1,121349
7290110550226,false,מטבעות שוקולד מריר ל,,,מטבעות שוקולד מריר ל,גרמים,400.00,100 גרם,false,,31.90,0.0797,true,1,121348
7290110550370,false,משולשות קינואה ופלפל,,,משולשות קינואה ופלפל,גרמים,65.00,100 גרם,false,,10.60,0.1631,true,1,121506
7290110551254,false,נשנושי תירס 600 גר ש,,,נשנושי תירס 600 גר ש,גרמים,600.00,100 גרם,false,,14.90,0.0248,true,1,121527
7290110552121,false,היוגורט הראשון שלי 1,,,היוגורט הראשון שלי 1,גרמים,100.00,100 גרם,false,,2.20,0.0220,true,1,120073
7290110552220,false,דנונה פרו תות ללא סו,,,דנונה פרו תות ללא סו,גרמים,200.00,100 גרם,false,,5.90,0.0295,true,1,118589
7290110552237,false,דנונה פרו אפרסק מנגו,,,דנונה פרו אפרסק מנגו,גרמים,200.00,100 גרם,false,,5.90,0.0295,true,1,118590
7290110552817,false,מסטיק בטעם גלידה לימ,,,מסטיק בטעם גלידה לימ,גרמים,58.00,100 גרם,false,,9.90,0.1707,true,1,120888
7290110553029,false,פריכיות חלבון קייל,,,פריכיות חלבון קייל,גרמים,60.00,100 גרם,false,,10.60,0.1767,true,1,118971
7290110553036,false,פריכיות חלבון בטטה ס,,,פריכיות חלבון בטטה ס,גרמים,60.00,100 גרם,false,,10.60,0.1767,true,1,118970
7290110553098,false,אנרג'י מיקס צימוקים,,,אנרג'י מיקס צימוקים,גרמים,100.00,100 גרם,false,,14.90,0.1490,true,1,121183
7290110553173,false,אנרגי פריכיות בטעם ק,,,אנרגי פריכיות בטעם ק,גרמים,40.00,100 גרם,false,,6.50,0.1625,true,1,121507
7290110553180,false,אנרגי פריכיות בטעם ת,,,אנרגי פריכיות בטעם ת,גרמים,40.00,100 גרם,false,,6.50,0.1625,true,1,121508
7290110553425,false,קפה נמס 200 גר +20%ת,,,קפה נמס 200 גר +20%ת,גרמים,240.00,100 גרם,false,,19.90,0.0829,false,1,118697
7290110554101,false,"מייפל בפאוץ' 125 מ""ל",,,"מייפל בפאוץ' 125 מ""ל",מיליליטרים,125.00,"100 מ""ל",false,,17.90,0.1432,true,1,120066
7290110554125,false,נודלס סצ'ואן חריף דל,,,נודלס סצ'ואן חריף דל,גרמים,350.00,100 גרם,false,,23.90,0.0683,true,1,117340
7290110554262,false,חלבית 350 גרם,,,חלבית 350 גרם,גרמים,350.00,100 גרם,false,,22.90,0.0654,true,1,119334
7290110554422,false,רוטב עגבניות ופלפלים,,,רוטב עגבניות ופלפלים,גרמים,350.00,100 גרם,false,,11.90,0.0340,true,1,118988
7290110554460,false,צ'יטוס צ'דר חלפיניו,עלית,,צ'יטוס צ'דר חלפיניו,גרמים,65.00,100 גרם,false,,3.50,0.0538,true,1,120970
7290110554477,false,קפסולת אספרסו לאפוגט,,,קפסולת אספרסו לאפוגט,גרמים,50.00,100 גרם,false,,16.90,0.3380,false,1,120511
7290110554583,false,צ'יטוס פאפס גבינה 10,עלית,,צ'יטוס פאפס גבינה 10,גרמים,200.00,100 גרם,false,,12.90,0.0645,true,1,118683
7290110554699,false,קפסולות קפה בתי קליה,,,קפסולות קפה בתי קליה,גרמים,50.00,100 גרם,false,,18.90,0.3780,true,1,121509
7290110554705,false,קפסולות קפה בתי קליה,,,קפסולות קפה בתי קליה,גרמים,50.00,100 גרם,false,,18.90,0.3780,true,1,121510
7290110554712,false,קפסולות קפה בתי קליה,,,קפסולות קפה בתי קליה,גרמים,50.00,100 גרם,false,,18.90,0.3780,true,1,121511
7290110554729,false,קפסולות קפה למכונת נ,,,קפסולות קפה למכונת נ,גרמים,55.00,100 גרם,false,,16.90,0.3073,false,1,119485
7290110554798,false,פולי אספרסו עשירים ו,,,פולי אספרסו עשירים ו,גרמים,250.00,100 גרם,false,,21.90,0.0876,false,1,119341
7290110555009,false,פסאטה זוגות 700 גרם,,,פסאטה זוגות 700 גרם,גרמים,700.00,100 גרם,false,,11.90,0.0170,true,1,120067
7290110555078,false,לאבנה עם שמן זית ועש,,,לאבנה עם שמן זית ועש,גרמים,250.00,100 גרם,false,,10.90,0.0436,true,1,120068
7290110555092,false,לאבנה עם שמן זית וצ',,,לאבנה עם שמן זית וצ',גרמים,250.00,100 גרם,false,,10.90,0.0436,true,1,120069
7290110555306,false,רבע לשבע טבעוני סינמ,עלית,,רבע לשבע טבעוני סינמ,גרמים,125.00,100 גרם,false,,12.00,0.0960,false,1,120514
7290110556150,false,דבש ברכות במאגדת,,,דבש ברכות במאגדת,גרמים,200.00,100 גרם,false,,15.90,0.0795,true,1,121262
7290110556242,false,שוקולד מריר פרווה על,,,שוקולד מריר פרווה על,גרמים,100.00,100 גרם,false,,6.00,0.0600,false,1,121520
7290110557027,false,חומוס עשיר ב-50% טחי,,,חומוס עשיר ב-50% טחי,גרמים,400.00,100 גרם,false,,12.90,0.0323,true,1,118285
7290110557102,false,מעדן חלב עם שוקולד מ,,,מעדן חלב עם שוקולד מ,גרמים,150.00,100 גרם,false,,4.90,0.0327,true,1,117155
7290110557133,false,מעדן הגולן וניל,,,מעדן הגולן וניל,גרמים,125.00,100 גרם,false,,2.80,0.0224,false,1,117598
7290110557317,false,היוגורט הראשון שלי ש,,,היוגורט הראשון שלי ש,גרמים,100.00,100 גרם,false,,2.20,0.0220,true,1,120074
7290110557478,false,חומוס גלילי,,,חומוס גלילי,גרמים,600.00,100 גרם,false,,12.90,0.0215,true,1,119331
7290110557645,false,אנרג'י מיקס צימוקים,,,אנרג'י מיקס צימוקים,גרמים,100.00,100 גרם,false,,14.90,0.1490,true,1,121184
7290110558130,false,אקטיביה עם שיבולת שו,,,אקטיביה עם שיבולת שו,גרמים,150.00,100 גרם,false,,4.60,0.0307,true,1,120516
7290110558154,false,דנונה לייט אנד פרי ע,,,דנונה לייט אנד פרי ע,גרמים,150.00,100 גרם,false,,4.60,0.0307,true,1,121172
7290110558222,false,דנונה WOW בנופי,,,דנונה WOW בנופי,גרמים,150.00,100 גרם,false,,4.50,0.0300,true,1,121167
7290110558239,false,דנונה WOW קראק פאי,,,דנונה WOW קראק פאי,גרמים,150.00,100 גרם,false,,4.50,0.0300,true,1,121168
7290110558253,false,דנונה ריפרש בננה אננ,,,דנונה ריפרש בננה אננ,גרמים,250.00,100 גרם,false,,5.50,0.0220,true,1,120524
7290110558284,false,דנונה ביו מולטי 200,,,דנונה ביו מולטי 200,גרמים,200.00,100 גרם,false,,3.90,0.0195,false,1,120895
7290110558307,false,דנונה פרו 20 גרם חלב,,,דנונה פרו 20 גרם חלב,גרמים,200.00,100 גרם,false,,6.20,0.0310,false,1,120042
7290110558314,false,דנונה פרו 20 גר' ללא,,,דנונה פרו 20 גר' ללא,גרמים,200.00,100 גרם,false,,5.90,0.0295,false,1,121170
7290110558338,false,דנונה פרו  25 גרם חל,,,דנונה פרו  25 גרם חל,גרמים,200.00,100 גרם,false,,6.20,0.0310,true,1,120043
7290110558666,false,דניאלה בטעם תפוח,מגנום- שטראוס,,דניאלה בטעם תפוח,גרמים,88.00,100 גרם,false,,4.10,0.0466,true,1,122108
7290110559007,false,שעועית חומה טעם הטבע,,,שעועית חומה טעם הטבע,גרמים,380.00,100 גרם,false,,6.50,0.0171,true,1,121188
7290110559014,false,שעועית שחורה טעם הטב,,,שעועית שחורה טעם הטב,גרמים,380.00,100 גרם,false,,6.50,0.0171,true,1,121189
7290110559748,false,מאגדת ריל שקדים קוקו,,,מאגדת ריל שקדים קוקו,גרמים,105.00,100 גרם,false,,14.90,0.1419,true,1,120930
7290110559755,false,מאגדת ריל בוטנים פיס,,,מאגדת ריל בוטנים פיס,גרמים,105.00,100 גרם,false,,14.90,0.1419,true,1,120928
7290110559939,false,נתחי סויה בסגנון שוו,,,נתחי סויה בסגנון שוו,גרמים,350.00,100 גרם,false,,23.90,0.0683,true,1,120014
7290110560300,false,פריכיות משולשות פלפל,,,פריכיות משולשות פלפל,גרמים,30.00,100 גרם,false,,5.50,0.1833,true,1,75967
7290110560317,false,פריכיות משולשות מלח,,,פריכיות משולשות מלח,גרמים,30.00,100 גרם,false,,5.50,0.1833,true,1,75968
7290110560324,false,פריכיות משולשות אפונ,,,פריכיות משולשות אפונ,גרמים,30.00,100 גרם,false,,5.50,0.1833,true,1,75969
7290110561352,false,דנונה דל לקטוז,,,דנונה דל לקטוז,גרמים,200.00,100 גרם,false,,3.50,0.0175,true,1,73448
7290110561604,false,שמיניה גמדים תות בננ,,,שמיניה גמדים תות בננ,גרמים,800.00,100 גרם,false,,18.90,0.0236,true,1,72351
7290110563431,false,משקה קפה קר בסגנון ק,,,משקה קפה קר בסגנון ק,מיליליטרים,230.00,"100 מ""ל",false,,7.50,0.0326,true,1,76802
7290110563448,false,משקה קפה קר בסגנון מ,,,משקה קפה קר בסגנון מ,מיליליטרים,230.00,"100 מ""ל",false,,7.50,0.0326,true,1,76803
7290110563462,false,חלב נטול לקטוז 2%,,,חלב נטול לקטוז 2%,ליטרים,1.00,ליטר,false,,8.00,8.0000,false,1,77339
7290110564339,false,חומוס אחלה עשיר 30%,,,חומוס אחלה עשיר 30%,גרמים,400.00,100 גרם,false,,12.90,0.0323,true,1,72274
7290110564360,false,חומוס אחלה שיר 40% ט,,,חומוס אחלה שיר 40% ט,גרמים,400.00,100 גרם,false,,12.90,0.0323,true,1,72275
7290110564414,false,חומוס אחלה עשיר 30%,,,חומוס אחלה עשיר 30%,גרמים,600.00,100 גרם,false,,14.90,0.0248,true,1,72278
7290110564742,false,משקה קפה קר בסגנון ח,,,משקה קפה קר בסגנון ח,מיליליטרים,230.00,"100 מ""ל",false,,7.50,0.0326,true,1,76804
7290110565435,false,לימבו פטל חלבי,,,לימבו פטל חלבי,גרמים,125.00,100 גרם,false,,2.00,0.0160,true,1,71723
7290110565527,false,דנונה פרו  20 גר חלב,,,דנונה פרו  20 גר חלב,גרמים,200.00,100 גרם,false,,5.90,0.0295,false,1,71114
7290110565572,false,מארז טורקי לדרך עם ה,,,מארז טורקי לדרך עם ה,גרמים,168.00,100 גרם,false,,19.90,0.1185,false,1,79084
7290110566043,false,יוגורט 4.5%  3 ליטר,,,יוגורט 4.5%  3 ליטר,ליטרים,3.00,ליטר,false,,27.70,9.2333,false,1,73996
7290110566623,false,קפסולות קפה קולומביה,,,קפסולות קפה קולומביה,גרמים,50.00,100 גרם,false,,16.90,0.3380,false,1,74241
7290110566975,false,דנונה פרו תות 20 גר,,,דנונה פרו תות 20 גר,גרמים,200.00,100 גרם,false,,5.90,0.0295,false,1,72964
7290110567057,false,בוקסי מנטה אקליפטוס,,,בוקסי מנטה אקליפטוס,גרמים,64.00,100 גרם,false,,9.90,0.1547,true,1,75688
7290110568238,false,קצפת צמחית יטבתה,,,קצפת צמחית יטבתה,גרמים,250.00,100 גרם,false,,7.90,0.0316,false,1,74295
7290110568276,false,משקה יטבתה פרו וניל,,,משקה יטבתה פרו וניל,גרמים,350.00,100 גרם,false,,6.30,0.0180,true,1,73908
7290110568504,false,קונפיטורת משמש במתיק,,,קונפיטורת משמש במתיק,גרמים,265.00,100 גרם,false,,13.50,0.0509,true,1,77697
7290110568511,false,קונפיטורת פירות יער,,,קונפיטורת פירות יער,גרמים,265.00,100 גרם,false,,13.50,0.0509,true,1,77698
7290110568559,false,מארז דוריטוס חמוץ עש,עלית,,מארז דוריטוס חמוץ עש,גרמים,250.00,100 גרם,false,,14.90,0.0596,false,1,74569
7290110570224,false,משקה קפה קר בטעם עוג,,,משקה קפה קר בטעם עוג,מיליליטרים,230.00,"100 מ""ל",false,,7.50,0.0326,true,1,121173
7290110570880,false,פולי אספרסו עשירים ו,,,פולי אספרסו עשירים ו,גרמים,250.00,100 גרם,false,,21.90,0.0876,true,1,120070
7290110571184,false,עדשים חומות טעם הטבע,,,עדשים חומות טעם הטבע,גרמים,380.00,100 גרם,false,,6.50,0.0171,true,1,121190
7290110571375,false,אנרג'י צימוקים תמרים,,,אנרג'י צימוקים תמרים,גרמים,100.00,100 גרם,false,,14.90,0.1490,true,1,121185
7290110571382,false,מעדן חלב בטעם וניל מ,,,מעדן חלב בטעם וניל מ,גרמים,150.00,100 גרם,false,,4.90,0.0327,true,1,119299
7290110571399,false,מסטיק בטעם גלידה תות,,,מסטיק בטעם גלידה תות,גרמים,58.00,100 גרם,false,,9.90,0.1707,true,1,120889
7290110571405,false,מיני פינוקיות בגביע,,,מיני פינוקיות בגביע,גרמים,180.00,100 גרם,false,,11.50,0.0639,true,1,122073
7290110572129,false,כיף כף מקלות שוקולד,,,כיף כף מקלות שוקולד,גרמים,40.00,100 גרם,false,,5.20,0.1300,true,1,122075
7290110572884,false,קפסולות קפה חזק ועוצ,עלית,,קפסולות קפה חזק ועוצ,גרמים,50.00,100 גרם,false,,16.90,0.3380,false,1,122076
7290110572969,false,כיף כף פצפצים קרם לב,,,כיף כף פצפצים קרם לב,גרמים,40.00,100 גרם,false,,5.20,0.1300,true,1,121186
7290110572976,false,כיף כף פצפצים קרם לב,,,כיף כף פצפצים קרם לב,גרמים,135.00,100 גרם,false,,10.90,0.0807,true,1,121187
7290110576318,false,מארז שלישיית אגוז לב,,,מארז שלישיית אגוז לב,גרמים,300.00,100 גרם,false,,24.90,0.0830,false,1,121494
7290110576356,false,ספלנדיד שוקולד מריר,,,ספלנדיד שוקולד מריר,גרמים,100.00,100 גרם,false,,8.50,0.0850,true,1,120944
7290110576363,false,ספלנדיד שוקולד מריר,,,ספלנדיד שוקולד מריר,גרמים,100.00,100 גרם,false,,8.50,0.0850,true,1,120945
7290110576370,false,מארז שלישיית אגוז מר,,,מארז שלישיית אגוז מר,גרמים,300.00,100 גרם,false,,24.90,0.0830,false,1,121495
7290110576387,false,מארז שלישיית אגוז חל,,,מארז שלישיית אגוז חל,גרמים,300.00,100 גרם,false,,24.90,0.0830,false,1,121496
7290110576752,false,ספלנדיד מריר 70%,,,ספלנדיד מריר 70%,גרמים,100.00,100 גרם,false,,10.90,0.1090,true,1,122080
7290110576776,false,ספלנדיד מריר 85%,,,ספלנדיד מריר 85%,גרמים,100.00,100 גרם,false,,10.90,0.1090,true,1,122081
7290110576868,false,גמדים רביעיית סלט פי,שטראוס,,גמדים רביעיית סלט פי,מיליליטרים,400.00,"100 מ""ל",false,,11.10,0.0277,true,1,122111
7290111093760,false,קוויק מטליות לחות לנ,,,קוויק מטליות לחות לנ,יחידה,0.00,יחידה,false,,11.50,0.0000,true,1,119964
7290111097546,false,מגבונים קוויק לניקוי,,,מגבונים קוויק לניקוי,יחידה,0.00,יחידה,false,,7.90,0.0000,true,1,120844
7290111097836,false,מגבוני קוויק דוחה אב,,,מגבוני קוויק דוחה אב,יחידה,0.00,יחידה,false,,7.90,0.0000,true,1,119965
7290111285288,false,צלחת במבוק ספיידרמן,,,צלחת במבוק ספיידרמן,יחידה,0.00,יחידה,false,,12.90,0.0000,true,1,78674
7290111285318,false,צלחת במבוק מיקי מאוס,,,צלחת במבוק מיקי מאוס,יחידה,0.00,יחידה,false,,12.90,0.0000,true,1,78669
7290111285356,false,צלחת במבוק סמי הכבאי,,,צלחת במבוק סמי הכבאי,יחידה,0.00,יחידה,false,,12.90,0.0000,true,1,78671
7290111285400,false,קערה במבוק מיקי מאוס,,,קערה במבוק מיקי מאוס,יחידה,0.00,יחידה,false,,8.90,0.0000,true,1,78679
7290111285417,false,קערה במבוק מיני מאוס,,,קערה במבוק מיני מאוס,יחידה,0.00,יחידה,false,,8.90,0.0000,true,1,78680
7290111285448,false,קערה במבוק סמי הכבאי,,,קערה במבוק סמי הכבאי,יחידה,0.00,יחידה,false,,8.90,0.0000,true,1,78686
7290111285455,false,קערה במבוק מיניונים,,,קערה במבוק מיניונים,יחידה,0.00,יחידה,false,,8.90,0.0000,true,1,78681
7290111285462,false,כוס במבוק ספיידרמן,,,כוס במבוק ספיידרמן,יחידה,0.00,יחידה,false,,7.90,0.0000,true,1,78702
7290111285509,false,כוס במבוק מיני מאוס,,,כוס במבוק מיני מאוס,יחידה,0.00,יחידה,false,,7.90,0.0000,true,1,78693
7290111285523,false,כוס במבוק מפרץ ההרפת,,,כוס במבוק מפרץ ההרפת,יחידה,0.00,יחידה,false,,7.90,0.0000,true,1,78695
7290111285530,false,כוס במבוק סמי הכבאי,,,כוס במבוק סמי הכבאי,יחידה,0.00,יחידה,false,,7.90,0.0000,true,1,78696
7290111340109,false,דיפנד מגן תחתון,,,דיפנד מגן תחתון,יחידה,0.00,יחידה,false,,19.90,0.0000,true,1,81722
7290111340178,false,מטליות ניקוי כללי בר,,,מטליות ניקוי כללי בר,יחידה,0.00,יחידה,false,,10.90,0.0000,false,1,69533
7290111340185,false,מטליות לחות לריצפה נ,,,מטליות לחות לריצפה נ,יחידה,0.00,יחידה,false,,10.90,0.0000,false,1,69534
7290111340925,false,מטליות לחות XL  ניקו,,,מטליות לחות XL  ניקו,יחידה,0.00,יחידה,false,,10.90,0.0000,false,1,72231
7290111340956,false,מטליות לחות לניקוי ר,,,מטליות לחות לניקוי ר,יחידה,0.00,יחידה,false,,10.90,0.0000,false,1,72232
7290111341359,false,רדיד אלומיניום 60 מט,,,רדיד אלומיניום 60 מט,יחידה,0.00,יחידה,false,,39.90,0.0000,false,1,74320
7290111341366,false,מפיות אירוח חד שכבתי,,,מפיות אירוח חד שכבתי,יחידה,0.00,יחידה,false,,8.50,0.0000,true,1,74402
7290111341496,false,תחבושות לבריחת שתן,,,תחבושות לבריחת שתן,יחידה,0.00,יחידה,false,,19.90,0.0000,true,1,76411
7290111341557,false,טמפונים קוטקס אקטיב,,,טמפונים קוטקס אקטיב,יחידה,0.00,יחידה,false,,22.90,0.0000,true,1,78621
7290111341816,false,נייר אפיה עם מתקן לח,,,נייר אפיה עם מתקן לח,יחידה,0.00,יחידה,false,,21.90,0.0000,false,1,77076
7290111341984,false,מארז רביעיה לילי לח,,,מארז רביעיה לילי לח,יחידה,0.00,יחידה,false,,21.90,0.0000,true,1,79613
7290111342004,false,לילי לח מגבונים בודד,,,לילי לח מגבונים בודד,יחידה,0.00,יחידה,false,,8.90,0.0000,true,1,78476
7290111342042,false,כריות יפניות אנטיבקט,,,כריות יפניות אנטיבקט,יחידה,0.00,יחידה,false,,10.90,0.0000,true,1,81827
7290111342059,false,מטליות לחות אנטיבקטר,,,מטליות לחות אנטיבקטר,יחידה,0.00,יחידה,false,,10.90,0.0000,true,1,81858
7290111342073,false,מיקרופייבר מטלית אנט,,,מיקרופייבר מטלית אנט,יחידה,0.00,יחידה,false,,12.90,0.0000,true,1,82145
7290111342523,false,מפיות אירוח ניקול,,,מפיות אירוח ניקול,יחידה,0.00,יחידה,false,,6.90,0.0000,true,1,81486
7290111342738,false,לילי לח קידס מארז רב,,,לילי לח קידס מארז רב,יחידה,0.00,יחידה,false,,21.90,0.0000,true,1,81655
7290111343117,false,קלינקס לושן אריזת ני,,,קלינקס לושן אריזת ני,יחידה,0.00,יחידה,false,,13.90,0.0000,false,1,85879
7290111343841,false,ספוגית הקסם נירוסטה,,,ספוגית הקסם נירוסטה,יחידה,0.00,יחידה,false,,11.50,0.0000,true,1,85347
7290111344145,false,מטלית ריצפה אנטיבקטר,,,מטלית ריצפה אנטיבקטר,יחידה,0.00,יחידה,false,,21.90,0.0000,true,1,85127
7290111344206,false,מגבוני האגיס נטורל ק,,,מגבוני האגיס נטורל ק,יחידה,0.00,יחידה,false,,19.90,0.0000,false,1,117873
7290111344459,false,תחבושות נייט אקסטרא,,,תחבושות נייט אקסטרא,יחידה,0.00,יחידה,false,,17.90,0.0000,true,1,88708
7290111344503,false,האגיס אקסטרא קייר 4,,,האגיס אקסטרא קייר 4,יחידה,0.00,יחידה,false,,49.90,0.0000,false,1,88732
7290111344527,false,שקיות אשפה לפח ענק X,,,שקיות אשפה לפח ענק X,יחידה,0.00,יחידה,false,,24.90,0.0000,true,1,87283
7290111344572,false,שקיות אשפה עם ידיות,,,שקיות אשפה עם ידיות,יחידה,0.00,יחידה,false,,19.90,0.0000,true,1,118451
7290111344633,false,משטח ייבוש כלים אנטי,,,משטח ייבוש כלים אנטי,יחידה,0.00,יחידה,false,,19.90,0.0000,true,1,121279
7290111344701,false,ניקול סנדוויצ'ון מהד,,,ניקול סנדוויצ'ון מהד,יחידה,0.00,יחידה,false,,14.90,0.0000,false,1,121280
7290111344732,false,קלינקס אלרג'י קומפור,,,קלינקס אלרג'י קומפור,יחידה,0.00,יחידה,false,,13.90,0.0000,true,1,88707
7290111344824,false,מגן תחתון קוטקס אנטי,,,מגן תחתון קוטקס אנטי,יחידה,0.00,יחידה,false,,17.90,0.0000,true,1,118454
7290111344831,false,מגן תחתון קוטקס אקסט,,,מגן תחתון קוטקס אקסט,יחידה,0.00,יחידה,false,,17.90,0.0000,true,1,118452
7290111344855,false,מגן תחתון קוטקס אקסט,,,מגן תחתון קוטקס אקסט,יחידה,0.00,יחידה,false,,17.90,0.0000,true,1,118453
7290111344916,false,ניקול כריות יפניות א,,,ניקול כריות יפניות א,יחידה,0.00,יחידה,false,,10.90,0.0000,true,1,88705
7290111344930,false,ניקול מטליות לחות לר,,,ניקול מטליות לחות לר,יחידה,0.00,יחידה,false,,10.90,0.0000,true,1,118346
7290111344978,false,ניקול רדיד אלומיניום,,,ניקול רדיד אלומיניום,יחידה,0.00,יחידה,false,,39.90,0.0000,true,1,88706
7290111345043,false,מטליות מיקרופייבר למ,,,מטליות מיקרופייבר למ,יחידה,0.00,יחידה,false,,13.90,0.0000,true,1,118330
7290111345050,false,כריות ניקול מיקרופיי,,,כריות ניקול מיקרופיי,יחידה,0.00,יחידה,false,,10.90,0.0000,true,1,118331
7290111345722,false,שקיות ניקול לשמירת ה,,,שקיות ניקול לשמירת ה,יחידה,0.00,יחידה,false,,14.90,0.0000,false,1,121175
7290111345982,false,דפי ספוגית הקסם  ניק,,,דפי ספוגית הקסם  ניק,יחידה,0.00,יחידה,false,,10.90,0.0000,false,1,119411
7290111346125,false,מגבוני האגיס 1/3 ללא,,,מגבוני האגיס 1/3 ללא,יחידה,0.00,יחידה,false,,15.90,0.0000,false,1,121771
7290111346293,false,שישיה נייר מגבת ניקו,,,שישיה נייר מגבת ניקו,יחידה,0.00,יחידה,false,,10.90,0.0000,false,1,120269
7290111346347,false,טישו קלינקס אורגינל,,,טישו קלינקס אורגינל,יחידה,0.00,יחידה,false,,15.90,0.0000,false,1,121115
7290111350030,false,רסק תפוחי עץ טבעי קל,קליית גת,,רסק תפוחי עץ טבעי קל,גרמים,670.00,100 גרם,false,,10.90,0.0163,true,1,66760
7290111350047,false,תמרים מג'הול ללא חרצ,קליית גת,,תמרים מג'הול ללא חרצ,גרמים,500.00,100 גרם,false,,11.50,0.0230,true,1,67555
7290111350665,false,דבש לחיץ 350 גר' קלי,קליית גת,,דבש לחיץ 350 גר' קלי,גרמים,350.00,100 גרם,false,,21.90,0.0626,true,1,74267
7290111350672,false,דבש צנצנת 700 גר' קל,קליית גת,,דבש צנצנת 700 גר' קל,גרמים,700.00,100 גרם,false,,32.90,0.0470,true,1,74265
7290111350726,false,נאצ'וס בסגנון מקסיקנ,,,נאצ'וס בסגנון מקסיקנ,גרמים,322.00,100 גרם,false,,15.90,0.0494,true,1,77779
7290111350740,false,פופקורן הוטפופ אריזת,הוט פופ,,פופקורן הוטפופ אריזת,גרמים,500.00,100 גרם,false,,15.00,0.0300,true,1,76063
7290111351280,false,תערובת אגוזים קלויים,קליית גת,,תערובת אגוזים קלויים,גרמים,150.00,100 גרם,false,,16.50,0.1100,true,1,76433
7290111351334,false,תמרים 650 גר',קליית גת,,תמרים 650 גר',גרמים,650.00,100 גרם,false,,18.90,0.0291,true,1,77873
7290111351747,false,"טורטייה 20 ס""מ מקמח",,,"טורטייה 20 ס""מ מקמח",גרמים,320.00,100 גרם,false,,9.90,0.0309,true,1,83749
7290111352140,false,חמוציות מיובשות ברכז,קליית גת,,חמוציות מיובשות ברכז,גרמים,150.00,100 גרם,false,,11.50,0.0767,true,1,80976
7290111352430,false,ממרח תמרים טבעי 440,קליית גת,,ממרח תמרים טבעי 440,גרמים,440.00,100 גרם,false,,13.90,0.0316,true,1,81996
7290111352508,false,סילאן 840 גר' קליית,קליית גת,,סילאן 840 גר' קליית,גרמים,840.00,100 גרם,false,,21.90,0.0261,true,1,82505
7290111352935,false,יוגטה סוכריות טופי מ,יוגטה,,יוגטה סוכריות טופי מ,גרמים,600.00,100 גרם,false,,14.90,0.0248,true,1,84590
7290111352942,false,יוגטה סוכריות טופי 8,יוגטה,,יוגטה סוכריות טופי 8,גרמים,850.00,100 גרם,false,,19.90,0.0234,true,1,117323
7290111352966,false,יוגטה סוכריות ממולאו,יוגטה,,יוגטה סוכריות ממולאו,גרמים,250.00,100 גרם,false,,7.90,0.0316,true,1,84738
7290111352973,false,קוביות חמוצות 220 גר,יוגטה,,קוביות חמוצות 220 גר,גרמים,220.00,100 גרם,false,,7.90,0.0359,true,1,86381
7290111353055,false,סוכריות גומי דובונים,יוגטה,,סוכריות גומי דובונים,גרמים,200.00,100 גרם,false,,9.90,0.0495,true,1,86472
7290111353109,false,סוכריות גומי נחשים 2,יוגטה,,סוכריות גומי נחשים 2,גרמים,200.00,100 גרם,false,,9.90,0.0495,true,1,86471
7290111353123,false,סוכריות גומי נחשים מ,יוגטה,,סוכריות גומי נחשים מ,גרמים,200.00,100 גרם,false,,9.90,0.0495,true,1,86473
7290111353239,false,סוכריות גומי יין 200,יוגטה,,סוכריות גומי יין 200,גרמים,200.00,100 גרם,false,,9.90,0.0495,true,1,86474
7290111353437,false,צ'יפס חטיף בטטה ומלח,הוט פופ,,צ'יפס חטיף בטטה ומלח,גרמים,120.00,100 גרם,false,,13.90,0.1158,true,1,87432
7290111353444,false,צ'יפס חטיף ירקות הוט,הוט פופ,,צ'יפס חטיף ירקות הוט,גרמים,120.00,100 גרם,false,,13.90,0.1158,true,1,87433
7290111353451,false,צ'יפס חטיף ירקות שור,הוט פופ,,צ'יפס חטיף ירקות שור,גרמים,120.00,100 גרם,false,,13.90,0.1158,true,1,87434
7290111353550,false,חמאת בוטנים טבעית 30,קליית גת,,חמאת בוטנים טבעית 30,גרמים,300.00,100 גרם,false,,14.90,0.0497,true,1,87490
7290111353567,false,ממרח שקדים טבעי 300,קליית גת,,ממרח שקדים טבעי 300,גרמים,300.00,100 גרם,false,,31.90,0.1063,true,1,87491
7290111353680,false,גרעיני חמנייה 350 גר,קליית גת,,גרעיני חמנייה 350 גר,גרמים,350.00,100 גרם,false,,11.50,0.0329,true,1,88006
7290111354076,false,תמרים ללא חרצנים 500,קליית גת,,תמרים ללא חרצנים 500,גרמים,500.00,100 גרם,false,,15.90,0.0318,true,1,119917
7290111354151,false,ממרח אגוזים 200 גר',קליית גת,,ממרח אגוזים 200 גר',גרמים,200.00,100 גרם,false,,15.90,0.0795,true,1,120215
7290111560415,false,קוראסון ביס חמאה,,,קוראסון ביס חמאה,קילוגרמים,1.00,"ק""ג",true,,34.90,34.9000,true,1,68165
7290111563492,false,סלטי צבר  מטבוחה חרי,,,סלטי צבר  מטבוחה חרי,גרמים,400.00,100 גרם,false,,11.90,0.0298,true,1,73094
7290111564291,false,פיטנס פריכיות דקות ע,,,פיטנס פריכיות דקות ע,גרמים,120.00,100 גרם,false,,10.90,0.0908,true,1,69804
7290111564727,false,קרמוגית במילוי אגוזי,,,קרמוגית במילוי אגוזי,גרמים,200.00,100 גרם,false,,11.50,0.0575,true,1,71561
7290111565038,false,גלידת קרמריה וניל קו,לה קרמריה- נסטלה,,גלידת קרמריה וניל קו,יחידה,0.00,יחידה,false,,22.90,0.0000,false,1,73281
7290111566103,false,טבעול פלאפל מרכיבים,,,טבעול פלאפל מרכיבים,גרמים,590.00,100 גרם,false,,31.00,0.0525,true,1,72417
7290111566127,false,מאגדת שלגונים אוראו,נסטלה גלידות,,מאגדת שלגונים אוראו,גרמים,198.00,100 גרם,false,,21.90,0.1106,true,1,71960
7290111566240,false,שניצל דק בטעם צ'ילי,,,שניצל דק בטעם צ'ילי,גרמים,564.00,100 גרם,false,,31.00,0.0550,true,1,72429
7290111566271,false,טבעול חטיפי תירס 657,,,טבעול חטיפי תירס 657,גרמים,657.00,100 גרם,false,,28.90,0.0440,false,1,71947
7290111566318,false,טבעול שניצל דק מהצומ,,,טבעול שניצל דק מהצומ,גרמים,564.00,100 גרם,false,,31.00,0.0550,true,1,72577
7290111566332,false,טבעול נקנקיות וינר צ,,,טבעול נקנקיות וינר צ,גרמים,680.00,100 גרם,false,,31.00,0.0456,true,1,71855
7290111566417,false,טבעול טחון צמחוני,,,טבעול טחון צמחוני,גרמים,500.00,100 גרם,false,,29.90,0.0598,false,1,72787
7290111566547,false,חזה בגריל צמחוני טבע,,,חזה בגריל צמחוני טבע,גרמים,560.00,100 גרם,false,,31.00,0.0554,true,1,72149
7290111566561,false,טבעול שניצל ברוקולי,,,טבעול שניצל ברוקולי,גרמים,560.00,100 גרם,false,,31.00,0.0554,true,1,72150
7290111566585,false,טבעול שניצל צמחוני 9,,,טבעול שניצל צמחוני 9,גרמים,650.00,100 גרם,false,,31.00,0.0477,true,1,72151
7290111566660,false,טבעול קציצות עדשים כ,,,טבעול קציצות עדשים כ,גרמים,530.00,100 גרם,false,,31.00,0.0585,true,1,73038
7290111566691,false,טבעול שניצל תרד 99 ק,,,טבעול שניצל תרד 99 ק,גרמים,560.00,100 גרם,false,,31.00,0.0554,true,1,72152
7290111566714,false,טבעול המבורגר צמחוני,,,טבעול המבורגר צמחוני,גרמים,600.00,100 גרם,false,,31.00,0.0517,true,1,72153
7290111566752,false,טבעול שניצל תירס 99,,,טבעול שניצל תירס 99,גרמים,693.00,100 גרם,false,,31.00,0.0447,true,1,72154
7290111566776,false,טבעול נקנקיות קוקטיי,,,טבעול נקנקיות קוקטיי,גרמים,680.00,100 גרם,false,,31.00,0.0456,true,1,71856
7290111568206,false,ביסלי פארטי מיקס,,,ביסלי פארטי מיקס,גרמים,150.00,100 גרם,false,,9.00,0.0600,false,1,73553
7290111568275,false,נודלס אטריות אורז רח,,,נודלס אטריות אורז רח,גרמים,300.00,100 גרם,false,,9.90,0.0330,true,1,73636
7290111568299,false,נודלס איטריות עם תרד,,,נודלס איטריות עם תרד,גרמים,300.00,100 גרם,false,,9.90,0.0330,true,1,74206
7290111568961,false,בייגלה טבעות מלח אסם,,,בייגלה טבעות מלח אסם,גרמים,400.00,100 גרם,false,,11.00,0.0275,true,1,74076
7290111873607,false,כוס במבוק כח פי ג'יי,,,כוס במבוק כח פי ג'יי,יחידה,0.00,יחידה,false,,7.90,0.0000,true,1,78699
7290111930799,false,קראנצוס בצל 70 גרם,,,קראנצוס בצל 70 גרם,יחידה,0.00,יחידה,false,,3.90,0.0000,true,1,70208
7290111930805,false,קראנצוס ברביקיו 70 ג,,,קראנצוס ברביקיו 70 ג,יחידה,0.00,יחידה,false,,3.90,0.0000,true,1,70209
7290111930850,false,קראנצוס פיצה 70 גרם,,,קראנצוס פיצה 70 גרם,יחידה,0.00,יחידה,false,,3.90,0.0000,true,1,70205
7290111930898,false,פוף כוכבים גריל אמרי,,,פוף כוכבים גריל אמרי,יחידה,0.00,יחידה,false,,3.90,0.0000,true,1,71096
7290111930911,false,פוף לבבות קלאסי 40 ג,,,פוף לבבות קלאסי 40 ג,יחידה,0.00,יחידה,false,,3.90,0.0000,true,1,71095
7290111930928,false,פוף כוכבים גריל 40 ג,,,פוף כוכבים גריל 40 ג,יחידה,0.00,יחידה,false,,3.90,0.0000,true,1,71097
7290111930935,false,פוף טבעות קלאסי 40 ג,,,פוף טבעות קלאסי 40 ג,יחידה,0.00,יחידה,false,,3.90,0.0000,true,1,71098
7290111931321,false,קולגייט משחת שיניים,,,קולגייט משחת שיניים,מיליליטרים,50.00,"100 מ""ל",false,,10.90,0.2180,true,1,74313
7290111931338,false,פלמוליב סבון לומינוס,,,פלמוליב סבון לומינוס,מיליליטרים,500.00,"100 מ""ל",false,,14.90,0.0298,true,1,73402
7290111933462,false,רוטב צ'ילי מתוק מאסט,,,רוטב צ'ילי מתוק מאסט,מיליליטרים,300.00,"100 מ""ל",false,,7.90,0.0263,true,1,73040
7290111933554,false,מאסטר שף עגבניות קוב,,,מאסטר שף עגבניות קוב,קילוגרמים,1.20,"ק""ג",false,,15.90,13.2500,true,1,75348
7290111934827,false,פלמוליב סבון ידיים ה,,,פלמוליב סבון ידיים ה,מיליליטרים,300.00,"100 מ""ל",false,,10.90,0.0363,true,1,77866
7290111935824,false,ליידי ספיד סטיק דרמה,,,ליידי ספיד סטיק דרמה,גרמים,45.00,100 גרם,false,,19.90,0.4422,true,1,80133
7290111935961,false,מאסטר שף מחית עגבניו,,,מאסטר שף מחית עגבניו,גרמים,690.00,100 גרם,false,,11.90,0.0172,true,1,78238
7290111936210,false,ליידי ספיד סטיק דרמה,,,ליידי ספיד סטיק דרמה,יחידה,0.00,יחידה,false,,14.90,0.0000,true,1,79059
7290111936296,false,פלמוליב ארומה סנסייש,,,פלמוליב ארומה סנסייש,מיליליטרים,750.00,"100 מ""ל",false,,19.90,0.0265,true,1,78029
7290111937088,false,ליידי ספיד סטיק דרמה,,,ליידי ספיד סטיק דרמה,מיליליטרים,50.00,"100 מ""ל",false,,14.90,0.2980,true,1,86195
7290111938481,false,מאסטר שף רוטב סויה ב,,,מאסטר שף רוטב סויה ב,מיליליטרים,300.00,"100 מ""ל",false,,8.90,0.0297,true,1,82746
7290111938498,false,מאסטר שף רוטב סויה ב,,,מאסטר שף רוטב סויה ב,מיליליטרים,700.00,"100 מ""ל",false,,12.90,0.0184,true,1,81824
7290111939174,false,קוקי ניילון נצמד עם,,,קוקי ניילון נצמד עם,יחידה,0.00,יחידה,false,,9.90,0.0000,true,1,81756
7290111939181,false,קוקי ניילון נצמד עם,,,קוקי ניילון נצמד עם,יחידה,0.00,יחידה,false,,9.90,0.0000,true,1,81757
7290112000200,false,קולון ג'ל תה ירוק 3,קולון,,קולון ג'ל תה ירוק 3,ליטרים,3.00,ליטר,false,,24.90,8.3000,true,1,75532
7290112000293,false,סיליט ג'ל אסלות פרש,סיליט,,סיליט ג'ל אסלות פרש,מיליליטרים,750.00,"100 מ""ל",false,,9.90,0.0132,true,1,71715
7290112000385,false,דטול תרסיס למטבח 750,,,דטול תרסיס למטבח 750,יחידה,0.00,יחידה,false,,14.90,0.0000,true,1,75166
7290112000392,false,דטול תרסיס לאמבטיה 7,,,דטול תרסיס לאמבטיה 7,יחידה,0.00,יחידה,false,,14.90,0.0000,true,1,75167
7290112000408,false,דטול תרסיס לניקוי כל,,,דטול תרסיס לניקוי כל,מיליליטרים,750.00,"100 מ""ל",false,,14.90,0.0199,true,1,75168
7290112000736,false,פיניש 80 טבליות,פיניש,,פיניש 80 טבליות,יחידה,0.00,יחידה,false,,59.90,0.0000,true,1,73935
7290112000798,false,דטול תרסיס חיטוי וני,,,דטול תרסיס חיטוי וני,יחידה,0.00,יחידה,false,,14.90,0.0000,true,1,75169
7290112000880,false,דטול מגבונים למטבח 6,,,דטול מגבונים למטבח 6,יחידה,0.00,יחידה,false,,14.90,0.0000,true,1,75173
7290112001238,false,קולון מנקה מכונת כבי,קולון,,קולון מנקה מכונת כבי,מיליליטרים,250.00,"100 מ""ל",false,,19.90,0.0796,true,1,75838
7290112001436,false,פיניש מנקה מדיח בניח,פיניש,,פיניש מנקה מדיח בניח,יחידה,0.00,יחידה,false,,14.90,0.0000,true,1,81457
7290112001870,false,סיליט טריגר אמבטיה,סיליט,,סיליט טריגר אמבטיה,מיליליטרים,750.00,"100 מ""ל",false,,14.90,0.0199,true,1,80636
7290112001900,false,פיניש ג'ל 1 ליטר אקו,פיניש,,פיניש ג'ל 1 ליטר אקו,ליטרים,1.00,ליטר,false,,39.90,39.9000,true,1,80312
7290112002044,false,פיניש טבליות לניקוי,פיניש,,פיניש טבליות לניקוי,גרמים,51.00,100 גרם,false,,14.90,0.2922,true,1,80314
7290112002099,false,קולון ג'ל כביסה 2.5,קולון,,קולון ג'ל כביסה 2.5,ליטרים,2.50,ליטר,false,,24.90,9.9600,true,1,80198
7290112002112,false,קולון ג'ל כביסה 2.5,קולון,,קולון ג'ל כביסה 2.5,ליטרים,2.50,ליטר,false,,24.90,9.9600,true,1,80200
7290112002136,false,קולון ג'ל כביסה 4 לי,קולון,,קולון ג'ל כביסה 4 לי,ליטרים,4.00,ליטר,false,,34.90,8.7250,true,1,80195
7290112002143,false,קולון ג'ל כביסה 4 לי,קולון,,קולון ג'ל כביסה 4 לי,ליטרים,4.00,ליטר,false,,34.90,8.7250,true,1,80196
7290112002150,false,קולון ג'ל כביסה 4 לי,קולון,,קולון ג'ל כביסה 4 לי,ליטרים,4.00,ליטר,false,,34.90,8.7250,true,1,80193
7290112002457,false,דטול מגבונים חיטוי ו,,,דטול מגבונים חיטוי ו,יחידה,0.00,יחידה,false,,24.90,0.0000,true,1,86410
7290112002983,false,סיליט באנג ניקוי כלל,סיליט,,סיליט באנג ניקוי כלל,מיליליטרים,750.00,"100 מ""ל",false,,16.90,0.0225,true,1,84294
7290112002990,false,מרסס סיליט באנג מסיר,סיליט,,מרסס סיליט באנג מסיר,מיליליטרים,750.00,"100 מ""ל",false,,16.90,0.0225,true,1,84295
7290112003188,false,קולון קפסולות 60 יח',קולון,,קולון קפסולות 60 יח',יחידה,0.00,יחידה,false,,49.90,0.0000,true,1,85802
7290112003959,false,וניש מסיר כתמים אבקה,,,וניש מסיר כתמים אבקה,גרמים,470.00,100 גרם,false,,16.90,0.0360,true,1,90512
7290112003966,false,וניש מסיר כתמים אבקה,,,וניש מסיר כתמים אבקה,גרמים,470.00,100 גרם,false,,16.90,0.0360,true,1,90362
7290112004031,false,"וניש גולד ג'ל 940 מ""",,,"וניש גולד ג'ל 940 מ""",מיליליטרים,940.00,"100 מ""ל",false,,19.90,0.0212,true,1,118226
7290112004109,false,דטול מגבונים שלישייה,,,דטול מגבונים שלישייה,יחידה,0.00,יחידה,false,,24.90,0.0000,true,1,86771
7290112004185,false,פיניש נוזל הברקה למד,פיניש,,פיניש נוזל הברקה למד,מיליליטרים,400.00,"100 מ""ל",false,,14.90,0.0373,true,1,117522
7290112004413,false,וניש ספריי הסרת כתמי,,,וניש ספריי הסרת כתמי,מיליליטרים,750.00,"100 מ""ל",false,,16.90,0.0225,true,1,120095
7290112004468,false,מחטא כביסה דטול בניח,,,מחטא כביסה דטול בניח,ליטרים,1.50,ליטר,false,,24.90,16.6000,true,1,117772
7290112004611,false,ווניש פאואר ג'ל 200,,,ווניש פאואר ג'ל 200,מיליליטרים,200.00,"100 מ""ל",false,,16.90,0.0845,true,1,119088
7290112004772,false,מילוי מבשם אוויר חשמ,איירוויק,,מילוי מבשם אוויר חשמ,יחידה,0.00,יחידה,false,,14.90,0.0000,true,1,121203
7290112005045,false,וניש אבקה לכביסה לבנ,,,וניש אבקה לכביסה לבנ,גרמים,480.00,100 גרם,false,,16.90,0.0352,true,1,121078
7290112005052,false,וניש אבקה לכביסה לבנ,,,וניש אבקה לכביסה לבנ,גרמים,1500.00,100 גרם,false,,39.90,0.0266,true,1,121001
7290112005076,false,וניש אבקה לכביסה צבע,,,וניש אבקה לכביסה צבע,גרמים,480.00,100 גרם,false,,16.90,0.0352,true,1,121079
7290112005083,false,וניש אבקה לכביסה צבע,,,וניש אבקה לכביסה צבע,גרמים,1500.00,100 גרם,false,,39.90,0.0266,true,1,121077
7290112005168,false,פיניש קוואנטום לימון,פיניש,,פיניש קוואנטום לימון,יחידה,0.00,יחידה,false,,59.90,0.0000,true,1,121204
7290112192158,false,"ניוקי תפו""א ללא גלוט",,,"ניוקי תפו""א ללא גלוט",גרמים,500.00,100 גרם,false,,11.90,0.0238,true,1,79009
7290112192578,false,פרדונטקס משחת שיניים,,,פרדונטקס משחת שיניים,מיליליטרים,75.00,"100 מ""ל",false,,34.90,0.4653,true,1,80408
7290112192875,false,משחת שיניים סנסודיין,סנסודיין,,משחת שיניים סנסודיין,יחידה,0.00,יחידה,false,,34.90,0.0000,true,1,81433
7290112192882,false,משחת שיניים סנסודיין,סנסודיין,,משחת שיניים סנסודיין,יחידה,0.00,יחידה,false,,34.90,0.0000,true,1,81434
7290112193582,false,תערובת לעוגת שוקולד,,,תערובת לעוגת שוקולד,גרמים,500.00,100 גרם,false,,22.90,0.0458,true,1,86693
7290112196514,false,חטיפי קרקר כוסמין 18,,,חטיפי קרקר כוסמין 18,גרמים,180.00,100 גרם,false,,9.90,0.0550,true,1,90078
7290112196521,false,חטיפי קרקר כוסמין שו,,,חטיפי קרקר כוסמין שו,גרמים,180.00,100 גרם,false,,9.90,0.0550,true,1,90127
7290112196774,false,ביסקוויט מקמח כוסמין,,,ביסקוויט מקמח כוסמין,גרמים,175.00,100 גרם,false,,11.90,0.0680,true,1,118326
7290112196798,false,קמח כוסמין מלא מנופה,,,קמח כוסמין מלא מנופה,קילוגרמים,1.00,"ק""ג",false,,16.90,16.9000,true,1,90195
7290112196804,false,קמח כוסמין 80% מנופה,,,קמח כוסמין 80% מנופה,קילוגרמים,1.00,"ק""ג",false,,16.90,16.9000,true,1,90196
7290112197177,false,דגני בוקר במילוי קרם,,,דגני בוקר במילוי קרם,גרמים,375.00,100 גרם,false,,21.90,0.0584,true,1,121345
7290112197191,false,דגני בוקר במילוי קרם,,,דגני בוקר במילוי קרם,גרמים,375.00,100 גרם,false,,21.90,0.0584,true,1,121346
7290112197207,false,מיני כריות בציפוי שו,,,מיני כריות בציפוי שו,גרמים,65.00,100 גרם,false,,8.50,0.1308,true,1,121948
7290112197238,false,מיני קורנפלקס בציפוי,,,מיני קורנפלקס בציפוי,גרמים,65.00,100 גרם,false,,8.50,0.1308,true,1,121949
7290112330352,false,דנונה פרו 20 גר וניל,,,דנונה פרו 20 גר וניל,גרמים,200.00,100 גרם,false,,5.90,0.0295,false,1,78159
7290112330390,false,דנונה פרו 20 גר פירו,,,דנונה פרו 20 גר פירו,גרמים,200.00,100 גרם,false,,5.90,0.0295,false,1,78156
7290112332585,false,"פריכיות תפו""א אורז ב",,,"פריכיות תפו""א אורז ב",גרמים,30.00,100 גרם,false,,5.50,0.1833,true,1,78343
7290112332691,false,עוגיית קרם פסק זמן א,,,עוגיית קרם פסק זמן א,גרמים,200.00,100 גרם,false,,11.50,0.0575,true,1,79081
7290112332875,false,מאסט קוביות מנטה עדי,,,מאסט קוביות מנטה עדי,גרמים,86.00,100 גרם,false,,14.90,0.1733,true,1,78195
7290112332899,false,בזוקה פופים קלאסי,,,בזוקה פופים קלאסי,גרמים,58.00,100 גרם,false,,9.90,0.1707,true,1,78345
7290112334749,false,קפה טורקי עלית 200 ג,,,קפה טורקי עלית 200 ג,גרמים,220.00,100 גרם,false,,14.90,0.0677,false,1,79572
7290112335111,false,מאסט קוביות בטעם בזו,,,מאסט קוביות בטעם בזו,גרמים,86.00,100 גרם,false,,14.90,0.1733,true,1,78196
7290112335487,false,הפריכיות הטעימות קצח,,,הפריכיות הטעימות קצח,גרמים,135.00,100 גרם,false,,12.90,0.0956,true,1,78190
7290112335494,false,הפריכיות הטעימות פוט,,,הפריכיות הטעימות פוט,גרמים,135.00,100 גרם,false,,12.90,0.0956,true,1,78191
7290112335500,false,הפריכיות הטעימות חלב,,,הפריכיות הטעימות חלב,גרמים,135.00,100 גרם,false,,12.90,0.0956,true,1,78192
7290112336613,false,עד חצות סנדוויץ,,,עד חצות סנדוויץ,גרמים,135.00,100 גרם,false,,10.90,0.0807,true,1,81107
7290112336637,false,סוכריות יוגורט תות א,עלית,,סוכריות יוגורט תות א,גרמים,80.00,100 גרם,false,,8.50,0.1063,false,1,80023
7290112336644,false,סוכריות לימון ללא סו,עלית,,סוכריות לימון ללא סו,גרמים,80.00,100 גרם,false,,8.50,0.1063,false,1,80024
7290112336712,false,דנונה פרו 21 0%,,,דנונה פרו 21 0%,גרמים,200.00,100 גרם,false,,5.90,0.0295,false,1,77214
7290112337474,false,סוכריות פטל לימון לל,עלית,,סוכריות פטל לימון לל,גרמים,80.00,100 גרם,false,,8.50,0.1063,false,1,80026
7290112337481,false,סוכריות קפוצ'ינו ללא,עלית,,סוכריות קפוצ'ינו ללא,גרמים,80.00,100 גרם,false,,8.50,0.1063,false,1,80027
7290112339362,false,דנונה לייט אנד פריי,,,דנונה לייט אנד פריי,גרמים,150.00,100 גרם,false,,4.60,0.0307,true,1,80498
7290112339867,false,גמדים סקוויז בודד תו,,,גמדים סקוויז בודד תו,גרמים,100.00,100 גרם,false,,5.70,0.0570,true,1,76794
7290112339874,false,גמדים סקוויז בודד תו,,,גמדים סקוויז בודד תו,גרמים,100.00,100 גרם,false,,5.70,0.0570,true,1,76795
7290112340122,false,הפריכיות הטעימות 3 ד,,,הפריכיות הטעימות 3 ד,גרמים,135.00,100 גרם,false,,12.90,0.0956,true,1,78194
7290112340276,false,עוגיות קרם קפה נמס,,,עוגיות קרם קפה נמס,גרמים,200.00,100 גרם,false,,11.50,0.0575,true,1,79087
7290112340900,false,קפה טורקי האג,,,קפה טורקי האג,גרמים,200.00,100 גרם,false,,25.90,0.1295,true,1,85114
7290112341556,false,אקטיביה עם צ'יה ותות,,,אקטיביה עם צ'יה ותות,גרמים,150.00,100 גרם,false,,4.60,0.0307,true,1,80231
7290112341679,false,אקטיביה 3%,,,אקטיביה 3%,גרמים,200.00,100 גרם,false,,3.80,0.0190,true,1,80006
7290112341686,false,מארז אקטיביה 3%,,,מארז אקטיביה 3%,גרמים,1200.00,100 גרם,false,,19.90,0.0166,true,1,80007
7290112342102,false,סימפוניה בצל מקורמל,,,סימפוניה בצל מקורמל,גרמים,200.00,100 גרם,false,,11.20,0.0560,true,1,81422
7290112342195,false,תפוצ'יפס מקלות טבעי,עלית,,תפוצ'יפס מקלות טבעי,גרמים,200.00,100 גרם,false,,10.90,0.0545,true,1,82667
7290112342515,false,דוריטוס צ'יזי טוויסט,עלית,,דוריטוס צ'יזי טוויסט,גרמים,55.00,100 גרם,false,,2.90,0.0527,true,1,81445
7290112343260,false,רוטב שמנת קלאסי 260,יטבתה,,רוטב שמנת קלאסי 260,גרמים,260.00,100 גרם,false,,10.50,0.0404,true,1,81125
7290112343420,false,יטבתה פרו ארוחת בוקר,,,יטבתה פרו ארוחת בוקר,מיליליטרים,350.00,"100 מ""ל",false,,7.40,0.0211,true,1,81122
7290112343499,false,צ'יטוס 55 גר' puffs,עלית,,צ'יטוס 55 גר' puffs,גרמים,55.00,100 גרם,false,,3.40,0.0618,true,1,117356
7290112343512,false,צ'יטוס 160 גר' puffs,עלית,,צ'יטוס 160 גר' puffs,גרמים,160.00,100 גרם,false,,7.90,0.0494,true,1,117357
7290112344564,false,רביולי גבינה 400 גר',,,רביולי גבינה 400 גר',גרמים,400.00,100 גרם,false,,19.90,0.0497,true,1,80264
7290112344724,false,מילקי בטעם שוקולד בל,,,מילקי בטעם שוקולד בל,גרמים,133.00,100 גרם,false,,3.30,0.0248,true,1,81113
7290112344755,false,מילקי מופחת סוכר,,,מילקי מופחת סוכר,גרמים,135.00,100 גרם,false,,2.80,0.0207,false,1,86714
7290112344786,false,פלטינום קלאסיק 200 ג,עלית,,פלטינום קלאסיק 200 ג,גרמים,200.00,100 גרם,false,,24.90,0.1245,false,1,82068
7290112344953,false,סימפוניה חציל קלוי,,,סימפוניה חציל קלוי,גרמים,200.00,100 גרם,false,,11.20,0.0560,true,1,87613
7290112344991,false,דנונה לייט אנד פריי,,,דנונה לייט אנד פריי,גרמים,150.00,100 גרם,false,,4.60,0.0307,true,1,80500
7290112346360,false,בפלות אחת אחת בציפוי,,,בפלות אחת אחת בציפוי,גרמים,180.00,100 גרם,false,,13.90,0.0772,true,1,82112
7290112346506,false,דנונה לייט אנד פריי,,,דנונה לייט אנד פריי,גרמים,150.00,100 גרם,false,,4.60,0.0307,true,1,80501
7290112346537,false,פינוקיות בטעם טורטית,,,פינוקיות בטעם טורטית,גרמים,200.00,100 גרם,false,,11.50,0.0575,true,1,81111
7290112346629,false,דנונה קראנצ עם קורנפ,שטראוס דנונה,,דנונה קראנצ עם קורנפ,גרמים,172.00,100 גרם,false,,4.60,0.0267,false,1,83767
7290112346773,false,דנונה לייט אנד פריי,,,דנונה לייט אנד פריי,גרמים,150.00,100 גרם,false,,4.60,0.0307,true,1,87353
7290112346797,false,אקטיביה שיבולת שועל,,,אקטיביה שיבולת שועל,גרמים,150.00,100 גרם,false,,4.60,0.0307,true,1,82849
7290112347008,false,גמדים ארוחת בוקר תות,,,גמדים ארוחת בוקר תות,גרמים,100.00,100 גרם,false,,5.70,0.0570,true,1,81116
7290112348142,false,שעועית לבנה טעם הטבע,,,שעועית לבנה טעם הטבע,גרמים,230.00,100 גרם,false,,6.50,0.0283,true,1,83455
7290112348616,false,קפה נמס אגוזי לוז,,,קפה נמס אגוזי לוז,גרמים,100.00,100 גרם,false,,15.90,0.1590,false,1,85665
7290112348999,false,פריכיות טעימות תירס,,,פריכיות טעימות תירס,גרמים,135.00,100 גרם,false,,12.90,0.0956,true,1,86726
7290112349316,false,בזוקה בטעם תות,,,בזוקה בטעם תות,גרמים,86.00,100 גרם,false,,14.90,0.1733,true,1,82843
7290112349606,false,דניאלה תות בננה,,,דניאלה תות בננה,גרמים,88.00,100 גרם,false,,4.10,0.0466,true,1,118585
7290112349705,false,פומודורו רוטב עגבניו,,,פומודורו רוטב עגבניו,גרמים,350.00,100 גרם,false,,11.90,0.0340,true,1,81499
7290112349736,false,בזיליקום רוטב עגבניו,,,בזיליקום רוטב עגבניו,גרמים,350.00,100 גרם,false,,11.90,0.0340,true,1,81500
7290112349750,false,רוטב עגבניות לפיצה,,,רוטב עגבניות לפיצה,גרמים,350.00,100 גרם,false,,11.90,0.0340,true,1,81502
7290112349897,false,מאסט קוביות מנטה,,,מאסט קוביות מנטה,גרמים,86.00,100 גרם,false,,14.90,0.1733,true,1,82937
7290112350312,false,קפסולות 15 למכונות נ,,,קפסולות 15 למכונות נ,גרמים,50.00,100 גרם,false,,16.90,0.3380,false,1,84825
7290112351067,false,סילאן טבעי לחיץ 630,,,סילאן טבעי לחיץ 630,גרמים,630.00,100 גרם,false,,25.90,0.0411,true,1,82938
7290112351258,false,פינוקיות שחור לבן,,,פינוקיות שחור לבן,גרמים,200.00,100 גרם,false,,11.50,0.0575,true,1,84823
7290112351463,false,סוכריות FRESH פטל לי,,,סוכריות FRESH פטל לי,גרמים,45.00,100 גרם,false,,9.50,0.2111,true,1,83917
7290112351470,false,סוכריות FRESH בטעם ר,,,סוכריות FRESH בטעם ר,גרמים,45.00,100 גרם,false,,9.50,0.2111,true,1,83918
7290112351524,false,עלי סלנובה 200 גר  ש,,,עלי סלנובה 200 גר  ש,גרמים,200.00,100 גרם,false,,10.90,0.0545,true,1,84802
7290112353412,false,פריכיות משולשות-תפוא,,,פריכיות משולשות-תפוא,גרמים,30.00,100 גרם,false,,5.50,0.1833,true,1,84824
7290112353887,false,משקה קפה קר בטעם אגו,,,משקה קפה קר בטעם אגו,מיליליטרים,230.00,"100 מ""ל",false,,7.50,0.0326,true,1,84298
7290112354174,false,פסטה רוזה דלישס,,,פסטה רוזה דלישס,גרמים,280.00,100 גרם,false,,19.90,0.0711,true,1,117534
7290112354211,false,פיצה מרגריטה דלישס,,,פיצה מרגריטה דלישס,גרמים,400.00,100 גרם,false,,22.90,0.0572,true,1,117345
7290112354235,false,ברקטה פיצה,,,ברקטה פיצה,גרמים,300.00,100 גרם,false,,22.90,0.0763,true,1,117347
7290112354945,false,תפוצ'יפס בטעם טבעי 5,עלית,,תפוצ'יפס בטעם טבעי 5,גרמים,50.00,100 גרם,false,,3.90,0.0780,false,1,122166
7290112354952,false,תפוצ'יפס בטעם פפריקה,עלית,,תפוצ'יפס בטעם פפריקה,גרמים,50.00,100 גרם,false,,3.90,0.0780,false,1,122165
7290112354969,false,תפוצ'יפס טבעי 200 גר,עלית,,תפוצ'יפס טבעי 200 גר,גרמים,200.00,100 גרם,false,,10.90,0.0545,false,1,122167
7290112355027,false,דנונה פרו 20 גר קרמל,,,דנונה פרו 20 גר קרמל,גרמים,200.00,100 גרם,false,,5.90,0.0295,false,1,86716
7290112355102,false,גמדים פאו'ץ סלט פירו,,,גמדים פאו'ץ סלט פירו,גרמים,100.00,100 גרם,false,,5.70,0.0570,true,1,87395
7290112355386,false,רוטב שמנת בטעם קרמל,יטבתה,,רוטב שמנת בטעם קרמל,מיליליטרים,260.00,"100 מ""ל",false,,10.50,0.0404,true,1,120050
7290112355393,false,רוטב שמנת עם בטטה,,,רוטב שמנת עם בטטה,מיליליטרים,257.00,"100 מ""ל",false,,10.50,0.0409,true,1,122104
7290112355775,false,סימפוניה עירית 5%,שטראוס,,סימפוניה עירית 5%,גרמים,200.00,100 גרם,false,,11.20,0.0560,false,1,121166
7290112356536,false,קקאו 150 גרם+10%,עלית,,קקאו 150 גרם+10%,גרמים,165.00,100 גרם,false,,10.50,0.0636,true,1,84311
7290112357045,false,עגבניות איטלקיות מרו,,,עגבניות איטלקיות מרו,גרמים,390.00,100 גרם,false,,6.50,0.0167,true,1,83459
7290112357069,false,מחית עגבניות איטלקיו,,,מחית עגבניות איטלקיו,גרמים,500.00,100 גרם,false,,6.90,0.0138,true,1,83460
7290112357076,false,קוביות עגבניות איטלק,,,קוביות עגבניות איטלק,גרמים,390.00,100 גרם,false,,6.50,0.0167,true,1,84826
7290112357083,false,אפונת גינה טעם הטבע,,,אפונת גינה טעם הטבע,גרמים,250.00,100 גרם,false,,6.50,0.0260,true,1,83456
7290112357106,false,שעועית אדומה טעם הטב,,,שעועית אדומה טעם הטב,גרמים,230.00,100 גרם,false,,6.50,0.0283,true,1,83461
7290112357113,false,גרגרי חומוס טעם הטבע,,,גרגרי חומוס טעם הטבע,גרמים,230.00,100 גרם,false,,6.50,0.0283,true,1,83457
7290112357175,false,קפסולות BOOST למכונת,,,קפסולות BOOST למכונת,גרמים,50.00,100 גרם,false,,16.90,0.3380,false,1,82128
7290112357892,false,סוכריות FRESH מנטה,,,סוכריות FRESH מנטה,גרמים,45.00,100 גרם,false,,9.50,0.2111,true,1,83919
7290112358004,false,פסק זמן קראנץ',,,פסק זמן קראנץ',גרמים,32.00,100 גרם,false,,5.00,0.1563,false,1,86127
7290112358127,false,דנונה פרו עם מגנזיום,,,דנונה פרו עם מגנזיום,גרמים,200.00,100 גרם,false,,6.20,0.0310,false,1,86206
7290112358219,false,רוטב צ'ילי מתוק 300,,,רוטב צ'ילי מתוק 300,גרמים,300.00,100 גרם,false,,13.90,0.0463,true,1,84308
7290112358233,false,רוטב צילי חריף,,,רוטב צילי חריף,גרמים,300.00,100 גרם,false,,13.90,0.0463,true,1,84827
7290112358240,false,רוטב גריל,יד מרדכי,,רוטב גריל,גרמים,300.00,100 גרם,false,,13.90,0.0463,true,1,83262
7290112358257,false,רוטב לעוף עם שזיפים,יד מרדכי,,רוטב לעוף עם שזיפים,גרמים,300.00,100 גרם,false,,13.90,0.0463,true,1,83263
7290112358431,false,עד חצות דאבל 200 גרם,עלית,,עד חצות דאבל 200 גרם,גרמים,200.00,100 גרם,false,,13.90,0.0695,false,1,88683
7290112358554,false,מארז נמס לדרך,,,מארז נמס לדרך,גרמים,50.00,100 גרם,false,,11.50,0.2300,false,1,84848
7290112358561,false,קפה פלטינום קלאסיק,,,קפה פלטינום קלאסיק,גרמים,47.00,100 גרם,false,,6.90,0.1468,true,1,118286
7290112359353,false,קפה טורקי אלדין 200,עלית,,קפה טורקי אלדין 200,גרמים,200.00,100 גרם,false,,18.90,0.0945,false,1,120890
7290112359902,false,קפה פלטינום ברזיל 47,,,קפה פלטינום ברזיל 47,גרמים,47.00,100 גרם,false,,6.90,0.1468,true,1,118545
7290112490117,false,קליק טבלה וופל ואגוז,קליק,,קליק טבלה וופל ואגוז,גרמים,85.00,100 גרם,false,,7.00,0.0824,false,1,74791
7290112490209,false,נמס בכוס עגבניות קרו,קנור,,נמס בכוס עגבניות קרו,גרמים,56.00,100 גרם,false,,7.00,0.1250,true,1,74683
7290112490216,false,נמס בכוס טעם עוף קרט,קנור,,נמס בכוס טעם עוף קרט,גרמים,48.00,100 גרם,false,,7.00,0.1458,true,1,74684
7290112490230,false,נמס בכוס אפונה רכיבי,קנור,,נמס בכוס אפונה רכיבי,גרמים,50.00,100 גרם,false,,7.00,0.1400,true,1,74685
7290112490582,false,חרדל דיז'ון צרפתי,הלמנ'ס,,חרדל דיז'ון צרפתי,גרמים,350.00,100 גרם,false,,13.90,0.0397,true,1,74706
7290112490599,false,חרדל צרפתי עם גרגירי,הלמנ'ס,,חרדל צרפתי עם גרגירי,גרמים,350.00,100 גרם,false,,13.90,0.0397,true,1,74707
7290112490667,false,קונפיטורת משמשים 778,,,קונפיטורת משמשים 778,גרמים,340.00,100 גרם,false,,14.40,0.0424,true,1,74788
7290112490698,false,קונפיטורת תות לייט 7,,,קונפיטורת תות לייט 7,גרמים,260.00,100 גרם,false,,15.90,0.0612,true,1,76309
7290112490728,false,מרק היום ירקות בורגו,קנור,,מרק היום ירקות בורגו,גרמים,95.00,100 גרם,false,,12.90,0.1358,true,1,75518
7290112490735,false,מרק היום עגבניות ופס,קנור,,מרק היום עגבניות ופס,גרמים,105.00,100 גרם,false,,12.90,0.1229,true,1,75483
7290112490742,false,מרק עשיר פטריות גריס,קנור,,מרק עשיר פטריות גריס,גרמים,104.00,100 גרם,false,,12.90,0.1240,true,1,75175
7290112490759,false,מרק היום עוף אטריות,קנור,,מרק היום עוף אטריות,גרמים,74.00,100 גרם,false,,12.90,0.1743,true,1,75484
7290112490896,false,רוטב צ'ילי חריף קנור,קנור,,רוטב צ'ילי חריף קנור,גרמים,370.00,100 גרם,false,,12.90,0.0349,true,1,75956
7290112491497,false,מרק פטריות 400 גר' ק,קנור,,מרק פטריות 400 גר' ק,גרמים,400.00,100 גרם,false,,16.90,0.0422,true,1,82381
7290112491695,false,קונפיטורה משמש לייט,778,,קונפיטורה משמש לייט,גרמים,260.00,100 גרם,false,,15.90,0.0612,true,1,89121
7290112491701,false,ברנפלקס אקסטרה פייבר,תלמה,,ברנפלקס אקסטרה פייבר,גרמים,375.00,100 גרם,false,,21.90,0.0584,false,1,77686
7290112491770,false,בייגלה דקים דקים מלח,בייגל בייגל,,בייגלה דקים דקים מלח,גרמים,300.00,100 גרם,false,,8.90,0.0297,true,1,76426
7290112491787,false,בייגלה דקים דקים שומ,בייגל בייגל,,בייגלה דקים דקים שומ,גרמים,300.00,100 גרם,false,,8.90,0.0297,true,1,76427
7290112491794,false,בייגלה דקים דקים שמנ,בייגל בייגל,,בייגלה דקים דקים שמנ,גרמים,300.00,100 גרם,false,,8.90,0.0297,true,1,76428
7290112492449,false,פינוק שמפו לשיער רגי,פינוק,,פינוק שמפו לשיער רגי,מיליליטרים,700.00,"100 מ""ל",false,,11.90,0.0170,false,1,83116
7290112492456,false,פינוק שמפו שיער יבש,פינוק,,פינוק שמפו שיער יבש,מיליליטרים,700.00,"100 מ""ל",false,,11.90,0.0170,false,1,83118
7290112492463,false,שמפו פינוק 2-ב-1 רגי,פינוק,,שמפו פינוק 2-ב-1 רגי,מיליליטרים,700.00,"100 מ""ל",false,,11.90,0.0170,false,1,83802
7290112492470,false,פינוק 2-ב-1 יבש 700,פינוק,,פינוק 2-ב-1 יבש 700,מיליליטרים,700.00,"100 מ""ל",false,,11.90,0.0170,false,1,87241
7290112492487,false,פינוק שמפו שמן מרוקא,פינוק,,פינוק שמפו שמן מרוקא,מיליליטרים,700.00,"100 מ""ל",false,,11.90,0.0170,false,1,82926
7290112492500,false,שמפו פינוק שמן קוקוס,פינוק,,שמפו פינוק שמן קוקוס,מיליליטרים,700.00,"100 מ""ל",false,,11.90,0.0170,false,1,83132
7290112492531,false,פינוק מרכך לשיער רגי,פינוק,,פינוק מרכך לשיער רגי,מיליליטרים,700.00,"100 מ""ל",false,,11.90,0.0170,false,1,80880
7290112492548,false,פינוק מרכך לשיער יבש,פינוק,,פינוק מרכך לשיער יבש,מיליליטרים,700.00,"100 מ""ל",false,,11.90,0.0170,false,1,80881
7290112492593,false,פינוק תחליב רחצה קלא,פינוק,,פינוק תחליב רחצה קלא,מיליליטרים,700.00,"100 מ""ל",false,,11.90,0.0170,false,1,80874
7290112492609,false,פינוק תחליב רחצה לבנ,פינוק,,פינוק תחליב רחצה לבנ,מיליליטרים,700.00,"100 מ""ל",false,,11.90,0.0170,false,1,80875
7290112492630,false,פינוק 3 ב-1 לגבר 700,פינוק,,פינוק 3 ב-1 לגבר 700,מיליליטרים,700.00,"100 מ""ל",false,,11.90,0.0170,false,1,80885
7290112492753,false,פינוק אל סבון לילדים,פינוק,,פינוק אל סבון לילדים,מיליליטרים,700.00,"100 מ""ל",false,,12.90,0.0184,true,1,84393
7290112492982,false,קנור מרק פטריות רכיב,קנור,,קנור מרק פטריות רכיב,גרמים,400.00,100 גרם,false,,19.90,0.0497,false,1,80848
7290112492999,false,מרק טעם עוף קנור 400,קנור,,מרק טעם עוף קנור 400,גרמים,400.00,100 גרם,false,,13.90,0.0348,false,1,80849
7290112493064,false,קנור רוטב שזיפים 320,קנור,,קנור רוטב שזיפים 320,גרמים,320.00,100 גרם,false,,14.90,0.0466,true,1,80846
7290112493088,false,קנור מרק נמס בכוס עד,קנור,,קנור מרק נמס בכוס עד,גרמים,54.00,100 גרם,false,,7.00,0.1296,false,1,79705
7290112493095,false,קנור מרק נמס בכוס עג,קנור,,קנור מרק נמס בכוס עג,גרמים,85.00,100 גרם,false,,7.00,0.0824,false,1,79345
7290112493293,false,קנור מרק נמס בכוס יר,קנור,,קנור מרק נמס בכוס יר,גרמים,0.00,100 גרם,false,,7.00,0.0000,false,1,79346
7290112493316,false,מרק היום אפונה 100%,קנור,,מרק היום אפונה 100%,גרמים,117.00,100 גרם,false,,12.90,0.1103,true,1,79704
7290112493927,false,גלידה קרמיסימו ריבת,קרמיסימו- שטראוס,,גלידה קרמיסימו ריבת,ליטרים,1.33,ליטר,false,,24.90,18.7218,false,1,80890
7290112493934,false,גלידה קרמיסימו וניל,קרמיסימו- שטראוס,,גלידה קרמיסימו וניל,ליטרים,1.33,ליטר,false,,24.90,18.7218,false,1,80891
7290112493965,false,גלידה קרמיסימו מסטיג,קרמיסימו- שטראוס,,גלידה קרמיסימו מסטיג,ליטרים,1.33,ליטר,false,,24.90,18.7218,false,1,80892
7290112494153,false,קנור תיבולית בניחוח,קנור,,קנור תיבולית בניחוח,גרמים,72.00,100 גרם,false,,10.00,0.1389,true,1,81573
7290112494221,false,קליק ביסקויט,קליק,,קליק ביסקויט,גרמים,65.00,100 גרם,false,,7.00,0.1077,false,1,80564
7290112494276,false,קליק כריות,קליק,,קליק כריות,גרמים,65.00,100 גרם,false,,7.00,0.1077,false,1,80567
7290112494283,false,קליק חום לבן,קליק,,קליק חום לבן,גרמים,65.00,100 גרם,false,,7.00,0.1077,false,1,80568
7290112494313,false,קליק קורנפלקס,קליק,,קליק קורנפלקס,גרמים,65.00,100 גרם,false,,7.00,0.1077,false,1,80570
7290112494344,false,קורנפלקס אלופים 850,תלמה,,קורנפלקס אלופים 850,גרמים,850.00,100 גרם,false,,19.90,0.0234,false,1,82342
7290112494351,false,קורנפלקס אלופים 850,תלמה,,קורנפלקס אלופים 850,גרמים,850.00,100 גרם,false,,19.90,0.0234,false,1,82559
7290112494597,false,דומסטוס ג'ל אסלה אבי,,,דומסטוס ג'ל אסלה אבי,מיליליטרים,750.00,"100 מ""ל",false,,8.90,0.0119,true,1,79371
7290112494610,false,קנור רוטב פיקנטי לדג,קנור,,קנור רוטב פיקנטי לדג,גרמים,415.00,100 גרם,false,,11.90,0.0287,true,1,80997
7290112494795,false,בדין ג'ל לכביסה כחול,בדין,,בדין ג'ל לכביסה כחול,ליטרים,2.50,ליטר,false,,29.90,11.9600,true,1,80676
7290112494801,false,בדין ג'ל לכביסה וורו,בדין,,בדין ג'ל לכביסה וורו,ליטרים,2.50,ליטר,false,,29.90,11.9600,true,1,80677
7290112494825,false,דאב תרחיץ פנים לעור,דאב,,דאב תרחיץ פנים לעור,מיליליטרים,180.00,"100 מ""ל",false,,12.90,0.0717,true,1,86441
7290112494832,false,דאב תרחיץ פנים לעור,דאב,,דאב תרחיץ פנים לעור,מיליליטרים,180.00,"100 מ""ל",false,,12.90,0.0717,true,1,85626
7290112494993,false,כריות וניל תלמה 686,תלמה,,כריות וניל תלמה 686,גרמים,686.00,100 גרם,false,,24.90,0.0363,false,1,80550
7290112495006,false,כריות נוגט תלמה 686,תלמה,,כריות נוגט תלמה 686,גרמים,686.00,100 גרם,false,,26.90,0.0392,false,1,80552
7290112495020,false,כריות צ'וקולדה תלמה,תלמה,,כריות צ'וקולדה תלמה,גרמים,686.00,100 גרם,false,,24.90,0.0363,false,1,80553
7290112495037,false,קוקומן כדורים תלמה ב,תלמה,,קוקומן כדורים תלמה ב,גרמים,375.00,100 גרם,false,,19.90,0.0531,false,1,80660
7290112495044,false,קוקומן  פצפוצים תלמה,תלמה,,קוקומן  פצפוצים תלמה,גרמים,375.00,100 גרם,false,,19.90,0.0531,false,1,80659
7290112495105,false,נשנושים שמנת בצל,בייגל בייגל,,נשנושים שמנת בצל,גרמים,260.00,100 גרם,false,,13.50,0.0519,false,1,80560
7290112495112,false,נשנושים זעתר,בייגל בייגל,,נשנושים זעתר,גרמים,260.00,100 גרם,false,,13.50,0.0519,false,1,80561
7290112495143,false,נשנושי קרקר קוקטייל,בייגל בייגל,,נשנושי קרקר קוקטייל,גרמים,300.00,100 גרם,false,,14.90,0.0497,true,1,80555
7290112495150,false,נשנושי קרקר עיגולים,בייגל בייגל,,נשנושי קרקר עיגולים,גרמים,300.00,100 גרם,false,,14.90,0.0497,true,1,80556
7290112495167,false,נשנושי קרקר משולשי ש,בייגל בייגל,,נשנושי קרקר משולשי ש,גרמים,300.00,100 גרם,false,,14.90,0.0497,true,1,80557
7290112495174,false,נשנושי קרקר קוקטייל,בייגל בייגל,,נשנושי קרקר קוקטייל,גרמים,300.00,100 גרם,false,,14.90,0.0497,true,1,80558
7290112495228,false,קורנפלקס דבש 448 גר',תלמה,,קורנפלקס דבש 448 גר',גרמים,448.00,100 גרם,false,,19.90,0.0444,false,1,80554
7290112495280,false,ברנפלקס ריבועי קינמו,תלמה,,ברנפלקס ריבועי קינמו,גרמים,400.00,100 גרם,false,,19.90,0.0497,false,1,82277
7290112495433,false,דליפקאן 400 גר' תלמה,תלמה,,דליפקאן 400 גר' תלמה,גרמים,400.00,100 גרם,false,,19.90,0.0497,false,1,79700
7290112495556,false,קליק שלישיית ברים נו,קליק,,קליק שלישיית ברים נו,גרמים,105.00,100 גרם,false,,14.90,0.1419,true,1,83803
7290112495662,false,קרקר חיטה מלאה עם פש,בייגל בייגל,,קרקר חיטה מלאה עם פש,גרמים,300.00,100 גרם,false,,9.90,0.0330,true,1,83863
7290112495686,false,קרקר שומשום 220 גר',בייגל בייגל,,קרקר שומשום 220 גר',גרמים,220.00,100 גרם,false,,9.90,0.0450,true,1,83123
7290112495754,false,הלמנס לסלט אלף האיים,הלמנ'ס,,הלמנס לסלט אלף האיים,גרמים,305.00,100 גרם,false,,12.90,0.0423,false,1,82279
7290112495761,false,רוטב אלף האיים לייט,הלמנ'ס,,רוטב אלף האיים לייט,גרמים,305.00,100 גרם,false,,12.90,0.0423,true,1,81846
7290112495785,false,רוטב שום לסלט הלמנס,הלמנ'ס,,רוטב שום לסלט הלמנס,גרמים,300.00,100 גרם,false,,12.90,0.0430,true,1,81847
7290112495792,false,רוטב שום לייט לסלט ה,הלמנ'ס,,רוטב שום לייט לסלט ה,גרמים,300.00,100 גרם,false,,12.90,0.0430,true,1,81848
7290112495808,false,הלמנס רוטב לסלט חרדל,הלמנ'ס,,הלמנס רוטב לסלט חרדל,גרמים,305.00,100 גרם,false,,12.90,0.0423,true,1,82813
7290112495822,false,כריות בלאק 686 גר',תלמה,,כריות בלאק 686 גר',גרמים,686.00,100 גרם,false,,24.90,0.0363,false,1,80850
7290112495976,false,פתית פריכיות תירס מצ,תלמה,,פתית פריכיות תירס מצ,גרמים,35.00,100 גרם,false,,5.40,0.1543,true,1,83337
7290112496027,false,אפיכל סירופ שוקולד 5,אפיכל,,אפיכל סירופ שוקולד 5,גרמים,580.00,100 גרם,false,,12.90,0.0222,true,1,82387
7290112496034,false,סירופ מייפל 580 גר',אפיכל,,סירופ מייפל 580 גר',גרמים,580.00,100 גרם,false,,12.90,0.0222,true,1,83112
7290112496218,false,רוטב טריאקי מופחת נת,קנור,,רוטב טריאקי מופחת נת,גרמים,340.00,100 גרם,false,,12.90,0.0379,true,1,82809
7290112496270,false,"פתית צ'יפס תפו""א עם",פתית,,"פתית צ'יפס תפו""א עם",גרמים,22.00,100 גרם,false,,4.90,0.2227,true,1,84182
7290112496287,false,פתית צ'יפס בטטה בטעם,פתית,,פתית צ'יפס בטטה בטעם,גרמים,21.00,100 גרם,false,,4.90,0.2333,true,1,84183
7290112496294,false,פתית צ'יפס עם אפונה,פתית,,פתית צ'יפס עם אפונה,גרמים,22.00,100 גרם,false,,4.90,0.2227,true,1,84184
7290112496331,false,קורנפלקס בננה 448 גר,תלמה,,קורנפלקס בננה 448 גר,גרמים,448.00,100 גרם,false,,19.90,0.0444,false,1,89208
7290112496430,false,נמס בכוס אקסטרה עגבנ,קנור,,נמס בכוס אקסטרה עגבנ,גרמים,37.00,100 גרם,false,,4.50,0.1216,false,1,119032
7290112496447,false,נמס בכוס אקסטרה טעם,קנור,,נמס בכוס אקסטרה טעם,גרמים,27.00,100 גרם,false,,4.50,0.1667,false,1,119033
7290112496461,false,נמס בכוס אקסטרה ירקו,קנור,,נמס בכוס אקסטרה ירקו,גרמים,32.00,100 גרם,false,,4.50,0.1406,false,1,119034
7290112497000,false,סיף ניקוי כללי לימון,סיף פנטסטיק,,סיף ניקוי כללי לימון,ליטרים,1.00,ליטר,false,,9.90,9.9000,true,1,83449
7290112497031,false,רוטב עגבניות לקציצות,קנור,,רוטב עגבניות לקציצות,גרמים,415.00,100 גרם,false,,11.90,0.0287,true,1,89211
7290112497123,false,סחלב קנור 112 גר',קנור,,סחלב קנור 112 גר',גרמים,112.00,100 גרם,false,,13.50,0.1205,true,1,86640
7290112497505,false,וזלין תחליב גוף אלוו,וזלין,,וזלין תחליב גוף אלוו,מיליליטרים,600.00,"100 מ""ל",false,,27.90,0.0465,true,1,84185
7290112497710,false,פינוק שמפו אל דמע לת,פינוק,,פינוק שמפו אל דמע לת,מיליליטרים,700.00,"100 מ""ל",false,,14.90,0.0213,true,1,121233
7290112497727,false,פינוק אל סבון לתינוק,פינוק,,פינוק אל סבון לתינוק,מיליליטרים,700.00,"100 מ""ל",false,,14.90,0.0213,true,1,121234
7290112497864,false,מרק עוף רכיביים טבעי,קנור,,מרק עוף רכיביים טבעי,גרמים,400.00,100 גרם,false,,19.90,0.0497,true,1,87240
7290112497994,false,גרנולה פרוטאין בתוספ,תלמה,,גרנולה פרוטאין בתוספ,גרמים,300.00,100 גרם,false,,14.90,0.0497,true,1,88752
7290112498007,false,גרנולה פרוטאין בתוספ,תלמה,,גרנולה פרוטאין בתוספ,גרמים,300.00,100 גרם,false,,14.90,0.0497,true,1,88748
7290112498052,false,מאגדת פתית צ'יפס עם,תלמה,,מאגדת פתית צ'יפס עם,גרמים,84.00,100 גרם,false,,15.90,0.1893,true,1,89210
7290112498267,false,פינוק סבון ידיים נוז,,,פינוק סבון ידיים נוז,מיליליטרים,950.00,"100 מ""ל",false,,13.90,0.0146,true,1,89726
7290112498281,false,פינוק סבון ידיים נוז,,,פינוק סבון ידיים נוז,מיליליטרים,950.00,"100 מ""ל",false,,13.90,0.0146,true,1,89728
7290112498441,false,רוטב אסייתי למוקפץ ק,קנור,,רוטב אסייתי למוקפץ ק,גרמים,370.00,100 גרם,false,,12.90,0.0349,false,1,88668
7290112498526,false,פתית צ'יפס עם בטטה ס,פתית,,פתית צ'יפס עם בטטה ס,גרמים,22.00,100 גרם,false,,4.90,0.2227,true,1,89719
7290112498748,false,מאגדת שלגונים מיני ס,שטראוס,,מאגדת שלגונים מיני ס,גרמים,350.00,100 גרם,false,,25.90,0.0740,true,1,87488
7290112498885,false,מאגדת גודי'ס תותים ו,,,מאגדת גודי'ס תותים ו,גרמים,235.00,100 גרם,false,,25.90,0.1102,true,1,87711
7290112498915,false,מאגדת מיני מגנום שקד,מגנום- שטראוס,,מאגדת מיני מגנום שקד,גרמים,250.00,100 גרם,false,,27.90,0.1116,true,1,89367
7290112498922,false,מאגדת מיני מגנום שוק,מגנום- שטראוס,,מאגדת מיני מגנום שוק,גרמים,250.00,100 גרם,false,,27.90,0.1116,true,1,89366
7290112499097,false,מיני מגנום מריר מאגד,,,מיני מגנום מריר מאגד,גרמים,240.00,100 גרם,false,,27.90,0.1162,true,1,118957
7290112499196,false,קרמיסימו חלב קורנפלק,קרמיסימו- שטראוס,,קרמיסימו חלב קורנפלק,ליטרים,1.33,ליטר,false,,22.90,17.2180,false,1,120933
7290112499219,false,מאגדת שלגונים גודיס,שטראוס,,מאגדת שלגונים גודיס,גרמים,235.00,100 גרם,false,,25.90,0.1102,true,1,120271
7290112499462,false,פינוק תחליב רחצה שמן,פינוק,,פינוק תחליב רחצה שמן,מיליליטרים,700.00,"100 מ""ל",false,,11.90,0.0170,false,1,89361
7290112499479,false,פינוק שמפו קרטין 700,פינוק,,פינוק שמפו קרטין 700,מיליליטרים,700.00,"100 מ""ל",false,,11.90,0.0170,false,1,87792
7290112499844,false,מאגדת מיני מגנום דוא,מגנום- שטראוס,,מאגדת מיני מגנום דוא,גרמים,310.00,100 גרם,false,,27.90,0.0900,true,1,81284
7290112499943,false,מאגדת מיני מגנום קלא,מגנום- שטראוס,,מאגדת מיני מגנום קלא,גרמים,250.00,100 גרם,false,,27.90,0.1116,true,1,81290
7290112705426,false,צלחת במבוק חד-קרן,,,צלחת במבוק חד-קרן,יחידה,0.00,יחידה,false,,12.90,0.0000,true,1,78668
7290112705457,false,קערה במבוק חד-קרן,,,קערה במבוק חד-קרן,יחידה,0.00,יחידה,false,,8.90,0.0000,true,1,78683
7290112705488,false,כוס במבוק חד-קרן,,,כוס במבוק חד-קרן,יחידה,0.00,יחידה,false,,7.90,0.0000,true,1,78700
7290112705501,false,כוס במבוק נסיכות,,,כוס במבוק נסיכות,יחידה,0.00,יחידה,false,,7.90,0.0000,true,1,78701
7290112961266,false,אסם בייגלה כפיות פיז,,,אסם בייגלה כפיות פיז,גרמים,300.00,100 גרם,false,,11.90,0.0397,true,1,77676
7290112961327,false,אסם בייגלה כפיות פיז,,,אסם בייגלה כפיות פיז,גרמים,300.00,100 גרם,false,,11.90,0.0397,true,1,77677
7290112961372,false,פיטנס חטיפי פריכיות,,,פיטנס חטיפי פריכיות,גרמים,60.00,100 גרם,false,,8.50,0.1417,true,1,76693
7290112961440,false,פיטנס בר פריכיות שוק,,,פיטנס בר פריכיות שוק,גרמים,84.00,100 גרם,false,,12.90,0.1536,true,1,82225
7290112961464,false,חטיפי פריכיות פיטנס,,,חטיפי פריכיות פיטנס,גרמים,60.00,100 גרם,false,,8.50,0.1417,true,1,76694
7290112962287,false,טבעול שווארמה טבעוני,,,טבעול שווארמה טבעוני,גרמים,450.00,100 גרם,false,,31.00,0.0689,true,1,81460
7290112962737,false,שניצל טבעול מהצומח ע,,,שניצל טבעול מהצומח ע,גרמים,664.00,100 גרם,false,,28.90,0.0435,true,1,76073
7290112963321,false,בייגלה גרפיטי שטוח ל,,,בייגלה גרפיטי שטוח ל,גרמים,300.00,100 גרם,false,,11.90,0.0397,true,1,83182
7290112963529,false,מאגדת אקסטרים שוקו ו,נסטלה גלידות,,מאגדת אקסטרים שוקו ו,גרמים,444.00,100 גרם,false,,32.00,0.0721,true,1,77908
7290112963642,false,מקלות פילו פיצה,,,מקלות פילו פיצה,גרמים,90.00,100 גרם,false,,5.90,0.0656,true,1,78434
7290112963666,false,מקלות פילו גבינה,,,מקלות פילו גבינה,גרמים,90.00,100 גרם,false,,5.90,0.0656,true,1,78143
7290112963741,false,מקלות פילו תפוחים,,,מקלות פילו תפוחים,גרמים,90.00,100 גרם,false,,5.90,0.0656,true,1,78144
7290112963918,false,פיטנס קרקר דק רוזמרי,,,פיטנס קרקר דק רוזמרי,גרמים,140.00,100 גרם,false,,11.90,0.0850,true,1,78536
7290112964410,false,רוטב אלף האיים לסלט,אסם,,רוטב אלף האיים לסלט,מיליליטרים,290.00,"100 מ""ל",false,,12.00,0.0414,false,1,78514
7290112964434,false,רוטב קיסר לסלט אסם 2,אסם,,רוטב קיסר לסלט אסם 2,מיליליטרים,295.00,"100 מ""ל",false,,12.00,0.0407,true,1,78515
7290112964458,false,רוטב ויניגרט לסלט אס,אסם,,רוטב ויניגרט לסלט אס,מיליליטרים,295.00,"100 מ""ל",false,,12.00,0.0407,false,1,78517
7290112964472,false,רוטב שום לסלט אסם 29,אסם,,רוטב שום לסלט אסם 29,מיליליטרים,290.00,"100 מ""ל",false,,12.00,0.0414,true,1,78516
7290112964502,false,רוטב אלף האיים לסלט,אסם,,רוטב אלף האיים לסלט,מיליליטרים,600.00,"100 מ""ל",false,,18.50,0.0308,true,1,78522
7290112964564,false,רוטב אלף האיים לייט,אסם,,רוטב אלף האיים לייט,מיליליטרים,295.00,"100 מ""ל",false,,12.00,0.0407,false,1,78518
7290112964601,false,רוטב בנוסח סצו'אן 29,,,רוטב בנוסח סצו'אן 29,מיליליטרים,290.00,"100 מ""ל",false,,13.90,0.0479,true,1,78395
7290112964625,false,רוטב שום לייט לסלט א,אסם,,רוטב שום לייט לסלט א,מיליליטרים,310.00,"100 מ""ל",false,,12.00,0.0387,false,1,78519
7290112964724,false,המבורגר טבעוני טבעול,,,המבורגר טבעוני טבעול,גרמים,580.00,100 גרם,false,,31.00,0.0534,true,1,79229
7290112965288,false,זוג מרק נמס ירקות אס,אסם,,זוג מרק נמס ירקות אס,גרמים,30.00,100 גרם,false,,5.90,0.1967,true,1,79338
7290112965301,false,זוג מרק נמס טעם עוף,אסם,,זוג מרק נמס טעם עוף,גרמים,38.00,100 גרם,false,,5.90,0.1553,true,1,79332
7290112965325,false,אורז ספרדי אסם,אסם,,אורז ספרדי אסם,גרמים,140.00,100 גרם,false,,10.90,0.0779,false,1,81076
7290112965363,false,קציצת קינואה וברוקול,,,קציצת קינואה וברוקול,גרמים,525.00,100 גרם,false,,31.00,0.0590,false,1,80796
7290112965660,false,פיטנס חטיף מולטיגריי,,,פיטנס חטיף מולטיגריי,גרמים,25.00,100 גרם,false,,4.90,0.1960,true,1,86078
7290112965684,false,פיטנס חטיף מולטיגריי,,,פיטנס חטיף מולטיגריי,גרמים,25.00,100 גרם,false,,4.90,0.1960,true,1,86079
7290112965707,false,פיטנס חטיף מולטיגריי,,,פיטנס חטיף מולטיגריי,גרמים,25.00,100 גרם,false,,4.90,0.1960,true,1,86080
7290112965868,false,קרם קרקר במליחות מעו,אסם,,קרם קרקר במליחות מעו,גרמים,250.00,100 גרם,false,,8.50,0.0340,true,1,81036
7290112965905,false,בייגלה אסם שמיניות ב,,,בייגלה אסם שמיניות ב,גרמים,400.00,100 גרם,false,,11.00,0.0275,true,1,81098
7290112965943,false,טבעול נאגטס ירקות יר,,,טבעול נאגטס ירקות יר,גרמים,500.00,100 גרם,false,,31.00,0.0620,true,1,83274
7290112965967,false,טבעול נאגטס ירקות כת,,,טבעול נאגטס ירקות כת,גרמים,500.00,100 גרם,false,,31.00,0.0620,true,1,83272
7290112965981,false,טבעול גורמה ארוחת דג,,,טבעול גורמה ארוחת דג,גרמים,450.00,100 גרם,false,,33.90,0.0753,true,1,119135
7290112966001,false,טבעול גורמה ארוחת יר,,,טבעול גורמה ארוחת יר,גרמים,450.00,100 גרם,false,,33.90,0.0753,true,1,119136
7290112966094,false,עוגת הבית תפוז מופחת,אסם,,עוגת הבית תפוז מופחת,גרמים,400.00,100 גרם,false,,13.90,0.0348,false,1,81038
7290112966247,false,לחמית כוסמין 200 גרם,,,לחמית כוסמין 200 גרם,גרמים,200.00,100 גרם,false,,10.50,0.0525,false,1,82775
7290112966445,false,במבה מתוקה 100 גר,,,במבה מתוקה 100 גר,גרמים,100.00,100 גרם,false,,8.00,0.0800,false,1,80223
7290112966803,false,אינסטנט פודינג שוקול,אסם,,אינסטנט פודינג שוקול,גרמים,88.00,100 גרם,false,,5.80,0.0659,false,1,81079
7290112966841,false,פודינג בטעם שוקולד מ,אסם,,פודינג בטעם שוקולד מ,גרמים,90.00,100 גרם,false,,5.80,0.0644,false,1,81080
7290112967114,false,פיטנס חטיפי פריכיות,,,פיטנס חטיפי פריכיות,גרמים,60.00,100 גרם,false,,8.50,0.1417,true,1,82226
7290112967138,false,בייגלה אסם שמיניות ל,אסם,,בייגלה אסם שמיניות ל,גרמים,250.00,100 גרם,false,,13.50,0.0540,true,1,81101
7290112967381,false,פיטנס חטיפי פריכיות,,,פיטנס חטיפי פריכיות,גרמים,60.00,100 גרם,false,,8.50,0.1417,true,1,82227
7290112967510,false,בייבי חליות בונז'ור,בונז'ור,,בייבי חליות בונז'ור,גרמים,90.00,100 גרם,false,,2.50,0.0278,true,1,80921
7290112967800,false,אסם בישולים מיקס בצל,,,אסם בישולים מיקס בצל,גרמים,200.00,100 גרם,false,,18.90,0.0945,true,1,81468
7290112967848,false,ג'לי תות שדה מופחת ס,אסם,,ג'לי תות שדה מופחת ס,גרמים,90.00,100 גרם,false,,6.50,0.0722,true,1,81081
7290112968203,false,סלט טחינה בלאדי צבר,,,סלט טחינה בלאדי צבר,גרמים,250.00,100 גרם,false,,10.90,0.0436,true,1,82122
7290112968340,false,חומוס גרוס גס גס צבר,,,חומוס גרוס גס גס צבר,גרמים,400.00,100 גרם,false,,13.90,0.0348,true,1,81477
7290112968449,false,סלט כרוב אדום צבר 25,,,סלט כרוב אדום צבר 25,גרמים,250.00,100 גרם,false,,10.90,0.0436,true,1,82123
7290112968784,false,טבעול חטיפי כרובית 4,טבעול,,טבעול חטיפי כרובית 4,גרמים,450.00,100 גרם,false,,31.00,0.0689,true,1,82782
7290112968807,false,פיטנס קרקר דק סלק,,,פיטנס קרקר דק סלק,גרמים,140.00,100 גרם,false,,11.90,0.0850,true,1,86775
7290112968821,false,פיטנס קרקר דק בטטה,,,פיטנס קרקר דק בטטה,גרמים,140.00,100 גרם,false,,11.90,0.0850,true,1,86778
7290112969002,false,פודינג פיסטוק אסם,אסם,,פודינג פיסטוק אסם,גרמים,80.00,100 גרם,false,,5.80,0.0725,false,1,82768
7290112969286,false,אסם בישולים רוטב חרד,,,אסם בישולים רוטב חרד,גרמים,330.00,100 גרם,false,,15.90,0.0482,true,1,86465
7290112969903,false,טבעול נאגטס ירקות לב,,,טבעול נאגטס ירקות לב,גרמים,500.00,100 גרם,false,,31.00,0.0620,true,1,83273
7290113190757,false,חלבה תלתלים בטעם וני,,,חלבה תלתלים בטעם וני,גרמים,300.00,100 גרם,false,,13.90,0.0463,true,1,121024
7290113190771,false,חלבה תלתלים בטעם שוק,,,חלבה תלתלים בטעם שוק,גרמים,300.00,100 גרם,false,,13.90,0.0463,true,1,121025
7290113191099,false,סירופ מייפל טהור שקד,,,סירופ מייפל טהור שקד,מיליליטרים,250.00,"100 מ""ל",false,,19.90,0.0796,true,1,120734
7290113192300,false,זיתים חרוזית מושחר 2,בית השיטה,,זיתים חרוזית מושחר 2,גרמים,275.00,100 גרם,false,,9.90,0.0360,true,1,81291
7290113192317,false,טבעות זיתים מושחרים,בית השיטה,,טבעות זיתים מושחרים,גרמים,280.00,100 גרם,false,,10.90,0.0389,true,1,81292
7290113192324,false,זיתים ירוקים מנזנילו,בית השיטה,,זיתים ירוקים מנזנילו,גרמים,340.00,100 גרם,false,,8.90,0.0262,true,1,81293
7290113192331,false,זיתים ירוקים גדולים,בית השיטה,,זיתים ירוקים גדולים,גרמים,340.00,100 גרם,false,,9.90,0.0291,true,1,81294
7290113192348,false,זיתים ירוקים 17-19 ב,בית השיטה,,זיתים ירוקים 17-19 ב,גרמים,340.00,100 גרם,false,,9.90,0.0291,true,1,81296
7290113192355,false,זיתים ירוקים חרוזית,בית השיטה,,זיתים ירוקים חרוזית,גרמים,275.00,100 גרם,false,,9.90,0.0360,false,1,81297
7290113192362,false,זיתים ירוקים טבעות 2,בית השיטה,,זיתים ירוקים טבעות 2,גרמים,280.00,100 גרם,false,,10.90,0.0389,true,1,81298
7290113192379,false,זיתים ירוקים מבוקעים,בית השיטה,,זיתים ירוקים מבוקעים,גרמים,340.00,100 גרם,false,,9.90,0.0291,true,1,81309
7290113192386,false,זיתים סורי מבוקע 340,בית השיטה,,זיתים סורי מבוקע 340,גרמים,340.00,100 גרם,false,,10.90,0.0321,true,1,81310
7290113192393,false,קוקטייל זיתים 336 גר,בית השיטה,,קוקטייל זיתים 336 גר,גרמים,336.00,100 גרם,false,,11.90,0.0354,true,1,81311
7290113192478,false,מלפפון במלח 10-12 32,בית השיטה,,מלפפון במלח 10-12 32,גרמים,320.00,100 גרם,false,,7.90,0.0247,false,1,81319
7290113192485,false,מלפפון בחומץ 10-12 2,בית השיטה,,מלפפון בחומץ 10-12 2,גרמים,290.00,100 גרם,false,,7.90,0.0272,true,1,81320
7290113192492,false,מלפפון בחומץ 13-17 2,בית השיטה,,מלפפון בחומץ 13-17 2,גרמים,290.00,100 גרם,false,,10.90,0.0376,false,1,81321
7290113192508,false,מלפפון במלח 13-17  ב,בית השיטה,,מלפפון במלח 13-17  ב,גרמים,320.00,100 גרם,false,,10.90,0.0341,false,1,81322
7290113192515,false,מלפפון במלח 18-25 32,בית השיטה,,מלפפון במלח 18-25 32,גרמים,320.00,100 גרם,false,,12.90,0.0403,true,1,81327
7290113192522,false,מלפפון בחומץ 18-25 2,בית השיטה,,מלפפון בחומץ 18-25 2,גרמים,290.00,100 גרם,false,,12.90,0.0445,true,1,81328
7290113192539,false,מלפפון במלח 7-9 320,בית השיטה,,מלפפון במלח 7-9 320,גרמים,320.00,100 גרם,false,,6.50,0.0203,false,1,81329
7290113192546,false,מלפפון בחומץ 7-9 290,בית השיטה,,מלפפון בחומץ 7-9 290,גרמים,290.00,100 גרם,false,,6.50,0.0224,false,1,81330
7290113192553,false,מלפפון במלח בלדי 13-,בית השיטה,,מלפפון במלח בלדי 13-,גרמים,320.00,100 גרם,false,,10.90,0.0341,true,1,81331
7290113192560,false,פלפל שיפקה 230 גרם,בית השיטה,,פלפל שיפקה 230 גרם,גרמים,230.00,100 גרם,false,,7.90,0.0343,true,1,81332
7290113192577,false,כרוב כבוש 430 גרם,בית השיטה,,כרוב כבוש 430 גרם,גרמים,430.00,100 גרם,false,,8.90,0.0207,false,1,81333
7290113192997,false,בית השיטה זיתים מרוק,,,בית השיטה זיתים מרוק,גרמים,340.00,100 גרם,false,,12.90,0.0379,false,1,82213
7290113193000,false,פלפל שיפקונית בית הש,,,פלפל שיפקונית בית הש,גרמים,230.00,100 גרם,false,,11.90,0.0517,true,1,82217
7290113193017,false,קוקטייל זיתים בית הש,,,קוקטייל זיתים בית הש,גרמים,275.00,100 גרם,false,,12.90,0.0469,false,1,82214
7290113193031,false,חרוזית קלמטה בית השי,,,חרוזית קלמטה בית השי,גרמים,275.00,100 גרם,false,,12.90,0.0469,false,1,82211
7290113193321,false,שמן זית כתית מעולה 7,,,שמן זית כתית מעולה 7,מיליליטרים,750.00,"100 מ""ל",false,,29.90,0.0399,false,1,82708
7290113193369,false,תרסיס שמן קנולה  בית,,,תרסיס שמן קנולה  בית,מיליליטרים,150.00,"100 מ""ל",false,,13.90,0.0927,true,1,87553
7290113193406,false,טבעות קוקטייל זיתים,,,טבעות קוקטייל זיתים,גרמים,280.00,100 גרם,false,,12.90,0.0461,false,1,82689
7290113193888,false,בית השיטה חצילים מוח,,,בית השיטה חצילים מוח,גרמים,320.00,100 גרם,false,,11.90,0.0372,true,1,86802
7290113194090,false,טבעות זיתים קלמטה בי,,,טבעות זיתים קלמטה בי,גרמים,280.00,100 גרם,false,,12.90,0.0461,false,1,85822
7290113194298,false,בית השיטה רצועות סלק,,,בית השיטה רצועות סלק,גרמים,215.00,100 גרם,false,,8.90,0.0414,true,1,87116
7290113194359,false,זיתים מגולענים בנוח,,,זיתים מגולענים בנוח,גרמים,215.00,100 גרם,false,,12.90,0.0600,true,1,88363
7290113195172,false,רצועות קולורבי בתחמי,,,רצועות קולורבי בתחמי,גרמים,215.00,100 גרם,false,,10.90,0.0507,true,1,88361
7290113195363,false,שמן חמניות בית השיטה,,,שמן חמניות בית השיטה,ליטרים,1.00,ליטר,false,,13.90,13.9000,true,1,89375
7290113196001,false,פסטה ספגטי שקדיה,,,פסטה ספגטי שקדיה,גרמים,500.00,100 גרם,false,,3.90,0.0078,true,1,121833
7290113196018,false,פסטה פוזילי 500 ג' ש,,,פסטה פוזילי 500 ג' ש,גרמים,500.00,100 גרם,false,,3.90,0.0078,true,1,121586
7290113196025,false,פסטה צינורות שקדיה 5,,,פסטה צינורות שקדיה 5,גרמים,500.00,100 גרם,false,,3.90,0.0078,true,1,121576
7290113196032,false,פסטה צדפים שקדיה,,,פסטה צדפים שקדיה,גרמים,500.00,100 גרם,false,,3.90,0.0078,true,1,121834
7290113196414,false,"אורז בסמטי 1 ק""ג שקד",,,"אורז בסמטי 1 ק""ג שקד",קילוגרמים,1.00,"ק""ג",false,,9.90,9.9000,true,1,117994
7290113196490,false,פריכיות כוסמת בתוספת,,,פריכיות כוסמת בתוספת,גרמים,150.00,100 גרם,false,,9.90,0.0660,true,1,117992
7290113196520,false,פריכיות כוסמין ללא מ,,,פריכיות כוסמין ללא מ,גרמים,150.00,100 גרם,false,,9.90,0.0660,true,1,117993
7290113196780,false,זיתים ירוקים מבוקעים,,,זיתים ירוקים מבוקעים,גרמים,900.00,100 גרם,false,,22.90,0.0254,true,1,118779
7290113196896,false,תרסיס שמן זית שקדיה,,,תרסיס שמן זית שקדיה,מיליליטרים,170.00,"100 מ""ל",false,,11.90,0.0700,true,1,117466
7290113197800,false,פלפל קלוי בית השיטה,,,פלפל קלוי בית השיטה,גרמים,400.00,100 גרם,false,,11.90,0.0298,true,1,120318
7290113197817,false,חציל קלוי בית השיטה,,,חציל קלוי בית השיטה,גרמים,670.00,100 גרם,false,,11.90,0.0178,true,1,120319
7290113197824,false,בית השיטה לבבות דקל,,,בית השיטה לבבות דקל,גרמים,220.00,100 גרם,false,,9.90,0.0450,true,1,121609
7290113197855,false,בית השיטה תירס גמדי,,,בית השיטה תירס גמדי,גרמים,230.00,100 גרם,false,,9.90,0.0430,true,1,121610
7290113197923,false,בית השיטה טונה בשמן,,,בית השיטה טונה בשמן,גרמים,392.00,100 גרם,false,,24.90,0.0635,false,1,121694
7290113199767,false,ממרח 100% שקדים,,,ממרח 100% שקדים,גרמים,300.00,100 גרם,false,,26.90,0.0897,true,1,120473
7290113199774,false,ממרח 100% בוטנים,,,ממרח 100% בוטנים,גרמים,300.00,100 גרם,false,,13.90,0.0463,true,1,120475
7290113199781,false,ממרח 100% אגוזים ובו,,,ממרח 100% אגוזים ובו,גרמים,200.00,100 גרם,false,,14.90,0.0745,true,1,120474
7290113199880,false,טורטיה בתוספת קמח כו,,,טורטיה בתוספת קמח כו,מיליליטרים,360.00,"100 מ""ל",false,,9.90,0.0275,true,1,121794
7290113284999,false,מסכה לפנים חד פעמית,,,מסכה לפנים חד פעמית,יחידה,0.00,יחידה,false,,10.90,0.0000,true,1,85825
7290113300224,false,לה קט נתחוני סלמון ב,,,לה קט נתחוני סלמון ב,גרמים,85.00,100 גרם,false,,4.90,0.0576,true,1,85247
7290113300262,false,לה קט נתחונים עם טונ,,,לה קט נתחונים עם טונ,גרמים,85.00,100 גרם,false,,4.90,0.0576,true,1,85242
7290113560055,false,פרדונטקס מי פה 500 מ,,,פרדונטקס מי פה 500 מ,מיליליטרים,500.00,"100 מ""ל",false,,29.90,0.0598,true,1,84904
7290113560062,false,סנסודיין משאבה 185 מ,סנסודיין,,סנסודיין משאבה 185 מ,מיליליטרים,185.00,"100 מ""ל",false,,24.90,0.1346,true,1,84107
7290113560109,false,פרדונטקס בטעם צמחי 7,,,פרדונטקס בטעם צמחי 7,מיליליטרים,75.00,"100 מ""ל",false,,30.90,0.4120,true,1,87096
7290113594432,false,אצבעות שוקולד ממולא,,,אצבעות שוקולד ממולא,גרמים,50.00,100 גרם,false,,4.90,0.0980,true,1,87463
7290113622524,false,פסטה כוסמת,,,פסטה כוסמת,גרמים,250.00,100 גרם,false,,9.90,0.0396,true,1,84916
7290113622548,false,פסטה אפונה ללא גלוטן,,,פסטה אפונה ללא גלוטן,גרמים,250.00,100 גרם,false,,9.90,0.0396,true,1,84918
7290113763784,false,מכשיר סודה סטרים  שח,,,מכשיר סודה סטרים  שח,יחידה,0.00,יחידה,false,,499.00,0.0000,false,1,121790
7290114151665,false,סבון ידיים קוקוס אלו,,,סבון ידיים קוקוס אלו,מיליליטרים,500.00,"100 מ""ל",false,,15.90,0.0318,true,1,86497
7290114310215,false,"שמנת מתוקה 250 מ""ל 3",טרה,,"שמנת מתוקה 250 מ""ל 3",מיליליטרים,250.00,"100 מ""ל",false,,6.47,0.0259,true,1,83411
7290114310222,false,חלב מועשר בסידן וויט,טרה,,חלב מועשר בסידן וויט,ליטרים,1.50,ליטר,false,,11.90,7.9333,true,1,84105
7290114310239,false,חלב 2% דל לקטוז 1.5,טרה,,חלב 2% דל לקטוז 1.5,ליטרים,1.50,ליטר,false,,11.90,7.9333,true,1,84099
7290114310246,false,גרנה פדנו צ'אנק 125,משק צוריאל,,גרנה פדנו צ'אנק 125,גרמים,125.00,100 גרם,false,,18.50,0.1480,true,1,87132
7290114310253,false,גרנה פדנו מגורדת 100,משק צוריאל,,גרנה פדנו מגורדת 100,גרמים,100.00,100 גרם,false,,11.90,0.1190,true,1,88116
7290114310338,false,צפתית 5% מעודנת 225,משק צוריאל,,צפתית 5% מעודנת 225,גרמים,225.00,100 גרם,false,,17.50,0.0778,true,1,87575
7290114310536,false,יוגורט לייט מועשר 25,מולר,,יוגורט לייט מועשר 25,גרמים,200.00,100 גרם,false,,6.20,0.0310,true,1,88117
7290114310550,false,פטה עיזים מעודנת 5%,משק צוריאל,,פטה עיזים מעודנת 5%,גרמים,200.00,100 גרם,false,,23.90,0.1195,true,1,88487
7290114310567,false,לאבנה עיזים 5% צוריא,משק צוריאל,,לאבנה עיזים 5% צוריא,גרמים,200.00,100 גרם,false,,14.90,0.0745,true,1,90313
7290114310611,false,משקה חלב בטעם בננה 2,טרה,,משקה חלב בטעם בננה 2,מיליליטרים,250.00,"100 מ""ל",false,,5.50,0.0220,true,1,88855
7290114310628,false,משקה חלב וניל עוגיות,טרה,,משקה חלב וניל עוגיות,ליטרים,1.00,ליטר,false,,12.50,12.5000,true,1,89308
7290114310673,false,לאבנה 9% טרה 250 גר',טרה,,לאבנה 9% טרה 250 גר',גרמים,250.00,100 גרם,false,,12.50,0.0500,true,1,88501
7290114310895,false,מאגדת שמינייה סימפלי,מולר,,מאגדת שמינייה סימפלי,גרמים,1200.00,100 גרם,false,,31.90,0.0266,true,1,118088
7290114310901,false,גבינה לבנה 250 גר' 5,טרה,,גבינה לבנה 250 גר' 5,גרמים,250.00,100 גרם,false,,4.98,0.0199,false,1,117175
7290114310963,false,יוגורט עיזים בדלי 3.,משק צוריאל,,יוגורט עיזים בדלי 3.,גרמים,500.00,100 גרם,false,,14.50,0.0290,true,1,119707
7290114311014,false,משקה חלב אייס קפוצ'י,טרה,,משקה חלב אייס קפוצ'י,מיליליטרים,250.00,"100 מ""ל",false,,5.50,0.0220,true,1,120198
7290114311021,false,משקה חלב וניל עוגיות,טרה,,משקה חלב וניל עוגיות,מיליליטרים,250.00,"100 מ""ל",false,,5.50,0.0220,true,1,120199
7290114311038,false,שמנת מתוקה 32% בבקבו,טרה,,שמנת מתוקה 32% בבקבו,מיליליטרים,250.00,"100 מ""ל",false,,6.90,0.0276,true,1,120145
7290114311069,false,מולר אקטיב 25 גר' חל,מולר,,מולר אקטיב 25 גר' חל,גרמים,200.00,100 גרם,false,,5.80,0.0290,true,1,119455
7290114311076,false,חמאת מולר צהובה עם ש,מולר,,חמאת מולר צהובה עם ש,גרמים,200.00,100 גרם,false,,11.90,0.0595,true,1,120193
7290114311144,false,מה עז גבינת עיזים בג,משק צוריאל,,מה עז גבינת עיזים בג,גרמים,150.00,100 גרם,false,,22.90,0.1527,true,1,120156
7290114311298,false,יוגורט מולר קציפת תו,,,יוגורט מולר קציפת תו,גרמים,150.00,100 גרם,false,,5.00,0.0333,true,1,121265
7290114311304,false,יוגורט מולר פרופ קצי,,,יוגורט מולר פרופ קצי,גרמים,150.00,100 גרם,false,,5.00,0.0333,true,1,121266
7290114311328,false,חלב נטול לקטוז מועשר,טרה,,חלב נטול לקטוז מועשר,ליטרים,1.00,ליטר,false,,7.80,7.8000,false,1,121178
7290114311359,false,יוגורט מולר קציפת מנ,,,יוגורט מולר קציפת מנ,גרמים,150.00,100 גרם,false,,5.00,0.0333,true,1,121264
7290114311458,false,חלב 3% מועשר 1 ליטר,טרה,,חלב 3% מועשר 1 ליטר,ליטרים,1.00,ליטר,false,,7.50,7.5000,false,1,121773
7290114311496,false,חלב 1% מועשר 1 ליטר,טרה,,חלב 1% מועשר 1 ליטר,ליטרים,1.00,ליטר,false,,7.50,7.5000,false,1,121772
7290114600927,false,מאסטר שף עלי טורטיה,,,מאסטר שף עלי טורטיה,גרמים,320.00,100 גרם,false,,9.90,0.0309,true,1,86326
7290114600941,false,מאסטר שף מיונז לחיץ,,,מאסטר שף מיונז לחיץ,מיליליטרים,435.00,"100 מ""ל",false,,12.90,0.0297,true,1,84804
7290114600996,false,מאסטר שף רוטב שום,,,מאסטר שף רוטב שום,מיליליטרים,256.00,"100 מ""ל",false,,9.90,0.0387,true,1,85571
7290114603508,false,מאסטר שף רוטב להקפצה,,,מאסטר שף רוטב להקפצה,מיליליטרים,300.00,"100 מ""ל",false,,7.90,0.0263,true,1,86290
7290114603515,false,מאסטר שף רוטב קארי א,,,מאסטר שף רוטב קארי א,גרמים,340.00,100 גרם,false,,14.90,0.0438,true,1,87479
7290114603539,false,מאסטר שף קרוטונים למ,,,מאסטר שף קרוטונים למ,גרמים,350.00,100 גרם,false,,18.90,0.0540,true,1,86020
7290114603768,false,"אג'קס שירותים 750 מ""",,,"אג'קס שירותים 750 מ""",מיליליטרים,1500.00,"100 מ""ל",false,,24.90,0.0166,true,1,84526
7290114604840,false,מאסטר שף דפי אורז 16,,,מאסטר שף דפי אורז 16,גרמים,400.00,100 גרם,false,,12.90,0.0323,true,1,87531
7290114604857,false,מאסטר שף דפי אורז 22,,,מאסטר שף דפי אורז 22,גרמים,400.00,100 גרם,false,,12.90,0.0323,true,1,87375
7290114604895,false,מאסטר שף ממרח ספייסי,,,מאסטר שף ממרח ספייסי,גרמים,446.00,100 גרם,false,,12.90,0.0289,true,1,89421
7290114604901,false,מאסטר שף ממרח שום לח,,,מאסטר שף ממרח שום לח,גרמים,444.00,100 גרם,false,,12.90,0.0291,true,1,89420
7290114604932,false,מאסטר שף רוטב ברביקי,,,מאסטר שף רוטב ברביקי,גרמים,520.00,100 גרם,false,,12.90,0.0248,true,1,89065
7290114604949,false,מאסטר שף רוטב ברביקי,,,מאסטר שף רוטב ברביקי,גרמים,524.00,100 גרם,false,,12.90,0.0246,true,1,89064
7290114605533,false,משטח חיתוך חד פעמי ק,,,משטח חיתוך חד פעמי ק,יחידה,0.00,יחידה,false,,19.90,0.0000,true,1,119431
7290114606530,false,מאסטר שף רוטב בטעם מ,,,מאסטר שף רוטב בטעם מ,גרמים,515.00,100 גרם,false,,12.90,0.0250,true,1,89476
7290114606547,false,מיונז עם פטריות כמהי,,,מיונז עם פטריות כמהי,גרמים,242.00,100 גרם,false,,12.90,0.0533,true,1,89591
7290114606554,false,מאסטר שף ממרח ספייסי,,,מאסטר שף ממרח ספייסי,גרמים,470.00,100 גרם,false,,12.90,0.0274,true,1,89475
7290114606578,false,שקדי מרק מאסטר שף,,,שקדי מרק מאסטר שף,גרמים,400.00,100 גרם,false,,9.90,0.0248,true,1,117088
7290114606592,false,סויה מסורתית מאסטר ש,,,סויה מסורתית מאסטר ש,מיליליטרים,620.00,"100 מ""ל",false,,15.90,0.0256,true,1,117371
7290114606608,false,סויה דל נתרן מאסטר ש,,,סויה דל נתרן מאסטר ש,מיליליטרים,620.00,"100 מ""ל",false,,15.90,0.0256,true,1,117372
7290114607391,false,קולגייט משחת ילדים ב,,,קולגייט משחת ילדים ב,מיליליטרים,75.00,"100 מ""ל",false,,15.90,0.2120,true,1,90187
7290114608633,false,מאסטר שף דפי אצה,,,מאסטר שף דפי אצה,גרמים,25.00,100 גרם,false,,12.90,0.5160,true,1,118898
7290114659840,false,סוכריה ג'לי על מקל מ,,,סוכריה ג'לי על מקל מ,גרמים,20.00,100 גרם,false,,2.90,0.1450,true,1,87453
7290114750813,false,דאודורנט קליר ג'ל  C,,,דאודורנט קליר ג'ל  C,יחידה,0.00,יחידה,false,,28.90,0.0000,false,1,84617
7290114750820,false,דאודורנט קליר ג'ל  A,,,דאודורנט קליר ג'ל  A,יחידה,0.00,יחידה,false,,28.90,0.0000,true,1,84618
7290114821469,false,כבד דג שיבוט מעושן ב,,,כבד דג שיבוט מעושן ב,גרמים,120.00,100 גרם,false,,13.90,0.1158,true,1,87412
7290115071481,false,מטבעות שוקולד ברשת L,,,מטבעות שוקולד ברשת L,גרמים,31.00,100 גרם,false,,3.90,0.1258,true,1,87457
7290115071504,false,מטבעות שוקולד ברשת ס,,,מטבעות שוקולד ברשת ס,גרמים,31.00,100 גרם,false,,3.90,0.1258,true,1,87466
7290115071535,false,מטבעות שוקולד ברשת מ,,,מטבעות שוקולד ברשת מ,גרמים,31.00,100 גרם,false,,3.90,0.1258,true,1,87469
7290115074345,false,"בקבוק שתיה 900 מ""ל צ",,,"בקבוק שתיה 900 מ""ל צ",יחידה,0.00,יחידה,false,,29.90,0.0000,true,1,118500
7290115075182,false,מטבעות שוקולד ברשת ח,,,מטבעות שוקולד ברשת ח,גרמים,31.00,100 גרם,false,,3.90,0.1258,true,1,87460
7290115079371,false,בקבוק נירוסטה דופן כ,,,בקבוק נירוסטה דופן כ,יחידה,0.00,יחידה,false,,39.00,0.0000,true,1,117669
7290115079395,false,בקבוק נירוסטה דופן כ,,,בקבוק נירוסטה דופן כ,יחידה,0.00,יחידה,false,,39.00,0.0000,true,1,117671
7290115190014,false,מרלבורו רד PP חפיסה,,,מרלבורו רד PP חפיסה,יחידה,0.00,יחידה,false,,34.00,0.0000,false,1,85704
7290115190083,false,פקט מרלבורו גולד PP,,,פקט מרלבורו גולד PP,יחידה,0.00,יחידה,false,,333.00,0.0000,false,1,85737
7290115190090,false,מרלבורו גולד PP חפיס,,,מרלבורו גולד PP חפיס,יחידה,0.00,יחידה,false,,34.00,0.0000,false,1,85701
7290115190137,false,מרלבורו  פיין טאץ' P,,,מרלבורו  פיין טאץ' P,יחידה,0.00,יחידה,false,,30.00,0.0000,false,1,85706
7290115190151,false,מרלבורו טאץ' PP חפיס,,,מרלבורו טאץ' PP חפיס,יחידה,0.00,יחידה,false,,30.00,0.0000,false,1,85707
7290115190199,false,פרלמנט נייט 100PP,,,פרלמנט נייט 100PP,יחידה,0.00,יחידה,false,,39.00,0.0000,false,1,87204
7290115190212,false,פרלמנט בלו 100 PP חפ,,,פרלמנט בלו 100 PP חפ,יחידה,0.00,יחידה,false,,39.00,0.0000,false,1,85694
7290115190236,false,פרלמנט בלו PP חפיסה,,,פרלמנט בלו PP חפיסה,יחידה,0.00,יחידה,false,,39.00,0.0000,false,1,85695
7290115190250,false,פרלמנט נייט PP חפיסה,,,פרלמנט נייט PP חפיסה,יחידה,0.00,יחידה,false,,39.00,0.0000,false,1,85696
7290115190335,false,ל.מ בלו 100 PP,,,ל.מ בלו 100 PP,יחידה,0.00,יחידה,false,,30.00,0.0000,false,1,87210
7290115190359,false,ל.מ. בלו PP חפיסה,,,ל.מ. בלו PP חפיסה,יחידה,0.00,יחידה,false,,30.00,0.0000,false,1,85683
7290115190458,false,נקסט אדג' חפיסה,,,נקסט אדג' חפיסה,יחידה,0.00,יחידה,false,,26.00,0.0000,false,1,86637
7290115190496,false,נקסט פיין 100,,,נקסט פיין 100,יחידה,0.00,יחידה,false,,29.00,0.0000,false,1,87215
7290115190502,false,פקט נקסט פיין PP,,,פקט נקסט פיין PP,יחידה,0.00,יחידה,false,,282.00,0.0000,false,1,85716
7290115190519,false,נקסט פיין PP חפיסה,,,נקסט פיין PP חפיסה,יחידה,0.00,יחידה,false,,29.00,0.0000,false,1,85689
7290115200003,false,פתיבר פינוקי וניל אס,,,פתיבר פינוקי וניל אס,גרמים,220.00,100 גרם,false,,10.90,0.0495,true,1,84896
7290115200027,false,פתיבר פינוקי שוקו אס,,,פתיבר פינוקי שוקו אס,גרמים,220.00,100 גרם,false,,10.90,0.0495,true,1,84897
7290115200676,false,אסם קרמוגית קרמל מלו,,,אסם קרמוגית קרמל מלו,גרמים,200.00,100 גרם,false,,11.50,0.0575,true,1,85900
7290115200713,false,מארז במבה,,,מארז במבה,גרמים,250.00,100 גרם,false,,12.90,0.0516,true,1,84580
7290115200881,false,בייגלה שטוחים שומשום,,,בייגלה שטוחים שומשום,גרמים,300.00,100 גרם,false,,11.90,0.0397,true,1,87095
7290115201031,false,פתיבר דובי שוקולד,,,פתיבר דובי שוקולד,גרמים,175.00,100 גרם,false,,10.90,0.0623,true,1,88424
7290115201451,false,טבעול גורמה לביבות ב,,,טבעול גורמה לביבות ב,גרמים,455.00,100 גרם,false,,33.90,0.0745,true,1,119378
7290115201475,false,טבעול גורמה לביבות כ,,,טבעול גורמה לביבות כ,גרמים,434.00,100 גרם,false,,33.90,0.0781,true,1,119379
7290115201536,false,טבעול גורמה לביבות כ,,,טבעול גורמה לביבות כ,גרמים,442.00,100 גרם,false,,33.90,0.0767,true,1,119380
7290115201680,false,ביסלי ברביקיו 70 גרם,אסם,,ביסלי ברביקיו 70 גרם,גרמים,70.00,100 גרם,false,,4.70,0.0671,false,1,85889
7290115201703,false,ביסלי ברביקיו 200 גר,אסם,,ביסלי ברביקיו 200 גר,גרמים,200.00,100 גרם,false,,9.00,0.0450,false,1,85890
7290115201727,false,ביסלי בצל 200 גרם,אסם,,ביסלי בצל 200 גרם,גרמים,200.00,100 גרם,false,,9.00,0.0450,false,1,85891
7290115201741,false,ביסלי בצל 70 גרם,אסם,,ביסלי בצל 70 גרם,גרמים,70.00,100 גרם,false,,4.70,0.0671,false,1,85892
7290115202212,false,טבעול גורמה לביבות ס,,,טבעול גורמה לביבות ס,גרמים,434.00,100 גרם,false,,33.90,0.0781,true,1,119381
7290115202236,false,טבעול טופו קראנצ'ים,,,טבעול טופו קראנצ'ים,גרמים,470.00,100 גרם,false,,31.00,0.0660,false,1,90092
7290115202250,false,טבעול טופו קראנצ'ים,,,טבעול טופו קראנצ'ים,גרמים,470.00,100 גרם,false,,31.00,0.0660,false,1,90093
7290115202434,false,צבר חומוס זעתר,צבר,,צבר חומוס זעתר,גרמים,375.00,100 גרם,false,,12.00,0.0320,true,1,87622
7290115202748,false,קטשופ על האש אסם.,,,קטשופ על האש אסם.,גרמים,710.00,100 גרם,false,,9.90,0.0139,false,1,88543
7290115202762,false,פרפקטו מיני ניוקי טר,,,פרפקטו מיני ניוקי טר,גרמים,500.00,100 גרם,false,,13.90,0.0278,true,1,88592
7290115202786,false,מנה חמה פאוצ' בקר,,,מנה חמה פאוצ' בקר,גרמים,70.00,100 גרם,false,,4.40,0.0629,true,1,88593
7290115202816,false,מנה חמה פאוצ' עוף,,,מנה חמה פאוצ' עוף,גרמים,70.00,100 גרם,false,,4.40,0.0629,true,1,88594
7290115202847,false,מנה חמה פאוצ' נודלס,,,מנה חמה פאוצ' נודלס,גרמים,70.00,100 גרם,false,,4.40,0.0629,true,1,88595
7290115203134,false,פופקו פופקורן במבה,,,פופקו פופקורן במבה,גרמים,80.00,100 גרם,false,,5.30,0.0662,false,1,89163
7290115203295,false,פרפקטו פסטה ריציאולי,,,פרפקטו פסטה ריציאולי,גרמים,500.00,100 גרם,false,,11.50,0.0230,false,1,88587
7290115203486,false,פירורית בטעם ביסלי ג,,,פירורית בטעם ביסלי ג,גרמים,200.00,100 גרם,false,,6.00,0.0300,false,1,89169
7290115203806,false,רוטב בסיס לבישול אסם,,,רוטב בסיס לבישול אסם,מיליליטרים,290.00,"100 מ""ל",false,,13.90,0.0479,true,1,117161
7290115204056,false,קטשופ אסם מופחת סוכר,,,קטשופ אסם מופחת סוכר,גרמים,690.00,100 גרם,false,,9.90,0.0143,false,1,89559
7290115204131,false,צבר סחוג ירוק,,,צבר סחוג ירוק,גרמים,190.00,100 גרם,false,,12.90,0.0679,true,1,118673
7290115204186,false,צבר פסטו,,,צבר פסטו,גרמים,190.00,100 גרם,false,,16.90,0.0889,true,1,118539
7290115204247,false,צבר עגבניות מיובשות,,,צבר עגבניות מיובשות,גרמים,190.00,100 גרם,false,,16.90,0.0889,true,1,118540
7290115204261,false,צבר אריסה,,,צבר אריסה,גרמים,190.00,100 גרם,false,,12.90,0.0679,true,1,118706
7290115204957,false,לחמית איטלקית 160 גר,,,לחמית איטלקית 160 גר,גרמים,160.00,100 גרם,false,,10.50,0.0656,true,1,120159
7290115205176,false,פיטנס קרקר דק כפרי,,,פיטנס קרקר דק כפרי,גרמים,140.00,100 גרם,false,,11.90,0.0850,true,1,117589
7290115205251,false,פיטנס בר פריכיות קרמ,,,פיטנס בר פריכיות קרמ,גרמים,84.00,100 גרם,false,,12.90,0.1536,true,1,121497
7290115205312,false,פיטנס קרקר זיתים,,,פיטנס קרקר זיתים,גרמים,140.00,100 גרם,false,,11.90,0.0850,true,1,120161
7290115205527,false,פיטנס חטיף מולטגריין,,,פיטנס חטיף מולטגריין,גרמים,25.00,100 גרם,false,,4.90,0.1960,true,1,120311
7290115205541,false,פיטנס חטיף מולטיגריי,,,פיטנס חטיף מולטיגריי,גרמים,25.00,100 גרם,false,,4.90,0.1960,true,1,120312
7290115205619,false,פתיבר פינוקי עוגת גב,,,פתיבר פינוקי עוגת גב,גרמים,220.00,100 גרם,false,,10.90,0.0495,true,1,120164
7290115205633,false,טבעול סנסשיונל נקנקי,,,טבעול סנסשיונל נקנקי,גרמים,350.00,100 גרם,false,,33.90,0.0969,true,1,119134
7290115205695,false,בצק מצונן לפיצה בונז,,,בצק מצונן לפיצה בונז,גרמים,460.00,100 גרם,false,,17.90,0.0389,true,1,118854
7290115205718,false,בצק מצונן עלים בונז',,,בצק מצונן עלים בונז',גרמים,230.00,100 גרם,false,,13.90,0.0604,true,1,118855
7290115206135,false,טבעול גורמה ארוחת קי,,,טבעול גורמה ארוחת קי,גרמים,450.00,100 גרם,false,,33.90,0.0753,true,1,119137
7290115206852,false,ביסלי צ'זי סטיקס 70,,,ביסלי צ'זי סטיקס 70,גרמים,70.00,100 גרם,false,,4.70,0.0671,false,1,120915
7290115206890,false,ביסלי המבורגר,,,ביסלי המבורגר,גרמים,70.00,100 גרם,false,,4.70,0.0671,false,1,121064
7290115207309,false,אינסטנט פודינג טירמי,,,אינסטנט פודינג טירמי,גרמים,70.00,100 גרם,false,,5.80,0.0829,false,1,120163
7290115207347,false,אינסטנט פודינג פירות,,,אינסטנט פודינג פירות,גרמים,80.00,100 גרם,false,,5.80,0.0725,false,1,120162
7290115207361,false,פתיבר פיסטוק  500 גר,,,פתיבר פיסטוק  500 גר,גרמים,500.00,100 גרם,false,,13.90,0.0278,false,1,120165
7290115207484,false,צבר חציל על האש,,,צבר חציל על האש,גרמים,400.00,100 גרם,false,,15.90,0.0398,true,1,118543
7290115207507,false,צבר סלט טורקי,,,צבר סלט טורקי,גרמים,360.00,100 גרם,false,,15.90,0.0442,true,1,118542
7290115207620,false,רוטב בסגנון סויה קלא,,,רוטב בסגנון סויה קלא,מיליליטרים,290.00,"100 מ""ל",false,,13.90,0.0479,true,1,119969
7290115207682,false,רוטב סויה בסגנון סינ,,,רוטב סויה בסגנון סינ,מיליליטרים,290.00,"100 מ""ל",false,,12.00,0.0414,true,1,119967
7290115207798,false,טבעול בורגר חריף טבע,,,טבעול בורגר חריף טבע,גרמים,420.00,100 גרם,false,,31.00,0.0738,true,1,120167
7290115207880,false,ויטמינצ'יק פטל 2 ליט,,,ויטמינצ'יק פטל 2 ליט,ליטרים,2.00,ליטר,false,,39.90,19.9500,false,1,118725
7290115207903,false,ויטמינצ'יק תפוח 2 לי,,,ויטמינצ'יק תפוח 2 לי,ליטרים,2.00,ליטר,false,,39.90,19.9500,false,1,118726
7290115207941,false,ויטמינצ'יק אננס 1 לי,,,ויטמינצ'יק אננס 1 לי,ליטרים,1.00,ליטר,false,,21.90,21.9000,false,1,118719
7290115207989,false,ויטמינצ'יק לימון 1 ל,,,ויטמינצ'יק לימון 1 ל,ליטרים,1.00,ליטר,false,,21.90,21.9000,false,1,118834
7290115208009,false,ויטמינצ'יק ענבים 1 ל,,,ויטמינצ'יק ענבים 1 ל,ליטרים,1.00,ליטר,false,,21.90,21.9000,false,1,118728
7290115208023,false,ויטמינצ'יק ענבים 2 ל,,,ויטמינצ'יק ענבים 2 ל,ליטרים,2.00,ליטר,false,,39.90,19.9500,false,1,118729
7290115208047,false,ויטמינצ'יק פטל 1 ליט,,,ויטמינצ'יק פטל 1 ליט,ליטרים,1.00,ליטר,false,,21.90,21.9000,false,1,118720
7290115208061,false,ויטמינצ'יק תפוח 1 לי,,,ויטמינצ'יק תפוח 1 לי,ליטרים,1.00,ליטר,false,,21.90,21.9000,false,1,118722
7290115208344,false,בייגלה כפיות שמנת בצ,,,בייגלה כפיות שמנת בצ,גרמים,300.00,100 גרם,false,,11.90,0.0397,false,1,121063
7290115208566,false,אסם קרמוגית מיניס קר,,,אסם קרמוגית מיניס קר,גרמים,200.00,100 גרם,false,,11.50,0.0575,true,1,120918
7290115208597,false,אסם קרמוגית מיניס קר,,,אסם קרמוגית מיניס קר,גרמים,200.00,100 גרם,false,,11.50,0.0575,true,1,120919
7290115208801,false,לחמית דבש ואגוזים,,,לחמית דבש ואגוזים,גרמים,200.00,100 גרם,false,,10.50,0.0525,true,1,121062
7290115209198,false,במבה אוורירית 80 גר,,,במבה אוורירית 80 גר,גרמים,80.00,100 גרם,false,,5.00,0.0625,false,1,120308
7290115209235,false,אסם פתי בר קפה,,,אסם פתי בר קפה,גרמים,500.00,100 גרם,false,,13.90,0.0278,false,1,121500
7290115209358,false,במבה במילוי בראוניז,,,במבה במילוי בראוניז,גרמים,60.00,100 גרם,false,,5.30,0.0883,true,1,122120
7290115250503,false,קרקר כוסמין שום ועשב,,,קרקר כוסמין שום ועשב,גרמים,225.00,100 גרם,false,,21.90,0.0973,true,1,121937
7290115251227,false,קרקר חומוס מתובל פת,,,קרקר חומוס מתובל פת,גרמים,225.00,100 גרם,false,,21.90,0.0973,true,1,121938
7290115252330,false,וירו - מנת קינואה בס,,,וירו - מנת קינואה בס,מיליליטרים,470.00,"100 מ""ל",false,,11.90,0.0253,true,1,117987
7290115252354,false,וירו - מנת קינואה בס,,,וירו - מנת קינואה בס,גרמים,470.00,100 גרם,false,,11.90,0.0253,true,1,117985
7290115252460,false,מקלות כוסמין פתפותים,,,מקלות כוסמין פתפותים,גרמים,200.00,100 גרם,false,,19.90,0.0995,true,1,88581
7290115252484,false,פאי פיצוחים פתפותים,,,פאי פיצוחים פתפותים,גרמים,400.00,100 גרם,false,,44.90,0.1122,true,1,88582
7290115252798,false,עוגיות כוסמין חמאה פ,,,עוגיות כוסמין חמאה פ,גרמים,200.00,100 גרם,false,,18.90,0.0945,true,1,121866
7290115259223,false,מרציפן קלאסי Fenster,,,מרציפן קלאסי Fenster,גרמים,40.00,100 גרם,false,,9.90,0.2475,true,1,88320
7290115259407,false,מרציפן קלאסי בציפוי,,,מרציפן קלאסי בציפוי,גרמים,40.00,100 גרם,false,,9.90,0.2475,true,1,121868
7290115259414,false,מרציפן פיסטוק בציפוי,,,מרציפן פיסטוק בציפוי,גרמים,40.00,100 גרם,false,,9.90,0.2475,true,1,121867
7290115670677,false,גרנולה אנרג'י פירות,,,גרנולה אנרג'י פירות,גרמים,400.00,100 גרם,false,,14.90,0.0373,true,1,88758
7290115670684,false,גרנולה אנרג'י אגוזים,,,גרנולה אנרג'י אגוזים,גרמים,400.00,100 גרם,false,,14.90,0.0373,true,1,88759
7290115670691,false,גרנולה אנרג'י פירות,,,גרנולה אנרג'י פירות,גרמים,400.00,100 גרם,false,,14.90,0.0373,true,1,88761
7290115670707,false,גרנולה אנרג'י  שוקול,,,גרנולה אנרג'י  שוקול,גרמים,400.00,100 גרם,false,,14.90,0.0373,true,1,88760
7290115671155,false,שלישיית סוכריות פרש,,,שלישיית סוכריות פרש,גרמים,45.00,100 גרם,false,,9.50,0.2111,true,1,118601
7290115671223,false,מאסט פאן אבטיח מנגו,,,מאסט פאן אבטיח מנגו,גרמים,58.00,100 גרם,false,,9.90,0.1707,true,1,118599
7290115671308,false,מאסט פאן תות דובדבן,,,מאסט פאן תות דובדבן,גרמים,58.00,100 גרם,false,,9.90,0.1707,true,1,118600
7290115671346,false,מיני פינוקיות טופי ק,,,מיני פינוקיות טופי ק,גרמים,180.00,100 גרם,false,,11.50,0.0639,true,1,90231
7290115671353,false,מיני פינוקיות שחור ל,,,מיני פינוקיות שחור ל,גרמים,180.00,100 גרם,false,,11.50,0.0639,true,1,118606
7290115671421,false,פולי אספרסו עשירים ו,,,פולי אספרסו עשירים ו,גרמים,250.00,100 גרם,false,,21.90,0.0876,false,1,119340
7290115675696,false,קוואקר Cruesli אגוזי,קוואקר,,קוואקר Cruesli אגוזי,גרמים,375.00,100 גרם,false,,19.90,0.0531,true,1,90261
7290115675986,false,דנונה קראנצ אגוזים מ,,,דנונה קראנצ אגוזים מ,גרמים,173.00,100 גרם,false,,4.60,0.0266,false,1,87394
7290115676037,false,דנונה ריפרש תות דומד,,,דנונה ריפרש תות דומד,גרמים,250.00,100 גרם,false,,5.50,0.0220,true,1,89266
7290115676051,false,משקה אקטיביה עם שיבו,,,משקה אקטיביה עם שיבו,גרמים,265.00,100 גרם,false,,4.90,0.0185,true,1,117597
7290115676082,false,משקה דנונה פרו תות,,,משקה דנונה פרו תות,גרמים,255.00,100 גרם,false,,6.90,0.0271,true,1,89269
7290115676099,false,משקה דנונה פרו וניל,,,משקה דנונה פרו וניל,גרמים,255.00,100 גרם,false,,6.90,0.0271,true,1,89270
7290115676273,false,קקאו 500 גרם +10% תו,עלית,,קקאו 500 גרם +10% תו,גרמים,550.00,100 גרם,false,,26.90,0.0489,true,1,88684
7290115676341,false,מארז דבש מנות אישיות,,,מארז דבש מנות אישיות,גרמים,162.00,100 גרם,false,,21.90,0.1352,true,1,120911
7290115677362,false,נודלס טריאקי דלישס,,,נודלס טריאקי דלישס,גרמים,350.00,100 גרם,false,,23.90,0.0683,true,1,117341
7290115677423,false,אורז קארי ירוק חריף,,,אורז קארי ירוק חריף,גרמים,350.00,100 גרם,false,,23.90,0.0683,true,1,117344
7290115677966,false,ממרח אבוקדו 200 גרם,,,ממרח אבוקדו 200 גרם,גרמים,200.00,100 גרם,false,,13.90,0.0695,true,1,117381
7290115678222,false,יוגורט יווני מארז שמ,,,יוגורט יווני מארז שמ,קילוגרמים,1.04,"ק""ג",false,,23.90,22.9808,true,1,89268
7290115678376,false,מעדן הגולן שוקולד,,,מעדן הגולן שוקולד,גרמים,125.00,100 גרם,false,,2.80,0.0224,false,1,90301
7290115678383,false,מעדן הגולן מריר,,,מעדן הגולן מריר,גרמים,125.00,100 גרם,false,,2.80,0.0224,false,1,90302
7290115678598,false,חסה אייסברג חיתוך גס,,,חסה אייסברג חיתוך גס,גרמים,300.00,100 גרם,false,,9.90,0.0330,true,1,117774
7290115678635,false,נשנושי גבינה 16% עם,,,נשנושי גבינה 16% עם,גרמים,67.00,100 גרם,false,,10.00,0.1493,false,1,120896
7290115678642,false,נשנושי גבינה 16% עם,,,נשנושי גבינה 16% עם,גרמים,67.00,100 גרם,false,,10.00,0.1493,false,1,120897
7290115678888,false,שוקולית טופי קרמל,עלית,,שוקולית טופי קרמל,גרמים,500.00,100 גרם,false,,15.90,0.0318,false,1,120031
7290115678970,false,סוכריות FRESH בטעם ב,,,סוכריות FRESH בטעם ב,גרמים,45.00,100 גרם,false,,9.50,0.2111,true,1,90306
7290115679885,false,פיצה מבצק כרובית,,,פיצה מבצק כרובית,גרמים,320.00,100 גרם,false,,19.90,0.0622,true,1,119077
7290115679960,false,צ'יטוס פופקורן טבעי,עלית,,צ'יטוס פופקורן טבעי,גרמים,60.00,100 גרם,false,,3.70,0.0617,true,1,117358
7290116530116,false,קליק שלישיית ברים שו,,,קליק שלישיית ברים שו,גרמים,105.00,100 גרם,false,,14.90,0.1419,true,1,89715
7290116530161,false,פינוק תחליב רחצה אננ,פינוק,,פינוק תחליב רחצה אננ,מיליליטרים,700.00,"100 מ""ל",false,,11.90,0.0170,false,1,89299
7290116530185,false,דלישקד 400 גר' תלמה,תלמה,,דלישקד 400 גר' תלמה,גרמים,400.00,100 גרם,false,,19.90,0.0497,false,1,117429
7290116530215,false,אקס שוקולד סטיק,אקס,,אקס שוקולד סטיק,גרמים,77.00,100 גרם,false,,15.90,0.2065,false,1,89294
7290116530482,false,מאגדת קורנפלקס אלופי,תלמה,,מאגדת קורנפלקס אלופי,גרמים,150.00,100 גרם,false,,11.90,0.0793,false,1,117430
7290116530871,false,נשנושים מיקס 240 גר',בייגל בייגל,,נשנושים מיקס 240 גר',גרמים,240.00,100 גרם,false,,13.50,0.0563,true,1,89433
7290116530888,false,בדין ג'ל לכביסה פינו,בדין,,בדין ג'ל לכביסה פינו,ליטרים,2.50,ליטר,false,,29.90,11.9600,true,1,90111
7290116531090,false,דגדג במליחות מעודנת,בייגל בייגל,,דגדג במליחות מעודנת,גרמים,250.00,100 גרם,false,,11.50,0.0460,true,1,118659
7290116531243,false,פינוק שמפו 2-ב-1 קשק,פינוק,,פינוק שמפו 2-ב-1 קשק,מיליליטרים,700.00,"100 מ""ל",false,,11.90,0.0170,false,1,121954
7290116531496,false,קינמונים 375 גר',תלמה,,קינמונים 375 גר',גרמים,375.00,100 גרם,false,,19.90,0.0531,false,1,120213
7290116531540,false,"קורנפלקס דבש כשל""פ ת",תלמה,,"קורנפלקס דבש כשל""פ ת",גרמים,375.00,100 גרם,false,,15.90,0.0424,true,1,119576
7290116531557,false,מאגדת פתית פריכיות ת,פתית,,מאגדת פתית פריכיות ת,גרמים,150.00,100 גרם,false,,13.90,0.0927,true,1,119532
7290116531564,false,מאגדת פתית פריכיות ק,פתית,,מאגדת פתית פריכיות ק,גרמים,150.00,100 גרם,false,,13.90,0.0927,true,1,119533
7290116531663,false,פינוק תחליב רחצה תפו,פינוק,,פינוק תחליב רחצה תפו,מיליליטרים,700.00,"100 מ""ל",false,,11.90,0.0170,false,1,117655
7290116531762,false,בדין דפים למייבש ורו,בדין,,בדין דפים למייבש ורו,יחידה,0.00,יחידה,false,,18.90,0.0000,true,1,120123
7290116531779,false,בדין דפי מרכך כחול 4,בדין,,בדין דפי מרכך כחול 4,יחידה,0.00,יחידה,false,,18.90,0.0000,true,1,120337
7290116531885,false,הלמנס ממרח טבעוני 50,הלמנ'ס,,הלמנס ממרח טבעוני 50,גרמים,500.00,100 גרם,false,,13.90,0.0278,true,1,120877
7290116531939,false,גלידונית תות שדה,שטראוס,,גלידונית תות שדה,מיליליטרים,955.00,"100 מ""ל",false,,49.90,0.0523,false,1,120126
7290116532011,false,קליק חטיף נוגט,קליק,,קליק חטיף נוגט,גרמים,35.00,100 גרם,false,,5.00,0.1429,false,1,119301
7290116532219,false,קורנפלקס תות 448 תלמ,תלמה,,קורנפלקס תות 448 תלמ,גרמים,500.00,100 גרם,false,,19.90,0.0398,false,1,120477
7290116532240,false,קליק טבלה שוקולד חלב,קליק,,קליק טבלה שוקולד חלב,גרמים,85.00,100 גרם,false,,7.00,0.0824,false,1,120502
7290116532264,false,מאגדת גודיז פרי אפרס,שטראוס,,מאגדת גודיז פרי אפרס,גרמים,300.00,100 גרם,false,,25.90,0.0863,true,1,120432
7290116532271,false,מאגדת גודיז סנדוויץ,שטראוס,,מאגדת גודיז סנדוויץ,גרמים,270.00,100 גרם,false,,29.90,0.1107,true,1,120431
7290116532400,false,בייגלה עם מלח אחד אח,בייגל בייגל,,בייגלה עם מלח אחד אח,גרמים,255.00,100 גרם,false,,6.50,0.0255,true,1,121955
7290116532462,false,גלידת שמנת פיינט קלי,שטראוס,,גלידת שמנת פיינט קלי,מיליליטרים,520.00,"100 מ""ל",false,,19.90,0.0383,true,1,119959
7290116532486,false,גלידת שמנת פיינט קלי,שטראוס,,גלידת שמנת פיינט קלי,מיליליטרים,520.00,"100 מ""ל",false,,19.90,0.0383,true,1,119960
7290116532615,false,פינוק שמפו גוג'י ברי,פינוק,,פינוק שמפו גוג'י ברי,מיליליטרים,700.00,"100 מ""ל",false,,11.90,0.0170,false,1,120876
7290116532622,false,פינוק מרכך גוג'י ברי,פינוק,,פינוק מרכך גוג'י ברי,מיליליטרים,700.00,"100 מ""ל",false,,11.90,0.0170,false,1,120875
7290116532868,false,פינוק שמפו בייבי 900,פינוק,,פינוק שמפו בייבי 900,מיליליטרים,900.00,"100 מ""ל",false,,19.90,0.0221,true,1,121343
7290116532875,false,פינוק סבון נוזלי ביי,פינוק,,פינוק סבון נוזלי ביי,מיליליטרים,900.00,"100 מ""ל",false,,19.90,0.0221,true,1,121235
7290116532882,false,נשנושים איירביס בצל,בייגל בייגל,,נשנושים איירביס בצל,גרמים,155.00,100 גרם,false,,13.50,0.0871,false,1,121980
7290116532905,false,נשנושים איירביס ברבי,בייגל בייגל,,נשנושים איירביס ברבי,גרמים,155.00,100 גרם,false,,13.50,0.0871,false,1,121982
7290116533063,false,שוגי בטעם קרטיב ענבי,תלמה,,שוגי בטעם קרטיב ענבי,גרמים,400.00,100 גרם,false,,19.90,0.0497,false,1,120984
7290116930015,false,חטיף חלבון GO קרמל ח,,,חטיף חלבון GO קרמל ח,יחידה,0.00,יחידה,false,,11.90,0.0000,true,1,120989
7290116930022,false,חטיף חלבון GO קרם עו,,,חטיף חלבון GO קרם עו,גרמים,60.00,100 גרם,false,,11.90,0.1983,true,1,120845
7290116930282,false,ארוחה בקטנה לאבנה עם,,,ארוחה בקטנה לאבנה עם,גרמים,150.00,100 גרם,false,,7.60,0.0507,true,1,120964
7290116930435,false,יוגורט גו סמיך 0% דו,,,יוגורט גו סמיך 0% דו,גרמים,200.00,100 גרם,false,,5.80,0.0290,true,1,120184
7290116930442,false,יופלה SHAKE בננה מנג,,,יופלה SHAKE בננה מנג,מיליליטרים,230.00,"100 מ""ל",false,,7.90,0.0343,false,1,120531
7290116930459,false,יופלה SHAKE בננה אננ,,,יופלה SHAKE בננה אננ,מיליליטרים,230.00,"100 מ""ל",false,,7.90,0.0343,false,1,120534
7290116930466,false,יופלה SHAKE מנגו בננ,,,יופלה SHAKE מנגו בננ,מיליליטרים,230.00,"100 מ""ל",false,,7.90,0.0343,false,1,120535
7290116930480,false,יופלה SHAKE בננה קיו,,,יופלה SHAKE בננה קיו,מיליליטרים,230.00,"100 מ""ל",false,,7.90,0.0343,false,1,120533
7290116930626,false,ארוחה בקטנה צזיקי עם,,,ארוחה בקטנה צזיקי עם,גרמים,150.00,100 גרם,false,,7.60,0.0507,true,1,120965
7290116930701,false,מעדן חלב גו בטעם קרמ,,,מעדן חלב גו בטעם קרמ,גרמים,120.00,100 גרם,false,,4.70,0.0392,true,1,120532
7290116930718,false,מעדן דיאט שוקולד קרמ,,,מעדן דיאט שוקולד קרמ,גרמים,150.00,100 גרם,false,,3.90,0.0260,false,1,120924
7290116930725,false,סויה ביו קוקוס,,,סויה ביו קוקוס,גרמים,150.00,100 גרם,false,,4.40,0.0293,true,1,120966
7290116931074,false,פרוסות טל העמק 32% 3,,,פרוסות טל העמק 32% 3,גרמים,300.00,100 גרם,false,,25.90,0.0863,false,1,121556
7290116931081,false,מעדן סויה בטעם טופי,,,מעדן סויה בטעם טופי,גרמים,125.00,100 גרם,false,,3.90,0.0312,true,1,120967
7290116931104,false,יופלה גו במרקם סמיך,,,יופלה גו במרקם סמיך,גרמים,200.00,100 גרם,false,,5.80,0.0290,true,1,120968
7290117100011,false,לחם כוסמין מלא וצ'יה,,,לחם כוסמין מלא וצ'יה,גרמים,730.00,100 גרם,false,,26.90,0.0368,true,1,89869
7290117100059,false,לחמניות כוסמין שומשו,,,לחמניות כוסמין שומשו,גרמים,360.00,100 גרם,false,,14.50,0.0403,true,1,121709
7290117100110,false,לחמניות דגנים 4 יח',,,לחמניות דגנים 4 יח',גרמים,360.00,100 גרם,false,,11.90,0.0331,true,1,121707
7290117100127,false,לחמניות כוסמין רכות,,,לחמניות כוסמין רכות,גרמים,340.00,100 גרם,false,,14.50,0.0426,true,1,121708
7290117260395,false,מאפה פילו ממולא תרד,,,מאפה פילו ממולא תרד,גרמים,400.00,100 גרם,false,,21.90,0.0547,true,1,119201
7290117260401,false,גבינת מוצרלה מגורדת,,,גבינת מוצרלה מגורדת,גרמים,500.00,100 גרם,false,,28.90,0.0578,true,1,119204
7290117260494,false,ניוקי תפוחי אדמה  3,,,ניוקי תפוחי אדמה  3,גרמים,500.00,100 גרם,false,,12.50,0.0250,true,1,122055
7290117260890,false,פופקורן בטעם קוקוס,,,פופקורן בטעם קוקוס,גרמים,90.00,100 גרם,false,,7.90,0.0878,true,1,119209
7290117261088,false,בוראטה ג.מוצרלה רכה,,,בוראטה ג.מוצרלה רכה,גרמים,125.00,100 גרם,false,,19.90,0.1592,true,1,122012
7290117261354,false,גבינה ריקוטה 200גר 5,,,גבינה ריקוטה 200גר 5,גרמים,200.00,100 גרם,false,,9.90,0.0495,true,1,121628
7290117261415,false,יוגורט פרוביוטי 2.7%,,,יוגורט פרוביוטי 2.7%,גרמים,125.00,100 גרם,false,,2.90,0.0232,true,1,122069
7290117261422,false,יוגורט פרוביוטי עם ת,,,יוגורט פרוביוטי עם ת,גרמים,125.00,100 גרם,false,,2.90,0.0232,true,1,122070
7290117261439,false,יוגורט פרוביוטי עם פ,,,יוגורט פרוביוטי עם פ,גרמים,125.00,100 גרם,false,,2.90,0.0232,true,1,122071
7290117261576,false,סרדינים בריסלינג מעו,,,סרדינים בריסלינג מעו,גרמים,185.00,100 גרם,false,,13.90,0.0751,true,1,121624
7290117261651,false,מגורדת טבעונית טעם מ,,,מגורדת טבעונית טעם מ,גרמים,200.00,100 גרם,false,,14.90,0.0745,true,1,121691
7290117261668,false,לבנה טבעוני בסגנון י,,,לבנה טבעוני בסגנון י,גרמים,200.00,100 גרם,false,,13.90,0.0695,true,1,121636
7290117261675,false,מגורדת טבעונית צ'דר2,,,מגורדת טבעונית צ'דר2,גרמים,200.00,100 גרם,false,,14.90,0.0745,true,1,121693
7290117261774,false,כדורי גבינה בייבי מו,,,כדורי גבינה בייבי מו,גרמים,150.00,100 גרם,false,,14.90,0.0993,true,1,121627
7290117262221,false,משקה יוגורט פרוביוטי,,,משקה יוגורט פרוביוטי,מיליליטרים,200.00,"100 מ""ל",false,,4.90,0.0245,true,1,121248
7290117262238,false,משקה יוגורט פרוביוטי,,,משקה יוגורט פרוביוטי,מיליליטרים,200.00,"100 מ""ל",false,,4.90,0.0245,true,1,121249
7290117262245,false,משקה יוגורט פרוביטי,,,משקה יוגורט פרוביטי,מיליליטרים,200.00,"100 מ""ל",false,,4.90,0.0245,true,1,121250
7290117380154,false,מאסטר שף רוטב אסייתי,,,מאסטר שף רוטב אסייתי,גרמים,264.00,100 גרם,false,,9.90,0.0375,true,1,120291
7290117380857,false,סלים דליס פייבר-עוגו,,,סלים דליס פייבר-עוגו,גרמים,120.00,100 גרם,false,,10.90,0.0908,true,1,120899
7290117380864,false,מרבה סלים דליס פייבר,,,מרבה סלים דליס פייבר,גרמים,120.00,100 גרם,false,,10.90,0.0908,true,1,120552
7290117380871,false,מרבה סלים דליס פייבר,,,מרבה סלים דליס פייבר,גרמים,120.00,100 גרם,false,,10.90,0.0908,true,1,120553
7290117380888,false,מרבה טייק אווי- עוגי,,,מרבה טייק אווי- עוגי,גרמים,140.00,100 גרם,false,,8.90,0.0636,true,1,120828
7290117381182,false,רוטב סרירציה מאסטר ש,,,רוטב סרירציה מאסטר ש,מיליליטרים,360.00,"100 מ""ל",false,,14.90,0.0414,true,1,121992
7290117381205,false,מאסטר שף שמן שומשום,,,מאסטר שף שמן שומשום,מיליליטרים,370.00,"100 מ""ל",false,,21.90,0.0592,true,1,121797
7290117381243,false,פוף פריכיות מצופות ש,,,פוף פריכיות מצופות ש,גרמים,70.00,100 גרם,false,,7.90,0.1129,true,1,121271
7290117382318,false,סלים דליס חטיף חלבון,,,סלים דליס חטיף חלבון,גרמים,60.00,100 גרם,false,,11.90,0.1983,true,1,121239
7290117382325,false,סלים דליס חטיף חלבון,,,סלים דליס חטיף חלבון,גרמים,60.00,100 גרם,false,,11.90,0.1983,true,1,121240
7290117382332,false,סלים דליס חטיף חלבון,,,סלים דליס חטיף חלבון,גרמים,60.00,100 גרם,false,,11.90,0.1983,true,1,121241
7290117901199,false,טורטיה על גחלים,,,טורטיה על גחלים,גרמים,520.00,100 גרם,false,,9.90,0.0190,true,1,121796
7290118420514,false,אסם אינסטנט פודינג נ,,,אסם אינסטנט פודינג נ,גרמים,75.00,100 גרם,false,,5.80,0.0773,false,1,122118
7291044050110,false,נורה אקו ספירל 23W,,,נורה אקו ספירל 23W,יחידה,0.00,יחידה,false,,32.90,0.0000,true,1,27840
7291044065466,false,נורת לד 12 וואט E27,,,נורת לד 12 וואט E27,יחידה,0.00,יחידה,false,,7.90,0.0000,true,1,86659
7291044081268,false,זוג נורות לד 10 וואט,,,זוג נורות לד 10 וואט,יחידה,0.00,יחידה,false,,12.90,0.0000,true,1,70747
7291044081275,false,זוג נורות לד 10 וואט,,,זוג נורות לד 10 וואט,יחידה,0.00,יחידה,false,,12.90,0.0000,true,1,70748
7291044081305,false,זוג נורות לד 12 וואט,,,זוג נורות לד 12 וואט,יחידה,0.00,יחידה,false,,13.90,0.0000,true,1,70749
7291044081312,false,זוג נורות לד 12 וואט,,,זוג נורות לד 12 וואט,יחידה,0.00,יחידה,false,,13.90,0.0000,true,1,70750
7291044094336,false,זוג נורות לד 27 15 ו,,,זוג נורות לד 27 15 ו,יחידה,0.00,יחידה,false,,16.90,0.0000,true,1,79387
7291546455635,false,תירס לבן כפרי חן,,,תירס לבן כפרי חן,יחידה,0.00,יחידה,false,,19.90,0.0000,true,1,76446
7296058000526,false,פרכיות פרח כוסמת 130,,,פרכיות פרח כוסמת 130,גרמים,130.00,100 גרם,false,,7.90,0.0608,true,1,33199
7296058110010,false,פריכיות אורז פרח,,,פריכיות אורז פרח,גרמים,110.00,100 גרם,false,,4.90,0.0445,true,1,87971
7296058110041,false,פריכיות אורז מלא ותי,,,פריכיות אורז מלא ותי,גרמים,110.00,100 גרם,false,,4.90,0.0445,true,1,121972
7296073431862,false,עוגת מאפין שוקו וניל,,,עוגת מאפין שוקו וניל,גרמים,550.00,100 גרם,false,,18.90,0.0344,true,1,88712
7296073431879,false,עוגת מאפין שוקו צ'יפ,,,עוגת מאפין שוקו צ'יפ,גרמים,550.00,100 גרם,false,,18.90,0.0344,true,1,88713
7296073431893,false,עוגת מאפין אגוזים,,,עוגת מאפין אגוזים,גרמים,550.00,100 גרם,false,,18.90,0.0344,true,1,88715
7296073431909,false,עוגת מאפין תפוח עץ,,,עוגת מאפין תפוח עץ,גרמים,550.00,100 גרם,false,,18.90,0.0344,true,1,88717
7296073431916,false,עוגת מאפין בטעם תפוז,,,עוגת מאפין בטעם תפוז,גרמים,550.00,100 גרם,false,,18.90,0.0344,true,1,88716
7296082000035,false,ביצה פלוס 6 יח,,,ביצה פלוס 6 יח,יחידה,0.00,יחידה,false,,13.90,0.0000,true,1,7027
7296082000066,false,ביצה פלוס L תריסר,,,ביצה פלוס L תריסר,יחידה,0.00,יחידה,false,,22.50,0.0000,true,1,62008
7296082000080,false,ביצי חופש תריסר,,,ביצי חופש תריסר,יחידה,0.00,יחידה,false,,22.90,0.0000,true,1,19608
7296082000103,false,ביצה סופר טריה M 30,,,ביצה סופר טריה M 30,יחידה,0.00,יחידה,false,,27.88,0.0000,true,1,46579
7296082000110,false,"ביצה סופר טריה ""  L",,,"ביצה סופר טריה ""  L",יחידה,0.00,יחידה,false,,30.13,0.0000,true,1,21794
7296082000134,false,ביצים גדול L,,,ביצים גדול L,יחידה,0.00,יחידה,false,,12.05,0.0000,false,1,3646
7296082000141,false,ביצים בינוני M,,,ביצים בינוני M,יחידה,0.00,יחידה,false,,11.15,0.0000,false,1,3647
7296082000165,false,ביצים אורגניות תריסר,,,ביצים אורגניות תריסר,יחידה,0.00,יחידה,false,,22.90,0.0000,true,1,19609
7296082000189,false,ביצה פלוס 30 יח' L,,,ביצה פלוס 30 יח' L,יחידה,0.00,יחידה,false,,37.90,0.0000,true,1,62137
7296082000202,false,ביצים סופר טריה 18 י,,,ביצים סופר טריה 18 י,יחידה,0.00,יחידה,false,,18.08,0.0000,false,1,33775
7296083000027,false,טרופית,,,טרופית,יחידה,200.00,יחידה,false,,1.50,0.0075,false,1,5369
7296089001752,false,בדיקת אנטיגן מהירה 5,,,בדיקת אנטיגן מהירה 5,יחידה,0.00,יחידה,false,,39.90,0.0000,false,1,118943
7296168017117,false,פלסטר 100יח' פארמדוק,,,פלסטר 100יח' פארמדוק,יחידה,0.00,יחידה,false,,12.90,0.0000,true,1,17451
7296168017193,false,פלסטר פארמדוקט 30 יח,,,פלסטר פארמדוקט 30 יח,יחידה,0.00,יחידה,false,,7.00,0.0000,true,1,17453
7296179000160,false,BCHIC-מסיר איפור דו,,,BCHIC-מסיר איפור דו,מיליליטרים,200.00,"100 מ""ל",false,,24.90,0.1245,true,1,33116
7296179000948,false,שמן לשיער מוגדור 100,,,שמן לשיער מוגדור 100,מיליליטרים,100.00,"100 מ""ל",false,,33.90,0.3390,true,1,26588
7296179006254,false,לק עמיד 300,,,לק עמיד 300,מיליליטרים,17.00,"מ""ל",false,,11.90,0.7000,true,1,58547
7296179007039,false,שמן גוף שיק וניל פטצ,,,שמן גוף שיק וניל פטצ,מיליליטרים,250.00,"100 מ""ל",false,,24.90,0.0996,true,1,3857
7296179007305,false,רצועות לשעווה,,,רצועות לשעווה,יחידה,0.00,יחידה,false,,7.90,0.0000,true,1,16965
7296179007367,false,שעווה למיקרוגל עם פס,,,שעווה למיקרוגל עם פס,גרמים,600.00,100 גרם,false,,18.90,0.0315,true,1,16968
7296179007411,false,מסיר לק ללא אציטון,,,מסיר לק ללא אציטון,מיליליטרים,100.00,"100 מ""ל",false,,13.90,0.1390,true,1,16971
7296179008241,false,לק ג'ל טופ קוט,,,לק ג'ל טופ קוט,יחידה,0.00,יחידה,false,,26.90,0.0000,true,1,26676
7296179010152,false,לק עמיד 016,,,לק עמיד 016,מיליליטרים,17.00,"מ""ל",false,,11.90,0.7000,true,1,58477
7296179010213,false,לק עמיד 022,,,לק עמיד 022,מיליליטרים,17.00,"מ""ל",false,,11.90,0.7000,true,1,58478
7296179010305,false,לק עמיד 031,,,לק עמיד 031,מיליליטרים,17.00,"מ""ל",false,,11.90,0.7000,true,1,58480
7296179010312,false,לק עמיד 032,,,לק עמיד 032,מיליליטרים,17.00,"מ""ל",false,,11.90,0.7000,true,1,58481
7296179010510,false,לק עמיד 052,,,לק עמיד 052,מיליליטרים,17.00,"מ""ל",false,,11.90,0.7000,true,1,58498
7296179010701,false,לק עמיד 071,,,לק עמיד 071,מיליליטרים,17.00,"מ""ל",false,,11.90,0.7000,true,1,58502
7296179011180,false,לק עמיד 258,,,לק עמיד 258,מיליליטרים,17.00,"מ""ל",false,,11.90,0.7000,true,1,58510
7296179011234,false,לק עמיד 279,,,לק עמיד 279,מיליליטרים,17.00,"מ""ל",false,,11.90,0.7000,true,1,58570
7296179011470,false,לק עמיד 116,,,לק עמיד 116,מיליליטרים,17.00,"מ""ל",false,,11.90,0.7000,true,1,58515
7296179011746,false,לק עמיד 227,,,לק עמיד 227,מיליליטרים,17.00,"מ""ל",false,,11.90,0.7000,true,1,58526
7296179011791,false,מחזק ציפורניים סגול,,,מחזק ציפורניים סגול,מיליליטרים,0.00,"מ""ל",false,,25.90,0.0000,true,1,3867
7296179011807,false,לק בסיס,שיק,,לק בסיס,מיליליטרים,0.00,"מ""ל",false,,16.90,0.0000,true,1,3868
7296179011814,false,לק שכבת הגנה,שיק,,לק שכבת הגנה,יחידה,0.00,יחידה,false,,16.90,0.0000,true,1,3869
7296179012101,false,לק עמיד 276,,,לק עמיד 276,מיליליטרים,17.00,"מ""ל",false,,11.90,0.7000,true,1,58583
7296179012125,false,לק עמיד 287,,,לק עמיד 287,מיליליטרים,17.00,"מ""ל",false,,11.90,0.7000,true,1,58584
7296179012149,false,לק עמיד 301,,,לק עמיד 301,מיליליטרים,17.00,"מ""ל",false,,11.90,0.7000,true,1,58586
7296179012590,false,מונע כסיסה בציפורניי,,,מונע כסיסה בציפורניי,מיליליטרים,17.00,"100 מ""ל",false,,25.90,1.5235,true,1,67908
7296179014181,false,לק עמיד 250,,,לק עמיד 250,מיליליטרים,17.00,"מ""ל",false,,11.90,0.7000,true,1,58533
7296179020014,false,חמאת גוף וניל-פצ'ולי,,,חמאת גוף וניל-פצ'ולי,מיליליטרים,0.00,"מ""ל",false,,25.90,0.0000,true,1,16979
7296179021059,false,לק עמיד 483,,,לק עמיד 483,מיליליטרים,17.00,"מ""ל",false,,11.90,0.7000,true,1,58604
7296179021271,false,לק עמיד 803 קיץ,,,לק עמיד 803 קיץ,יחידה,0.00,יחידה,false,,11.90,0.0000,true,1,68183
7296179021295,false,לק עמיד 805 קיץ,,,לק עמיד 805 קיץ,יחידה,0.00,יחידה,false,,11.90,0.0000,true,1,68178
7296179021738,false,דאודורנט רול און 80,,,דאודורנט רול און 80,מיליליטרים,80.00,"100 מ""ל",false,,16.90,0.2112,true,1,71402
7296179028423,false,לק עמיד819,,,לק עמיד819,מיליליטרים,17.00,"100 מ""ל",false,,11.90,0.7000,true,1,78541
7296179028461,false,לק עמיד823,,,לק עמיד823,מיליליטרים,17.00,"100 מ""ל",false,,11.90,0.7000,true,1,78545
7297028160622,false,גרביים,,,גרביים,יחידה,0.00,יחידה,false,,15.90,0.0000,true,1,81702
7297028183102,false,גוזיה,,,גוזיה,יחידה,0.00,יחידה,false,,25.90,0.0000,true,1,120813
7297028184215,false,תחתון נשים,,,תחתון נשים,יחידה,0.00,יחידה,false,,15.90,0.0000,true,1,120816
7297028185458,false,גוזיה,,,גוזיה,יחידה,0.00,יחידה,false,,25.90,0.0000,true,1,121057
7297028185755,false,שלישיית גרבי במבוק,,,שלישיית גרבי במבוק,יחידה,0.00,יחידה,false,,17.90,0.0000,true,1,120585
7297028185885,false,קרסוליות נשים,,,קרסוליות נשים,יחידה,0.00,יחידה,false,,15.90,0.0000,true,1,121551
7297028190469,false,קרסוליות נשים שלישיי,,,קרסוליות נשים שלישיי,יחידה,0.00,יחידה,false,,15.90,0.0000,true,1,121039
7297028190476,false,קרסוליות שלישייה,,,קרסוליות שלישייה,יחידה,0.00,יחידה,false,,15.90,0.0000,true,1,121040
7297028193484,false,תחתון נשים,,,תחתון נשים,יחידה,0.00,יחידה,false,,15.90,0.0000,true,1,121970
7297028193491,false,תחתון נשים,,,תחתון נשים,יחידה,0.00,יחידה,false,,15.90,0.0000,true,1,122016
7297478003975,false,גרביים,,,גרביים,יחידה,0.00,יחידה,false,,15.90,0.0000,true,1,84318
7297488098015,false,דגש גרנולה קרנצ'י שו,,,דגש גרנולה קרנצ'י שו,גרמים,250.00,100 גרם,false,,14.90,0.0596,true,1,77379
7297488098152,false,דגש קמח חומוס,,,דגש קמח חומוס,גרמים,500.00,100 גרם,false,,15.90,0.0318,true,1,77182
7297488098299,false,קמח טפיוקה דגש 500 ג,,,קמח טפיוקה דגש 500 ג,גרמים,500.00,100 גרם,false,,8.90,0.0178,true,1,75582
7297488098305,false,קמח שקדים דגש 250 גר,,,קמח שקדים דגש 250 גר,גרמים,250.00,100 גרם,false,,25.90,0.1036,true,1,75609
7297488098688,false,פצפוצי אורז מלא ללא,,,פצפוצי אורז מלא ללא,גרמים,450.00,100 גרם,false,,21.00,0.0467,true,1,76655
7297488099821,false,דגש גרנולה ללא תוספת,,,דגש גרנולה ללא תוספת,גרמים,250.00,100 גרם,false,,14.90,0.0596,true,1,77382
7297488199606,false,פצפוצי אורז מלא קל ל,,,פצפוצי אורז מלא קל ל,גרמים,450.00,100 גרם,false,,21.00,0.0467,true,1,76656
7297488199620,false,פצפוצי אורז מלא ללא,,,פצפוצי אורז מלא ללא,גרמים,450.00,100 גרם,false,,21.00,0.0467,true,1,76657
7321011040308,false,מפיות דוני 20 יח',,,מפיות דוני 20 יח',יחידה,0.00,יחידה,false,,7.00,0.0000,true,1,17455
7321011040629,false,מפיות ניר תלת שכבתי,,,מפיות ניר תלת שכבתי,יחידה,0.00,יחידה,false,,7.00,0.0000,true,1,17456
7321011404070,false,מפיות ניר תלת שכבתי,,,מפיות ניר תלת שכבתי,יחידה,0.00,יחידה,false,,10.90,0.0000,true,1,17458
7394376123337,false,אוטלי משקה שיבולת שו,,,אוטלי משקה שיבולת שו,מיליליטרים,1000.00,"100 מ""ל",false,,13.90,0.0139,true,1,84328
7394376615825,false,אוטלי משקה שיבולת שו,,,אוטלי משקה שיבולת שו,מיליליטרים,1000.00,"100 מ""ל",false,,13.90,0.0139,true,1,84329
7394376615832,false,אוטלי משקה שיבולת שו,,,אוטלי משקה שיבולת שו,מיליליטרים,1000.00,"100 מ""ל",false,,15.90,0.0159,true,1,84330
7394376616778,false,אוטלי משקה שיבולת שו,,,אוטלי משקה שיבולת שו,מיליליטרים,1000.00,"100 מ""ל",false,,15.90,0.0159,true,1,84331
7394376620294,false,משקה שיבולת שועל בטע,,,משקה שיבולת שועל בטע,ליטרים,1000.00,ליטר,false,,15.90,0.0159,true,1,121719
7501013101348,false,ג'ומקס מנגו בקבוק 47,,,ג'ומקס מנגו בקבוק 47,מיליליטרים,473.00,"100 מ""ל",false,,8.90,0.0188,true,1,80000
7501013101362,false,ג'ומקס משקה קוקוס אנ,,,ג'ומקס משקה קוקוס אנ,מיליליטרים,473.00,"100 מ""ל",false,,8.90,0.0188,true,1,80058
7501013122039,false,ג'ומקס נקטר מנגו קרט,,,ג'ומקס נקטר מנגו קרט,ליטרים,1.00,ליטר,false,,8.90,8.9000,true,1,80529
7501013122053,false,ג'ומקס נקטר אפרסק קר,,,ג'ומקס נקטר אפרסק קר,ליטרים,1.00,ליטר,false,,8.90,8.9000,true,1,80527
7501013122114,false,ג'ומקס אננס קרטונית,,,ג'ומקס אננס קרטונית,ליטרים,1.00,ליטר,false,,8.90,8.9000,true,1,80528
7501013122190,false,ג'ומקס תפוחים קרטוני,,,ג'ומקס תפוחים קרטוני,ליטרים,1.00,ליטר,false,,8.90,8.9000,true,1,80530
7501013122992,false,ג'ומקס קוקוס אננס קר,,,ג'ומקס קוקוס אננס קר,ליטרים,1.00,ליטר,false,,8.90,8.9000,true,1,80531
7501013138184,false,נקטר חמוציות יוניקו,,,נקטר חמוציות יוניקו,ליטרים,1.00,ליטר,false,,10.90,10.9000,false,1,33105
7501013138856,false,יוניקו 100% תפוזים ס,,,יוניקו 100% תפוזים ס,ליטרים,1.00,ליטר,false,,12.90,12.9000,true,1,87365
7501049936945,false,בירה סול שישייה 330,,,בירה סול שישייה 330,מיליליטרים,1980.00,"100 מ""ל",false,,32.90,0.0166,false,1,83438
7501064191398,false,שישיית בירה קורונה -,,,שישיית בירה קורונה -,ליטרים,2.13,ליטר,false,,34.90,16.3850,false,1,78116
7503012779306,false,סירופ אגבה 330מל,,,סירופ אגבה 330מל,מיליליטרים,330.00,"100 מ""ל",false,,17.90,0.0542,true,1,18773
7509546061160,false,קולגייט משחת ילדים מ,,,קולגייט משחת ילדים מ,מיליליטרים,75.00,"100 מ""ל",false,,15.90,0.2120,true,1,90186
7509546061665,false,ספיד סטיק אקסטרים אי,,,ספיד סטיק אקסטרים אי,גרמים,85.00,100 גרם,false,,19.90,0.2341,true,1,121359
7509546061672,false,ספיד סטיק אקסטרים סט,,,ספיד סטיק אקסטרים סט,גרמים,50.00,100 גרם,false,,19.90,0.3980,true,1,121360
7509546666846,false,קולגייט טוטאל משחת ש,,,קולגייט טוטאל משחת ש,מיליליטרים,75.00,"100 מ""ל",false,,19.90,0.2653,true,1,89170
7509546678702,false,קולגייט משחת שיניים,,,קולגייט משחת שיניים,מיליליטרים,100.00,"100 מ""ל",false,,16.90,0.1690,true,1,121163
7610008059097,false,טבלת רגוסה בלונד,,,טבלת רגוסה בלונד,גרמים,100.00,100 גרם,false,,14.90,0.1490,true,1,85997
7610008622000,false,שוקולד מוס מריר קמיל,,,שוקולד מוס מריר קמיל,גרמים,100.00,100 גרם,false,,14.90,0.1490,true,1,67849
7610023050215,false,"מיזלי ""קראנצ איקס 50",,,"מיזלי ""קראנצ איקס 50",גרמים,500.00,100 גרם,false,,26.90,0.0538,true,1,11856
7610023051212,false,"מיזלי ""שוקו איקס 500",,,"מיזלי ""שוקו איקס 500",גרמים,500.00,100 גרם,false,,26.90,0.0538,true,1,11858
7610100034084,false,מיונז טומי 265 גר',,,מיונז טומי 265 גר',גרמים,265.00,100 גרם,false,,12.90,0.0487,true,1,67903
7610113011652,false,בקרדי בריזר מוגז בטע,בקרדי בריזר,,בקרדי בריזר מוגז בטע,מיליליטרים,275.00,"100 מ""ל",false,,12.90,0.0469,false,1,84028
7610211130903,false,הרמזית 800  יח+ 200,,,הרמזית 800  יח+ 200,גרמים,11.80,100 גרם,false,,29.90,2.5339,true,1,118850
7610243004463,false,דורגול מרסס,יעקובי דורגול,,דורגול מרסס,מיליליטרים,500.00,"100 מ""ל",false,,21.90,0.0438,true,1,15041
7610400010481,false,שוקולד חלב לינדט 100,לינדט,,שוקולד חלב לינדט 100,גרמים,100.00,100 גרם,false,,15.00,0.1500,true,1,1396
7610400014632,false,שוקולד לינדט לבן,,,שוקולד לינדט לבן,גרמים,100.00,100 גרם,false,,15.00,0.1500,true,1,8632
7610400014649,false,שוקולד לינדט במילוי,לינדט,,שוקולד לינדט במילוי,גרמים,100.00,100 גרם,false,,15.00,0.1500,true,1,8633
7610400068369,false,שוקולד לינדור אגוזים,לינדור,,שוקולד לינדור אגוזים,גרמים,100.00,100 גרם,false,,15.00,0.1500,true,1,8635
7610400070577,false,שוקולד לינדט אקסלנס,לינדט,,שוקולד לינדט אקסלנס,גרמים,100.00,100 גרם,false,,15.00,0.1500,true,1,34165
7610400074155,false,שוקולד לינדור 60% קק,לינדור,,שוקולד לינדור 60% קק,גרמים,100.00,100 גרם,false,,15.00,0.1500,true,1,8640
7610400075770,false,לינדט מריר אגוזים 15,לינדט,,לינדט מריר אגוזים 15,גרמים,150.00,100 גרם,false,,23.90,0.1593,true,1,1403
7610400075787,false,שוקולד חלב עם אגוזים,לינדט,,שוקולד חלב עם אגוזים,גרמים,150.00,100 גרם,false,,23.90,0.1593,true,1,1404
7610400075794,false,לינדט לגרנד לבן שקד,לינדט,,לינדט לגרנד לבן שקד,גרמים,150.00,100 גרם,false,,23.90,0.1593,true,1,1405
7610400085946,false,שוקולד לינדט לגרנד ס,,,שוקולד לינדט לגרנד ס,גרמים,150.00,100 גרם,false,,23.90,0.1593,true,1,80403
7610400086202,false,שוקולד לינדט לגרנד 1,לינדט,,שוקולד לינדט לגרנד 1,גרמים,150.00,100 גרם,false,,23.90,0.1593,true,1,72631
7610400091060,false,שוקולד לינדט אקסלנס,לינדט,,שוקולד לינדט אקסלנס,גרמים,100.00,100 גרם,false,,15.00,0.1500,true,1,83396
7613030979647,false,טריקס 480 גר,,,טריקס 480 גר,גרמים,480.00,100 גרם,false,,19.90,0.0415,false,1,73433
7613031608850,false,פיטנס דגנים 625 גרם,נסטלה,,פיטנס דגנים 625 גרם,גרמים,625.00,100 גרם,false,,24.90,0.0398,false,1,6342
7613032045753,false,דגנים פיטנס שוקולד 3,נסטלה,,דגנים פיטנס שוקולד 3,גרמים,375.00,100 גרם,false,,21.90,0.0584,false,1,268
7613033174728,false,קפסולות קפה דולצ'ה ג,,,קפסולות קפה דולצ'ה ג,גרמים,160.00,100 גרם,false,,26.90,0.1681,true,1,60430
7613033548192,false,פיטנס דגנים עם שוקול,נסטלה,,פיטנס דגנים עם שוקול,גרמים,375.00,100 גרם,false,,21.90,0.0584,false,1,273
7613035027022,false,פורינה ONE כלב מיני,,,פורינה ONE כלב מיני,גרמים,800.00,100 גרם,false,,29.90,0.0374,true,1,80208
7613035378643,false,דנטלייף גזע גדול,,,דנטלייף גזע גדול,גרמים,142.00,100 גרם,false,,13.90,0.0979,true,1,117350
7613035379817,false,דנטלייף גזע קטן,,,דנטלייף גזע קטן,גרמים,115.00,100 גרם,false,,14.90,0.1296,true,1,117349
7613035614482,false,פורינה ONE גור חתולי,,,פורינה ONE גור חתולי,גרמים,800.00,100 גרם,false,,35.90,0.0449,true,1,80211
7613035622623,false,פיטנס גרנולה דבש,,,פיטנס גרנולה דבש,גרמים,300.00,100 גרם,false,,15.90,0.0530,true,1,63426
7613035635845,false,פיטנס גרנולה שוקולד,,,פיטנס גרנולה שוקולד,גרמים,300.00,100 גרם,false,,15.90,0.0530,true,1,63356
7613035758834,false,פיטנס גרנולה חמוציות,,,פיטנס גרנולה חמוציות,גרמים,300.00,100 גרם,false,,15.90,0.0530,true,1,65327
7613035807778,false,פרפקטו רוטב עגבניות,,,פרפקטו רוטב עגבניות,גרמים,400.00,100 גרם,false,,9.60,0.0240,true,1,65300
7613035809109,false,פרפקטו רוטב עגבניות,,,פרפקטו רוטב עגבניות,גרמים,400.00,100 גרם,false,,9.60,0.0240,true,1,65301
7613035809123,false,פרפקטו רוטב עגבניות,,,פרפקטו רוטב עגבניות,גרמים,400.00,100 גרם,false,,9.60,0.0240,true,1,65302
7613035809857,false,פרפקטו רוטב עגבניות,,,פרפקטו רוטב עגבניות,גרמים,400.00,100 גרם,false,,9.60,0.0240,true,1,65303
7613036105576,false,דוגלי בוגר עוף 3 קג,,,דוגלי בוגר עוף 3 קג,קילוגרמים,3.00,"ק""ג",false,,48.90,16.3000,false,1,70139
7613036307390,false,"פורינה ONE מזון בע""ח",,,"פורינה ONE מזון בע""ח",קילוגרמים,2.50,"ק""ג",false,,79.90,31.9600,true,1,80220
7613036314114,false,נס קפה גולד 200 גר,,,נס קפה גולד 200 גר,יחידה,0.00,יחידה,false,,48.90,0.0000,false,1,74321
7613036387798,false,דגני פיטנס יוגורט 35,,,דגני פיטנס יוגורט 35,גרמים,350.00,100 גרם,false,,21.90,0.0626,false,1,71385
7613036520492,false,פרפקטו רוטב עגבניות,,,פרפקטו רוטב עגבניות,גרמים,400.00,100 גרם,false,,9.60,0.0240,true,1,72899
7613036725309,false,דנטלייף חתול עוף,,,דנטלייף חתול עוף,גרמים,40.00,100 גרם,false,,9.90,0.2475,true,1,117353
7613036737623,false,קראנץ מקס נסטלה,,,קראנץ מקס נסטלה,גרמים,410.00,100 גרם,false,,19.90,0.0485,false,1,75025
7613037204889,false,סטארבקס פולי קפה אספ,,,סטארבקס פולי קפה אספ,גרמים,450.00,100 גרם,false,,45.90,0.1020,false,1,88508
7613037686906,false,פיטנס שקדים ודבש 355,נסטלה,,פיטנס שקדים ודבש 355,גרמים,355.00,100 גרם,false,,21.90,0.0617,false,1,80458
7613037687132,false,פיטנס שקדים ודבש 585,נסטלה,,פיטנס שקדים ודבש 585,גרמים,585.00,100 גרם,false,,24.90,0.0426,false,1,80459
7613037811629,false,גו פרי קורנפלקס,,,גו פרי קורנפלקס,גרמים,500.00,100 גרם,false,,13.50,0.0270,false,1,82224
7613038268262,false,האני נאט ציריוס מופח,,,האני נאט ציריוס מופח,גרמים,410.00,100 גרם,false,,19.90,0.0485,true,1,81899
7613038451954,false,דגני קראנץ שוקולד מו,,,דגני קראנץ שוקולד מו,גרמים,410.00,100 גרם,false,,19.90,0.0485,false,1,82057
7613039547731,false,גרבר מחית תפוח משמש,מטרנה,,גרבר מחית תפוח משמש,גרמים,90.00,100 גרם,false,,5.90,0.0656,true,1,85024
7613039770450,false,טבעול בורגר צמחוני,,,טבעול בורגר צמחוני,גרמים,226.00,100 גרם,false,,33.90,0.1500,false,1,85285
7613039881521,false,גרבר מחית מנגו 190 ג,,,גרבר מחית מנגו 190 ג,גרמים,190.00,100 גרם,false,,6.80,0.0358,true,1,87212
7613287008497,false,סטארבקס פולי קפה פיי,,,סטארבקס פולי קפה פיי,גרמים,450.00,100 גרם,false,,45.90,0.1020,false,1,88509
7613287121783,false,סמארטיס מיני,,,סמארטיס מיני,גרמים,187.00,100 גרם,false,,13.90,0.0743,true,1,89154
7613287155832,false,גרבר מחית תפוח פאוץ,,,גרבר מחית תפוח פאוץ,גרמים,90.00,100 גרם,false,,5.90,0.0656,false,1,88414
7613287155863,false,גרבר מחית אגס פאו'ץ,,,גרבר מחית אגס פאו'ץ,גרמים,90.00,100 גרם,false,,5.90,0.0656,true,1,88032
7613287155894,false,גרבר מחית אפרסק פאוץ,,,גרבר מחית אפרסק פאוץ,גרמים,90.00,100 גרם,false,,5.90,0.0656,true,1,88033
7613287155924,false,גרבר מחית תפוח גזר פ,,,גרבר מחית תפוח גזר פ,גרמים,90.00,100 גרם,false,,5.90,0.0656,true,1,88034
7613287181411,false,ויטמינצ'יק מחית סלט,,,ויטמינצ'יק מחית סלט,גרמים,110.00,100 גרם,false,,5.50,0.0500,true,1,90392
7613287182456,false,ויטמינצ'יק  מחית אגס,,,ויטמינצ'יק  מחית אגס,גרמים,110.00,100 גרם,false,,5.50,0.0500,true,1,90387
7613287186928,false,סטארבקס קפסולות ברקפ,,,סטארבקס קפסולות ברקפ,יחידה,0.00,יחידה,false,,21.90,0.0000,true,1,90018
7613287302373,false,קפסולות סטארבקס סטיי,,,קפסולות סטארבקס סטיי,גרמים,56.00,100 גרם,false,,21.90,0.3911,true,1,87624
7613287325822,false,רוטב מיקס לחיץ אוסם,,,רוטב מיקס לחיץ אוסם,גרמים,295.00,100 גרם,false,,14.90,0.0505,true,1,117190
7613287325853,false,רוטב ספייסי איולי לח,,,רוטב ספייסי איולי לח,גרמים,295.00,100 גרם,false,,14.90,0.0505,true,1,117191
7613287325952,false,רוטב ברביקיו לחיץ או,,,רוטב ברביקיו לחיץ או,גרמים,345.00,100 גרם,false,,14.90,0.0432,true,1,117192
7613287325983,false,רוטב סלסה לחיץ אוסם,,,רוטב סלסה לחיץ אוסם,גרמים,335.00,100 גרם,false,,14.90,0.0445,true,1,117193
7613287394323,false,דגני צ'ריוס מולטי 60,,,דגני צ'ריוס מולטי 60,גרמים,600.00,100 גרם,false,,19.90,0.0332,false,1,89411
7613287476678,false,סינימיניס צו'רוס,,,סינימיניס צו'רוס,גרמים,360.00,100 גרם,false,,19.90,0.0553,false,1,117108
7613287821348,false,טבעול נתחוני עוף טבע,,,טבעול נתחוני עוף טבע,גרמים,350.00,100 גרם,false,,33.90,0.0969,true,1,118317
7613287855640,false,קפסולות סטארבקס גווא,,,קפסולות סטארבקס גווא,גרמים,55.00,100 גרם,false,,21.90,0.3982,true,1,121061
7622010001858,false,עוגיות אוראו ממולאות,,,עוגיות אוראו ממולאות,גרמים,176.00,100 גרם,false,,8.90,0.0506,false,1,66362
7622201050757,false,שוקולד מילקה קרמל 10,לינדט,,שוקולד מילקה קרמל 10,גרמים,100.00,100 גרם,false,,5.90,0.0590,false,1,10712
7622201137052,false,מילקה מיני קוקיז,,,מילקה מיני קוקיז,גרמים,110.00,100 גרם,false,,8.50,0.0773,true,1,88118
7622201139278,false,גבינת פילדלפיה 150 ג,,,גבינת פילדלפיה 150 ג,גרמים,150.00,100 גרם,false,,13.90,0.0927,true,1,82249
7622201401900,false,עוגיות מילקה סנסיין,,,עוגיות מילקה סנסיין,גרמים,156.00,100 גרם,false,,12.90,0.0827,true,1,85661
7622201521493,false,פילדלפיה שום ועשבי ת,,,פילדלפיה שום ועשבי ת,גרמים,150.00,100 גרם,false,,13.90,0.0927,true,1,120982
7622201798154,false,גבינת פילדלפיה לייט,,,גבינת פילדלפיה לייט,גרמים,150.00,100 גרם,false,,13.90,0.0927,true,1,90730
7622201801809,false,מילקה שוקולד חלב עם,,,מילקה שוקולד חלב עם,גרמים,100.00,100 גרם,false,,5.90,0.0590,true,1,90404
7622201802363,false,מילקה שוקולד חלב צימ,,,מילקה שוקולד חלב צימ,גרמים,100.00,100 גרם,false,,5.90,0.0590,true,1,90403
7622201802394,false,מילקה שוקולד חלב 100,,,מילקה שוקולד חלב 100,גרמים,100.00,100 גרם,false,,5.90,0.0590,false,1,117515
7622201808631,false,אוראו מיני כוסות בטע,,,אוראו מיני כוסות בטע,גרמים,67.00,100 גרם,false,,6.90,0.1030,true,1,90414
7622201809188,false,מילקה ביסקביט 150 גר,,,מילקה ביסקביט 150 גר,גרמים,150.00,100 גרם,false,,12.90,0.0860,true,1,88832
7622201813390,false,מילקה וופל במילוי קר,,,מילקה וופל במילוי קר,גרמים,150.00,100 גרם,false,,12.90,0.0860,true,1,88833
7622201819170,false,מילקה דארק שקדים,,,מילקה דארק שקדים,גרמים,85.00,100 גרם,false,,6.90,0.0812,true,1,117364
7622201819408,false,מילקה דארק קרמל,,,מילקה דארק קרמל,גרמים,85.00,100 גרם,false,,6.90,0.0812,true,1,117365
7622201819552,false,שוקולד מילקה דארק,,,שוקולד מילקה דארק,גרמים,85.00,100 גרם,false,,6.90,0.0812,true,1,117366
7622210078131,false,שוקולד מילקה חלב שבר,,,שוקולד מילקה חלב שבר,גרמים,100.00,100 גרם,false,,5.90,0.0590,true,1,68763
7622210117762,false,קוטדור בושה  200 גר,,,קוטדור בושה  200 גר,גרמים,200.00,100 גרם,false,,17.90,0.0895,false,1,32328
7622210137234,false,אוראו דאבל,,,אוראו דאבל,גרמים,170.00,100 גרם,false,,7.90,0.0465,true,1,64713
7622210163899,false,שוקולד מילקה חלב עם,,,שוקולד מילקה חלב עם,גרמים,100.00,100 גרם,false,,5.90,0.0590,false,1,73708
7622210453327,false,עוגיות מילקה סנסיישן,,,עוגיות מילקה סנסיישן,גרמים,156.00,100 גרם,false,,12.90,0.0827,true,1,71053
7622210637994,false,אוראו ביס קראנצ'י או,,,אוראו ביס קראנצ'י או,גרמים,110.00,100 גרם,false,,8.50,0.0773,true,1,85745
7622210638021,false,אוראו ביס קראנצ'י בצ,,,אוראו ביס קראנצ'י בצ,גרמים,110.00,100 גרם,false,,8.50,0.0773,true,1,85762
7622210690852,false,שוקולד מילקה טריולד,,,שוקולד מילקה טריולד,גרמים,280.00,100 גרם,false,,14.90,0.0532,true,1,72438
7622210690883,false,מילקה מונדיאל 270 גר,,,מילקה מונדיאל 270 גר,גרמים,270.00,100 גרם,false,,12.90,0.0478,false,1,122180
7622210693266,false,מילקה אגוזים שלמים 2,,,מילקה אגוזים שלמים 2,גרמים,270.00,100 גרם,false,,14.90,0.0552,true,1,84725
7622210724519,false,קוטדור ביו 70% קקאו,,,קוטדור ביו 70% קקאו,גרמים,90.00,100 גרם,false,,15.90,0.1767,true,1,86824
7622210724557,false,קוטדור ביו מלוח,,,קוטדור ביו מלוח,גרמים,90.00,100 גרם,false,,15.90,0.1767,true,1,86825
7622210826053,false,שוקולד מילקה אוראו ס,,,שוקולד מילקה אוראו ס,גרמים,92.00,100 גרם,false,,5.90,0.0641,true,1,85852
7622210835338,false,אוראו בראוניז,,,אוראו בראוניז,גרמים,176.00,100 גרם,false,,7.90,0.0449,true,1,85659
7622210869616,false,קוטדור ביו 85% קקאו,,,קוטדור ביו 85% קקאו,גרמים,90.00,100 גרם,false,,15.90,0.1767,true,1,86826
7622300200237,false,מילקה שוקולד חלב 250,מילקה,,מילקה שוקולד חלב 250,גרמים,250.00,100 גרם,false,,12.90,0.0516,false,1,20302
7622300270506,false,עוגיות מילקה שוקו גר,מילקה,,עוגיות מילקה שוקו גר,גרמים,168.00,100 גרם,false,,12.90,0.0768,true,1,10714
7622300356767,false,מילקה עוגיות שוקולד,מילקה,,מילקה עוגיות שוקולד,גרמים,168.00,100 גרם,false,,12.90,0.0768,true,1,10716
7622300489427,false,עוגיות אוראו בציפוי,,,עוגיות אוראו בציפוי,גרמים,246.00,100 גרם,false,,16.90,0.0687,false,1,72774
7622300489434,false,עוגיות אוראו בציפוי,,,עוגיות אוראו בציפוי,יחידה,0.00,יחידה,false,,16.90,0.0000,false,1,72775
7622300495046,false,שוקולד מילקה אקסטרא,,,שוקולד מילקה אקסטרא,גרמים,100.00,100 גרם,false,,5.90,0.0590,false,1,24071
7622300503079,false,ביסקוויט מצופה שוקול,מילקה,,ביסקוויט מצופה שוקול,גרמים,200.00,100 גרם,false,,12.90,0.0645,true,1,10718
7622300617820,false,שוקולד מילקה אוראו 1,,,שוקולד מילקה אוראו 1,גרמים,100.00,100 גרם,false,,5.90,0.0590,false,1,24072
7622300761363,false,אוראו מיני כוסות שוק,,,אוראו מיני כוסות שוק,גרמים,67.00,100 גרם,false,,6.90,0.1030,true,1,78829
7622400005190,false,שוקולד מילקה חום לבן,מילקה,,שוקולד מילקה חום לבן,גרמים,100.00,100 גרם,false,,5.90,0.0590,false,1,34230
7630311507016,false,קפסולות סטארבקס סאני,,,קפסולות סטארבקס סאני,גרמים,57.00,100 גרם,false,,21.90,0.3842,true,1,119304
7630477891592,false,קפסולות סטארבקס האוס,,,קפסולות סטארבקס האוס,גרמים,57.00,100 גרם,false,,21.90,0.3842,true,1,84881
7630477891615,false,קפסולות סטארבקס סומט,,,קפסולות סטארבקס סומט,גרמים,55.00,100 גרם,false,,21.90,0.3982,true,1,84883
7630477891639,false,קפסולות סטארבקס ורונ,,,קפסולות סטארבקס ורונ,גרמים,55.00,100 גרם,false,,21.90,0.3982,true,1,84884
7630477891653,false,קפסולות סטארבקס אספר,,,קפסולות סטארבקס אספר,גרמים,57.00,100 גרם,false,,21.90,0.3842,true,1,84885
7630477891677,false,קפסולות סטארבקס פייק,,,קפסולות סטארבקס פייק,גרמים,53.00,100 גרם,false,,21.90,0.4132,true,1,84886
7630477891691,false,קפסולות סטארבקס קולו,,,קפסולות סטארבקס קולו,גרמים,57.00,100 גרם,false,,21.90,0.3842,true,1,84887
7630477891714,false,קפסולות סטארבקס אספר,,,קפסולות סטארבקס אספר,גרמים,57.00,100 גרם,false,,21.90,0.3842,true,1,84889
7630477891738,false,קפסולות סטארבקס אספר,,,קפסולות סטארבקס אספר,גרמים,53.00,100 גרם,false,,21.90,0.4132,true,1,84888
7638900083071,false,סוללות A76 זוג Energ,אנרג'ייזר,,סוללות A76 זוג Energ,יחידה,0.00,יחידה,false,,12.90,0.0000,true,1,75611
7638900248333,false,סוללות 2025 זוג Ener,אנרג'ייזר,,סוללות 2025 זוג Ener,יחידה,0.00,יחידה,false,,17.90,0.0000,true,1,75612
7638900248357,false,סוללות 2032 זוג Ener,אנרג'ייזר,,סוללות 2032 זוג Ener,יחידה,0.00,יחידה,false,,17.90,0.0000,true,1,75613
7638900295641,false,סוללות אנרג'ייזר אלק,אנרג'ייזר,,סוללות אנרג'ייזר אלק,יחידה,0.00,יחידה,false,,17.90,0.0000,true,1,75614
7638900426663,false,סוללות 9V ANERGIZER,,,סוללות 9V ANERGIZER,יחידה,0.00,יחידה,false,,23.90,0.0000,true,1,81247
7638900426809,false,סוללות אלקליין MAX ר,אנרג'ייזר,,סוללות אלקליין MAX ר,יחידה,0.00,יחידה,false,,23.90,0.0000,true,1,82126
7702018271788,false,ג'ילט פרו דאודורנט S,,,ג'ילט פרו דאודורנט S,מיליליטרים,70.00,"100 מ""ל",false,,15.90,0.2271,true,1,23718
7702018321582,false,ג'ילט דאודורנט סטיק,,,ג'ילט דאודורנט סטיק,יחידה,0.00,יחידה,false,,22.90,0.0000,true,1,26361
7702018357871,false,ג'ל גילוח פרוגלייד 2,,,ג'ל גילוח פרוגלייד 2,יחידה,0.00,יחידה,false,,24.00,0.0000,true,1,65537
7702018404476,false,קצף גילוח סירייס 250,,,קצף גילוח סירייס 250,מיליליטרים,250.00,"100 מ""ל",false,,16.90,0.0676,true,1,67491
7702018469802,false,ג'ילט מארז ונוס סווי,,,ג'ילט מארז ונוס סווי,יחידה,0.00,יחידה,false,,49.90,0.0000,false,1,121261
7702018471423,false,ג'ילט פיוז'ן רביעיה,,,ג'ילט פיוז'ן רביעיה,יחידה,0.00,יחידה,false,,34.90,0.0000,false,1,80782
7702018877591,false,סכיני גילוח ג'ילט רב,,,סכיני גילוח ג'ילט רב,יחידה,0.00,יחידה,false,,65.90,0.0000,true,1,81275
7702018980833,false,ג'ל גילוח סירייס מוע,,,ג'ל גילוח סירייס מוע,מיליליטרים,200.00,"100 מ""ל",false,,15.90,0.0795,true,1,66055
7702018980864,false,קצף גילוח סירייס רגי,,,קצף גילוח סירייס רגי,מיליליטרים,250.00,"100 מ""ל",false,,16.90,0.0676,true,1,67490
7702024074625,false,פיטנס חטיפי קרקר חיט,,,פיטנס חטיפי קרקר חיט,גרמים,234.00,100 גרם,false,,11.90,0.0509,true,1,74780
7702024258322,false,פיטנס חטיפי קרקר צ'י,,,פיטנס חטיפי קרקר צ'י,גרמים,234.00,100 גרם,false,,11.90,0.0509,true,1,84840
7702174066631,false,פין פופ לקקנים,טופס,,פין פופ לקקנים,גרמים,180.00,100 גרם,false,,9.90,0.0550,true,1,9716
7702174068826,false,לקקן יוגטה פירות 12,,,לקקן יוגטה פירות 12,יחידה,0.00,יחידה,false,,9.90,0.0000,true,1,23420
7702174068833,false,לקקן יוגטה גלידה 12,,,לקקן יוגטה גלידה 12,יחידה,0.00,יחידה,false,,9.90,0.0000,true,1,22548
7702174070201,false,יוגטה מג'יק לקקנים,,,יוגטה מג'יק לקקנים,גרמים,216.00,100 גרם,false,,9.90,0.0458,true,1,24560
7702174073783,false,לקקן פין פופ קולה,,,לקקן פין פופ קולה,גרמים,180.00,100 גרם,false,,9.90,0.0550,true,1,60447
7705558030518,false,סט סכינים,,,סט סכינים,יחידה,0.00,יחידה,false,,19.90,0.0000,true,1,58765
7791875005353,false,ריבת חלב הוואנה 450,,,ריבת חלב הוואנה 450,גרמים,450.00,100 גרם,false,,17.90,0.0398,true,1,118662
7792860006218,false,בייבי דול לקקן,,,בייבי דול לקקן,גרמים,24.00,100 גרם,false,,2.20,0.0917,true,1,8642
7798304600011,false,אוכמניות טריות,,,אוכמניות טריות,יחידה,0.00,יחידה,false,,9.90,0.0000,true,1,85186
7804414000860,false,דון חוליו קברנה סובי,,,דון חוליו קברנה סובי,מיליליטרים,750.00,"100 מ""ל",false,,24.90,0.0332,true,1,17568
7804414000877,false,דון חוליו מרלו,,,דון חוליו מרלו,יחידה,750.00,יחידה,false,,24.90,0.0332,true,1,17569
7804414000884,false,יין דון חוליו שרדונה,,,יין דון חוליו שרדונה,מיליליטרים,750.00,"100 מ""ל",false,,24.90,0.0332,true,1,34219
7804414001614,false,יין דון חוליו שירז,,,יין דון חוליו שירז,מיליליטרים,750.00,"100 מ""ל",false,,24.90,0.0332,true,1,34220
7804414012344,false,יין דון חוליו סוביני,,,יין דון חוליו סוביני,מיליליטרים,750.00,"100 מ""ל",false,,24.90,0.0332,true,1,72455
7804414012351,false,דון חוליו מלבק יין א,,,דון חוליו מלבק יין א,מיליליטרים,750.00,"100 מ""ל",false,,24.90,0.0332,true,1,68775
7804414012368,false,דון חוליו יין רוזה ח,,,דון חוליו יין רוזה ח,מיליליטרים,750.00,"100 מ""ל",false,,24.90,0.0332,true,1,68776
7804414017110,false,דון חוליו פינו נואר,,,דון חוליו פינו נואר,מיליליטרים,750.00,"100 מ""ל",false,,24.90,0.0332,true,1,81834
7860001961433,false,מלקחיים,,,מלקחיים,יחידה,0.00,יחידה,false,,13.90,0.0000,true,1,120270
7891024124826,false,קולגייט אופטיק וייט,,,קולגייט אופטיק וייט,מיליליטרים,75.00,"100 מ""ל",false,,16.90,0.2253,true,1,24273
8000040000802,false,קמפרי 1 ליטר,,,קמפרי 1 ליטר,ליטרים,1.00,ליטר,false,,89.90,89.9000,true,1,17570
8000070011878,false,קפה לוואצה נטול קפאי,,,קפה לוואצה נטול קפאי,גרמים,250.00,100 גרם,false,,39.90,0.1596,false,1,21663
8000070012219,false,לוואצה אורו פולי קפה,,,לוואצה אורו פולי קפה,גרמים,250.00,100 גרם,false,,36.90,0.1476,true,1,87539
8000070012783,false,קפה לוואצה אורו 250,,,קפה לוואצה אורו 250,גרמים,250.00,100 גרם,false,,34.90,0.1396,false,1,11866
8000070027398,false,לוואצה קרמה קלסיקו פ,,,לוואצה קרמה קלסיקו פ,גרמים,500.00,100 גרם,false,,64.90,0.1298,true,1,87492
8000070032835,false,"לוואצה ""מטינו"" קפה ק",,,"לוואצה ""מטינו"" קפה ק",גרמים,250.00,100 גרם,false,,25.90,0.1036,true,1,11869
8000070035980,false,קפה לוואצה רוסה אדום,,,קפה לוואצה רוסה אדום,גרמים,250.00,100 גרם,false,,28.90,0.1156,false,1,11870
8000070038868,false,לוואצה קרמה גוסטו,,,לוואצה קרמה גוסטו,גרמים,250.00,100 גרם,false,,27.90,0.1116,false,1,31971
8000070053465,false,קפסולות לוואצה אלומי,,,קפסולות לוואצה אלומי,גרמים,55.00,100 גרם,false,,19.90,0.3618,false,1,122099
8000070053472,false,קפסולות לוואצה אלומי,,,קפסולות לוואצה אלומי,גרמים,55.00,100 גרם,false,,19.90,0.3618,false,1,122097
8000070053526,false,קפסולות לוואצה אלומי,,,קפסולות לוואצה אלומי,גרמים,55.00,100 גרם,false,,19.90,0.3618,false,1,122100
8000070055254,false,קפסולות לוואצה אלומי,,,קפסולות לוואצה אלומי,גרמים,55.00,100 גרם,false,,19.90,0.3618,false,1,122098
8000070059832,false,קפסולות לוואצה אלומי,,,קפסולות לוואצה אלומי,גרמים,55.00,100 גרם,false,,19.90,0.3618,false,1,122101
8000070081109,false,לוואצה ריקו נטול קפא,,,לוואצה ריקו נטול קפא,גרמים,50.00,100 גרם,false,,16.90,0.3380,true,1,74703
8000070081154,false,לוואצה לג'רו,,,לוואצה לג'רו,גרמים,55.00,100 גרם,false,,16.90,0.3073,true,1,74704
8000091200954,false,טורטיה ללא גלוטן 60*,,,טורטיה ללא גלוטן 60*,גרמים,180.00,100 גרם,false,,17.90,0.0994,true,1,80425
8000113003402,false,קמח תירס 1 קג,,,קמח תירס 1 קג,קילוגרמים,1.00,"ק""ג",false,,15.90,15.9000,true,1,11871
8000215204219,false,חלב אורז אורגני 1 לי,,,חלב אורז אורגני 1 לי,ליטרים,1.00,ליטר,false,,12.90,12.9000,false,1,24588
8000215204240,false,VITARIZ-חלב אורז שקד,,,VITARIZ-חלב אורז שקד,ליטרים,1.00,ליטר,false,,12.90,12.9000,false,1,18774
8000215204264,false,"חלב אורז אישי 200 מ""",,,"חלב אורז אישי 200 מ""",מיליליטרים,200.00,"100 מ""ל",false,,3.80,0.0190,true,1,65612
8000215204271,false,ויטריז- חלב אורז שקד,,,ויטריז- חלב אורז שקד,מיליליטרים,200.00,"100 מ""ל",false,,3.90,0.0195,true,1,33119
8000215204370,false,VITARIZ- תחליף שמנת,,,VITARIZ- תחליף שמנת,מיליליטרים,200.00,"100 מ""ל",false,,5.90,0.0295,true,1,58187
8000215204394,false,ויטריז-משקה אורז עם,,,ויטריז-משקה אורז עם,ליטרים,1.00,ליטר,false,,14.90,14.9000,true,1,27406
8000215204554,false,חלב אורז עם קוקוס או,,,חלב אורז עם קוקוס או,ליטרים,1.00,ליטר,false,,12.90,12.9000,false,1,65611
8000215204561,false,משקה שקדים אורגני vi,,,משקה שקדים אורגני vi,מיליליטרים,1000.00,"100 מ""ל",false,,14.90,0.0149,true,1,77172
8000215204653,false,משקה סויה 1 ליטר,,,משקה סויה 1 ליטר,ליטרים,1.00,ליטר,false,,10.90,10.9000,true,1,81400
8000215204677,false,VITARIZ משקה שיבולת,,,VITARIZ משקה שיבולת,ליטרים,1.00,ליטר,false,,12.90,12.9000,false,1,118805
8000215204714,false,משקה שיבולת שועל אור,,,משקה שיבולת שועל אור,ליטרים,1.00,ליטר,false,,12.90,12.9000,false,1,18775
8000215204745,false,משקה שיבולת שועל וני,,,משקה שיבולת שועל וני,ליטרים,1.00,ליטר,false,,12.90,12.9000,false,1,120881
8000320010026,false,עגבניות תמר מקולפות,,,עגבניות תמר מקולפות,גרמים,400.00,100 גרם,false,,6.20,0.0155,true,1,22171
8000320010088,false,צ'יריו רסק עגבניות,,,צ'יריו רסק עגבניות,גרמים,816.00,100 גרם,false,,10.90,0.0134,true,1,11872
8000320010095,false,פסאטה צ'יריו במרקם ע,,,פסאטה צ'יריו במרקם ע,מיליליטרים,700.00,"100 מ""ל",false,,10.90,0.0156,true,1,120099
8000380003723,false,עוגיות פטיסרי אגוזים,לואקר,,עוגיות פטיסרי אגוזים,גרמים,100.00,100 גרם,false,,11.90,0.1190,true,1,9721
8000380003754,false,עוגיות פטיסרי,,,עוגיות פטיסרי,גרמים,100.00,100 גרם,false,,11.90,0.1190,true,1,68712
8000380003761,false,עוגיות פטיסרי קוקוס,לואקר,,עוגיות פטיסרי קוקוס,גרמים,100.00,100 גרם,false,,11.90,0.1190,true,1,9722
8000380004669,false,וופל קקאו 200 גר',לואקר,,וופל קקאו 200 גר',גרמים,200.00,100 גרם,false,,12.00,0.0600,false,1,2454
8000380004676,false,וופל וניל 200 גר,לואקר,,וופל וניל 200 גר,גרמים,200.00,100 גרם,false,,12.00,0.0600,false,1,2455
8000380004881,false,וופל קוארדטיני,לואקר,,וופל קוארדטיני,גרמים,220.00,100 גרם,false,,13.90,0.0632,true,1,9724
8000380004911,false,וופל קוארדטיני,לואקר,,וופל קוארדטיני,גרמים,250.00,100 גרם,false,,13.90,0.0556,true,1,9725
8000380004966,false,וופל קוארדטיני,לואקר,,וופל קוארדטיני,גרמים,250.00,100 גרם,false,,13.90,0.0556,true,1,9727
8000380005598,false,טורטינה שישיה מריר,לואקר,,טורטינה שישיה מריר,גרמים,125.00,100 גרם,false,,16.00,0.1280,true,1,2456
8000380007257,false,וופל גרדנה 200 ג,לואקר,,וופל גרדנה 200 ג,גרמים,200.00,100 גרם,false,,13.90,0.0695,true,1,2458
8000380106028,false,טורטינה 125 גר,לואקר,,טורטינה 125 גר,גרמים,125.00,100 גרם,false,,16.00,0.1280,true,1,30933
8000380144044,false,וופל גרדנה שוקולד 20,לואקר,,וופל גרדנה שוקולד 20,גרמים,200.00,100 גרם,false,,13.90,0.0695,true,1,2461
8000380148035,false,גרנד פטיסרי מריר אגו,לואקר,,גרנד פטיסרי מריר אגו,גרמים,100.00,100 גרם,false,,11.90,0.1190,false,1,63245
8000380152704,false,חטיפי אצבעות גרדנה א,לואקר,,חטיפי אצבעות גרדנה א,גרמים,125.00,100 גרם,false,,14.00,0.1120,true,1,21836
8000380152728,false,חטיפי אצבעות שוקולד,לואקר,,חטיפי אצבעות שוקולד,גרמים,125.00,100 גרם,false,,14.00,0.1120,true,1,21837
8000380153534,false,טורטינה שישיות לבן,,,טורטינה שישיות לבן,גרמים,125.00,100 גרם,false,,16.00,0.1280,true,1,26555
8000380156009,false,דולימיטים 150 גר',,,דולימיטים 150 גר',גרמים,150.00,100 גרם,false,,25.90,0.1727,true,1,74392
8000380156573,false,דולומיטים 150 גר',,,דולומיטים 150 גר',גרמים,150.00,100 גרם,false,,25.90,0.1727,true,1,33395
8000380157440,false,שוקולד חלב ממולא קרם,לואקר,,שוקולד חלב ממולא קרם,גרמים,85.00,100 גרם,false,,6.90,0.0812,true,1,65599
8000380157570,false,וופל לואקר אגוז 262.,לואקר,,וופל לואקר אגוז 262.,גרמים,262.50,100 גרם,false,,10.00,0.0381,true,1,66195
8000380157587,false,וופל לואקר קרם קקאו,לואקר,,וופל לואקר קרם קקאו,גרמים,262.50,100 גרם,false,,10.00,0.0381,true,1,69456
8000380180745,false,וופל קואדרטיני 250 ג,לואקר,,וופל קואדרטיני 250 ג,גרמים,250.00,100 גרם,false,,13.90,0.0556,true,1,62705
8000380180837,false,גרנד פטיסרי לבן 100,,,גרנד פטיסרי לבן 100,גרמים,100.00,100 גרם,false,,11.90,0.1190,true,1,65078
8000380181032,false,וופל גרדנה לבן 125 ג,לואקר,,וופל גרדנה לבן 125 ג,גרמים,125.00,100 גרם,false,,14.00,0.1120,true,1,65079
8000380187119,false,עוגיות אגוזי לוז 100,לואקר,,עוגיות אגוזי לוז 100,גרמים,100.00,100 גרם,false,,12.90,0.1290,true,1,85875
8000380189281,false,מארז לואקר מיני מיקס,לואקר,,מארז לואקר מיני מיקס,גרמים,210.00,100 גרם,false,,21.90,0.1043,true,1,73444
8000380192588,false,לואקר קואדרטיני דאבל,לואקר,,לואקר קואדרטיני דאבל,גרמים,250.00,100 גרם,false,,13.90,0.0556,true,1,77920
8000380205400,false,לואקר קואדרטיני חמאת,לואקר,,לואקר קואדרטיני חמאת,גרמים,250.00,100 גרם,false,,13.90,0.0556,true,1,120628
8000380205523,false,לואקר וופל קלאסיק חמ,לואקר,,לואקר וופל קלאסיק חמ,גרמים,175.00,100 גרם,false,,10.90,0.0623,true,1,120629
8000500009673,false,בונבוניירה רושר 300ג,רושר,,בונבוניירה רושר 300ג,גרמים,300.00,100 גרם,false,,39.90,0.1330,true,1,2464
8000500023624,false,חטיף קינדר הפי היפו,פררו,,חטיף קינדר הפי היפו,גרמים,100.00,100 גרם,false,,12.90,0.1290,true,1,2465
8000500023976,false,בונבונירה רפאלו 150,פררו,,בונבונירה רפאלו 150,גרמים,150.00,100 גרם,false,,12.90,0.0860,true,1,2466
8000500026731,false,ביצי קינדר שלישייה,,,ביצי קינדר שלישייה,גרמים,60.00,100 גרם,false,,16.50,0.2750,false,1,56176
8000500028124,false,שלישיה קינדר ג'וי 3x,פררו,,שלישיה קינדר ג'וי 3x,גרמים,60.00,100 גרם,false,,16.50,0.2750,false,1,2467
8000500029350,false,שלישיה שוקולד קינדר,פררו,,שלישיה שוקולד קינדר,גרמים,129.00,100 גרם,false,,10.90,0.0845,true,1,9732
8000500032237,false,בונבונירה רושר 375 ג,רושר,,בונבונירה רושר 375 ג,גרמים,375.00,100 גרם,false,,39.90,0.1064,true,1,2468
8000500071083,false,שוקולד קינדר 200 גר',פררו,,שוקולד קינדר 200 גר',גרמים,200.00,100 גרם,false,,12.90,0.0645,false,1,2470
8000500094976,false,פררו רושה קונוס 212,רושר,,פררו רושה קונוס 212,גרמים,212.00,100 גרם,false,,32.90,0.1552,true,1,23657
8000500121436,false,שלישיה קינדר בואנו ל,פררו,,שלישיה קינדר בואנו ל,גרמים,129.00,100 גרם,false,,10.90,0.0845,true,1,9736
8000500127728,false,קינדר מילק סלייס עוג,,,קינדר מילק סלייס עוג,גרמים,112.00,100 גרם,false,,11.90,0.1063,true,1,88678
8000500167656,false,קינדר סיריאל מארז רב,,,קינדר סיריאל מארז רב,גרמים,94.00,100 גרם,false,,8.50,0.0904,true,1,80366
8000500227848,false,וופל מלוח נוטלה מארז,,,וופל מלוח נוטלה מארז,גרמים,132.00,100 גרם,false,,11.90,0.0902,true,1,75925
8000500249352,false,בואנו מיני מיקס,,,בואנו מיני מיקס,גרמים,205.00,100 גרם,false,,18.90,0.0922,true,1,72638
8000500256213,false,קינדר שוקולד מיני,,,קינדר שוקולד מיני,גרמים,120.00,100 גרם,false,,10.90,0.0908,true,1,119122
8000500267103,false,קינדר דליס עשירייה,,,קינדר דליס עשירייה,גרמים,390.00,100 גרם,false,,19.90,0.0510,true,1,74783
8000500269169,false,קינדר קארדס חמישייה,,,קינדר קארדס חמישייה,גרמים,128.00,100 גרם,false,,12.90,0.1008,true,1,121286
8000698466265,false,בונבוניירה אליזה פיל,,,בונבוניירה אליזה פיל,גרמים,400.00,100 גרם,false,,66.90,0.1673,true,1,85034
8001003100164,false,סוכריות ג'לי 450 גר',יוגטה,,סוכריות ג'לי 450 גר',גרמים,450.00,100 גרם,false,,11.90,0.0264,true,1,73587
8001003202028,false,יוגטה ג'לי בטעם מנטה,יוגטה,,יוגטה ג'לי בטעם מנטה,גרמים,80.00,100 גרם,false,,4.50,0.0563,true,1,120168
8001003202035,false,יוגטה ג'לי בטעם פירו,יוגטה,,יוגטה ג'לי בטעם פירו,גרמים,80.00,100 גרם,false,,4.50,0.0563,true,1,120169
8001090016003,false,טבליות פיירי 84 יח ל,,,טבליות פיירי 84 יח ל,גרמים,1182.00,100 גרם,false,,49.90,0.0422,false,1,67059
8001090184375,false,פרי לכלים אורגינל 90,,,פרי לכלים אורגינל 90,מיליליטרים,900.00,"100 מ""ל",false,,12.90,0.0143,true,1,120313
8001090184412,false,פרי לכלים לימון 900,,,פרי לכלים לימון 900,מיליליטרים,900.00,"100 מ""ל",false,,12.90,0.0143,true,1,120314
8001090222428,false,הרבל אסנסס שמפו חלב,,,הרבל אסנסס שמפו חלב,מיליליטרים,400.00,"100 מ""ל",false,,17.90,0.0447,true,1,79161
8001090222541,false,הרבל אסנסס שמפו תות,,,הרבל אסנסס שמפו תות,מיליליטרים,400.00,"100 מ""ל",false,,17.90,0.0447,true,1,79163
8001090222572,false,הרבל אסנסס מרכך תות,,,הרבל אסנסס מרכך תות,מיליליטרים,400.00,"100 מ""ל",false,,17.90,0.0447,true,1,79164
8001090222725,false,הרבל אסנסס שמפו שמן,,,הרבל אסנסס שמפו שמן,מיליליטרים,400.00,"100 מ""ל",false,,17.90,0.0447,true,1,79165
8001090222756,false,הרבל אסנסס מרכך שמן,,,הרבל אסנסס מרכך שמן,יחידה,0.00,יחידה,false,,17.90,0.0000,true,1,79166
8001090222848,false,הרבל אסנסס שמפו שיקו,,,הרבל אסנסס שמפו שיקו,מיליליטרים,400.00,"100 מ""ל",false,,17.90,0.0447,true,1,79167
8001090222879,false,הרבל אסנסס מרכך שיקו,,,הרבל אסנסס מרכך שיקו,מיליליטרים,400.00,"100 מ""ל",false,,17.90,0.0447,true,1,79168
8001090290830,false,אורל בי משחת שיניים3,,,אורל בי משחת שיניים3,100 מל,75.00,100 מל,false,,19.90,0.2653,true,1,90219
8001090290939,false,אורל בי משחת שיניים3,,,אורל בי משחת שיניים3,100 מל,75.00,100 מל,false,,19.90,0.2653,true,1,90220
8001090336354,false,פמפרס בייבי דריי מיד,,,פמפרס בייבי דריי מיד,יחידה,0.00,יחידה,false,,31.90,0.0000,false,1,81005
8001090336446,false,פמפרס בייבי דריי מיד,,,פמפרס בייבי דריי מיד,יחידה,0.00,יחידה,false,,31.90,0.0000,false,1,81007
8001090336491,false,פמפרס בייבי דריי מיד,,,פמפרס בייבי דריי מיד,יחידה,0.00,יחידה,false,,31.90,0.0000,false,1,81008
8001090336521,false,פמפרס בייבי דריי מיד,,,פמפרס בייבי דריי מיד,יחידה,0.00,יחידה,false,,31.90,0.0000,false,1,81009
8001090336606,false,פמפרס בייבי דריי מיד,,,פמפרס בייבי דריי מיד,יחידה,0.00,יחידה,false,,31.90,0.0000,false,1,81010
8001090364104,false,משחת שיניים אורל בי,,,משחת שיניים אורל בי,100 מל,75.00,100 מל,false,,15.90,0.2120,true,1,90215
8001090364159,false,משחת שיניים אורל בי,,,משחת שיניים אורל בי,100 מל,75.00,100 מל,false,,15.90,0.2120,true,1,90216
8001090377487,false,מסכה אינטנסיבית לשיע,,,מסכה אינטנסיבית לשיע,מיליליטרים,300.00,"100 מ""ל",false,,33.90,0.1130,true,1,76509
8001090379337,false,חיתולי פמפרס פרימיום,,,חיתולי פמפרס פרימיום,יחידה,0.00,יחידה,false,,31.90,0.0000,false,1,118803
8001090379368,false,חיתולי פמפרס פרימיום,,,חיתולי פמפרס פרימיום,יחידה,0.00,יחידה,false,,31.90,0.0000,false,1,118798
8001090379399,false,חיתולי פמפרס פרימיום,,,חיתולי פמפרס פרימיום,יחידה,0.00,יחידה,false,,31.90,0.0000,false,1,118799
8001090458353,false,פיירי אנטי בקטריאלי,,,פיירי אנטי בקטריאלי,מיליליטרים,515.00,"100 מ""ל",false,,9.90,0.0192,false,1,68986
8001090493637,false,הד אנד שולדרס שמפו ט,,,הד אנד שולדרס שמפו ט,מיליליטרים,450.00,"100 מ""ל",false,,16.90,0.0376,true,1,70016
8001090540577,false,אורל בי מי פה להלבנה,,,אורל בי מי פה להלבנה,מיליליטרים,500.00,"100 מ""ל",false,,23.90,0.0478,true,1,119790
8001090580122,false,שמפו שולדרס משקם 400,,,שמפו שולדרס משקם 400,מיליליטרים,400.00,"100 מ""ל",false,,16.90,0.0422,true,1,77163
8001090678614,false,שמפו שולדרס לחות 400,,,שמפו שולדרס לחות 400,מיליליטרים,400.00,"100 מ""ל",false,,16.90,0.0422,true,1,77164
8001090721099,false,אריאל קפסולות לכביסה,,,אריאל קפסולות לכביסה,יחידה,0.00,יחידה,false,,29.90,0.0000,true,1,74792
8001090737809,false,מגן תחתון אולוויז סי,,,מגן תחתון אולוויז סי,יחידה,0.00,יחידה,false,,16.90,0.0000,false,1,74419
8001090745903,false,טייד אלפיין פרש 4 קג,,,טייד אלפיין פרש 4 קג,קילוגרמים,4.00,"ק""ג",false,,29.90,7.4750,false,1,81649
8001090802385,false,טייד קפסולות ג'ל 26,,,טייד קפסולות ג'ל 26,גרמים,100.00,100 גרם,false,,26.90,0.2690,false,1,84578
8001090832450,false,פנטן שמפו נוסחה קלאס,,,פנטן שמפו נוסחה קלאס,מיליליטרים,660.00,"100 מ""ל",false,,17.90,0.0271,false,1,86347
8001090832535,false,פנטן שמפו שמן מרוקאי,,,פנטן שמפו שמן מרוקאי,מיליליטרים,660.00,"100 מ""ל",false,,17.90,0.0271,false,1,86349
8001090832573,false,פנטן שמפו לחות מוגבר,,,פנטן שמפו לחות מוגבר,מיליליטרים,660.00,"100 מ""ל",false,,17.90,0.0271,false,1,86350
8001090832610,false,פנטן שמפו למגע רך כמ,,,פנטן שמפו למגע רך כמ,מיליליטרים,660.00,"100 מ""ל",false,,17.90,0.0271,false,1,86351
8001090832696,false,פנטן שמפו לתלתלים מו,,,פנטן שמפו לתלתלים מו,מיליליטרים,660.00,"100 מ""ל",false,,17.90,0.0271,false,1,86353
8001090832771,false,פנטן שמפו הזנת קרטין,,,פנטן שמפו הזנת קרטין,מיליליטרים,660.00,"100 מ""ל",false,,17.90,0.0271,false,1,86355
8001090832818,false,פנטן קונדישנר נוסחה,,,פנטן קונדישנר נוסחה,מיליליטרים,660.00,"100 מ""ל",false,,17.90,0.0271,false,1,86357
8001090832856,false,פנטן קונדישנר מרוקאי,,,פנטן קונדישנר מרוקאי,מיליליטרים,660.00,"100 מ""ל",false,,17.90,0.0271,false,1,86358
8001090832894,false,פנטן קונדישנר לחות מ,,,פנטן קונדישנר לחות מ,מיליליטרים,660.00,"100 מ""ל",false,,17.90,0.0271,false,1,86359
8001090832931,false,פנטן קונדישנר למגע ר,,,פנטן קונדישנר למגע ר,מיליליטרים,660.00,"100 מ""ל",false,,17.90,0.0271,false,1,86360
8001090832979,false,פנטן מרכך לתלתלים מו,,,פנטן מרכך לתלתלים מו,מיליליטרים,660.00,"100 מ""ל",false,,17.90,0.0271,false,1,86361
8001090833051,false,פנטן מרכך הזנת קרטין,,,פנטן מרכך הזנת קרטין,מיליליטרים,660.00,"100 מ""ל",false,,17.90,0.0271,false,1,86363
8001090833136,false,אריאל ג'ל בייבי 2.25,,,אריאל ג'ל בייבי 2.25,ליטרים,2.26,ליטר,false,,27.90,12.3451,false,1,76090
8001090833198,false,אריאל ג'ל כביסה 2.36,,,אריאל ג'ל כביסה 2.36,ליטרים,2.37,ליטר,false,,27.90,11.7722,false,1,76092
8001090833228,false,אריאל ג'ל כביסה 2.36,,,אריאל ג'ל כביסה 2.36,ליטרים,2.37,ליטר,false,,27.90,11.7722,false,1,76093
8001090833259,false,אריאל ג'ל כביסה 3.74,,,אריאל ג'ל כביסה 3.74,ליטרים,3.74,ליטר,false,,42.90,11.4706,false,1,76089
8001090861276,false,פנטן קונדישנר סופר פ,,,פנטן קונדישנר סופר פ,מיליליטרים,660.00,"100 מ""ל",false,,17.90,0.0271,false,1,86364
8001090861795,false,פנטן שמפו סופר פוד,,,פנטן שמפו סופר פוד,מיליליטרים,660.00,"100 מ""ל",false,,17.90,0.0271,false,1,86356
8001090899194,false,תחבושות אולוויז פלטי,,,תחבושות אולוויז פלטי,יחידה,0.00,יחידה,false,,16.90,0.0000,true,1,80783
8001090899224,false,תחבושות אולוויז פלטי,,,תחבושות אולוויז פלטי,יחידה,0.00,יחידה,false,,16.90,0.0000,true,1,80784
8001090899255,false,תחבושות אולוויז פלטי,,,תחבושות אולוויז פלטי,יחידה,0.00,יחידה,false,,16.90,0.0000,true,1,80785
8001090899286,false,תחבושות אולוויז פלטי,,,תחבושות אולוויז פלטי,יחידה,0.00,יחידה,false,,16.90,0.0000,true,1,80786
8001090992338,false,פיירי קפסולות למדיח,,,פיירי קפסולות למדיח,יחידה,0.00,יחידה,false,,49.90,0.0000,true,1,83393
8001160000888,false,גטורייד-ספורט תפוז,,,גטורייד-ספורט תפוז,מיליליטרים,500.00,"100 מ""ל",false,,9.50,0.0190,true,1,24592
8001160001786,false,גטורייד ספורט כחול,,,גטורייד ספורט כחול,מיליליטרים,590.00,"100 מ""ל",false,,9.50,0.0161,true,1,23893
8001160001892,false,גטורייד-ספורט תפוז א,,,גטורייד-ספורט תפוז א,מיליליטרים,500.00,"100 מ""ל",false,,9.50,0.0190,true,1,24591
8001250003652,false,פסטה רדיאטורי 500 גר,,,פסטה רדיאטורי 500 גר,מיליליטרים,500.00,"100 מ""ל",false,,9.90,0.0198,true,1,25394
8001250009999,false,דה צ'קו ניוקי תפוחי,,,דה צ'קו ניוקי תפוחי,גרמים,500.00,100 גרם,false,,8.90,0.0178,true,1,11926
8001250110015,false,פסטה לזניה מס 1',,,פסטה לזניה מס 1',גרמים,500.00,100 גרם,false,,16.90,0.0338,true,1,11928
8001250120069,false,פסטה דה צ'קו פטו,,,פסטה דה צ'קו פטו,יחידה,0.00,יחידה,false,,9.90,0.0000,true,1,11929
8001250120151,false,בוקטיני דה צ'יקו פסט,,,בוקטיני דה צ'יקו פסט,גרמים,500.00,100 גרם,false,,9.90,0.0198,true,1,18841
8001250120267,false,דה צ'יקו ריטוני קצר,,,דה צ'יקו ריטוני קצר,יחידה,0.00,יחידה,false,,9.90,0.0000,true,1,4396
8001250120410,false,פסטה פנה ריגטה,,,פסטה פנה ריגטה,גרמים,500.00,100 גרם,false,,9.90,0.0198,true,1,64832
8001250120465,false,פסטה דה צ'קו ניו,,,פסטה דה צ'קו ניו,יחידה,0.00,יחידה,false,,9.90,0.0000,true,1,18844
8001250120878,false,פסטה דה צ'יקו,,,פסטה דה צ'יקו,יחידה,0.00,יחידה,false,,9.90,0.0000,true,1,18845
8001250120939,false,פסטה דה צ'יקו,,,פסטה דה צ'יקו,גרמים,500.00,100 גרם,false,,9.90,0.0198,true,1,20517
8001250121264,false,דה צ'קו קונצ'יליוני,,,דה צ'קו קונצ'יליוני,יחידה,500.00,יחידה,false,,15.90,0.0318,true,1,30376
8001250152015,false,דה-צ'יקו פפרדלה 201,,,דה-צ'יקו פפרדלה 201,יחידה,0.00,יחידה,false,,13.90,0.0000,true,1,18848
8001250152091,false,דה-צ'יקו קאפלי ד'אנג,,,דה-צ'יקו קאפלי ד'אנג,יחידה,0.00,יחידה,false,,13.90,0.0000,true,1,70501
8001250861764,false,קמח חיטת דורום 1,,,קמח חיטת דורום 1,יחידה,0.00,יחידה,false,,15.90,0.0000,true,1,23975
8001440124150,false,רוטב עגבניות צ'ילי ל,,,רוטב עגבניות צ'ילי ל,מיליליטרים,446.00,"100 מ""ל",false,,11.90,0.0267,true,1,120104
8001440124167,false,רוטב פומודורו לפסטה,,,רוטב פומודורו לפסטה,מיליליטרים,446.00,"100 מ""ל",false,,11.90,0.0267,true,1,120102
8001440124181,false,רוטב עגבניות בזיליקו,,,רוטב עגבניות בזיליקו,מיליליטרים,446.00,"100 מ""ל",false,,11.90,0.0267,true,1,120103
8001440134487,false,עגבניות שרי מקולפות,,,עגבניות שרי מקולפות,גרמים,400.00,100 גרם,false,,8.90,0.0223,true,1,120107
8001505000160,false,מעדן אורגני דובדבן,,,מעדן אורגני דובדבן,גרמים,250.00,100 גרם,false,,17.90,0.0716,true,1,80792
8001505000184,false,מעדן אורגני אוכמניות,,,מעדן אורגני אוכמניות,גרמים,250.00,100 גרם,false,,17.90,0.0716,true,1,82134
8001505000320,false,מעדן תותים ותותי בר,,,מעדן תותים ותותי בר,גרמים,250.00,100 גרם,false,,17.90,0.0716,true,1,77384
8001505000580,false,מעדן אפרסק אורגני,,,מעדן אפרסק אורגני,גרמים,250.00,100 גרם,false,,17.90,0.0716,true,1,82135
8001505001105,false,ממרח אגוזי לוז אורגנ,,,ממרח אגוזי לוז אורגנ,גרמים,270.00,100 גרם,false,,19.90,0.0737,true,1,78351
8001505001785,false,ממרח אגוזי לוז לבן א,,,ממרח אגוזי לוז לבן א,גרמים,270.00,100 גרם,false,,19.90,0.0737,true,1,81256
8001505003963,false,ממרח אגוזי לוז קראנצ,,,ממרח אגוזי לוז קראנצ,גרמים,270.00,100 גרם,false,,19.90,0.0737,true,1,119778
8001620011935,false,סאן בנדטו מוגז שישיי,,,סאן בנדטו מוגז שישיי,ליטרים,3.00,ליטר,false,,12.90,4.3000,false,1,3940
8001620017449,false,סאן בנדטו פלסטיק 500,סן בנדטו,,סאן בנדטו פלסטיק 500,מיליליטרים,500.00,"100 מ""ל",false,,3.00,0.0060,true,1,72411
8001620017456,false,סאן בנדטו פקק ספורט,סן בנדטו,,סאן בנדטו פקק ספורט,ליטרים,3.00,ליטר,false,,13.90,4.6333,true,1,72404
8001620018248,false,סאן בנדטו פקק ספורט,,,סאן בנדטו פקק ספורט,מיליליטרים,750.00,"100 מ""ל",false,,3.90,0.0052,true,1,78122
8001620019160,false,מים סן בנדטו אפרסק 4,,,מים סן בנדטו אפרסק 4,מיליליטרים,400.00,"100 מ""ל",false,,5.90,0.0147,true,1,121716
8001841006710,false,לנור כדוריות הבושם ר,,,לנור כדוריות הבושם ר,גרמים,210.00,100 גרם,false,,27.90,0.1329,true,1,85533
8001841062624,false,מגבוני פמפרס ללא ביש,,,מגבוני פמפרס ללא ביש,יחידה,0.00,יחידה,false,,15.90,0.0000,true,1,86365
8001841077949,false,פמפרס מגבונים פרש,,,פמפרס מגבונים פרש,יחידה,0.00,יחידה,false,,15.90,0.0000,false,1,79609
8001841104799,false,חיתולי פמפרס פרימיום,,,חיתולי פמפרס פרימיום,יחידה,0.00,יחידה,false,,31.90,0.0000,false,1,118801
8001841105093,false,חיתולי פמפרס פרימיום,,,חיתולי פמפרס פרימיום,יחידה,0.00,יחידה,false,,31.90,0.0000,false,1,118802
8001841137179,false,הד אנד שולדרס קונדיש,,,הד אנד שולדרס קונדיש,מיליליטרים,275.00,"100 מ""ל",false,,14.90,0.0542,true,1,80573
8001841137216,false,הד אנד שולדרס קונדיש,,,הד אנד שולדרס קונדיש,מיליליטרים,275.00,"100 מ""ל",false,,14.90,0.0542,true,1,80574
8001841272757,false,אורל בי משחת שיניים,,,אורל בי משחת שיניים,מיליליטרים,75.00,"100 מ""ל",false,,19.90,0.2653,true,1,118309
8001841427126,false,מגן תחתון אולוויז מג,,,מגן תחתון אולוויז מג,יחידה,0.00,יחידה,false,,16.90,0.0000,true,1,84631
8001841566771,false,לנור כדוריות הבושם ב,,,לנור כדוריות הבושם ב,גרמים,210.00,100 גרם,false,,27.90,0.1329,true,1,85535
8001841625188,false,פיירי פלטיניום לימון,,,פיירי פלטיניום לימון,מיליליטרים,515.00,"100 מ""ל",false,,9.90,0.0192,false,1,83813
8001841625287,false,פיירי לימון 1.015 לי,,,פיירי לימון 1.015 לי,ליטרים,1.01,ליטר,false,,13.90,13.7624,true,1,83288
8001841625362,false,פרי לכלים לימון פלטי,,,פרי לכלים לימון פלטי,מיליליטרים,780.00,"100 מ""ל",false,,12.90,0.0165,true,1,120315
8001841625461,false,פיירי פלטיניום 515 מ,,,פיירי פלטיניום 515 מ,מיליליטרים,515.00,"100 מ""ל",false,,9.90,0.0192,false,1,83814
8001841625508,false,פיירי פלטיניום אורגי,,,פיירי פלטיניום אורגי,מיליליטרים,1015.00,"100 מ""ל",false,,13.90,0.0137,true,1,83430
8001841660530,false,פנטן מיראקלס קרם לחו,,,פנטן מיראקלס קרם לחו,מיליליטרים,270.00,"100 מ""ל",false,,17.90,0.0663,true,1,89469
8001841669465,false,אריאל קפסולות 24 יח,,,אריאל קפסולות 24 יח,יחידה,0.00,יחידה,false,,29.90,0.0000,false,1,88107
8001841669519,false,אריאל קפסולות כביסה,,,אריאל קפסולות כביסה,גרמים,1386.00,100 גרם,false,,54.90,0.0396,false,1,84689
8001841680989,false,מגן תחתון אולוויז מג,,,מגן תחתון אולוויז מג,יחידה,0.00,יחידה,false,,16.90,0.0000,true,1,84545
8001841715957,false,הד אנד שולדרס ג'ל רח,,,הד אנד שולדרס ג'ל רח,מיליליטרים,360.00,"100 מ""ל",false,,18.90,0.0525,true,1,89738
8001841716596,false,הד אנד שולדרס ג'ל רח,,,הד אנד שולדרס ג'ל רח,מיליליטרים,360.00,"100 מ""ל",false,,18.90,0.0525,true,1,89741
8001841941929,false,תחבושות אולוויז וליו,,,תחבושות אולוויז וליו,יחידה,0.00,יחידה,false,,16.90,0.0000,false,1,89473
8001841943961,false,לנור כדוריות הבושם א,,,לנור כדוריות הבושם א,גרמים,210.00,100 גרם,false,,27.90,0.1329,true,1,85536
8001841958460,false,פיירי טבליות למדיח 4,,,פיירי טבליות למדיח 4,יח',48.00,יח',false,,38.90,0.8104,true,1,86832
8001876002169,false,ניוקי 500 גר',,,ניוקי 500 גר',גרמים,500.00,100 גרם,false,,7.50,0.0150,true,1,80291
8001876012588,false,COLAVITA  MEDITERRAN,,,COLAVITA  MEDITERRAN,מיליליטרים,750.00,"100 מ""ל",false,,43.90,0.0585,true,1,57913
8001876012595,false,COLAVITA  GREEK-שמן,,,COLAVITA  GREEK-שמן,מיליליטרים,750.00,"100 מ""ל",false,,43.90,0.0585,true,1,57914
8001876020088,false,COLAVITA שמן זית 750,,,COLAVITA שמן זית 750,יחידה,750.00,יחידה,false,,43.90,0.0585,true,1,10381
8002205319903,false,פורינה ONE חתול בוגר,,,פורינה ONE חתול בוגר,גרמים,800.00,100 גרם,false,,32.90,0.0411,true,1,80214
8002213004068,false,"קמח לפיצה 1 ק""ג",,,"קמח לפיצה 1 ק""ג",קילוגרמים,1.00,"ק""ג",false,,9.50,9.5000,true,1,72267
8002230000012,false,אפרול -משקה אפרטיף,,,אפרול -משקה אפרטיף,ליטרים,1.00,ליטר,false,,90.00,90.0000,true,1,66888
8002270015656,false,מים סאן פלגרינו,,,מים סאן פלגרינו,מיליליטרים,750.00,"100 מ""ל",false,,8.90,0.0119,true,1,11544
8002270166594,false,שישייה סאן פלגרינו,טמפו,,שישייה סאן פלגרינו,ליטרים,1.50,ליטר,false,,29.90,19.9333,true,1,65796
8002450204009,false,ספרקלטיני  ורדי אפרס,,,ספרקלטיני  ורדי אפרס,מיליליטרים,750.00,"100 מ""ל",false,,22.90,0.0305,true,1,4382
8002450206003,false,ספרקלטיני ורדי רימונ,,,ספרקלטיני ורדי רימונ,מיליליטרים,750.00,"100 מ""ל",false,,22.90,0.0305,true,1,4383
8002450208007,false,ורדי גרין אפל כשר,,,ורדי גרין אפל כשר,מיליליטרים,750.00,"100 מ""ל",false,,22.90,0.0305,true,1,24735
8002450409206,false,"ורדי אפרסק כשל""פ 750",,,"ורדי אפרסק כשל""פ 750",מיליליטרים,750.00,"100 מ""ל",false,,22.90,0.0305,true,1,82350
8002450609200,false,"ורדי רימונים כשל""פ 7",,,"ורדי רימונים כשל""פ 7",מיליליטרים,750.00,"100 מ""ל",false,,22.90,0.0305,true,1,82351
8002530121028,false,קפה מאורו צ'נטו קפסו,,,קפה מאורו צ'נטו קפסו,גרמים,55.00,100 גרם,false,,15.90,0.2891,true,1,121572
8002530155122,false,קפה מאורו פרימיום קפ,,,קפה מאורו פרימיום קפ,גרמים,55.00,100 גרם,false,,15.90,0.2891,false,1,59106
8002530155221,false,קפה מאורו דלוקס קפסו,,,קפה מאורו דלוקס קפסו,גרמים,55.00,100 גרם,false,,15.90,0.2891,true,1,59107
8002910043476,false,ויט רצועות שעווה לבי,ויט,,ויט רצועות שעווה לבי,יחידה,0.00,יחידה,false,,19.90,0.0000,true,1,72924
8003007800712,false,פסטה טארולרו פרחים 5,,,פסטה טארולרו פרחים 5,גרמים,500.00,100 גרם,false,,12.90,0.0258,true,1,63262
8003007800842,false,פסטה טארולרו קונקילי,,,פסטה טארולרו קונקילי,גרמים,500.00,100 גרם,false,,12.90,0.0258,true,1,63263
8003007817000,false,טרלורו- פסטה פוזילי,,,טרלורו- פסטה פוזילי,גרמים,500.00,100 גרם,false,,12.90,0.0258,true,1,68043
8003007821144,false,טרלורו- פסטה ג'ירלה,,,טרלורו- פסטה ג'ירלה,גרמים,500.00,100 גרם,false,,12.90,0.0258,true,1,67965
8003440997833,false,מסטיק פיור פרש 100 י,,,מסטיק פיור פרש 100 י,גרמים,200.00,100 גרם,false,,21.90,0.1095,true,1,89548
8003440997857,false,מסטיק פיור פרש 100 י,,,מסטיק פיור פרש 100 י,גרמים,200.00,100 גרם,false,,21.90,0.1095,true,1,89549
8003440997871,false,מנטוס פיור פרש 100 י,,,מנטוס פיור פרש 100 י,גרמים,200.00,100 גרם,false,,21.90,0.1095,true,1,89547
8003653008258,false,"מגב ריצפה 44 ס""מ+מקל",,,"מגב ריצפה 44 ס""מ+מקל",יחידה,0.00,יחידה,false,,19.90,0.0000,true,1,84966
8003653010305,false,טונקיטה מטאטא פנימי,,,טונקיטה מטאטא פנימי,יחידה,0.00,יחידה,false,,24.90,0.0000,true,1,85928
8003653011807,false,אטבים מפלסטיק 20 יח,,,אטבים מפלסטיק 20 יח,יחידה,0.00,יחידה,false,,12.90,0.0000,true,1,61564
8003753900438,false,קפה אספרסו אילי 250,ILLY,,קפה אספרסו אילי 250,גרמים,250.00,100 גרם,false,,39.90,0.1596,false,1,6350
8003753900469,false,קפה אילי טחון בקלייה,ILLY,,קפה אילי טחון בקלייה,גרמים,250.00,100 גרם,false,,39.90,0.1596,false,1,6548
8004030022010,false,ריו מארה אינסלטיסימי,,,ריו מארה אינסלטיסימי,גרמים,160.00,100 גרם,false,,15.90,0.0994,false,1,57507
8004030026018,false,ריו מארה אינסלטיסימי,,,ריו מארה אינסלטיסימי,גרמים,160.00,100 גרם,false,,15.90,0.0994,false,1,57508
8004030081024,false,טונה בשמן זית ופלפל,ריו מרה,,טונה בשמן זית ופלפל,גרמים,160.00,100 גרם,false,,15.90,0.0994,false,1,571
8004030102033,false,ריו מרה טונה בשמן זי,,,ריו מרה טונה בשמן זי,גרמים,240.00,100 גרם,false,,26.90,0.1121,true,1,76668
8004030177000,false,ריו מרה טונה בשמן זי,,,ריו מרה טונה בשמן זי,גרמים,240.00,100 גרם,false,,26.90,0.1121,true,1,73544
8004323110639,false,COLAVITA ראוטו 63,,,COLAVITA ראוטו 63,גרמים,500.00,100 גרם,false,,9.90,0.0198,true,1,18832
8004323212654,false,COLAVITA פסטה קפליני,,,COLAVITA פסטה קפליני,גרמים,500.00,100 גרם,false,,10.90,0.0218,true,1,10387
8004323212708,false,COLAVITA פסטה פפרדלה,,,COLAVITA פסטה פפרדלה,גרמים,500.00,100 גרם,false,,10.90,0.0218,true,1,10389
8004323933696,false,COLAVITA רדיאטור טרי,,,COLAVITA רדיאטור טרי,יחידה,500.00,יחידה,false,,11.90,0.0238,true,1,18836
8004735092820,false,שלישיית ביצי שוקולד,,,שלישיית ביצי שוקולד,יחידה,0.00,יחידה,false,,12.90,0.0000,true,1,119272
8004800000064,false,לאגו פלאסיר גלילי וו,,,לאגו פלאסיר גלילי וו,גרמים,100.00,100 גרם,false,,11.90,0.1190,true,1,121374
8004800000071,false,לאגו פלאסיר גליל ופל,,,לאגו פלאסיר גליל ופל,גרמים,100.00,100 גרם,false,,11.90,0.1190,true,1,121375
8004800004802,false,לאגו פלאסיר גלילי ופ,,,לאגו פלאסיר גלילי ופ,גרמים,100.00,100 גרם,false,,11.90,0.1190,true,1,121376
8004800004819,false,לאגו פלאסיר וופלים מ,,,לאגו פלאסיר וופלים מ,גרמים,110.00,100 גרם,false,,11.90,0.1082,true,1,121377
8004800004826,false,לאגו פלאסיר וופלים ב,,,לאגו פלאסיר וופלים ב,גרמים,98.00,100 גרם,false,,11.90,0.1214,true,1,121378
8004800005502,false,לאגו מיני רול גלילי,,,לאגו מיני רול גלילי,גרמים,125.00,100 גרם,false,,10.90,0.0872,true,1,121379
8004800005519,false,לאגו מיני רול גלילי,,,לאגו מיני רול גלילי,גרמים,125.00,100 גרם,false,,10.90,0.0872,true,1,121380
8004800005526,false,לאגו מיני רול גלילי,,,לאגו מיני רול גלילי,גרמים,125.00,100 גרם,false,,10.90,0.0872,true,1,121381
8005110001413,false,מארז זוג רסק עגבניות,,,מארז זוג רסק עגבניות,גרמים,280.00,100 גרם,false,,10.90,0.0389,true,1,80928
8005110002243,false,רכז עגבניות בשפורפרת,,,רכז עגבניות בשפורפרת,גרמים,185.00,100 גרם,false,,7.50,0.0405,true,1,85206
8005110060007,false,עגבניות מקולפות,,,עגבניות מקולפות,גרמים,400.00,100 גרם,false,,7.50,0.0188,true,1,20996
8005110060106,false,מארז זוג עגבניות מקו,,,מארז זוג עגבניות מקו,גרמים,800.00,100 גרם,false,,14.90,0.0186,true,1,64036
8005110170300,false,עגבניות חתוכות במארז,,,עגבניות חתוכות במארז,קילוגרמים,1.20,"ק""ג",false,,16.90,14.0833,false,1,4399
8005110171215,false,רסק עגבניות קצוצות,,,רסק עגבניות קצוצות,גרמים,690.00,100 גרם,false,,13.90,0.0201,true,1,11924
8005110191015,false,רסק עגבניות MUTTI,,,רסק עגבניות MUTTI,גרמים,700.00,100 גרם,false,,13.50,0.0193,true,1,60179
8005110550508,false,MUTTI עגבניות שרי 40,,,MUTTI עגבניות שרי 40,גרמים,400.00,100 גרם,false,,8.90,0.0223,true,1,4400
8005110551253,false,רוטב עגבניות לפיצה 4,,,רוטב עגבניות לפיצה 4,גרמים,400.00,100 גרם,false,,8.50,0.0213,true,1,82958
8005200256587,false,נסטי אפרסק 1.5 ליטר,,,נסטי אפרסק 1.5 ליטר,ליטרים,1.50,ליטר,false,,8.90,5.9333,false,1,118044
8005200286584,false,נסטי מנגו אננס 1.5 ל,,,נסטי מנגו אננס 1.5 ל,ליטרים,1.50,ליטר,false,,8.90,5.9333,false,1,118045
8005200316588,false,נסטי דיאט אפרסק 1.5,,,נסטי דיאט אפרסק 1.5,ליטרים,1.50,ליטר,false,,7.90,5.2667,false,1,118046
8005469951452,false,ממרח אנשובי איטלקי,,,ממרח אנשובי איטלקי,גרמים,60.00,100 גרם,false,,12.50,0.2083,true,1,28267
8005709204041,false,ספגטו 500 גר',,,ספגטו 500 גר',גרמים,500.00,100 גרם,false,,11.90,0.0238,true,1,70024
8005709204072,false,פסטה פנה ריגטה 500 ג,,,פסטה פנה ריגטה 500 ג,גרמים,500.00,100 גרם,false,,9.90,0.0198,true,1,70023
8005713352646,false,פליני לימונצ'לו,,,פליני לימונצ'לו,מיליליטרים,500.00,"100 מ""ל",false,,75.00,0.1500,true,1,83892
8005803010357,false,גריסיני קלאסי 125 גר,,,גריסיני קלאסי 125 גר,גרמים,125.00,100 גרם,false,,6.90,0.0552,true,1,66483
8005803010371,false,גריסיני רוזמרין 125,,,גריסיני רוזמרין 125,גרמים,125.00,100 גרם,false,,6.90,0.0552,true,1,66484
8005803010586,false,גריסיני פיצה 125 גר',,,גריסיני פיצה 125 גר',גרמים,125.00,100 גרם,false,,6.90,0.0552,true,1,66485
8005803010661,false,גריסיני שומשום 125 ג,,,גריסיני שומשום 125 ג,גרמים,125.00,100 גרם,false,,6.90,0.0552,true,1,66486
8006227001372,false,סמנצאטו לחם מחמצת לב,,,סמנצאטו לחם מחמצת לב,גרמים,400.00,100 גרם,false,,15.90,0.0398,true,1,118815
8006227001389,false,סמנצאטו לחם מחמצת קמ,,,סמנצאטו לחם מחמצת קמ,גרמים,400.00,100 גרם,false,,15.90,0.0398,true,1,119129
8006540027042,false,מרכך כביסה  לנור ורו,,,מרכך כביסה  לנור ורו,מיליליטרים,897.00,"100 מ""ל",false,,14.90,0.0166,true,1,89006
8006540091906,false,לנור כדוריות הבושם ב,,,לנור כדוריות הבושם ב,גרמים,140.00,100 גרם,false,,18.90,0.1350,true,1,117373
8006540091937,false,לנור כדוריות הבושם ב,,,לנור כדוריות הבושם ב,גרמים,210.00,100 גרם,false,,27.90,0.1329,true,1,117533
8006540112793,false,לנור מרכך מרוכז בניח,,,לנור מרכך מרוכז בניח,מיליליטרים,900.00,"100 מ""ל",false,,14.90,0.0166,true,1,89007
8006540112823,false,לנור מרכך מרוכז בניח,,,לנור מרכך מרוכז בניח,מיליליטרים,900.00,"100 מ""ל",false,,14.90,0.0166,true,1,89003
8006540112854,false,לנור מרכך מרוכז בניח,,,לנור מרכך מרוכז בניח,מיליליטרים,900.00,"100 מ""ל",false,,14.90,0.0166,true,1,89008
8006540163986,false,אריאל קפסולות 35 יח,,,אריאל קפסולות 35 יח,יחידה,0.00,יחידה,false,,39.90,0.0000,true,1,89009
8006540463550,false,פיירי טבליות למדיח פ,,,פיירי טבליות למדיח פ,יחידה,0.00,יחידה,false,,49.90,0.0000,false,1,120806
8006540491539,false,פיירי פלטיניום אורגי,,,פיירי פלטיניום אורגי,גרמים,780.00,100 גרם,false,,12.90,0.0165,false,1,120598
8006540495186,false,לנור מרכך כביסה 900,,,לנור מרכך כביסה 900,מיליליטרים,900.00,"100 מ""ל",false,,14.90,0.0166,true,1,120596
8006540495216,false,לנור מרכך כביסה 900,,,לנור מרכך כביסה 900,מיליליטרים,900.00,"100 מ""ל",false,,14.90,0.0166,true,1,120597
8006540495247,false,לנור מרכך כביסה 900,,,לנור מרכך כביסה 900,מיליליטרים,900.00,"100 מ""ל",false,,14.90,0.0166,true,1,120595
8006540566701,false,אריאל ג'ל כתמים קשים,,,אריאל ג'ל כתמים קשים,ליטרים,1.92,ליטר,false,,27.90,14.5312,false,1,121715
8007150901623,false,שמן זרעי ענבים 1.5 ל,,,שמן זרעי ענבים 1.5 ל,ליטרים,1.50,ליטר,false,,49.90,33.2667,true,1,71298
8007150906338,false,חומץ בלסמי ממדונה 50,,,חומץ בלסמי ממדונה 50,מיליליטרים,500.00,"100 מ""ל",false,,19.90,0.0398,true,1,70063
8007150907175,false,שמן אורז אוליטליה 1ל,,,שמן אורז אוליטליה 1ל,ליטרים,1.00,ליטר,false,,32.90,32.9000,true,1,21231
8007150909513,false,קרם בלסמי קלאסי 250,,,קרם בלסמי קלאסי 250,מיליליטרים,250.00,"100 מ""ל",false,,27.90,0.1116,true,1,70088
8007150909551,false,שמן בוטנים 1 ליטר,,,שמן בוטנים 1 ליטר,ליטרים,1.00,ליטר,false,,34.90,34.9000,true,1,32456
8007178120310,false,חומץ בלסמי,,,חומץ בלסמי,יחידה,500.00,יחידה,false,,21.90,0.0438,true,1,3372
8007178223547,false,קרם בלסמי מצומצם 250,,,קרם בלסמי מצומצם 250,מיליליטרים,250.00,"100 מ""ל",false,,23.90,0.0956,true,1,58012
8007270999012,false,שמן זרעי ענבים 1 ליט,,,שמן זרעי ענבים 1 ליט,ליטרים,1.00,ליטר,false,,34.90,34.9000,true,1,71751
8007537000543,false,טורטייה צ'יפס טבעי,,,טורטייה צ'יפס טבעי,גרמים,450.00,100 גרם,false,,21.00,0.0467,true,1,75893
8007537006538,false,טורטיליה צ'יפס תירס,,,טורטיליה צ'יפס תירס,גרמים,300.00,100 גרם,false,,21.90,0.0730,true,1,117773
8008343200035,false,ספגטי רומו 500 גר,,,ספגטי רומו 500 גר,גרמים,500.00,100 גרם,false,,8.50,0.0170,true,1,71487
8008343200424,false,פסטה קונקילי ריגטה ר,,,פסטה קונקילי ריגטה ר,גרמים,500.00,100 גרם,false,,8.50,0.0170,true,1,71489
8008343200486,false,פוזילי רומו 500 גר,,,פוזילי רומו 500 גר,גרמים,500.00,100 גרם,false,,8.50,0.0170,true,1,71490
8008343200660,false,פנה ריגטה רומו 500 ג,,,פנה ריגטה רומו 500 ג,גרמים,500.00,100 גרם,false,,8.50,0.0170,true,1,71478
8008343201377,false,פסטה רדיאטורי רומו 5,,,פסטה רדיאטורי רומו 5,גרמים,500.00,100 גרם,false,,8.50,0.0170,true,1,71493
8008440222008,false,פרוני בירה בקבוק,,,פרוני בירה בקבוק,מיליליטרים,330.00,"100 מ""ל",false,,7.90,0.0239,true,1,83551
8008440249425,false,בירה אסהי,,,בירה אסהי,מיליליטרים,330.00,"100 מ""ל",false,,7.90,0.0239,true,1,75436
8008660210014,false,ריבת מעדן משמש,,,ריבת מעדן משמש,גרמים,300.00,100 גרם,false,,15.90,0.0530,true,1,64016
8008660210021,false,ריבת מעדן דובדבן,,,ריבת מעדן דובדבן,גרמים,300.00,100 גרם,false,,15.90,0.0530,true,1,64017
8008660210038,false,ריבת מעדן תות שדה,,,ריבת מעדן תות שדה,גרמים,300.00,100 גרם,false,,15.90,0.0530,true,1,64018
8008660210045,false,ריבת מעדן פירות יער,,,ריבת מעדן פירות יער,גרמים,300.00,100 גרם,false,,15.90,0.0530,true,1,64019
8008660210052,false,מעדן פרי תפוז,,,מעדן פרי תפוז,גרמים,320.00,100 גרם,false,,15.90,0.0497,true,1,75813
8008698003503,false,קרקר אפוי 210 גר' לל,,,קרקר אפוי 210 גר' לל,גרמים,210.00,100 גרם,false,,27.90,0.1329,true,1,82297
8008698005231,false,עוגיות שוקולד במילוי,,,עוגיות שוקולד במילוי,גרמים,165.00,100 גרם,false,,19.90,0.1206,true,1,120239
8008698012857,false,ביסקוויט פתי בר בטעם,,,ביסקוויט פתי בר בטעם,גרמים,165.00,100 גרם,false,,17.50,0.1061,true,1,82298
8008698033876,false,קרקרים בתוספת דגנים,,,קרקרים בתוספת דגנים,גרמים,210.00,100 גרם,false,,26.90,0.1281,true,1,120237
8008698054109,false,ממרח אגוזי לוז בתוספ,,,ממרח אגוזי לוז בתוספ,גרמים,52.00,100 גרם,false,,11.90,0.2288,true,1,82475
8008912010034,false,פסטה LIGUORI ספגטי מ,,,פסטה LIGUORI ספגטי מ,גרמים,500.00,100 גרם,false,,7.90,0.0158,true,1,87169
8008912010072,false,פסטה לינגוויני מספר,,,פסטה לינגוויני מספר,גרמים,500.00,100 גרם,false,,7.90,0.0158,true,1,88926
8008912010270,false,פסטה קסרצ'ה,,,פסטה קסרצ'ה,גרמים,500.00,100 גרם,false,,7.90,0.0158,true,1,117383
8008912010300,false,פסטה LIGUORI פרפלה 5,,,פסטה LIGUORI פרפלה 5,גרמים,500.00,100 גרם,false,,7.90,0.0158,true,1,86629
8008912010317,false,פסטה LIGUORI פוזילי,,,פסטה LIGUORI פוזילי,גרמים,500.00,100 גרם,false,,7.90,0.0158,true,1,87170
8008912010331,false,פסטה ניוקטי סרדי קונ,,,פסטה ניוקטי סרדי קונ,גרמים,500.00,100 גרם,false,,7.90,0.0158,true,1,86789
8008912010423,false,פסטה LIGUORI פנה 500,,,פסטה LIGUORI פנה 500,גרמים,500.00,100 גרם,false,,7.90,0.0158,true,1,86630
8008912016012,false,לזניה ליגורי,,,לזניה ליגורי,גרמים,500.00,100 גרם,false,,16.90,0.0338,true,1,90043
8008990002167,false,יעה עם מקל מתכת ארוך,,,יעה עם מקל מתכת ארוך,יחידה,0.00,יחידה,false,,18.90,0.0000,true,1,61569
8008990061508,false,מטאטא פנימי,,,מטאטא פנימי,יחידה,0.00,יחידה,false,,27.90,0.0000,true,1,61549
8009621006073,false,איטליה ניוקי תפוח אד,,,איטליה ניוקי תפוח אד,גרמים,500.00,100 גרם,false,,9.90,0.0198,true,1,29724
8009621006172,false,ניוקי מיני פנינים 50,,,ניוקי מיני פנינים 50,גרמים,500.00,גרם,false,,9.90,0.0198,true,1,29136
8009915000251,false,ספגטי לה וניצאן 250,,,ספגטי לה וניצאן 250,גרמים,250.00,100 גרם,false,,12.90,0.0516,true,1,82290
8009915000282,false,פסטה מקמח תירס מסולס,,,פסטה מקמח תירס מסולס,גרמים,250.00,100 גרם,false,,12.90,0.0516,true,1,30809
8009915001340,false,פסטה אליקה ללא גלטן,,,פסטה אליקה ללא גלטן,גרמים,250.00,100 גרם,false,,12.90,0.0516,true,1,11881
8009915004150,false,ביסקוויט מקמח תירס ש,,,ביסקוויט מקמח תירס ש,גרמים,250.00,100 גרם,false,,16.90,0.0676,true,1,75585
8009915004167,false,LE VENEZIANE-עוגיות,,,LE VENEZIANE-עוגיות,גרמים,250.00,100 גרם,false,,16.50,0.0660,true,1,70350
8009915004204,false,ביסקוויט מקמח תירס ק,,,ביסקוויט מקמח תירס ק,גרמים,300.00,100 גרם,false,,16.50,0.0550,true,1,70361
8010024006010,false,ממרח חמאת שקדים 350,,,ממרח חמאת שקדים 350,גרמים,350.00,100 גרם,false,,37.90,0.1083,true,1,69889
8011033011279,false,"קוסקוס מראקש 1 ק""ג",,,"קוסקוס מראקש 1 ק""ג",קילוגרמים,1.00,"ק""ג",false,,11.90,11.9000,true,1,22951
8013108003509,false,בונבונירה כרית מיקס,,,בונבונירה כרית מיקס,גרמים,160.00,100 גרם,false,,21.90,0.1369,true,1,90419
8013108003547,false,בונבוניירה קורנט נוצ,,,בונבוניירה קורנט נוצ,גרמים,165.00,100 גרם,false,,21.90,0.1327,true,1,87824
8013108005312,false,בונבוניירה קורנט קרמ,,,בונבוניירה קורנט קרמ,גרמים,165.00,100 גרם,false,,21.90,0.1327,true,1,90347
8014601011565,false,קמח קונדיטוריה,,,קמח קונדיטוריה,קילוגרמים,1.00,"ק""ג",false,,11.90,11.9000,true,1,86828
8014601012456,false,קמח נובולה,,,קמח נובולה,קילוגרמים,1.00,"ק""ג",false,,15.90,15.9000,true,1,86829
8014601026354,false,קמח פיצה שף (אדום),,,קמח פיצה שף (אדום),קילוגרמים,1.00,"ק""ג",false,,13.90,13.9000,true,1,59991
8014601028747,false,קמח אקסטרה לכל מטרה,,,קמח אקסטרה לכל מטרה,קילוגרמים,1.00,"ק""ג",false,,11.50,11.5000,true,1,86830
8014601999870,false,קמח סמולינה בטחינה כ,,,קמח סמולינה בטחינה כ,קילוגרמים,1.00,"ק""ג",false,,13.90,13.9000,true,1,59079
8016867002646,false,מגן תחתון ארוך במיוח,,,מגן תחתון ארוך במיוח,יחידה,0.00,יחידה,false,,21.90,0.0000,true,1,31839
8016867008945,false,מגן תחתון 24 באריזת,,,מגן תחתון 24 באריזת,יחידה,0.00,יחידה,false,,21.90,0.0000,true,1,31840
8016867008969,false,טמפונים עם מוליך סופ,,,טמפונים עם מוליך סופ,יחידה,0.00,יחידה,false,,31.90,0.0000,true,1,31842
8016867008976,false,טמפונים עם מוליך רגו,,,טמפונים עם מוליך רגו,יחידה,0.00,יחידה,false,,31.90,0.0000,true,1,31843
8016867009911,false,טמפונים ללא מוליך סו,,,טמפונים ללא מוליך סו,יחידה,0.00,יחידה,false,,28.90,0.0000,true,1,31846
8016867009935,false,תחבושות דקות לזרימה,,,תחבושות דקות לזרימה,יחידה,0.00,יחידה,false,,29.90,0.0000,true,1,31848
8016867009942,false,תחבושות דקות לזרימה,,,תחבושות דקות לזרימה,יחידה,0.00,יחידה,false,,29.90,0.0000,true,1,31849
8016867009959,false,מגן תחתון 24 יח',,,מגן תחתון 24 יח',יחידה,0.00,יחידה,false,,25.90,0.0000,true,1,57736
8016867015080,false,מגן תחתון תפזורת 48,,,מגן תחתון תפזורת 48,יחידה,0.00,יחידה,false,,35.90,0.0000,true,1,119656
8017938005122,false,חומץ תפוחים אורגני,,,חומץ תפוחים אורגני,ליטרים,1.00,ליטר,false,,18.90,18.9000,true,1,22952
8017938005764,false,נטור פוד-מיץ תפוחים,,,נטור פוד-מיץ תפוחים,ליטרים,1.00,ליטר,false,,19.90,19.9000,true,1,22953
8019428000013,false,משקה אורז אורגני 1 ל,,,משקה אורז אורגני 1 ל,ליטרים,1.00,ליטר,false,,10.90,10.9000,true,1,70996
8019428000037,false,משקה אורז אורגני וני,,,משקה אורז אורגני וני,ליטרים,1.00,ליטר,false,,11.90,11.9000,true,1,70628
8019428000099,false,חלב אורז אורגני ושקד,,,חלב אורז אורגני ושקד,ליטרים,1.00,ליטר,false,,11.90,11.9000,true,1,30683
8019428000105,false,משקה שיבולת שועל 1 ל,,,משקה שיבולת שועל 1 ל,ליטרים,1.00,ליטר,false,,11.90,11.9000,true,1,70042
8019428000228,false,משקה אורז אורגני שוק,,,משקה אורז אורגני שוק,ליטרים,1.00,ליטר,false,,11.90,11.9000,true,1,64188
8019428004059,false,משקה אורז אורגני  25,,,משקה אורז אורגני  25,מיליליטרים,250.00,"100 מ""ל",false,,4.90,0.0196,true,1,75479
8019428004066,false,משקה אורז אורגני שקד,,,משקה אורז אורגני שקד,מיליליטרים,250.00,"100 מ""ל",false,,4.90,0.0196,true,1,72264
8019428004080,false,משקה אורז אורגני קוק,,,משקה אורז אורגני קוק,מיליליטרים,250.00,"100 מ""ל",false,,4.70,0.0188,true,1,75480
8019428005018,false,תחליף שמנת לבישול על,,,תחליף שמנת לבישול על,מיליליטרים,200.00,"100 מ""ל",false,,6.50,0.0325,true,1,75478
8019428005032,false,תחליף שמנת על בסיס ס,,,תחליף שמנת על בסיס ס,מיליליטרים,200.00,"100 מ""ל",false,,6.50,0.0325,true,1,87551
8019428007005,false,משקה סויה אורגני 1 ל,,,משקה סויה אורגני 1 ל,ליטרים,1.00,ליטר,false,,10.90,10.9000,true,1,70032
8019428007111,false,משקה שקדים אורגני 1,,,משקה שקדים אורגני 1,ליטרים,1.00,ליטר,false,,19.90,19.9000,true,1,64185
8019428007272,false,משקה שקדים אורגני 3%,,,משקה שקדים אורגני 3%,ליטרים,1.00,ליטר,false,,14.90,14.9000,true,1,73653
8019428007296,false,משקה שיבולת שועל אור,,,משקה שיבולת שועל אור,ליטרים,1.00,ליטר,false,,12.90,12.9000,true,1,72266
8019428009108,false,מעדן שיבולת שועל אור,,,מעדן שיבולת שועל אור,גרמים,260.00,100 גרם,false,,9.90,0.0381,true,1,120742
8021423011499,false,רבעי ארטישוק על הגרי,,,רבעי ארטישוק על הגרי,גרמים,310.00,100 גרם,false,,32.90,0.1061,true,1,66274
8022470213386,false,דרג'ה שקד חלב 500גר,,,דרג'ה שקד חלב 500גר,גרמים,500.00,100 גרם,false,,26.90,0.0538,true,1,24564
8022470213393,false,דרג'ה שקד מריר 500גר,,,דרג'ה שקד מריר 500גר,גרמים,500.00,100 גרם,false,,26.90,0.0538,true,1,24565
8022470213416,false,MAX דרג'ה לוז בשוקול,,,MAX דרג'ה לוז בשוקול,גרמים,500.00,100 גרם,false,,26.90,0.0538,true,1,24741
8022470213423,false,דרג'ה אגוזי לוז בשוק,,,דרג'ה אגוזי לוז בשוק,גרמים,500.00,100 גרם,false,,26.90,0.0538,true,1,23473
8022470213478,false,דרג'ה דובדבן בשוקולד,,,דרג'ה דובדבן בשוקולד,גרמים,500.00,100 גרם,false,,26.90,0.0538,true,1,23474
8022470213492,false,דרג'ה דבדבן לבן,,,דרג'ה דבדבן לבן,גרמים,500.00,100 גרם,false,,26.90,0.0538,true,1,74314
8022470213546,false,דרג'ה בוטנים מריר 50,,,דרג'ה בוטנים מריר 50,גרמים,500.00,100 גרם,false,,21.90,0.0438,true,1,67396
8022470217780,false,דרג'ה לוז שיש,,,דרג'ה לוז שיש,גרמים,500.00,100 גרם,false,,26.90,0.0538,true,1,33025
8022470226379,false,דרג'ה קשיו בשוקולד מ,,,דרג'ה קשיו בשוקולד מ,גרמים,500.00,100 גרם,false,,26.90,0.0538,true,1,70903
8023678161363,false,חלב שיבולת שועל,,,חלב שיבולת שועל,ליטרים,1.00,ליטר,false,,12.50,12.5000,true,1,9782
8023678161387,false,משקה סויה אורגני 1 ל,,,משקה סויה אורגני 1 ל,ליטרים,1.00,ליטר,false,,9.90,9.9000,true,1,21014
8023678162360,false,משקה שקדים טבעי אורג,,,משקה שקדים טבעי אורג,ליטרים,1.00,ליטר,false,,15.90,15.9000,true,1,58733
8023678728290,false,משקה סויה בריסטה אור,,,משקה סויה בריסטה אור,ליטרים,1.00,ליטר,false,,9.90,9.9000,true,1,120539
8023678728832,false,משקה שיבולת שועל ברי,,,משקה שיבולת שועל ברי,ליטרים,1.00,ליטר,false,,9.90,9.9000,true,1,120540
8024985002783,false,סמוצ'י תפוח גזר ודלע,,,סמוצ'י תפוח גזר ודלע,גרמים,100.00,100 גרם,false,,5.00,0.0500,true,1,72093
8024985002912,false,סמוצ'י תפוח אגס בטטה,,,סמוצ'י תפוח אגס בטטה,גרמים,100.00,100 גרם,false,,5.00,0.0500,true,1,75021
8024985002943,false,סמוזי אננס קוקוס אור,,,סמוזי אננס קוקוס אור,גרמים,100.00,100 גרם,false,,5.00,0.0500,true,1,79991
8024985002950,false,סמוזי שזיף אורגני 10,,,סמוזי שזיף אורגני 10,גרמים,100.00,100 גרם,false,,5.00,0.0500,true,1,79580
8024985002967,false,סמוזי בננה תרד אורגנ,,,סמוזי בננה תרד אורגנ,גרמים,100.00,100 גרם,false,,5.00,0.0500,true,1,79992
8024985003988,false,מחית תפוחים ובננה 10,,,מחית תפוחים ובננה 10,גרמים,100.00,100 גרם,false,,5.00,0.0500,true,1,60319
8024985005234,false,סמוצ'י אפרסק ומנגו א,,,סמוצ'י אפרסק ומנגו א,גרמים,100.00,100 גרם,false,,5.00,0.0500,true,1,66668
8024985005296,false,סמוצ'י אגס בננה תפוח,,,סמוצ'י אגס בננה תפוח,גרמים,120.00,100 גרם,false,,6.20,0.0517,true,1,69936
8024985005302,false,סמוצ'י תפוח רימון פט,,,סמוצ'י תפוח רימון פט,גרמים,120.00,100 גרם,false,,6.20,0.0517,true,1,69937
8024985008037,false,סמוצ'י תפוחים אורגני,,,סמוצ'י תפוחים אורגני,גרמים,100.00,100 גרם,false,,5.00,0.0500,true,1,33023
8024985008044,false,מחית אגסים אורגני 10,,,מחית אגסים אורגני 10,גרמים,100.00,100 גרם,false,,5.00,0.0500,true,1,33236
8024985008051,false,סמוצ'י פירות אדומים,,,סמוצ'י פירות אדומים,גרמים,100.00,100 גרם,false,,5.00,0.0500,true,1,33024
8024985011204,false,נטורה נובה סמוזי תפו,,,נטורה נובה סמוזי תפו,גרמים,100.00,100 גרם,false,,5.00,0.0500,true,1,89682
8028048270515,false,פולי קפה סאן ג'וסטו,,,פולי קפה סאן ג'וסטו,קילוגרמים,1.00,"ק""ג",false,,94.90,94.9000,true,1,77654
8032523530452,false,ממרח פיסטוק 200 גר',,,ממרח פיסטוק 200 גר',גרמים,200.00,100 גרם,false,,31.90,0.1595,true,1,88656
8032804430471,false,פסטה עדשים אדומים או,,,פסטה עדשים אדומים או,גרמים,250.00,100 גרם,false,,13.50,0.0540,true,1,72096
8032804430846,false,פליסיה  פוזילי חומוס,,,פליסיה  פוזילי חומוס,גרמים,250.00,100 גרם,false,,13.50,0.0540,true,1,77185
8032804431287,false,פליסיה ספגטי אורז מל,,,פליסיה ספגטי אורז מל,גרמים,400.00,100 גרם,false,,12.90,0.0323,true,1,78024
8032804432024,false,פליסיה דפי לזניה אור,,,פליסיה דפי לזניה אור,גרמים,250.00,100 גרם,false,,17.90,0.0716,true,1,63513
8032817240319,false,רוטב עגבניות שרי 330,,,רוטב עגבניות שרי 330,גרמים,330.00,100 גרם,false,,11.90,0.0361,true,1,71015
8033020445973,false,"קמח 1 ק""ג רב תכליתי",,,"קמח 1 ק""ג רב תכליתי",קילוגרמים,1.00,"ק""ג",false,,8.00,8.0000,true,1,77812
8033020445980,false,"קמח לפסטה 1 ק""ג",,,"קמח לפסטה 1 ק""ג",קילוגרמים,1.00,"ק""ג",false,,12.90,12.9000,true,1,79282
8033020445997,false,קמח איטלקי ללחמים 1,,,קמח איטלקי ללחמים 1,קילוגרמים,1.00,"ק""ג",false,,11.50,11.5000,true,1,78125
8033020446000,false,קמח לפיצה ופוקצ'ה,,,קמח לפיצה ופוקצ'ה,קילוגרמים,1.00,"ק""ג",false,,10.90,10.9000,true,1,77868
8033087771374,false,"ניוקי תפ""א 500 גר",,,"ניוקי תפ""א 500 גר",גרמים,500.00,100 גרם,false,,8.90,0.0178,true,1,66671
8033087771381,false,ניוקי ללא גלוטן 500,,,ניוקי ללא גלוטן 500,גרמים,500.00,100 גרם,false,,14.90,0.0298,true,1,31750
8033275522368,false,מונטרו קיאנטי,,,מונטרו קיאנטי,מיליליטרים,750.00,"100 מ""ל",false,,52.90,0.0705,true,1,79616
8034023209272,false,"ארטישוק ""אל-לה רומנה",,,"ארטישוק ""אל-לה רומנה",גרמים,510.00,100 גרם,false,,32.90,0.0645,true,1,22992
8076800195019,false,ספגטי מס'1 קפליני.,ברילה,,ספגטי מס'1 קפליני.,גרמים,500.00,100 גרם,false,,6.90,0.0138,false,1,7938
8076800195033,false,ברילה ספגטיני.,ברילה,,ברילה ספגטיני.,גרמים,500.00,100 גרם,false,,6.90,0.0138,false,1,7939
8076800195057,false,ספגטיני ברילה 5.,ברילה,,ספגטיני ברילה 5.,גרמים,500.00,100 גרם,false,,6.90,0.0138,false,1,7940
8076800195132,false,ברילה איטריות בבטה מ,ברילה,,ברילה איטריות בבטה מ,גרמים,500.00,100 גרם,false,,6.90,0.0138,false,1,7941
8076800315097,false,ברילה בוקטיני מס' 9,ברילה,,ברילה בוקטיני מס' 9,גרמים,500.00,100 גרם,false,,6.90,0.0138,false,1,7942
8076802085738,false,ברילה פנה רגטה מס' 7,ברילה,,ברילה פנה רגטה מס' 7,גרמים,500.00,100 גרם,false,,6.90,0.0138,false,1,7945
8076802085837,false,ברילה טורטליוני מס',ברילה,,ברילה טורטליוני מס',גרמים,500.00,100 גרם,false,,6.90,0.0138,false,1,7946
8076802085936,false,ברילה קונציליאה ריגא,ברילה,,ברילה קונציליאה ריגא,גרמים,500.00,100 גרם,false,,6.90,0.0138,false,1,7948
8076802085981,false,פוסילי ברילה 98.,ברילה,,פוסילי ברילה 98.,גרמים,500.00,100 גרם,false,,6.90,0.0138,false,1,7949
8076808060654,false,ברילה פרפלה.,ברילה,,ברילה פרפלה.,גרמים,500.00,100 גרם,false,,6.90,0.0138,false,1,7952
8076808070882,false,קנלוני ברילה,ברילה,,קנלוני ברילה,גרמים,500.00,100 גרם,false,,13.90,0.0278,true,1,7953
8076808150072,false,ברילה ספגטי מס' 7.,ברילה,,ברילה ספגטי מס' 7.,גרמים,500.00,100 גרם,false,,6.90,0.0138,false,1,7954
8076809512268,false,ברילה גירנדולה מס' 3,ברילה,,ברילה גירנדולה מס' 3,גרמים,500.00,100 גרם,false,,6.90,0.0138,false,1,7956
8076809513388,false,ברילה רוטב ארביאטה,ברילה,,ברילה רוטב ארביאטה,גרמים,400.00,100 גרם,false,,13.90,0.0348,false,1,7957
8076809513395,false,ברילה רוטב פומודורו,ברילה,,ברילה רוטב פומודורו,גרמים,400.00,100 גרם,false,,13.90,0.0348,true,1,7958
8076809513654,false,רוטב ברילה בסיס לבול,ברילה,,רוטב ברילה בסיס לבול,גרמים,400.00,100 גרם,false,,13.90,0.0348,true,1,7959
8076809513692,false,ברילה רוטב נפוליטנה,ברילה,,ברילה רוטב נפוליטנה,גרמים,400.00,100 גרם,false,,13.90,0.0348,true,1,7960
8076809513739,false,רוטב בזיליקום ברילה,ברילה,,רוטב בזיליקום ברילה,גרמים,400.00,100 גרם,false,,13.90,0.0348,true,1,7961
8076809523561,false,רוטב פסטה ברילה בטעם,ברילה,,רוטב פסטה ברילה בטעם,גרמים,400.00,100 גרם,false,,13.90,0.0348,true,1,7968
8076809523714,false,ברילה טליאטלה 500 גר,ברילה,,ברילה טליאטלה 500 גר,גרמים,500.00,100 גרם,false,,25.90,0.0518,true,1,7970
8076809523738,false,לזניה ברילה,ברילה,,לזניה ברילה,גרמים,500.00,100 גרם,false,,19.90,0.0398,true,1,7971
8076809529419,false,ספגטי ברילה מחיטה מל,ברילה,,ספגטי ברילה מחיטה מל,גרמים,500.00,100 גרם,false,,13.90,0.0278,true,1,7973
8076809529433,false,ברילה פנה רגטה מחיטה,ברילה,,ברילה פנה רגטה מחיטה,גרמים,500.00,100 גרם,false,,13.90,0.0278,true,1,7974
8076809545457,false,ברילה ללא גלוטן צינו,ברילה,,ברילה ללא גלוטן צינו,גרמים,400.00,100 גרם,false,,14.90,0.0373,true,1,60708
8076809545464,false,ברילה ללא גלוטן ספיר,ברילה,,ברילה ללא גלוטן ספיר,גרמים,400.00,100 גרם,false,,14.90,0.0373,true,1,60709
8076809576352,false,ברילה לזניה ללא גלוט,,,ברילה לזניה ללא גלוט,גרמים,250.00,100 גרם,false,,19.90,0.0796,true,1,89310
8076809578998,false,פסטה ברילה סטלינה,,,פסטה ברילה סטלינה,גרמים,500.00,100 גרם,false,,6.90,0.0138,true,1,89033
8358110076302,false,"כוסות ליין ח""פ 40 יח",הנמל,,"כוסות ליין ח""פ 40 יח",יחידה,0.00,יחידה,false,,6.50,0.0000,true,1,16728
8410076600622,false,נייטשר ואלי חמישייה,,,נייטשר ואלי חמישייה,גרמים,210.00,100 גרם,false,,19.00,0.0905,true,1,24568
8410076610379,false,נייטשר ואלי פרוטאין,,,נייטשר ואלי פרוטאין,גרמים,160.00,100 גרם,false,,22.90,0.1431,true,1,63784
8410076610386,false,חטיף נייטשר ואלי פרו,,,חטיף נייטשר ואלי פרו,גרמים,160.00,100 גרם,false,,22.90,0.1431,true,1,63785
8410076610492,false,נייטשר ואלי צ'ואי בו,,,נייטשר ואלי צ'ואי בו,גרמים,150.00,100 גרם,false,,19.00,0.1267,true,1,66103
8410076610508,false,נייטשר ואלי צ'ואי בו,,,נייטשר ואלי צ'ואי בו,גרמים,150.00,100 גרם,false,,19.00,0.1267,true,1,66104
8410076621009,false,חטיף פייבר 1 בטעם קר,,,חטיף פייבר 1 בטעם קר,גרמים,120.00,100 גרם,false,,14.90,0.1242,true,1,86627
8410076621047,false,חטיפי פייבר 1 בראוני,,,חטיפי פייבר 1 בראוני,גרמים,120.00,100 גרם,false,,14.90,0.1242,true,1,86533
8410104039134,false,פיניש מנקה ומחדש,פיניש,,פיניש מנקה ומחדש,מיליליטרים,250.00,"100 מ""ל",false,,14.90,0.0596,true,1,4755
8410104044916,false,פיניש אבקה למדיח 2.7,פיניש,,פיניש אבקה למדיח 2.7,קילוגרמים,2.70,"ק""ג",false,,39.90,14.7778,false,1,18140
8410104045111,false,פיניש מלח למדיח,פיניש,,פיניש מלח למדיח,קילוגרמים,2.00,"ק""ג",false,,14.90,7.4500,true,1,82916
8410104437268,false,פיניש ציטרו פרש,,,פיניש ציטרו פרש,גרמים,27.00,100 גרם,false,,14.90,0.5519,true,1,18148
8410104511340,false,ויט רצועות שעווה,ויט,,ויט רצועות שעווה,יחידה,0.00,יחידה,false,,19.90,0.0000,true,1,18150
8410128768324,false,ויוה סוי שקדים קרטונ,,,ויוה סוי שקדים קרטונ,ליטרים,1.00,ליטר,false,,12.90,12.9000,true,1,82432
8410128768355,false,ויוה סוי סויה קרטוני,,,ויוה סוי סויה קרטוני,ליטרים,1.00,ליטר,false,,11.90,11.9000,true,1,82433
8410179100043,false,שמן זית בורחס מעולה7,,,שמן זית בורחס מעולה7,יחידה,750.00,יחידה,false,,37.90,0.0505,true,1,11883
8410342004789,false,טוראס שוקולד מריר 72,,,טוראס שוקולד מריר 72,גרמים,100.00,100 גרם,false,,15.90,0.1590,true,1,87763
8410342004796,false,טוראס שוקולד מריר 85,,,טוראס שוקולד מריר 85,גרמים,100.00,100 גרם,false,,14.90,0.1490,true,1,81587
8410342006318,false,טוראס שוקולד מריר קפ,,,טוראס שוקולד מריר קפ,גרמים,75.00,100 גרם,false,,8.50,0.1133,true,1,83886
8410376009392,false,ביסקוויט מחיטה מלאה,,,ביסקוויט מחיטה מלאה,גרמים,170.00,100 גרם,false,,9.90,0.0582,true,1,12004
8410376009408,false,גולון דורדה ביסקוויט,,,גולון דורדה ביסקוויט,גרמים,330.00,100 גרם,false,,17.90,0.0542,true,1,12005
8410376013191,false,גולון קרקר פיק קוקטי,,,גולון קרקר פיק קוקטי,יחידה,0.00,יחידה,false,,12.90,0.0000,true,1,4444
8410376017342,false,עוגיות שוקו ציפס -20,,,עוגיות שוקו ציפס -20,גרמים,200.00,100 גרם,false,,21.00,0.1050,true,1,12009
8410376037784,false,גולון ביסקויט שוקו ל,,,גולון ביסקויט שוקו ל,גרמים,250.00,100 גרם,false,,13.50,0.0540,true,1,25620
8410376037883,false,עוגיות שוקו צ'יפס לל,,,עוגיות שוקו צ'יפס לל,גרמים,125.00,100 גרם,false,,13.50,0.1080,true,1,25986
8410376044393,false,גולון עוגיות סנדוויץ,,,גולון עוגיות סנדוויץ,גרמים,210.00,100 גרם,false,,18.90,0.0900,true,1,61232
8410376047509,false,גולון ביסקויט ללא סו,,,גולון ביסקויט ללא סו,גרמים,400.00,100 גרם,false,,15.90,0.0398,true,1,66457
8410376052633,false,גולון עוגיות שוקולד,,,גולון עוגיות שוקולד,גרמים,150.00,100 גרם,false,,12.90,0.0860,true,1,83815
8410376059397,false,גולון וופל שוקולד לל,,,גולון וופל שוקולד לל,גרמים,200.00,100 גרם,false,,15.90,0.0795,true,1,88314
8410644611203,false,קאווה איבריקה לבן יב,,,קאווה איבריקה לבן יב,מיליליטרים,750.00,"100 מ""ל",false,,26.90,0.0359,false,1,28053
8410644611210,false,קאווה איבריקה לבן חצ,,,קאווה איבריקה לבן חצ,מיליליטרים,750.00,"100 מ""ל",false,,26.90,0.0359,false,1,28054
8410655000416,false,בירה סאן מיגל 330 מל,,,בירה סאן מיגל 330 מל,מיליליטרים,330.00,"100 מ""ל",false,,8.90,0.0270,true,1,57930
8410655000423,false,בירה סאן מיגל רביעיי,,,בירה סאן מיגל רביעיי,ליטרים,1.32,ליטר,false,,24.90,18.8636,false,1,57931
8410655001147,false,בירה סאן מיגל פחית 5,,,בירה סאן מיגל פחית 5,מיליליטרים,500.00,"100 מ""ל",false,,9.00,0.0180,true,1,73689
8410655010019,false,צידנית + שמיניית ביר,,,צידנית + שמיניית ביר,מיליליטרים,4000.00,"100 מ""ל",false,,59.90,0.0150,true,1,119588
8410721443611,false,פלפל שחור שלם 45 גרם,,,פלפל שחור שלם 45 גרם,גרמים,45.00,100 גרם,false,,11.90,0.2644,true,1,83677
8410721443635,false,מלח ים מטחנת זכוכית,,,מלח ים מטחנת זכוכית,גרמים,100.00,100 גרם,false,,11.90,0.1190,true,1,83678
8410721443659,false,תערובת פלפלים לתיבול,,,תערובת פלפלים לתיבול,גרמים,40.00,100 גרם,false,,11.90,0.2975,true,1,83679
8410721443680,false,מלח ים מטחנה 425 גר',,,מלח ים מטחנה 425 גר',גרמים,425.00,100 גרם,false,,21.90,0.0515,true,1,83675
8410743700297,false,קסטילו פרלדה ברוט יי,,,קסטילו פרלדה ברוט יי,מיליליטרים,750.00,"100 מ""ל",false,,31.90,0.0425,true,1,77226
8410743700303,false,קסטילו פרלדה חצי יבש,,,קסטילו פרלדה חצי יבש,מיליליטרים,750.00,"100 מ""ל",false,,31.90,0.0425,true,1,77224
8410793262936,false,דאורה דאם ללא גלוטן,,,דאורה דאם ללא גלוטן,מיליליטרים,330.00,"100 מ""ל",false,,10.90,0.0330,true,1,82177
8411277063049,false,קווה ג'אום סרה ברוט,,,קווה ג'אום סרה ברוט,מיליליטרים,750.00,"100 מ""ל",false,,29.90,0.0399,true,1,16797
8411277350118,false,קווה ג'אום סרה חצי י,,,קווה ג'אום סרה חצי י,יחידה,0.00,יחידה,false,,29.90,0.0000,true,1,16798
8411320334027,false,ORTIZ-טונה בשמן זית,,,ORTIZ-טונה בשמן זית,גרמים,82.00,100 גרם,false,,13.90,0.1695,true,1,33877
8411320382967,false,טונה צהובה בשמן זית,,,טונה צהובה בשמן זית,גרמים,220.00,100 גרם,false,,35.90,0.1632,true,1,73362
8411327521017,false,בירה סאן מיגל מארז ר,,,בירה סאן מיגל מארז ר,מיליליטרים,1320.00,"100 מ""ל",false,,24.90,0.0189,true,1,122204
8412168002529,false,מחייה 13% לימונים,,,מחייה 13% לימונים,מיליליטרים,700.00,"100 מ""ל",false,,49.90,0.0713,true,1,72407
8420708012822,false,גבינת קשקבל בשלה,,,גבינת קשקבל בשלה,גרמים,200.00,100 גרם,false,,22.90,0.1145,true,1,90151
8420708018817,false,גבינת מנצ'גו בשלה 15,,,גבינת מנצ'גו בשלה 15,גרמים,150.00,100 גרם,false,,28.90,0.1927,true,1,65704
8420822130600,false,סופר מסיר שומנים 750,,,סופר מסיר שומנים 750,מיליליטרים,750.00,"100 מ""ל",false,,14.90,0.0199,true,1,118663
8420822130624,false,סופר מסיר כתמים 750,,,סופר מסיר כתמים 750,מיליליטרים,750.00,"100 מ""ל",false,,17.90,0.0239,true,1,118664
8423207206488,false,חטיף דגנים מלאים מצו,,,חטיף דגנים מלאים מצו,יחידה,0.00,יחידה,false,,10.90,0.0000,true,1,22513
8423207206495,false,חטיף דגנים מלאים מצו,,,חטיף דגנים מלאים מצו,יחידה,0.00,יחידה,false,,10.90,0.0000,true,1,22514
8423207206501,false,מרבה סלים דליס חצי מ,,,מרבה סלים דליס חצי מ,יחידה,0.00,יחידה,false,,10.90,0.0000,true,1,22515
8423207207362,false,חטיף דגנים שוקולד לב,,,חטיף דגנים שוקולד לב,יחידה,0.00,יחידה,false,,10.90,0.0000,true,1,28581
8423207208680,false,סלים דליס לילדים עם,,,סלים דליס לילדים עם,יחידה,0.00,יחידה,false,,10.90,0.0000,true,1,61298
8423207208697,false,סלים דליס לילדים עם,,,סלים דליס לילדים עם,יחידה,0.00,יחידה,false,,10.90,0.0000,true,1,61299
8423207208703,false,סלים דליס לילדים עם,,,סלים דליס לילדים עם,יחידה,0.00,יחידה,false,,10.90,0.0000,true,1,61300
8423207208871,false,פרכיות תירס בטעם טבע,,,פרכיות תירס בטעם טבע,גרמים,130.00,100 גרם,false,,8.90,0.0685,true,1,65225
8423207208888,false,פריכיות תירס בטעם עג,,,פריכיות תירס בטעם עג,גרמים,123.50,100 גרם,false,,8.90,0.0721,true,1,65084
8423207208895,false,פריכיות תירס בטעם זי,,,פריכיות תירס בטעם זי,גרמים,123.50,100 גרם,false,,8.90,0.0721,true,1,65085
8423207209885,false,מרבה סלים דליס מהדור,,,מרבה סלים דליס מהדור,גרמים,125.00,100 גרם,false,,10.90,0.0872,true,1,71785
8423207210287,false,מרבה סלים דליס שוקול,,,מרבה סלים דליס שוקול,גרמים,120.00,100 גרם,false,,10.90,0.0908,true,1,75094
8423207210928,false,סלים דליס טופינג אגו,,,סלים דליס טופינג אגו,גרמים,90.00,100 גרם,false,,10.90,0.1211,true,1,84608
8423207210942,false,סלים דליס טופינג פיר,,,סלים דליס טופינג פיר,גרמים,90.00,100 גרם,false,,10.90,0.1211,true,1,84610
8423207210966,false,סלים דליס טופינג קוק,,,סלים דליס טופינג קוק,גרמים,90.00,100 גרם,false,,10.90,0.1211,true,1,84609
8423207210980,false,סלים דליס טופינג קלי,,,סלים דליס טופינג קלי,גרמים,90.00,100 גרם,false,,10.90,0.1211,true,1,84639
8424842050016,false,צ'יפס בטעם כמהין,,,צ'יפס בטעם כמהין,גרמים,130.00,100 גרם,false,,12.90,0.0992,true,1,88551
8424842050030,false,צ'יפס עם מלח הימלאי,,,צ'יפס עם מלח הימלאי,גרמים,125.00,100 גרם,false,,12.90,0.1032,true,1,88549
8425206000081,false,ריבת חלב 450 גר',,,ריבת חלב 450 גר',גרמים,450.00,100 גרם,false,,21.90,0.0487,true,1,32001
8428818164172,false,מלח ים אטלנטי אפור ל,,,מלח ים אטלנטי אפור ל,קילוגרמים,1.00,"ק""ג",false,,14.90,14.9000,true,1,34000
8435495805168,false,"תינוקלין 1.25 ק""ג",תינוקלין,,"תינוקלין 1.25 ק""ג",קילוגרמים,1.25,"ק""ג",false,,24.90,19.9200,true,1,73353
8435495807605,false,תינוקלין מרכך כביסה,תינוקלין,,תינוקלין מרכך כביסה,ליטרים,1.00,ליטר,false,,17.90,17.9000,false,1,76118
8435495807636,false,תינוקלין ג'ל כביסה 2,תינוקלין,,תינוקלין ג'ל כביסה 2,ליטרים,2.00,ליטר,false,,29.90,14.9500,true,1,77108
8435495819363,false,תינוקלין מרכך כביסה,תינוקלין,,תינוקלין מרכך כביסה,ליטרים,1.00,ליטר,false,,17.90,17.9000,true,1,117393
8436575292205,false,מאגדת חמושושים,נסטלה גלידות,,מאגדת חמושושים,גרמים,220.00,100 גרם,false,,19.50,0.0886,true,1,78224
8445290046284,false,נסקפה רד מאג,נסטלה,,נסקפה רד מאג,גרמים,220.00,100 גרם,false,,20.00,0.0909,false,1,120329
8445290427120,false,פיטנס שוקולד מריר וב,,,פיטנס שוקולד מריר וב,גרמים,330.00,100 גרם,false,,21.90,0.0664,false,1,121278
8593868006014,false,בירה בלו מון פחית 50,,,בירה בלו מון פחית 50,מיליליטרים,500.00,"100 מ""ל",false,,11.90,0.0238,true,1,86970
8594200060015,false,פחית בירה צ'סקה פינט,,,פחית בירה צ'סקה פינט,מיליליטרים,568.00,"100 מ""ל",false,,9.00,0.0158,true,1,121679
8594404005096,false,בירה קוזל פרימיום,,,בירה קוזל פרימיום,מיליליטרים,500.00,"100 מ""ל",false,,9.90,0.0198,true,1,75513
8594404115115,false,פילזנר אורקוול פחית,,,פילזנר אורקוול פחית,מיליליטרים,500.00,"100 מ""ל",false,,8.90,0.0178,true,1,121171
8595028418774,false,סכין מדורגת רב שימוש,,,סכין מדורגת רב שימוש,יחידה,0.00,יחידה,false,,17.90,0.0000,true,1,75552
8595028439922,false,קליפס אטימה 5 יח,,,קליפס אטימה 5 יח,יחידה,0.00,יחידה,false,,9.90,0.0000,true,1,64368
8595028440522,false,קולפן כרוב,,,קולפן כרוב,יחידה,0.00,יחידה,false,,19.90,0.0000,true,1,34752
8595028441611,false,זוג מסננות כיור,,,זוג מסננות כיור,יחידה,0.00,יחידה,false,,13.90,0.0000,true,1,66972
8595028441628,false,מסננת סיליקון,,,מסננת סיליקון,יחידה,0.00,יחידה,false,,19.90,0.0000,true,1,58769
8595028498080,false,קולפן דו צדדי,,,קולפן דו צדדי,יחידה,0.00,יחידה,false,,16.90,0.0000,true,1,74720
8606018615827,false,גלידת וניל עם שברי ע,,,גלידת וניל עם שברי ע,גרמים,480.00,100 גרם,false,,17.90,0.0373,true,1,119037
8606018615841,false,גלידת וניל עם ליבת ש,,,גלידת וניל עם ליבת ש,גרמים,480.00,100 גרם,false,,17.90,0.0373,true,1,119038
8606018615865,false,גלידת קרמל,,,גלידת קרמל,גרמים,480.00,100 גרם,false,,17.90,0.0373,true,1,119039
8606109023593,false,פרוויטה מיץ תפוחי עץ,,,פרוויטה מיץ תפוחי עץ,מיליליטרים,750.00,"100 מ""ל",false,,10.90,0.0145,true,1,89439
8682139495388,false,צמר גפן מסיר איפור 5,,,צמר גפן מסיר איפור 5,יחידה,0.00,יחידה,false,,7.90,0.0000,true,1,121139
8683130008355,false,מיונז הלמנס שום לחיץ,הלמנ'ס,,מיונז הלמנס שום לחיץ,גרמים,400.00,100 גרם,false,,12.90,0.0323,true,1,117651
8683130008935,false,הלמנס קטשיונז 425 גר,הלמנ'ס,,הלמנס קטשיונז 425 גר,גרמים,425.00,100 גרם,false,,12.90,0.0304,true,1,118658
8683130025581,false,בדין אקסטרה ענבר 960,בדין,,בדין אקסטרה ענבר 960,מיליליטרים,960.00,"100 מ""ל",false,,14.90,0.0155,false,1,120987
8683323063024,false,יוגטה שטיחים תותי פר,,,יוגטה שטיחים תותי פר,גרמים,220.00,100 גרם,false,,10.90,0.0495,true,1,66797
8690504081913,false,מיקוויטיס ביסקוויטים,,,מיקוויטיס ביסקוויטים,גרמים,150.00,100 גרם,false,,10.00,0.0667,true,1,73351
8690504081937,false,מיקוויטיס ביסקוויטים,,,מיקוויטיס ביסקוויטים,גרמים,150.00,100 גרם,false,,10.00,0.0667,true,1,73352
8690504153740,false,שוקולד מריר עם גאנש,,,שוקולד מריר עם גאנש,גרמים,86.00,100 גרם,false,,13.90,0.1616,true,1,74244
8690504153849,false,שוקולד חלב קרם אגוזי,,,שוקולד חלב קרם אגוזי,גרמים,83.00,100 גרם,false,,13.90,0.1675,true,1,74245
8690504156543,false,גודייבה שוקולד חלב מ,,,גודייבה שוקולד חלב מ,גרמים,88.00,100 גרם,false,,13.90,0.1580,true,1,86162
8690637073373,false,תה ארל גריי סרוויס 2,ליפטון,,תה ארל גריי סרוויס 2,גרמים,50.00,100 גרם,false,,8.00,0.1600,true,1,9498
8690637503856,false,ממרח הלמנס לחיץ 355,הלמנ'ס,,ממרח הלמנס לחיץ 355,גרמים,355.00,100 גרם,false,,12.90,0.0363,false,1,86673
8690637504426,false,סיף קרם לימון,סיף פנטסטיק,,סיף קרם לימון,מיליליטרים,500.00,"100 מ""ל",false,,9.90,0.0198,true,1,118458
8690637505607,false,בדין אקסטרה פינוק קל,בדין,,בדין אקסטרה פינוק קל,מיליליטרים,960.00,"100 מ""ל",false,,14.90,0.0155,false,1,90105
8690637555084,false,בדין אקסטרא לבן 960מ,בדין,,בדין אקסטרא לבן 960מ,מיליליטרים,960.00,"100 מ""ל",false,,14.90,0.0155,false,1,2248
8690637704277,false,דאב שמפו יום יומי 2-,דאב,,דאב שמפו יום יומי 2-,מיליליטרים,600.00,"100 מ""ל",false,,15.90,0.0265,false,1,34116
8690637704291,false,"דאב שמפו משקם 600 מ""",דאב,,"דאב שמפו משקם 600 מ""",מיליליטרים,600.00,"100 מ""ל",false,,15.90,0.0265,false,1,34117
8690637704390,false,דאב מרכך יום יומי 60,דאב,,דאב מרכך יום יומי 60,מיליליטרים,600.00,"100 מ""ל",false,,15.90,0.0265,false,1,34267
8690637704437,false,דאב שמפו שמני הזנה 6,דאב,,דאב שמפו שמני הזנה 6,מיליליטרים,600.00,"100 מ""ל",false,,15.90,0.0265,false,1,34119
8690637835643,false,תה ירוק לואיזה ולימו,ליפטון,,תה ירוק לואיזה ולימו,גרמים,30.00,100 גרם,false,,14.90,0.4967,true,1,69888
8690637842399,false,מאגדת מיני מגנום דאב,,,מאגדת מיני מגנום דאב,יחידה,0.00,יחידה,false,,32.90,0.0000,true,1,72661
8690637858734,false,סיף ג'ל אקונומיקה לי,סיף פנטסטיק,,סיף ג'ל אקונומיקה לי,מיליליטרים,750.00,"100 מ""ל",false,,9.90,0.0132,true,1,74571
8690637858741,false,סיף ג'ל אקונומיקה רו,סיף פנטסטיק,,סיף ג'ל אקונומיקה רו,מיליליטרים,750.00,"100 מ""ל",false,,10.90,0.0145,true,1,81085
8690637871047,false,דאב שמפו קוקוס 600 מ,דאב,,דאב שמפו קוקוס 600 מ,מיליליטרים,600.00,"100 מ""ל",false,,15.90,0.0265,true,1,75379
8690637871061,false,דאב שמפו עם שמן אבוק,דאב,,דאב שמפו עם שמן אבוק,מיליליטרים,600.00,"100 מ""ל",false,,15.90,0.0265,true,1,75380
8690637871245,false,הלמנס מיונז אמיתי לח,,,הלמנס מיונז אמיתי לח,גרמים,395.00,100 גרם,false,,12.90,0.0327,true,1,78447
8690637890666,false,מגנום דאבל פיסטוק מא,,,מגנום דאבל פיסטוק מא,גרמים,282.00,100 גרם,false,,32.90,0.1167,true,1,77294
8690637916977,false,דאב מרכך קוקוס 600 מ,דאב,,דאב מרכך קוקוס 600 מ,מיליליטרים,600.00,"100 מ""ל",false,,15.90,0.0265,false,1,79361
8690637946301,false,בדין אקסטרא בייבי כח,בדין,,בדין אקסטרא בייבי כח,מיליליטרים,960.00,"100 מ""ל",false,,14.90,0.0155,false,1,82664
8690637946318,false,בדין אקסטרה בייבי צה,בדין,,בדין אקסטרה בייבי צה,מיליליטרים,960.00,"100 מ""ל",false,,14.90,0.0155,false,1,84751
8690637971310,false,בדין אקסטרא יערת הדב,בדין,,בדין אקסטרא יערת הדב,מיליליטרים,960.00,"100 מ""ל",false,,14.90,0.0155,false,1,86442
8690637976995,false,בדין אקסטרה ורוד 960,בדין,,בדין אקסטרה ורוד 960,מיליליטרים,960.00,"100 מ""ל",false,,14.90,0.0155,false,1,86619
8690637987274,false,דומסטוס קצף אקונומיק,,,דומסטוס קצף אקונומיק,מיליליטרים,450.00,"100 מ""ל",false,,12.90,0.0287,true,1,87794
8690637987441,false,בדין אקסטרה כותנה ונ,בדין,,בדין אקסטרה כותנה ונ,מיליליטרים,960.00,"100 מ""ל",false,,14.90,0.0155,false,1,87725
8690637989612,false,מגנום מיני דאבל דולצ,,,מגנום מיני דאבל דולצ,גרמים,246.00,100 גרם,false,,32.90,0.1337,true,1,87715
8690766156367,false,שוקולד חלב מעולה גוד,,,שוקולד חלב מעולה גוד,גרמים,90.00,100 גרם,false,,14.50,0.1611,true,1,84534
8690766156374,false,שוקולד מריר 72% גודי,,,שוקולד מריר 72% גודי,גרמים,90.00,100 גרם,false,,14.50,0.1611,true,1,83855
8690766156381,false,שוקולד מריר מעולה 90,,,שוקולד מריר מעולה 90,גרמים,90.00,100 גרם,false,,14.50,0.1611,true,1,82665
8690766156398,false,שוקולד חלב מעולה בתו,,,שוקולד חלב מעולה בתו,גרמים,90.00,100 גרם,false,,14.50,0.1611,true,1,83850
8690766156404,false,שוקולד מריר מעולה בט,,,שוקולד מריר מעולה בט,גרמים,90.00,100 גרם,false,,14.50,0.1611,true,1,82666
8690766156411,false,שוקולד גודייבה מריר,,,שוקולד גודייבה מריר,גרמים,90.00,100 גרם,false,,14.50,0.1611,true,1,82808
8690770322079,false,שמרים יבשים 450 גר,,,שמרים יבשים 450 גר,גרמים,450.00,100 גרם,false,,12.90,0.0287,true,1,60527
8690770322598,false,שמרים יבשים 125 גר,הנמל,,שמרים יבשים 125 גר,גרמים,125.00,100 גרם,false,,5.00,0.0400,true,1,60472
8690777204071,false,SERA פלפלים חריפים כ,,,SERA פלפלים חריפים כ,גרמים,640.00,100 גרם,false,,10.90,0.0170,true,1,3143
8690777206051,false,SERA חציל קלוי על הא,וילי פוד,,SERA חציל קלוי על הא,גרמים,650.00,100 גרם,false,,10.90,0.0168,true,1,5511
8690777221405,false,SERA פלפל אדום קלוי,וילי פוד,,SERA פלפל אדום קלוי,גרמים,650.00,100 גרם,false,,10.90,0.0168,true,1,3145
8690784516440,false,דאק ג'ל נוזל לבנדר 7,טואלט דאק (ג'ונסון),,דאק ג'ל נוזל לבנדר 7,מיליליטרים,750.00,"100 מ""ל",false,,8.90,0.0119,true,1,81611
8690784611442,false,דאק סבון אקטיבי עם א,טואלט דאק (ג'ונסון),,דאק סבון אקטיבי עם א,יחידה,0.00,יחידה,false,,9.90,0.0000,true,1,88333
8690784614665,false,דאק סבון ניקוי אסלה,טואלט דאק (ג'ונסון),,דאק סבון ניקוי אסלה,גרמים,38.60,100 גרם,false,,9.90,0.2565,true,1,74443
8690784614771,false,דאק סבון ניקוי אסלה,טואלט דאק (ג'ונסון),,דאק סבון ניקוי אסלה,גרמים,38.60,100 גרם,false,,9.90,0.2565,true,1,74444
8690784616775,false,דאק אקווה בלו,טואלט דאק (ג'ונסון),,דאק אקווה בלו,יחידה,0.00,יחידה,false,,9.90,0.0000,true,1,76218
8690784711777,false,דאק סבון אקטיבי לניק,טואלט דאק (ג'ונסון),,דאק סבון אקטיבי לניק,יחידה,0.00,יחידה,false,,9.90,0.0000,true,1,78950
8693323099107,false,יוגטה מרשמלו לבבות 1,יוגטה,,יוגטה מרשמלו לבבות 1,גרמים,150.00,100 גרם,false,,8.50,0.0567,true,1,71027
8693495041461,false,קולגייט מברשת סלים ס,,,קולגייט מברשת סלים ס,יחידה,0.00,יחידה,false,,24.90,0.0000,true,1,31120
8693495050333,false,פלמוליב סבון נוזלי ל,,,פלמוליב סבון נוזלי ל,מיליליטרים,500.00,"100 מ""ל",false,,14.90,0.0298,true,1,69128
8693495051002,false,קולגייט מברשת שיניים,,,קולגייט מברשת שיניים,יחידה,0.00,יחידה,false,,9.90,0.0000,true,1,69458
8693495052177,false,פלמוליב זיתים 750 מ',,,פלמוליב זיתים 750 מ',מיליליטרים,750.00,"100 מ""ל",false,,19.90,0.0265,true,1,71780
8693495052931,false,קולגייט זוג מברשות 3,,,קולגייט זוג מברשות 3,יחידה,0.00,יחידה,false,,29.90,0.0000,true,1,78588
8696219363726,false,סט 4 יח' קופסאות איח,,,סט 4 יח' קופסאות איח,יחידה,0.00,יחידה,false,,27.90,0.0000,true,1,119591
8697425880090,false,"מגב שייש 20 ס""מ",,,"מגב שייש 20 ס""מ",יחידה,0.00,יחידה,false,,6.90,0.0000,true,1,64959
8697437821852,false,כפיות שוקולד חלב ומר,,,כפיות שוקולד חלב ומר,גרמים,54.00,100 גרם,false,,12.90,0.2389,true,1,120023
8697530910781,false,פאל מאל אדום מטאליק,,,פאל מאל אדום מטאליק,יחידה,0.00,יחידה,false,,29.00,0.0000,false,1,4310
8697659225179,false,מטהר אוויר fresh&mor,יעקובי,,מטהר אוויר fresh&mor,מיליליטרים,250.00,"100 מ""ל",false,,9.90,0.0396,true,1,67860
8697659232733,false,מבשם אריגים כותנה יע,יעקובי,,מבשם אריגים כותנה יע,מיליליטרים,425.00,"100 מ""ל",false,,12.90,0.0304,true,1,76209
8697659232788,false,פרש&מור מבשם אריגים,יעקובי,,פרש&מור מבשם אריגים,מיליליטרים,425.00,"100 מ""ל",false,,9.90,0.0233,true,1,79687
8697659234249,false,דיסני שמפו מיני מאוס,,,דיסני שמפו מיני מאוס,מיליליטרים,600.00,"100 מ""ל",false,,11.90,0.0198,true,1,82985
8697659238544,false,דיסני אל סבון נוזלי,,,דיסני אל סבון נוזלי,מיליליטרים,400.00,"100 מ""ל",false,,9.90,0.0248,true,1,82993
8697659244866,false,אל סבון נוזלי וונדר,,,אל סבון נוזלי וונדר,מיליליטרים,430.00,"100 מ""ל",false,,9.90,0.0230,true,1,119921
8697659244880,false,אל סבון נוזלי באטמן,,,אל סבון נוזלי באטמן,מיליליטרים,430.00,"100 מ""ל",false,,9.90,0.0230,true,1,119922
8697826469092,false,טורטיה קטנה,,,טורטיה קטנה,יחידה,0.00,יחידה,false,,9.90,0.0000,true,1,32038
8710447211052,false,טרזמה שמפו בוטניק 40,,,טרזמה שמפו בוטניק 40,מיליליטרים,400.00,"100 מ""ל",false,,17.90,0.0447,true,1,76796
8710447275306,false,דאב קרם ידיים אבוקדו,דאב,,דאב קרם ידיים אבוקדו,מיליליטרים,75.00,"100 מ""ל",false,,11.50,0.1533,true,1,78641
8710447275313,false,דאב קרם ידיים קוקוס,דאב,,דאב קרם ידיים קוקוס,מיליליטרים,75.00,"100 מ""ל",false,,11.50,0.1533,true,1,78642
8710448580089,false,REMIA- מיונז אמיתי,,,REMIA- מיונז אמיתי,מיליליטרים,500.00,"100 מ""ל",false,,11.90,0.0238,true,1,63795
8710448588740,false,רוטב חרדל ודבש רמיה,,,רוטב חרדל ודבש רמיה,גרמים,500.00,100 גרם,false,,13.90,0.0278,true,1,76422
8710448588771,false,רוטב איטלקי לסלט,,,רוטב איטלקי לסלט,מיליליטרים,500.00,"100 מ""ל",false,,9.90,0.0198,true,1,68463
8710448595182,false,רוטב ברביקיו מעושן ד,,,רוטב ברביקיו מעושן ד,יחידה,0.00,יחידה,false,,17.90,0.0000,true,1,80127
8710502064814,false,עוגיות שוקולד צ'יפס,,,עוגיות שוקולד צ'יפס,גרמים,175.00,100 גרם,false,,8.90,0.0509,true,1,58801
8710502139017,false,עוגיות טריפל שוקולד,מרבה,,עוגיות טריפל שוקולד,גרמים,180.00,100 גרם,false,,8.90,0.0494,true,1,10729
8710502194801,false,מרבה עוגיות שוקולד צ,,,מרבה עוגיות שוקולד צ,יחידה,0.00,יחידה,false,,8.90,0.0000,true,1,64606
8710502279010,false,מרבה עוגיות שוקולד צ,,,מרבה עוגיות שוקולד צ,גרמים,175.00,100 גרם,false,,8.90,0.0509,true,1,86621
8710502470028,false,עוגיות נוגטלי שוקולד,,,עוגיות נוגטלי שוקולד,גרמים,160.00,100 גרם,false,,8.90,0.0556,true,1,3379
8710552274614,false,וניש גולד לשטיחים,,,וניש גולד לשטיחים,מיליליטרים,600.00,"100 מ""ל",false,,24.90,0.0415,true,1,74679
8710625282164,false,קוקטייל פור 2 פינה ק,,,קוקטייל פור 2 פינה ק,מיליליטרים,700.00,"100 מ""ל",false,,39.90,0.0570,true,1,83545
8710800027573,false,מיני מנטוס,פרפטי ואן מלה,,מיני מנטוס,גרמים,178.00,100 גרם,false,,12.50,0.0702,true,1,9748
8710800961310,false,מנטוס רביעיה,פרפטי ואן מלה,,מנטוס רביעיה,גרמים,150.00,100 גרם,false,,10.90,0.0727,false,1,2472
8710812001844,false,ריבת מיקס פירות 450,,,ריבת מיקס פירות 450,גרמים,450.00,100 גרם,false,,12.90,0.0287,true,1,121386
8710812011102,false,ריבת תות,,,ריבת תות,גרמים,450.00,100 גרם,false,,10.90,0.0242,true,1,59997
8710812011126,false,ריבת דובדבנים,,,ריבת דובדבנים,גרמים,450.00,100 גרם,false,,10.90,0.0242,true,1,59999
8710847942693,false,טרזמה מרכך שמן המפ 4,,,טרזמה מרכך שמן המפ 4,מיליליטרים,400.00,"100 מ""ל",false,,17.90,0.0447,true,1,117081
8710847973970,false,דאב תחליב רחצה אלוור,דאב,,דאב תחליב רחצה אלוור,מיליליטרים,750.00,"100 מ""ל",false,,17.90,0.0239,false,1,87081
8710908160226,false,טרזמה מרכך לנפח 500,,,טרזמה מרכך לנפח 500,מיליליטרים,500.00,"100 מ""ל",false,,17.90,0.0358,true,1,66219
8710908326691,false,תחליב רחצה דאב אדמונ,דאב,,תחליב רחצה דאב אדמונ,מיליליטרים,750.00,"100 מ""ל",false,,17.90,0.0239,false,1,63947
8711000362617,false,קפסולות קפה לור 8,,,קפסולות קפה לור 8,גרמים,52.00,100 גרם,false,,16.90,0.3250,true,1,75134
8711000362631,false,קפסולות קפה לור 12,,,קפסולות קפה לור 12,גרמים,52.00,100 גרם,false,,16.90,0.3250,true,1,75135
8711000362655,false,לור קפסולות אספרסו א,,,לור קפסולות אספרסו א,יחידה,0.00,יחידה,false,,16.90,0.0000,true,1,84803
8711000362679,false,קפסולות קפה לור קולו,,,קפסולות קפה לור קולו,גרמים,52.00,100 גרם,false,,16.90,0.3250,true,1,79142
8711000362747,false,קפסולות קפה לור 11,,,קפסולות קפה לור 11,גרמים,52.00,100 גרם,false,,16.90,0.3250,true,1,75136
8711000371183,false,ג'ייקובס קפסולות קפה,,,ג'ייקובס קפסולות קפה,גרמים,52.00,100 גרם,false,,14.90,0.2865,true,1,76005
8711000371206,false,ג'ייקובס קפסולות קפה,,,ג'ייקובס קפסולות קפה,גרמים,52.00,100 גרם,false,,14.90,0.2865,true,1,76006
8711000371244,false,ג'ייקובס קפסולות אספ,,,ג'ייקובס קפסולות אספ,גרמים,52.00,100 גרם,false,,14.90,0.2865,true,1,84735
8711000431108,false,קפסולות קפה לור הודו,,,קפסולות קפה לור הודו,גרמים,52.00,100 גרם,false,,16.90,0.3250,true,1,79144
8711000471296,false,לור קפסולות אספרסו א,,,לור קפסולות אספרסו א,גרמים,52.00,100 גרם,false,,16.90,0.3250,true,1,84565
8711000495933,false,ג'ייקובס בריסטה קפסו,,,ג'ייקובס בריסטה קפסו,יחידה,0.00,יחידה,false,,18.90,0.0000,true,1,121695
8711000497050,false,ג'ייקובס בריסטה קפסו,,,ג'ייקובס בריסטה קפסו,יחידה,0.00,יחידה,false,,18.90,0.0000,true,1,121696
8711200426034,false,חמאת בוטנים קראנצ'י,,,חמאת בוטנים קראנצ'י,גרמים,350.00,100 גרם,false,,16.50,0.0471,true,1,80091
8711200443789,false,חרדל גרגרים 235 גר ל,,,חרדל גרגרים 235 גר ל,גרמים,235.00,100 גרם,false,,14.90,0.0634,true,1,77885
8711200443802,false,חרדל דיז'ון 235 גר ל,,,חרדל דיז'ון 235 גר ל,גרמים,235.00,100 גרם,false,,14.90,0.0634,true,1,77817
8711281013345,false,חרדל הולנדי גרגרים,,,חרדל הולנדי גרגרים,גרמים,335.00,100 גרם,false,,10.90,0.0325,true,1,70445
8711327475618,false,גלידת מגנום וניל קלא,מגנום- שטראוס,,גלידת מגנום וניל קלא,גרמים,260.00,100 גרם,false,,21.90,0.0842,true,1,86813
8711351010120,false,גלידה רפאלו סורבה אנ,,,גלידה רפאלו סורבה אנ,מיליליטרים,750.00,"100 מ""ל",false,,21.90,0.0292,true,1,10345
8711351010137,false,גלידה רפאלו סורבה מנ,,,גלידה רפאלו סורבה מנ,מיליליטרים,750.00,"100 מ""ל",false,,21.90,0.0292,true,1,10346
8712000051099,false,הייניקן 0% שישייה 33,היינקן,,הייניקן 0% שישייה 33,מיליליטרים,1980.00,"100 מ""ל",false,,32.00,0.0162,false,1,76083
8712100739231,false,PG תה שחור פירמידה,,,PG תה שחור פירמידה,גרמים,116.00,100 גרם,false,,17.90,0.1543,true,1,61519
8712400802499,false,נוטרילון 1- 800גר,,,נוטרילון 1- 800גר,גרמים,800.00,100 גרם,false,,64.90,0.0811,false,1,3382
8712400802512,false,נוטרילון 2- 800גר,,,נוטרילון 2- 800גר,גרמים,800.00,100 גרם,false,,64.90,0.0811,false,1,3384
8712400802536,false,נוטרילון 3- 800גר,,,נוטרילון 3- 800גר,גרמים,800.00,100 גרם,false,,64.90,0.0811,false,1,3386
8712561594608,false,תחליב רחצה דאב 750,דאב,,תחליב רחצה דאב 750,מיליליטרים,750.00,"100 מ""ל",false,,17.90,0.0239,false,1,59093
8712561611411,false,תחליב רחצה דאב 750 מ,דאב,,תחליב רחצה דאב 750 מ,מיליליטרים,750.00,"100 מ""ל",false,,17.90,0.0239,false,1,59272
8712561626286,false,תחליב רחצה דאב 750 מ,דאב,,תחליב רחצה דאב 750 מ,מיליליטרים,750.00,"100 מ""ל",false,,17.90,0.0239,false,1,59695
8712561631570,false,תחליב רחצה דאב 750 מ,דאב,,תחליב רחצה דאב 750 מ,מיליליטרים,750.00,"100 מ""ל",false,,17.90,0.0239,false,1,59337
8714599410530,false,ג'קובס שקית 200 גר,,,ג'קובס שקית 200 גר,גרמים,200.00,100 גרם,false,,19.90,0.0995,false,1,71710
8714599412336,false,ג'ייקובס בריסטה אמרי,,,ג'ייקובס בריסטה אמרי,גרמים,160.00,100 גרם,false,,22.90,0.1431,false,1,90340
8714599513781,false,קפה נמס ג'יקובס גולד,,,קפה נמס ג'יקובס גולד,גרמים,200.00,100 גרם,false,,24.90,0.1245,false,1,62125
8714599513835,false,ג'יקובס נטול קופאין,,,ג'יקובס נטול קופאין,גרמים,200.00,100 גרם,false,,32.90,0.1645,false,1,64605
8714599513866,false,ג'קובס קרוננג מיובש,,,ג'קובס קרוננג מיובש,גרמים,200.00,100 גרם,false,,24.90,0.1245,false,1,62499
8714789177229,false,רביעיה מברשות שיניים,קולגייט,,רביעיה מברשות שיניים,יח',4.00,יח',false,,9.90,2.4750,true,1,6755
8714789303925,false,מברשת שיניים קולגייט,קולגייט,,מברשת שיניים קולגייט,יחידה,0.00,יחידה,false,,24.90,0.0000,true,1,6764
8714789402918,false,אג'קס חגיגת פרחים 1.,אג'קס,,אג'קס חגיגת פרחים 1.,ליטרים,1.50,ליטר,false,,19.90,13.2667,true,1,578
8714789402932,false,אג'קס חגיגת פרחים ור,אג'קס,,אג'קס חגיגת פרחים ור,ליטרים,1.50,ליטר,false,,19.90,13.2667,true,1,579
8714789402970,false,אג'קס חגיגת פרחים 1.,אג'קס,,אג'קס חגיגת פרחים 1.,ליטרים,1.50,ליטר,false,,19.90,13.2667,true,1,581
8714789450315,false,פלמוליב שקוף לכלים 1,פלמוליב,,פלמוליב שקוף לכלים 1,ליטרים,1.50,ליטר,false,,15.90,10.6000,false,1,34606
8714789582764,false,אג'קס חלונות 750 מל,,,אג'קס חלונות 750 מל,מיליליטרים,750.00,"100 מ""ל",false,,14.90,0.0199,true,1,32314
8714789740058,false,קולגייט מברשת טוויסט,,,קולגייט מברשת טוויסט,יחידה,0.00,יחידה,false,,17.90,0.0000,true,1,23431
8714789797786,false,פלמוליב כלים שקוף 4,,,פלמוליב כלים שקוף 4,מיליליטרים,750.00,"100 מ""ל",false,,9.90,0.0132,false,1,23317
8714789834467,false,פלמוליב כלים קלאסי 1,פלמוליב,,פלמוליב כלים קלאסי 1,ליטרים,1.50,ליטר,false,,15.90,10.6000,true,1,25951
8714789930848,false,קולגייט משחת אופטיק,,,קולגייט משחת אופטיק,מיליליטרים,75.00,"100 מ""ל",false,,16.90,0.2253,true,1,31416
8715035520301,false,קיקומן רוטב יפני מסו,,,קיקומן רוטב יפני מסו,מיליליטרים,250.00,"100 מ""ל",false,,18.90,0.0756,true,1,78318
8715300238306,false,חמאה הולנדית ללא מלח,,,חמאה הולנדית ללא מלח,גרמים,200.00,100 גרם,false,,12.90,0.0645,true,1,121238
8715700110141,false,מיונז היינץ 460 גר,,,מיונז היינץ 460 גר,גרמים,460.00,100 גרם,false,,9.90,0.0215,false,1,71358
8715700110158,false,מיונז  לייט צנצנת הי,,,מיונז  לייט צנצנת הי,גרמים,490.00,100 גרם,false,,9.90,0.0202,false,1,71359
8715700117805,false,קטשופ היינץ ללא תוספ,,,קטשופ היינץ ללא תוספ,מיליליטרים,400.00,"100 מ""ל",false,,9.90,0.0248,false,1,82651
8715700120874,false,קטשופ היינץ שום,,,קטשופ היינץ שום,גרמים,460.00,100 גרם,false,,9.90,0.0215,false,1,117133
8715700419695,false,רוטב ברבקיו מתוק,,,רוטב ברבקיו מתוק,גרמים,500.00,100 גרם,false,,15.90,0.0318,true,1,70746
8715700419732,false,קטשופ היינץ 700 גר,,,קטשופ היינץ 700 גר,גרמים,700.00,100 גרם,false,,9.90,0.0141,false,1,31186
8715700421322,false,רוטב ברבקיו בטעם צ'י,,,רוטב ברבקיו בטעם צ'י,גרמים,490.00,100 גרם,false,,15.90,0.0324,true,1,70522
8715700422473,false,ממרח היינץ 395 גר,,,ממרח היינץ 395 גר,גרמים,395.00,100 גרם,false,,14.90,0.0377,true,1,66366
8715700423906,false,מתבל עגבניות היינץ,,,מתבל עגבניות היינץ,גרמים,555.00,100 גרם,false,,9.90,0.0178,true,1,72305
8717163607305,false,רביעיה דאב גרגרי,דאב,,רביעיה דאב גרגרי,גרמים,400.00,100 גרם,false,,12.90,0.0323,false,1,2257
8717163628812,false,טרזמה מסכה להחלקה וצ,,,טרזמה מסכה להחלקה וצ,מיליליטרים,300.00,"100 מ""ל",false,,26.90,0.0897,true,1,83869
8717163630105,false,טרזמה שמפו להחלקה וצ,,,טרזמה שמפו להחלקה וצ,מיליליטרים,400.00,"100 מ""ל",false,,19.90,0.0497,true,1,83871
8717163647196,false,אקס ספריי גוף אנרכי,אקס,,אקס ספריי גוף אנרכי,מיליליטרים,150.00,"100 מ""ל",false,,11.90,0.0793,false,1,78633
8717163647226,false,דאודורנט אקס ספריי ג,אקס,,דאודורנט אקס ספריי ג,מיליליטרים,150.00,"100 מ""ל",false,,11.90,0.0793,false,1,78778
8717163647240,false,דאודורנט אקס ספריי ג,אקס,,דאודורנט אקס ספריי ג,מיליליטרים,150.00,"100 מ""ל",false,,11.90,0.0793,false,1,78634
8717163647264,false,אקס דאודורנט ספריי ג,אקס,,אקס דאודורנט ספריי ג,מיליליטרים,150.00,"100 מ""ל",false,,11.90,0.0793,false,1,77819
8717163655757,false,דאודורנט רקסונה ספרי,רקסונה,,דאודורנט רקסונה ספרי,מיליליטרים,150.00,"100 מ""ל",false,,14.90,0.0993,true,1,80465
8717163655764,false,דאודורנט רקסונה ספרי,רקסונה,,דאודורנט רקסונה ספרי,מיליליטרים,150.00,"100 מ""ל",false,,14.90,0.0993,true,1,80461
8717644390566,false,סבון דאב מוצק ירוק ר,דאב,,סבון דאב מוצק ירוק ר,גרמים,400.00,100 גרם,false,,12.90,0.0323,false,1,2259
8717677336593,false,טוניס שוקולד חלב,,,טוניס שוקולד חלב,גרמים,180.00,100 גרם,false,,18.90,0.1050,true,1,118836
8717677336616,false,טוניס שוקולד מריר עם,,,טוניס שוקולד מריר עם,גרמים,180.00,100 גרם,false,,18.90,0.1050,true,1,118837
8717677336630,false,טוניס שוקולד חלב עם,,,טוניס שוקולד חלב עם,גרמים,180.00,100 גרם,false,,18.90,0.1050,true,1,118838
8717677336661,false,טוניס שוקולד מריר מע,,,טוניס שוקולד מריר מע,גרמים,180.00,100 גרם,false,,18.90,0.1050,true,1,118839
8717677338436,false,טוניס שוקולד חלב עם,,,טוניס שוקולד חלב עם,גרמים,180.00,100 גרם,false,,18.90,0.1050,true,1,118840
8718114734484,false,מיונז דיילי 320גר,,,מיונז דיילי 320גר,גרמים,320.00,100 גרם,false,,12.90,0.0403,true,1,47116
8718531580039,false,פטל אדום,,,פטל אדום,גרמים,125.00,100 גרם,false,,19.90,0.1592,true,1,121991
8718692610835,false,שלישיית בקבוקי סודה,,,שלישיית בקבוקי סודה,יחידה,0.00,יחידה,false,,59.90,0.0000,true,1,76149
8718951001589,false,אג'קס ספריי מסיר שומ,,,אג'קס ספריי מסיר שומ,מיליליטרים,600.00,"100 מ""ל",false,,14.90,0.0248,true,1,59434
8718951001602,false,אג'קס ספריי רב פעולו,,,אג'קס ספריי רב פעולו,מיליליטרים,600.00,"100 מ""ל",false,,14.90,0.0248,true,1,59436
8718951030206,false,קולגייט סנסיטיב מולט,,,קולגייט סנסיטיב מולט,מיליליטרים,75.00,"100 מ""ל",false,,14.90,0.1987,true,1,82875
8718951044913,false,מרידול משחת שיניים ה,,,מרידול משחת שיניים ה,מיליליטרים,75.00,"100 מ""ל",false,,21.90,0.2920,true,1,59265
8718951048669,false,אג'קס ספריי לניקוי ח,,,אג'קס ספריי לניקוי ח,100 מל,750.00,100 מל,false,,14.90,0.0199,true,1,119234
8718951166288,false,קולגייט משחת מקס ויי,,,קולגייט משחת מקס ויי,מיליליטרים,125.00,"100 מ""ל",false,,15.90,0.1272,true,1,75628
8718951166561,false,קולגייט משחת מקס פרש,,,קולגייט משחת מקס פרש,מיליליטרים,125.00,"100 מ""ל",false,,15.90,0.1272,true,1,75629
8718951167094,false,פלמוליב צילינדר תפוז,,,פלמוליב צילינדר תפוז,ליטרים,1.00,ליטר,false,,13.90,13.9000,false,1,71522
8718951236790,false,קולגייט טוטל קלין מי,,,קולגייט טוטל קלין מי,מיליליטרים,100.00,"100 מ""ל",false,,16.90,0.1690,true,1,76517
8718951236806,false,קולגייט טוטל הלבנה מ,,,קולגייט טוטל הלבנה מ,מיליליטרים,100.00,"100 מ""ל",false,,16.90,0.1690,true,1,76518
8718951236813,false,קולגייט טוטאל אדוונס,,,קולגייט טוטאל אדוונס,מיליליטרים,100.00,"100 מ""ל",false,,16.90,0.1690,true,1,79463
8718951240742,false,קולגייט טוטל פסים מר,,,קולגייט טוטל פסים מר,מיליליטרים,100.00,"100 מ""ל",false,,16.90,0.1690,true,1,76514
8718951259409,false,פלמוליב נטורלס תחליב,,,פלמוליב נטורלס תחליב,מיליליטרים,750.00,"100 מ""ל",false,,19.90,0.0265,true,1,121756
8718951264618,false,קולגייט אופטיק וייט,,,קולגייט אופטיק וייט,מיליליטרים,75.00,"100 מ""ל",false,,25.90,0.3453,true,1,82680
8718951286733,false,קולגייט אופטיק וויט,,,קולגייט אופטיק וויט,מיליליטרים,75.00,"100 מ""ל",false,,25.90,0.3453,true,1,117089
8718951289833,false,פלמוליב סבון מוצק לו,,,פלמוליב סבון מוצק לו,גרמים,360.00,100 גרם,false,,17.00,0.0472,true,1,81055
8718951313927,false,פלמוליב סבון ידיים ח,,,פלמוליב סבון ידיים ח,מיליליטרים,300.00,"100 מ""ל",false,,10.90,0.0363,true,1,85353
8718951315303,false,קולגייט אדומה ביטיוב,,,קולגייט אדומה ביטיוב,מיליליטרים,200.00,"100 מ""ל",false,,19.90,0.0995,true,1,83780
8718951333048,false,פלמוליב סבון ידיים ל,,,פלמוליב סבון ידיים ל,מיליליטרים,300.00,"100 מ""ל",false,,10.90,0.0363,true,1,87799
8718951334090,false,סופלין מרכך כביסה מר,,,סופלין מרכך כביסה מר,מיליליטרים,650.00,"100 מ""ל",false,,9.90,0.0152,true,1,83164
8718951334120,false,סופלין מרכך כביסה מר,,,סופלין מרכך כביסה מר,מיליליטרים,650.00,"100 מ""ל",false,,9.90,0.0152,true,1,83228
8718951334151,false,סופלין מרכך כביסה מר,,,סופלין מרכך כביסה מר,מיליליטרים,650.00,"100 מ""ל",false,,9.90,0.0152,true,1,120563
8718951338128,false,ליידי ספיד סטיק רול,,,ליידי ספיד סטיק רול,מיליליטרים,50.00,"100 מ""ל",false,,14.90,0.2980,true,1,90131
8718951345119,false,אג'קס ניקוי כללי היב,,,אג'קס ניקוי כללי היב,ליטרים,2.00,ליטר,false,,22.90,11.4500,true,1,86662
8718951350137,false,פלמוליב נטורלס תחליב,,,פלמוליב נטורלס תחליב,מיליליטרים,750.00,"100 מ""ל",false,,19.90,0.0265,true,1,121757
8718951354807,false,אג'קס חגיגת הפרחים י,,,אג'קס חגיגת הפרחים י,מיליליטרים,1500.00,"100 מ""ל",false,,19.90,0.0133,true,1,85780
8718951381292,false,קולגייט משחת מקס דיט,,,קולגייט משחת מקס דיט,מיליליטרים,125.00,"100 מ""ל",false,,15.90,0.1272,true,1,87248
8718951382787,false,קולגייט אופטיק וויט,,,קולגייט אופטיק וויט,מיליליטרים,75.00,"100 מ""ל",false,,25.90,0.3453,true,1,118616
8718951400474,false,פלמוליב תחליב רחצה ק,,,פלמוליב תחליב רחצה ק,מיליליטרים,750.00,"100 מ""ל",false,,19.90,0.0265,true,1,120804
8718951409798,false,קולגייט מברשת מקס וו,,,קולגייט מברשת מקס וו,יחידה,0.00,יחידה,false,,23.90,0.0000,true,1,89171
8718951412378,false,מרידול משחת שיניים נ,,,מרידול משחת שיניים נ,מיליליטרים,75.00,"100 מ""ל",false,,24.90,0.3320,true,1,120778
8718951433120,false,קולגייט טואל ג'וניור,,,קולגייט טואל ג'וניור,מיליליטרים,50.00,"100 מ""ל",false,,15.90,0.3180,true,1,121135
8718951446564,false,פלמוליב סבון גוף מומ,,,פלמוליב סבון גוף מומ,100 מל,500.00,100 מל,false,,14.90,0.0298,true,1,119928
8718951470323,false,קולגייט זוג מברשות ס,,,קולגייט זוג מברשות ס,יחידה,0.00,יחידה,false,,29.90,0.0000,true,1,120777
8718951477384,false,משחת שיניים קולגייט,,,משחת שיניים קולגייט,מיליליטרים,75.00,"100 מ""ל",false,,19.90,0.2653,true,1,118755
8718951498754,false,קולגייט מברשת סופר פ,,,קולגייט מברשת סופר פ,יחידה,0.00,יחידה,false,,17.90,0.0000,true,1,120643
8718951509627,false,קולגייט אופטיק וויט,,,קולגייט אופטיק וויט,מיליליטרים,75.00,"100 מ""ל",false,,25.90,0.3453,true,1,119962
8719128118734,false,מילוי מיכל גז CQC עד,,,מילוי מיכל גז CQC עד,יחידה,0.00,יחידה,false,,56.90,0.0000,false,1,121801
8719200997998,false,בלובנד עם מלח 200 גר,בלובנד,,בלובנד עם מלח 200 גר,גרמים,200.00,100 גרם,false,,4.50,0.0225,false,1,80804
8719200998001,false,בלובנד בלי מלח 200 ג,בלובנד,,בלובנד בלי מלח 200 ג,גרמים,200.00,100 גרם,false,,4.50,0.0225,false,1,80805
8719200998018,false,מחמאה ב.בנד 200 גרם,בלובנד,,מחמאה ב.בנד 200 גרם,גרמים,200.00,100 גרם,false,,4.60,0.0230,false,1,80830
8719200998032,false,מזולה גלורי טעם חמאה,מזולה,,מזולה גלורי טעם חמאה,גרמים,250.00,100 גרם,false,,9.90,0.0396,false,1,80822
8719200998049,false,מזולה גלורי רגיל 250,מזולה,,מזולה גלורי רגיל 250,גרמים,250.00,100 גרם,false,,9.50,0.0380,false,1,80820
8719200998094,false,מזולה לאפיה ללא מלח,מזולה,,מזולה לאפיה ללא מלח,גרמים,200.00,100 גרם,false,,6.50,0.0325,false,1,80828
8719200998100,false,מזולה לאפיה בטעם חמא,מזולה,,מזולה לאפיה בטעם חמא,גרמים,200.00,100 גרם,false,,6.50,0.0325,false,1,80829
8720181046605,false,דאב דאודורנט ספריי א,דאב,,דאב דאודורנט ספריי א,מיליליטרים,150.00,"100 מ""ל",false,,16.90,0.1127,true,1,86592
8720181074745,false,דאב דאודורנט ספריי א,דאב,,דאב דאודורנט ספריי א,מיליליטרים,150.00,"100 מ""ל",false,,14.90,0.0993,false,1,90225
8720181090202,false,דאב תחליב רחצה שמן ז,דאב,,דאב תחליב רחצה שמן ז,מיליליטרים,750.00,"100 מ""ל",false,,17.90,0.0239,false,1,88615
8720181090219,false,דאב תחליב רחצה רימונ,דאב,,דאב תחליב רחצה רימונ,גרמים,750.00,100 גרם,false,,17.90,0.0239,false,1,89648
8722700202325,false,מלפפון קורנישון מיני,,,מלפפון קורנישון מיני,גרמים,400.00,100 גרם,false,,22.90,0.0572,true,1,32317
8801055706440,false,טייסטר צ'ויס טו גו 2,טסטר צ'ויס,,טייסטר צ'ויס טו גו 2,גרמים,36.00,100 גרם,false,,11.50,0.3194,true,1,6355
8801055707966,false,טסטר צו'יס בריסטה 18,,,טסטר צו'יס בריסטה 18,גרמים,180.00,100 גרם,false,,31.90,0.1772,false,1,63811
8801055708772,false,מארז טסטר צו'יס   20,,,מארז טסטר צו'יס   20,גרמים,250.00,100 גרם,false,,29.90,0.1196,false,1,74376
8801055709427,false,קפה נמס טסטר צוייס א,,,קפה נמס טסטר צוייס א,גרמים,100.00,100 גרם,false,,24.90,0.2490,false,1,90152
8801055709434,false,קפה נמס טסטר צוייס ק,,,קפה נמס טסטר צוייס ק,גרמים,100.00,100 גרם,false,,24.90,0.2490,false,1,90153
8801055709489,false,נסקפה קפוצ'ינו בטעם,,,נסקפה קפוצ'ינו בטעם,גרמים,180.00,100 גרם,false,,19.00,0.1056,true,1,118940
8801055709526,false,נס קפה קפוצ'ינו שוקו,,,נס קפה קפוצ'ינו שוקו,גרמים,180.00,100 גרם,false,,19.00,0.1056,true,1,120645
8802241131664,false,חטיף אצות ים קלויות,,,חטיף אצות ים קלויות,גרמים,40.50,100 גרם,false,,22.90,0.5654,true,1,69597
8802241131671,false,חטיף אצות בטעם ווסאב,,,חטיף אצות בטעם ווסאב,יחידה,0.00,יחידה,false,,23.90,0.0000,true,1,80794
8802241132821,false,חטיף אצות קלויות עם,,,חטיף אצות קלויות עם,גרמים,13.50,100 גרם,false,,9.90,0.7333,true,1,74073
8850122103347,false,מארז סיבי שעועית דאב,,,מארז סיבי שעועית דאב,גרמים,400.00,100 גרם,false,,18.90,0.0472,true,1,120853
8850122201111,false,שבבי שעועית דאבל דרג,,,שבבי שעועית דאבל דרג,גרמים,190.00,100 גרם,false,,14.90,0.0784,true,1,120852
8850161161247,false,מי קוקוס קוקו מקס 1,,,מי קוקוס קוקו מקס 1,ליטרים,1.00,ליטר,false,,16.90,16.9000,true,1,78656
8850367990443,false,רוטב לסלט בסגנון אסי,,,רוטב לסלט בסגנון אסי,מיליליטרים,285.00,"100 מ""ל",false,,13.50,0.0474,true,1,73264
8850367992164,false,קרם קוקוס ללא גלוטן,מזרח ומערב,,קרם קוקוס ללא גלוטן,מיליליטרים,250.00,"100 מ""ל",false,,8.50,0.0340,true,1,64395
8850367992171,false,קרם קוקוס ללא גלוטן,,,קרם קוקוס ללא גלוטן,ליטרים,1.00,ליטר,false,,21.90,21.9000,true,1,34316
8850372000380,false,מקלוני שעועית,,,מקלוני שעועית,יחידה,400.00,יחידה,false,,18.90,0.0472,true,1,26023
8850372000472,false,מקלוני שעועית,,,מקלוני שעועית,גרמים,200.00,100 גרם,false,,8.90,0.0445,true,1,11900
8850389103111,false,משקה סאפה אלוורה ענב,,,משקה סאפה אלוורה ענב,מיליליטרים,300.00,"100 מ""ל",false,,7.00,0.0233,true,1,2990
8850389103128,false,משקה סאפה אלוורה תפו,,,משקה סאפה אלוורה תפו,מיליליטרים,300.00,"100 מ""ל",false,,7.00,0.0233,true,1,2991
8850389103159,false,מוגו מוגו ליצ'י עם ח,,,מוגו מוגו ליצ'י עם ח,מיליליטרים,320.00,"100 מ""ל",false,,6.90,0.0216,true,1,118989
8850389104637,false,סאפה אלוורה אפרסק,,,סאפה אלוורה אפרסק,מיליליטרים,300.00,"100 מ""ל",false,,7.00,0.0233,true,1,10207
8850389105825,false,סאפה אלוורה ענבים 1,,,סאפה אלוורה ענבים 1,ליטרים,1.00,ליטר,false,,12.90,12.9000,true,1,2992
8850389105832,false,סאפה אלוורה תפוח 1 ל,,,סאפה אלוורה תפוח 1 ל,ליטרים,1.00,ליטר,false,,12.90,12.9000,true,1,10208
8850389111352,false,מוגו מוגו מלון עם חת,,,מוגו מוגו מלון עם חת,מיליליטרים,320.00,"100 מ""ל",false,,6.90,0.0216,true,1,118990
8850389115336,false,סאפה מלון בקבוק ליטר,,,סאפה מלון בקבוק ליטר,ליטרים,1.00,ליטר,false,,12.50,12.5000,true,1,72864
8850632601098,false,סוכריית גומי חמוצה,,,סוכריית גומי חמוצה,גרמים,40.00,100 גרם,false,,3.50,0.0875,true,1,32255
8850632601104,false,סוכריית גומי חמוצה,,,סוכריית גומי חמוצה,גרמים,40.00,100 גרם,false,,3.50,0.0875,true,1,32256
8850632604259,false,יוגטה מקלות תות,,,יוגטה מקלות תות,גרמים,50.00,100 גרם,false,,4.50,0.0900,true,1,9755
8850632604266,false,יוגטה מקלות קולה,,,יוגטה מקלות קולה,גרמים,50.00,100 גרם,false,,4.50,0.0900,true,1,9756
8850632604372,false,יוגטה שטיח תות,,,יוגטה שטיח תות,גרמים,50.00,100 גרם,false,,4.50,0.0900,true,1,9757
8850632604402,false,יוגטה טעם מעורב בצור,,,יוגטה טעם מעורב בצור,גרמים,50.00,100 גרם,false,,4.50,0.0900,true,1,9758
8850632605201,false,יוגטה חיספוסים בצורת,,,יוגטה חיספוסים בצורת,גרמים,50.00,100 גרם,false,,4.50,0.0900,true,1,9759
8850632606390,false,יוגטה שטיח אבטיח,,,יוגטה שטיח אבטיח,גרמים,50.00,100 גרם,false,,4.50,0.0900,true,1,26487
8850854000013,false,"רוטב צדפות 700 מ""ל",,,"רוטב צדפות 700 מ""ל",מיליליטרים,700.00,"100 מ""ל",false,,13.90,0.0199,true,1,58044
8851613101378,false,"נוזל קוקוס 250 מ""ל",,,"נוזל קוקוס 250 מ""ל",מיליליטרים,250.00,"100 מ""ל",false,,11.50,0.0460,true,1,74055
8851613101385,false,"חלב קוקוס 500 מ""ל",,,"חלב קוקוס 500 מ""ל",מיליליטרים,500.00,"100 מ""ל",false,,12.90,0.0258,true,1,23356
8851613101392,false,חלב קוקוס 1 ליטר,,,חלב קוקוס 1 ליטר,ליטרים,1.00,ליטר,false,,19.90,19.9000,true,1,82136
8852633119039,false,"רוטב דגים 300 מ""ל",,,"רוטב דגים 300 מ""ל",מיליליטרים,300.00,"100 מ""ל",false,,8.90,0.0297,true,1,63070
8853662056661,false,רוטב סריראצ'ה מיו 45,,,רוטב סריראצ'ה מיו 45,מיליליטרים,455.00,"100 מ""ל",false,,22.90,0.0503,true,1,75036
8858271002870,false,רוטב פאד תאי 250מל,מזרח ומערב,,רוטב פאד תאי 250מל,מיליליטרים,250.00,"100 מ""ל",false,,12.90,0.0516,true,1,64768
8858271002887,false,MAXCHAP- רוטב טרייאק,מזרח ומערב,,MAXCHAP- רוטב טרייאק,מיליליטרים,250.00,"100 מ""ל",false,,13.90,0.0556,true,1,64413
8858271003075,false,רוטב סויה מתוקה 700,,,רוטב סויה מתוקה 700,מיליליטרים,700.00,"100 מ""ל",false,,19.90,0.0284,true,1,64399
8858271003938,false,MAXCHAP- רוטב קארי י,מזרח ומערב,,MAXCHAP- רוטב קארי י,מיליליטרים,250.00,"100 מ""ל",false,,12.90,0.0516,true,1,64402
8858271003945,false,מקסצאפ - רוטב קארי צ,,,מקסצאפ - רוטב קארי צ,מיליליטרים,250.00,"100 מ""ל",false,,12.90,0.0516,true,1,86565
8858744800019,false,מחית קארי ירוק,,,מחית קארי ירוק,גרמים,50.00,100 גרם,false,,5.00,0.1000,true,1,32280
8858744800033,false,מחית קארי פאנאנאג,,,מחית קארי פאנאנאג,גרמים,50.00,100 גרם,false,,4.90,0.0980,true,1,33031
8858744800064,false,מחית קארי אדום,,,מחית קארי אדום,גרמים,50.00,100 גרם,false,,5.00,0.1000,true,1,33032
8858744800088,false,מחית קארי מאסאמאן,,,מחית קארי מאסאמאן,גרמים,50.00,100 גרם,false,,5.00,0.1000,true,1,33033
8886303210504,false,"קרם קוקוס 500 מ""ל 24",,,"קרם קוקוס 500 מ""ל 24",מיליליטרים,500.00,"100 מ""ל",false,,13.90,0.0278,true,1,72177
8888021200256,false,סוללות ENERGIZER 1X8,אנרג'ייזר,,סוללות ENERGIZER 1X8,יחידה,0.00,יחידה,false,,27.90,0.0000,false,1,16092
8888021200720,false,סוללות ENERGIZER 1X8,אנרג'ייזר,,סוללות ENERGIZER 1X8,יחידה,0.00,יחידה,false,,27.90,0.0000,false,1,16093
8888351100011,false,טופו טרי 300 גר',,,טופו טרי 300 גר',גרמים,300.00,100 גרם,false,,9.90,0.0330,true,1,67508
8888351100073,false,טופו טרי 300 גר',,,טופו טרי 300 גר',גרמים,300.00,100 גרם,false,,9.90,0.0330,true,1,67510
8888351200070,false,טופו טרי 400 גר',,,טופו טרי 400 גר',גרמים,400.00,100 גרם,false,,13.90,0.0348,true,1,67511
8901537024014,false,אורז בסמטי מובחר 1 ק,וילי פוד,,אורז בסמטי מובחר 1 ק,קילוגרמים,1.00,"ק""ג",false,,11.90,11.9000,false,1,5516
8901537076679,false,אורז בסמטי חום מלא D,,,אורז בסמטי חום מלא D,קילוגרמים,1.00,"ק""ג",false,,11.90,11.9000,true,1,73306
8904004402056,false,מהרג'ה חטיף הודי הכל,,,מהרג'ה חטיף הודי הכל,גרמים,200.00,100 גרם,false,,9.90,0.0495,true,1,121939
8904180001333,false,מנגו צ'אטני מתוק 340,,,מנגו צ'אטני מתוק 340,גרמים,340.00,100 גרם,false,,19.90,0.0585,true,1,80418
8904180001432,false,גראם מסאלה 300 גר',,,גראם מסאלה 300 גר',גרמים,300.00,100 גרם,false,,19.90,0.0663,true,1,80429
9000101536560,false,פרסיל פאוור קפסולות,פרסיל,,פרסיל פאוור קפסולות,יחידה,0.00,יחידה,false,,69.90,0.0000,true,1,120648
9000101537550,false,פרסיל פוואר קאפס יונ,פרסיל,,פרסיל פוואר קאפס יונ,יחידה,0.00,יחידה,false,,59.90,0.0000,true,1,120137
9000101537581,false,פרסיל פוואר קאפס קול,פרסיל,,פרסיל פוואר קאפס קול,יחידה,0.00,יחידה,false,,59.90,0.0000,true,1,120138
9002859011061,false,גונץ מקלות אפויים עם,,,גונץ מקלות אפויים עם,גרמים,250.00,100 גרם,false,,15.90,0.0636,true,1,27225
9002859025204,false,פלחי מרמלדה 200גר,,,פלחי מרמלדה 200גר,גרמים,200.00,100 גרם,false,,10.90,0.0545,true,1,4446
9002859036583,false,גונץ לשונות חתול חלב,,,גונץ לשונות חתול חלב,גרמים,100.00,100 גרם,false,,9.90,0.0990,true,1,20113
9002859044694,false,שוקולד מריר ממולא קר,,,שוקולד מריר ממולא קר,גרמים,100.00,100 גרם,false,,15.90,0.1590,true,1,32660
9002859050671,false,גונץ- לבבות שוקולד ב,,,גונץ- לבבות שוקולד ב,גרמים,100.00,100 גרם,false,,8.90,0.0890,true,1,33421
9002859054099,false,מוצרט-שוקולד ממולא,,,מוצרט-שוקולד ממולא,גרמים,297.00,100 גרם,false,,32.90,0.1108,true,1,32263
9002859064708,false,בוגי סוכריות פירות ב,,,בוגי סוכריות פירות ב,גרמים,300.00,100 גרם,false,,17.90,0.0597,true,1,24271
9002859067570,false,גונץ דפדפי שוקולד תפ,,,גונץ דפדפי שוקולד תפ,גרמים,200.00,100 גרם,false,,14.90,0.0745,true,1,72032
9002859073298,false,גונץ כדורגל שוקולד ב,,,גונץ כדורגל שוקולד ב,גרמים,100.00,100 גרם,false,,8.90,0.0890,true,1,33427
9002859092657,false,גונץ בננה בציפוי מרי,,,גונץ בננה בציפוי מרי,גרמים,150.00,100 גרם,false,,7.50,0.0500,true,1,65246
9002859100536,false,גונץ בונבונירה אצבעו,,,גונץ בונבונירה אצבעו,גרמים,200.00,100 גרם,false,,13.90,0.0695,true,1,74476
9002975393812,false,סוכריות הריבו האפי צ,,,סוכריות הריבו האפי צ,גרמים,70.00,100 גרם,false,,6.90,0.0986,true,1,88497
9002975393829,false,סוכריות הריבו פיצ'ס,,,סוכריות הריבו פיצ'ס,גרמים,70.00,100 גרם,false,,6.90,0.0986,true,1,88499
9002975393836,false,סוכריות הריבו האפי ק,,,סוכריות הריבו האפי ק,גרמים,70.00,100 גרם,false,,6.90,0.0986,true,1,88498
9002975393843,false,סוכריות הריבו גולדבר,,,סוכריות הריבו גולדבר,גרמים,70.00,100 גרם,false,,6.90,0.0986,true,1,88496
9002975393850,false,סוכריות הריבו וורמס,,,סוכריות הריבו וורמס,גרמים,70.00,100 גרם,false,,6.90,0.0986,true,1,88500
9003400304939,false,בירה שטיגל וויז חיטה,,,בירה שטיגל וויז חיטה,מיליליטרים,500.00,"100 מ""ל",false,,9.90,0.0198,true,1,66588
9003400393032,false,פחית בירה הל שטיגל 5,,,פחית בירה הל שטיגל 5,מיליליטרים,500.00,"100 מ""ל",false,,8.90,0.0178,true,1,119655
9003402660088,false,בירה שטיגל גולדבראו,,,בירה שטיגל גולדבראו,מיליליטרים,500.00,"100 מ""ל",false,,8.90,0.0178,true,1,79405
9005835312626,false,קלרו 50 טבליות למדיח,יעקובי,,קלרו 50 טבליות למדיח,יחידה,0.00,יחידה,false,,45.90,0.0000,true,1,80143
9005835312640,false,קלרו 80 טבליות למדיח,יעקובי,,קלרו 80 טבליות למדיח,יחידה,0.00,יחידה,false,,64.90,0.0000,true,1,80148
9005835312718,false,קלרו פירמידה מלח אקו,יעקובי,,קלרו פירמידה מלח אקו,קילוגרמים,1.00,"ק""ג",false,,9.90,9.9000,true,1,80132
9005835312732,false,קלרו נוזל הברקה למדי,יעקובי,,קלרו נוזל הברקה למדי,מיליליטרים,500.00,"100 מ""ל",false,,9.90,0.0198,true,1,80130
9005835312756,false,קלרו נוזל לניקוי יסו,יעקובי,,קלרו נוזל לניקוי יסו,מיליליטרים,250.00,"100 מ""ל",false,,9.90,0.0396,true,1,80144
9005835313661,false,קלרו טבליות ניקוי וח,,,קלרו טבליות ניקוי וח,יחידה,0.00,יחידה,false,,29.90,0.0000,true,1,90427
9044400826861,false,סוכריות פז מילוי בננ,,,סוכריות פז מילוי בננ,גרמים,68.00,100 גרם,false,,8.90,0.1309,true,1,86665
9044400849105,false,סוכריות פז 10 מילוי,,,סוכריות פז 10 מילוי,גרמים,85.00,100 גרם,false,,13.90,0.1635,true,1,121289
9044400851672,false,סוכריות פז בטעם פירו,,,סוכריות פז בטעם פירו,גרמים,25.50,100 גרם,false,,12.00,0.4706,true,1,119989
9044400885578,false,סוכריות פז מילוי בטע,סוכריות פז,,סוכריות פז מילוי בטע,גרמים,82.00,100 גרם,false,,8.90,0.1085,true,1,121059
9044400885745,false,סוכריות פז דחוסות פי,,,סוכריות פז דחוסות פי,גרמים,25.50,100 גרם,false,,12.90,0.5059,true,1,122207
9044400885752,false,סוכריות פז דחוסות בט,,,סוכריות פז דחוסות בט,גרמים,25.50,100 גרם,false,,12.90,0.5059,true,1,122208
9120025834723,false,חטיף אוראו 120 גר מצ,,,חטיף אוראו 120 גר מצ,גרמים,120.00,100 גרם,false,,13.90,0.1158,true,1,121620
9120097310583,false,חטיף שוקו בננה מיניו,,,חטיף שוקו בננה מיניו,גרמים,108.00,100 גרם,false,,13.90,0.1287,true,1,121622
9310072028743,false,טים טם אוריגינל 200,,,טים טם אוריגינל 200,גרמים,200.00,100 גרם,false,,19.90,0.0995,true,1,62845
9310072028750,false,טים טם דאבל 200 גר',,,טים טם דאבל 200 גר',גרמים,200.00,100 גרם,false,,19.90,0.0995,true,1,62700
9310088007015,false,תחבושות פויז,,,תחבושות פויז,יחידה,0.00,יחידה,false,,19.90,0.0000,false,1,25584
9322969000015,false,פריכיות תירס - 150ג',,,פריכיות תירס - 150ג',גרמים,150.00,100 גרם,false,,14.90,0.0993,true,1,18799
9322969000022,false,פריכיות תירס - 150ג',,,פריכיות תירס - 150ג',גרמים,150.00,100 גרם,false,,14.90,0.0993,true,1,18800
9322969000039,false,פרכיות תירס עם ד,,,פרכיות תירס עם ד,גרמים,150.00,100 גרם,false,,14.90,0.0993,true,1,74798
9322969000046,false,פריכיות תירס אורגניו,,,פריכיות תירס אורגניו,גרמים,150.00,100 גרם,false,,13.90,0.0927,true,1,18778
9322969000053,false,פריכיות אורז חום,,,פריכיות אורז חום,גרמים,150.00,100 גרם,false,,14.90,0.0993,true,1,119351
9421018071508,false,מאד האוס סובניון בלא,,,מאד האוס סובניון בלא,מיליליטרים,750.00,"100 מ""ל",false,,50.00,0.0667,true,1,79617
9720107600019,false,כובע מצחיה,,,כובע מצחיה,יחידה,0.00,יחידה,false,,24.90,0.0000,true,1,29218
9720188050109,false,ממרח טופו טבעי 27%,משק צוריאל,,ממרח טופו טבעי 27%,גרמים,225.00,100 גרם,false,,19.90,0.0884,true,1,5043
9720188060108,false,ממרח טופו טבעי,משק צוריאל,,ממרח טופו טבעי,גרמים,340.00,100 גרם,false,,19.90,0.0585,true,1,5045
9770793914006,false,עיתון ג'רוזלם פוסט,,,עיתון ג'רוזלם פוסט,יחידה,0.00,יחידה,false,,22.00,0.0000,false,1,15293
9771565025005,false,סופהשבוע,,,סופהשבוע,יחידה,0.00,יחידה,false,,10.00,0.0000,false,1,23873
9771565039125,false,"""לאשה""",,,"""לאשה""",יחידה,0.00,יחידה,false,,21.90,0.0000,false,1,15051
9771565051066,false,"ידיעות אחרונות סופ""ש",,,"ידיעות אחרונות סופ""ש",יחידה,0.00,יחידה,false,,20.00,0.0000,false,1,15058
9771565290007,false,עיתון הארץ שישי,,,עיתון הארץ שישי,יחידה,0.00,יחידה,false,,33.00,0.0000,false,1,15306
