code,internal_code,name,manufacturer_name,manufacture_country,manufacturer_item_description,unit_qty,quantity,unit_of_measure,weighted,qty_in_package,price,unit_of_measure_price,allow_discount,status,item_id
10124350,false,צלי כתף מס' 5 קפוא א,בלדי,,צלי כתף מס' 5 קפוא א,קילוגרמים,1.00,"ק""ג",true,,52.90,52.9000,true,1,115609
12982170,false,בשר 5 צלי כתף חלק,,,בשר 5 צלי כתף חלק,קילוגרמים,1.00,"ק""ג",true,,73.90,73.9000,false,1,122954
17008172,false,שריר הזרוע מוכשר,,,שריר הזרוע מוכשר,קילוגרמים,1.00,"ק""ג",true,,37.90,37.9000,true,1,216760
30112902,false,נייר גילגול קטן,,,נייר גילגול קטן,יחידה,0.00,יחידה,false,,3.90,0.0000,true,1,150564
32123456,false,מטען,,,מטען,יחידה,0.00,יחידה,false,,27.90,0.0000,true,1,219114
32147230,false,מיץ לימון משומר 200מ,,,מיץ לימון משומר 200מ,יחידה,200.00,יחידה,false,,8.90,0.0445,true,1,116402
40084725,false,קינדר מילק סלייס עוג,,,קינדר מילק סלייס עוג,גרמים,28.00,100 גרם,false,,3.60,0.1286,true,1,217845
40099132,false,הובה בובה צ'אנק בטעם,,,הובה בובה צ'אנק בטעם,יחידה,0.00,יחידה,false,,3.00,0.0000,true,1,139368
40111216,false,חטיף באונטי קוקוס,באונטי,,חטיף באונטי קוקוס,גרמים,57.00,100 גרם,false,,4.00,0.0702,false,1,98337
40144016,false,סוכריות וורטר,שטורק,,סוכריות וורטר,גרמים,50.00,100 גרם,false,,3.50,0.0700,true,1,102011
40144061,false,קנופרס חטיף וופל,,,קנופרס חטיף וופל,גרמים,25.00,100 גרם,false,,3.00,0.1200,true,1,260906
40345123,false,סמרטיס-נסטלה עדשים,,,סמרטיס-נסטלה עדשים,גרמים,38.00,100 גרם,false,,3.70,0.0974,true,1,143272
40786179,false,לוונברואו בירה פחית,,,לוונברואו בירה פחית,מיליליטרים,500.00,"100 מ""ל",false,,9.90,0.0198,true,1,211623
42101666,false,מסטיק איירוייבז HP מ,,,מסטיק איירוייבז HP מ,גרמים,35.00,100 גרם,false,,5.90,0.1686,true,1,192863
42123866,false,מסטיק הובה בובה קלאס,הובה בובה,,מסטיק הובה בובה קלאס,גרמים,35.00,100 גרם,false,,3.00,0.0857,true,1,95260
42149996,false,בירה בקס,,,בירה בקס,יחידה,0.00,יחידה,false,,7.00,0.0000,true,1,189242
42299363,false,דאודורנט רול און ניו,ניואה,,דאודורנט רול און ניו,מיליליטרים,50.00,"100 מ""ל",false,,16.90,0.3380,true,1,198840
42306788,false,מסטיק איירוייבז HP א,,,מסטיק איירוייבז HP א,גרמים,35.00,100 גרם,false,,5.90,0.1686,true,1,192867
50204830,false,קוטל חרקים אוטן תרסי,,,קוטל חרקים אוטן תרסי,מיליליטרים,100.00,"100 מ""ל",false,,19.90,0.1990,true,1,107283
50409020,false,MRS ELSWOOD מלפפון ח,,,MRS ELSWOOD מלפפון ח,גרמים,360.00,100 גרם,false,,19.90,0.0553,true,1,147969
50409112,false,מלפפונים כידונים 670,,,מלפפונים כידונים 670,גרמים,670.00,100 גרם,false,,19.90,0.0297,true,1,150223
50409709,false,פרוסות מלפפון חמוץ,,,פרוסות מלפפון חמוץ,גרמים,540.00,100 גרם,false,,19.90,0.0369,true,1,201932
54051140,false,מעדן סויה וניל 1.9%,אלפרו,,מעדן סויה וניל 1.9%,יחידה,0.00,יחידה,false,,17.50,0.0000,true,1,111756
54051157,false,אלפרו מעדן סויה טעם,אלפרו,,אלפרו מעדן סויה טעם,יחידה,0.00,יחידה,false,,17.50,0.0000,true,1,111764
59039549,false,ווג פריזון מנטה,,,ווג פריזון מנטה,יחידה,0.00,יחידה,false,,37.00,0.0000,false,1,128201
59455240,false,ווג ליידי לילך,,,ווג ליידי לילך,יחידה,0.00,יחידה,false,,37.00,0.0000,false,1,134359
71111114,false,כבל הטענה תאורת לד I,,,כבל הטענה תאורת לד I,יחידה,0.00,יחידה,false,,29.90,0.0000,true,1,216833
72940754,false,מילקי וניל 6.5%,שטראוס,,מילקי וניל 6.5%,מיליליטרים,170.00,"100 מ""ל",false,,2.80,0.0165,true,1,95477
72940761,false,מילקי שוקו 7%,שטראוס,,מילקי שוקו 7%,מיליליטרים,170.00,"100 מ""ל",false,,2.80,0.0165,true,1,95478
72940952,false,מילקי פי 2 10%,שטראוס,,מילקי פי 2 10%,מיליליטרים,170.00,"100 מ""ל",false,,3.70,0.0218,true,1,95479
72940976,false,כרוב אדום אחלה,אחלה,,כרוב אדום אחלה,גרמים,250.00,100 גרם,false,,7.60,0.0304,true,1,95480
72940983,false,חומוס אחלה 250,אחלה,,חומוס אחלה 250,גרמים,250.00,100 גרם,false,,6.60,0.0264,true,1,95481
72941041,false,מילקי מיני שוקולד 7%,שטראוס,,מילקי מיני שוקולד 7%,גרמים,70.00,100 גרם,false,,2.00,0.0286,true,1,95482
72945308,false,קוביות שמרים 50,,,קוביות שמרים 50,גרמים,50.00,100 גרם,false,,3.70,0.0740,false,1,95483
72961209,false,שמנית 200 גר תנובה,,,שמנית 200 גר תנובה,גרמים,200.00,100 גרם,false,,2.40,0.0120,false,1,134822
72961506,false,פרילי תות 1.5%,תנובה חלב,,פרילי תות 1.5%,מיליליטרים,125.00,"100 מ""ל",false,,3.60,0.0288,true,1,96858
72961520,false,פרילי אננס 1.5%,תנובה חלב,,פרילי אננס 1.5%,מיליליטרים,125.00,"100 מ""ל",false,,3.60,0.0288,true,1,96860
72961544,false,"באדי תות 3% 125 מ""ל",תנובה חלב,,"באדי תות 3% 125 מ""ל",מיליליטרים,125.00,"100 מ""ל",false,,3.00,0.0240,true,1,96861
72963753,false,שמנת של פעם 27%,תנובה חלב,,שמנת של פעם 27%,מיליליטרים,200.00,"100 מ""ל",false,,4.40,0.0220,false,1,96868
72964132,false,טבעגורט 1.9% 200 גרם,תנובה חלב,,טבעגורט 1.9% 200 גרם,גרמים,200.00,100 גרם,false,,5.30,0.0265,true,1,96870
72986233,false,באדי 2% מהדרין וניל,תנובה חלב,,באדי 2% מהדרין וניל,גרמים,125.00,100 גרם,false,,3.00,0.0240,true,1,96872
72986240,false,באדי 2% שוקולד,תנובה חלב,,באדי 2% שוקולד,גרמים,125.00,100 גרם,false,,3.00,0.0240,true,1,96873
72986370,false,בן אנד ג'ריס גלידת ו,בן אנד ג'ריס,,בן אנד ג'ריס גלידת ו,מיליליטרים,500.00,"100 מ""ל",false,,18.90,0.0378,false,1,102599
72986424,false,בן אנד ג'ריס לידת קר,בן אנד ג'ריס,,בן אנד ג'ריס לידת קר,מיליליטרים,500.00,"100 מ""ל",false,,18.90,0.0378,true,1,102600
72986448,false,בן אנד ג'ריס גלידת ט,בן אנד ג'ריס,,בן אנד ג'ריס גלידת ט,מיליליטרים,500.00,"100 מ""ל",false,,18.90,0.0378,true,1,102601
72986455,false,בן אנד ג'ריס ניו יור,בן אנד ג'ריס,,בן אנד ג'ריס ניו יור,מיליליטרים,500.00,"100 מ""ל",false,,18.90,0.0378,true,1,102602
72989425,false,גלידת בראוניס,בן אנד ג'ריס,,גלידת בראוניס,יחידה,500.00,יחידה,false,,18.90,0.0378,true,1,115022
72991374,false,סיגריות טיים,,,סיגריות טיים,יחידה,0.00,יחידה,false,,29.00,0.0000,false,1,101880
72991381,false,סיגריות טיים ארו,,,סיגריות טיים ארו,יחידה,0.00,יחידה,false,,29.00,0.0000,false,1,101881
72991497,false,סיגריות נובלס,,,סיגריות נובלס,יחידה,0.00,יחידה,false,,29.00,0.0000,false,1,101890
72991886,false,בן וג'ריס ריבת חלב,בן אנד ג'ריס,,בן וג'ריס ריבת חלב,מיליליטרים,500.00,"100 מ""ל",false,,18.90,0.0378,true,1,102604
72993637,false,דני שוקולד בודד 1.5%,שטראוס,,דני שוקולד בודד 1.5%,מיליליטרים,125.00,"100 מ""ל",false,,2.60,0.0208,true,1,115215
72994061,false,פסק זמן טו גוד שוקול,עלית,,פסק זמן טו גוד שוקול,גרמים,36.00,100 גרם,false,,5.00,0.1389,true,1,199089
80001089,false,לואקר שוקולד מריר 50,לואקר,,לואקר שוקולד מריר 50,גרמים,50.00,100 גרם,false,,5.90,0.1180,true,1,200520
80042556,false,MUTTI עגבניות חתוכות,,,MUTTI עגבניות חתוכות,יחידה,0.00,יחידה,false,,16.90,0.0000,true,1,147302
80042563,false,רסק עגבניות איטלקי M,,,רסק עגבניות איטלקי M,גרמים,720.00,100 גרם,false,,11.90,0.0165,true,1,112562
80050278,false,חטיף רושר,רושר,,חטיף רושר,יחידה,0.00,יחידה,false,,5.50,0.0000,true,1,102029
80052760,false,חטיף קינדר בואנו 43,פררו,,חטיף קינדר בואנו 43,גרמים,43.00,100 גרם,false,,3.90,0.0907,true,1,102032
80052883,false,סוכריות טיק טק מנטה,,,סוכריות טיק טק מנטה,יחידה,0.00,יחידה,false,,3.50,0.0000,true,1,217683
80083665,false,גנדולה עוגיות אורגני,,,גנדולה עוגיות אורגני,גרמים,250.00,100 גרם,false,,13.90,0.0556,true,1,215388
80083696,false,גנדולה עוגיות דגנים,,,גנדולה עוגיות דגנים,גרמים,250.00,100 גרם,false,,13.90,0.0556,true,1,215389
80083764,false,גנדולה עוגיות דגנים,,,גנדולה עוגיות דגנים,גרמים,250.00,100 גרם,false,,13.90,0.0556,true,1,215390
80136194,false,הפי היפו וויט חמישיי,,,הפי היפו וויט חמישיי,גרמים,103.50,100 גרם,false,,12.90,0.1246,true,1,200505
80176800,false,ממרח נוטלה 750 גרם,פררו,,ממרח נוטלה 750 גרם,גרמים,750.00,100 גרם,false,,25.90,0.0345,false,1,102033
80177173,false,ממרח נוטלה 350 גרם,פררו,,ממרח נוטלה 350 גרם,גרמים,350.00,100 גרם,false,,13.90,0.0397,false,1,102034
80177616,false,אצבעות שוקולד קינדר,פררו,,אצבעות שוקולד קינדר,גרמים,100.00,100 גרם,false,,7.90,0.0790,false,1,102037
80310167,false,קינדר מקסי שישייה,פררו,,קינדר מקסי שישייה,יחידה,0.00,יחידה,false,,9.90,0.0000,true,1,209346
80310891,false,ביצת קינדר ג'וי,פררו,,ביצת קינדר ג'וי,גרמים,20.00,100 גרם,false,,5.90,0.2950,true,1,102039
80761761,false,חטיף קינדר בואנו לבן,פררו,,חטיף קינדר בואנו לבן,גרמים,43.00,100 גרם,false,,3.90,0.0907,true,1,130275
80769545,false,מנטוס מסטיק בקבוק מע,,,מנטוס מסטיק בקבוק מע,גרמים,60.00,100 גרם,false,,9.90,0.1650,true,1,203286
80773429,false,מסטיק מנטוס תות,,,מסטיק מנטוס תות,גרמים,60.00,100 גרם,false,,9.90,0.1650,true,1,201693
80773443,false,מנטוס מסטיק בקבוק מע,,,מנטוס מסטיק בקבוק מע,גרמים,60.00,100 גרם,false,,9.90,0.1650,true,1,197636
80790990,false,מנטוס מסטיק בקבוק מע,,,מנטוס מסטיק בקבוק מע,גרמים,60.00,100 גרם,false,,9.90,0.1650,true,1,197637
80831402,false,סוכריות מנטוס מנטה ע,,,סוכריות מנטוס מנטה ע,גרמים,21.00,100 גרם,false,,5.90,0.2810,true,1,211886
80843184,false,מסטיק מנטוס ענבים בק,,,מסטיק מנטוס ענבים בק,גרמים,60.00,100 גרם,false,,9.90,0.1650,true,1,219566
80854753,false,סוכריות מנטוס מנטה ל,,,סוכריות מנטוס מנטה ל,גרמים,21.00,100 גרם,false,,5.90,0.2810,true,1,211887
80862260,false,מסטיק מנטוס XXL טעם,,,מסטיק מנטוס XXL טעם,גרמים,150.00,100 גרם,false,,17.90,0.1193,true,1,262655
80864059,false,גרדנה חמאת בוטנים 38,לואקר,,גרדנה חמאת בוטנים 38,גרמים,38.00,100 גרם,false,,3.90,0.1026,true,1,263434
80864295,false,מנטוס פיור וויט מנטה,,,מנטוס פיור וויט מנטה,גרמים,60.00,100 גרם,false,,9.90,0.1650,true,1,259841
80887744,false,מנטוס פיורפרש מנטה,,,מנטוס פיורפרש מנטה,גרמים,28.00,100 גרם,false,,5.90,0.2107,true,1,262853
80896081,false,מסטיק מנטוס אבטיח,,,מסטיק מנטוס אבטיח,יחידה,0.00,יחידה,false,,9.90,0.0000,true,1,201632
80913467,false,מנטוס מסטיק בקבוק מע,,,מנטוס מסטיק בקבוק מע,גרמים,60.00,100 גרם,false,,9.90,0.1650,true,1,197638
80929277,false,מסטיק מנטוס XXL טעם,,,מסטיק מנטוס XXL טעם,גרמים,150.00,100 גרם,false,,17.90,0.1193,true,1,262807
80945468,false,מנטוס פיור וויט מנטה,,,מנטוס פיור וויט מנטה,גרמים,60.00,100 גרם,false,,9.90,0.1650,true,1,259842
80954521,false,מנטוס מסטיק פיור פרש,,,מנטוס מסטיק פיור פרש,גרמים,28.00,100 גרם,false,,3.90,0.1393,true,1,216255
80977070,false,מנטוס מסטיק פיור פרש,,,מנטוס מסטיק פיור פרש,גרמים,28.00,100 גרם,false,,3.90,0.1393,true,1,216256
80977278,false,מנטוס פיורפרש באבלפר,,,מנטוס פיורפרש באבלפר,גרמים,28.00,100 גרם,false,,5.90,0.2107,true,1,262854
80979128,false,מסטיק דובדבן בקבוק מ,,,מסטיק דובדבן בקבוק מ,גרמים,60.00,100 גרם,false,,9.90,0.1650,true,1,219567
80982470,false,מנטוס מסטיק פיור פרו,,,מנטוס מסטיק פיור פרו,גרמים,60.00,100 גרם,false,,9.90,0.1650,true,1,217729
80986348,false,מנטוס פיור וויט מנטה,,,מנטוס פיור וויט מנטה,גרמים,60.00,100 גרם,false,,9.90,0.1650,true,1,259843
80995128,false,מנטוס מסטיק בטעם הדר,,,מנטוס מסטיק בטעם הדר,גרמים,60.00,100 גרם,false,,9.90,0.1650,true,1,264569
87108538,false,מנטוס תות,פרפטי ואן מלה,,מנטוס תות,גרמים,37.50,100 גרם,false,,2.90,0.0773,true,1,113703
87108651,false,מנטוס מנטה רביעי,פרפטי ואן מלה,,מנטוס מנטה רביעי,יחידה,0.00,יחידה,false,,10.90,0.0000,false,1,102047
87108712,false,מנטוס פירות רביע,פרפטי ואן מלה,,מנטוס פירות רביע,גרמים,150.00,100 גרם,false,,10.90,0.0727,true,1,102048
87311396,false,מנטוס ריינבואו בודד,,,מנטוס ריינבואו בודד,גרמים,37.50,100 גרם,false,,2.90,0.0773,true,1,139193
87354041,false,מנטוס גליל דובדבן,,,מנטוס גליל דובדבן,גרמים,37.50,100 גרם,false,,2.90,0.0773,true,1,218206
90162602,false,רד בול משקה,רד בול,,רד בול משקה,יחידה,0.00,יחידה,false,,5.90,0.0000,true,1,98344
90446269,false,רד בול אבטיח,,,רד בול אבטיח,מיליליטרים,250.00,"100 מ""ל",false,,5.90,0.0236,true,1,218604
90448867,false,רד בול ללא פחמימות 2,,,רד בול ללא פחמימות 2,מיליליטרים,250.00,"100 מ""ל",false,,5.90,0.0236,true,1,262550
90453427,false,רד בול פיטאיה משקה א,,,רד בול פיטאיה משקה א,מיליליטרים,250.00,"100 מ""ל",false,,5.90,0.0236,true,1,262551
96033531,false,דאב רולאון רימונים,דאב,,דאב רולאון רימונים,מיליליטרים,50.00,"100 מ""ל",false,,16.90,0.3380,true,1,212265
1250120342,false,פסטה פוזילי מס' 34,,,פסטה פוזילי מס' 34,גרמים,500.00,100 גרם,false,,9.90,0.0198,true,1,136666
1250152336,false,פסטה דה צ'קו פטו,,,פסטה דה צ'קו פטו,גרמים,500.00,100 גרם,false,,13.90,0.0278,true,1,196741
4715020755,false,קישוטי עוגה פרינסס,,,קישוטי עוגה פרינסס,גרמים,75.00,100 גרם,false,,12.90,0.1720,true,1,121212
8112100298,false,שמן שומשום,מזרח ומערב,,שמן שומשום,יחידה,185.00,יחידה,false,,16.90,0.0914,true,1,121509
8421368433,false,בובת עיניים גדולות ג,,,בובת עיניים גדולות ג,יחידה,0.00,יחידה,false,,24.90,0.0000,true,1,207709
9073102314,false,סורבה שרונס קוקוס,,,סורבה שרונס קוקוס,יחידה,385.00,יחידה,false,,18.90,0.0491,true,1,147321
9915001227,false,פסטה מקמח תירס,,,פסטה מקמח תירס,יחידה,0.00,יחידה,false,,12.90,0.0000,true,1,140042
10900678148,false,דיאמונד רדיד אלומיני,,,דיאמונד רדיד אלומיני,יחידה,0.00,יחידה,false,,15.90,0.0000,true,1,261001
11182170603,false,שעועית חמאה,,,שעועית חמאה,גרמים,439.00,100 גרם,false,,12.50,0.0285,true,1,193677
11182700916,false,שעועית לבנה צפונית,,,שעועית לבנה צפונית,גרמים,439.00,100 גרם,false,,9.90,0.0226,true,1,135111
11182700923,false,שעועית אדומה בהירה,,,שעועית אדומה בהירה,גרמים,439.00,100 גרם,false,,9.90,0.0226,true,1,135048
11182700954,false,שעועית שחורה 439 גר',,,שעועית שחורה 439 גר',גרמים,454.00,100 גרם,false,,9.90,0.0218,true,1,127360
11210000094,false,TABASCO טבסקו רוטב פ,,,TABASCO טבסקו רוטב פ,מיליליטרים,60.00,"100 מ""ל",false,,11.00,0.1833,true,1,98275
11210006508,false,רוטב טבסקו הבאנר,,,רוטב טבסקו הבאנר,יחידה,60.00,יחידה,false,,14.90,0.2483,true,1,111803
11210007253,false,TABASCO רוטב טבסקו ש,,,TABASCO רוטב טבסקו ש,מיליליטרים,60.00,"100 מ""ל",false,,11.00,0.1833,true,1,111054
11210009387,false,TABASCO רוטב טבסקו פ,,,TABASCO רוטב טבסקו פ,יחידה,60.00,יחידה,false,,11.00,0.1833,true,1,100282
11210607040,false,טבסקו צ'יפוטלי,,,טבסקו צ'יפוטלי,יחידה,60.00,יחידה,false,,11.00,0.1833,true,1,125118
11210618503,false,טבסקו פלפל סקורפיון,,,טבסקו פלפל סקורפיון,מיליליטרים,60.00,"100 מ""ל",false,,13.90,0.2317,true,1,212003
11210698055,false,טבסקו סיראגה חריף 56,,,טבסקו סיראגה חריף 56,מיליליטרים,566.00,"100 מ""ל",false,,25.90,0.0458,true,1,199759
12300119139,false,פקט וינסטון כחול בוק,,,פקט וינסטון כחול בוק,יחידה,0.00,יחידה,false,,310.00,0.0000,false,1,110997
13409128442,false,רוטב בופלו לכנפיים,,,רוטב בופלו לכנפיים,מיליליטרים,473.00,"100 מ""ל",false,,23.90,0.0505,true,1,215279
13409341155,false,רוטב ברביקיו בטעם מע,,,רוטב ברביקיו בטעם מע,גרמים,510.00,100 גרם,false,,21.90,0.0429,true,1,166214
13409351000,false,רוטב ברביקיו בטעם מע,,,רוטב ברביקיו בטעם מע,גרמים,510.00,100 גרם,false,,21.90,0.0429,true,1,166215
13409918104,false,רוטב ברביקיו בטעם מע,,,רוטב ברביקיו בטעם מע,גרמים,510.00,100 גרם,false,,21.90,0.0429,true,1,166216
16000185517,false,פייבר וואן 555 גר,,,פייבר וואן 555 גר,גרמים,555.00,100 גרם,false,,26.90,0.0485,false,1,260615
16000281684,false,שיבולת שועל פקאן 10x,ג'נרל מילס,,שיבולת שועל פקאן 10x,גרמים,210.00,100 גרם,false,,19.00,0.0905,false,1,115882
16000423534,false,שיבולת שועל קינמון 1,ג'נרל מילס,,שיבולת שועל קינמון 1,גרמים,210.00,100 גרם,false,,19.00,0.0905,false,1,128878
16000548404,false,שיבולת שועל בדבש ניי,ג'נרל מילס,,שיבולת שועל בדבש ניי,גרמים,210.00,100 גרם,false,,19.00,0.0905,false,1,102057
16000548503,false,שיבולת שועל נייצ'ר ו,ג'נרל מילס,,שיבולת שועל נייצ'ר ו,גרמים,210.00,100 גרם,false,,19.00,0.0905,false,1,102059
16000548602,false,שיבולת שועל קינמון 1,ג'נרל מילס,,שיבולת שועל קינמון 1,גרמים,210.00,100 גרם,false,,19.00,0.0905,false,1,102061
16000548909,false,שיבולת שועל חמאת בוט,ג'נרל מילס,,שיבולת שועל חמאת בוט,גרמים,210.00,100 גרם,false,,19.00,0.0905,false,1,102063
16229909819,false,קרם קוקוס 1 ליטר,,,קרם קוקוס 1 ליטר,ליטרים,1.00,ליטר,false,,21.90,21.9000,true,1,205840
16229918354,false,ארוי די רוטב קארי אד,,,ארוי די רוטב קארי אד,מיליליטרים,250.00,"100 מ""ל",false,,9.90,0.0396,true,1,260525
16229924263,false,"קרם קוקוס 250 מ""ל",,,"קרם קוקוס 250 מ""ל",מיליליטרים,250.00,"100 מ""ל",false,,9.50,0.0380,true,1,200884
16500980322,false,כרית פלדה אס או א,,,כרית פלדה אס או א,יחידה,0.00,יחידה,false,,14.90,0.0000,true,1,94704
17252502244,false,סירופ פנקייק,,,סירופ פנקייק,יחידה,709.00,יחידה,false,,18.90,0.0267,true,1,120398
18000701223,false,תערובת לעוגת שוק,,,תערובת לעוגת שוק,גרמים,550.00,100 גרם,false,,17.90,0.0325,true,1,102066
18000703494,false,תערובת לעוגה וני,,,תערובת לעוגה וני,גרמים,500.00,100 גרם,false,,17.90,0.0358,true,1,102067
18000703517,false,תערובת לעוגת שיש,,,תערובת לעוגת שיש,גרמים,550.00,100 גרם,false,,17.90,0.0325,true,1,102068
18000766413,false,תערובת בראוניס,,,תערובת בראוניס,גרמים,550.00,100 גרם,false,,17.90,0.0325,true,1,102069
21200013393,false,גליל דבק דו צדדי ספו,,,גליל דבק דו צדדי ספו,יחידה,0.00,יחידה,false,,29.90,0.0000,true,1,189938
21200471032,false,דבק דו צדדי חזק במיו,,,דבק דו צדדי חזק במיו,יחידה,0.00,יחידה,false,,26.90,0.0000,true,1,193831
21200492891,false,גליל ניירות דביק,,,גליל ניירות דביק,יחידה,0.00,יחידה,false,,16.90,0.0000,true,1,110899
21200493720,false,סקוטש ברייט גליל ניי,,,סקוטש ברייט גליל ניי,יחידה,0.00,יחידה,false,,16.90,0.0000,true,1,263052
21200513152,false,ספוג קרצוף שלישיה,,,ספוג קרצוף שלישיה,יחידה,0.00,יחידה,false,,15.90,0.0000,true,1,128223
21200572357,false,שלישיית ספוגי קרצוף,,,שלישיית ספוגי קרצוף,יחידה,0.00,יחידה,false,,15.90,0.0000,true,1,121189
22224200820,false,ליקריץ אדום אוסטרלי,,,ליקריץ אדום אוסטרלי,גרמים,114.00,100 גרם,false,,11.90,0.1044,true,1,201180
22224200837,false,ליקריץ שחור אוסטרלי,,,ליקריץ שחור אוסטרלי,גרמים,114.00,100 גרם,false,,11.90,0.1044,true,1,193852
23535995955,false,ממרח ווניל טבעי 60 מ,,,ממרח ווניל טבעי 60 מ,מיליליטרים,60.00,"100 מ""ל",false,,49.90,0.8317,true,1,216239
24000335238,false,דבשה מולסה טבעית,,,דבשה מולסה טבעית,גרמים,500.00,100 גרם,false,,25.90,0.0518,true,1,195477
24100226429,false,קרקר צ'יז היט אוריג',,,קרקר צ'יז היט אוריג',גרמים,127.00,100 גרם,false,,8.90,0.0701,true,1,198230
25638710022,false,תמצית וניל 59ג',,,תמצית וניל 59ג',יחידה,0.00,יחידה,false,,49.90,0.0000,true,1,139691
25675120006,false,חמצוצים 4 טעמים טבעי,חמצוצים,,חמצוצים 4 טעמים טבעי,גרמים,100.00,100 גרם,false,,9.90,0.0990,true,1,135922
25675120037,false,מקלות חמוצים תות,,,מקלות חמוצים תות,גרמים,100.00,100 גרם,false,,8.90,0.0890,true,1,104374
25675120044,false,מקלות חמוצים,,,מקלות חמוצים,גרמים,100.00,100 גרם,false,,8.90,0.0890,true,1,104375
25675120068,false,מקלות חמוצים,,,מקלות חמוצים,גרמים,100.00,100 גרם,false,,8.90,0.0890,true,1,104376
25675121034,false,חמצוצים רחב תות,חמצוצים,,חמצוצים רחב תות,גרמים,115.00,100 גרם,false,,9.90,0.0861,true,1,124156
25675121041,false,חמצוצים רחב פטל,חמצוצים,,חמצוצים רחב פטל,גרמים,115.00,100 גרם,false,,9.90,0.0861,true,1,124157
25675121058,false,"חמצוצים רחב תפו""ע",חמצוצים,,"חמצוצים רחב תפו""ע",גרמים,115.00,100 גרם,false,,9.90,0.0861,true,1,124158
25675301108,false,מקלות חמוצים,,,מקלות חמוצים,גרמים,50.00,100 גרם,false,,4.90,0.0980,true,1,104378
25675301153,false,מקלות חמוצים 50גר',,,מקלות חמוצים 50גר',גרמים,50.00,100 גרם,false,,4.90,0.0980,true,1,104379
25675301184,false,מקלות חמוצות טעם,,,מקלות חמוצות טעם,גרמים,50.00,100 גרם,false,,4.90,0.0980,true,1,104380
25675301207,false,מקלות חמוצות 50,,,מקלות חמוצות 50,גרמים,50.00,100 גרם,false,,4.90,0.0980,true,1,104381
25700005674,false,זיפלוק שקיות אחסון ס,,,זיפלוק שקיות אחסון ס,יחידה,0.00,יחידה,false,,16.90,0.0000,true,1,215006
25700005681,false,זיפלוק שקיות אחסון ס,,,זיפלוק שקיות אחסון ס,יחידה,0.00,יחידה,false,,16.90,0.0000,true,1,215007
25700005698,false,זיפלוק שקיות אחסון ב,,,זיפלוק שקיות אחסון ב,יחידה,0.00,יחידה,false,,13.90,0.0000,true,1,215002
27000390146,false,האנט רוטב עגבניות,,,האנט רוטב עגבניות,גרמים,425.00,100 גרם,false,,9.90,0.0233,true,1,121392
29424000687,false,גלילי וופל אגוז 100,מנעמים,,גלילי וופל אגוז 100,גרמים,100.00,100 גרם,false,,4.00,0.0400,true,1,134969
29801025203,false,בלגיאן באטר וופלס,,,בלגיאן באטר וופלס,גרמים,200.00,100 גרם,false,,14.90,0.0745,true,1,123910
30000315958,false,קוואקר פרוטאין בננה,,,קוואקר פרוטאין בננה,גרמים,366.00,100 גרם,false,,23.90,0.0653,true,1,207329
30000315989,false,קוואקר פרוטאין חמוצי,,,קוואקר פרוטאין חמוצי,גרמים,372.00,100 גרם,false,,23.90,0.0642,true,1,207330
30100472414,false,קרקר סנדוויץ' עם צ'ד,,,קרקר סנדוויץ' עם צ'ד,גרמים,311.00,100 גרם,false,,21.90,0.0704,true,1,185786
30100487180,false,קרקר סנדויץ קיבלר צא,,,קרקר סנדויץ קיבלר צא,גרמים,311.00,100 גרם,false,,21.90,0.0704,true,1,209049
31290140107,false,שוקולד גודייבה 72%,,,שוקולד גודייבה 72%,גרמים,90.00,100 גרם,false,,14.50,0.1611,true,1,213566
31290140176,false,שוקולד גודייבה מריר,,,שוקולד גודייבה מריר,גרמים,90.00,100 גרם,false,,14.50,0.1611,true,1,213567
31290140190,false,שוקולד גודייבה מריר,,,שוקולד גודייבה מריר,גרמים,90.00,100 גרם,false,,14.50,0.1611,true,1,213568
31290140237,false,שוקולד חלב גודייבה,,,שוקולד חלב גודייבה,גרמים,90.00,100 גרם,false,,14.50,0.1611,true,1,213569
33200140702,false,דפים למייבש כביסה,,,דפים למייבש כביסה,יחידה,0.00,יחידה,false,,26.90,0.0000,true,1,127318
33200147701,false,דפים למייבש כביסה,,,דפים למייבש כביסה,יחידה,0.00,יחידה,false,,26.90,0.0000,true,1,94740
33617000026,false,ואזה מקמח מלא 260 גר,,,ואזה מקמח מלא 260 גר,גרמים,260.00,100 גרם,false,,16.90,0.0650,true,1,144271
33617322616,false,ואזה-פת פריכה קלה מק,,,ואזה-פת פריכה קלה מק,גרמים,270.00,100 גרם,false,,16.90,0.0626,true,1,138632
33617340610,false,ואזה מקמח שיפון,,,ואזה מקמח שיפון,גרמים,275.00,100 גרם,false,,16.90,0.0615,true,1,137735
34000148301,false,הרשי נטיפי שוקולד מר,,,הרשי נטיפי שוקולד מר,גרמים,340.00,100 גרם,false,,17.90,0.0526,true,1,197865
34000196173,false,הרשי קוקיס קרם טבלה,,,הרשי קוקיס קרם טבלה,גרמים,113.00,100 גרם,false,,7.90,0.0699,true,1,188167
34000312177,false,סירופ הרשי שוקולד,,,סירופ הרשי שוקולד,יחידה,680.00,יחידה,false,,17.90,0.0263,true,1,145554
34000442652,false,ריזס טבלה XL,,,ריזס טבלה XL,גרמים,120.00,100 גרם,false,,7.90,0.0658,true,1,188168
34000446001,false,ריזס מיניס עטופים,,,ריזס מיניס עטופים,יחידה,0.00,יחידה,false,,9.40,0.0000,true,1,145469
34000470228,false,סוכריות ריזס מיני הר,,,סוכריות ריזס מיני הר,גרמים,70.00,100 גרם,false,,5.90,0.0843,true,1,145224
34000470563,false,ריסז מיניס באריזה מש,,,ריסז מיניס באריזה מש,גרמים,215.00,100 גרם,false,,17.90,0.0833,true,1,208286
34000544028,false,לקריץ תות שדה,,,לקריץ תות שדה,גרמים,198.00,100 גרם,false,,7.20,0.0364,true,1,94741
34000544431,false,טוויזלרס דובדבן 172,,,טוויזלרס דובדבן 172,גרמים,172.00,100 גרם,false,,7.90,0.0459,true,1,213898
34000996643,false,הרשי דרופס באריזה מש,,,הרשי דרופס באריזה מש,גרמים,215.00,100 גרם,false,,17.90,0.0833,true,1,208287
36000183399,false,"האגיס בגד ים 7-15 ק""",האגיס,,"האגיס בגד ים 7-15 ק""",יחידה,0.00,יחידה,false,,32.90,0.0000,false,1,102816
37290016565,false,חסה משי,,,חסה משי,יחידה,0.00,יחידה,false,,11.50,0.0000,true,1,213572
37600207188,false,חמאת בוטנים סקיפי קל,,,חמאת בוטנים סקיפי קל,גרמים,462.00,100 גרם,false,,18.90,0.0409,false,1,149286
37600207256,false,סקיפי שברי בוטנים,,,סקיפי שברי בוטנים,גרמים,462.00,100 גרם,false,,18.90,0.0409,false,1,149287
37600207287,false,סקיפי עם דבש 462 גר,,,סקיפי עם דבש 462 גר,גרמים,462.00,100 גרם,false,,18.90,0.0409,true,1,199074
37600297943,false,מטבל סלסה חריפה,,,מטבל סלסה חריפה,גרמים,439.00,100 גרם,false,,19.90,0.0453,true,1,264575
37600297967,false,סלסה מטבל עגבניות בח,,,סלסה מטבל עגבניות בח,גרמים,439.00,100 גרם,false,,19.90,0.0453,true,1,264576
37977005288,false,מוצצים קריסטל 6+ בני,,,מוצצים קריסטל 6+ בני,יחידה,0.00,יחידה,false,,34.90,0.0000,true,1,194182
37977005455,false,מחזיק מוצץ בנים,,,מחזיק מוצץ בנים,יחידה,0.00,יחידה,false,,24.90,0.0000,true,1,189722
37977050059,false,מוצצים 0-2 סיליקון ב,,,מוצצים 0-2 סיליקון ב,יחידה,0.00,יחידה,false,,34.90,0.0000,true,1,187771
38000138638,false,פרינגלס פיצה 158 גר,,,פרינגלס פיצה 158 גר,גרמים,158.00,100 גרם,false,,8.90,0.0563,true,1,196734
38000138720,false,פרינגלס ראנץ',,,פרינגלס ראנץ',גרמים,158.00,100 גרם,false,,8.90,0.0563,true,1,203171
38000169663,false,פרינגלס אורגינל,,,פרינגלס אורגינל,גרמים,194.00,100 גרם,false,,10.90,0.0562,true,1,214769
38000183928,false,פרינגלס דבש וחרדל 15,,,פרינגלס דבש וחרדל 15,גרמים,158.00,100 גרם,false,,8.90,0.0563,true,1,217237
38000197840,false,פרינגלס גלי בטעם חרי,,,פרינגלס גלי בטעם חרי,גרמים,137.00,100 גרם,false,,8.90,0.0650,true,1,214889
38000202278,false,פרינגלס גלי בטעם אור,,,פרינגלס גלי בטעם אור,גרמים,130.00,100 גרם,false,,8.90,0.0685,true,1,214890
38000232152,false,פרינגלס ביג ברביקיו,,,פרינגלס ביג ברביקיו,גרמים,158.00,100 גרם,false,,8.90,0.0563,true,1,210939
38000232176,false,פרינגלס ביג שמנת בצל,,,פרינגלס ביג שמנת בצל,גרמים,158.00,100 גרם,false,,8.90,0.0563,true,1,210937
38000232183,false,פרינגלס ביג אורגינל,,,פרינגלס ביג אורגינל,גרמים,149.00,100 גרם,false,,8.90,0.0597,true,1,210938
38527591053,false,דגני בוקר קואקר מרוב,קוואקר,,דגני בוקר קואקר מרוב,גרמים,453.00,100 גרם,false,,19.90,0.0439,false,1,136042
38527591060,false,דגני בוקר מרובעים 41,,,דגני בוקר מרובעים 41,גרמים,412.00,100 גרם,false,,19.90,0.0483,false,1,136414
38900779238,false,מיץ אננס רביעייה דול,אלסקה,,מיץ אננס רביעייה דול,ליטרים,1.00,ליטר,false,,15.90,15.9000,true,1,122413
39000008006,false,טאקו מקסיקני,,,טאקו מקסיקני,יחידה,0.00,יחידה,false,,19.90,0.0000,true,1,188305
39000008051,false,אורטגה-טאקו עם רוטב,,,אורטגה-טאקו עם רוטב,גרמים,283.00,100 גרם,false,,29.90,0.1057,true,1,139475
39000008204,false,אורטגה תבלין לטאקו,,,אורטגה תבלין לטאקו,גרמים,35.00,100 גרם,false,,9.90,0.2829,true,1,194628
39000008907,false,רוטב טאקו ללא גלוטן,,,רוטב טאקו ללא גלוטן,גרמים,226.00,100 גרם,false,,16.90,0.0748,true,1,204965
39000010351,false,אורטגה-פלפלים חריפים,,,אורטגה-פלפלים חריפים,גרמים,354.00,100 גרם,false,,16.90,0.0477,true,1,186961
39047001152,false,עוגיות חמאה אצבע,,,עוגיות חמאה אצבע,גרמים,150.00,100 גרם,false,,17.50,0.1167,true,1,106543
40000513568,false,סוכריות אם אנד אם 15,,,סוכריות אם אנד אם 15,גרמים,155.90,100 גרם,false,,11.90,0.0763,true,1,197842
40000513629,false,סוכריות אם אנד אם 14,,,סוכריות אם אנד אם 14,גרמים,141.70,100 גרם,false,,11.90,0.0840,true,1,197844
40000514480,false,סוכריות אם אנד אם 48,,,סוכריות אם אנד אם 48,גרמים,48.00,100 גרם,false,,4.90,0.1021,true,1,195028
40000514510,false,סוכריות אם אנד אם פי,,,סוכריות אם אנד אם פי,גרמים,49.00,100 גרם,false,,4.90,0.1000,true,1,193866
40002035648,false,פרסים רמה 4,,,פרסים רמה 4,יחידה,0.00,יחידה,false,,11.00,0.0000,true,1,95328
41152282012,false,רוטב קרנברי שלם,,,רוטב קרנברי שלם,גרמים,454.00,100 גרם,false,,12.90,0.0284,true,1,212258
41390001079,false,רוטב סויה דל נתרן 44,,,רוטב סויה דל נתרן 44,מיליליטרים,444.00,"100 מ""ל",false,,19.90,0.0448,true,1,150360
41390001451,false,רוטב סויה קיקומן 1.2,,,רוטב סויה קיקומן 1.2,ליטרים,1.20,ליטר,false,,39.90,33.2500,true,1,100545
41390010309,false,"רוטב טריאקי 444 מ""ל",,,"רוטב טריאקי 444 מ""ל",מיליליטרים,444.00,"100 מ""ל",false,,19.90,0.0448,true,1,150419
41500000428,false,חרדל חום חריף,,,חרדל חום חריף,גרמים,340.00,100 גרם,false,,17.90,0.0526,true,1,209528
41501008034,false,טאקו מקסיקני ללא גלו,,,טאקו מקסיקני ללא גלו,גרמים,140.00,100 גרם,false,,19.90,0.1421,true,1,150649
41570113066,false,חלב שקדים בלו דיאמונ,,,חלב שקדים בלו דיאמונ,ליטרים,1.00,ליטר,false,,18.90,18.9000,true,1,204448
42400108153,false,דגני תותי פרוטי פוסט,,,דגני תותי פרוטי פוסט,גרמים,354.00,100 גרם,false,,21.90,0.0619,true,1,215795
43427011501,false,ליברס רוטב סרירצה,,,ליברס רוטב סרירצה,גרמים,454.00,100 גרם,false,,21.90,0.0482,true,1,264460
44600002217,false,כלורקס משחרר סתי,,,כלורקס משחרר סתי,יחידה,946.00,יחידה,false,,27.90,0.0295,true,1,94744
44600008899,false,כלורקס פורמולה 409 מ,,,כלורקס פורמולה 409 מ,מיליליטרים,946.00,"100 מ""ל",false,,21.90,0.0232,true,1,214345
46214372250,false,עוגיות שטרודל פר,MERBA,,עוגיות שטרודל פר,גרמים,225.00,100 גרם,false,,8.90,0.0396,true,1,111743
46214382259,false,עוגיות בראוניס,MERBA,,עוגיות בראוניס,גרמים,225.00,100 גרם,false,,8.90,0.0396,true,1,107295
46214731552,false,עוגיות שוקולד צ'יפס,MERBA,,עוגיות שוקולד צ'יפס,גרמים,225.00,100 גרם,false,,8.90,0.0396,true,1,107296
48256214758,false,אסטוניש אבקת הפל,יעקובי אסטוניש,,אסטוניש אבקת הפל,קילוגרמים,1.00,"ק""ג",false,,25.90,25.9000,true,1,103316
50000015474,false,פריקסקיז פירות ים,פריסקיז,,פריקסקיז פירות ים,קילוגרמים,1.40,"ק""ג",false,,37.90,27.0714,true,1,216776
50000100347,false,פריסקיז מעדני החתול,פריסקיז,,פריסקיז מעדני החתול,קילוגרמים,1.40,"ק""ג",false,,37.90,27.0714,true,1,93554
50000168583,false,פריסקיז אקסטרא קראנץ,פריסקיז,,פריסקיז אקסטרא קראנץ,קג,1.43,קג,false,,37.90,26.5035,true,1,216778
50000225224,false,פריסקיז פריים פילה ה,,,פריסקיז פריים פילה ה,גרמים,156.00,100 גרם,false,,6.20,0.0397,true,1,191034
50000237951,false,פריסקיז פארטי מיקס ג,,,פריסקיז פארטי מיקס ג,גרמים,59.00,100 גרם,false,,11.50,0.1949,true,1,263024
50000238910,false,פריסקיז פארטי מיקס א,,,פריסקיז פארטי מיקס א,גרמים,59.00,100 גרם,false,,11.50,0.1949,true,1,263023
50000429042,false,פנסי פיסט כבד מעודן,פנסי פיסט,,פנסי פיסט כבד מעודן,גרמים,85.00,100 גרם,false,,6.00,0.0706,true,1,116085
50000429448,false,פנסי פיסט פטה מוס סל,פנסי פיסט,,פנסי פיסט פטה מוס סל,גרמים,85.00,100 גרם,false,,6.00,0.0706,true,1,112468
50000429646,false,פנסי פיסט דגי אוקיינ,פנסי פיסט,,פנסי פיסט דגי אוקיינ,גרמים,85.00,100 גרם,false,,6.00,0.0706,true,1,116086
50000574414,false,פריסקיז פארטי מיקס פ,,,פריסקיז פארטי מיקס פ,גרמים,59.00,100 גרם,false,,11.50,0.1949,true,1,263025
50000578238,false,פריסקיז פארטי מיקס ק,,,פריסקיז פארטי מיקס ק,גרמים,59.00,100 גרם,false,,11.50,0.1949,true,1,263027
50000578450,false,פנסי פיסט עוף ברוטב,,,פנסי פיסט עוף ברוטב,גרמים,85.00,100 גרם,false,,6.00,0.0706,true,1,192276
51131978393,false,זוג שפורפרות סופר גל,,,זוג שפורפרות סופר גל,יחידה,0.00,יחידה,false,,15.90,0.0000,true,1,189944
51135807514,false,סופר גלו נוזלי,,,סופר גלו נוזלי,יחידה,0.00,יחידה,false,,17.90,0.0000,true,1,189945
51141917733,false,סופר גלו נוזלי,,,סופר גלו נוזלי,יחידה,0.00,יחידה,false,,23.90,0.0000,true,1,189948
51500000793,false,קונפיטורה אוכמניות 3,,,קונפיטורה אוכמניות 3,גרמים,340.00,100 גרם,false,,17.90,0.0526,true,1,218415
51500000816,false,קונפיטורה דובדבנים 3,,,קונפיטורה דובדבנים 3,גרמים,340.00,100 גרם,false,,17.90,0.0526,true,1,218416
51500255162,false,חמאת בוטנים חלקה 454,,,חמאת בוטנים חלקה 454,גרמים,454.00,100 גרם,false,,18.90,0.0416,true,1,194583
52100002460,false,תערובת תיבול לעוף וד,,,תערובת תיבול לעוף וד,גרמים,77.00,100 גרם,false,,18.90,0.2455,true,1,203862
52100002477,false,אבקת תיבול לתבשילים,,,אבקת תיבול לתבשילים,גרמים,28.00,100 גרם,false,,16.90,0.6036,true,1,203863
52100004389,false,קינמון טחון,,,קינמון טחון,גרמים,67.00,100 גרם,false,,21.90,0.3269,true,1,205862
52100004426,false,מקלות קינמון,,,מקלות קינמון,גרמים,21.00,100 גרם,false,,25.90,1.2333,true,1,203867
52100004488,false,פפריקה,,,פפריקה,גרמים,60.00,100 גרם,false,,21.00,0.3500,true,1,203869
52100005966,false,גבישי שום,,,גבישי שום,גרמים,85.00,100 גרם,false,,25.90,0.3047,true,1,203870
52100006260,false,אבקת שום,,,אבקת שום,גרמים,88.00,100 גרם,false,,25.90,0.2943,true,1,203871
52100006468,false,גבישי בצל,,,גבישי בצל,גרמים,56.00,100 גרם,false,,16.90,0.3018,true,1,203872
52100006512,false,כמון טחון,,,כמון טחון,גרמים,42.00,100 גרם,false,,21.00,0.5000,true,1,203873
52100030043,false,פלפל שחור טחון גס,,,פלפל שחור טחון גס,גרמים,42.00,100 גרם,false,,18.90,0.4500,true,1,203877
52100030234,false,פלפל שחור שלם,,,פלפל שחור שלם,גרמים,53.00,100 גרם,false,,25.90,0.4887,true,1,203878
52100034898,false,תמצית ליים טהורה,,,תמצית ליים טהורה,מיליליטרים,29.00,"100 מ""ל",false,,15.90,0.5483,true,1,209523
52100070643,false,תמצית בטעם שקדים,,,תמצית בטעם שקדים,גרמים,29.00,100 גרם,false,,10.90,0.3759,true,1,203879
52100070780,false,תמצית תפוז טהורה,,,תמצית תפוז טהורה,מיליליטרים,29.00,"100 מ""ל",false,,15.90,0.5483,true,1,209526
52100070827,false,תמצית בטעם רום,מקרומיק תבלינים,,תמצית בטעם רום,יחידה,29.00,יחידה,false,,10.90,0.3759,false,1,124772
52100070865,false,תמצית וניל טהורה,מקרומיק תבלינים,,תמצית וניל טהורה,גרמים,28.00,100 גרם,false,,29.90,1.0679,false,1,98375
52100070995,false,תמצית טעם וניל,,,תמצית טעם וניל,גרמים,59.00,100 גרם,false,,10.90,0.1847,true,1,203880
52100071121,false,עלי בזיליקום מיובשים,,,עלי בזיליקום מיובשים,גרמים,35.00,100 גרם,false,,25.90,0.7400,true,1,203881
52100071138,false,תבלין אורגנו (אורגנו,מקרומיק תבלינים,,תבלין אורגנו (אורגנו,גרמים,38.00,100 גרם,false,,18.90,0.4974,false,1,98376
55369901284,false,"רסק תפו""ע מנגו ואפרס",,,"רסק תפו""ע מנגו ואפרס",גרמים,452.00,100 גרם,false,,13.90,0.0308,true,1,150605
55369901673,false,רסק תפוחים ואפרסק אפ,,,רסק תפוחים ואפרסק אפ,גרמים,452.00,100 גרם,false,,13.90,0.0308,true,1,111083
55369902557,false,מחית תפוחי עץ בסגנון,,,מחית תפוחי עץ בסגנון,גרמים,452.00,100 גרם,false,,13.90,0.0308,true,1,115951
55369902564,false,"רסק תפו""ע אפלסנקס לל",,,"רסק תפו""ע אפלסנקס לל",גרמים,452.00,100 גרם,false,,13.90,0.0308,true,1,115002
55369903295,false,"מחית תפו""ע לא ממותק",,,"מחית תפו""ע לא ממותק",גרמים,652.00,100 גרם,false,,13.90,0.0213,true,1,189180
55500012046,false,מרסס קלין אפ 946,,,מרסס קלין אפ 946,מיליליטרים,946.00,"100 מ""ל",false,,25.90,0.0274,true,1,94760
58449185048,false,צ'יטה צ'ומפס טבעות פ,,,צ'יטה צ'ומפס טבעות פ,גרמים,284.00,100 גרם,false,,23.90,0.0842,true,1,205107
58449450047,false,דייסת שיבולת שועל תפ,,,דייסת שיבולת שועל תפ,גרמים,400.00,100 גרם,false,,26.90,0.0672,true,1,200228
58449450573,false,דייסת אינסטנט ללא גל,,,דייסת אינסטנט ללא גל,גרמים,320.00,100 גרם,false,,34.90,0.1091,true,1,263427
58449771531,false,סנרייז קרנצ'י מייפל,,,סנרייז קרנצ'י מייפל,גרמים,300.00,100 גרם,false,,26.90,0.0897,true,1,138296
58449771807,false,גרנולה אורגנית עם שו,,,גרנולה אורגנית עם שו,גרמים,325.00,100 גרם,false,,29.90,0.0920,true,1,212146
58449860037,false,קואלה קריספ פיצפ,,,קואלה קריספ פיצפ,גרמים,326.00,100 גרם,false,,23.90,0.0733,true,1,136971
58449860075,false,כדורי למור אורגניים,,,כדורי למור אורגניים,גרמים,284.00,100 גרם,false,,23.90,0.0842,true,1,149697
62558202381,false,סירופ מייפל אמיתי או,,,סירופ מייפל אמיתי או,מיליליטרים,236.00,"100 מ""ל",false,,27.90,0.1182,true,1,201360
64144090013,false,שמן פאם חמאה,פאם,,שמן פאם חמאה,יחידה,0.00,יחידה,false,,18.00,0.0000,false,1,137828
64144090020,false,שמן פאם שמן זית,פאם,,שמן פאם שמן זית,יחידה,0.00,יחידה,false,,18.00,0.0000,false,1,137829
64144090051,false,שמן פאם קנולה 148 גר,פאם,,שמן פאם קנולה 148 גר,גרמים,148.00,100 גרם,false,,18.00,0.1216,false,1,150763
70177077563,false,טוינינג- ארל גריי,,,טוינינג- ארל גריי,גרמים,50.00,100 גרם,false,,16.90,0.3380,true,1,187643
70177078744,false,תה טווינינג אינגליש,,,תה טווינינג אינגליש,גרמים,50.00,100 גרם,false,,18.90,0.3780,true,1,190870
70177078775,false,טוינינג- ליידי גריי,,,טוינינג- ליידי גריי,גרמים,50.00,100 גרם,false,,16.90,0.3380,true,1,187648
70177078904,false,טוינינג אינגליש ברקפ,,,טוינינג אינגליש ברקפ,גרמים,100.00,100 גרם,false,,31.90,0.3190,true,1,191528
70177078966,false,טוינינג ארל גריי,,,טוינינג ארל גריי,גרמים,100.00,100 גרם,false,,31.90,0.3190,true,1,191529
70177120948,false,תה שחור עם תפוח וקינ,,,תה שחור עם תפוח וקינ,גרמים,50.00,100 גרם,false,,16.90,0.3380,true,1,260333
70177173166,false,תה טויני יסמין 25 שק,,,תה טויני יסמין 25 שק,גרמים,50.00,100 גרם,false,,18.90,0.3780,true,1,192157
70177173203,false,תה טויני ירוק מנטה 2,,,תה טויני ירוק מנטה 2,גרמים,50.00,100 גרם,false,,18.90,0.3780,true,1,192158
70177176914,false,תה ארלגריי 25 שקיקים,,,תה ארלגריי 25 שקיקים,גרמים,50.00,100 גרם,false,,18.90,0.3780,true,1,207231
70177177669,false,חליטת למון ג'ינג'ר,,,חליטת למון ג'ינג'ר,גרמים,30.00,100 גרם,false,,15.90,0.5300,true,1,204277
70177177737,false,תה חליטת קמומיל,,,תה חליטת קמומיל,גרמים,20.00,100 גרם,false,,15.90,0.7950,true,1,203675
70177177744,false,חליטת מנטה 20 שקיקים,,,חליטת מנטה 20 שקיקים,גרמים,40.00,100 גרם,false,,15.90,0.3975,true,1,205351
70221011116,false,טובלרון חלב,טובלרון,,טובלרון חלב,גרמים,100.00,100 גרם,false,,8.90,0.0890,true,1,98400
70672000516,false,מחית דלעת פסטל,,,מחית דלעת פסטל,גרמים,425.00,100 גרם,false,,14.90,0.0351,true,1,260758
70734000034,false,תה סלסטיאל,,,תה סלסטיאל,גרמים,40.00,100 גרם,false,,16.90,0.4225,true,1,204123
70734070372,false,"חליטת תה ""דבש לימון",,,"חליטת תה ""דבש לימון",גרמים,42.00,100 גרם,false,,16.90,0.4024,true,1,194933
70970471254,false,מייק לייק-סוכריות ג',,,מייק לייק-סוכריות ג',גרמים,141.00,100 גרם,false,,9.90,0.0702,true,1,150652
70970471285,false,מייק לייק אדום 170ג',,,מייק לייק אדום 170ג',גרמים,170.00,100 גרם,false,,9.90,0.0582,true,1,193335
70970471308,false,מייק לייק סגול 170ג',,,מייק לייק סגול 170ג',גרמים,170.00,100 גרם,false,,9.90,0.0582,true,1,194118
70970473562,false,מייק לייק וכריות ג'ל,,,מייק לייק וכריות ג'ל,גרמים,141.00,100 גרם,false,,9.90,0.0702,true,1,198063
70970473609,false,סוכריות ג'ל בטעם פיר,,,סוכריות ג'ל בטעם פיר,גרמים,141.00,100 גרם,false,,9.90,0.0702,true,1,214160
71570001667,false,סוכריות גלי ביילי 20,,,סוכריות גלי ביילי 20,גרמים,70.00,100 גרם,false,,11.90,0.1700,true,1,207999
71570004293,false,סוכריות גלי ביילי פנ,,,סוכריות גלי ביילי פנ,גרמים,70.00,100 גרם,false,,11.90,0.1700,true,1,208000
72600005846,false,הרס-טורטייה מתירס לב,,,הרס-טורטייה מתירס לב,גרמים,386.00,100 גרם,false,,24.90,0.0645,true,1,149461
72600009257,false,הרס- טורטייה צ'יפס ת,,,הרס- טורטייה צ'יפס ת,גרמים,225.00,100 גרם,false,,19.90,0.0884,true,1,149462
72600062290,false,הרס- חטיפי תירס גבינ,,,הרס- חטיפי תירס גבינ,גרמים,198.50,100 גרם,false,,22.90,0.1154,true,1,195621
72600062306,false,הרס-חטיפי במבה גבינה,,,הרס-חטיפי במבה גבינה,גרמים,198.00,100 גרם,false,,22.90,0.1157,true,1,147590
72600062320,false,הר במבה גבינה בטעם פ,,,הר במבה גבינה בטעם פ,גרמים,198.00,100 גרם,false,,22.90,0.1157,true,1,195691
73490129919,false,ביסקוויט קסטה 250 גר,,,ביסקוויט קסטה 250 גר,גרמים,250.00,100 גרם,false,,4.50,0.0180,true,1,215507
73490130946,false,פתיבר וניל 500 גר' ה,,,פתיבר וניל 500 גר' ה,גרמים,500.00,100 גרם,false,,7.90,0.0158,true,1,216957
73490130953,false,פתיבר שוקו 500 גר' ה,,,פתיבר שוקו 500 גר' ה,גרמים,500.00,100 גרם,false,,7.90,0.0158,true,1,216958
74261021333,false,רוטב סויה מיושן 1ל',,,רוטב סויה מיושן 1ל',יחידה,1.00,יחידה,false,,32.90,32.9000,true,1,135042
74261110334,false,רוטב סויה תמרי 1 ל',,,רוטב סויה תמרי 1 ל',ליטרים,1.00,ליטר,false,,32.90,32.9000,true,1,100331
74570610051,false,האגן-דאז גלידת שמנת,האגן-דאז,,האגן-דאז גלידת שמנת,גרמים,500.00,100 גרם,false,,24.90,0.0498,true,1,126939
74570703890,false,גלידה האג אנד דא,האגן-דאז,,גלידה האג אנד דא,גרמים,473.00,100 גרם,false,,24.90,0.0526,true,1,105059
74570950010,false,גלידה האג אנד דא,האגן-דאז,,גלידה האג אנד דא,גרמים,473.00,100 גרם,false,,24.90,0.0526,true,1,105060
75039007979,false,רוטב פסטה מריה בזילי,,,רוטב פסטה מריה בזילי,גרמים,680.00,100 גרם,false,,14.90,0.0219,true,1,203925
75039008013,false,רוטב פסטה מריה רגיל,,,רוטב פסטה מריה רגיל,גרמים,680.00,100 גרם,false,,14.90,0.0219,true,1,203928
75810021354,false,תמרי רוטב סויה,,,תמרי רוטב סויה,מיליליטרים,592.00,"100 מ""ל",false,,37.90,0.0640,true,1,196499
76840001767,false,גלידת בן אנד ג'רי,,,גלידת בן אנד ג'רי,גרמים,423.00,100 גרם,false,,18.90,0.0447,true,1,214413
76840001774,false,גלידת שוקולד צ'יפס,,,גלידת שוקולד צ'יפס,גרמים,442.00,100 גרם,false,,18.90,0.0428,false,1,214258
76840002351,false,גלידת בן אנד ג'ריס,,,גלידת בן אנד ג'ריס,מיליליטרים,500.00,"100 מ""ל",false,,18.90,0.0378,true,1,217681
76840002542,false,גלידת בן אנד ג'רי,,,גלידת בן אנד ג'רי,גרמים,424.00,100 גרם,false,,18.90,0.0446,true,1,213224
76840100156,false,גלידה בן וג'רי,,,גלידה בן וג'רי,גרמים,420.00,100 גרם,false,,18.90,0.0450,true,1,150823
76840100583,false,בן אנד ג'ריס בצק עוג,בן אנד ג'ריס,,בן אנד ג'ריס בצק עוג,גרמים,473.00,100 גרם,false,,18.90,0.0400,false,1,124488
76840400218,false,בן אנד ג'ריס גלידת ת,,,בן אנד ג'ריס גלידת ת,מיליליטרים,500.00,"100 מ""ל",false,,18.90,0.0378,true,1,145765
76840620029,false,גלידה בן אנד ג'ריס,בן אנד ג'ריס,,גלידה בן אנד ג'ריס,יחידה,420.00,יחידה,false,,18.90,0.0450,false,1,102610
77245110610,false,סוכריות מאסט מנט,עלית,,סוכריות מאסט מנט,גרמים,80.00,100 גרם,false,,8.50,0.1063,false,1,98754
77975010167,false,סניידרס חטיף מקלוני,,,סניידרס חטיף מקלוני,גרמים,340.00,100 גרם,false,,15.90,0.0468,true,1,200161
77975022757,false,בייגלה אמריקאי ענק ב,,,בייגלה אמריקאי ענק ב,יחידה,0.00,יחידה,false,,15.90,0.0000,true,1,149148
77975091975,false,סניידרס סנדוויץ בייג,,,סניידרס סנדוויץ בייג,גרמים,226.80,100 גרם,false,,15.90,0.0701,true,1,209126
77975093085,false,חטיף בייגלה סניידרס,,,חטיף בייגלה סניידרס,גרמים,141.00,100 גרם,false,,16.90,0.1199,true,1,263317
77975093108,false,חטיף בייגלה סניידרס,,,חטיף בייגלה סניידרס,גרמים,141.00,100 גרם,false,,16.90,0.1199,true,1,263318
77975094624,false,סניידרס חמאת בוטנים,,,סניידרס חמאת בוטנים,גרמים,280.00,100 גרם,false,,15.90,0.0568,true,1,214454
77975094631,false,סניידרס צ'דר סנדוויץ,,,סניידרס צ'דר סנדוויץ,גרמים,226.00,100 גרם,false,,15.90,0.0704,true,1,214393
77975094761,false,סניידרס צ'דר 340 גר',,,סניידרס צ'דר 340 גר',גרמים,340.00,100 גרם,false,,15.90,0.0468,true,1,217775
77975094778,false,סניידרס דבש וחרדל 34,,,סניידרס דבש וחרדל 34,גרמים,340.00,100 גרם,false,,15.90,0.0468,true,1,218428
77975095157,false,סניידרס שברי בייגלה,,,סניידרס שברי בייגלה,גרמים,318.00,100 גרם,false,,15.90,0.0500,true,1,263321
80432402931,false,"שיבאס 700 מ""ל",,,"שיבאס 700 מ""ל",מיליליטרים,700.00,"100 מ""ל",false,,114.90,0.1641,false,1,199510
80480280024,false,גריי גוס וודקה 750,,,גריי גוס וודקה 750,מיליליטרים,750.00,"100 מ""ל",false,,119.90,0.1599,true,1,215816
80518439660,false,פרסים רמה 6,,,פרסים רמה 6,יחידה,0.00,יחידה,false,,15.70,0.0000,true,1,95330
84213017475,false,מיסלי פירות ביו,מסטמכר,,מיסלי פירות ביו,גרמים,500.00,100 גרם,false,,18.90,0.0378,true,1,106552
84213017499,false,מיסלי פירות יער,מסטמכר,,מיסלי פירות יער,גרמים,500.00,100 גרם,false,,18.90,0.0378,true,1,106553
85696607207,false,טופו במרקם רך מרינו,,,טופו במרקם רך מרינו,גרמים,340.00,100 גרם,false,,11.90,0.0350,true,1,149926
85696608044,false,טופו מוצק ללא גלוטן,,,טופו מוצק ללא גלוטן,גרמים,349.00,100 גרם,false,,11.90,0.0341,true,1,185500
87666052819,false,רוטב סריראצ'ה סופר ח,,,רוטב סריראצ'ה סופר ח,מיליליטרים,455.00,"100 מ""ל",false,,22.90,0.0503,true,1,203964
87666052888,false,רוטב סריראצ'ה עם לימ,,,רוטב סריראצ'ה עם לימ,מיליליטרים,455.00,"100 מ""ל",false,,22.90,0.0503,true,1,203966
87752022078,false,סוביניון בלאן שילה,,,סוביניון בלאן שילה,מיליליטרים,750.00,"100 מ""ל",false,,75.00,0.1000,true,1,214411
89041081056,false,שמן צ'ילי חריף,,,שמן צ'ילי חריף,יחידה,185.00,יחידה,false,,14.90,0.0805,true,1,124985
89397344300,false,רוטב פסטה עם עגבניות,,,רוטב פסטה עם עגבניות,גרמים,737.00,100 גרם,false,,16.90,0.0229,true,1,111105
89397344348,false,רוטב פסטה עם שום צלו,,,רוטב פסטה עם שום צלו,גרמים,737.00,100 גרם,false,,16.90,0.0229,true,1,111107
89397344362,false,רוטב פסטה מרינרה קלא,,,רוטב פסטה מרינרה קלא,יחידה,737.00,יחידה,false,,16.90,0.0229,true,1,122949
93133737325,false,רוטב טארייקי ושומשום,,,רוטב טארייקי ושומשום,יחידה,566.00,יחידה,false,,39.90,0.0705,true,1,128358
305210416383,false,וזלין קרם גוף לגבר 6,וזלין,,וזלין קרם גוף לגבר 6,מיליליטרים,600.00,"100 מ""ל",false,,27.90,0.0465,true,1,200005
305213079004,false,וזלין תחליב גוף צהוב,וזלין,,וזלין תחליב גוף צהוב,מיליליטרים,600.00,"100 מ""ל",false,,27.90,0.0465,true,1,199699
608614310463,false,אוכמניות טריות,,,אוכמניות טריות,גרמים,125.00,100 גרם,false,,9.90,0.0792,true,1,264045
608614310777,false,דומדמניות אדומות 125,,,דומדמניות אדומות 125,גרמים,125.00,100 גרם,false,,19.90,0.1592,true,1,264437
611745285685,false,אבוקדו זוגות,,,אבוקדו זוגות,גרמים,500.00,100 גרם,false,,11.90,0.0238,true,1,199214
611745288709,false,לחם שיפון כוסמין מלא,,,לחם שיפון כוסמין מלא,גרמים,730.00,100 גרם,false,,21.90,0.0300,true,1,219048
611745288716,false,לחם כוסמת ירוקה וטף,,,לחם כוסמת ירוקה וטף,גרמים,760.00,100 גרם,false,,26.90,0.0354,true,1,219049
611745288723,false,לחם מונבט מלא,,,לחם מונבט מלא,גרמים,720.00,100 גרם,false,,26.90,0.0374,true,1,219050
611745288730,false,לחם חיטה מלאה עם גרע,,,לחם חיטה מלאה עם גרע,גרמים,680.00,100 גרם,false,,21.90,0.0322,true,1,219042
611745288754,false,לחם כפרי אגוזים וסיל,,,לחם כפרי אגוזים וסיל,גרמים,680.00,100 גרם,false,,28.90,0.0425,true,1,219043
611745288761,false,לחם כוסמין מלא,,,לחם כוסמין מלא,גרמים,730.00,100 גרם,false,,26.90,0.0368,true,1,219044
611745288778,false,לחם כפרי מעודן,,,לחם כפרי מעודן,גרמים,620.00,100 גרם,false,,21.90,0.0353,true,1,219052
611745288785,false,חלת כוסמין,,,חלת כוסמין,גרמים,570.00,100 גרם,false,,26.90,0.0472,true,1,219053
611745288792,false,לחם כפרי זיתים,,,לחם כפרי זיתים,גרמים,660.00,100 גרם,false,,21.90,0.0332,true,1,219045
611745294014,false,חומץ תפוחים 5%,,,חומץ תפוחים 5%,ליטרים,1.00,ליטר,false,,24.90,24.9000,true,1,200375
613008742348,false,אריזונה ג'נסינג ודבש,,,אריזונה ג'נסינג ודבש,ליטרים,1.00,ליטר,false,,11.00,11.0000,true,1,214005
613008742409,false,אריזונה אפרסק בקבוק,,,אריזונה אפרסק בקבוק,ליטרים,1.00,ליטר,false,,11.00,11.0000,true,1,214003
613008753320,false,אריזונה ג'ינסנג ודבש,,,אריזונה ג'ינסנג ודבש,מיליליטרים,450.00,"100 מ""ל",false,,7.50,0.0167,true,1,207247
613008753351,false,אריזונה רימונים 450,,,אריזונה רימונים 450,מיליליטרים,450.00,"100 מ""ל",false,,7.50,0.0167,true,1,207243
613008755461,false,אריזונה אוכמניות בקב,,,אריזונה אוכמניות בקב,ליטרים,1.00,ליטר,false,,11.00,11.0000,true,1,214004
628154383659,false,דגני פרוטי פבלס,,,דגני פרוטי פבלס,גרמים,311.00,100 גרם,false,,21.90,0.0704,true,1,262421
639138513238,false,פילה הרינג מעושן בשמ,,,פילה הרינג מעושן בשמ,גרמים,190.00,100 גרם,false,,13.00,0.0684,true,1,111804
639138527624,false,פילה דג הרינג בפפריק,,,פילה דג הרינג בפפריק,גרמים,200.00,100 גרם,false,,13.00,0.0650,true,1,120511
639138527631,false,הרינג ברוטב חרדל 200,,,הרינג ברוטב חרדל 200,גרמים,200.00,100 גרם,false,,13.00,0.0650,true,1,111806
644209405947,false,קרם ציפוי מוקצף,,,קרם ציפוי מוקצף,גרמים,397.00,100 גרם,false,,19.90,0.0501,true,1,211812
645173911427,false,מלפפונים במלח,,,מלפפונים במלח,גרמים,550.00,100 גרם,false,,13.90,0.0253,true,1,192914
645692555645,false,עוגיות סהרון פפושדו,פפשדו,,עוגיות סהרון פפושדו,גרמים,200.00,100 גרם,false,,5.90,0.0295,true,1,111423
649660013281,false,מיץ שזיפים ללא תוספת,,,מיץ שזיפים ללא תוספת,מיליליטרים,946.00,"100 מ""ל",false,,21.00,0.0222,true,1,193028
649660432020,false,שזיפים מיובשים 567 ג,,,שזיפים מיובשים 567 ג,גרמים,567.00,100 גרם,false,,26.90,0.0474,true,1,193029
651080647519,false,פלאקרס חוט דנטלי,,,פלאקרס חוט דנטלי,יחידה,0.00,יחידה,false,,11.90,0.0000,true,1,198983
660089001147,false,פותח סתימות נוזלי מק,,,פותח סתימות נוזלי מק,מיליליטרים,600.00,"100 מ""ל",false,,19.90,0.0332,true,1,193984
666522900084,false,ציברס ריבת ג'ינג'ר 3,,,ציברס ריבת ג'ינג'ר 3,גרמים,340.00,100 גרם,false,,18.90,0.0556,true,1,214352
666522900091,false,ציברס ריבת תפוז בסגנ,,,ציברס ריבת תפוז בסגנ,גרמים,340.00,100 גרם,false,,18.90,0.0556,true,1,214347
666522900138,false,ציברס קרם לימון,,,ציברס קרם לימון,גרמים,320.00,100 גרם,false,,18.90,0.0591,true,1,213244
675684915102,false,סירופ אגבה אורגני טה,,,סירופ אגבה אורגני טה,גרמים,330.00,100 גרם,false,,21.00,0.0636,true,1,140611
686412282984,false,טונה לבנה בשמן זית 2,,,טונה לבנה בשמן זית 2,גרמים,220.00,100 גרם,false,,41.90,0.1905,true,1,213286
686464462006,false,לקקן טבעת לקקן מאירה,,,לקקן טבעת לקקן מאירה,יחידה,0.00,יחידה,false,,5.50,0.0000,true,1,260158
686464494007,false,סוכריה על מקל בטעם א,,,סוכריה על מקל בטעם א,גרמים,18.00,100 גרם,false,,5.90,0.3278,true,1,262179
686464528009,false,ממתק לקקן לייזר פופ,,,ממתק לקקן לייזר פופ,יחידה,0.00,יחידה,false,,9.90,0.0000,true,1,260160
691535505018,false,חטיף חלבון טעם וניל,,,חטיף חלבון טעם וניל,גרמים,50.00,100 גרם,false,,9.90,0.1980,true,1,202984
691535513013,false,חטיף חלבון חמאת בוטנ,,,חטיף חלבון חמאת בוטנ,גרמים,50.00,100 גרם,false,,11.90,0.2380,true,1,202985
691535521018,false,חטיף חלבון שוקולד צי,,,חטיף חלבון שוקולד צי,גרמים,50.00,100 גרם,false,,11.90,0.2380,true,1,203273
691535529014,false,חטיף חלבון שוקולד בי,,,חטיף חלבון שוקולד בי,גרמים,50.00,100 גרם,false,,11.90,0.2380,true,1,207607
693493055413,false,עוגת גבינה אפויה 650,,,עוגת גבינה אפויה 650,גרמים,650.00,100 גרם,false,,42.90,0.0660,true,1,262814
693493055420,false,עוגת גבינה אפויה ללא,,,עוגת גבינה אפויה ללא,גרמים,650.00,100 גרם,false,,44.90,0.0691,true,1,262815
693493065344,false,פלפלון כפרי חן,,,פלפלון כפרי חן,יחידה,0.00,יחידה,false,,8.90,0.0000,true,1,211744
693493065351,false,מלפפון בייבי משק פר,,,מלפפון בייבי משק פר,יחידה,0.00,יחידה,false,,8.90,0.0000,true,1,210902
693493075459,false,עוגיות זיו אלפחורס ל,,,עוגיות זיו אלפחורס ל,גרמים,320.00,100 גרם,false,,29.90,0.0934,true,1,263530
693493075695,false,עוגיות זיו אלפחורס,,,עוגיות זיו אלפחורס,גרמים,320.00,100 גרם,false,,29.90,0.0934,true,1,263527
693493075725,false,עוגיות זיו שושנים,,,עוגיות זיו שושנים,גרמים,270.00,100 גרם,false,,29.90,0.1107,true,1,263529
693493092500,false,פיתות שמשון מרובעות,,,פיתות שמשון מרובעות,גרמים,600.00,100 גרם,false,,9.90,0.0165,true,1,214620
693493092524,false,פיתות שמשון עגולות 5,,,פיתות שמשון עגולות 5,גרמים,550.00,100 גרם,false,,9.90,0.0180,true,1,214621
693493092531,false,פיתות שמשון קמח מלא,,,פיתות שמשון קמח מלא,גרמים,500.00,100 גרם,false,,9.90,0.0198,true,1,261049
693493124720,false,פיתות כוסמין,,,פיתות כוסמין,גרמים,400.00,100 גרם,false,,14.90,0.0373,true,1,262226
728229123590,false,טרה חטיף ציפס מירקות,,,טרה חטיף ציפס מירקות,גרמים,110.00,100 גרם,false,,15.90,0.1445,true,1,133999
728229123811,false,טרה חטיף ציפס מירקות,,,טרה חטיף ציפס מירקות,גרמים,110.00,100 גרם,false,,15.90,0.1445,false,1,134762
728229124771,false,טרה צ'יפס בטטה ברביק,,,טרה צ'יפס בטטה ברביק,גרמים,110.00,100 גרם,false,,15.90,0.1445,true,1,192497
728229130154,false,טרה חטיף ציפס מבטטה,,,טרה חטיף ציפס מבטטה,גרמים,110.00,100 גרם,false,,15.90,0.1445,true,1,134000
728229130444,false,טרה חטיף ציפס מירקות,,,טרה חטיף ציפס מירקות,גרמים,110.00,100 גרם,false,,15.90,0.1445,false,1,134763
729906510016,false,פתיתי שבולת שועל ללא,,,פתיתי שבולת שועל ללא,גרמים,510.00,100 גרם,false,,26.90,0.0527,true,1,212684
732494000524,false,פופקורן שיקגו בטעם ק,,,פופקורן שיקגו בטעם ק,גרמים,213.00,100 גרם,false,,25.90,0.1216,true,1,151764
732494000609,false,קרטורס-פופקורן בטעם,,,קרטורס-פופקורן בטעם,גרמים,184.00,100 גרם,false,,25.90,0.1408,true,1,173022
761720988183,false,אבקת אפייה ללא אלומי,,,אבקת אפייה ללא אלומי,מיליליטרים,340.00,"100 מ""ל",false,,21.90,0.0644,true,1,146715
768404001640,false,בן וג'ריס גלידת קפה,בן אנד ג'ריס,,בן וג'ריס גלידת קפה,מיליליטרים,500.00,"100 מ""ל",false,,18.90,0.0378,true,1,123341
769904000607,false,שקדי מרק,,,שקדי מרק,גרמים,200.00,100 גרם,false,,12.90,0.0645,true,1,146075
769904000997,false,שקדי מרק ללא גלוטן 2,,,שקדי מרק ללא גלוטן 2,גרמים,200.00,100 גרם,false,,14.90,0.0745,true,1,203136
770009010484,false,מנג'טים לאפייה,,,מנג'טים לאפייה,יחידה,0.00,יחידה,false,,11.50,0.0000,true,1,193159
770009011924,false,נייר אפייה,,,נייר אפייה,יחידה,0.00,יחידה,false,,22.90,0.0000,true,1,150835
770009250262,false,שקיות אוכל מנייר,,,שקיות אוכל מנייר,יחידה,0.00,יחידה,false,,19.90,0.0000,true,1,182166
777915888299,false,אקיטה רוטב סויה,,,אקיטה רוטב סויה,יחידה,290.00,יחידה,false,,16.90,0.0583,true,1,147943
783495543398,false,מכוניות,,,מכוניות,יחידה,0.00,יחידה,false,,10.00,0.0000,true,1,219686
783495543404,false,בובות,,,בובות,יחידה,0.00,יחידה,false,,15.00,0.0000,true,1,219687
783495543411,false,משחקי יצירה,,,משחקי יצירה,יחידה,0.00,יחידה,false,,30.00,0.0000,true,1,219688
783495543428,false,בובות,,,בובות,יחידה,0.00,יחידה,false,,45.00,0.0000,true,1,219689
786150000281,false,שישיית בירה לף בראון,,,שישיית בירה לף בראון,ליטרים,1.98,ליטר,false,,44.90,22.6768,false,1,262424
812664009356,false,ממרח תמרים מרוכז נפט,,,ממרח תמרים מרוכז נפט,גרמים,400.00,100 גרם,false,,14.90,0.0373,true,1,206697
818570001606,false,תמצית שקדים,,,תמצית שקדים,מיליליטרים,59.00,"100 מ""ל",false,,27.90,0.4729,true,1,199558
818570007066,false,ווטקינס תמצית וניל ט,,,ווטקינס תמצית וניל ט,גרמים,29.00,100 גרם,false,,27.90,0.9621,true,1,198198
819046000086,false,אינקה צ'יפס בטטה,,,אינקה צ'יפס בטטה,גרמים,142.00,100 גרם,false,,16.50,0.1162,true,1,202734
833949000264,false,סירופ מייפל אמיתי,,,סירופ מייפל אמיתי,גרמים,330.00,100 גרם,false,,29.90,0.0906,true,1,133998
835811000167,false,נר נשמה שבועי בזכוכי,,,נר נשמה שבועי בזכוכי,יחידה,0.00,יחידה,false,,10.90,0.0000,true,1,210471
835811000242,false,כפות מסיבי עץ 20 יח',,,כפות מסיבי עץ 20 יח',יחידה,0.00,יחידה,false,,9.90,0.0000,true,1,212522
835811000297,false,כוסות קרטון 50 יח',,,כוסות קרטון 50 יח',יחידה,0.00,יחידה,false,,11.90,0.0000,true,1,211089
835811000396,false,נייר אפיה לתבנית מוא,,,נייר אפיה לתבנית מוא,יחידה,0.00,יחידה,false,,9.90,0.0000,true,1,211090
835811000440,false,"צלחות 1 ק""ג קרם",הנמל,,"צלחות 1 ק""ג קרם",יחידה,0.00,יחידה,false,,35.90,0.0000,false,1,206260
835811000501,false,סירופ מייפל טהור 25,,,סירופ מייפל טהור 25,מיליליטרים,250.00,"100 מ""ל",false,,24.90,0.0996,true,1,264299
835811001119,false,מיני עדשים 200 גר בצ,,,מיני עדשים 200 גר בצ,גרמים,200.00,100 גרם,false,,12.90,0.0645,true,1,211971
835811001133,false,קוקוס 400 גר',,,קוקוס 400 גר',גרמים,400.00,100 גרם,false,,11.90,0.0298,true,1,211092
835811001140,false,שומשום 400 גר,,,שומשום 400 גר,גרמים,400.00,100 גרם,false,,9.90,0.0248,true,1,211972
835811001157,false,צלחות גדול מדקל 10 י,,,צלחות גדול מדקל 10 י,יחידה,0.00,יחידה,false,,13.90,0.0000,true,1,213882
835811001164,false,צלחות קטן מדקל 10 יח,,,צלחות קטן מדקל 10 יח,יחידה,0.00,יחידה,false,,10.90,0.0000,true,1,213883
835811001188,false,צלחות ענק מדקל 10 יח,,,צלחות ענק מדקל 10 יח,יחידה,0.00,יחידה,false,,14.90,0.0000,true,1,213888
835811001201,false,מגש אובלי בינוני מדק,,,מגש אובלי בינוני מדק,יחידה,0.00,יחידה,false,,16.90,0.0000,true,1,213889
835811001232,false,נייר אפייה לתבנית עג,,,נייר אפייה לתבנית עג,יחידה,0.00,יחידה,false,,10.90,0.0000,true,1,213890
835811001638,false,מזלגות מיני 50 יח,,,מזלגות מיני 50 יח,יחידה,0.00,יחידה,false,,3.90,0.0000,true,1,190367
835811001645,false,כפיות מיני 50 יח,,,כפיות מיני 50 יח,יחידה,0.00,יחידה,false,,3.90,0.0000,true,1,190368
835811001652,false,כוס לשתיה קרה 330 סמ,,,כוס לשתיה קרה 330 סמ,יחידה,0.00,יחידה,false,,9.50,0.0000,true,1,189758
835811001782,false,זוג מזלג הגשה מפלסטי,,,זוג מזלג הגשה מפלסטי,יחידה,0.00,יחידה,false,,2.40,0.0000,true,1,193623
835811001812,false,כוס קינוח אלגנטית 12,הנמל,,כוס קינוח אלגנטית 12,יחידה,0.00,יחידה,false,,12.90,0.0000,true,1,187446
835811001829,false,מגש מרובע שקוף,,,מגש מרובע שקוף,יחידה,0.00,יחידה,false,,11.90,0.0000,true,1,187810
835811001843,false,מגש אינגליש קייק שקו,,,מגש אינגליש קייק שקו,יחידה,0.00,יחידה,false,,5.50,0.0000,true,1,187811
835811001966,false,תבנית אלומיניום עבה,,,תבנית אלומיניום עבה,יחידה,0.00,יחידה,false,,10.90,0.0000,true,1,149136
835811001997,false,תבנית אלומיניום עבה,,,תבנית אלומיניום עבה,יחידה,0.00,יחידה,false,,10.90,0.0000,true,1,149139
835811002116,false,"מגש כוכב 27 ס""מ",,,"מגש כוכב 27 ס""מ",יחידה,0.00,יחידה,false,,4.50,0.0000,true,1,195905
835811002277,false,שיפודי במבוק עבים,,,שיפודי במבוק עבים,יחידה,0.00,יחידה,false,,5.50,0.0000,true,1,217800
835811002734,false,מזרה קונפטי ארוך בצנ,,,מזרה קונפטי ארוך בצנ,גרמים,90.00,100 גרם,false,,5.50,0.0611,true,1,260570
835811003106,false,כפות הגשה 10 יח' שקו,,,כפות הגשה 10 יח' שקו,יחידה,0.00,יחידה,false,,9.90,0.0000,true,1,261809
835811003373,false,קעריות מדקל 10 יח',,,קעריות מדקל 10 יח',יחידה,0.00,יחידה,false,,8.50,0.0000,true,1,261811
835811003427,false,צלחות גדול מקנה סוכר,,,צלחות גדול מקנה סוכר,יחידה,0.00,יחידה,false,,32.90,0.0000,true,1,261812
835811003588,false,צלחות קלאסי גדול לבן,,,צלחות קלאסי גדול לבן,יחידה,0.00,יחידה,false,,32.90,0.0000,true,1,261798
835811003595,false,צלחות קלאסי קטן לבן,,,צלחות קלאסי קטן לבן,יחידה,0.00,יחידה,false,,19.90,0.0000,true,1,261799
835811003618,false,נרות ריחניים בריח תו,,,נרות ריחניים בריח תו,יחידה,0.00,יחידה,false,,7.90,0.0000,true,1,203766
835811003625,false,נרות צבעוניים,,,נרות צבעוניים,יחידה,0.00,יחידה,false,,8.90,0.0000,true,1,203938
835811003663,false,סירופ מייפל 600 גר,,,סירופ מייפל 600 גר,גרמים,600.00,100 גרם,false,,11.50,0.0192,true,1,202573
835811003878,false,שקיות אשפה עם ידיות,,,שקיות אשפה עם ידיות,יחידה,0.00,יחידה,false,,13.90,0.0000,true,1,200180
835811004059,false,צלחות מרובעות גדול מ,,,צלחות מרובעות גדול מ,יחידה,0.00,יחידה,false,,13.90,0.0000,true,1,213886
835811004066,false,צלחות מרובעות קטנות,,,צלחות מרובעות קטנות,יחידה,0.00,יחידה,false,,10.90,0.0000,true,1,213887
835811004073,false,צלחות מרובעות ענק מד,,,צלחות מרובעות ענק מד,יחידה,0.00,יחידה,false,,14.90,0.0000,true,1,213891
835811004141,false,נרות ריחניים בריח ונ,,,נרות ריחניים בריח ונ,יחידה,0.00,יחידה,false,,7.90,0.0000,true,1,203768
835811004189,false,פרורי לחם מוזהבים 80,,,פרורי לחם מוזהבים 80,גרמים,800.00,100 גרם,false,,10.90,0.0136,true,1,212525
835811004202,false,מפות שולחן עבות,,,מפות שולחן עבות,יחידה,0.00,יחידה,false,,9.50,0.0000,true,1,203658
835811004219,false,מפות שולחן ניילון עב,,,מפות שולחן ניילון עב,יחידה,0.00,יחידה,false,,9.50,0.0000,true,1,203657
835811004226,false,מפת שולחן עבה בגליל,,,מפת שולחן עבה בגליל,יחידה,0.00,יחידה,false,,29.90,0.0000,true,1,203305
835811004417,false,ריבת חלב 340 גר,,,ריבת חלב 340 גר,גרמים,340.00,100 גרם,false,,11.90,0.0350,true,1,204823
835811004424,false,חלב מרוכז 340 גר,,,חלב מרוכז 340 גר,גרמים,340.00,100 גרם,false,,11.90,0.0350,true,1,211973
835811004455,false,קשיות מנייר קישקשים,,,קשיות מנייר קישקשים,יחידה,0.00,יחידה,false,,7.90,0.0000,true,1,211093
835811004516,false,קערת פסים עגולה קטנה,,,קערת פסים עגולה קטנה,יחידה,0.00,יחידה,false,,4.40,0.0000,true,1,205165
835811004523,false,קשים מיוחדים לשייק,,,קשים מיוחדים לשייק,יחידה,0.00,יחידה,false,,8.50,0.0000,true,1,211670
835811004677,false,עטרות אלומיניום לאפי,הנמל,,עטרות אלומיניום לאפי,יחידה,0.00,יחידה,false,,9.50,0.0000,true,1,143877
835811004691,false,עטרות אלומניום לאפיה,הנמל,,עטרות אלומניום לאפיה,יחידה,0.00,יחידה,false,,6.50,0.0000,true,1,147862
835811004707,false,פרורי לחם מוזהב 440ג,הנמל,,פרורי לחם מוזהב 440ג,יחידה,0.00,יחידה,false,,7.30,0.0000,true,1,130314
835811005018,false,כוסות קריסטל יהלום 5,הנמל,,כוסות קריסטל יהלום 5,יחידה,0.00,יחידה,false,,14.90,0.0000,true,1,124238
835811005148,false,מגש עגול פסים,,,מגש עגול פסים,יחידה,0.00,יחידה,false,,10.90,0.0000,true,1,138353
835811005193,false,מגש עגול פסים 14,הנמל,,מגש עגול פסים 14,יחידה,0.00,יחידה,false,,9.50,0.0000,true,1,137190
835811005247,false,רביעיית קערות 16 אונ,,,רביעיית קערות 16 אונ,יחידה,0.00,יחידה,false,,9.50,0.0000,true,1,138298
835811005322,false,פחם דרום אמריקאי 2 ק,,,פחם דרום אמריקאי 2 ק,קילוגרמים,2.00,"ק""ג",false,,14.90,7.4500,true,1,136677
835811005407,false,כוסות חד פעמי +מכסה,,,כוסות חד פעמי +מכסה,יחידה,0.00,יחידה,false,,13.90,0.0000,true,1,136051
835811005704,false,נייר עטיפה לכריכים 1,הנמל,,נייר עטיפה לכריכים 1,יחידה,0.00,יחידה,false,,10.00,0.0000,true,1,126839
835811005711,false,עטרות אלומיניום לאפי,הנמל,,עטרות אלומיניום לאפי,יחידה,0.00,יחידה,false,,11.00,0.0000,true,1,143878
835811005728,false,עלים לקרם שניט,הנמל,,עלים לקרם שניט,גרמים,400.00,100 גרם,false,,18.90,0.0472,true,1,141805
835811005803,false,שקיות אשפה עם ידית 7,,,שקיות אשפה עם ידית 7,יחידה,0.00,יחידה,false,,13.90,0.0000,true,1,200181
835811005810,false,מגש הכסף תבנית אלומי,,,מגש הכסף תבנית אלומי,יחידה,0.00,יחידה,false,,9.90,0.0000,true,1,141806
835811005933,false,מגש הכסף תבנית אלומי,,,מגש הכסף תבנית אלומי,יחידה,0.00,יחידה,false,,9.90,0.0000,true,1,140128
835811005940,false,מגש הכסף-שמונה תבניו,,,מגש הכסף-שמונה תבניו,יחידה,0.00,יחידה,false,,9.90,0.0000,true,1,139933
835811005957,false,מגש הכסף תבנית אלומי,,,מגש הכסף תבנית אלומי,יחידה,0.00,יחידה,false,,9.90,0.0000,true,1,140129
835811005964,false,מגש הכסף תבנית אלומי,,,מגש הכסף תבנית אלומי,יחידה,0.00,יחידה,false,,9.90,0.0000,true,1,140130
835811006053,false,קורנפלור 200 גר,הנמל,,קורנפלור 200 גר,גרמים,200.00,100 גרם,false,,3.30,0.0165,true,1,188371
835811006206,false,כוסות מקנה סוכר טבעי,,,כוסות מקנה סוכר טבעי,יחידה,0.00,יחידה,false,,12.50,0.0000,true,1,137309
835811006213,false,קערות למרק מקנה סוכר,,,קערות למרק מקנה סוכר,יחידה,0.00,יחידה,false,,13.50,0.0000,true,1,137310
835811006220,false,צלחות ענק מקנה סוכר,,,צלחות ענק מקנה סוכר,יחידה,0.00,יחידה,false,,17.00,0.0000,true,1,137709
835811006237,false,צלחות קטנות מקנה סוכ,,,צלחות קטנות מקנה סוכ,יחידה,0.00,יחידה,false,,9.40,0.0000,true,1,137710
835811006244,false,צלחות גדולות מקנה סו,,,צלחות גדולות מקנה סו,יחידה,0.00,יחידה,false,,13.90,0.0000,true,1,137302
835811006497,false,אבקת סוכר 500 גר,,,אבקת סוכר 500 גר,גרמים,500.00,100 גרם,false,,6.50,0.0130,true,1,190423
835811006503,false,צלחות קרטון +תחרה,,,צלחות קרטון +תחרה,יחידה,0.00,יחידה,false,,12.90,0.0000,true,1,144688
835811006527,false,קשיות שתיה למילקשייק,,,קשיות שתיה למילקשייק,יחידה,0.00,יחידה,false,,8.90,0.0000,true,1,144898
835811006534,false,כוסות קרטון 50 יח 16,,,כוסות קרטון 50 יח 16,יחידה,0.00,יחידה,false,,26.90,0.0000,true,1,194460
835811006763,false,תבניות אלומיניום לאפ,,,תבניות אלומיניום לאפ,יחידה,0.00,יחידה,false,,6.90,0.0000,true,1,144427
835811006770,false,מגש הכסף תבנית עגול,,,מגש הכסף תבנית עגול,יחידה,0.00,יחידה,false,,9.90,0.0000,true,1,192608
835811006985,false,בורגול 500 גר',הנמל,,בורגול 500 גר',גרמים,500.00,100 גרם,false,,4.50,0.0090,true,1,121818
835811007142,false,עדשים ירוקים 500 גר',הנמל,,עדשים ירוקים 500 גר',גרמים,500.00,100 גרם,false,,7.50,0.0150,true,1,108645
835811007166,false,כוסות קרטון קפה טו ג,הנמל,,כוסות קרטון קפה טו ג,יחידה,0.00,יחידה,false,,12.90,0.0000,true,1,108647
835811007180,false,לקט פופקורן 500 גר,הנמל,,לקט פופקורן 500 גר,גרמים,500.00,100 גרם,false,,6.90,0.0138,true,1,108648
835811007197,false,עדשים אדומים 500גר',הנמל,,עדשים אדומים 500גר',גרמים,500.00,100 גרם,false,,7.50,0.0150,true,1,108649
835811007210,false,גרגירי חומוס יבש 500,הנמל,,גרגירי חומוס יבש 500,גרמים,500.00,100 גרם,false,,6.50,0.0130,true,1,108650
835811007227,false,חיטה 500 גר',הנמל,,חיטה 500 גר',גרמים,500.00,100 גרם,false,,4.50,0.0090,true,1,108651
835811007234,false,אפונה יבשה 500 גר',הנמל,,אפונה יבשה 500 גר',גרמים,500.00,100 גרם,false,,5.50,0.0110,true,1,108652
835811007241,false,לקט חמין 500 גר' מרו,הנמל,,לקט חמין 500 גר' מרו,גרמים,500.00,100 גרם,false,,7.90,0.0158,true,1,108653
835811007357,false,סלטינות 25 יח,הנמל,,סלטינות 25 יח,יחידה,0.00,יחידה,false,,5.90,0.0000,true,1,112579
835811007432,false,תבנית משפחתית שלישי,הנמל,,תבנית משפחתית שלישי,יחידה,0.00,יחידה,false,,8.90,0.0000,true,1,108656
835811007494,false,ג'לטין טהור,הנמל,,ג'לטין טהור,גרמים,28.00,100 גרם,false,,10.50,0.3750,true,1,108658
835811007562,false,תבנית אינגליש קקיקס,הנמל,,תבנית אינגליש קקיקס,יחידה,0.00,יחידה,false,,8.50,0.0000,true,1,108662
835811008132,false,ספוגי מתכת שישיה,,,ספוגי מתכת שישיה,יחידה,0.00,יחידה,false,,10.90,0.0000,true,1,134984
835811008347,false,גפרור ענק-45 יח'.,,,גפרור ענק-45 יח'.,יחידה,0.00,יחידה,false,,4.90,0.0000,true,1,117570
835811008606,false,סיר אלומיניום 3 יח',הנמל,,סיר אלומיניום 3 יח',יחידה,0.00,יחידה,false,,14.50,0.0000,true,1,119503
835811008699,false,כפות 50 יח שקוף עבה,,,כפות 50 יח שקוף עבה,יחידה,0.00,יחידה,false,,13.90,0.0000,true,1,190369
835811008743,false,קינואה 500 גר' מרובע,הנמל,,קינואה 500 גר' מרובע,גרמים,500.00,100 גרם,false,,11.90,0.0238,true,1,121819
835811008934,false,מזלגות שקופים- 50 יח,הנמל,,מזלגות שקופים- 50 יח,יחידה,0.00,יחידה,false,,13.90,0.0000,true,1,116966
835811008941,false,סכינים חד פעמי 50יח,הנמל,,סכינים חד פעמי 50יח,יחידה,0.00,יחידה,false,,13.90,0.0000,true,1,117091
835811008958,false,כפיות חד פעמי 50יח,הנמל,,כפיות חד פעמי 50יח,יחידה,0.00,יחידה,false,,13.90,0.0000,true,1,117092
835811008996,false,כוסות קרטון 50 יח' מ,הנמל,,כוסות קרטון 50 יח' מ,יחידה,0.00,יחידה,false,,15.90,0.0000,true,1,116140
835811009016,false,כוסות קרטון 50 יח' מ,הנמל,,כוסות קרטון 50 יח' מ,יחידה,0.00,יחידה,false,,6.90,0.0000,true,1,116141
835811009023,false,כוסות קרטון 8 /50 י,הנמל,,כוסות קרטון 8 /50 י,יחידה,0.00,יחידה,false,,12.90,0.0000,true,1,128061
835811009191,false,צלחות גדולות אלגנט 1,הנמל,,צלחות גדולות אלגנט 1,יחידה,0.00,יחידה,false,,43.90,0.0000,true,1,116467
835811009238,false,שיפודים ענק שטוח במב,,,שיפודים ענק שטוח במב,יחידה,0.00,יחידה,false,,6.90,0.0000,true,1,132962
835811009313,false,כוס שמפניה 12 יח',הנמל,,כוס שמפניה 12 יח',יחידה,0.00,יחידה,false,,13.90,0.0000,true,1,116142
835811009337,false,כוס יין 12 יח',הנמל,,כוס יין 12 יח',יחידה,0.00,יחידה,false,,12.90,0.0000,true,1,116143
835811009351,false,כוסות חד פעמי קריסטל,הנמל,,כוסות חד פעמי קריסטל,יחידה,0.00,יחידה,false,,12.90,0.0000,true,1,116469
835811009689,false,כוסות צבע מעורב 50 י,הנמל,,כוסות צבע מעורב 50 י,יחידה,0.00,יחידה,false,,13.90,0.0000,true,1,120870
837038000067,false,פלפל גורמה מטחנה,,,פלפל גורמה מטחנה,גרמים,60.00,100 גרם,false,,16.00,0.2667,true,1,143235
839762000641,false,משקה מנגו איילנד,,,משקה מנגו איילנד,ליטרים,1.00,ליטר,false,,11.90,11.9000,true,1,109907
839762000658,false,משקה גויאבה איילנד,,,משקה גויאבה איילנד,ליטרים,1.00,ליטר,false,,11.90,11.9000,true,1,109908
841058005285,false,אדג' ג'ל אפור לעור ר,אדג' ג'ל,,אדג' ג'ל אפור לעור ר,גרמים,198.00,100 גרם,false,,17.90,0.0904,true,1,213720
850004207789,false,מיטבולס ביונד מיט 29,,,מיטבולס ביונד מיט 29,גרמים,290.00,100 גרם,false,,34.90,0.1203,false,1,217583
851621000050,false,בירה בלנק חיטה הדרית,,,בירה בלנק חיטה הדרית,מיליליטרים,1980.00,"100 מ""ל",false,,45.90,0.0232,false,1,210542
852629004774,false,רביעיית נקנקיות ביונ,,,רביעיית נקנקיות ביונ,גרמים,100.00,100 גרם,false,,33.90,0.3390,false,1,217585
856591000055,false,עוגיות מזרחיות קריספ,עבדי,,עוגיות מזרחיות קריספ,גרמים,400.00,100 גרם,false,,17.90,0.0447,true,1,193115
856591000062,false,עוגיות מזרחיות עבדי,עבדי,,עוגיות מזרחיות עבדי,גרמים,400.00,100 גרם,false,,17.90,0.0447,false,1,97307
856591000109,false,עוגיות מזרחיות פריך,,,עוגיות מזרחיות פריך,גרמים,400.00,100 גרם,false,,17.90,0.0447,true,1,124403
856591000512,false,עוגיות מזרחיות מקלות,,,עוגיות מזרחיות מקלות,גרמים,400.00,100 גרם,false,,17.90,0.0447,false,1,124404
856591000949,false,קטנטנים של עבאדי 350,עבדי,,קטנטנים של עבאדי 350,גרמים,350.00,100 גרם,false,,14.90,0.0426,true,1,219628
856591000970,false,מקלונים בטעם חריף 40,עבדי,,מקלונים בטעם חריף 40,גרמים,400.00,100 גרם,false,,17.90,0.0447,false,1,262774
871153000045,false,ריבת חלב 450 גר',,,ריבת חלב 450 גר',גרמים,450.00,100 גרם,false,,18.90,0.0420,true,1,262018
884912002372,false,דגני בוקר קרנברי,פוסט,,דגני בוקר קרנברי,גרמים,396.00,100 גרם,false,,21.90,0.0553,true,1,138713
884912116505,false,פוסט בננה נאט,,,פוסט בננה נאט,גרמים,439.00,100 גרם,false,,21.90,0.0499,true,1,125173
884912117625,false,דגני גולדן קריספ,,,דגני גולדן קריספ,גרמים,418.00,100 גרם,false,,21.90,0.0524,true,1,205137
884912126115,false,דגני גרייט גריינס די,,,דגני גרייט גריינס די,גרמים,453.00,100 גרם,false,,21.90,0.0483,true,1,124611
884912129512,false,דגני פוסט קקאו פלינט,,,דגני פוסט קקאו פלינט,גרמים,311.00,100 גרם,false,,21.90,0.0704,true,1,263057
884912180629,false,דגני שרדד וויט פוסט,,,דגני שרדד וויט פוסט,גרמים,464.00,100 גרם,false,,21.90,0.0472,true,1,195768
884912342737,false,דגני וופל קריספ פוסט,,,דגני וופל קריספ פוסט,גרמים,326.00,100 גרם,false,,21.90,0.0672,true,1,211516
884912359155,false,דגני האני בנצ'ס רוסט,,,דגני האני בנצ'ס רוסט,גרמים,340.00,100 גרם,false,,22.90,0.0674,true,1,262416
884912359162,false,דגני האני בנצ'ס שקדי,,,דגני האני בנצ'ס שקדי,גרמים,340.00,100 גרם,false,,22.90,0.0674,true,1,262417
884912359414,false,דגני האני בנצ'ס קינמ,,,דגני האני בנצ'ס קינמ,גרמים,340.00,100 גרם,false,,22.90,0.0674,true,1,262418
884912359421,false,דגני האני בנצ'ס מייפ,,,דגני האני בנצ'ס מייפ,גרמים,340.00,100 גרם,false,,22.90,0.0674,true,1,262419
884912359483,false,דגני האני בנצ'ס תות,,,דגני האני בנצ'ס תות,גרמים,311.00,100 גרם,false,,22.90,0.0736,true,1,262420
884912365200,false,דגני בוקר אוראו 311,,,דגני בוקר אוראו 311,גרמים,311.00,100 גרם,false,,18.90,0.0608,true,1,264204
884912365217,false,דגני בוקר אוראו,,,דגני בוקר אוראו,גרמים,311.00,100 גרם,false,,18.90,0.0608,true,1,217283
884912377142,false,דגני האני באנצ'ס וני,,,דגני האני באנצ'ס וני,גרמים,340.00,100 גרם,false,,22.90,0.0674,true,1,262396
893594002051,false,פופקורנס גבינת צ'דר,עלית,,פופקורנס גבינת צ'דר,גרמים,28.00,100 גרם,false,,6.50,0.2321,true,1,264041
893594002068,false,פופקורנס מלח ים,עלית,,פופקורנס מלח ים,גרמים,28.00,100 גרם,false,,6.50,0.2321,true,1,264042
1000201100409,false,6 גומיות שחורות בבלי,,,6 גומיות שחורות בבלי,יחידה,0.00,יחידה,false,,8.90,0.0000,true,1,188329
1230000068314,false,בשר טחון ביונד מיט 3,,,בשר טחון ביונד מיט 3,גרמים,300.00,100 גרם,false,,31.90,0.1063,false,1,217584
1230000116022,false,המבורגר ביונד מיט מא,,,המבורגר ביונד מיט מא,גרמים,226.00,100 גרם,false,,28.90,0.1279,false,1,262845
3014260022839,false,זוג מברשת אוראל בי נ,אורל-בי,,זוג מברשת אוראל בי נ,יחידה,0.00,יחידה,false,,19.90,0.0000,true,1,186742
3014260023089,false,מברשת שיניים שלישיה,אורל-בי,,מברשת שיניים שלישיה,יחידה,0.00,יחידה,false,,11.90,0.0000,true,1,188100
3014260048723,false,מברשת שיניים אורל בי,,,מברשת שיניים אורל בי,יחידה,0.00,יחידה,false,,9.90,0.0000,true,1,190480
3014260201753,false,סכינים בלו 2 חמי,ג'ילט,,סכינים בלו 2 חמי,יחידה,0.00,יחידה,false,,14.90,0.0000,true,1,106560
3014260214692,false,ג'ל לגילוח רגיש,ג'ילט,,ג'ל לגילוח רגיש,מיליליטרים,200.00,"100 מ""ל",false,,16.90,0.0845,true,1,106561
3014260228842,false,ג'ילט קצף גילוח רגיל,ג'ילט,,ג'ילט קצף גילוח רגיל,מיליליטרים,200.00,"100 מ""ל",false,,14.90,0.0745,true,1,121847
3014260240226,false,ג'ילט קצף גילוח רגיש,ג'ילט,,ג'ילט קצף גילוח רגיש,מיליליטרים,200.00,"100 מ""ל",false,,14.90,0.0745,true,1,121922
3014260280772,false,חוט דנטלי מנטה עם שע,אורל-בי,,חוט דנטלי מנטה עם שע,יחידה,0.00,יחידה,false,,16.90,0.0000,true,1,106582
3014260287030,false,ג'ילט 2 חמישיה.,ג'ילט,,ג'ילט 2 חמישיה.,יחידה,0.00,יחידה,false,,7.90,0.0000,false,1,106584
3014260836665,false,זוג מברשת שיניים אור,אורל-בי,,זוג מברשת שיניים אור,יחידה,0.00,יחידה,false,,39.90,0.0000,true,1,186743
3045200760009,false,דזיטול נוזל מחטא בגד,יעקובי,,דזיטול נוזל מחטא בגד,מיליליטרים,500.00,"100 מ""ל",false,,13.90,0.0278,true,1,203960
3045201108008,false,אדיאל מסיר כתמים צהו,יעקובי,,אדיאל מסיר כתמים צהו,מיליליטרים,150.00,"100 מ""ל",false,,19.90,0.1327,true,1,137463
3045206312257,false,דזיטול מגבונים,יעקובי,,דזיטול מגבונים,יחידה,0.00,יחידה,false,,14.90,0.0000,true,1,137464
3045206360609,false,דזיטול נוזל מחטא בגד,,,דזיטול נוזל מחטא בגד,ליטרים,1.00,ליטר,false,,22.90,22.9000,true,1,219747
3046920010801,false,לינדט אקסלנס הזלנט 1,לינדט,,לינדט אקסלנס הזלנט 1,גרמים,100.00,100 גרם,false,,15.00,0.1500,true,1,197581
3046920010856,false,שוקולד לינדט אקסלנס,לינדט,,שוקולד לינדט אקסלנס,גרמים,100.00,100 גרם,false,,15.00,0.1500,true,1,212141
3046920027281,false,שוקולד לינדט אקסלנס,לינדט,,שוקולד לינדט אקסלנס,גרמים,100.00,100 גרם,false,,15.00,0.1500,true,1,187080
3046920028004,false,שוקולד לינדט מריר 70,לינדט,,שוקולד לינדט מריר 70,גרמים,100.00,100 גרם,false,,15.00,0.1500,true,1,98414
3046920028363,false,שוקולד לינדט אקסלנס,לינדט,,שוקולד לינדט אקסלנס,גרמים,100.00,100 גרם,false,,15.00,0.1500,true,1,98415
3046920028721,false,לינדט אקסלנס 99%,,,לינדט אקסלנס 99%,גרמים,50.00,100 גרם,false,,15.00,0.3000,true,1,195600
3046920028752,false,לינדט אקסלנס מנטה 10,לינדט,,לינדט אקסלנס מנטה 10,גרמים,100.00,100 גרם,false,,15.00,0.1500,true,1,113876
3046920029674,false,לינדט אקסלנס עם שבבי,לינדט,,לינדט אקסלנס עם שבבי,גרמים,100.00,100 גרם,false,,15.00,0.1500,true,1,123560
3046920029681,false,לינדט אקסלנס מילד 10,,,לינדט אקסלנס מילד 10,גרמים,100.00,100 גרם,false,,15.00,0.1500,true,1,213836
3046920029759,false,שוקולד לינדט אקסלנס,לינדט,,שוקולד לינדט אקסלנס,גרמים,100.00,100 גרם,false,,15.00,0.1500,true,1,187081
3059940007768,false,אירוויק ספריי וניל,איירוויק,,אירוויק ספריי וניל,יחידה,240.00,יחידה,false,,9.90,0.0413,false,1,128595
3059943015104,false,אירוויק נטול גז פריס,איירוויק,,אירוויק נטול גז פריס,מיליליטרים,345.00,"100 מ""ל",false,,14.90,0.0432,true,1,122775
3059943015128,false,אירוויק נטול גז לבנד,איירוויק,,אירוויק נטול גז לבנד,מיליליטרים,345.00,"100 מ""ל",false,,14.90,0.0432,true,1,122776
3059943016507,false,אירוויק ספריי לבנדר,איירוויק,,אירוויק ספריי לבנדר,מיליליטרים,250.00,"100 מ""ל",false,,9.90,0.0396,false,1,128596
3059943016569,false,אירוויק ספריי פריסיה,איירוויק,,אירוויק ספריי פריסיה,מיליליטרים,250.00,"100 מ""ל",false,,9.90,0.0396,false,1,128593
3067140013113,false,משקה ציקוריה בטעם קר,,,משקה ציקוריה בטעם קר,גרמים,100.00,100 גרם,false,,26.90,0.2690,true,1,96165
3067140243114,false,אבקה לירוקס להכנת מש,,,אבקה לירוקס להכנת מש,גרמים,100.00,100 גרם,false,,26.90,0.2690,true,1,96167
3068320055008,false,PET אויאן 0.5 ליטר,,,PET אויאן 0.5 ליטר,יחידה,500.00,יחידה,false,,6.50,0.0130,true,1,198160
3069538102027,false,רביעיית רכז עגבניות,,,רביעיית רכז עגבניות,גרמים,70.00,100 גרם,false,,8.90,0.1271,true,1,262538
3073781161663,false,גבינה לוואש קירי 8 י,,,גבינה לוואש קירי 8 י,גרמים,128.00,100 גרם,false,,11.90,0.0930,true,1,219110
3073781161687,false,גבינה לוואש קירי 16,,,גבינה לוואש קירי 16,גרמים,256.00,100 גרם,false,,22.70,0.0887,true,1,219111
3073781161700,false,גבינה לוואש קירי 32,,,גבינה לוואש קירי 32,גרמים,480.00,100 גרם,false,,37.90,0.0790,true,1,219239
3073781162790,false,בייביבל ברשת,,,בייביבל ברשת,גרמים,120.00,100 גרם,false,,19.90,0.1658,true,1,262375
3073781177220,false,גבינה בייבי בל רול,,,גבינה בייבי בל רול,גרמים,102.00,100 גרם,false,,19.90,0.1951,true,1,263923
3141360054405,false,פיניש מפיג ריח לימון,פיניש,,פיניש מפיג ריח לימון,יחידה,0.00,יחידה,false,,14.90,0.0000,true,1,195999
3161911229199,false,חמאה רכה,נטו,,חמאה רכה,גרמים,250.00,100 גרם,false,,21.00,0.0840,true,1,109115
3161911364531,false,חמאה נורמנדי אלוויר,,,חמאה נורמנדי אלוויר,גרמים,200.00,100 גרם,false,,15.90,0.0795,true,1,109116
3161911366429,false,חמאה רכה מלוחה,נטו,,חמאה רכה מלוחה,גרמים,250.00,100 גרם,false,,21.00,0.0840,true,1,109117
3161911393210,false,חמאת נורמנדי מלוחה א,,,חמאת נורמנדי מלוחה א,גרמים,200.00,100 גרם,false,,16.90,0.0845,true,1,262173
3175460000017,false,גבינת בורסן שום ועשב,,,גבינת בורסן שום ועשב,גרמים,200.00,100 גרם,false,,21.90,0.1095,true,1,123954
3175460000062,false,בורסן פלפל,נטו,,בורסן פלפל,גרמים,150.00,100 גרם,false,,21.90,0.1460,true,1,109119
3175460000864,false,בורסאן טבעי גבינת שמ,,,בורסאן טבעי גבינת שמ,גרמים,150.00,100 גרם,false,,21.90,0.1460,true,1,195486
3175460030083,false,בורסאן עם שלות ועירי,,,בורסאן עם שלות ועירי,גרמים,150.00,100 גרם,false,,21.90,0.1460,true,1,124205
3178530402278,false,עוגיות גאלט חמאה עם,,,עוגיות גאלט חמאה עם,גרמים,150.00,100 גרם,false,,16.90,0.1127,true,1,194950
3178530409673,false,עוגיות פלמיה קרמל,,,עוגיות פלמיה קרמל,גרמים,100.00,100 גרם,false,,15.90,0.1590,true,1,210006
3179732348913,false,פרייה מים מינרלים פל,,,פרייה מים מינרלים פל,ליטרים,1.00,ליטר,false,,8.50,8.5000,true,1,190143
3335121604934,false,חרדל חלק 370 גר',,,חרדל חלק 370 גר',גרמים,370.00,100 גרם,false,,8.00,0.0216,true,1,122019
3335121614933,false,שאטל חרדל דיזון גרגי,,,שאטל חרדל דיזון גרגי,גרמים,200.00,100 גרם,false,,10.00,0.0500,true,1,117584
3387390320244,false,פיטנס דגנים עם פירות,נסטלה,,פיטנס דגנים עם פירות,גרמים,375.00,100 גרם,false,,21.90,0.0584,false,1,93560
3387390525960,false,דגנים קראנץ' נסטלה 5,נסטלה,,דגנים קראנץ' נסטלה 5,גרמים,500.00,100 גרם,false,,19.90,0.0398,false,1,118720
3387390730852,false,פיטנס דגני בוקר 375,נסטלה,,פיטנס דגני בוקר 375,גרמים,375.00,100 גרם,false,,21.90,0.0584,false,1,93565
3445850070778,false,מלח ים אטלנטי,,,מלח ים אטלנטי,יחידה,1.00,יחידה,false,,19.00,19.0000,true,1,126717
3523230025638,false,גבינת בושה עיזים 125,,,גבינת בושה עיזים 125,גרמים,125.00,100 גרם,false,,22.90,0.1832,true,1,147195
3523230025652,false,גבינת מיני בושה שום,,,גבינת מיני בושה שום,גרמים,125.00,100 גרם,false,,22.90,0.1832,true,1,217112
3523230026888,false,גבינת עיזים עם שום פ,,,גבינת עיזים עם שום פ,גרמים,140.00,100 גרם,false,,23.90,0.1707,true,1,196960
3523230038959,false,גבינת בושה מפוחם 125,,,גבינת בושה מפוחם 125,גרמים,125.00,100 גרם,false,,22.90,0.1832,true,1,218634
3563490014898,false,חרדל דיזון לחיץ 255,ריין דה דיג'ון,,חרדל דיזון לחיץ 255,גרמים,265.00,100 גרם,false,,11.90,0.0449,true,1,150788
3574660026788,false,גונסון בייבי טלק 200,,,גונסון בייבי טלק 200,גרמים,200.00,100 גרם,false,,19.90,0.0995,true,1,206909
3574660058857,false,ג'ונסון בייבי שמן 50,,,ג'ונסון בייבי שמן 50,מיליליטרים,500.00,"100 מ""ל",false,,29.90,0.0598,true,1,206877
3574660115154,false,טמפונים אובה סופר 32,O.B,,טמפונים אובה סופר 32,יחידה,0.00,יחידה,false,,22.90,0.0000,true,1,111884
3574660241570,false,או בה פרו קומפורט נו,,,או בה פרו קומפורט נו,יחידה,0.00,יחידה,false,,22.90,0.0000,true,1,203522
3574660464337,false,קרפרי מגן תחתון אוור,carefree,,קרפרי מגן תחתון אוור,יחידה,0.00,יחידה,false,,19.90,0.0000,true,1,120430
3574660464368,false,קרפרי מגן תחתון אוור,carefree,,קרפרי מגן תחתון אוור,יחידה,0.00,יחידה,false,,19.90,0.0000,true,1,154972
3574660464429,false,קרפרי מגן תחתון אוור,carefree,,קרפרי מגן תחתון אוור,יחידה,0.00,יחידה,false,,19.90,0.0000,true,1,120433
3574661003924,false,ליסטרין שטיפת פה 500,ליסטרין,,ליסטרין שטיפת פה 500,מיליליטרים,500.00,"100 מ""ל",false,,16.90,0.0338,true,1,188744
3574661114637,false,"ליסטרין 500 מ""ל",ליסטרין,,"ליסטרין 500 מ""ל",מיליליטרים,500.00,"100 מ""ל",false,,16.90,0.0338,true,1,151294
3574661203577,false,ליסטרין וויט שטיפת פ,,,ליסטרין וויט שטיפת פ,מיליליטרים,500.00,"100 מ""ל",false,,16.90,0.0338,true,1,205756
3574661363998,false,"ליסטרין 500 מ""ל",ליסטרין,,"ליסטרין 500 מ""ל",מיליליטרים,500.00,"100 מ""ל",false,,16.90,0.0338,true,1,199819
3574661432847,false,גונסון מרכך שיער הקץ,,,גונסון מרכך שיער הקץ,מיליליטרים,500.00,"100 מ""ל",false,,19.90,0.0398,true,1,206880
3574661485218,false,אובה פרוקונפורט נורמ,O.B,,אובה פרוקונפורט נורמ,יחידה,0.00,יחידה,false,,22.90,0.0000,true,1,262999
3574661487328,false,קרפרי מגן תחתון 56 י,,,קרפרי מגן תחתון 56 י,יחידה,0.00,יחידה,false,,15.90,0.0000,true,1,209038
3574661487335,false,קרפרי מקסי לונגי ריח,,,קרפרי מקסי לונגי ריח,יחידה,0.00,יחידה,false,,15.90,0.0000,true,1,208928
3574661487618,false,קרפרי מגן תחתון מקסי,,,קרפרי מגן תחתון מקסי,יחידה,0.00,יחידה,false,,15.90,0.0000,true,1,209733
3574661487625,false,קרפרי מגן תחתון מקסי,,,קרפרי מגן תחתון מקסי,יחידה,0.00,יחידה,false,,15.90,0.0000,true,1,209328
3574661487632,false,קרפרי מגן תחתון לארג,,,קרפרי מגן תחתון לארג,יחידה,0.00,יחידה,false,,19.90,0.0000,true,1,209876
3574661501901,false,קרפרי שטיפה אינטימית,,,קרפרי שטיפה אינטימית,מיליליטרים,200.00,"100 מ""ל",false,,16.90,0.0845,true,1,209338
3574661552576,false,קרפרי מגן תחתון טנגה,,,קרפרי מגן תחתון טנגה,יחידה,0.00,יחידה,false,,15.90,0.0000,true,1,212288
3574661552804,false,קרפרי מגן תחתון אלוו,,,קרפרי מגן תחתון אלוו,יחידה,0.00,יחידה,false,,15.90,0.0000,true,1,214147
3574661552811,false,קרפרי כותון אוורירי,,,קרפרי כותון אוורירי,יחידה,0.00,יחידה,false,,15.90,0.0000,true,1,212968
3574661554884,false,קרפרי רגיל טנגה ריחנ,,,קרפרי רגיל טנגה ריחנ,יחידה,0.00,יחידה,false,,15.90,0.0000,true,1,213637
3574669907682,false,ג'ונסון בייבי טלק 50,,,ג'ונסון בייבי טלק 50,גרמים,500.00,100 גרם,false,,31.90,0.0638,true,1,207085
3574669908443,false,גונסון בייבי אל סבון,,,גונסון בייבי אל סבון,מיליליטרים,750.00,"100 מ""ל",false,,21.90,0.0292,true,1,206910
3574669908481,false,גונסון בייבי אל סבון,,,גונסון בייבי אל סבון,מיליליטרים,750.00,"100 מ""ל",false,,21.90,0.0292,true,1,206882
3574669908948,false,ג'ונסון בייבי אל סבו,,,ג'ונסון בייבי אל סבו,מיליליטרים,750.00,"100 מ""ל",false,,21.90,0.0292,true,1,207084
3574669909204,false,ג'ונסון בייבי שמן,,,ג'ונסון בייבי שמן,מיליליטרים,300.00,"100 מ""ל",false,,21.90,0.0730,true,1,207088
3600521937259,false,לוריאל קרם לחות פעול,,,לוריאל קרם לחות פעול,מיליליטרים,50.00,"100 מ""ל",false,,45.90,0.9180,true,1,199370
3600522344032,false,אלביב מסכה לשיער פגו,,,אלביב מסכה לשיער פגו,מיליליטרים,300.00,"100 מ""ל",false,,22.90,0.0763,true,1,147506
3600522344070,false,מסכה אלביב לשיער מתו,אלביב לוריאל,,מסכה אלביב לשיער מתו,מיליליטרים,300.00,"100 מ""ל",false,,22.90,0.0763,true,1,179056
3600523605972,false,מסכה לשיער אלביב,,,מסכה לשיער אלביב,מיליליטרים,300.00,"100 מ""ל",false,,22.90,0.0763,true,1,201802
3600523642489,false,אלביב מסכת שמנים,,,אלביב מסכת שמנים,מיליליטרים,300.00,"100 מ""ל",false,,22.90,0.0763,true,1,207334
3600523651870,false,שמפו ארגינין אלביב,,,שמפו ארגינין אלביב,מיליליטרים,550.00,"100 מ""ל",false,,14.90,0.0271,true,1,203204
3600523651887,false,שמפו אלביב,,,שמפו אלביב,מיליליטרים,550.00,"100 מ""ל",false,,14.90,0.0271,true,1,203557
3600523651900,false,מרכך ארגינין אלביב,,,מרכך ארגינין אלביב,מיליליטרים,550.00,"100 מ""ל",false,,14.90,0.0271,true,1,203152
3600523652228,false,מרכך טוטאל ריפר אלבי,,,מרכך טוטאל ריפר אלבי,מיליליטרים,550.00,"100 מ""ל",false,,14.90,0.0271,true,1,203159
3600523652242,false,שמפו קולור פרוטקט אל,,,שמפו קולור פרוטקט אל,מיליליטרים,550.00,"100 מ""ל",false,,14.90,0.0271,true,1,203160
3600523652259,false,מרכך קולור פרוטקט אל,,,מרכך קולור פרוטקט אל,מיליליטרים,550.00,"100 מ""ל",false,,14.90,0.0271,true,1,203161
3600523652297,false,מרכך 6 שמנים אלביב,,,מרכך 6 שמנים אלביב,מיליליטרים,550.00,"100 מ""ל",false,,14.90,0.0271,true,1,203153
3600523782581,false,אלביב מרכך שיער 500,,,אלביב מרכך שיער 500,מיליליטרים,500.00,"100 מ""ל",false,,14.90,0.0298,true,1,207331
3600523816699,false,קרם ג'ל פרש טריפל לו,,,קרם ג'ל פרש טריפל לו,מיליליטרים,50.00,"100 מ""ל",false,,47.90,0.9580,true,1,217858
3600523936700,false,קרם לוריאל דרמו פעול,,,קרם לוריאל דרמו פעול,מיליליטרים,50.00,"100 מ""ל",false,,44.90,0.8980,true,1,217859
3600524051334,false,מרכך אלביב היאלרונית,,,מרכך אלביב היאלרונית,מיליליטרים,400.00,"100 מ""ל",false,,14.90,0.0373,true,1,263914
3600541029323,false,מסיר איפור 2 ב- 1 גר,,,מסיר איפור 2 ב- 1 גר,מיליליטרים,200.00,"100 מ""ל",false,,21.90,0.1095,true,1,198747
3600541253667,false,דאוד' ספריי גרנייה,,,דאוד' ספריי גרנייה,מיליליטרים,150.00,"100 מ""ל",false,,10.90,0.0727,true,1,198758
3600541382930,false,מים מיסלרים לכל סוג,,,מים מיסלרים לכל סוג,מיליליטרים,400.00,"100 מ""ל",false,,29.90,0.0747,true,1,205164
3600541402270,false,דאוד' גרנייה ירוק לא,,,דאוד' גרנייה ירוק לא,מיליליטרים,150.00,"100 מ""ל",false,,10.90,0.0727,true,1,199371
3600541937475,false,ג'ל לניקוי פנים גראנ,,,ג'ל לניקוי פנים גראנ,גרמים,150.00,100 גרם,false,,34.90,0.2327,true,1,203309
3600541952720,false,"ג'ל גרגרים 150 מ""ל",,,"ג'ל גרגרים 150 מ""ל",מיליליטרים,150.00,"100 מ""ל",false,,34.90,0.2327,true,1,203758
3600542216623,false,רול און גרנייר,,,רול און גרנייר,מיליליטרים,50.00,"100 מ""ל",false,,10.90,0.2180,true,1,217793
3600542216647,false,דאודורנט ספריי 150 מ,,,דאודורנט ספריי 150 מ,מיליליטרים,150.00,"100 מ""ל",false,,10.90,0.0727,true,1,217731
3600542309974,false,רול און גרנייר,,,רול און גרנייר,מיליליטרים,50.00,"100 מ""ל",false,,10.90,0.2180,true,1,217575
3600542310444,false,דאודורנט ספריי מגנזי,,,דאודורנט ספריי מגנזי,מיליליטרים,150.00,"100 מ""ל",false,,10.90,0.0727,true,1,217635
3600542365710,false,גרנייה פיור ג'ל לניק,,,גרנייה פיור ג'ל לניק,100 מל,200.00,100 מל,false,,29.90,0.1495,true,1,218164
3600542385091,false,רול און גרנייר 60 מ,,,רול און גרנייר 60 מ,מיליליטרים,60.00,"100 מ""ל",false,,10.90,0.1817,true,1,218449
3600542385220,false,רול און גרנייר,,,רול און גרנייר,מיליליטרים,50.00,"100 מ""ל",false,,10.90,0.2180,true,1,217580
3600542385275,false,רול און גרנייר,,,רול און גרנייר,מיליליטרים,50.00,"100 מ""ל",false,,10.90,0.2180,true,1,217581
3607340717635,false,אדידס אייס דייב ג'ל,,,אדידס אייס דייב ג'ל,מיליליטרים,400.00,"100 מ""ל",false,,10.00,0.0250,true,1,202621
3607345264356,false,פיוז'ן-ספריי גוף דינ,,,פיוז'ן-ספריי גוף דינ,מיליליטרים,0.00,"מ""ל",false,,19.90,0.0000,true,1,128956
3607345264912,false,פיוז'ן-ספריי גוף איי,,,פיוז'ן-ספריי גוף איי,מיליליטרים,150.00,"100 מ""ל",false,,19.90,0.1327,true,1,133663
3607345265117,false,פיוז'ן-ספריי גוף טים,,,פיוז'ן-ספריי גוף טים,מיליליטרים,0.00,"מ""ל",false,,19.90,0.0000,true,1,133009
3607347320449,false,אדידס ספורט אנרגי ג',,,אדידס ספורט אנרגי ג',מיליליטרים,400.00,"100 מ""ל",false,,10.00,0.0250,true,1,202619
3607347918981,false,דאודורנט רול און 50,,,דאודורנט רול און 50,מיליליטרים,50.00,"100 מ""ל",false,,13.90,0.2780,true,1,203384
3608580071389,false,ממרח ערמונים,,,ממרח ערמונים,יחידה,0.00,יחידה,false,,19.90,0.0000,true,1,259868
3608580075646,false,קונפיטורה שזיפים,,,קונפיטורה שזיפים,גרמים,370.00,100 גרם,false,,19.90,0.0538,true,1,259846
3608580730231,false,קונפיטורה תות 370 גר,,,קונפיטורה תות 370 גר,גרמים,370.00,100 גרם,false,,19.90,0.0538,true,1,189531
3608580730248,false,קונפיטורה דבדבן 370,,,קונפיטורה דבדבן 370,גרמים,370.00,100 גרם,false,,19.90,0.0538,true,1,189532
3608580730255,false,קונפיטורה משמש 370 ג,,,קונפיטורה משמש 370 ג,גרמים,370.00,100 גרם,false,,19.90,0.0538,true,1,189533
3608580730279,false,מרמלדת תפוזים 370 גר,,,מרמלדת תפוזים 370 גר,גרמים,370.00,100 גרם,false,,19.90,0.0538,true,1,214501
3614221653715,false,אדידס קליימקול ג'ל ר,,,אדידס קליימקול ג'ל ר,מיליליטרים,400.00,"100 מ""ל",false,,10.00,0.0250,true,1,202620
3614223736485,false,דאודורנט אדידס ספריי,,,דאודורנט אדידס ספריי,מיליליטרים,200.00,"100 מ""ל",false,,19.90,0.0995,true,1,202528
3614224051235,false,דאודורנט אדידס גברים,,,דאודורנט אדידס גברים,מיליליטרים,200.00,"100 מ""ל",false,,19.90,0.0995,true,1,206856
3661163991146,false,דאו' ספריי לאישה A3ד,פרש-וואנס,,דאו' ספריי לאישה A3ד,מיליליטרים,200.00,"100 מ""ל",false,,19.90,0.0995,true,1,124024
3661163991580,false,דאו' ספריי לאישה A3ד,,,דאו' ספריי לאישה A3ד,מיליליטרים,200.00,"100 מ""ל",false,,19.90,0.0995,true,1,124025
3700604200222,false,אריסה טוניסאית 350 ג,,,אריסה טוניסאית 350 ג,גרמים,350.00,100 גרם,false,,21.90,0.0626,true,1,203277
3700604201090,false,אריסה מפלפלים ירוקים,,,אריסה מפלפלים ירוקים,גרמים,190.00,100 גרם,false,,16.90,0.0889,true,1,213466
3700604201175,false,אריסה טונסאית פיקנטי,,,אריסה טונסאית פיקנטי,גרמים,190.00,100 גרם,false,,16.90,0.0889,true,1,214289
3760235771010,false,דומיין דה בומון שאבל,,,דומיין דה בומון שאבל,מיליליטרים,750.00,"100 מ""ל",false,,100.00,0.1333,true,1,259494
3800020403631,false,קיט קאט צ'אנקי חמאה,נסטלה,,קיט קאט צ'אנקי חמאה,גרמים,42.00,100 גרם,false,,3.70,0.0881,true,1,144002
3800020423578,false,נסטלה קיט קט צ'נקי א,,,נסטלה קיט קט צ'נקי א,גרמים,40.00,100 גרם,false,,3.70,0.0925,true,1,143275
3800020472712,false,קיט קאט צ'אנקי פופקו,,,קיט קאט צ'אנקי פופקו,גרמים,42.00,100 גרם,false,,3.70,0.0881,true,1,219385
4000417019004,false,שוקולד חלב ריטר ספור,,,שוקולד חלב ריטר ספור,גרמים,100.00,100 גרם,false,,9.90,0.0990,false,1,109822
4000417022004,false,שוקולד חלב צימוקים ו,,,שוקולד חלב צימוקים ו,גרמים,100.00,100 גרם,false,,8.50,0.0850,false,1,109825
4000417023001,false,שוקולד חלב עם שקדים,,,שוקולד חלב עם שקדים,גרמים,100.00,100 גרם,false,,9.90,0.0990,false,1,109826
4000417025005,false,שוקולד ריטר ספורט עם,ריטר,,שוקולד ריטר ספורט עם,גרמים,100.00,100 גרם,false,,8.50,0.0850,false,1,109827
4000417026002,false,ריטר שוקולד חלב ממול,,,ריטר שוקולד חלב ממול,גרמים,100.00,100 גרם,false,,8.50,0.0850,false,1,109828
4000417101211,false,אמיצ'לי גלילי וופל א,,,אמיצ'לי גלילי וופל א,גרמים,150.00,100 גרם,false,,17.90,0.1193,true,1,261113
4000417212009,false,שוקולד ריטר מריר מעו,ריטר,,שוקולד ריטר מריר מעו,גרמים,100.00,100 גרם,false,,8.50,0.0850,true,1,206579
4000417222008,false,שוקולד ריטר חלב עם ש,ריטר,,שוקולד ריטר חלב עם ש,גרמים,100.00,100 גרם,false,,8.50,0.0850,true,1,193079
4000417224002,false,ריטר שוקולד מריר עם,,,ריטר שוקולד מריר עם,גרמים,100.00,100 גרם,false,,9.90,0.0990,false,1,133984
4000417294005,false,ריטר מוס קקאו,,,ריטר מוס קקאו,גרמים,100.00,100 גרם,false,,8.50,0.0850,false,1,140677
4000417298003,false,שוקולד ריטר חלב במיל,,,שוקולד ריטר חלב במיל,גרמים,100.00,100 גרם,false,,8.50,0.0850,false,1,143761
4000417450302,false,מיני ריטר פאוצ' 183,ריטר,,מיני ריטר פאוצ' 183,גרמים,183.00,100 גרם,false,,19.90,0.1087,true,1,264568
4000417707000,false,ריטר שוקולד חלב עם ש,ריטר,,ריטר שוקולד חלב עם ש,גרמים,100.00,100 גרם,false,,9.90,0.0990,true,1,217771
4000417708007,false,ריטר שוקולד מריר עם,ריטר,,ריטר שוקולד מריר עם,גרמים,100.00,100 גרם,false,,9.90,0.0990,true,1,217772
4000522009747,false,"בייגלה מקלות תפ""א",,,"בייגלה מקלות תפ""א",גרמים,85.00,100 גרם,false,,4.00,0.0471,true,1,218771
4000522061752,false,בייגלה צ'יו מקלות,,,בייגלה צ'יו מקלות,גרמים,100.00,100 גרם,false,,4.00,0.0400,true,1,149430
4000539280740,false,שוקולד לינדט 100 גר',לינדט,,שוקולד לינדט 100 גר',גרמים,100.00,100 גרם,false,,15.00,0.1500,true,1,263688
4000539363108,false,שוקולד לינדור סטיק,לינדור,,שוקולד לינדור סטיק,גרמים,38.00,100 גרם,false,,5.90,0.1553,true,1,198875
4000576027933,false,צמרוני אוזניים 200 י,,,צמרוני אוזניים 200 י,יחידה,0.00,יחידה,false,,7.50,0.0000,true,1,212914
4000576481889,false,צימרונים 72 יח',,,צימרונים 72 יח',יחידה,0.00,יחידה,false,,6.50,0.0000,true,1,123854
4000576722654,false,פדים להסרת איפור,,,פדים להסרת איפור,יחידה,0.00,יחידה,false,,15.90,0.0000,true,1,133083
4000799136894,false,קפה נמס אורגני מיובש,,,קפה נמס אורגני מיובש,גרמים,100.00,100 גרם,false,,29.90,0.2990,true,1,206208
4000869032569,false,הפי פרש ג'ל מוצק,יעקובי הפי,,הפי פרש ג'ל מוצק,יחידה,0.00,יחידה,false,,7.90,0.0000,true,1,103324
4001499112942,false,פרוש-מסיר שומנים,,,פרוש-מסיר שומנים,מיליליטרים,500.00,"100 מ""ל",false,,19.90,0.0398,true,1,185206
4001499116193,false,פרוש מרכך כביסה פרח,,,פרוש מרכך כביסה פרח,מיליליטרים,750.00,"100 מ""ל",false,,17.00,0.0227,true,1,172479
4001499139796,false,פרוש קרם לניקוי לימו,,,פרוש קרם לניקוי לימו,מיליליטרים,500.00,"100 מ""ל",false,,13.90,0.0278,true,1,172480
4001499142420,false,פרוש ספריי לניקוי אס,,,פרוש ספריי לניקוי אס,מיליליטרים,750.00,"100 מ""ל",false,,15.90,0.0212,true,1,140837
4001499152061,false,פרוש ספריי לניקוי כל,,,פרוש ספריי לניקוי כל,מיליליטרים,500.00,"100 מ""ל",false,,18.90,0.0378,true,1,172483
4001499162916,false,פרוש נוזל כלים בתוספ,,,פרוש נוזל כלים בתוספ,מיליליטרים,500.00,"100 מ""ל",false,,16.90,0.0338,true,1,201644
4001507161948,false,שיבולת שועל דקה,,,שיבולת שועל דקה,גרמים,500.00,100 גרם,false,,6.00,0.0120,true,1,192293
4001507161955,false,פתיתי שיבולת שועל עב,,,פתיתי שיבולת שועל עב,גרמים,500.00,100 גרם,false,,6.00,0.0120,true,1,207764
4002448017684,false,סיליט באנג ספריי,סיליט,,סיליט באנג ספריי,מיליליטרים,750.00,"100 מ""ל",false,,14.90,0.0199,true,1,104405
4002575016253,false,מרציפן מצופה שוק,,,מרציפן מצופה שוק,גרמים,100.00,100 גרם,false,,8.90,0.0890,true,1,102089
4002590000022,false,סוכריות קלפני,קלפני,,סוכריות קלפני,גרמים,150.00,100 גרם,false,,9.00,0.0600,true,1,102090
4002590000039,false,סוכריות קלפני,קלפני,,סוכריות קלפני,גרמים,150.00,100 גרם,false,,9.00,0.0600,true,1,102091
4002590000046,false,סוכריות קלפני,קלפני,,סוכריות קלפני,גרמים,150.00,100 גרם,false,,9.00,0.0600,true,1,102092
4002590000619,false,סוכריות בטעם קפה 150,,,סוכריות בטעם קפה 150,גרמים,150.00,100 גרם,false,,9.00,0.0600,true,1,232800
4002590000626,false,סוכריות קלפני דובדבן,,,סוכריות קלפני דובדבן,גרמים,150.00,100 גרם,false,,9.00,0.0600,true,1,261150
4002590703541,false,סוכריות קלפני תות 15,קלפני,,סוכריות קלפני תות 15,גרמים,150.00,100 גרם,false,,9.00,0.0600,true,1,185818
4002720004371,false,מליטה CREMA BELLAקפה,,,מליטה CREMA BELLAקפה,גרמים,250.00,100 גרם,false,,25.90,0.1036,true,1,137846
4002720005736,false,מליטה קפה PREMIUMלפי,,,מליטה קפה PREMIUMלפי,גרמים,250.00,100 גרם,false,,21.00,0.0840,false,1,115654
4003754081000,false,מרציפן חטיף 100 גרם,,,מרציפן חטיף 100 גרם,גרמים,100.00,100 גרם,false,,6.90,0.0690,true,1,201368
4004666042004,false,משמיד עובש עם מר,יעקובי,,משמיד עובש עם מר,מיליליטרים,500.00,"100 מ""ל",false,,29.90,0.0598,true,1,112849
4004666111656,false,מלרוד ג'ל פעיל להשמד,,,מלרוד ג'ל פעיל להשמד,מיליליטרים,250.00,"100 מ""ל",false,,27.90,0.1116,true,1,260950
4004666111663,false,מלרוד שפורפרת להלבנת,,,מלרוד שפורפרת להלבנת,מיליליטרים,90.00,"100 מ""ל",false,,24.90,0.2767,true,1,260949
4005808128273,false,ניוואה ג'ל רחצה מנטה,,,ניוואה ג'ל רחצה מנטה,מיליליטרים,500.00,"100 מ""ל",false,,14.90,0.0298,true,1,125071
4005808170005,false,קצף גילוח,,,קצף גילוח,מיליליטרים,250.00,"100 מ""ל",false,,22.90,0.0916,true,1,190184
4005808229390,false,"ג'ל רחצה לגבר 500 מ""",,,"ג'ל רחצה לגבר 500 מ""",מיליליטרים,500.00,"100 מ""ל",false,,14.90,0.0298,true,1,133687
4005808293469,false,ניוואה דאודורנט ספרי,ניואה,,ניוואה דאודורנט ספרי,מיליליטרים,150.00,"100 מ""ל",false,,16.90,0.1127,true,1,259987
4005808366392,false,שפתון לבלו,,,שפתון לבלו,יחידה,0.00,יחידה,false,,12.90,0.0000,true,1,194571
4005808368280,false,שפתון לבלו,,,שפתון לבלו,יחידה,0.00,יחידה,false,,13.90,0.0000,true,1,194572
4005808406029,false,"תחליב רחצה 750 מ""ל",,,"תחליב רחצה 750 מ""ל",מיליליטרים,750.00,"100 מ""ל",false,,14.90,0.0199,true,1,203702
4005808502004,false,שפתון לבלו ורוד,,,שפתון לבלו ורוד,מיליליטרים,0.00,"מ""ל",false,,13.90,0.0000,true,1,124524
4005808515554,false,ניוואה סופט קרם לחות,ניואה,,ניוואה סופט קרם לחות,מיליליטרים,300.00,"100 מ""ל",false,,34.90,0.1163,true,1,263558
4005808571246,false,מסיר איפור לעיניים 1,,,מסיר איפור לעיניים 1,מיליליטרים,125.00,"100 מ""ל",false,,34.90,0.2792,true,1,191480
4005808588640,false,ניוואה-משחת גילוח עו,,,ניוואה-משחת גילוח עו,מיליליטרים,100.00,"100 מ""ל",false,,13.90,0.1390,true,1,165028
4005808668847,false,ניוואה תחליב ניקוי ל,ניואה,,ניוואה תחליב ניקוי ל,מיליליטרים,150.00,"100 מ""ל",false,,18.90,0.1260,true,1,214494
4005808670611,false,קרם יום מעניק לחות ל,ניואה,,קרם יום מעניק לחות ל,מיליליטרים,50.00,"100 מ""ל",false,,44.90,0.8980,true,1,150414
4005808698103,false,ניוואה תחליב גוף לעו,ניואה,,ניוואה תחליב גוף לעו,מיליליטרים,500.00,"100 מ""ל",false,,21.90,0.0438,true,1,215485
4005808702107,false,ניוואה תחליב גוף לעו,ניואה,,ניוואה תחליב גוף לעו,מיליליטרים,500.00,"100 מ""ל",false,,21.90,0.0438,true,1,215486
4005808828838,false,ניוואה אקווה קול דאו,,,ניוואה אקווה קול דאו,מיליליטרים,150.00,"100 מ""ל",false,,16.90,0.1127,true,1,103121
4005808837359,false,ניוואה רול און,,,ניוואה רול און,מיליליטרים,50.00,"100 מ""ל",false,,16.90,0.3380,true,1,113771
4005808890576,false,ניוואה סופט קרם לחות,,,ניוואה סופט קרם לחות,מיליליטרים,100.00,"100 מ""ל",false,,14.90,0.1490,true,1,135041
4005900036445,false,דאודורנט ניוואה רול,ניואה,,דאודורנט ניוואה רול,מיליליטרים,50.00,"100 מ""ל",false,,16.90,0.3380,true,1,148892
4005900036476,false,דאודורנט ניוואה רול,ניואה,,דאודורנט ניוואה רול,מיליליטרים,0.00,"מ""ל",false,,16.90,0.0000,true,1,136795
4005900036483,false,ניוואה דאודורנט ספרי,ניואה,,ניוואה דאודורנט ספרי,מיליליטרים,0.00,"מ""ל",false,,16.90,0.0000,true,1,136796
4005900036506,false,ניוואה רול און דאודו,ניואה,,ניוואה רול און דאודו,מיליליטרים,0.00,"מ""ל",false,,16.90,0.0000,true,1,136797
4005900036568,false,דאודורנט ספריי ניווא,,,דאודורנט ספריי ניווא,יחידה,0.00,יחידה,false,,16.90,0.0000,true,1,138571
4005900037909,false,דאודורנט ניוואה,ניואה,,דאודורנט ניוואה,מיליליטרים,150.00,"100 מ""ל",false,,16.90,0.1127,true,1,192940
4005900092403,false,קרם יום אנטי איגינג,,,קרם יום אנטי איגינג,מיליליטרים,50.00,"100 מ""ל",false,,64.90,1.2980,true,1,207199
4005900092427,false,קרם לילה אנטי אייג',ניואה,,קרם לילה אנטי אייג',מיליליטרים,50.00,"100 מ""ל",false,,42.90,0.8580,true,1,208146
4005900138842,false,ניוואה תחליב רחצה סמ,ניואה,,ניוואה תחליב רחצה סמ,מיליליטרים,750.00,"100 מ""ל",false,,14.90,0.0199,true,1,259500
4005900485243,false,דאודורנט ניוואה רול,ניואה,,דאודורנט ניוואה רול,מיליליטרים,50.00,"100 מ""ל",false,,16.90,0.3380,true,1,210427
4005900488459,false,דאודורנט ניוואה רול,ניואה,,דאודורנט ניוואה רול,מיליליטרים,50.00,"100 מ""ל",false,,16.90,0.3380,true,1,211567
4005900513069,false,דאודורנט ניוואה רול,ניואה,,דאודורנט ניוואה רול,מיליליטרים,50.00,"100 מ""ל",false,,16.90,0.3380,true,1,204382
4005900521262,false,ג'ל רחצה לגבר ניוואה,ניואה,,ג'ל רחצה לגבר ניוואה,מיליליטרים,500.00,"100 מ""ל",false,,14.90,0.0298,true,1,207183
4005900555915,false,ניוואה שמן אמבט קוקו,ניואה,,ניוואה שמן אמבט קוקו,מיליליטרים,750.00,"100 מ""ל",false,,14.90,0.0199,true,1,213777
4005900639554,false,ניוואה דאודורנט רול,ניואה,,ניוואה דאודורנט רול,מיליליטרים,50.00,"100 מ""ל",false,,16.90,0.3380,true,1,261251
4005900648181,false,ניוואה תחליב רחצה אל,ניואה,,ניוואה תחליב רחצה אל,מיליליטרים,750.00,"100 מ""ל",false,,14.90,0.0199,true,1,219378
4005900683878,false,לבלו סקראב אלוורה,,,לבלו סקראב אלוורה,מיליליטרים,5.50,"100 מ""ל",false,,13.90,2.5273,true,1,215030
4005900816016,false,ניוואה דאוד' ספר,,,ניוואה דאוד' ספר,מיליליטרים,150.00,"100 מ""ל",false,,16.90,0.1127,true,1,103126
4005900816115,false,רול און ניוואה,,,רול און ניוואה,מיליליטרים,50.00,"100 מ""ל",false,,16.90,0.3380,true,1,103130
4005900828088,false,ניוואה רול און,,,ניוואה רול און,מיליליטרים,50.00,"100 מ""ל",false,,16.90,0.3380,true,1,103135
4005900841148,false,ניוואה ג'ל גילוח,ניואה,,ניוואה ג'ל גילוח,מיליליטרים,200.00,"100 מ""ל",false,,17.90,0.0895,true,1,263090
4005900845702,false,ניוואה דאודורנט רול,ניואה,,ניוואה דאודורנט רול,מיליליטרים,50.00,"100 מ""ל",false,,16.90,0.3380,true,1,219377
4005900845733,false,ניוואה דאודורנט ספרי,ניואה,,ניוואה דאודורנט ספרי,גרמים,150.00,100 גרם,false,,16.90,0.1127,true,1,219617
4005900864000,false,ניוואה מים מיסלריים,ניואה,,ניוואה מים מיסלריים,מיליליטרים,400.00,"100 מ""ל",false,,34.90,0.0872,true,1,262150
4006387085407,false,שלישיית פילטר מקס פל,,,שלישיית פילטר מקס פל,יחידה,0.00,יחידה,false,,99.90,0.0000,false,1,202577
4006508122134,false,מליטה נייר לפילטר מס,,,מליטה נייר לפילטר מס,יחידה,0.00,יחידה,false,,10.90,0.0000,true,1,193243
4006508123094,false,נייר פילטר מספר 2 מל,,,נייר פילטר מספר 2 מל,יחידה,0.00,יחידה,false,,9.90,0.0000,true,1,193774
4007519050713,false,פלי 25 שקיות אשפה- 3,,,פלי 25 שקיות אשפה- 3,יחידה,0.00,יחידה,false,,10.90,0.0000,true,1,110912
4007519050720,false,פלי 20 שקיות אשפה- 6,,,פלי 20 שקיות אשפה- 6,יחידה,0.00,יחידה,false,,10.90,0.0000,true,1,127314
4007519050744,false,פלי 10 שקיות אשפה- 1,,,פלי 10 שקיות אשפה- 1,יחידה,0.00,יחידה,false,,10.90,0.0000,true,1,110913
4007519086248,false,פלי 20שקיות אשפה ריח,,,פלי 20שקיות אשפה ריח,יחידה,0.00,יחידה,false,,10.90,0.0000,true,1,204770
4007519086262,false,פלי 16 שקיות אשפה 60,,,פלי 16 שקיות אשפה 60,יחידה,0.00,יחידה,false,,10.90,0.0000,true,1,188889
4007745058804,false,מיונז אמיתי אורגני,,,מיונז אמיתי אורגני,גרמים,340.00,100 גרם,false,,21.00,0.0618,true,1,193436
4007745058828,false,חרדל גרגירים אורגני,,,חרדל גרגירים אורגני,גרמים,145.00,100 גרם,false,,13.90,0.0959,true,1,205886
4008102002867,false,תה גרגרים מילפורד לי,,,תה גרגרים מילפורד לי,גרמים,400.00,100 גרם,false,,14.90,0.0373,true,1,102101
4008287051032,false,קרומבאכר פילס פחית 5,,,קרומבאכר פילס פחית 5,מיליליטרים,500.00,"100 מ""ל",false,,9.90,0.0198,true,1,217798
4008287058161,false,קרומבאכר פילס שישייה,,,קרומבאכר פילס שישייה,מיליליטרים,1980.00,"100 מ""ל",false,,29.90,0.0151,true,1,217811
4008287762020,false,בירה קרומבאכר בקבוק,,,בירה קרומבאכר בקבוק,מיליליטרים,500.00,"100 מ""ל",false,,9.90,0.0198,true,1,148957
4008287905786,false,קרומבכר חיטה פחית 50,,,קרומבכר חיטה פחית 50,מיליליטרים,500.00,"100 מ""ל",false,,9.90,0.0198,true,1,217799
4008400290126,false,קינדר פינגווי עוגת ס,,,קינדר פינגווי עוגת ס,גרמים,30.00,100 גרם,false,,3.90,0.1300,true,1,217844
4008400290423,false,קינדר פינגווי עוגת ס,,,קינדר פינגווי עוגת ס,גרמים,120.00,100 גרם,false,,13.00,0.1083,false,1,217846
4008402101772,false,קיווי אקספרס ספוג הב,קיווי,,קיווי אקספרס ספוג הב,יחידה,0.00,יחידה,false,,14.90,0.0000,true,1,141270
4008429056710,false,ויסקס ביף 400 גר',ויסקס,,ויסקס ביף 400 גר',גרמים,400.00,100 גרם,false,,9.40,0.0235,true,1,186942
4008429951916,false,ויסקס טונה 400 גר',ויסקס,,ויסקס טונה 400 גר',גרמים,400.00,100 גרם,false,,9.40,0.0235,true,1,186943
4009300526438,false,תה ירוק קלאסי פומפדו,פומפדור,,תה ירוק קלאסי פומפדו,יחידה,0.00,יחידה,false,,19.90,0.0000,true,1,149376
4009300527909,false,פומפדור חליטת ג'ינג',,,פומפדור חליטת ג'ינג',יחידה,0.00,יחידה,false,,15.90,0.0000,true,1,201515
4009300528821,false,פומפדור תה ירוק ג'ינ,,,פומפדור תה ירוק ג'ינ,יחידה,0.00,יחידה,false,,19.90,0.0000,true,1,206968
4009300528845,false,פומפדור תה ירוק לימו,,,פומפדור תה ירוק לימו,יחידה,0.00,יחידה,false,,19.90,0.0000,true,1,206969
4009300529514,false,פומפדור חליטת פירות,,,פומפדור חליטת פירות,גרמים,50.00,100 גרם,false,,15.90,0.3180,true,1,262737
4009300529552,false,פומפדור חליטת פירות,,,פומפדור חליטת פירות,גרמים,50.00,100 גרם,false,,15.90,0.3180,true,1,262739
4009300529576,false,פומפדור חליטת פירות,,,פומפדור חליטת פירות,גרמים,50.00,100 גרם,false,,15.90,0.3180,true,1,219619
4009300529699,false,פומפדור סטארט יור די,,,פומפדור סטארט יור די,גרמים,36.00,100 גרם,false,,17.90,0.4972,true,1,216386
4009300530107,false,פומפדור חליטה קרה תו,,,פומפדור חליטה קרה תו,גרמים,45.00,100 גרם,false,,14.90,0.3311,true,1,217806
4009300530121,false,פומפדור חליטה קרה אפ,,,פומפדור חליטה קרה אפ,גרמים,45.00,100 גרם,false,,14.90,0.3311,true,1,217807
4009300530183,false,פומפדור חליטת תפוז ס,,,פומפדור חליטת תפוז ס,גרמים,44.00,100 גרם,false,,15.90,0.3614,true,1,264443
4009300530206,false,פומפדור חליטת תפוח ט,,,פומפדור חליטת תפוח ט,גרמים,50.00,100 גרם,false,,15.90,0.3180,true,1,264445
4009300530275,false,פומפדור חליטת מנטה מ,,,פומפדור חליטת מנטה מ,גרמים,36.00,100 גרם,false,,15.90,0.4417,true,1,264444
4009309022399,false,כרוב כבוש אורגני 650,,,כרוב כבוש אורגני 650,גרמים,650.00,100 גרם,false,,14.90,0.0229,true,1,206928
4009309114346,false,מלפפונים אורגניים בח,,,מלפפונים אורגניים בח,גרמים,670.00,100 גרם,false,,21.90,0.0327,true,1,206166
4009309114407,false,מלפפון כבוש אורגני 3,,,מלפפון כבוש אורגני 3,גרמים,360.00,100 גרם,false,,21.90,0.0608,true,1,208155
4009309740422,false,רסק תפוחים אורגני,,,רסק תפוחים אורגני,גרמים,700.00,100 גרם,false,,15.90,0.0227,true,1,205668
4009309742426,false,רסק תפוח מנגו אורגני,,,רסק תפוח מנגו אורגני,גרמים,700.00,100 גרם,false,,17.50,0.0250,true,1,205669
4009900013581,false,אורביט ספירמינט סקיק,אורביט,,אורביט ספירמינט סקיק,גרמים,65.00,100 גרם,false,,9.90,0.1523,true,1,144372
4009900379564,false,מסטיק הובה בובה פירו,הובה בובה,,מסטיק הובה בובה פירו,גרמים,56.00,100 גרם,false,,6.50,0.1161,true,1,95283
4009900385824,false,מארז חמישיית אורביט,אורביט,,מארז חמישיית אורביט,יחידה,0.00,יחידה,false,,9.90,0.0000,true,1,144741
4009900402965,false,אורביט בקבוקון בטעם,אורביט,,אורביט בקבוקון בטעם,גרמים,64.00,100 גרם,false,,10.00,0.1563,true,1,140612
4009900403023,false,אורביט בקבוקון בטעם,אורביט,,אורביט בקבוקון בטעם,גרמים,64.00,100 גרם,false,,10.00,0.1563,true,1,140613
4009900406918,false,מסטיק הובה בובה טריפ,הובה בובה,,מסטיק הובה בובה טריפ,גרמים,56.00,100 גרם,false,,6.50,0.1161,true,1,95302
4009900420129,false,אורביט פרופשיונל פפר,אורביט,,אורביט פרופשיונל פפר,גרמים,64.00,100 גרם,false,,10.00,0.1563,true,1,205401
4009900455299,false,סוכריות סקיטלס פירות,,,סוכריות סקיטלס פירות,גרמים,174.00,100 גרם,false,,8.90,0.0511,true,1,150197
4009900465304,false,סוכריות סקיטלס פירות,,,סוכריות סקיטלס פירות,גרמים,174.00,100 גרם,false,,8.90,0.0511,true,1,150198
4009900479998,false,מסטיק אורביט אוכמניו,אורביט,,מסטיק אורביט אוכמניו,גרמים,64.00,100 גרם,false,,10.00,0.1563,true,1,149934
4009900482417,false,מסטיק אורביט באבל מי,,,מסטיק אורביט באבל מי,יחידה,0.00,יחידה,false,,10.00,0.0000,true,1,143252
4009900487283,false,מארז חמישיית אורביט,אורביט,,מארז חמישיית אורביט,יחידה,0.00,יחידה,false,,9.90,0.0000,true,1,145560
4009900531122,false,אורביט פרופשיונל ספי,אורביט,,אורביט פרופשיונל ספי,גרמים,64.00,100 גרם,false,,10.00,0.1563,true,1,205402
4009900531573,false,סוכריות סקיטלס סמודי,,,סוכריות סקיטלס סמודי,גרמים,174.00,100 גרם,false,,8.90,0.0511,true,1,207079
4009900532327,false,סוכריות סקיטלס סמודי,,,סוכריות סקיטלס סמודי,גרמים,38.00,100 גרם,false,,3.00,0.0789,true,1,207351
4009900534918,false,סוכריות סקיטלס ג'יינ,,,סוכריות סקיטלס ג'יינ,גרמים,141.00,100 גרם,false,,8.90,0.0631,true,1,218585
4009900535519,false,אורביט רפרשרס ספירמי,אורביט,,אורביט רפרשרס ספירמי,גרמים,15.60,100 גרם,false,,3.90,0.2500,true,1,216714
4009900535540,false,אורביט רפרשרס פפרמינ,אורביט,,אורביט רפרשרס פפרמינ,גרמים,15.60,100 גרם,false,,3.90,0.2500,true,1,216715
4009900535823,false,אורביט רפרשרס באבלמי,אורביט,,אורביט רפרשרס באבלמי,גרמים,15.60,100 גרם,false,,3.90,0.2500,true,1,216716
4009900536257,false,אורביט רפרשרס ספירמי,אורביט,,אורביט רפרשרס ספירמי,גרמים,67.00,100 גרם,false,,11.90,0.1776,true,1,216717
4009900536288,false,אורביט רפרשרס פפרמינ,אורביט,,אורביט רפרשרס פפרמינ,גרמים,67.00,100 גרם,false,,11.90,0.1776,true,1,216718
4009900536486,false,אורביט רפרשרס באבלמי,אורביט,,אורביט רפרשרס באבלמי,גרמים,67.00,100 גרם,false,,11.90,0.1776,true,1,216719
4009900539401,false,פייב באונס בטעם מנטה,,,פייב באונס בטעם מנטה,גרמים,14.40,100 גרם,false,,3.90,0.2708,true,1,261908
4009900539432,false,פייב באונס בטעם אבטי,,,פייב באונס בטעם אבטי,גרמים,14.40,100 גרם,false,,3.90,0.2708,true,1,261909
4009900539746,false,פייב באונס בטעם אבטי,,,פייב באונס בטעם אבטי,גרמים,61.80,100 גרם,false,,11.90,0.1926,true,1,261907
4009900540551,false,אורביט ריפרשרס טרופי,אורביט,,אורביט ריפרשרס טרופי,גרמים,67.00,100 גרם,false,,11.90,0.1776,true,1,261556
4011100002227,false,באונטי מיני 403 גרם,,,באונטי מיני 403 גרם,גרמים,403.00,100 גרם,false,,21.90,0.0543,false,1,147868
4011800290030,false,קורני חטיף חלבון שוק,קורני,,קורני חטיף חלבון שוק,גרמים,50.00,100 גרם,false,,8.90,0.1780,true,1,263066
4011800290054,false,קורני חטיף חלבון קוק,קורני,,קורני חטיף חלבון קוק,גרמים,50.00,100 גרם,false,,8.90,0.1780,true,1,263067
4011800528416,false,חטיפי קורני בייס שיש,קורני,,חטיפי קורני בייס שיש,גרמים,150.00,100 גרם,false,,11.90,0.0793,false,1,210212
4011800567613,false,קורני סנדוויץ שחור ל,קורני,,קורני סנדוויץ שחור ל,גרמים,120.00,100 גרם,false,,11.90,0.0992,false,1,148306
4011800568610,false,קורני סנדוויץ קלאסי,קורני,,קורני סנדוויץ קלאסי,יחידה,0.00,יחידה,false,,11.90,0.0000,false,1,148162
4011800577810,false,חטיפי קורני פרי נוגט,קורני,,חטיפי קורני פרי נוגט,גרמים,120.00,100 גרם,false,,11.90,0.0992,false,1,261172
4011800628512,false,קורני עם שוקולד חלב,,,קורני עם שוקולד חלב,יחידה,0.00,יחידה,false,,11.90,0.0000,false,1,146788
4011800629519,false,קורני עם אגוזים,קורני,,קורני עם אגוזים,יחידה,0.00,יחידה,false,,11.90,0.0000,false,1,147396
4011800630515,false,קורני עם שוקולד חלב,קורני,,קורני עם שוקולד חלב,גרמים,150.00,100 גרם,false,,11.90,0.0793,false,1,146530
4011800632519,false,קורני עם שוקולד חלב,,,קורני עם שוקולד חלב,יחידה,0.00,יחידה,false,,11.90,0.0000,false,1,146789
4011800633516,false,קורני עם שוקולד מריר,קורני,,קורני עם שוקולד מריר,גרמים,150.00,100 גרם,false,,11.90,0.0793,false,1,146531
4011800636517,false,קורני פרי עם שוקולד,קורני,,קורני פרי עם שוקולד,גרמים,120.00,100 גרם,false,,11.90,0.0992,false,1,146885
4013227013391,false,אוטום קרים-משקה כהלי,,,אוטום קרים-משקה כהלי,מיליליטרים,700.00,"100 מ""ל",false,,39.90,0.0570,true,1,148878
4014400900217,false,בונבונירה מרסי 400 ג,שטורק,,בונבונירה מרסי 400 ג,גרמים,400.00,100 גרם,false,,49.90,0.1247,false,1,102104
4014400901191,false,בונבונירה מרסי 250 ג,שטורק,,בונבונירה מרסי 250 ג,גרמים,250.00,100 גרם,false,,24.90,0.0996,true,1,102107
4014400901405,false,בונבונירה חלב מרסי 2,שטורק,,בונבונירה חלב מרסי 2,גרמים,250.00,100 גרם,false,,24.90,0.0996,true,1,116930
4014400901412,false,מרסי מריר 250 גר',,,מרסי מריר 250 גר',גרמים,250.00,100 גרם,false,,24.90,0.0996,true,1,134101
4014400903409,false,טופיפי 250 גר,שטורק,,טופיפי 250 גר,גרמים,250.00,100 גרם,false,,21.90,0.0876,false,1,102108
4014400904376,false,סוכריות שוקלדן,,,סוכריות שוקלדן,גרמים,325.00,100 גרם,false,,17.90,0.0551,true,1,102111
4014400904390,false,סוכריות וולמילש,שטורק,,סוכריות וולמילש,גרמים,325.00,100 גרם,false,,17.90,0.0551,true,1,102112
4014400907902,false,סוכריות וורטר בקופסא,שטורק,,סוכריות וורטר בקופסא,גרמים,42.00,100 גרם,false,,6.00,0.1429,true,1,124905
4014400909692,false,סוכריות וורטר בוקס ק,,,סוכריות וורטר בוקס ק,גרמים,42.00,100 גרם,false,,6.00,0.1429,true,1,136629
4014400910063,false,סוכריות וורטר שקית,שטורק,,סוכריות וורטר שקית,גרמים,135.00,100 גרם,false,,8.70,0.0644,true,1,125242
4014400913910,false,סוכריות וורטר במילוי,,,סוכריות וורטר במילוי,יחידה,0.00,יחידה,false,,8.70,0.0000,true,1,149453
4014400914696,false,סוכריות וורטר ללא תו,,,סוכריות וורטר ללא תו,גרמים,80.00,100 גרם,false,,8.70,0.1087,true,1,127625
4014400914924,false,סוכריות וורטר קפה לל,,,סוכריות וורטר קפה לל,גרמים,80.00,100 גרם,false,,8.70,0.1087,true,1,127626
4014400920857,false,וורטר סוכריות שוקולד,,,וורטר סוכריות שוקולד,גרמים,70.00,100 גרם,false,,8.70,0.1243,true,1,186264
4014400923711,false,טופיפי 125 גר',,,טופיפי 125 גר',גרמים,125.00,100 גרם,false,,11.90,0.0952,true,1,195965
4014400925319,false,וורטר פופקורן קרמל,,,וורטר פופקורן קרמל,גרמים,140.00,100 גרם,false,,12.90,0.0921,true,1,215159
4014400929010,false,וופל מיני קנופרס,,,וופל מיני קנופרס,גרמים,200.00,100 גרם,false,,18.90,0.0945,true,1,262451
4014400931327,false,וורטרס אורגינל פופקו,,,וורטרס אורגינל פופקו,גרמים,140.00,100 גרם,false,,12.90,0.0921,true,1,262534
4014522180306,false,בודטה סוכריות אורגני,,,בודטה סוכריות אורגני,גרמים,75.00,100 גרם,false,,7.50,0.1000,true,1,210704
4014600203149,false,רגולדס סוכריות בפח ב,,,רגולדס סוכריות בפח ב,גרמים,150.00,100 גרם,false,,7.50,0.0500,true,1,192549
4015000031394,false,מסיר כתמים ספטיל 200,ספטיל,,מסיר כתמים ספטיל 200,גרמים,200.00,100 גרם,false,,16.90,0.0845,false,1,110573
4015000280372,false,דאו' רול און פה Spor,פה,,דאו' רול און פה Spor,מיליליטרים,50.00,"100 מ""ל",false,,10.00,0.2000,false,1,110578
4015000519915,false,דאו' ספרי פה Pink Pa,פה,,דאו' ספרי פה Pink Pa,מיליליטרים,200.00,"100 מ""ל",false,,10.00,0.0500,false,1,110595
4015000615884,false,דאו' ספרי פה C.Lemon,פה,,דאו' ספרי פה C.Lemon,מיליליטרים,200.00,"100 מ""ל",false,,10.00,0.0500,false,1,110603
4015000995122,false,פה דאוד' לגבר,פה,,פה דאוד' לגבר,מיליליטרים,200.00,"100 מ""ל",false,,10.00,0.0500,true,1,147166
4015100190793,false,גליס מסכת שיקום,,,גליס מסכת שיקום,מיליליטרים,300.00,"100 מ""ל",false,,22.90,0.0763,true,1,201898
4015400564034,false,מגן תחתון אולוויז לו,,,מגן תחתון אולוויז לו,יחידה,0.00,יחידה,false,,16.90,0.0000,false,1,186589
4015400564454,false,מגן תחתון אולוויז לא,,,מגן תחתון אולוויז לא,יחידה,0.00,יחידה,false,,16.90,0.0000,false,1,191596
4015400681670,false,תחבושות אולוויז לילה,,,תחבושות אולוויז לילה,יחידה,0.00,יחידה,false,,16.90,0.0000,false,1,190699
4015400690313,false,טמפקס קומפקט פרל רגו,,,טמפקס קומפקט פרל רגו,יחידה,0.00,יחידה,false,,27.90,0.0000,true,1,194763
4015400690405,false,טמפקס קומפקט פרל סופ,,,טמפקס קומפקט פרל סופ,יחידה,0.00,יחידה,false,,27.90,0.0000,true,1,194764
4015400715290,false,טמפקס קומפאק סופר פל,,,טמפקס קומפאק סופר פל,יחידה,0.00,יחידה,false,,24.90,0.0000,true,1,191198
4015400731719,false,תחבושות אולוויז וליו,,,תחבושות אולוויז וליו,יחידה,0.00,יחידה,false,,16.90,0.0000,false,1,193450
4015400746812,false,מגן תחתון אולוויז נו,,,מגן תחתון אולוויז נו,יחידה,0.00,יחידה,false,,16.90,0.0000,false,1,194045
4015400755241,false,תחבושות אולוויז וליו,,,תחבושות אולוויז וליו,יחידה,0.00,יחידה,false,,16.90,0.0000,false,1,193840
4015400755487,false,תחבושות אולוויז וליו,,,תחבושות אולוויז וליו,יחידה,0.00,יחידה,false,,16.90,0.0000,false,1,193841
4015600762742,false,שמפו הד אנד שולדרס ק,,,שמפו הד אנד שולדרס ק,מיליליטרים,500.00,"100 מ""ל",false,,16.90,0.0338,true,1,143607
4015600762780,false,הד אנד שולדרס 2 ב 1,,,הד אנד שולדרס 2 ב 1,מיליליטרים,500.00,"100 מ""ל",false,,16.90,0.0338,true,1,143608
4015600762902,false,שמפו הד אנד שולדרס מ,,,שמפו הד אנד שולדרס מ,מיליליטרים,500.00,"100 מ""ל",false,,16.90,0.0338,true,1,143611
4015600762940,false,שמפו הד אנד שולדרס ת,,,שמפו הד אנד שולדרס ת,מיליליטרים,500.00,"100 מ""ל",false,,16.90,0.0338,true,1,143612
4015600763022,false,שמפו הד אנד שולדרס מ,,,שמפו הד אנד שולדרס מ,מיליליטרים,500.00,"100 מ""ל",false,,16.90,0.0338,true,1,143614
4015600766900,false,הד אנד שולדרס שמפו /,,,הד אנד שולדרס שמפו /,מיליליטרים,500.00,"100 מ""ל",false,,16.90,0.0338,true,1,147416
4015600807436,false,דאוד' קליר ג'ל גילט,,,דאוד' קליר ג'ל גילט,מיליליטרים,75.00,"100 מ""ל",false,,18.90,0.2520,true,1,149150
4015600807573,false,דאוד' קליר ג'ל ג'ילט,,,דאוד' קליר ג'ל ג'ילט,מיליליטרים,75.00,"100 מ""ל",false,,18.90,0.2520,true,1,149120
4017100198151,false,עוגיות היט וניל 220,היט,,עוגיות היט וניל 220,גרמים,220.00,100 גרם,false,,7.90,0.0359,false,1,187832
4017100210105,false,וופלטן גלילי וופל,,,וופלטן גלילי וופל,גרמים,100.00,100 גרם,false,,11.90,0.1190,false,1,186825
4017100219900,false,וופלטן גליליות וופל,וופלטן,,וופלטן גליליות וופל,גרמים,100.00,100 גרם,false,,11.90,0.1190,false,1,98426
4017100290008,false,ביסקוויט ליבניץ שוקו,,,ביסקוויט ליבניץ שוקו,גרמים,125.00,100 גרם,false,,11.90,0.0952,true,1,98430
4017100290503,false,בלזן בסקויט מצופה שו,,,בלזן בסקויט מצופה שו,גרמים,125.00,100 גרם,false,,11.90,0.0952,true,1,264214
4017100291005,false,ביסקוויט מצופה שוקול,,,ביסקוויט מצופה שוקול,גרמים,125.00,100 גרם,false,,11.90,0.0952,false,1,144614
4017100364112,false,עוגיות בלזן היט קקאו,היט,,עוגיות בלזן היט קקאו,גרמים,220.00,100 גרם,false,,7.90,0.0359,false,1,185826
4018722100133,false,אטריות כוסמין וביצים,,,אטריות כוסמין וביצים,גרמים,250.00,100 גרם,false,,13.90,0.0556,true,1,205878
4018722100157,false,אלד גולד פוזילי כוסמ,,,אלד גולד פוזילי כוסמ,גרמים,250.00,100 גרם,false,,11.90,0.0476,true,1,205688
4018722100188,false,אטריות רחבות כוסמין,,,אטריות רחבות כוסמין,גרמים,250.00,100 גרם,false,,13.90,0.0556,true,1,206991
4018722102632,false,אלב גולד ספגטי כוסמי,,,אלב גולד ספגטי כוסמי,גרמים,500.00,100 גרם,false,,14.90,0.0298,true,1,205689
4018722102656,false,אלב גולד ספגטי כוסמי,,,אלב גולד ספגטי כוסמי,גרמים,500.00,100 גרם,false,,14.90,0.0298,true,1,205690
4018722303459,false,מקרוני כוסמין אורגני,,,מקרוני כוסמין אורגני,גרמים,250.00,100 גרם,false,,10.90,0.0436,true,1,206992
4018722343141,false,פסטה פנה אורגנית כוס,,,פסטה פנה אורגנית כוס,גרמים,500.00,100 גרם,false,,19.90,0.0398,true,1,214720
4018722343158,false,פסטה פוזילי אורגנית,,,פסטה פוזילי אורגנית,גרמים,500.00,100 גרם,false,,19.90,0.0398,true,1,214721
4018722344308,false,אלב גולד פסטה פפרדלה,,,אלב גולד פסטה פפרדלה,גרמים,500.00,100 גרם,false,,18.00,0.0360,true,1,212142
4019400440657,false,דפדפי שוקולד במילוי,,,דפדפי שוקולד במילוי,גרמים,200.00,100 גרם,false,,13.90,0.0695,true,1,195103
4022025001752,false,בלו נאן מבעבע כחול,,,בלו נאן מבעבע כחול,מיליליטרים,750.00,"100 מ""ל",false,,49.90,0.0665,true,1,204838
4022025001790,false,בלו נאן גולד 24K אדי,,,בלו נאן גולד 24K אדי,מיליליטרים,750.00,"100 מ""ל",false,,49.90,0.0665,true,1,203579
4022025002087,false,בלו נאן מבעבע רוזה 2,,,בלו נאן מבעבע רוזה 2,מיליליטרים,750.00,"100 מ""ל",false,,49.90,0.0665,true,1,214735
4022025262009,false,יין בלו נאן כשר,,,יין בלו נאן כשר,מיליליטרים,750.00,"100 מ""ל",false,,45.90,0.0612,true,1,196121
4022025773000,false,בלו נאן מוסקטו כשר,,,בלו נאן מוסקטו כשר,מיליליטרים,750.00,"100 מ""ל",false,,45.90,0.0612,true,1,216548
4023800531648,false,בונ' מוצרט 200 גר,,,בונ' מוצרט 200 גר,גרמים,200.00,100 גרם,false,,14.90,0.0745,true,1,263892
4025700001962,false,מילקה שוקולד לבן,,,מילקה שוקולד לבן,גרמים,100.00,100 גרם,false,,5.90,0.0590,true,1,213596
4028208000284,false,מליטה נייר לפילטר מס,,,מליטה נייר לפילטר מס,יחידה,0.00,יחידה,false,,12.90,0.0000,true,1,144394
4032900111292,false,וינסטון קומפקט כחול,,,וינסטון קומפקט כחול,יחידה,0.00,יחידה,false,,28.00,0.0000,false,1,206126
4032900124254,false,ווינסטון קומפקט ברי,,,ווינסטון קומפקט ברי,יחידה,0.00,יחידה,false,,28.00,0.0000,false,1,214106
4032900124261,false,פקט ווינסטון קומפקט,,,פקט ווינסטון קומפקט,יחידה,0.00,יחידה,false,,270.00,0.0000,false,1,214098
4033100014529,false,סלימס LD,,,סלימס LD,יחידה,0.00,יחידה,false,,25.00,0.0000,false,1,138163
4033100024146,false,וינסטון קוד חפיסה,,,וינסטון קוד חפיסה,יחידה,0.00,יחידה,false,,30.00,0.0000,false,1,139991
4053700292455,false,ויט רצועות שעווה,ויט,,ויט רצועות שעווה,יחידה,0.00,יחידה,false,,19.90,0.0000,true,1,120226
4061445096689,false,קפה דוידוף אספרסו מג,,,קפה דוידוף אספרסו מג,גרמים,100.00,100 גרם,false,,21.90,0.2190,false,1,213764
4061445096702,false,קפה נמס דוידוף ארומה,,,קפה נמס דוידוף ארומה,גרמים,100.00,100 גרם,false,,21.90,0.2190,false,1,213070
4061445096726,false,קפה נמס דוידוף ארומה,,,קפה נמס דוידוף ארומה,גרמים,100.00,100 גרם,false,,21.90,0.2190,false,1,212663
4066600601920,false,"פאולנר פחית 500 מ""ל",,,"פאולנר פחית 500 מ""ל",מיליליטרים,500.00,"100 מ""ל",false,,10.90,0.0218,true,1,211571
4066600999614,false,"בירה פאולנר 500 מ""ל",,,"בירה פאולנר 500 מ""ל",מיליליטרים,500.00,"100 מ""ל",false,,11.00,0.0220,true,1,196635
4072700001188,false,פרנסיסקאנר בירה כהה,,,פרנסיסקאנר בירה כהה,יחידה,500.00,יחידה,false,,9.90,0.0198,true,1,142710
4072700003649,false,פרנסיסקאנר בירה מעונ,,,פרנסיסקאנר בירה מעונ,יחידה,500.00,יחידה,false,,9.90,0.0198,true,1,138194
4084500065598,false,פנטן קרם לחות לתלתלי,,,פנטן קרם לחות לתלתלי,מיליליטרים,300.00,"100 מ""ל",false,,21.90,0.0730,true,1,189369
4084500088917,false,"פיירי לימון 650 מ""ל",פיירי,,"פיירי לימון 650 מ""ל",מיליליטרים,650.00,"100 מ""ל",false,,9.90,0.0152,false,1,185925
4084500149526,false,טייד ג'ל 2.48 ליטר,טייד,,טייד ג'ל 2.48 ליטר,ליטרים,2.48,ליטר,false,,26.90,10.8468,true,1,147618
4084500853553,false,פיירי אוריגינל 650 מ,,,פיירי אוריגינל 650 מ,מיליליטרים,650.00,"100 מ""ל",false,,9.90,0.0152,false,1,188990
4084500853836,false,פיירי ורדים ומשי 515,,,פיירי ורדים ומשי 515,מיליליטרים,515.00,"100 מ""ל",false,,9.90,0.0192,false,1,188992
4084500853898,false,פיירי אלוורה ומלפפונ,,,פיירי אלוורה ומלפפונ,מיליליטרים,515.00,"100 מ""ל",false,,9.90,0.0192,false,1,188993
4084500920880,false,פיירי אורגינל 1.24 ל,,,פיירי אורגינל 1.24 ל,ליטרים,1.24,ליטר,false,,13.90,11.2097,false,1,193532
4100130937163,false,שישיה בירה בקס,,,שישיה בירה בקס,ליטרים,1.65,ליטר,false,,29.90,18.1212,true,1,188972
4100470106700,false,נטורפוד- חומץ תפוחים,,,נטורפוד- חומץ תפוחים,מיליליטרים,750.00,"100 מ""ל",false,,21.90,0.0292,true,1,190474
4105120623941,false,"בירה ויינשטפן 500 מ""",,,"בירה ויינשטפן 500 מ""",מיליליטרים,500.00,"100 מ""ל",false,,11.50,0.0230,false,1,199378
4105120624412,false,בירה ויינשטפן ויטוס,,,בירה ויינשטפן ויטוס,מיליליטרים,500.00,"100 מ""ל",false,,11.50,0.0230,false,1,206334
4210201176688,false,אורל בי ראש חשמלי סנ,,,אורל בי ראש חשמלי סנ,יחידה,0.00,יחידה,false,,79.90,0.0000,true,1,262007
4210201245193,false,מברשת שיניים חשמלית,,,מברשת שיניים חשמלית,יחידה,0.00,יחידה,false,,79.90,0.0000,true,1,264148
4210201262183,false,אורל בי מברשת שיניים,,,אורל בי מברשת שיניים,יחידה,0.00,יחידה,false,,79.90,0.0000,true,1,218297
4210201360742,false,אורל בי ראש חשמלי 4,,,אורל בי ראש חשמלי 4,יחידה,0.00,יחידה,false,,79.90,0.0000,true,1,262067
4260147890551,false,איטריות רצועות 500גר,,,איטריות רצועות 500גר,גרמים,500.00,100 גרם,false,,10.90,0.0218,true,1,185467
4260334140049,false,שוקולד ג'נדויה טבעונ,,,שוקולד ג'נדויה טבעונ,גרמים,65.00,100 גרם,false,,11.50,0.1769,true,1,197396
4605561010305,false,פילה הרינג עם שמיר ב,,,פילה הרינג עם שמיר ב,גרמים,500.00,100 גרם,false,,24.90,0.0498,true,1,261738
4605561010343,false,פילה הרינג בשמן חתיכ,,,פילה הרינג בשמן חתיכ,גרמים,500.00,100 גרם,false,,24.90,0.0498,true,1,261739
4605561013009,false,פילה הרינג בשמן 400,,,פילה הרינג בשמן 400,גרמים,400.00,100 גרם,false,,15.90,0.0398,true,1,261756
4607002991235,false,עגבניות ומלפפונים מו,,,עגבניות ומלפפונים מו,ליטרים,1.80,ליטר,false,,23.90,13.2778,true,1,202961
4607002991358,false,מלפפונים מוחמצים 1.8,,,מלפפונים מוחמצים 1.8,ליטרים,1.80,ליטר,false,,23.90,13.2778,true,1,202962
4607002991587,false,עגבניות מוחמצות 1.8,,,עגבניות מוחמצות 1.8,ליטרים,1.80,ליטר,false,,23.90,13.2778,true,1,202963
4607012351005,false,גרעיני חמניות מרטין,,,גרעיני חמניות מרטין,גרמים,200.00,100 גרם,false,,12.90,0.0645,true,1,150627
4607012351999,false,גרעיני חמניות מרטין,,,גרעיני חמניות מרטין,גרמים,200.00,100 גרם,false,,12.90,0.0645,true,1,194050
4607012352453,false,גרעיני חמניות פסים מ,,,גרעיני חמניות פסים מ,גרמים,150.00,100 גרם,false,,9.90,0.0660,true,1,216111
4607012352804,false,בוטנים קלופים קלויים,,,בוטנים קלופים קלויים,גרמים,100.00,100 גרם,false,,7.90,0.0790,true,1,210435
4607012353382,false,גרעיני חמניות לבנים,,,גרעיני חמניות לבנים,גרמים,250.00,100 גרם,false,,17.90,0.0716,true,1,259690
4607012353429,false,תערובת פיצוחים מיקס,,,תערובת פיצוחים מיקס,גרמים,240.00,100 גרם,false,,21.90,0.0912,true,1,259691
4640018993343,false,פיניש קוואנטום 30 יח,פיניש,,פיניש קוואנטום 30 יח,יחידה,0.00,יחידה,false,,39.90,0.0000,true,1,212356
4640018993350,false,פיניש קוואנטום 30 יח,פיניש,,פיניש קוואנטום 30 יח,יחידה,0.00,יחידה,false,,39.90,0.0000,true,1,212358
4640018993398,false,פיניש קוואנטום 60 יח,פיניש,,פיניש קוואנטום 60 יח,יחידה,0.00,יחידה,false,,59.90,0.0000,true,1,212357
4710068001692,false,מאסטר קפה לאטה,,,מאסטר קפה לאטה,מיליליטרים,240.00,"100 מ""ל",false,,6.50,0.0271,true,1,149813
4710068002798,false,מאסטר קפה וונילה,,,מאסטר קפה וונילה,גרמים,240.00,100 גרם,false,,6.50,0.0271,true,1,207832
4712892880221,false,קיסמים וולטרס פרימיו,,,קיסמים וולטרס פרימיו,יחידה,0.00,יחידה,false,,11.00,0.0000,true,1,148084
4740098079309,false,סיידר אוכמניות 0.5 ל,,,סיידר אוכמניות 0.5 ל,מיליליטרים,500.00,"100 מ""ל",false,,7.90,0.0158,true,1,191829
4740098079316,false,סיידר פח תות שדה 500,,,סיידר פח תות שדה 500,מיליליטרים,500.00,"100 מ""ל",false,,7.90,0.0158,true,1,191823
4740098098331,false,קוקטייל בלו לגון אה,,,קוקטייל בלו לגון אה,מיליליטרים,330.00,"100 מ""ל",false,,9.90,0.0300,true,1,263056
4740098098355,false,קוקטייל מוחיטו אה לה,,,קוקטייל מוחיטו אה לה,מיליליטרים,330.00,"100 מ""ל",false,,9.90,0.0300,true,1,262366
4740098098379,false,קוקטייל מרגריטה אה ל,,,קוקטייל מרגריטה אה ל,מיליליטרים,330.00,"100 מ""ל",false,,9.90,0.0300,true,1,262367
4740098098393,false,קוקטייל סק און דה בי,,,קוקטייל סק און דה בי,מיליליטרים,330.00,"100 מ""ל",false,,9.90,0.0300,true,1,262368
4750142002078,false,פחית בירה צ'סו יורמל,,,פחית בירה צ'סו יורמל,מיליליטרים,500.00,"100 מ""ל",false,,5.90,0.0118,true,1,263291
4750142003426,false,בירה פילזנר אקסטרה פ,,,בירה פילזנר אקסטרה פ,מיליליטרים,500.00,"100 מ""ל",false,,5.90,0.0118,true,1,212359
4750142004980,false,פחית בירה פרימיום צ',,,פחית בירה פרימיום צ',יחידה,0.00,יחידה,false,,9.00,0.0000,true,1,262844
4750142005000,false,פחית בירה כהה בוהמיי,,,פחית בירה כהה בוהמיי,מיליליטרים,568.00,"100 מ""ל",false,,9.00,0.0158,true,1,262843
4750142005062,false,פחית בירה ברוז'ה לא,,,פחית בירה ברוז'ה לא,מיליליטרים,568.00,"100 מ""ל",false,,9.00,0.0158,true,1,262842
4750142016518,false,בירה צ'סו לא מסוננת,,,בירה צ'סו לא מסוננת,מיליליטרים,568.00,"100 מ""ל",false,,9.00,0.0158,true,1,148060
4750142021505,false,בירה פילזנר פח 0.5 ל,,,בירה פילזנר פח 0.5 ל,מיליליטרים,500.00,"100 מ""ל",false,,5.90,0.0118,true,1,145379
4750616006564,false,סרדינים על הגריל בשמ,,,סרדינים על הגריל בשמ,גרמים,190.00,100 גרם,false,,11.90,0.0626,true,1,214672
4750616006571,false,סרדינים על הגריל בשמ,,,סרדינים על הגריל בשמ,גרמים,190.00,100 גרם,false,,11.90,0.0626,true,1,262806
4750616006588,false,סרדינים על הגריל עם,,,סרדינים על הגריל עם,גרמים,190.00,100 גרם,false,,11.90,0.0626,true,1,214673
4770608239138,false,ויסקס פאוצ' ביץ 100,ויסקס,,ויסקס פאוצ' ביץ 100,גרמים,100.00,100 גרם,false,,4.50,0.0450,true,1,186944
4792032060454,false,משקה מי קוקוס אורגני,,,משקה מי קוקוס אורגני,מיליליטרים,330.00,"100 מ""ל",false,,7.90,0.0239,true,1,194334
4792059022053,false,קרם קוקוס אורגני 400,,,קרם קוקוס אורגני 400,מיליליטרים,400.00,"100 מ""ל",false,,11.50,0.0288,true,1,192981
4796019790013,false,שמן קוקוס אורגני 300,,,שמן קוקוס אורגני 300,מיליליטרים,300.00,"100 מ""ל",false,,19.90,0.0663,true,1,198350
4796019790020,false,גרין קוקו-שמן קוקוס,,,גרין קוקו-שמן קוקוס,מיליליטרים,500.00,"100 מ""ל",false,,29.90,0.0598,true,1,191898
4796019790037,false,שמן קוקוס אורגני גרי,,,שמן קוקוס אורגני גרי,ליטרים,1.00,ליטר,false,,38.90,38.9000,true,1,192147
4800888150080,false,דאודורנט דאב רול און,דאב,,דאודורנט דאב רול און,מיליליטרים,50.00,"100 מ""ל",false,,16.90,0.3380,false,1,142240
4800888150103,false,דאודורנט דאב רול און,דאב,,דאודורנט דאב רול און,יחידה,0.00,יחידה,false,,14.90,0.0000,false,1,141717
4800888190529,false,דאודורנט דאב סטיק,דאב,,דאודורנט דאב סטיק,גרמים,50.00,100 גרם,false,,16.90,0.3380,false,1,192280
4800888210197,false,דאב דאו סטיק קוקוס,דאב,,דאב דאו סטיק קוקוס,גרמים,50.00,100 גרם,false,,16.90,0.3380,false,1,209855
4800888214904,false,דאב דאודורנט סטיק קק,דאב,,דאב דאודורנט סטיק קק,גרמים,50.00,100 גרם,false,,16.90,0.3380,true,1,215774
4800888219510,false,דאב סטיק מלפפון,דאב,,דאב סטיק מלפפון,מיליליטרים,50.00,"100 מ""ל",false,,16.90,0.3380,true,1,219612
4800888219534,false,דאב דאודורנט סטיק או,דאב,,דאב דאודורנט סטיק או,מיליליטרים,50.00,"100 מ""ל",false,,16.90,0.3380,false,1,219291
4801234159856,false,גלייד מיני ג'ל בניחו,גלייד,,גלייד מיני ג'ל בניחו,גרמים,70.00,100 גרם,false,,8.50,0.1214,true,1,142693
4801234159863,false,גלייד מיני ג'ל מבשם,גלייד,,גלייד מיני ג'ל מבשם,גרמים,70.00,100 גרם,false,,8.50,0.1214,true,1,142968
4810168000011,false,פילה דג הרינג מלוח מ,,,פילה דג הרינג מלוח מ,יחידה,0.00,יחידה,false,,12.90,0.0000,true,1,218881
4810168000066,false,פילה דג הרינג מלוח מ,,,פילה דג הרינג מלוח מ,יחידה,0.00,יחידה,false,,12.90,0.0000,true,1,218882
4810168000998,false,פילה דג הרינג מלוח מ,,,פילה דג הרינג מלוח מ,יחידה,0.00,יחידה,false,,17.90,0.0000,true,1,218883
4810168001056,false,פילה דג הרינג מלוח מ,,,פילה דג הרינג מלוח מ,יחידה,0.00,יחידה,false,,17.90,0.0000,true,1,218884
4810168018795,false,חתיכות פילה דג הרינג,,,חתיכות פילה דג הרינג,יחידה,0.00,יחידה,false,,12.90,0.0000,true,1,218879
4810168019051,false,חתיכות פילה דג הרינג,,,חתיכות פילה דג הרינג,יחידה,0.00,יחידה,false,,12.90,0.0000,true,1,218880
4810168024512,false,פילה דג הרינג מלוח מ,,,פילה דג הרינג מלוח מ,יחידה,0.00,יחידה,false,,17.90,0.0000,true,1,218885
4810168058975,false,פילה הרינג סקנדינבי,,,פילה הרינג סקנדינבי,גרמים,260.00,100 גרם,false,,17.90,0.0688,true,1,263697
4810168058982,false,פילה הרינג סקנדינבי,,,פילה הרינג סקנדינבי,גרמים,400.00,100 גרם,false,,25.90,0.0647,true,1,263698
4810168058999,false,פילה דג הרינג מלוח ב,,,פילה דג הרינג מלוח ב,גרמים,250.00,100 גרם,false,,12.90,0.0516,true,1,262797
4823077623684,false,רושן סוכריות ממולאות,,,רושן סוכריות ממולאות,גרמים,150.00,100 גרם,false,,3.90,0.0260,true,1,218987
4823077627804,false,סוכריות ג'לי ממולאות,,,סוכריות ג'לי ממולאות,גרמים,500.00,100 גרם,false,,9.90,0.0198,true,1,218975
4823077632358,false,סוכריות על מקל רושן,,,סוכריות על מקל רושן,גרמים,150.00,100 גרם,false,,3.90,0.0260,true,1,218979
4840008018319,false,דובשניות פרנזלוטה עם,,,דובשניות פרנזלוטה עם,גרמים,400.00,100 גרם,false,,8.90,0.0223,true,1,210879
4840008018333,false,דובשניות פרנזלוטה בט,,,דובשניות פרנזלוטה בט,גרמים,400.00,100 גרם,false,,8.90,0.0223,true,1,210880
4840008019521,false,עוגיות אזניים מבצק ע,,,עוגיות אזניים מבצק ע,גרמים,350.00,100 גרם,false,,10.90,0.0311,true,1,214660
4840008040075,false,עוגיות אזניים עם קינ,,,עוגיות אזניים עם קינ,גרמים,350.00,100 גרם,false,,10.90,0.0311,true,1,219175
4860019001346,false,בורז'ומי מים מינירלי,,,בורז'ומי מים מינירלי,יחידה,500.00,יחידה,false,,6.90,0.0138,true,1,133084
4860019001414,false,בורז'ומי מים מינרליי,,,בורז'ומי מים מינרליי,מיליליטרים,750.00,"100 מ""ל",false,,7.90,0.0105,true,1,147453
4891228304478,false,שיק היידרו 5 סנדס רב,,,שיק היידרו 5 סנדס רב,גרמים,45.00,100 גרם,false,,49.90,1.1089,true,1,207261
4891228308049,false,שיק היידרו מארז לגבר,,,שיק היידרו מארז לגבר,יחידה,0.00,יחידה,false,,69.90,0.0000,true,1,212575
4891228430030,false,ס.ג שיק אקסטרא 2ירו,,,ס.ג שיק אקסטרא 2ירו,יחידה,0.00,יחידה,false,,9.90,0.0000,true,1,197617
4891228430054,false,ס.ג. שיק אקסטרא 2ור,,,ס.ג. שיק אקסטרא 2ור,יחידה,0.00,יחידה,false,,9.90,0.0000,true,1,197618
4891228430085,false,ס.ג שיק אקסטרים 3כחו,שיק,,ס.ג שיק אקסטרים 3כחו,יחידה,0.00,יחידה,false,,16.90,0.0000,true,1,112413
4891228430092,false,ס.ג שיק אקסטרים 3ורו,שיק,,ס.ג שיק אקסטרים 3ורו,יחידה,0.00,יחידה,false,,16.90,0.0000,true,1,112414
4891228460242,false,סכיני גילוח חד פעמי,שיק,,סכיני גילוח חד פעמי,יחידה,0.00,יחידה,false,,31.90,0.0000,true,1,139381
4895060550000,false,לקקן בוכה,,,לקקן בוכה,גרמים,50.00,100 גרם,false,,6.90,0.1380,true,1,195996
4895060582292,false,פלורידה ויטמין משפחת,,,פלורידה ויטמין משפחת,גרמים,136.00,100 גרם,false,,15.50,0.1140,true,1,199024
4895060592307,false,פלורידה סוכריות נאגט,,,פלורידה סוכריות נאגט,גרמים,43.00,100 גרם,false,,7.50,0.1744,true,1,194633
4903001904192,false,רוטב סויה יאמסה פרימ,,,רוטב סויה יאמסה פרימ,יחידה,500.00,יחידה,false,,17.90,0.0358,true,1,126834
4903001904208,false,רוטב סויה יאמסה פרימ,,,רוטב סויה יאמסה פרימ,ליטרים,1.00,ליטר,false,,31.90,31.9000,true,1,126835
4903001925784,false,רוטב סויה יאמאסה פרי,,,רוטב סויה יאמאסה פרי,מיליליטרים,500.00,"100 מ""ל",false,,17.90,0.0358,true,1,148606
4903001930993,false,"טריאקי יאמסה 500 מ""ל",,,"טריאקי יאמסה 500 מ""ל",מיליליטרים,500.00,"100 מ""ל",false,,17.90,0.0358,true,1,191036
4903001945706,false,רוטב פונזו ימאסה 500,,,רוטב פונזו ימאסה 500,מיליליטרים,500.00,"100 מ""ל",false,,19.90,0.0398,true,1,216632
4996445000117,false,אטריות סובה,,,אטריות סובה,גרמים,300.00,100 גרם,false,,10.90,0.0363,true,1,205435
4996445000124,false,אטריות אודון,,,אטריות אודון,גרמים,300.00,100 גרם,false,,9.00,0.0300,true,1,204522
5000111041065,false,היינץ רוטב וסטרשייר,,,היינץ רוטב וסטרשייר,מיליליטרים,150.00,"100 מ""ל",false,,11.90,0.0793,true,1,209871
5000111047364,false,רוטב ברבקיו דבש H.P,,,רוטב ברבקיו דבש H.P,גרמים,465.00,100 גרם,false,,15.90,0.0342,true,1,198805
5000111047371,false,רוטב ברבקיו קלאסי H.,,,רוטב ברבקיו קלאסי H.,גרמים,465.00,100 גרם,false,,15.90,0.0342,true,1,198780
5000127163195,false,דגני קלוגס ספיישל קי,קלוגס,,דגני קלוגס ספיישל קי,גרמים,500.00,100 גרם,false,,23.90,0.0478,true,1,168492
5000127533196,false,ווראיטי קלוגס,,,ווראיטי קלוגס,גרמים,191.00,100 גרם,false,,21.90,0.1147,true,1,205316
5000146048671,false,סילבו מטליות לניקוי,,,סילבו מטליות לניקוי,גרמים,75.00,100 גרם,false,,19.90,0.2653,true,1,141186
5000146401568,false,ווליט דפים למכונת כב,,,ווליט דפים למכונת כב,יחידה,0.00,יחידה,false,,14.90,0.0000,true,1,104426
5000157143365,false,רוטב בטעם מיונז וקטש,,,רוטב בטעם מיונז וקטש,גרמים,425.00,100 גרם,false,,14.90,0.0351,true,1,210844
5000159020312,false,כדורי שוקולד חלב מלט,,,כדורי שוקולד חלב מלט,גרמים,37.00,100 גרם,false,,5.00,0.1351,true,1,98442
5000159376655,false,סקיטלט סוכריות ג'לי,,,סקיטלט סוכריות ג'לי,גרמים,38.00,100 גרם,false,,3.00,0.0789,true,1,141293
5000159376792,false,סקיטלט סוכריות ג'לי,,,סקיטלט סוכריות ג'לי,גרמים,38.00,100 גרם,false,,3.00,0.0789,true,1,141294
5000159407236,false,חטיף מרס שוקולד 51 ג,מרס,,חטיף מרס שוקולד 51 ג,גרמים,51.00,100 גרם,false,,4.00,0.0784,false,1,117370
5000159409179,false,סניקרס מיני 403 גר',סניקרס,,סניקרס מיני 403 גר',גרמים,403.00,100 גרם,false,,21.90,0.0543,false,1,147623
5000159414197,false,מלטיזרס 135 גר',,,מלטיזרס 135 גר',גרמים,135.00,100 גרם,false,,11.90,0.0881,true,1,263140
5000159442572,false,טויקס מיני 403 גר',,,טויקס מיני 403 גר',גרמים,403.00,100 גרם,false,,21.90,0.0543,false,1,147842
5000159452540,false,סניקרס מארז חמישייה,,,סניקרס מארז חמישייה,גרמים,250.00,100 גרם,false,,9.90,0.0396,true,1,212918
5000159452663,false,מאגדת מרס חמישייה,,,מאגדת מרס חמישייה,גרמים,225.00,100 גרם,false,,9.90,0.0440,true,1,218777
5000159452977,false,חטיפי מיקס מיני 400,,,חטיפי מיקס מיני 400,גרמים,400.00,100 גרם,false,,21.90,0.0547,false,1,147019
5000159461122,false,חטיף סניקרס 50 גר',סניקרס,,חטיף סניקרס 50 גר',גרמים,50.00,100 גרם,false,,4.00,0.0800,false,1,142534
5000159500692,false,בקבוק סלבריישן,,,בקבוק סלבריישן,גרמים,312.00,100 גרם,false,,29.90,0.0958,true,1,215335
5000159500845,false,בונבוניירה סלבריישן,,,בונבוניירה סלבריישן,גרמים,196.00,100 גרם,false,,19.90,0.1015,true,1,197744
5000159538626,false,מאגדת טוויקס חמישייה,,,מאגדת טוויקס חמישייה,גרמים,250.00,100 גרם,false,,9.90,0.0396,true,1,218775
5000168199245,false,גודייבה שוקולד חלב ב,,,גודייבה שוקולד חלב ב,גרמים,90.00,100 גרם,false,,14.50,0.1611,true,1,219196
5000189974579,false,קיט קט מיני 200 גר',,,קיט קט מיני 200 גר',גרמים,200.00,100 גרם,false,,13.90,0.0695,true,1,202480
5000204114898,false,גלייד ארוסול בניחוח,גלייד,,גלייד ארוסול בניחוח,מיליליטרים,300.00,"100 מ""ל",false,,10.00,0.0333,true,1,210715
5000204115048,false,גלייד ארוסול בניחוח,גלייד,,גלייד ארוסול בניחוח,מיליליטרים,300.00,"100 מ""ל",false,,10.00,0.0333,true,1,210717
5000204133509,false,זיפלוק שקיות אחסון ג,,,זיפלוק שקיות אחסון ג,יחידה,0.00,יחידה,false,,13.90,0.0000,true,1,215003
5000204151022,false,פלדג' ארוסול לניקוי,פלדג',,פלדג' ארוסול לניקוי,מיליליטרים,250.00,"100 מ""ל",false,,15.90,0.0636,true,1,217429
5000204153729,false,גלייד מילוי אוטומטי,גלייד,,גלייד מילוי אוטומטי,מיליליטרים,269.00,"100 מ""ל",false,,14.90,0.0554,true,1,215306
5000204153842,false,גלייד מילוי אוטומטי,גלייד,,גלייד מילוי אוטומטי,מיליליטרים,269.00,"100 מ""ל",false,,14.90,0.0554,true,1,213723
5000204153903,false,גלייד מילוי אוטומטי,גלייד,,גלייד מילוי אוטומטי,מיליליטרים,269.00,"100 מ""ל",false,,14.90,0.0554,true,1,213722
5000204155723,false,גלייד מארז אוטומטי מ,גלייד,,גלייד מארז אוטומטי מ,יחידה,0.00,יחידה,false,,39.90,0.0000,true,1,215263
5000204156218,false,גלייד מארז אוטומטי ל,גלייד,,גלייד מארז אוטומטי ל,מיליליטרים,269.00,"100 מ""ל",false,,39.90,0.1483,true,1,216668
5000204167856,false,גלייד מילוי אוטומטי,גלייד,,גלייד מילוי אוטומטי,מיליליטרים,269.00,"100 מ""ל",false,,14.90,0.0554,true,1,260988
5000204182026,false,גלייד ג'ל בניחוח אוד,גלייד,,גלייד ג'ל בניחוח אוד,גרמים,180.00,100 גרם,false,,15.90,0.0883,true,1,218924
5000204182057,false,גלייד ג'ל ריחני בניח,גלייד,,גלייד ג'ל ריחני בניח,גרמים,180.00,100 גרם,false,,15.90,0.0883,true,1,218925
5000204243000,false,דאק נוזל אפרסק על חל,טואלט דאק (ג'ונסון),,דאק נוזל אפרסק על חל,מיליליטרים,750.00,"100 מ""ל",false,,8.90,0.0119,true,1,261758
5000204243031,false,דאק נוזל ירח פורח 75,טואלט דאק (ג'ונסון),,דאק נוזל ירח פורח 75,מיליליטרים,750.00,"100 מ""ל",false,,8.90,0.0119,true,1,261759
5000204254587,false,דאק סבון מוצק לאסלה,טואלט דאק (ג'ונסון),,דאק סבון מוצק לאסלה,גרמים,38.60,100 גרם,false,,9.90,0.2565,true,1,262235
5000204254617,false,דאק סבון מוצק לאסלה,טואלט דאק (ג'ונסון),,דאק סבון מוצק לאסלה,גרמים,38.60,100 גרם,false,,9.90,0.2565,true,1,262236
5000204657913,false,משחת נעליים קיווי שח,קיווי,,משחת נעליים קיווי שח,מיליליטרים,50.00,"100 מ""ל",false,,5.90,0.1180,true,1,141271
5000204658125,false,קיווי קראון חום 75 מ,,,קיווי קראון חום 75 מ,מיליליטרים,75.00,"100 מ""ל",false,,14.90,0.1987,true,1,141252
5000204690026,false,פלד'ג לניקוי רהיטים,פלדג',,פלד'ג לניקוי רהיטים,יחידה,0.00,יחידה,false,,15.90,0.0000,true,1,142468
5000204886566,false,פלדג' 473 ORANGE OIL,פלדג',,פלדג' 473 ORANGE OIL,יחידה,475.00,יחידה,false,,32.90,0.0693,true,1,107374
5000209145514,false,מי פה פלאקס 250מל,קולגייט,,מי פה פלאקס 250מל,מיליליטרים,250.00,"100 מ""ל",false,,13.90,0.0556,true,1,223691
5000267014234,false,וויסקי גוני ווקר אדו,,,וויסקי גוני ווקר אדו,מיליליטרים,700.00,"100 מ""ל",false,,75.00,0.1071,true,1,212985
5000267024233,false,גו'ני ווקר שחור 700,,,גו'ני ווקר שחור 700,מיליליטרים,700.00,"100 מ""ל",false,,110.00,0.1571,false,1,217052
5000289925440,false,"ג'ין גורדון 700 מ""ל",,,"ג'ין גורדון 700 מ""ל",מיליליטרים,700.00,"100 מ""ל",false,,79.90,0.1141,true,1,149006
5000394019089,false,סוללות דורסל C פלוס,,,סוללות דורסל C פלוס,יחידה,0.00,יחידה,false,,24.90,0.0000,true,1,197093
5000394019171,false,סוללות דורסל D פלוס,,,סוללות דורסל D פלוס,יחידה,0.00,יחידה,false,,24.90,0.0000,true,1,197098
5000394137486,false,דורסל רביעיות AA אופ,,,דורסל רביעיות AA אופ,יחידה,0.00,יחידה,false,,18.90,0.0000,true,1,259959
5000394137516,false,דורסל רביעיות AAA או,,,דורסל רביעיות AAA או,יחידה,0.00,יחידה,false,,18.90,0.0000,true,1,259964
5000394140820,false,דורסל שישיות AA פלוס,,,דורסל שישיות AA פלוס,יחידה,0.00,יחידה,false,,18.90,0.0000,true,1,259960
5000394141117,false,דורסל רביעיות AAA פל,,,דורסל רביעיות AAA פל,יחידה,0.00,יחידה,false,,17.90,0.0000,true,1,259966
5000394141209,false,דורסל שישיות AAA פלו,,,דורסל שישיות AAA פלו,יחידה,0.00,יחידה,false,,18.90,0.0000,true,1,259961
5000394141827,false,סוללות דורסל C פלוס,,,סוללות דורסל C פלוס,יחידה,0.00,יחידה,false,,24.90,0.0000,true,1,263244
5000394141988,false,סוללות דורסל D פלוס,,,סוללות דורסל D פלוס,יחידה,0.00,יחידה,false,,24.90,0.0000,true,1,263246
5000394142190,false,סוללות דורסל V9 פלוס,,,סוללות דורסל V9 פלוס,יחידה,0.00,יחידה,false,,24.90,0.0000,true,1,263247
5000394203884,false,סוללות דורסל ליתיום,,,סוללות דורסל ליתיום,יחידה,0.00,יחידה,false,,17.90,0.0000,true,1,216561
5000394203907,false,דורסל ליתיום,,,דורסל ליתיום,יחידה,0.00,יחידה,false,,17.90,0.0000,true,1,208450
5000394203921,false,זוג סוללות דורסל לית,,,זוג סוללות דורסל לית,יחידה,0.00,יחידה,false,,17.90,0.0000,true,1,216562
5000396037531,false,מקוויטיס ביסקוויט מצ,,,מקוויטיס ביסקוויט מצ,גרמים,200.00,100 גרם,false,,11.50,0.0575,true,1,199319
5000396037548,false,מקוויטיס ביסקוויט מצ,,,מקוויטיס ביסקוויט מצ,גרמים,200.00,100 גרם,false,,11.50,0.0575,true,1,199320
5010026515919,false,מוזלי קריספי נאטי 65,,,מוזלי קריספי נאטי 65,גרמים,650.00,100 גרם,false,,24.90,0.0383,true,1,218398
5010026515933,false,מורנפלייק מוזלי פירו,,,מורנפלייק מוזלי פירו,גרמים,750.00,100 גרם,false,,24.90,0.0332,true,1,218686
5010026515940,false,מורנפלייק מוזלי פרוט,,,מורנפלייק מוזלי פרוט,גרמים,750.00,100 גרם,false,,24.90,0.0332,true,1,218399
5010026519368,false,שיבולת שועל בשקית 50,,,שיבולת שועל בשקית 50,גרמים,500.00,100 גרם,false,,8.50,0.0170,true,1,218429
5010029000252,false,וויטביקס אורגינל,,,וויטביקס אורגינל,גרמים,430.00,100 גרם,false,,19.90,0.0463,true,1,199460
5010029219241,false,וויטביקס מיני שוקולד,,,וויטביקס מיני שוקולד,גרמים,450.00,100 גרם,false,,19.90,0.0442,true,1,204766
5010029221091,false,וויטביקס פרוטאין קרא,,,וויטביקס פרוטאין קרא,גרמים,450.00,100 גרם,false,,23.90,0.0531,true,1,203941
5010029222005,false,וויטביקס פרוטאין,,,וויטביקס פרוטאין,גרמים,440.00,100 גרם,false,,23.90,0.0543,true,1,219914
5010029223484,false,מוזלי עם תות חמוציות,,,מוזלי עם תות חמוציות,גרמים,560.00,100 גרם,false,,21.90,0.0391,true,1,209522
5010038454831,false,"בירה בלומון 330 מ""ל",,,"בירה בלומון 330 מ""ל",מיליליטרים,330.00,"100 מ""ל",false,,10.00,0.0303,true,1,209565
5010115902941,false,גולדן סירופ בפח,,,גולדן סירופ בפח,יחידה,454.00,יחידה,false,,16.90,0.0372,true,1,111148
5010182996799,false,דאק ג'ל אסלה פרחי בר,טואלט דאק (ג'ונסון),,דאק ג'ל אסלה פרחי בר,מיליליטרים,55.00,"100 מ""ל",false,,9.90,0.1800,false,1,107380
5010182996805,false,RAIDמונע עש שמן עץ ה,,,RAIDמונע עש שמן עץ ה,גרמים,2.00,100 גרם,false,,12.90,6.4500,true,1,107381
5010182997253,false,RAIDקוטל ג'וקים 400מ,רייד,,RAIDקוטל ג'וקים 400מ,מיליליטרים,400.00,"100 מ""ל",false,,13.90,0.0348,false,1,107384
5010182997680,false,"RAIDקוטל נמלים 400מ""",רייד,,"RAIDקוטל נמלים 400מ""",מיליליטרים,400.00,"100 מ""ל",false,,13.90,0.0348,false,1,107387
5010182997918,false,ט.ד ג'ל אסלה ניחוח י,טואלט דאק (ג'ונסון),,ט.ד ג'ל אסלה ניחוח י,גרמים,55.00,100 גרם,false,,10.90,0.1982,true,1,107389
5010182998861,false,טואלט דאק נוזל ירוק,טואלט דאק (ג'ונסון),,טואלט דאק נוזל ירוק,יחידה,750.00,יחידה,false,,8.90,0.0119,true,1,107394
5010265002836,false,פת פריכה אורגינל,,,פת פריכה אורגינל,גרמים,250.00,100 גרם,false,,10.90,0.0436,true,1,208003
5010327000046,false,וויסקי גרנט'ס,,,וויסקי גרנט'ס,מיליליטרים,750.00,"100 מ""ל",false,,69.90,0.0932,false,1,111350
5010327324333,false,וויסקי גלנפידיך 14 ש,,,וויסקי גלנפידיך 14 ש,מיליליטרים,700.00,"100 מ""ל",false,,210.00,0.3000,true,1,215441
5010394984577,false,פדיגרי דנטה סמול 110,פדיגרי,,פדיגרי דנטה סמול 110,גרמים,110.00,100 גרם,false,,10.90,0.0991,true,1,187924
5010622005012,false,חוט דנטלי ללא שעווה,אורל-בי,,חוט דנטלי ללא שעווה,יחידה,0.00,יחידה,false,,16.90,0.0000,true,1,106801
5010677551281,false,בקרדי בריזר לימו,בקרדי בריזר,,בקרדי בריזר לימו,יחידה,275.00,יחידה,false,,12.90,0.0469,false,1,109958
5010677551397,false,בקרדי בריזר ליים,בקרדי בריזר,,בקרדי בריזר ליים,מיליליטרים,275.00,"100 מ""ל",false,,12.90,0.0469,false,1,186265
5010677552387,false,בקרדי בריזר אננס,בקרדי בריזר,,בקרדי בריזר אננס,יחידה,275.00,יחידה,false,,12.90,0.0469,false,1,109959
5010677554398,false,בקרדי בריזר אבטי,בקרדי בריזר,,בקרדי בריזר אבטי,מיליליטרים,275.00,"100 מ""ל",false,,12.90,0.0469,false,1,109961
5011061104045,false,ממתק שערות סבתא מסטי,,,ממתק שערות סבתא מסטי,גרמים,15.00,100 גרם,false,,3.90,0.2600,true,1,263486
5011061104052,false,ממתק שערות סבתא תות,,,ממתק שערות סבתא תות,גרמים,15.00,100 גרם,false,,3.90,0.2600,true,1,263487
5011157630281,false,אורז טילדה,אלסקה/ טילדה,,אורז טילדה,קילוגרמים,1.00,"ק""ג",false,,24.90,24.9000,true,1,103947
5011157671222,false,טילדה אורז בסמטי חום,,,טילדה אורז בסמטי חום,קילוגרמים,1.00,"100 ק""ג",false,,24.90,24.9000,true,1,259686
5011157730271,false,טילדה אורז יסמין,,,טילדה אורז יסמין,קילוגרמים,1.00,"100 ק""ג",false,,24.90,24.9000,true,1,259685
5011417547885,false,איירוויק מקלות ריחני,איירוויק,,איירוויק מקלות ריחני,מיליליטרים,30.00,"100 מ""ל",false,,14.90,0.4967,true,1,196893
5011417554760,false,אקווה מיסט ורדים,,,אקווה מיסט ורדים,מיליליטרים,345.00,"100 מ""ל",false,,14.90,0.0432,true,1,134725
5012251008631,false,מגבונים לפנים תמצית,,,מגבונים לפנים תמצית,יחידה,0.00,יחידה,false,,12.90,0.0000,true,1,219730
5012251012249,false,תרחיץ פילינג לפנים ב,,,תרחיץ פילינג לפנים ב,מיליליטרים,150.00,"100 מ""ל",false,,14.90,0.0993,true,1,207926
5012251012256,false,תרחיץ לפנים בתוספת פ,,,תרחיץ לפנים בתוספת פ,מיליליטרים,150.00,"100 מ""ל",false,,14.90,0.0993,true,1,207927
5012251012522,false,מגבוני פנים עם פחם,,,מגבוני פנים עם פחם,יחידה,0.00,יחידה,false,,13.90,0.0000,true,1,207814
5012251013314,false,מגבונים לפנים תמצית,,,מגבונים לפנים תמצית,יחידה,0.00,יחידה,false,,12.90,0.0000,true,1,219733
5013387205826,false,חטיף פריך בציפוי שוק,,,חטיף פריך בציפוי שוק,גרמים,100.00,100 גרם,false,,11.90,0.1190,true,1,211291
5013965953354,false,אוראל בי משחת שיניים,,,אוראל בי משחת שיניים,מיליליטרים,100.00,"100 מ""ל",false,,11.90,0.1190,true,1,203845
5014201701623,false,ווסטונס סיידר אינגלי,,,ווסטונס סיידר אינגלי,מיליליטרים,750.00,"100 מ""ל",false,,25.90,0.0345,true,1,210424
5014201800869,false,הנרי ווסטונס וינטג',,,הנרי ווסטונס וינטג',מיליליטרים,500.00,"100 מ""ל",false,,19.90,0.0398,true,1,189311
5014271002767,false,ריבת סנדלפור מנגו ופ,,,ריבת סנדלפור מנגו ופ,גרמים,284.00,100 גרם,false,,19.90,0.0701,false,1,207928
5014271300429,false,ריבת משמש סנדלפור 28,סנדלפור,,ריבת משמש סנדלפור 28,גרמים,284.00,100 גרם,false,,19.90,0.0701,false,1,109126
5014271310428,false,ריבת דובדבן סנדלפור,סנדלפור,,ריבת דובדבן סנדלפור,גרמים,284.00,100 גרם,false,,19.90,0.0701,false,1,109127
5014271330426,false,ריבת אוכמניות סנדלפו,סנדלפור,,ריבת אוכמניות סנדלפו,גרמים,284.00,100 גרם,false,,19.90,0.0701,false,1,109128
5014271350424,false,ריבת פירות סנדלפור 2,סנדלפור,,ריבת פירות סנדלפור 2,גרמים,284.00,100 גרם,false,,19.90,0.0701,false,1,109129
5014271360423,false,מעדן תפוז סנדלפור 28,סנדלפור,,מעדן תפוז סנדלפור 28,גרמים,284.00,100 גרם,false,,19.90,0.0701,false,1,109130
5014271370422,false,ריבת אפרסק סנדלפור 2,סנדלפור,,ריבת אפרסק סנדלפור 2,גרמים,284.00,100 גרם,false,,19.90,0.0701,false,1,109131
5014271400426,false,ריבת תות סנדלפור 284,סנדלפור,,ריבת תות סנדלפור 284,גרמים,284.00,100 גרם,false,,19.90,0.0701,false,1,109134
5014271560427,false,ריבת תפוז וג'ינג'ר ס,סנדלפור,,ריבת תפוז וג'ינג'ר ס,גרמים,284.00,100 גרם,false,,19.90,0.0701,false,1,109135
5014271795980,false,ריבת אוכמניות וחמוצי,סנדלפור,,ריבת אוכמניות וחמוצי,גרמים,284.00,100 גרם,false,,19.90,0.0701,false,1,109142
5014379009972,false,פחית בירה באדוויזר 5,,,פחית בירה באדוויזר 5,מיליליטרים,500.00,"100 מ""ל",false,,9.90,0.0198,true,1,209635
5017818800116,false,"דר"" פפר פחית",,,"דר"" פפר פחית",מיליליטרים,355.00,"100 מ""ל",false,,5.90,0.0166,true,1,185497
5029053002408,false,נייר טואלט קלינקס פר,,,נייר טואלט קלינקס פר,גרמים,1184.00,100 גרם,false,,32.90,0.0278,false,1,102840
5029053002439,false,נייר טואלט קלינק,,,נייר טואלט קלינק,גרמים,1184.00,100 גרם,false,,32.90,0.0278,false,1,102841
5029053032658,false,קלינקס ממחטות מארז ש,,,קלינקס ממחטות מארז ש,יחידה,0.00,יחידה,false,,8.90,0.0000,true,1,197632
5029053039725,false,קלינקס נטורל פרש קופ,,,קלינקס נטורל פרש קופ,יחידה,0.00,יחידה,false,,9.90,0.0000,false,1,260096
5029053510811,false,קוטקס אולטרא נור,קוטקס,,קוטקס אולטרא נור,יחידה,0.00,יחידה,false,,17.90,0.0000,false,1,102855
5029053510828,false,קוטקס אולטרא סופ,קוטקס,,קוטקס אולטרא סופ,יחידה,0.00,יחידה,false,,17.90,0.0000,false,1,102856
5029053523446,false,קוטקס אולטרא ליי,קוטקס,,קוטקס אולטרא ליי,יחידה,0.00,יחידה,false,,17.90,0.0000,false,1,102876
5029053527574,false,דריי נייטס 7-4 בנים,האגיס,,דריי נייטס 7-4 בנים,יחידה,0.00,יחידה,false,,33.90,0.0000,false,1,102879
5029053527581,false,דריי נייט 7-4 בנות,האגיס,,דריי נייט 7-4 בנות,יחידה,0.00,יחידה,false,,33.90,0.0000,false,1,102880
5029053527598,false,האגיס דריי נייטס 8-1,האגיס,,האגיס דריי נייטס 8-1,יחידה,0.00,יחידה,false,,33.90,0.0000,false,1,102881
5029053527604,false,האגיס דריי נייטס 8-1,האגיס,,האגיס דריי נייטס 8-1,יחידה,0.00,יחידה,false,,33.90,0.0000,false,1,102882
5029053534589,false,טמפוני קוטקס מיני-שי,קוטקס,,טמפוני קוטקס מיני-שי,יחידה,0.00,יחידה,false,,22.90,0.0000,true,1,123720
5029053534596,false,טמפוני קוטקס נורמל,קוטקס,,טמפוני קוטקס נורמל,יחידה,0.00,יחידה,false,,22.90,0.0000,true,1,123563
5029053535210,false,טמפונים קוטקס עם מול,קוטקס,,טמפונים קוטקס עם מול,יחידה,0.00,יחידה,false,,22.90,0.0000,true,1,128924
5029053535227,false,טמפון קוטקס עם מוליך,קוטקס,,טמפון קוטקס עם מוליך,יחידה,0.00,יחידה,false,,22.90,0.0000,true,1,128930
5029053578309,false,קלינקס אולטרה סופט ק,,,קלינקס אולטרה סופט ק,יחידה,0.00,יחידה,false,,8.50,0.0000,false,1,260095
5029054220085,false,רביעיית מגבוני רך נו,,,רביעיית מגבוני רך נו,יחידה,0.00,יחידה,false,,26.90,0.0000,false,1,203339
5035766060253,false,מרפיס סטאוט פחית,מרפיס,,מרפיס סטאוט פחית,יחידה,500.00,יחידה,false,,12.50,0.0250,false,1,121641
5050974504559,false,פת פריכה עם חלבון אפ,,,פת פריכה עם חלבון אפ,גרמים,200.00,100 גרם,false,,12.90,0.0645,true,1,206971
5050974505297,false,פת פריכה עם שומשום 2,,,פת פריכה עם שומשום 2,גרמים,250.00,100 גרם,false,,10.90,0.0436,true,1,215394
5053827193368,false,ברנפלקס קלוגס,,,ברנפלקס קלוגס,גרמים,500.00,100 גרם,false,,23.90,0.0478,true,1,205360
5060123607758,false,תה לונדון בטעם תפוחי,,,תה לונדון בטעם תפוחי,גרמים,40.00,100 גרם,false,,15.90,0.3975,true,1,111788
5060123607765,false,תה לונדון לימון,,,תה לונדון לימון,גרמים,40.00,100 גרם,false,,15.90,0.3975,true,1,111789
5060123607772,false,לונדון תה מנטה,,,לונדון תה מנטה,גרמים,30.00,100 גרם,false,,15.90,0.5300,true,1,116134
5060123607789,false,תה לונדון בטעם אפרסק,,,תה לונדון בטעם אפרסק,גרמים,40.00,100 גרם,false,,15.90,0.3975,true,1,116135
5060123607796,false,תה לונדון תות שדה ונ,,,תה לונדון תות שדה ונ,גרמים,40.00,100 גרם,false,,15.90,0.3975,true,1,119276
5060123607802,false,תה לונדון בטעם לימון,,,תה לונדון בטעם לימון,גרמים,40.00,100 גרם,false,,15.90,0.3975,true,1,114804
5060123607819,false,תה לונדון תפוז,,,תה לונדון תפוז,גרמים,40.00,100 גרם,false,,15.90,0.3975,true,1,111777
5060123608014,false,תה לונדון דומדמיות כ,,,תה לונדון דומדמיות כ,גרמים,40.00,100 גרם,false,,15.90,0.3975,true,1,111778
5060255492154,false,אברקלין תורכיז ללא ב,,,אברקלין תורכיז ללא ב,קילוגרמים,6.00,"ק""ג",false,,54.90,9.1500,true,1,263341
5060326870829,false,חטיף סויה ותפוח אדמה,,,חטיף סויה ותפוח אדמה,גרמים,85.00,100 גרם,false,,10.90,0.1282,true,1,260918
5060326870881,false,חטיף סויה אפונה בטעם,,,חטיף סויה אפונה בטעם,גרמים,85.00,100 גרם,false,,10.90,0.1282,true,1,260880
5060326870898,false,חטיף צ'יפס חלבון בטע,,,חטיף צ'יפס חלבון בטע,גרמים,85.00,100 גרם,false,,10.90,0.1282,true,1,260881
5060412214124,false,אברקלין חול לחתולים,,,אברקלין חול לחתולים,קילוגרמים,6.00,"ק""ג",false,,54.90,9.1500,true,1,211436
5060517886486,false,משקה אנרגיה מונסטר ק,,,משקה אנרגיה מונסטר ק,מיליליטרים,500.00,"100 מ""ל",false,,7.50,0.0150,false,1,210540
5060517886516,false,משקה אנרגיה מונסטר ז,,,משקה אנרגיה מונסטר ז,מיליליטרים,500.00,"100 מ""ל",false,,7.00,0.0140,true,1,210543
5060639128051,false,משקה אנרגיה מונסטר פ,,,משקה אנרגיה מונסטר פ,מיליליטרים,500.00,"100 מ""ל",false,,7.00,0.0140,true,1,214184
5060639129102,false,משקה אנרגיה מונסטר פ,,,משקה אנרגיה מונסטר פ,מיליליטרים,500.00,"100 מ""ל",false,,7.50,0.0150,true,1,216095
5060751218173,false,משקה אנרגיה מונסטר 5,,,משקה אנרגיה מונסטר 5,מיליליטרים,500.00,"100 מ""ל",false,,7.50,0.0150,true,1,262406
5060751219033,false,משקה אנרגיה מונסטר 5,,,משקה אנרגיה מונסטר 5,מיליליטרים,500.00,"100 מ""ל",false,,7.50,0.0150,true,1,262405
5200133120483,false,גליליות וניל 400 גר,,,גליליות וניל 400 גר,גרמים,400.00,100 גרם,false,,16.90,0.0422,true,1,202656
5201004020338,false,גלילי וופל במילוי קר,,,גלילי וופל במילוי קר,גרמים,400.00,100 גרם,false,,18.90,0.0472,true,1,208120
5201178801047,false,קרם ניוואה 150 ג,,,קרם ניוואה 150 ג,גרמים,150.00,100 גרם,false,,18.90,0.1260,true,1,147504
5201178801054,false,קרם ניוואה 250 ג,,,קרם ניוואה 250 ג,גרמים,250.00,100 גרם,false,,24.90,0.0996,true,1,103142
5201347160326,false,"קלגון ג'ל 750 מ""ל",,,"קלגון ג'ל 750 מ""ל",מיליליטרים,750.00,"100 מ""ל",false,,29.90,0.0399,true,1,199114
5201347400545,false,ויט ארומטיק שעווה לפ,ויט,,ויט ארומטיק שעווה לפ,מיליליטרים,0.00,"מ""ל",false,,19.90,0.0000,true,1,133172
5201583023485,false,סוכריות ממולאות סירו,,,סוכריות ממולאות סירו,גרמים,60.00,100 גרם,false,,3.90,0.0650,true,1,203417
5201583023881,false,סוכריות ממולאות סירו,,,סוכריות ממולאות סירו,גרמים,60.00,100 גרם,false,,3.90,0.0650,true,1,208624
5201940010011,false,זית שחור טבעי במי מל,וילי פוד,,זית שחור טבעי במי מל,גרמים,454.00,100 גרם,false,,13.90,0.0306,true,1,105083
5202390014192,false,צהובה טבעונית זיתים,,,צהובה טבעונית זיתים,גרמים,200.00,100 גרם,false,,19.90,0.0995,true,1,202530
5202390014222,false,גבינה צהובה טבעונית,,,גבינה צהובה טבעונית,גרמים,200.00,100 גרם,false,,19.90,0.0995,true,1,202609
5202390014239,false,גבינה צהובה טבעונית,,,גבינה צהובה טבעונית,גרמים,200.00,100 גרם,false,,19.90,0.0995,true,1,202163
5202390015618,false,גבינה צהובה טבעונית,,,גבינה צהובה טבעונית,יחידה,0.00,יחידה,false,,19.90,0.0000,true,1,148983
5202390015885,false,ויולייפ צדר פרוסות,,,ויולייפ צדר פרוסות,גרמים,200.00,100 גרם,false,,21.00,0.1050,true,1,263289
5202390016141,false,מוצרלה טבעונית לפיצה,,,מוצרלה טבעונית לפיצה,גרמים,400.00,100 גרם,false,,24.90,0.0622,true,1,188178
5202390019319,false,ויולייף מוצרלה טבעונ,,,ויולייף מוצרלה טבעונ,גרמים,200.00,100 גרם,false,,19.90,0.0995,true,1,217851
5202390020407,false,פטה טבעונית 200 גר',,,פטה טבעונית 200 גר',גרמים,200.00,100 גרם,false,,22.90,0.1145,true,1,205377
5202390021121,false,קרם טבעוני אורגינל 1,,,קרם טבעוני אורגינל 1,גרמים,150.00,100 גרם,false,,16.90,0.1127,true,1,205379
5208049001841,false,פאל מאל דמי קפסולה,,,פאל מאל דמי קפסולה,יחידה,0.00,יחידה,false,,25.00,0.0000,false,1,214211
5391523057929,false,סימילאק גולד 700 גר',,,סימילאק גולד 700 גר',גרמים,700.00,100 גרם,false,,69.90,0.0999,false,1,204037
5391523057936,false,סימילאק גולד 700 גר',,,סימילאק גולד 700 גר',גרמים,700.00,100 גרם,false,,69.90,0.0999,false,1,204038
5391523057943,false,סימילאק גולד 700 גר',,,סימילאק גולד 700 גר',גרמים,700.00,100 גרם,false,,69.90,0.0999,false,1,204039
5391523058070,false,סימילאק אדבנס פלוס ש,,,סימילאק אדבנס פלוס ש,גרמים,700.00,100 גרם,false,,64.90,0.0927,false,1,203483
5391523058087,false,סימילאק אדבנס פלוס ש,,,סימילאק אדבנס פלוס ש,גרמים,700.00,100 גרם,false,,64.90,0.0927,false,1,203484
5400265022796,false,המלט שוקולס קריספי 1,,,המלט שוקולס קריספי 1,גרמים,125.00,100 גרם,false,,14.90,0.1192,true,1,128167
5400265022819,false,"המלט שוקול""ס קריספי",,,"המלט שוקול""ס קריספי",גרמים,125.00,100 גרם,false,,14.90,0.1192,true,1,127336
5400265022826,false,"המלט שוקול""ס קריספי",,,"המלט שוקול""ס קריספי",גרמים,125.00,100 גרם,false,,14.90,0.1192,true,1,127337
5400265024349,false,עוגיות המלט 250 גר',,,עוגיות המלט 250 גר',גרמים,250.00,100 גרם,false,,10.90,0.0436,true,1,122989
5410103161617,false,קרם לחות פעולה משולש,,,קרם לחות פעולה משולש,מיליליטרים,50.00,"100 מ""ל",false,,45.90,0.9180,true,1,198760
5410126006087,false,עוגיות לוטוס 700 גר,לוטוס,,עוגיות לוטוס 700 גר,גרמים,700.00,100 גרם,false,,25.90,0.0370,true,1,144891
5410126006360,false,לוטוס עוגיות סנדוויץ,,,לוטוס עוגיות סנדוויץ,גרמים,150.00,100 גרם,false,,8.50,0.0567,true,1,259947
5410126106022,false,מארז עוגיות לוטוס,,,מארז עוגיות לוטוס,גרמים,500.00,100 גרם,false,,15.90,0.0318,true,1,214095
5410126116953,false,ממרח בטעם עוגיות לוט,,,ממרח בטעם עוגיות לוט,גרמים,400.00,100 גרם,false,,19.90,0.0497,false,1,140448
5410126666038,false,לוטוס 279 גר ארוז 2,,,לוטוס 279 גר ארוז 2,גרמים,279.00,100 גרם,false,,11.90,0.0427,true,1,204352
5410126716016,false,לוטוס 250 גר,לוטוס,,לוטוס 250 גר,גרמים,250.00,100 גרם,false,,10.90,0.0436,false,1,106809
5410126726947,false,ממרח עוגיות לוטוס קר,,,ממרח עוגיות לוטוס קר,גרמים,380.00,100 גרם,false,,19.90,0.0524,false,1,148281
5410173210055,false,קפה טחון וקלוי לפילט,,,קפה טחון וקלוי לפילט,גרמים,70.00,100 גרם,false,,19.90,0.2843,false,1,142573
5410228267508,false,בקבוק בירה באדוואיזר,,,בקבוק בירה באדוואיזר,מיליליטרים,330.00,"100 מ""ל",false,,7.90,0.0239,true,1,214665
5410228267515,false,בירה באדוויזר שישייה,,,בירה באדוויזר שישייה,מיליליטרים,1980.00,"100 מ""ל",false,,29.90,0.0151,true,1,209827
5410291021991,false,צ'וקטה ממרח אגוזי לו,,,צ'וקטה ממרח אגוזי לו,גרמים,700.00,100 גרם,false,,19.90,0.0284,true,1,192955
5410291022011,false,צ'וקטה ממרח אגוזי לו,,,צ'וקטה ממרח אגוזי לו,גרמים,350.00,100 גרם,false,,10.90,0.0311,true,1,192956
5410291022738,false,צ'וקטה ממרח דואו 350,צ'וקטה,,צ'וקטה ממרח דואו 350,גרמים,350.00,100 גרם,false,,10.90,0.0311,true,1,198156
5410291022752,false,צ'וקטה ממרח אגוזי לו,צ'וקטה,,צ'וקטה ממרח אגוזי לו,גרמים,350.00,100 גרם,false,,10.90,0.0311,true,1,198017
5410291022776,false,צ'וקטה ממרח אגוזי לו,צ'וקטה,,צ'וקטה ממרח אגוזי לו,גרמים,700.00,100 גרם,false,,19.90,0.0284,true,1,197241
5410316983693,false,סמירנוף אייס,סמירנוף,,סמירנוף אייס,יחידה,275.00,יחידה,false,,10.90,0.0396,true,1,93082
5410769100081,false,"בירה לה שוף 330 מ""ל",,,"בירה לה שוף 330 מ""ל",יחידה,0.00,יחידה,false,,12.90,0.0000,true,1,198993
5410769200088,false,"בירה מק שוף 330 מ""ל",,,"בירה מק שוף 330 מ""ל",מיליליטרים,330.00,"100 מ""ל",false,,12.90,0.0391,true,1,198994
5410769800097,false,בירה צ'רי שוף,,,בירה צ'רי שוף,מיליליטרים,330.00,"100 מ""ל",false,,12.90,0.0391,true,1,199066
5410976140122,false,גיליאן צדפי שוקולד ב,,,גיליאן צדפי שוקולד ב,גרמים,250.00,100 גרם,false,,22.90,0.0916,true,1,214313
5411188081852,false,אלפרו חלב סויה וניל,,,אלפרו חלב סויה וניל,ליטרים,1.00,ליטר,false,,13.90,13.9000,true,1,148798
5411188094173,false,אלפרו מעדן סויה קרמל,,,אלפרו מעדן סויה קרמל,גרמים,500.00,100 גרם,false,,17.50,0.0350,true,1,197142
5411188096108,false,אלפרו שמנת צמחית לבי,אלפרו,,אלפרו שמנת צמחית לבי,מיליליטרים,250.00,"100 מ""ל",false,,9.50,0.0380,true,1,121266
5411188106159,false,אלפרו סויה לייט טבעי,,,אלפרו סויה לייט טבעי,ליטרים,1.00,ליטר,false,,13.90,13.9000,true,1,147951
5411188110835,false,אלפרו חלב שקדים 1 לי,אלפרו,,אלפרו חלב שקדים 1 לי,ליטרים,1.00,ליטר,false,,13.90,13.9000,true,1,142233
5411188112549,false,אלפרו משקה אורז 1 לי,,,אלפרו משקה אורז 1 לי,ליטרים,1.00,100 ליטר,false,,13.90,13.9000,true,1,147948
5411188112709,false,אלפרו משקה שקדים ללא,אלפרו,,אלפרו משקה שקדים ללא,ליטרים,1.00,ליטר,false,,13.90,13.9000,true,1,150109
5411188115366,false,אלפרו משקה שיבולת שו,,,אלפרו משקה שיבולת שו,ליטרים,1.00,ליטר,false,,13.90,13.9000,true,1,147710
5411188115434,false,אלפרו משקה בריסטה סו,,,אלפרו משקה בריסטה סו,ליטרים,1.00,ליטר,false,,13.90,13.9000,true,1,261494
5411188115472,false,אלפרו משקה סויה 1 לי,,,אלפרו משקה סויה 1 לי,ליטרים,1.00,ליטר,false,,13.90,13.9000,true,1,213905
5411188118732,false,אלפרו משקה קוקוס שקד,,,אלפרו משקה קוקוס שקד,ליטרים,1.00,ליטר,false,,13.90,13.9000,true,1,190391
5411188120742,false,אלפרו משקה שקדים בטע,,,אלפרו משקה שקדים בטע,ליטרים,1.00,ליטר,false,,13.90,13.9000,true,1,190392
5411188120957,false,אלפרו תערובת לבישול,,,אלפרו תערובת לבישול,מיליליטרים,250.00,"100 מ""ל",false,,9.90,0.0396,true,1,198678
5411188121923,false,אלפרו סויה סידן שלשו,,,אלפרו סויה סידן שלשו,מיליליטרים,0.00,"100 מ""ל",false,,13.90,0.0000,true,1,200867
5411188121978,false,אלפרו סויה סדן שלישי,,,אלפרו סויה סדן שלישי,מיליליטרים,750.00,"100 מ""ל",false,,13.90,0.0185,true,1,199668
5411188122586,false,משקה שקדים אלפרו 250,,,משקה שקדים אלפרו 250,מיליליטרים,250.00,"100 מ""ל",false,,5.90,0.0236,true,1,197143
5411188122661,false,אלפרו משקה שקדים ללא,,,אלפרו משקה שקדים ללא,ליטרים,1.00,ליטר,false,,13.90,13.9000,true,1,197144
5411188124689,false,אלפרו משקה שיבולת שו,,,אלפרו משקה שיבולת שו,ליטרים,1.00,ליטר,false,,13.90,13.9000,true,1,214772
5411188124726,false,אלפרו משקה שיבולת שו,,,אלפרו משקה שיבולת שו,ליטרים,1.00,100 ליטר,false,,13.90,13.9000,true,1,200140
5411188126195,false,אלפרו משקה שקדים אור,,,אלפרו משקה שקדים אור,ליטרים,1.00,ליטר,false,,13.90,13.9000,true,1,202999
5411188127697,false,אלפרו בריסטה שיבולת,,,אלפרו בריסטה שיבולת,ליטרים,1.00,100 ליטר,false,,13.90,13.9000,true,1,213907
5411188129899,false,אלפרו בריסטה שקדים 1,,,אלפרו בריסטה שקדים 1,ליטרים,1.00,100 ליטר,false,,13.90,13.9000,true,1,213908
5411188133476,false,אלפרו משקה סויה שוקו,,,אלפרו משקה סויה שוקו,מיליליטרים,250.00,"100 מ""ל",false,,6.90,0.0276,true,1,219474
5411188133490,false,אלפרו משקה סויה קפה,,,אלפרו משקה סויה קפה,מיליליטרים,250.00,"100 מ""ל",false,,6.90,0.0276,true,1,219475
5411188134985,false,אלפרו 3.5% שומן שיבו,,,אלפרו 3.5% שומן שיבו,ליטרים,1.00,ליטר,false,,12.90,12.9000,true,1,219473
5411188135005,false,אלפרו 1.8% שומן שיבו,,,אלפרו 1.8% שומן שיבו,ליטרים,1.00,ליטר,false,,12.90,12.9000,true,1,219472
5411188300328,false,אלפרו סויה שוקו 1 ל,אלפרו,,אלפרו סויה שוקו 1 ל,ליטרים,1.00,ליטר,false,,13.90,13.9000,true,1,149082
5411188513483,false,אלפרו סויה לבישול 14,,,אלפרו סויה לבישול 14,מיליליטרים,250.00,"100 מ""ל",false,,9.50,0.0380,true,1,261496
5411188543398,false,אלפרו משקה סויה ללא,,,אלפרו משקה סויה ללא,ליטרים,1.00,ליטר,false,,13.90,13.9000,true,1,213909
5411681014005,false,"בירה דובל 7% 330 מ""ל",,,"בירה דובל 7% 330 מ""ל",יחידה,330.00,יחידה,false,,12.90,0.0391,true,1,127968
5411681038001,false,מרדסו בירה חזקה מאוד,,,מרדסו בירה חזקה מאוד,יחידה,330.00,יחידה,false,,12.90,0.0391,true,1,191444
5411681038056,false,מרדסו טריפל 10,,,מרדסו טריפל 10,מיליליטרים,750.00,"100 מ""ל",false,,39.90,0.0532,true,1,179391
5412514777746,false,קונכיות טאקו מתי,,,קונכיות טאקו מתי,גרמים,125.00,100 גרם,false,,18.90,0.1512,true,1,134001
5412533001617,false,נוזל לניקוי כלים,,,נוזל לניקוי כלים,ליטרים,1.00,ליטר,false,,15.90,15.9000,true,1,112950
5412533002287,false,"מנקה אסלות 750 מ""ל",,,"מנקה אסלות 750 מ""ל",יחידה,750.00,יחידה,false,,17.90,0.0239,true,1,139544
5412533416602,false,טבליות למדיח 25 יח',,,טבליות למדיח 25 יח',יחידה,0.00,יחידה,false,,36.90,0.0000,true,1,202164
5412533416626,false,אקובר טבליות ג'מבו ל,,,אקובר טבליות ג'מבו ל,יחידה,0.00,יחידה,false,,79.90,0.0000,true,1,263255
5412533418781,false,נוזל כביסה זירו 1.5,,,נוזל כביסה זירו 1.5,ליטרים,1.50,ליטר,false,,59.90,39.9333,true,1,209118
5412533419665,false,מרכך כביסה פריחת תפו,,,מרכך כביסה פריחת תפו,מיליליטרים,750.00,"100 מ""ל",false,,15.90,0.0212,true,1,212418
5412533419702,false,מרכך כביסה וניל 750,,,מרכך כביסה וניל 750,מיליליטרים,750.00,"100 מ""ל",false,,15.90,0.0212,true,1,210995
5412533419764,false,נוזל לכביסה שחורה וכ,,,נוזל לכביסה שחורה וכ,ליטרים,1.00,ליטר,false,,49.90,49.9000,true,1,211940
5412533421514,false,נוזל לניקוי רצפות 1,,,נוזל לניקוי רצפות 1,ליטרים,1.00,ליטר,false,,21.00,21.0000,true,1,261147
5412865030668,false,דקיקי שוקולד ממולאים,,,דקיקי שוקולד ממולאים,גרמים,200.00,100 גרם,false,,19.90,0.0995,true,1,214838
5413121350056,false,בלג'יאן-צדפי שוקולד,,,בלג'יאן-צדפי שוקולד,גרמים,65.00,100 גרם,false,,10.90,0.1677,true,1,140382
5413121355082,false,שוקולד מריר בלג'יאן,,,שוקולד מריר בלג'יאן,גרמים,100.00,100 גרם,false,,9.90,0.0990,true,1,140714
5413121355105,false,בלג'יאן שוקולד חלב מ,,,בלג'יאן שוקולד חלב מ,גרמים,100.00,100 גרם,false,,9.90,0.0990,true,1,133504
5413121356737,false,בלג'יאן - שוקולד מרי,,,בלג'יאן - שוקולד מרי,גרמים,100.00,100 גרם,false,,13.90,0.1390,true,1,135028
5413121356829,false,בלגיאן-שוקולד חלב לל,,,בלגיאן-שוקולד חלב לל,גרמים,100.00,100 גרם,false,,13.90,0.1390,true,1,137909
5413121358694,false,פרסטיז' שוקולד בלגי,,,פרסטיז' שוקולד בלגי,גרמים,100.00,100 גרם,false,,9.90,0.0990,true,1,173817
5413149655522,false,אריאל שושן צחור 1.25,אריאל,,אריאל שושן צחור 1.25,קילוגרמים,1.25,"ק""ג",false,,14.90,11.9200,true,1,121474
5413149922907,false,אריאל קולור וסטייל 5,אריאל,,אריאל קולור וסטייל 5,קילוגרמים,5.00,"ק""ג",false,,36.90,7.3800,false,1,123715
5413149922938,false,אריאל שושן צחור 5קג,אריאל,,אריאל שושן צחור 5קג,קילוגרמים,5.00,"ק""ג",false,,36.90,7.3800,false,1,123716
5413216990242,false,בונבוניירה צדפות בלג,,,בונבוניירה צדפות בלג,גרמים,250.00,100 גרם,false,,17.90,0.0716,true,1,190912
5601008200444,false,עוגיות טבעת מצופות ש,גודי'ס,,עוגיות טבעת מצופות ש,גרמים,150.00,100 גרם,false,,6.50,0.0433,true,1,135241
5601008200451,false,עוגיות טבעת מצופות ש,גודי'ס,,עוגיות טבעת מצופות ש,גרמים,150.00,100 גרם,false,,6.50,0.0433,true,1,135242
5601008200468,false,עוגיות טבעת מצופות ש,גודי'ס,,עוגיות טבעת מצופות ש,גרמים,150.00,100 גרם,false,,6.50,0.0433,true,1,135243
5601045300022,false,גוארנה אנטרטיקה 330,,,גוארנה אנטרטיקה 330,יחידה,330.00,יחידה,false,,6.00,0.0182,true,1,123989
5601217129420,false,ווליט 20 דפים למכונת,,,ווליט 20 דפים למכונת,יחידה,0.00,יחידה,false,,19.90,0.0000,true,1,199322
5603037413161,false,קרסוליות,,,קרסוליות,יחידה,0.00,יחידה,false,,8.90,0.0000,true,1,126962
5603037413208,false,גרבי עקב,,,גרבי עקב,יחידה,0.00,יחידה,false,,4.20,0.0000,true,1,127288
5603037413345,false,גרביונים,,,גרביונים,יחידה,0.00,יחידה,false,,13.90,0.0000,true,1,127430
5603037413413,false,גרביונים,,,גרביונים,יחידה,0.00,יחידה,false,,13.90,0.0000,true,1,165152
5603037413444,false,גרביונים מידה M,,,גרביונים מידה M,יחידה,0.00,יחידה,false,,13.90,0.0000,true,1,125513
5603037413499,false,גרביונים,,,גרביונים,יחידה,0.00,יחידה,false,,13.90,0.0000,true,1,126910
5604912415003,false,סרדינים בשמן זית פור,,,סרדינים בשמן זית פור,גרמים,125.00,100 גרם,false,,6.90,0.0552,true,1,203525
5604912415041,false,סרדינים בשמן חמניה פ,,,סרדינים בשמן חמניה פ,גרמים,125.00,100 גרם,false,,6.30,0.0504,true,1,203526
5604912415058,false,סרדינים בשמן חמניה ח,,,סרדינים בשמן חמניה ח,גרמים,125.00,100 גרם,false,,6.30,0.0504,true,1,203527
5604912425057,false,מקרלים בשמן חמניה חר,,,מקרלים בשמן חמניה חר,גרמים,125.00,100 גרם,false,,5.90,0.0472,true,1,204030
5694230523337,false,כבד דג במיץ טבעי,,,כבד דג במיץ טבעי,גרמים,121.00,100 גרם,false,,9.90,0.0818,true,1,264635
5701932026964,false,פופקורן למיקרוגל,,,פופקורן למיקרוגל,גרמים,600.00,100 גרם,false,,15.00,0.0250,true,1,102122
5701932026971,false,פופקורן חמאה 600,,,פופקורן חמאה 600,גרמים,600.00,100 גרם,false,,15.00,0.0250,true,1,102123
5701932026995,false,פופקורן הוטפופ,,,פופקורן הוטפופ,גרמים,510.00,100 גרם,false,,15.00,0.0294,false,1,102124
5706516031358,false,הוטפופ 100קלוריות,הוט פופ,,הוטפופ 100קלוריות,גרמים,160.00,100 גרם,false,,15.00,0.0938,true,1,121966
5711953106583,false,ארלה גבינת שמנת טבעי,,,ארלה גבינת שמנת טבעי,גרמים,200.00,100 גרם,false,,14.90,0.0745,true,1,209210
5711953106590,false,ארלה גבינת שמנת שום,,,ארלה גבינת שמנת שום,גרמים,200.00,100 גרם,false,,14.90,0.0745,true,1,209264
5711953106606,false,ארלה גבינת שמנת עשבי,,,ארלה גבינת שמנת עשבי,גרמים,200.00,100 גרם,false,,14.90,0.0745,true,1,209211
5740900403215,false,ממרח מחמאת לורפק עם,,,ממרח מחמאת לורפק עם,גרמים,250.00,100 גרם,false,,16.90,0.0676,false,1,204248
5740900403222,false,ממרח מחמאת לורפק עם,,,ממרח מחמאת לורפק עם,גרמים,250.00,100 גרם,false,,16.90,0.0676,false,1,204249
5740900403239,false,ממרח מחמאת לורפק ללא,,,ממרח מחמאת לורפק ללא,גרמים,250.00,100 גרם,false,,16.90,0.0676,false,1,204250
5740900403246,false,ממרח מחמאת לורפק ללא,,,ממרח מחמאת לורפק ללא,גרמים,500.00,100 גרם,false,,26.90,0.0538,false,1,204251
5740900403253,false,ממרח מחמאת לורפק עם,,,ממרח מחמאת לורפק עם,גרמים,500.00,100 גרם,false,,26.90,0.0538,false,1,204252
5740900403260,false,ממרח לורפק ללא מלח 2,,,ממרח לורפק ללא מלח 2,גרמים,250.00,100 גרם,false,,16.90,0.0676,false,1,204253
5740900403864,false,חמאה לורפק 200 גרם ע,,,חמאה לורפק 200 גרם ע,גרמים,200.00,100 גרם,false,,11.50,0.0575,false,1,219437
5900017062419,false,ניוואה קרם רחצה ורדי,ניואה,,ניוואה קרם רחצה ורדי,גרמים,750.00,100 גרם,false,,14.90,0.0199,true,1,218342
5900020012814,false,נסקוויק דגני בוקר בט,נסקוויק,,נסקוויק דגני בוקר בט,גרמים,500.00,100 גרם,false,,19.90,0.0398,false,1,122559
5900020020710,false,קראנץ בר שוקו וניל 6,נסטלה,,קראנץ בר שוקו וניל 6,גרמים,150.00,100 גרם,false,,14.90,0.0993,false,1,144585
5900020020741,false,נסקוויק בר דגנים שוק,נסטלה,,נסקוויק בר דגנים שוק,גרמים,150.00,100 גרם,false,,14.90,0.0993,false,1,144586
5900020024770,false,חטיפי פיטנס בר דליס,נסטלה,,חטיפי פיטנס בר דליס,גרמים,135.00,100 גרם,false,,14.90,0.1104,false,1,187203
5900020024817,false,חטיפי פיטנס בר דליס,נסטלה,,חטיפי פיטנס בר דליס,גרמים,135.00,100 גרם,false,,14.90,0.1104,false,1,187204
5900020025647,false,חטיפי פיטנס בר דליס,נסטלה,,חטיפי פיטנס בר דליס,גרמים,135.00,100 גרם,false,,14.90,0.1104,false,1,187206
5900020026552,false,האני נאט ציריוס עידן,,,האני נאט ציריוס עידן,גרמים,625.00,100 גרם,false,,19.90,0.0318,false,1,192379
5900020031877,false,צ'ריוס האני נאט חטיף,,,צ'ריוס האני נאט חטיף,גרמים,132.00,100 גרם,false,,14.90,0.1129,false,1,203293
5900020032454,false,פיטנס ברים חטיף עוגי,,,פיטנס ברים חטיף עוגי,גרמים,188.00,100 גרם,false,,14.90,0.0793,true,1,218114
5900020032539,false,פיטנס בר חטיף שוקולד,,,פיטנס בר חטיף שוקולד,גרמים,188.00,100 גרם,false,,14.90,0.0793,true,1,218113
5900020033314,false,ליון חטיף דגנים 6*25,,,ליון חטיף דגנים 6*25,גרמים,150.00,100 גרם,false,,14.90,0.0993,false,1,204429
5900020034991,false,קראנץ צדפים בטעם שוק,,,קראנץ צדפים בטעם שוק,גרמים,450.00,100 גרם,false,,19.90,0.0442,false,1,210014
5900020036407,false,דגני בוקר שוקולד וקר,,,דגני בוקר שוקולד וקר,גרמים,480.00,100 גרם,false,,19.90,0.0415,false,1,212405
5900020037916,false,צ'יריוס שיבולת שועל,,,צ'יריוס שיבולת שועל,גרמים,375.00,100 גרם,false,,16.90,0.0451,true,1,215935
5900020039132,false,צ'יריוס שיבולת שועל,,,צ'יריוס שיבולת שועל,גרמים,320.00,100 גרם,false,,16.90,0.0528,true,1,218184
5900353646755,false,שקית שזיפים בשוקלד מ,,,שקית שזיפים בשוקלד מ,גרמים,255.00,100 גרם,false,,15.90,0.0624,true,1,219537
5900627040104,false,הרפיק ג'ל אסלות,,,הרפיק ג'ל אסלות,יחידה,0.00,יחידה,false,,7.50,0.0000,true,1,143048
5900627040111,false,הרפיק ג'ל אסלות בניח,,,הרפיק ג'ל אסלות בניח,יחידה,0.00,יחידה,false,,7.50,0.0000,true,1,143000
5900627063233,false,פיניש 50 טבליות AIO,פיניש,,פיניש 50 טבליות AIO,יחידה,0.00,יחידה,false,,39.90,0.0000,true,1,193078
5900951020889,false,ויסקס צ'יקן 400 גר',ויסקס,,ויסקס צ'יקן 400 גר',גרמים,400.00,100 גרם,false,,9.40,0.0235,true,1,186951
5900951283963,false,חטיף סניקרס,,,חטיף סניקרס,גרמים,36.50,100 גרם,false,,4.00,0.1096,false,1,261158
5900951284571,false,פדיגרי פחית בקר 400,פדיגרי,,פדיגרי פחית בקר 400,גרמים,400.00,100 גרם,false,,9.40,0.0235,true,1,216217
5901154046157,false,INKA דגנים ועולש להכ,,,INKA דגנים ועולש להכ,גרמים,100.00,100 גרם,false,,15.90,0.1590,true,1,186935
5901154046164,false,INKA דגנים ועולש אור,,,INKA דגנים ועולש אור,גרמים,100.00,100 גרם,false,,17.90,0.1790,true,1,186936
5901414200411,false,עוגיות מיני היט,היט,,עוגיות מיני היט,גרמים,130.00,100 גרם,false,,6.90,0.0531,true,1,98461
5901888020508,false,FREEYU חטיף דגנים עם,,,FREEYU חטיף דגנים עם,גרמים,70.00,100 גרם,false,,13.90,0.1986,true,1,263475
5901888020546,false,FREEYU חטיף דגנים עם,,,FREEYU חטיף דגנים עם,גרמים,70.00,100 גרם,false,,13.90,0.1986,true,1,263476
5901888020560,false,FREEYU חטיף דגנים עם,,,FREEYU חטיף דגנים עם,גרמים,70.00,100 גרם,false,,13.90,0.1986,true,1,263477
5902198160403,false,"XL ten פחית 250 מ""ל",XL,,"XL ten פחית 250 מ""ל",מיליליטרים,250.00,"100 מ""ל",false,,4.50,0.0180,false,1,197621
5902658076305,false,גליל דבק דו צדדי ספו,,,גליל דבק דו צדדי ספו,יחידה,0.00,יחידה,false,,25.90,0.0000,true,1,207776
5904941751302,false,משקה אנרגיה BLU,,,משקה אנרגיה BLU,מיליליטרים,250.00,"100 מ""ל",false,,3.90,0.0156,true,1,191485
5906485301012,false,משקה אנרגיה אקסל,XL,,משקה אנרגיה אקסל,מיליליטרים,250.00,"100 מ""ל",false,,4.50,0.0180,false,1,92940
5948559002753,false,מטלית ניקוי בעלת ספי,,,מטלית ניקוי בעלת ספי,יחידה,0.00,יחידה,false,,15.90,0.0000,true,1,207773
5949152110821,false,איירוויק מבשם אוויר,איירוויק,,איירוויק מבשם אוויר,מיליליטרים,237.00,"100 מ""ל",false,,14.90,0.0629,true,1,264000
5949152110838,false,איירוויק מבשם אוויר,איירוויק,,איירוויק מבשם אוויר,מיליליטרים,237.00,"100 מ""ל",false,,14.90,0.0629,true,1,264001
5997321770307,false,ויט רצועות שעווה לעו,ויט,,ויט רצועות שעווה לעו,יחידה,0.00,יחידה,false,,19.90,0.0000,true,1,202907
5998749130209,false,ויסקס אדולט צ'יקן 3.,ויסקס,,ויסקס אדולט צ'יקן 3.,קילוגרמים,3.80,"ק""ג",false,,89.90,23.6579,true,1,192900
5998749130247,false,ויסקס אדולט ביף 3.8,,,ויסקס אדולט ביף 3.8,קילוגרמים,3.80,"ק""ג",false,,89.90,23.6579,true,1,192901
5998749131688,false,פדיגרי טייסמי מיניס,,,פדיגרי טייסמי מיניס,גרמים,125.00,100 גרם,false,,18.90,0.1512,true,1,218452
5998749139547,false,פדיגרי מיני ג'מבון 4,,,פדיגרי מיני ג'מבון 4,יחידה,0.00,יחידה,false,,16.90,0.0000,true,1,261528
6001067017530,false,קולגייט מברשת ילדים,קולגייט,,קולגייט מברשת ילדים,יחידה,0.00,יחידה,false,,9.90,0.0000,true,1,142236
6003105000658,false,אבקת ציר ירקות 150 ג,,,אבקת ציר ירקות 150 ג,גרמים,150.00,100 גרם,false,,26.90,0.1793,true,1,148278
6003105002270,false,INA PAARMANS תבלין ת,,,INA PAARMANS תבלין ת,מיליליטרים,200.00,"100 מ""ל",false,,22.90,0.1145,true,1,147976
6003105003260,false,ציר ירקות נוזלי מרוכ,,,ציר ירקות נוזלי מרוכ,מיליליטרים,200.00,"100 מ""ל",false,,27.90,0.1395,true,1,150417
6006507004996,false,תערובת תיבול ים תיכו,,,תערובת תיבול ים תיכו,גרמים,100.00,100 גרם,false,,19.90,0.1990,true,1,198486
6006507005016,false,CAPE HERBS טקסס סטיי,,,CAPE HERBS טקסס סטיי,גרמים,100.00,100 גרם,false,,19.90,0.1990,true,1,197958
6006507005023,false,CAPE HERBS קיג'ון לו,,,CAPE HERBS קיג'ון לו,גרמים,100.00,100 גרם,false,,19.90,0.1990,true,1,197959
6006507005795,false,CAPE HERBS טיקה טנדו,,,CAPE HERBS טיקה טנדו,גרמים,100.00,100 גרם,false,,19.90,0.1990,true,1,197961
6008165271192,false,פאל מאל אדום ארוך,,,פאל מאל אדום ארוך,יחידה,0.00,יחידה,false,,29.00,0.0000,false,1,172786
6009188004828,false,קיט קט צ'אנקי לבן,,,קיט קט צ'אנקי לבן,גרמים,40.00,100 גרם,false,,3.70,0.0925,true,1,263931
6009678813985,false,מלח הימלאי גס מטחנה,,,מלח הימלאי גס מטחנה,גרמים,390.00,100 גרם,false,,16.90,0.0433,true,1,202747
6102017501939,false,מצית להבה,,,מצית להבה,יחידה,0.00,יחידה,false,,9.90,0.0000,true,1,203072
6111094000013,false,דארי-קוסקוס ביינוני,,,דארי-קוסקוס ביינוני,קילוגרמים,1.00,"ק""ג",false,,16.90,16.9000,true,1,150634
6111094000259,false,דארי קוסקוס בינוני 5,,,דארי קוסקוס בינוני 5,גרמים,500.00,100 גרם,false,,9.20,0.0184,true,1,146511
6111094000808,false,קוסקוס דארי ביינוני,,,קוסקוס דארי ביינוני,קילוגרמים,1.00,"ק""ג",false,,16.90,16.9000,true,1,199509
6191546003823,false,אריסה טוניסאית,,,אריסה טוניסאית,גרמים,190.00,100 גרם,false,,16.90,0.0889,true,1,210707
6253016281428,false,"אלכוהול 100 מ""ל",,,"אלכוהול 100 מ""ל",מיליליטרים,100.00,"100 מ""ל",false,,6.50,0.0650,true,1,212612
6253017300012,false,טחינה קראוון 450 גר',,,טחינה קראוון 450 גר',גרמים,450.00,100 גרם,false,,14.90,0.0331,true,1,117061
6253341100012,false,טחינה אעייש 950 גר',,,טחינה אעייש 950 גר',גרמים,950.00,100 גרם,false,,37.90,0.0399,true,1,191026
6253341100029,false,טחינה עאייש 450 גר',,,טחינה עאייש 450 גר',גרמים,450.00,100 גרם,false,,19.90,0.0442,true,1,262221
6910191800287,false,אצות נורי לסושי 10 ד,מזרח ומערב,,אצות נורי לסושי 10 ד,גרמים,25.00,100 גרם,false,,12.90,0.5160,true,1,193053
6920354824395,false,קולגייט נטורל משחת ש,,,קולגייט נטורל משחת ש,יחידה,0.00,יחידה,false,,29.90,0.0000,true,1,219065
6924977250401,false,גרביים לגבר,,,גרביים לגבר,יחידה,0.00,יחידה,false,,8.90,0.0000,true,1,150346
6930660908887,false,מברשת אינטרדנטלית,,,מברשת אינטרדנטלית,יחידה,0.00,יחידה,false,,15.90,0.0000,true,1,210806
6934931268540,false,סט קופסאות 1.2 ליטר,,,סט קופסאות 1.2 ליטר,יחידה,0.00,יחידה,false,,11.90,0.0000,true,1,217124
6934931268618,false,סט קופסאות,,,סט קופסאות,יחידה,0.00,יחידה,false,,11.90,0.0000,true,1,217120
6934931268786,false,סט קופסאות 1 ליטר,,,סט קופסאות 1 ליטר,יחידה,0.00,יחידה,false,,11.90,0.0000,true,1,217125
6936745600462,false,רוטב מירין לתיבול,,,רוטב מירין לתיבול,מיליליטרים,500.00,"100 מ""ל",false,,20.90,0.0418,true,1,143504
6936745600783,false,"חומץ אורז ""מזרח ומער",,,"חומץ אורז ""מזרח ומער",מיליליטרים,500.00,"100 מ""ל",false,,18.90,0.0378,true,1,143505
6937266700785,false,שיק אינטואישן סנסטיב,,,שיק אינטואישן סנסטיב,יחידה,0.00,יחידה,false,,35.90,0.0000,true,1,206331
6944683366159,false,ערמונים אורגניים קלו,,,ערמונים אורגניים קלו,גרמים,100.00,100 גרם,false,,5.90,0.0590,true,1,150090
6974640730167,false,פטריות שיטאקה 100 גר,,,פטריות שיטאקה 100 גר,גרמים,100.00,100 גרם,false,,19.90,0.1990,true,1,263367
7038516140357,false,ג'ורדן מברשת שיניים,,,ג'ורדן מברשת שיניים,יחידה,0.00,יחידה,false,,14.90,0.0000,true,1,146140
7038516140418,false,ג'ורדן מברשות שיניים,ג'ורדן,,ג'ורדן מברשות שיניים,יחידה,0.00,יחידה,false,,14.90,0.0000,true,1,149251
7046110064016,false,ג'ורדן מברשת שיניים,ג'ורדן,,ג'ורדן מברשת שיניים,יחידה,0.00,יחידה,false,,19.90,0.0000,true,1,190362
7046110064047,false,מארז זוג מברשות שיני,ג'ורדן,,מארז זוג מברשות שיני,יחידה,0.00,יחידה,false,,19.90,0.0000,true,1,190283
7046110064535,false,מארז זוג מברשת שיניי,ג'ורדן,,מארז זוג מברשת שיניי,יחידה,0.00,יחידה,false,,19.90,0.0000,true,1,190284
7046110075562,false,ג'ורדן משחת שיניים ל,ג'ורדן,,ג'ורדן משחת שיניים ל,יחידה,0.00,יחידה,false,,11.90,0.0000,true,1,210811
7271730901261,false,פסטה גבינה וואקי מאק,,,פסטה גבינה וואקי מאק,גרמים,156.00,100 גרם,false,,10.90,0.0699,true,1,141710
7280138800359,false,סט 3 חלקים למנגל B,,,סט 3 חלקים למנגל B,יחידה,0.00,יחידה,false,,30.00,0.0000,true,1,191414
7290000000001,false,עגבניות,,,עגבניות,קילוגרמים,1.00,"ק""ג",true,,8.90,8.9000,false,1,92924
7290000000002,false,מלפפון,,,מלפפון,קילוגרמים,1.00,"ק""ג",true,,6.90,6.9000,false,1,104048
7290000000003,false,גזר,,,גזר,קילוגרמים,1.00,"ק""ג",true,,4.90,4.9000,true,1,104049
7290000000004,false,חצילים,,,חצילים,קילוגרמים,1.00,"ק""ג",true,,4.90,4.9000,true,1,104050
7290000000005,false,פלפל נהריה,,,פלפל נהריה,קילוגרמים,1.00,"ק""ג",true,,8.90,8.9000,true,1,103586
7290000000006,false,פלפל ירוק,,,פלפל ירוק,קילוגרמים,1.00,"ק""ג",true,,7.90,7.9000,true,1,104051
7290000000007,false,פלפל אדום,,,פלפל אדום,קילוגרמים,1.00,"ק""ג",true,,8.90,8.9000,true,1,103587
7290000000008,false,כרוב אדום,,,כרוב אדום,קילוגרמים,1.00,"ק""ג",true,,6.90,6.9000,true,1,99495
7290000000009,false,כרוב ירוק,,,כרוב ירוק,קילוגרמים,1.00,"ק""ג",true,,4.90,4.9000,true,1,104052
7290000000010,false,כרובית,,,כרובית,קילוגרמים,1.00,"ק""ג",true,,11.90,11.9000,true,1,104053
7290000000011,false,קישואים,,,קישואים,קילוגרמים,1.00,"ק""ג",true,,7.90,7.9000,true,1,104054
7290000000012,false,סלק,,,סלק,קילוגרמים,1.00,"ק""ג",true,,5.90,5.9000,true,1,99496
7290000000013,false,צנון,,,צנון,קילוגרמים,1.00,"ק""ג",true,,8.90,8.9000,true,1,104055
7290000000014,false,שעועית ירוקה,,,שעועית ירוקה,קילוגרמים,1.00,"ק""ג",true,,23.90,23.9000,true,1,104056
7290000000015,false,שעועית צהובה,,,שעועית צהובה,קילוגרמים,1.00,"ק""ג",true,,21.90,21.9000,true,1,104057
7290000000016,false,תפוחי אדמה לבן,,,תפוחי אדמה לבן,קילוגרמים,1.00,"ק""ג",true,,5.90,5.9000,true,1,104058
7290000000017,false,בצל יבש,,,בצל יבש,קילוגרמים,1.00,"ק""ג",true,,4.90,4.9000,true,1,104059
7290000000018,false,שום יבש,,,שום יבש,קילוגרמים,1.00,"ק""ג",true,,19.90,19.9000,true,1,213059
7290000000019,false,דלורית,ריץ',,דלורית,קילוגרמים,1.00,"ק""ג",true,,7.90,7.9000,true,1,104061
7290000000021,false,פלפל חריף,,,פלפל חריף,קילוגרמים,1.00,"ק""ג",true,,7.90,7.9000,true,1,104063
7290000000022,false,סלרי עלים,,,סלרי עלים,יחידה,0.00,יחידה,false,,4.90,0.0000,true,1,104064
7290000000023,false,אבוקדו,,,אבוקדו,קילוגרמים,1.00,"ק""ג",true,,9.90,9.9000,true,1,104065
7290000000024,false,תירס מקולף,,,תירס מקולף,קילוגרמים,1.00,"ק""ג",true,,11.90,11.9000,true,1,104066
7290000000025,false,קישואים עגולים,,,קישואים עגולים,קילוגרמים,1.00,"ק""ג",true,,11.90,11.9000,true,1,104067
7290000000026,false,אפרסמון,,,אפרסמון,קילוגרמים,1.00,"ק""ג",true,,14.90,14.9000,true,1,104068
7290000000027,false,דלעת,,,דלעת,קילוגרמים,1.00,"ק""ג",true,,8.90,8.9000,true,1,104069
7290000000028,false,חציל קטן,,,חציל קטן,קילוגרמים,1.00,"ק""ג",true,,9.90,9.9000,true,1,104070
7290000000029,false,ענבים שחורים גדו,,,ענבים שחורים גדו,קילוגרמים,1.00,"ק""ג",true,,19.90,19.9000,true,1,104071
7290000000031,false,בצל ירוק,,,בצל ירוק,יחידה,0.00,יחידה,false,,4.90,0.0000,true,1,104073
7290000000032,false,בטטה ירושלמית,,,בטטה ירושלמית,קילוגרמים,1.00,"ק""ג",true,,16.90,16.9000,true,1,104074
7290000000033,false,תפוח אדמה גורמה,,,תפוח אדמה גורמה,קילוגרמים,1.00,"ק""ג",true,,7.90,7.9000,true,1,104075
7290000000034,false,חסה,,,חסה,יחידה,0.00,יחידה,false,,5.90,0.0000,true,1,104076
7290000000035,false,חסה עגולה,,,חסה עגולה,יחידה,0.00,יחידה,false,,5.90,0.0000,true,1,104077
7290000000038,false,ברוקולי מגש,,,ברוקולי מגש,יחידה,0.00,יחידה,false,,9.90,0.0000,true,1,99541
7290000000041,false,בטטה,,,בטטה,קילוגרמים,1.00,"ק""ג",true,,7.90,7.9000,true,1,104080
7290000000042,false,חזרת שורש,,,חזרת שורש,קילוגרמים,1.00,"ק""ג",true,,44.90,44.9000,true,1,104081
7290000000045,false,תפוח אדמה אדום,,,תפוח אדמה אדום,קילוגרמים,1.00,"ק""ג",true,,6.90,6.9000,true,1,104083
7290000000046,false,בצל לבן,,,בצל לבן,קילוגרמים,1.00,"ק""ג",true,,5.90,5.9000,true,1,104084
7290000000047,false,חבילת נענע טריה,,,חבילת נענע טריה,יחידה,0.00,יחידה,false,,4.90,0.0000,true,1,104085
7290000000049,false,כרישה (לוף פראסה),,,כרישה (לוף פראסה),קילוגרמים,1.00,"ק""ג",true,,19.90,19.9000,true,1,104086
7290000000050,false,צנונית,,,צנונית,יחידה,0.00,יחידה,false,,5.90,0.0000,true,1,104087
7290000000051,false,פלפל צהוב,,,פלפל צהוב,קילוגרמים,1.00,"ק""ג",true,,8.90,8.9000,true,1,104088
7290000000052,false,עגבניות שרי,,,עגבניות שרי,קילוגרמים,1.00,"ק""ג",true,,22.90,22.9000,true,1,99546
7290000000053,false,אגס תפוח,,,אגס תפוח,קילוגרמים,1.00,"ק""ג",true,,14.90,14.9000,true,1,104089
7290000000054,false,פלפל כתום,,,פלפל כתום,קילוגרמים,1.00,"ק""ג",true,,8.90,8.9000,true,1,104090
7290000000055,false,סלק עלים,,,סלק עלים,יחידה,0.00,יחידה,false,,5.90,0.0000,true,1,104091
7290000000059,false,ברוקולי משקל,,,ברוקולי משקל,קילוגרמים,1.00,"ק""ג",true,,19.90,19.9000,true,1,104095
7290000000060,false,תבלין טרי,,,תבלין טרי,יחידה,0.00,יחידה,false,,4.90,0.0000,true,1,99547
7290000000061,false,אגסים חומים,,,אגסים חומים,קילוגרמים,1.00,"ק""ג",true,,14.90,14.9000,true,1,104096
7290000000062,false,בצל אדום,,,בצל אדום,קילוגרמים,1.00,"ק""ג",true,,5.90,5.9000,true,1,99497
7290000000063,false,קולורבי,,,קולורבי,קילוגרמים,1.00,"ק""ג",true,,8.90,8.9000,true,1,104097
7290000000064,false,לימון,,,לימון,קילוגרמים,1.00,"ק""ג",true,,7.90,7.9000,true,1,104098
7290000000065,false,אשכולית אדומה,,,אשכולית אדומה,קילוגרמים,1.00,"ק""ג",true,,6.90,6.9000,true,1,104099
7290000000066,false,שזיף אדום,,,שזיף אדום,קילוגרמים,1.00,"ק""ג",true,,15.90,15.9000,true,1,104100
7290000000067,false,צנונית עלים,,,צנונית עלים,יחידה,0.00,יחידה,false,,4.99,0.0000,true,1,104101
7290000000068,false,רימון טרי,,,רימון טרי,קילוגרמים,1.00,"ק""ג",true,,8.90,8.9000,true,1,104102
7290000000069,false,ענבים ירוקים,,,ענבים ירוקים,קילוגרמים,1.00,"ק""ג",true,,24.90,24.9000,true,1,104103
7290000000070,false,פלפל שושקה ירוק/ אדו,,,פלפל שושקה ירוק/ אדו,קילוגרמים,1.00,"ק""ג",true,,14.90,14.9000,true,1,104104
7290000000072,false,תפוח עץ סטרקינג(חרמו,,,תפוח עץ סטרקינג(חרמו,קילוגרמים,1.00,"ק""ג",true,,9.90,9.9000,true,1,104106
7290000000073,false,סברס,,,סברס,קילוגרמים,1.00,"ק""ג",true,,29.90,29.9000,true,1,104107
7290000000074,false,תפוח עץ יונתן,,,תפוח עץ יונתן,קילוגרמים,1.00,"ק""ג",true,,12.90,12.9000,true,1,104108
7290000000075,false,תפוח עץ זהוב,,,תפוח עץ זהוב,קילוגרמים,1.00,"ק""ג",true,,9.90,9.9000,true,1,104109
7290000000077,false,תפוח עץ גרנד (סמית),,,תפוח עץ גרנד (סמית),קילוגרמים,1.00,"ק""ג",true,,9.90,9.9000,true,1,104111
7290000000078,false,מלון,,,מלון,קילוגרמים,1.00,"ק""ג",true,,8.90,8.9000,false,1,99498
7290000000079,false,"תות 1 ק""ג",,,"תות 1 ק""ג",יחידה,0.00,יחידה,false,,24.90,0.0000,true,1,104112
7290000000081,false,אגסים,,,אגסים,קילוגרמים,1.00,"ק""ג",true,,12.90,12.9000,true,1,104113
7290000000084,false,קיוי,,,קיוי,קילוגרמים,1.00,"ק""ג",true,,18.90,18.9000,true,1,104116
7290000000085,false,שומר,,,שומר,קילוגרמים,1.00,"ק""ג",true,,7.90,7.9000,true,1,104117
7290000000086,false,ראש סלרי,,,ראש סלרי,יחידה,0.00,יחידה,false,,4.90,0.0000,true,1,104118
7290000000087,false,אשכוליות,,,אשכוליות,קילוגרמים,1.00,"ק""ג",true,,6.90,6.9000,true,1,104119
7290000000088,false,תפוזים,,,תפוזים,קילוגרמים,1.00,"ק""ג",true,,4.90,4.9000,true,1,104120
7290000000089,false,בננה,,,בננה,קילוגרמים,1.00,"ק""ג",true,,6.90,6.9000,true,1,104121
7290000000092,false,פומלה לבנה,,,פומלה לבנה,קילוגרמים,1.00,"ק""ג",true,,8.90,8.9000,true,1,104124
7290000000093,false,ענבים שחורים קטן,,,ענבים שחורים קטן,קילוגרמים,1.00,"ק""ג",true,,19.90,19.9000,true,1,104125
7290000000095,false,ענה תפוח עץ,,,ענה תפוח עץ,קילוגרמים,1.00,"ק""ג",true,,9.90,9.9000,true,1,104127
7290000000096,false,מנגו,,,מנגו,קילוגרמים,1.00,"ק""ג",true,,14.90,14.9000,true,1,104128
7290000000097,false,חבושים,,,חבושים,קילוגרמים,1.00,"ק""ג",true,,14.90,14.9000,true,1,104129
7290000000098,false,מנגו,,,מנגו,קילוגרמים,1.00,"ק""ג",true,,14.90,14.9000,true,1,104130
7290000000099,false,שורש פטרוזיליה,,,שורש פטרוזיליה,יחידה,0.00,יחידה,false,,5.90,0.0000,true,1,104131
7290000000100,false,ירק,,,ירק,יחידה,0.00,יחידה,false,,3.90,0.0000,true,1,104132
7290000000106,false,אנונה,,,אנונה,קילוגרמים,1.00,"ק""ג",true,,16.90,16.9000,true,1,104135
7290000000107,false,גזר תפזורת,,,גזר תפזורת,קילוגרמים,1.00,"ק""ג",true,,4.90,4.9000,true,1,104136
7290000000108,false,קישואים זוקיני,,,קישואים זוקיני,קילוגרמים,1.00,"ק""ג",true,,11.90,11.9000,true,1,99549
7290000000109,false,תותים,,,תותים,גרמים,500.00,100 גרם,false,,18.90,0.0378,true,1,99500
7290000000110,false,קלמנטינה,,,קלמנטינה,קילוגרמים,1.00,"ק""ג",true,,5.90,5.9000,true,1,104137
7290000000112,false,ארטישוק,,,ארטישוק,קילוגרמים,1.00,"ק""ג",true,,26.90,26.9000,true,1,104138
7290000000113,false,שום טרי עלים,,,שום טרי עלים,קילוגרמים,1.00,"ק""ג",true,,19.90,19.9000,true,1,104139
7290000000114,false,פפיה טרי,,,פפיה טרי,קילוגרמים,1.00,"ק""ג",true,,14.90,14.9000,true,1,104140
7290000000115,false,סנדוויץ,,,סנדוויץ,יחידה,0.00,יחידה,false,,3.00,0.0000,false,1,133490
7290000000116,false,סנדוויץ גדול,,,סנדוויץ גדול,יחידה,0.00,יחידה,false,,15.00,0.0000,true,1,185395
7290000000117,false,עגבניות שרי תמר,,,עגבניות שרי תמר,קילוגרמים,1.00,"ק""ג",true,,23.90,23.9000,true,1,99550
7290000000118,false,פיג'ויה,,,פיג'ויה,קילוגרמים,1.00,"ק""ג",true,,17.90,17.9000,true,1,104141
7290000000122,false,תפוח עץ פינק בראשית,,,תפוח עץ פינק בראשית,קילוגרמים,1.00,"ק""ג",true,,14.90,14.9000,true,1,104034
7290000000124,false,לימון ליים,,,לימון ליים,קילוגרמים,1.00,"ק""ג",true,,9.90,9.9000,true,1,185359
7290000000125,false,ירק מהדרין,,,ירק מהדרין,יחידה,0.00,יחידה,false,,4.90,0.0000,true,1,112785
7290000000126,false,תפוזים ברשת,,,תפוזים ברשת,קילוגרמים,1.00,"ק""ג",true,,3.90,3.9000,true,1,104142
7290000000127,false,ג'ינג'ר טרי במשקל,,,ג'ינג'ר טרי במשקל,קילוגרמים,1.00,"ק""ג",true,,29.90,29.9000,true,1,99552
7290000000131,false,חבילת שמיר טרי,,,חבילת שמיר טרי,יחידה,0.00,יחידה,false,,3.90,0.0000,true,1,138609
7290000000132,false,תפוחי אדמה לבן תפזור,,,תפוחי אדמה לבן תפזור,קילוגרמים,1.00,"ק""ג",true,,4.50,4.5000,true,1,236375
7290000000133,false,חסה סלנובה,,,חסה סלנובה,יחידה,0.00,יחידה,false,,9.90,0.0000,true,1,247442
7290000000137,false,לוביה,,,לוביה,קילוגרמים,1.00,"ק""ג",true,,39.90,39.9000,true,1,99556
7290000000138,false,גויאבה,,,גויאבה,קילוגרמים,1.00,"ק""ג",true,,13.90,13.9000,true,1,104144
7290000000140,false,ענבים גדולים,,,ענבים גדולים,קילוגרמים,1.00,"ק""ג",true,,24.90,24.9000,true,1,134251
7290000000145,false,דלעת ערמונים,,,דלעת ערמונים,קילוגרמים,1.00,"ק""ג",true,,14.90,14.9000,true,1,116088
7290000000147,false,פטריות שמפיניון במשק,,,פטריות שמפיניון במשק,קילוגרמים,1.00,"ק""ג",true,,34.90,34.9000,true,1,99561
7290000000149,false,פומלה אדומה,,,פומלה אדומה,קילוגרמים,1.00,"ק""ג",true,,7.90,7.9000,true,1,92926
7290000000155,false,פטריות חורש במשקל,,,פטריות חורש במשקל,קילוגרמים,1.00,"ק""ג",true,,34.90,34.9000,true,1,103875
7290000000157,false,שום טרי עלים חתוך,,,שום טרי עלים חתוך,קילוגרמים,1.00,"ק""ג",true,,19.90,19.9000,true,1,103877
7290000000158,false,צנון שחור/לבן,,,צנון שחור/לבן,קילוגרמים,1.00,"ק""ג",true,,7.90,7.9000,true,1,128602
7290000000159,false,שזיף מטלי,,,שזיף מטלי,קילוגרמים,1.00,"ק""ג",true,,18.90,18.9000,true,1,130380
7290000000161,false,חציל בלאדי,,,חציל בלאדי,קילוגרמים,1.00,"ק""ג",true,,9.90,9.9000,true,1,137872
7290000000165,false,אננס,,,אננס,יחידה,0.00,יחידה,false,,29.90,0.0000,true,1,99563
7290000000167,false,שרי מנומר/צהוב,,,שרי מנומר/צהוב,קילוגרמים,1.00,"ק""ג",true,,23.90,23.9000,true,1,104147
7290000000168,false,קרמבולה,,,קרמבולה,קילוגרמים,1.00,"ק""ג",true,,34.90,34.9000,true,1,104148
7290000000169,false,עגבניות תמר,,,עגבניות תמר,קילוגרמים,1.00,"ק""ג",true,,8.90,8.9000,false,1,104149
7290000000172,false,קוקטייל צמחי בית קער,,,קוקטייל צמחי בית קער,יחידה,0.00,יחידה,false,,34.90,0.0000,true,1,182207
7290000000181,false,לימון סיני,,,לימון סיני,קילוגרמים,1.00,"ק""ג",true,,9.90,9.9000,true,1,104151
7290000000184,false,עגבניות מגי,,,עגבניות מגי,קילוגרמים,1.00,"ק""ג",true,,17.90,17.9000,true,1,190673
7290000000189,false,תפוח עץ גלה רויאל,,,תפוח עץ גלה רויאל,קילוגרמים,1.00,"ק""ג",true,,11.90,11.9000,true,1,104152
7290000000207,false,אפרסמון גדול,,,אפרסמון גדול,קילוגרמים,1.00,"ק""ג",true,,14.90,14.9000,true,1,194154
7290000000218,false,שקית אריזה בקופות,,,שקית אריזה בקופות,יחידה,0.00,יחידה,false,,0.10,0.0000,false,1,194826
7290000000220,false,שתיה קרה 5 1 ל'.,,,שתיה קרה 5 1 ל'.,יחידה,0.00,יחידה,false,,11.00,0.0000,false,1,113021
7290000000221,false,מים קרים 5 1 ל'.,,,מים קרים 5 1 ל'.,יחידה,0.00,יחידה,false,,5.50,0.0000,true,1,200212
7290000000222,false,מים קרים 2 1 ל'/,,,מים קרים 2 1 ל'/,יחידה,0.00,יחידה,false,,4.00,0.0000,false,1,200213
7290000000226,false,בצל פנינה,,,בצל פנינה,יחידה,0.00,יחידה,false,,9.90,0.0000,true,1,99571
7290000000236,false,ברוקולי מיני סגול מש,,,ברוקולי מיני סגול מש,יחידה,0.00,יחידה,false,,11.90,0.0000,true,1,210856
7290000000305,false,בייגלה,בונז'ור,,בייגלה,יחידה,0.00,יחידה,false,,5.00,0.0000,true,1,104194
7290000000315,false,לחמניה קטנה,דגנית עין בר,,לחמניה קטנה,גרמים,75.00,100 גרם,false,,1.50,0.0200,false,1,99882
7290000000316,false,לחמניה גדולה,,,לחמניה גדולה,יחידה,0.00,יחידה,false,,2.70,0.0000,false,1,102502
7290000000318,false,חלה רגילה,מאפיית דוידוביץ ובני,,חלה רגילה,יחידה,0.00,יחידה,false,,5.90,0.0000,false,1,102503
7290000000321,false,זר מיוחד גדול,,,זר מיוחד גדול,יחידה,0.00,יחידה,false,,60.00,0.0000,true,1,114688
7290000000340,false,דג כבוש ביתי,,,דג כבוש ביתי,קילוגרמים,1.00,"ק""ג",true,,92.90,92.9000,true,1,95367
7290000000350,false,סלט כבד קצוץ בשרי,,,סלט כבד קצוץ בשרי,קילוגרמים,1.00,"ק""ג",true,,99.90,99.9000,true,1,102659
7290000000411,false,מארז שום רביעייה,,,מארז שום רביעייה,יחידה,0.00,יחידה,false,,4.00,0.0000,true,1,144237
7290000000435,false,חומוס ביתי,יד המלך,,חומוס ביתי,קילוגרמים,1.00,"ק""ג",true,,34.90,34.9000,true,1,101983
7290000000440,false,בק ריק,,,בק ריק,יחידה,0.00,יחידה,false,,1.20,0.0000,false,1,93207
7290000000441,false,פקדון שישייה חוזר,,,פקדון שישייה חוזר,יחידה,0.00,יחידה,false,,7.20,0.0000,false,1,196607
7290000000471,false,חבילת שיבה טרייה,,,חבילת שיבה טרייה,יחידה,0.00,יחידה,false,,4.90,0.0000,true,1,210786
7290000000490,false,סאפה אלוורה,,,סאפה אלוורה,יחידה,0.00,יחידה,false,,7.50,0.0000,false,1,202605
7290000000500,false,זר פרחים,,,זר פרחים,יחידה,0.00,יחידה,false,,25.00,0.0000,true,1,102264
7290000000511,false,זר פרחים,,,זר פרחים,יחידה,0.00,יחידה,false,,50.00,0.0000,true,1,205282
7290000000550,false,דבש 30 גרם,,,דבש 30 גרם,יחידה,0.00,יחידה,false,,3.90,0.0000,true,1,102493
7290000000552,false,זר פרחים,,,זר פרחים,יחידה,0.00,יחידה,false,,70.00,0.0000,true,1,104032
7290000000555,false,זר כפרי,,,זר כפרי,יחידה,0.00,יחידה,false,,35.00,0.0000,true,1,136040
7290000000558,false,סלט טורקי,יד המלך,,סלט טורקי,קילוגרמים,1.00,"ק""ג",true,,56.90,56.9000,true,1,101988
7290000000573,false,זר פרחים,,,זר פרחים,יחידה,0.00,יחידה,false,,30.00,0.0000,true,1,117986
7290000000581,false,זר פרחים,,,זר פרחים,יחידה,0.00,יחידה,false,,20.00,0.0000,true,1,143201
7290000000589,false,לקרדה פרוסה בשמן,,,לקרדה פרוסה בשמן,קילוגרמים,1.00,"ק""ג",true,,124.90,124.9000,true,1,234280
7290000000590,false,זר פרחים גדול,,,זר פרחים גדול,יחידה,0.00,יחידה,false,,40.00,0.0000,true,1,122009
7290000000600,false,דמי משלוח,,,דמי משלוח,יחידה,0.00,יחידה,false,,30.00,0.0000,false,1,102005
7290000000604,false,בקבוק סודה קטן קר,,,בקבוק סודה קטן קר,יחידה,0.00,יחידה,false,,5.00,0.0000,false,1,202541
7290000000608,false,פחית שתיה קרה,קוקה קולה,,פחית שתיה קרה,יחידה,0.00,יחידה,false,,7.00,0.0000,true,1,93067
7290000000609,false,בק' שתיה קרה 0.5ל,קוקה קולה,,בק' שתיה קרה 0.5ל,יחידה,0.00,יחידה,false,,9.00,0.0000,true,1,93068
7290000000611,false,XL / בלו קר,נסטי,,XL / בלו קר,יחידה,0.00,יחידה,false,,5.00,0.0000,true,1,93069
7290000000640,false,סל פוליצר,,,סל פוליצר,יחידה,0.00,יחידה,false,,3.90,0.0000,false,1,115227
7290000000700,false,הכנת הזמנה ללא משלוח,,,הכנת הזמנה ללא משלוח,יחידה,0.00,יחידה,false,,15.00,0.0000,false,1,117250
7290000000704,false,כרוב כבוש במשקל חמוצ,,,כרוב כבוש במשקל חמוצ,קילוגרמים,1.00,"ק""ג",true,,29.90,29.9000,true,1,109054
7290000000842,false,באגט,בונז'ור,,באגט,יחידה,0.00,יחידה,false,,5.90,0.0000,true,1,104205
7290000000855,false,חצי בגט,בונז'ור,,חצי בגט,יחידה,0.00,יחידה,false,,3.50,0.0000,true,1,104206
7290000000910,false,בוטנים עם קליפה,,,בוטנים עם קליפה,קילוגרמים,1.00,"ק""ג",true,,14.90,14.9000,true,1,92928
7290000001008,false,גביע 270 שקוף,,,גביע 270 שקוף,יחידה,0.00,יחידה,false,,0.50,0.0000,true,1,121883
7290000001009,false,גביע 500,,,גביע 500,יחידה,0.00,יחידה,false,,1.00,0.0000,true,1,100945
7290000001029,false,פסטה,,,פסטה,קילוגרמים,1.00,"ק""ג",true,,39.00,39.0000,false,1,143587
7290000001042,false,מכסה מודפס,,,מכסה מודפס,יחידה,0.00,יחידה,false,,0.30,0.0000,true,1,100946
7290000001272,false,ירכיים עוף טרי תפזור,,,ירכיים עוף טרי תפזור,קילוגרמים,1.00,"ק""ג",true,,26.90,26.9000,false,1,97543
7290000001289,false,שוקיים עוף טרי,,,שוקיים עוף טרי,קילוגרמים,1.00,"ק""ג",true,,28.90,28.9000,false,1,97544
7290000001388,false,חזה עוף גוש,,,חזה עוף גוש,קילוגרמים,1.00,"ק""ג",true,,31.90,31.9000,false,1,97546
7290000001470,false,סלמון טרי שלם,,,סלמון טרי שלם,קילוגרמים,1.00,"ק""ג",true,,70.00,70.0000,false,1,120471
7290000001524,false,שוק מפורק+חזה הודו (,,,שוק מפורק+חזה הודו (,קילוגרמים,1.00,"ק""ג",true,,45.00,45.0000,false,1,97547
7290000001562,false,סלמון פילה טרי,MF-מאסטרפוד,,סלמון פילה טרי,קילוגרמים,1.00,"ק""ג",true,,100.00,100.0000,false,1,197949
7290000001722,false,ג'ינג'ר דל סוכר תפזו,,,ג'ינג'ר דל סוכר תפזו,קילוגרמים,1.00,"ק""ג",true,,48.00,48.0000,true,1,150309
7290000001746,false,פומלית,,,פומלית,קילוגרמים,1.00,"ק""ג",true,,6.90,6.9000,true,1,104155
7290000001753,false,עוף טרי שלם,,,עוף טרי שלם,קילוגרמים,1.00,"ק""ג",true,,17.90,17.9000,false,1,142200
7290000001777,false,שישליק הודו,,,שישליק הודו,קילוגרמים,1.00,"ק""ג",true,,32.90,32.9000,false,1,97549
7290000001807,false,דג דניס טרי,,,דג דניס טרי,קילוגרמים,1.00,"ק""ג",true,,59.90,59.9000,false,1,93004
7290000001944,false,חמוציות ברכז חתוך,,,חמוציות ברכז חתוך,קילוגרמים,1.00,"ק""ג",true,,56.00,56.0000,true,1,122766
7290000001951,false,כנפיים עוף טריות נקי,,,כנפיים עוף טריות נקי,קילוגרמים,1.00,"ק""ג",true,,12.90,12.9000,false,1,135920
7290000002040,false,קוסקוס מבושל,,,קוסקוס מבושל,קילוגרמים,1.00,"ק""ג",true,,29.00,29.0000,false,1,142400
7290000002125,false,מארז 3 סופגניות גדול,,,מארז 3 סופגניות גדול,יחידה,0.00,יחידה,false,,15.00,0.0000,true,1,260689
7290000002132,false,מארז 2 סופגניות גדול,,,מארז 2 סופגניות גדול,יחידה,0.00,יחידה,false,,10.00,0.0000,true,1,260766
7290000002149,false,מארז 4 סופגניות גדול,,,מארז 4 סופגניות גדול,יחידה,0.00,יחידה,false,,20.00,0.0000,true,1,260767
7290000002156,false,חלה מתוקה עם צימוקים,,,חלה מתוקה עם צימוקים,גרמים,650.00,100 גרם,false,,15.90,0.0245,true,1,264658
7290000002309,false,מארז 4 לחמניות לוסי,,,מארז 4 לחמניות לוסי,יחידה,0.00,יחידה,false,,12.90,0.0000,true,1,264671
7290000002682,false,פילה לברק טרי,,,פילה לברק טרי,קילוגרמים,1.00,"ק""ג",true,,150.00,150.0000,true,1,219268
7290000003016,false,כרוב / פלפל ממולא,,,כרוב / פלפל ממולא,קילוגרמים,1.00,"ק""ג",true,,54.90,54.9000,false,1,142320
7290000003047,false,"מוסקה / מפרום תפ""א מ",,,"מוסקה / מפרום תפ""א מ",קילוגרמים,1.00,"ק""ג",true,,74.90,74.9000,false,1,102675
7290000003054,false,קציצות ירק,,,קציצות ירק,קילוגרמים,1.00,"ק""ג",true,,49.00,49.0000,false,1,102676
7290000003061,false,כרעיים/שוקיים בתנור/,,,כרעיים/שוקיים בתנור/,קילוגרמים,1.00,"ק""ג",true,,59.00,59.0000,false,1,133634
7290000003078,false,עוף מוקפץ בסגנון סינ,,,עוף מוקפץ בסגנון סינ,קילוגרמים,1.00,"ק""ג",true,,59.00,59.0000,false,1,142321
7290000003085,false,אורז עם ירקות,,,אורז עם ירקות,קילוגרמים,1.00,"ק""ג",true,,29.00,29.0000,false,1,142322
7290000003122,false,תמר בון בון 3.5 קג,,,תמר בון בון 3.5 קג,קילוגרמים,3.50,"ק""ג",false,,120.00,34.2857,true,1,235501
7290000003139,false,שוארמה עוף,,,שוארמה עוף,קילוגרמים,1.00,"ק""ג",true,,89.90,89.9000,false,1,133574
7290000003153,false,תפוח אדמה אפוי,,,תפוח אדמה אפוי,קילוגרמים,1.00,"ק""ג",true,,29.00,29.0000,false,1,142324
7290000003160,false,קציצות בקר/עוף,,,קציצות בקר/עוף,קילוגרמים,1.00,"ק""ג",true,,79.00,79.0000,false,1,102685
7290000003177,false,אורז מג'דרה,,,אורז מג'דרה,קילוגרמים,1.00,"ק""ג",true,,34.90,34.9000,false,1,142325
7290000003207,false,מעורב ירושלמי מוכן,,,מעורב ירושלמי מוכן,קילוגרמים,1.00,"ק""ג",true,,79.90,79.9000,false,1,261665
7290000003221,false,"קרפלך תפו""א / בשר",,,"קרפלך תפו""א / בשר",קילוגרמים,1.00,"ק""ג",true,,59.00,59.0000,false,1,133575
7290000003245,false,תוספות ירקות,,,תוספות ירקות,קילוגרמים,1.00,"ק""ג",true,,54.90,54.9000,false,1,142331
7290000003252,false,דג סול/בקלה מטוגן,,,דג סול/בקלה מטוגן,קילוגרמים,1.00,"ק""ג",true,,69.00,69.0000,false,1,142332
7290000003313,false,דג מרוקאי נסיכת הניל,,,דג מרוקאי נסיכת הניל,קילוגרמים,1.00,"ק""ג",true,,79.90,79.9000,false,1,142334
7290000003344,false,סטייק פרגית בגריל,,,סטייק פרגית בגריל,קילוגרמים,1.00,"ק""ג",true,,99.00,99.0000,false,1,142364
7290000003351,false,פילה אמנון ענק,,,פילה אמנון ענק,קילוגרמים,1.00,"ק""ג",true,,35.00,35.0000,false,1,113716
7290000003528,false,סלט טונה לבן/ אדום,,,סלט טונה לבן/ אדום,קילוגרמים,1.00,"ק""ג",true,,84.90,84.9000,true,1,196696
7290000003535,false,סלט טבולה,יד המלך,,סלט טבולה,קילוגרמים,1.00,"ק""ג",true,,56.90,56.9000,true,1,141839
7290000003542,false,סלט ביצים,,,סלט ביצים,קילוגרמים,1.00,"ק""ג",true,,76.90,76.9000,true,1,196700
7290000003580,false,בולגרית / פטה קוביות,,,בולגרית / פטה קוביות,קילוגרמים,1.00,"ק""ג",true,,109.90,109.9000,true,1,150656
7290000003597,false,סלט חציל מיונז על הא,יד המלך,,סלט חציל מיונז על הא,קילוגרמים,1.00,"ק""ג",true,,56.90,56.9000,true,1,196699
7290000003603,false,סלט חציל סטייק,יד המלך,,סלט חציל סטייק,קילוגרמים,1.00,"ק""ג",true,,56.90,56.9000,true,1,196775
7290000003610,false,סלט חציל רומני,,,סלט חציל רומני,קילוגרמים,1.00,"ק""ג",true,,56.90,56.9000,true,1,196697
7290000003627,false,סלט חציל יווני,יד המלך,,סלט חציל יווני,קילוגרמים,1.00,"ק""ג",true,,56.90,56.9000,true,1,196704
7290000003641,false,סלט מטבוחה ביתי,יד המלך,,סלט מטבוחה ביתי,קילוגרמים,1.00,"ק""ג",true,,56.90,56.9000,true,1,196723
7290000003672,false,צלי בקר מוכן,,,צלי בקר מוכן,קילוגרמים,1.00,"ק""ג",true,,110.00,110.0000,false,1,142328
7290000003689,false,סלט קול סלו,יד המלך,,סלט קול סלו,קילוגרמים,1.00,"ק""ג",true,,39.90,39.9000,true,1,196877
7290000003696,false,שניצל מטוגן,,,שניצל מטוגן,קילוגרמים,1.00,"ק""ג",true,,75.00,75.0000,false,1,142335
7290000003702,false,"סלט תפ""א רוסי",,,"סלט תפ""א רוסי",קילוגרמים,1.00,"ק""ג",true,,56.90,56.9000,true,1,197053
7290000003764,false,טחינה לבנה,,,טחינה לבנה,קילוגרמים,1.00,"ק""ג",true,,34.90,34.9000,true,1,196806
7290000003788,false,סלט פטריות מקסיקני,יד המלך,,סלט פטריות מקסיקני,קילוגרמים,1.00,"ק""ג",true,,69.90,69.9000,true,1,197052
7290000003801,false,סלט אבוקדו,יד המלך,,סלט אבוקדו,קילוגרמים,1.00,"ק""ג",true,,84.90,84.9000,true,1,196724
7290000003825,false,סלט כרוב סיני,יד המלך,,סלט כרוב סיני,קילוגרמים,1.00,"ק""ג",true,,39.90,39.9000,true,1,196725
7290000003849,false,סלסה,יד המלך,,סלסה,קילוגרמים,1.00,"ק""ג",true,,56.90,56.9000,true,1,196726
7290000003900,false,סלט חציל טעם כבד,יד המלך,,סלט חציל טעם כבד,קילוגרמים,1.00,"ק""ג",true,,79.90,79.9000,true,1,197073
7290000003955,false,חציל סביח,,,חציל סביח,קילוגרמים,1.00,"ק""ג",true,,69.90,69.9000,true,1,196729
7290000003962,false,סלט מסאייר/ירקות סינ,,,סלט מסאייר/ירקות סינ,קילוגרמים,1.00,"ק""ג",true,,52.90,52.9000,true,1,196730
7290000004051,false,לימון כבוש במשקל,יד המלך,,לימון כבוש במשקל,קילוגרמים,1.00,"ק""ג",true,,64.90,64.9000,true,1,115041
7290000004204,false,סיגר/פסטל/אגרול מוכן,,,סיגר/פסטל/אגרול מוכן,קילוגרמים,1.00,"ק""ג",true,,69.00,69.0000,false,1,143597
7290000004273,false,כרובית / ברוקולי בצי,,,כרובית / ברוקולי בצי,קילוגרמים,1.00,"ק""ג",true,,69.00,69.0000,false,1,190341
7290000004310,false,טחינה ירוקה,יד המלך,,טחינה ירוקה,קילוגרמים,1.00,"ק""ג",true,,34.90,34.9000,true,1,196795
7290000004433,false,לברק טרי,,,לברק טרי,קילוגרמים,1.00,"ק""ג",true,,74.90,74.9000,true,1,189263
7290000004983,false,אמנון ענק טרי,,,אמנון ענק טרי,קילוגרמים,1.00,"ק""ג",true,,29.90,29.9000,false,1,189269
7290000005081,false,עציץ,,,עציץ,יחידה,0.00,יחידה,false,,15.90,0.0000,true,1,201371
7290000005522,false,סלט חצילים,,,סלט חצילים,קילוגרמים,1.00,"ק""ג",true,,44.90,44.9000,true,1,196732
7290000005539,false,כרוב אדום,צבר,,כרוב אדום,קילוגרמים,1.00,"ק""ג",true,,39.90,39.9000,true,1,196727
7290000005546,false,סחוג אדום/ ירוק,יד המלך,,סחוג אדום/ ירוק,קילוגרמים,1.00,"ק""ג",true,,49.90,49.9000,true,1,196728
7290000005577,false,איקרה לבנה,,,איקרה לבנה,קילוגרמים,1.00,"ק""ג",true,,69.90,69.9000,true,1,97551
7290000005638,false,סלט תירס,,,סלט תירס,קילוגרמים,1.00,"ק""ג",true,,54.90,54.9000,true,1,263545
7290000005652,false,קציצות ברוטב,,,קציצות ברוטב,קילוגרמים,1.00,"ק""ג",true,,79.00,79.0000,true,1,209327
7290000005676,false,זיתים שחורים במשקל,,,זיתים שחורים במשקל,קילוגרמים,1.00,"ק""ג",true,,49.90,49.9000,true,1,97474
7290000005683,false,זיתים ירוקים במשקל,,,זיתים ירוקים במשקל,קילוגרמים,1.00,"ק""ג",true,,49.90,49.9000,true,1,104033
7290000005706,false,זיתים שחורים טבעי במ,,,זיתים שחורים טבעי במ,קילוגרמים,1.00,"ק""ג",true,,49.90,49.9000,true,1,97475
7290000005713,false,זיתים סורים במשקל,,,זיתים סורים במשקל,קילוגרמים,1.00,"ק""ג",true,,49.90,49.9000,true,1,98307
7290000005737,false,לקרדה שלמה,,,לקרדה שלמה,קילוגרמים,1.00,"ק""ג",true,,79.90,79.9000,true,1,95377
7290000005805,false,חלבה פיסטוק שקדי,אחוה,,חלבה פיסטוק שקדי,קילוגרמים,1.00,"ק""ג",true,,49.90,49.9000,true,1,117937
7290000005829,false,פילה הרינג אמיתי,,,פילה הרינג אמיתי,יחידה,0.00,יחידה,false,,8.90,0.0000,true,1,95378
7290000005867,false,דג מטיאס,,,דג מטיאס,קילוגרמים,1.00,"ק""ג",true,,59.90,59.9000,true,1,97552
7290000005898,false,דג כבוש,,,דג כבוש,קילוגרמים,1.00,"ק""ג",true,,59.90,59.9000,true,1,97554
7290000006000,false,מאפים במישקל,,,מאפים במישקל,קילוגרמים,1.00,"ק""ג",true,,44.90,44.9000,true,1,194354
7290000006086,false,לחם מחמצת מאפיה,,,לחם מחמצת מאפיה,יחידה,0.00,יחידה,false,,17.90,0.0000,true,1,194350
7290000006185,false,חלה מתוקה / רגילה,,,חלה מתוקה / רגילה,יחידה,0.00,יחידה,false,,12.90,0.0000,true,1,194353
7290000006208,false,לחמניה עגולה,,,לחמניה עגולה,יחידה,0.00,יחידה,false,,4.00,0.0000,true,1,208342
7290000006222,false,בייגלה,,,בייגלה,יחידה,0.00,יחידה,false,,5.00,0.0000,true,1,194357
7290000006246,false,בגט רגיל / כפרי,,,בגט רגיל / כפרי,יחידה,0.00,יחידה,false,,5.90,0.0000,true,1,196939
7290000006253,false,חצי בגט,,,חצי בגט,יחידה,0.00,יחידה,false,,3.50,0.0000,true,1,194359
7290000006376,false,מארז פיתות,,,מארז פיתות,יחידה,0.00,יחידה,false,,10.90,0.0000,true,1,214420
7290000006406,false,סופגניה רגיל /דונטס,,,סופגניה רגיל /דונטס,יחידה,0.00,יחידה,false,,5.00,0.0000,true,1,194362
7290000006413,false,קוקוס צ'יפס קלוי,,,קוקוס צ'יפס קלוי,קילוגרמים,1.00,"ק""ג",true,,90.00,90.0000,true,1,210735
7290000006512,false,עוגיות קוקיס / אמפנד,,,עוגיות קוקיס / אמפנד,קילוגרמים,1.00,"ק""ג",true,,55.90,55.9000,true,1,194435
7290000006574,false,סופגניה מיני,,,סופגניה מיני,יחידה,0.00,יחידה,false,,3.00,0.0000,true,1,194649
7290000006598,false,לחם מרוקאי / פוקאצ',,,לחם מרוקאי / פוקאצ',יחידה,0.00,יחידה,false,,14.90,0.0000,true,1,194707
7290000006666,false,מארז לחמניות ג'בטה /,,,מארז לחמניות ג'בטה /,יחידה,0.00,יחידה,false,,11.90,0.0000,true,1,200445
7290000006820,false,מצית חד פעמי,,,מצית חד פעמי,יחידה,0.00,יחידה,false,,3.00,0.0000,true,1,101866
7290000006901,false,לחמניית המבורגר רביע,,,לחמניית המבורגר רביע,יחידה,0.00,יחידה,false,,16.90,0.0000,true,1,214206
7290000006949,false,מארז זוג כריך רוסטיק,,,מארז זוג כריך רוסטיק,יחידה,0.00,יחידה,false,,10.00,0.0000,true,1,214667
7290000006994,false,פקאן מסוכר,,,פקאן מסוכר,קילוגרמים,1.00,"ק""ג",true,,100.00,100.0000,true,1,125721
7290000007038,false,חצילים כבושים במשקל,,,חצילים כבושים במשקל,קילוגרמים,1.00,"ק""ג",true,,29.90,29.9000,true,1,204124
7290000007045,false,ירקות כבושים במשקל ח,,,ירקות כבושים במשקל ח,קילוגרמים,1.00,"ק""ג",true,,35.00,35.0000,true,1,150415
7290000007052,false,זיתים חרוזית במשקל,,,זיתים חרוזית במשקל,קילוגרמים,1.00,"ק""ג",true,,49.90,49.9000,true,1,100505
7290000007076,false,לחם מחמצת בלקן,,,לחם מחמצת בלקן,יחידה,0.00,יחידה,false,,18.90,0.0000,true,1,263631
7290000007090,false,פלפל שיפקה במשקל,,,פלפל שיפקה במשקל,קילוגרמים,1.00,"ק""ג",true,,49.90,49.9000,true,1,96788
7290000007106,false,זיתים שחורים יבשים ב,,,זיתים שחורים יבשים ב,קילוגרמים,1.00,"ק""ג",true,,49.90,49.9000,true,1,97476
7290000007113,false,קראנץ' עוגת ביסקוטי,,,קראנץ' עוגת ביסקוטי,יחידה,0.00,יחידה,false,,44.90,0.0000,true,1,263374
7290000007120,false,זיתים שחורים קלמטה ב,,,זיתים שחורים קלמטה ב,קילוגרמים,1.00,"ק""ג",true,,49.90,49.9000,true,1,103769
7290000007199,false,צימוק אוזבקי,,,צימוק אוזבקי,קילוגרמים,1.00,"ק""ג",true,,60.00,60.0000,true,1,215210
7290000007601,false,דג ברמונדי טרי,,,דג ברמונדי טרי,קילוגרמים,1.00,"ק""ג",true,,50.00,50.0000,true,1,205361
7290000007809,false,מארז זוג פרנה עגולה,,,מארז זוג פרנה עגולה,יחידה,0.00,יחידה,false,,10.00,0.0000,true,1,214668
7290000007922,false,פוקאצ'ה אישית,,,פוקאצ'ה אישית,יחידה,0.00,יחידה,false,,7.90,0.0000,true,1,202076
7290000007977,false,מארז 5 מיני סופגניה,,,מארז 5 מיני סופגניה,יחידה,0.00,יחידה,false,,12.90,0.0000,true,1,214565
7290000008301,false,פיסטוק מקולף,,,פיסטוק מקולף,קילוגרמים,1.00,"ק""ג",true,,130.00,130.0000,true,1,109002
7290000008783,false,קובה מטוגן,,,קובה מטוגן,יחידה,0.00,יחידה,false,,7.90,0.0000,true,1,142433
7290000008974,false,מארז 4 חצי בגט,,,מארז 4 חצי בגט,יחידה,0.00,יחידה,false,,11.90,0.0000,true,1,208622
7290000008998,false,פילה סלמון ברוטב לימ,,,פילה סלמון ברוטב לימ,קילוגרמים,1.00,"ק""ג",true,,150.00,150.0000,false,1,142654
7290000009032,false,בננה ציפס,,,בננה ציפס,קילוגרמים,1.00,"ק""ג",true,,30.00,30.0000,true,1,100517
7290000009070,false,חמוציות שלמות מיובשו,,,חמוציות שלמות מיובשו,קילוגרמים,1.00,"ק""ג",true,,72.00,72.0000,true,1,115800
7290000009254,false,מישמש יבש,,,מישמש יבש,קילוגרמים,1.00,"ק""ג",true,,64.00,64.0000,true,1,100518
7290000009278,false,תפוחי עץ מיובש,,,תפוחי עץ מיובש,קילוגרמים,1.00,"ק""ג",true,,59.90,59.9000,true,1,100520
7290000009285,false,אגוז מלך ללא קליפה,,,אגוז מלך ללא קליפה,קילוגרמים,1.00,"ק""ג",true,,59.00,59.0000,true,1,100521
7290000009292,false,תאנים יבשות,,,תאנים יבשות,קילוגרמים,1.00,"ק""ג",true,,49.00,49.0000,true,1,100522
7290000009315,false,צימוקים,,,צימוקים,קילוגרמים,1.00,"ק""ג",true,,39.90,39.9000,true,1,100523
7290000009322,false,שזיפים יבשים,,,שזיפים יבשים,קילוגרמים,1.00,"ק""ג",true,,42.00,42.0000,true,1,100524
7290000009346,false,שקדים טבעיים,,,שקדים טבעיים,קילוגרמים,1.00,"ק""ג",true,,69.00,69.0000,true,1,100527
7290000009353,false,אננס יבש מסוכר,,,אננס יבש מסוכר,קילוגרמים,1.00,"ק""ג",true,,45.00,45.0000,true,1,100528
7290000009360,false,שזיפים יבשים ללא גרע,,,שזיפים יבשים ללא גרע,קילוגרמים,1.00,"ק""ג",true,,48.00,48.0000,true,1,120890
7290000009384,false,תמרים מג'הול,,,תמרים מג'הול,קילוגרמים,1.00,"ק""ג",true,,49.90,49.9000,true,1,118542
7290000009445,false,בונדוק מקולף,,,בונדוק מקולף,קילוגרמים,1.00,"ק""ג",true,,60.00,60.0000,true,1,100531
7290000009469,false,צנובר,,,צנובר,קילוגרמים,1.00,"ק""ג",true,,199.00,199.0000,true,1,100532
7290000009506,false,מארז שלוש בייגלה,,,מארז שלוש בייגלה,יחידה,0.00,יחידה,false,,15.00,0.0000,true,1,212506
7290000009513,false,פקאן ללא קליפה,,,פקאן ללא קליפה,קילוגרמים,1.00,"ק""ג",true,,110.00,110.0000,true,1,100534
7290000009544,false,חמניות מקולפות,,,חמניות מקולפות,קילוגרמים,1.00,"ק""ג",true,,22.90,22.9000,true,1,109005
7290000009551,false,אגוזי קאשיו,,,אגוזי קאשיו,קילוגרמים,1.00,"ק""ג",true,,76.00,76.0000,true,1,100535
7290000009629,false,צימוקים שחורים,,,צימוקים שחורים,קילוגרמים,1.00,"ק""ג",true,,30.00,30.0000,true,1,100536
7290000009636,false,שאריות פסטרמה,עוף טוב,,שאריות פסטרמה,קילוגרמים,1.00,"ק""ג",true,,20.00,20.0000,false,1,112174
7290000009643,false,מארז לחמניות,,,מארז לחמניות,יחידה,0.00,יחידה,false,,11.90,0.0000,true,1,209505
7290000009650,false,עוגת קראנץ שוקולד חמ,,,עוגת קראנץ שוקולד חמ,גרמים,600.00,100 גרם,false,,38.90,0.0648,true,1,198437
7290000009711,false,מקדמיה,,,מקדמיה,קילוגרמים,1.00,"ק""ג",true,,150.00,150.0000,true,1,117100
7290000009803,false,מאפה אישי,,,מאפה אישי,יחידה,0.00,יחידה,false,,9.90,0.0000,true,1,214256
7290000009810,false,חמש חליות במארז,,,חמש חליות במארז,יחידה,0.00,יחידה,false,,14.90,0.0000,true,1,215829
7290000009834,false,מארז לחמניות כוסמין,,,מארז לחמניות כוסמין,יחידה,0.00,יחידה,false,,15.00,0.0000,true,1,219325
7290000009841,false,מארז 3 חלות מסעדות,,,מארז 3 חלות מסעדות,יחידה,0.00,יחידה,false,,14.90,0.0000,true,1,263985
7290000009865,false,מארז 3 פיתות בטעמים,,,מארז 3 פיתות בטעמים,יחידה,0.00,יחידה,false,,15.00,0.0000,true,1,219326
7290000010274,false,חזה עוף בגריל,,,חזה עוף בגריל,קילוגרמים,1.00,"ק""ג",true,,75.00,75.0000,false,1,146287
7290000010380,false,עלי גפן ממולאים,יד המלך,,עלי גפן ממולאים,קילוגרמים,1.00,"ק""ג",true,,52.90,52.9000,true,1,197058
7290000010762,false,כרעיים ללא עצם טרי,,,כרעיים ללא עצם טרי,קילוגרמים,1.00,"ק""ג",true,,31.90,31.9000,false,1,217087
7290000011004,false,שווארמה הודו+עוף טחו,,,שווארמה הודו+עוף טחו,קילוגרמים,1.00,"ק""ג",true,,59.90,59.9000,false,1,97556
7290000013008,false,שווארמה נקבה +בקר טר,,,שווארמה נקבה +בקר טר,קילוגרמים,1.00,"ק""ג",true,,69.90,69.9000,false,1,97557
7290000014418,false,גוג'י ברי,,,גוג'י ברי,קילוגרמים,1.00,"ק""ג",true,,80.00,80.0000,true,1,148872
7290000015064,false,שוק מפורק+בקר טרי (ט,,,שוק מפורק+בקר טרי (ט,קילוגרמים,1.00,"ק""ג",true,,65.00,65.0000,false,1,97560
7290000015101,false,עצמות בקר סוכר,,,עצמות בקר סוכר,קילוגרמים,1.00,"ק""ג",true,,14.00,14.0000,true,1,97561
7290000015408,false,שוק מפורק+עוף (טחון),,,שוק מפורק+עוף (טחון),קילוגרמים,1.00,"ק""ג",true,,49.90,49.9000,false,1,97564
7290000016009,false,בקר טרי +עוף טחון,,,בקר טרי +עוף טחון,קילוגרמים,1.00,"ק""ג",true,,60.00,60.0000,false,1,97565
7290000016115,false,פילה דניס טרי,,,פילה דניס טרי,קילוגרמים,1.00,"ק""ג",true,,130.00,130.0000,true,1,219267
7290000017006,false,שאריות בשר טרי,,,שאריות בשר טרי,קילוגרמים,1.00,"ק""ג",true,,9.90,9.9000,false,1,97566
7290000017389,false,דג בורי טרי,,,דג בורי טרי,קילוגרמים,1.00,"ק""ג",true,,39.90,39.9000,false,1,93007
7290000019000,false,גרון עוף טרי,,,גרון עוף טרי,קילוגרמים,1.00,"ק""ג",true,,3.90,3.9000,false,1,197988
7290000020426,false,מרק קוסקוס מוכן,,,מרק קוסקוס מוכן,קילוגרמים,1.00,"ק""ג",true,,29.00,29.0000,false,1,142402
7290000023007,false,שטוק 84,יקבי ברקן,,שטוק 84,מיליליטרים,750.00,"100 מ""ל",false,,69.90,0.0932,false,1,109966
7290000023083,false,ערק אשקלון 40% - 700,,,ערק אשקלון 40% - 700,מיליליטרים,700.00,"100 מ""ל",false,,52.90,0.0756,true,1,148756
7290000023809,false,קלאסיק קברנה סוביניו,ברקן קלאסיק,,קלאסיק קברנה סוביניו,מיליליטרים,750.00,"100 מ""ל",false,,24.90,0.0332,false,1,109995
7290000023816,false,יין קלאסיק ריזלי,,,יין קלאסיק ריזלי,יחידה,750.00,יחידה,false,,24.90,0.0332,false,1,109996
7290000023823,false,יין סוביניון בלא,,,יין סוביניון בלא,יחידה,750.00,יחידה,false,,24.90,0.0332,false,1,109997
7290000023830,false,יין שיראז רוזה ברקן,יקבי ברקן,,יין שיראז רוזה ברקן,יחידה,750.00,יחידה,false,,24.90,0.0332,false,1,193281
7290000023847,false,קלאסיק שרדונה,ברקן קלאסיק,,קלאסיק שרדונה,מיליליטרים,750.00,"100 מ""ל",false,,24.90,0.0332,false,1,136437
7290000023977,false,קלאסיק מרלו,ברקן קלאסיק,,קלאסיק מרלו,מיליליטרים,750.00,"100 מ""ל",false,,24.90,0.0332,false,1,110000
7290000024202,false,יין קברנה סוביני,,,יין קברנה סוביני,יחידה,750.00,יחידה,false,,34.90,0.0465,false,1,110004
7290000024219,false,אמרלד ריזלינג רזרבד,,,אמרלד ריזלינג רזרבד,יחידה,750.00,יחידה,false,,34.90,0.0465,false,1,170737
7290000024264,false,ברקן רזרב מרלו,ברקן רזרב,,ברקן רזרב מרלו,מיליליטרים,750.00,"100 מ""ל",false,,34.90,0.0465,false,1,110006
7290000024523,false,תירוש 1 ליטר סגל,של סגל,,תירוש 1 ליטר סגל,ליטרים,1.00,ליטר,false,,13.90,13.9000,false,1,190797
7290000024530,false,יין אדום מתוק סגל 75,,,יין אדום מתוק סגל 75,מיליליטרים,750.00,"100 מ""ל",false,,14.90,0.0199,true,1,206947
7290000025018,false,גרעיני דלעת מקול,,,גרעיני דלעת מקול,קילוגרמים,1.00,"ק""ג",true,,40.00,40.0000,true,1,122435
7290000028127,false,כבל הטענה TYPE-C,,,כבל הטענה TYPE-C,יחידה,0.00,יחידה,false,,11.90,0.0000,true,1,262254
7290000032078,false,נודלס עם ירקות,,,נודלס עם ירקות,קילוגרמים,1.00,"ק""ג",true,,39.00,39.0000,false,1,260884
7290000032214,false,כרוב בייגין,,,כרוב בייגין,קילוגרמים,1.00,"ק""ג",true,,39.90,39.9000,true,1,196694
7290000034034,false,קרקר דגנים ללא סוכר,,,קרקר דגנים ללא סוכר,גרמים,250.00,100 גרם,false,,7.50,0.0300,true,1,216279
7290000034256,false,עוגיות תירוש חצי מצו,,,עוגיות תירוש חצי מצו,גרמים,175.00,100 גרם,false,,5.90,0.0337,true,1,215487
7290000035116,false,סלט גזר מרוקאי,יד המלך,,סלט גזר מרוקאי,קילוגרמים,1.00,"ק""ג",true,,39.90,39.9000,true,1,196693
7290000035802,false,סלט חציל טבעי,יד המלך,,סלט חציל טבעי,קילוגרמים,1.00,"ק""ג",true,,56.90,56.9000,true,1,197051
7290000036144,false,קורנפלור 200,,,קורנפלור 200,גרמים,200.00,100 גרם,false,,3.50,0.0175,true,1,94781
7290000036151,false,קורנפלור 500,,,קורנפלור 500,גרמים,500.00,100 גרם,false,,6.90,0.0138,true,1,94782
7290000036588,false,פלפל מקולף ביתי,יד המלך,,פלפל מקולף ביתי,קילוגרמים,1.00,"ק""ג",true,,73.90,73.9000,true,1,196885
7290000040042,false,יופלה תות שובב 3%,תנובה חלב,,יופלה תות שובב 3%,מיליליטרים,150.00,"100 מ""ל",false,,5.10,0.0340,false,1,96874
7290000040066,false,יופלה דובדבן פראי 3%,תנובה חלב,,יופלה דובדבן פראי 3%,מיליליטרים,150.00,"100 מ""ל",false,,5.10,0.0340,true,1,96876
7290000040080,false,יופלה אפרסק מאוהב 3%,תנובה חלב,,יופלה אפרסק מאוהב 3%,מיליליטרים,150.00,"100 מ""ל",false,,5.10,0.0340,true,1,96877
7290000040097,false,פרמזן מגורדת,,,פרמזן מגורדת,קילוגרמים,1.00,"ק""ג",true,,109.90,109.9000,true,1,115265
7290000040301,false,עין גדי גבינת קממבר,תנובה חלב,,עין גדי גבינת קממבר,גרמים,125.00,100 גרם,false,,19.90,0.1592,false,1,96879
7290000040318,false,גבינת ברי ישראלי 24%,תנובה חלב,,גבינת ברי ישראלי 24%,גרמים,125.00,100 גרם,false,,19.90,0.1592,true,1,96880
7290000040400,false,מקלות קינמון,נווה תבלין,,מקלות קינמון,קילוגרמים,1.00,"ק""ג",true,,69.90,69.9000,true,1,135124
7290000040462,false,טוסטי עמק אמריקאי אד,תנובה חלב,,טוסטי עמק אמריקאי אד,גרמים,200.00,100 גרם,false,,19.30,0.0965,false,1,96882
7290000040974,false,חלב דל לקטוז 2% - 1,תנובה חלב,,חלב דל לקטוז 2% - 1,ליטרים,1.00,ליטר,false,,6.70,6.7000,false,1,128337
7290000041445,false,קוט'ג מהדרין 5%,תנובה חלב,,קוט'ג מהדרין 5%,גרמים,250.00,100 גרם,false,,5.50,0.0220,false,1,96884
7290000041452,false,קוט'ג 9% מהדרין תנוב,תנובה חלב,,קוט'ג 9% מהדרין תנוב,גרמים,250.00,100 גרם,false,,5.50,0.0220,false,1,135685
7290000041858,false,שמנת חמוצה יטבתה 15%,יטבתה,,שמנת חמוצה יטבתה 15%,מיליליטרים,200.00,"100 מ""ל",false,,2.50,0.0125,true,1,95501
7290000041865,false,לבן יטבתה 4.5%,יטבתה,,לבן יטבתה 4.5%,מיליליטרים,200.00,"100 מ""ל",false,,2.10,0.0105,true,1,95502
7290000041872,false,לבן יטבתה 3%,יטבתה,,לבן יטבתה 3%,מיליליטרים,200.00,"100 מ""ל",false,,2.10,0.0105,true,1,95503
7290000042404,false,חלב מועשר 3% יטבתה,יטבתה,,חלב מועשר 3% יטבתה,ליטרים,1.00,ליטר,false,,6.00,6.0000,false,1,122608
7290000042435,false,חלב 1% בקרטון תנובה,תנובה חלב,,חלב 1% בקרטון תנובה,ליטרים,1.00,ליטר,false,,5.86,5.8600,false,1,96895
7290000042503,false,חלב תנובה 3% עמיד 1,תנובה חלב,,חלב תנובה 3% עמיד 1,ליטרים,1.00,ליטר,false,,7.20,7.2000,false,1,96898
7290000042640,false,חלב תנובה עמיד 3% 25,תנובה חלב,,חלב תנובה עמיד 3% 25,מיליליטרים,250.00,"100 מ""ל",false,,2.80,0.0112,true,1,96903
7290000042855,false,שוקו יטבתה בשקית 2%,יטבתה,,שוקו יטבתה בשקית 2%,מיליליטרים,225.00,"100 מ""ל",false,,2.60,0.0116,true,1,95504
7290000043012,false,שוקו עמיד 2% יחידה,תנובה חלב,,שוקו עמיד 2% יחידה,מיליליטרים,250.00,"100 מ""ל",false,,4.90,0.0196,false,1,96906
7290000043111,false,חמאה 82% 200 גרם,תנובה חלב,,חמאה 82% 200 גרם,גרמים,200.00,100 גרם,false,,7.80,0.0390,false,1,96907
7290000043272,false,סלט סלק,יד המלך,,סלט סלק,קילוגרמים,1.00,"ק""ג",true,,39.90,39.9000,true,1,196891
7290000043326,false,חמאה תנובה 25 קג,,,חמאה תנובה 25 קג,קילוגרמים,1.00,"ק""ג",true,,39.90,39.9000,false,1,206484
7290000043364,false,חמאה תנובה 25 קג,,,חמאה תנובה 25 קג,קילוגרמים,1.00,"ק""ג",true,,39.90,39.9000,false,1,207345
7290000043432,false,קישואים טעם כבד,,,קישואים טעם כבד,קילוגרמים,1.00,"ק""ג",true,,79.90,79.9000,true,1,197074
7290000043814,false,שמנת עמידה 38% השף ה,תנובה חלב,,שמנת עמידה 38% השף ה,מיליליטרים,250.00,"100 מ""ל",false,,6.47,0.0259,false,1,96909
7290000043890,false,ריוויון 1.5% - 1 ליט,תנובה חלב,,ריוויון 1.5% - 1 ליט,ליטרים,1.00,ליטר,false,,11.90,11.9000,false,1,96911
7290000043944,false,יוגורט תנובה 4.5% -,תנובה חלב,,יוגורט תנובה 4.5% -,ליטרים,1.50,ליטר,false,,17.50,11.6667,false,1,96912
7290000043982,false,מוסר ים דג טרי,,,מוסר ים דג טרי,קילוגרמים,1.00,"ק""ג",true,,79.90,79.9000,false,1,93008
7290000044231,false,דנובה 500 גר,תנובה חלב,,דנובה 500 גר,יחידה,500.00,יחידה,false,,8.80,0.0176,true,1,96916
7290000044644,false,דג אמנון גדול טרי,,,דג אמנון גדול טרי,קילוגרמים,1.00,"ק""ג",true,,29.90,29.9000,false,1,93010
7290000044712,false,פרילי תות 1.5% 500 מ,תנובה חלב,,פרילי תות 1.5% 500 מ,מיליליטרים,500.00,"100 מ""ל",false,,11.20,0.0224,true,1,96918
7290000044880,false,"באדי תות 3% 500 מ""ל",תנובה חלב,,"באדי תות 3% 500 מ""ל",מיליליטרים,500.00,"100 מ""ל",false,,9.60,0.0192,true,1,96919
7290000045573,false,גבינת נעמה 25%,תנובה חלב,,גבינת נעמה 25%,גרמים,200.00,100 גרם,false,,15.50,0.0775,true,1,96920
7290000045580,false,גבינת חורש 25%,תנובה חלב,,גבינת חורש 25%,גרמים,240.00,100 גרם,false,,18.50,0.0771,true,1,96921
7290000045771,false,יוגורט תנובה בכד 4.5,תנובה חלב,,יוגורט תנובה בכד 4.5,ליטרים,3.00,ליטר,false,,28.90,9.6333,false,1,96922
7290000045917,false,גבינת עזים פרומעז 23,תנובה חלב,,גבינת עזים פרומעז 23,גרמים,200.00,100 גרם,false,,26.90,0.1345,true,1,96923
7290000046020,false,גלבוע,,,גלבוע,קילוגרמים,1.00,"ק""ג",true,,42.58,42.5800,false,1,96834
7290000046327,false,גבינת גלבוע 22% - 20,תנובה חלב,,גבינת גלבוע 22% - 20,גרמים,200.00,100 גרם,false,,13.50,0.0675,false,1,96926
7290000046549,false,מוצרלה במשקל,,,מוצרלה במשקל,קילוגרמים,1.00,"ק""ג",true,,82.90,82.9000,false,1,120596
7290000046563,false,פרמזן,,,פרמזן,קילוגרמים,1.00,"ק""ג",true,,114.90,114.9000,false,1,96837
7290000046662,false,גבינה סקנדינבית,,,גבינה סקנדינבית,קילוגרמים,1.00,"ק""ג",true,,74.20,74.2000,false,1,96839
7290000047027,false,גלעד,,,גלעד,קילוגרמים,1.00,"ק""ג",true,,125.90,125.9000,false,1,96840
7290000047034,false,גליל,,,גליל,קילוגרמים,1.00,"ק""ג",true,,125.90,125.9000,false,1,96841
7290000047485,false,בולגרית 24% תנובה,,,בולגרית 24% תנובה,קילוגרמים,1.00,"ק""ג",true,,59.90,59.9000,false,1,96843
7290000047546,false,גבינת כנען 5% תנובה,תנובה חלב,,גבינת כנען 5% תנובה,גרמים,500.00,100 גרם,false,,24.90,0.0498,false,1,96928
7290000047621,false,גבינה לבנה 5% מהדרין,תנובה חלב,,גבינה לבנה 5% מהדרין,גרמים,250.00,100 גרם,false,,4.98,0.0199,false,1,96930
7290000047942,false,גבינה לבנה 9% מהדרין,תנובה חלב,,גבינה לבנה 9% מהדרין,גרמים,250.00,100 גרם,false,,5.00,0.0200,false,1,137057
7290000048185,false,גבינה לבנה 5% תנובה,תנובה חלב,,גבינה לבנה 5% תנובה,גרמים,250.00,100 גרם,false,,4.98,0.0199,false,1,96934
7290000048192,false,גבינה לבנה תנובה 9%,תנובה חלב,,גבינה לבנה תנובה 9%,גרמים,250.00,100 גרם,false,,5.00,0.0200,false,1,96935
7290000048413,false,גבינת חמד 16% - 250,תנובה חלב,,גבינת חמד 16% - 250,גרמים,250.00,100 גרם,false,,18.90,0.0756,false,1,96940
7290000048437,false,צפתית פיראוס 5%,תנובה חלב,,צפתית פיראוס 5%,גרמים,200.00,100 גרם,false,,15.90,0.0795,false,1,96941
7290000049458,false,פטה עיזים,תנובה חלב,,פטה עיזים,גרמים,250.00,100 גרם,false,,29.50,0.1180,false,1,96944
7290000050447,false,יופלה תות 3% - 500 מ,תנובה חלב,,יופלה תות 3% - 500 מ,מיליליטרים,500.00,"100 מ""ל",false,,13.70,0.0274,true,1,119552
7290000050454,false,יופלה אפרסק 3% - 500,תנובה חלב,,יופלה אפרסק 3% - 500,מיליליטרים,500.00,"100 מ""ל",false,,13.70,0.0274,true,1,119553
7290000051307,false,מארז הפסקת אוכל עוגי,תנובה חלב,,מארז הפסקת אוכל עוגי,מיליליטרים,150.00,"100 מ""ל",false,,9.30,0.0620,false,1,121190
7290000051352,false,חלב מלא של פעם חלב ת,תנובה חלב,,חלב מלא של פעם חלב ת,ליטרים,1.00,ליטר,false,,7.90,7.9000,true,1,121035
7290000051376,false,יופלה דיאט אננס ספור,תנובה חלב,,יופלה דיאט אננס ספור,מיליליטרים,150.00,"100 מ""ל",false,,5.10,0.0340,true,1,122123
7290000051710,false,פיראוס לאבנה עם שמן,תנובה חלב,,פיראוס לאבנה עם שמן,גרמים,263.00,100 גרם,false,,14.30,0.0544,false,1,122125
7290000052311,false,עמק פרוס בקופסא 200,תנובה חלב,,עמק פרוס בקופסא 200,גרמים,200.00,100 גרם,false,,16.90,0.0845,false,1,124813
7290000052649,false,פיראוס לאבנה 5% 500,תנובה חלב,,פיראוס לאבנה 5% 500,גרמים,500.00,100 גרם,false,,20.90,0.0418,false,1,123147
7290000052946,false,מאגדת יופלה שמיניה מ,תנובה חלב,,מאגדת יופלה שמיניה מ,מיליליטרים,1200.00,"100 מ""ל",false,,21.90,0.0182,true,1,127932
7290000053127,false,עמק 15% מעדניה,,,עמק 15% מעדניה,קילוגרמים,1.00,"ק""ג",true,,66.40,66.4000,false,1,145950
7290000053219,false,טל העמק,,,טל העמק,קילוגרמים,1.00,"ק""ג",true,,59.90,59.9000,false,1,194740
7290000053981,false,מאגדת יופלה 4 תות+4,תנובה חלב,,מאגדת יופלה 4 תות+4,ליטרים,1.20,ליטר,false,,28.90,24.0833,true,1,187865
7290000055015,false,פיראוס פטה כבשים 5%,תנובה חלב,,פיראוס פטה כבשים 5%,גרמים,250.00,100 גרם,false,,28.50,0.1140,false,1,128711
7290000055329,false,משקה יוגורט יופלה 1.,תנובה חלב,,משקה יוגורט יופלה 1.,מיליליטרים,250.00,"100 מ""ל",false,,5.60,0.0224,true,1,133217
7290000055336,false,משקה יוגורט יופלה 1.,תנובה חלב,,משקה יוגורט יופלה 1.,מיליליטרים,250.00,"100 מ""ל",false,,5.60,0.0224,true,1,133218
7290000055343,false,משקה יוגורט יופלה בט,תנובה חלב,,משקה יוגורט יופלה בט,מיליליטרים,250.00,"100 מ""ל",false,,5.60,0.0224,true,1,133216
7290000055350,false,עמק מעדניה 28%,,,עמק מעדניה 28%,קילוגרמים,1.00,"ק""ג",true,,44.79,44.7900,false,1,190093
7290000055893,false,"חמאה 200 ג""ר מהדרין",תנובה חלב,,"חמאה 200 ג""ר מהדרין",גרמים,200.00,100 גרם,false,,7.80,0.0390,false,1,190359
7290000056081,false,מאגדת פרילי טבע 1.9%,תנובה חלב,,מאגדת פרילי טבע 1.9%,מיליליטרים,1200.00,"100 מ""ל",false,,23.50,0.0196,true,1,133592
7290000056272,false,גבינה לבנה עם זיתים,,,גבינה לבנה עם זיתים,גרמים,250.00,100 גרם,false,,6.00,0.0240,false,1,135540
7290000056760,false,עמק 400 גר,תנובה חלב,,עמק 400 גר,גרמים,400.00,100 גרם,false,,31.00,0.0775,false,1,143299
7290000056784,false,פטה כבשים 5% במעדניה,תנובה חלב,,פטה כבשים 5% במעדניה,קילוגרמים,1.00,"ק""ג",true,,119.90,119.9000,true,1,136301
7290000056845,false,חלב תנובה 3% 1.5 ליט,תנובה חלב,,חלב תנובה 3% 1.5 ליט,ליטרים,1.50,ליטר,false,,9.34,6.2267,false,1,136472
7290000056883,false,שמיניית יופלה פרי 3%,,,שמיניית יופלה פרי 3%,מיליליטרים,1200.00,"100 מ""ל",false,,31.90,0.0266,true,1,135009
7290000056890,false,שמיניית יופלה דיאט,תנובה חלב,,שמיניית יופלה דיאט,מיליליטרים,1200.00,"100 מ""ל",false,,31.90,0.0266,true,1,135095
7290000056906,false,מאגדת שמיניה יופלה 1,תנובה חלב,,מאגדת שמיניה יופלה 1,מיליליטרים,1200.00,"100 מ""ל",false,,18.40,0.0153,true,1,135065
7290000056951,false,שמנת לבישול 15% 500,תנובה חלב,,שמנת לבישול 15% 500,מיליליטרים,500.00,"100 מ""ל",false,,17.40,0.0348,true,1,137013
7290000057088,false,עמק דק 28% - 200 גרם,תנובה חלב,,עמק דק 28% - 200 גרם,גרמים,200.00,100 גרם,false,,16.90,0.0845,false,1,136387
7290000057118,false,גבינת עמק 28% - 400,תנובה חלב,,גבינת עמק 28% - 400,גרמים,400.00,100 גרם,false,,23.90,0.0597,false,1,136006
7290000057132,false,יוגורט תנובה 1.5%,תנובה חלב,,יוגורט תנובה 1.5%,מיליליטרים,200.00,"100 מ""ל",false,,3.10,0.0155,true,1,136360
7290000057149,false,יוגורט תנובה 3% 200,תנובה חלב,,יוגורט תנובה 3% 200,מיליליטרים,200.00,"100 מ""ל",false,,3.10,0.0155,true,1,136361
7290000057552,false,יופלה דיאט עוגת גבינ,תנובה חלב,,יופלה דיאט עוגת גבינ,מיליליטרים,150.00,"100 מ""ל",false,,5.10,0.0340,true,1,139905
7290000058030,false,יופלה שטוזים משקה תו,תנובה חלב,,יופלה שטוזים משקה תו,מיליליטרים,800.00,"100 מ""ל",false,,21.50,0.0269,true,1,138112
7290000058047,false,שמנת מתוקה עמידה 500,תנובה חלב,,שמנת מתוקה עמידה 500,מיליליטרים,500.00,"100 מ""ל",false,,12.94,0.0259,false,1,145060
7290000058979,false,גיל בטעם תות 125 גר,,,גיל בטעם תות 125 גר,גרמים,125.00,100 גרם,false,,1.50,0.0120,false,1,207175
7290000060071,false,חטיפי פריכונים בטעם,אסם,,חטיפי פריכונים בטעם,גרמים,80.00,100 גרם,false,,7.50,0.0938,false,1,93573
7290000060088,false,בייגלה מקלות מלוחים,אסם,,בייגלה מקלות מלוחים,גרמים,400.00,100 גרם,false,,11.00,0.0275,true,1,93574
7290000060156,false,אטריות ביצים 200 גר,אסם,,אטריות ביצים 200 גר,גרמים,200.00,100 גרם,false,,7.60,0.0380,true,1,93576
7290000060200,false,פתיתים אפויים קוסקוס,אסם,,פתיתים אפויים קוסקוס,גרמים,500.00,100 גרם,false,,6.90,0.0138,false,1,93579
7290000060217,false,פסטה מקרוני 7 500 גר,אסם,,פסטה מקרוני 7 500 גר,גרמים,500.00,100 גרם,false,,5.90,0.0118,false,1,93580
7290000060248,false,פסטה תלתלים 500,אסם,,פסטה תלתלים 500,גרמים,500.00,100 גרם,false,,5.90,0.0118,false,1,93581
7290000060316,false,פרפקטו ספגטי 500 גר,אסם פרפקטו,,פרפקטו ספגטי 500 גר,גרמים,500.00,100 גרם,false,,7.70,0.0154,false,1,93585
7290000060330,false,פרפקטו ספירלי 500גר,אסם פרפקטו,,פרפקטו ספירלי 500גר,גרמים,500.00,100 גרם,false,,7.70,0.0154,false,1,93587
7290000060408,false,פתיתים אפויים טבעות,אסם,,פתיתים אפויים טבעות,גרמים,500.00,100 גרם,false,,6.90,0.0138,false,1,93589
7290000060415,false,פרפקטו לזאניה 500 גר,אסם פרפקטו,,פרפקטו לזאניה 500 גר,גרמים,500.00,100 גרם,false,,14.90,0.0298,false,1,93590
7290000060576,false,פתיתים אפויים כוכבים,אסם,,פתיתים אפויים כוכבים,גרמים,500.00,100 גרם,false,,6.90,0.0138,false,1,93596
7290000060781,false,פסטה מסולסלים 500,אסם,,פסטה מסולסלים 500,גרמים,500.00,100 גרם,false,,5.90,0.0118,false,1,93598
7290000060828,false,פסטה קרניים בינוניות,אסם,,פסטה קרניים בינוניות,גרמים,500.00,100 גרם,false,,5.90,0.0118,false,1,93600
7290000060842,false,פסטה צדפים גדולים 50,אסם,,פסטה צדפים גדולים 50,גרמים,500.00,100 גרם,false,,5.90,0.0118,false,1,93602
7290000060880,false,פסטה ספגטי 500גר,אסם,,פסטה ספגטי 500גר,גרמים,500.00,100 גרם,false,,5.90,0.0118,false,1,93604
7290000060903,false,פתיתים אפויים אורז 5,אסם,,פתיתים אפויים אורז 5,גרמים,500.00,100 גרם,false,,6.90,0.0138,false,1,93606
7290000060958,false,איטריות בינוני 400גר,אסם,,איטריות בינוני 400גר,גרמים,400.00,100 גרם,false,,7.60,0.0190,false,1,93609
7290000060965,false,איטריות רחבות 400,אסם,,איטריות רחבות 400,גרמים,400.00,100 גרם,false,,7.60,0.0190,false,1,93610
7290000061061,false,קרקר בצל אסם,אסם,,קרקר בצל אסם,גרמים,250.00,100 גרם,false,,10.40,0.0416,true,1,93615
7290000061085,false,רוטב צילי מתוק,אסם,,רוטב צילי מתוק,יחידה,290.00,יחידה,false,,12.00,0.0414,false,1,93617
7290000061214,false,פתיתים קוסקוס עם בצל,אסם,,פתיתים קוסקוס עם בצל,גרמים,500.00,100 גרם,false,,7.50,0.0150,false,1,120388
7290000061245,false,עוגיות שוקוצ'יפס ממו,אסם,,עוגיות שוקוצ'יפס ממו,גרמים,220.00,100 גרם,false,,11.50,0.0523,true,1,93621
7290000061450,false,פתיתים קוסקוס 3 צבעי,אסם,,פתיתים קוסקוס 3 צבעי,גרמים,500.00,100 גרם,false,,6.90,0.0138,false,1,120390
7290000061771,false,קפה נמס רד מאג 50 גר,נסטלה,,קפה נמס רד מאג 50 גר,גרמים,50.00,100 גרם,false,,5.90,0.1180,false,1,93632
7290000062129,false,פודינג אינסטנט וניל,אסם,,פודינג אינסטנט וניל,יחידה,1.00,יחידה,false,,29.90,29.9000,true,1,117278
7290000062952,false,מיני קרוטונים לסלט ו,אסם,,מיני קרוטונים לסלט ו,גרמים,250.00,100 גרם,false,,15.00,0.0600,true,1,115862
7290000063102,false,קמח תופח 350,אסם,,קמח תופח 350,גרמים,350.00,100 גרם,false,,4.70,0.0134,true,1,93644
7290000063133,false,שקדי מרק 100,אסם,,שקדי מרק 100,גרמים,100.00,100 גרם,false,,5.00,0.0500,true,1,93645
7290000063140,false,שקדי מרק 400,אסם,,שקדי מרק 400,גרמים,400.00,100 גרם,false,,10.00,0.0250,false,1,93646
7290000063157,false,קמח תופח 1קג,אסם,,קמח תופח 1קג,יחידה,1.00,יחידה,false,,9.70,9.7000,false,1,93647
7290000064758,false,קוסקוס אמיתי שקית 35,אסם,,קוסקוס אמיתי שקית 35,גרמים,350.00,100 גרם,false,,8.00,0.0229,false,1,93662
7290000064871,false,"מנה חמה פירה תפו""א ו",אסם,,"מנה חמה פירה תפו""א ו",גרמים,56.00,100 גרם,false,,6.70,0.1196,false,1,93663
7290000065090,false,מיני קרוטונים למרק 4,אסם,,מיני קרוטונים למרק 4,גרמים,400.00,100 גרם,false,,23.90,0.0597,true,1,93665
7290000065335,false,"מנה חמה פירה תפו""א ע",אסם,,"מנה חמה פירה תפו""א ע",גרמים,55.00,100 גרם,false,,6.70,0.1218,false,1,93666
7290000065540,false,מנה חמה פסטה מוקרמת,אסם,,מנה חמה פסטה מוקרמת,גרמים,55.00,100 גרם,false,,6.70,0.1218,false,1,93667
7290000065557,false,מנה חמה קוסקוס עם יר,אסם,,מנה חמה קוסקוס עם יר,גרמים,84.00,100 גרם,false,,6.70,0.0798,false,1,93668
7290000065977,false,חטיפי פריכונים תירס,אסם,,חטיפי פריכונים תירס,גרמים,80.00,100 גרם,false,,7.50,0.0938,false,1,124081
7290000066141,false,ביסלי גריל 70גר,אסם,,ביסלי גריל 70גר,גרמים,70.00,100 גרם,false,,4.70,0.0671,false,1,93675
7290000066172,false,ביסלי פיצה 70,אסם,,ביסלי פיצה 70,גרמים,70.00,100 גרם,false,,4.70,0.0671,false,1,93678
7290000066196,false,ביסלי גריל 200גר,אסם,,ביסלי גריל 200גר,גרמים,200.00,100 גרם,false,,9.00,0.0450,false,1,93680
7290000066226,false,ביסלי פיצה 200,אסם,,ביסלי פיצה 200,גרמים,200.00,100 גרם,false,,9.00,0.0450,false,1,93683
7290000066264,false,דובונים חטיף,אסם,,דובונים חטיף,גרמים,40.00,100 גרם,false,,5.00,0.1250,false,1,93684
7290000066295,false,במבה תות 30גר,אסם,,במבה תות 30גר,גרמים,30.00,100 גרם,false,,2.60,0.0867,false,1,93685
7290000066318,false,במבה 80גר,אסם,,במבה 80גר,גרמים,80.00,100 גרם,false,,5.00,0.0625,false,1,93687
7290000066332,false,אפרופו 50 גר,אסם,,אפרופו 50 גר,גרמים,50.00,100 גרם,false,,5.20,0.1040,false,1,93688
7290000066349,false,אפרופו 100גר,אסם,,אפרופו 100גר,גרמים,100.00,100 גרם,false,,8.50,0.0850,false,1,93689
7290000066431,false,פופקו חמאה ודבש 80 ג,אסם,,פופקו חמאה ודבש 80 ג,גרמים,80.00,100 גרם,false,,5.30,0.0662,false,1,93691
7290000067407,false,פירורית מתובלת 200גר,אסם,,פירורית מתובלת 200גר,גרמים,200.00,100 גרם,false,,6.00,0.0300,true,1,93700
7290000067599,false,מנה חמה ספגטי בולונז,אסם,,מנה חמה ספגטי בולונז,גרמים,65.00,100 גרם,false,,6.70,0.1031,false,1,93706
7290000067735,false,"ניוקי מתפו""א גנוצ'י",אסם פרפקטו,,"ניוקי מתפו""א גנוצ'י",גרמים,500.00,100 גרם,false,,13.90,0.0278,true,1,93708
7290000068138,false,פודינג וניל,אסם,,פודינג וניל,גרמים,80.00,100 גרם,false,,5.80,0.0725,false,1,93711
7290000068152,false,"רוטב צלי כשל""פ אסם",אסם,,"רוטב צלי כשל""פ אסם",גרמים,22.00,100 גרם,false,,4.40,0.2000,true,1,119438
7290000068190,false,ג'ל תות,אסם,,ג'ל תות,גרמים,85.00,100 גרם,false,,6.50,0.0765,true,1,93714
7290000068206,false,ג'לי מישמש,אסם,,ג'לי מישמש,גרמים,85.00,100 גרם,false,,6.50,0.0765,true,1,93715
7290000068237,false,ג'לי פטל,אסם,,ג'לי פטל,גרמים,85.00,100 גרם,false,,6.50,0.0765,true,1,93716
7290000068251,false,ג'לי אננס,אסם,,ג'לי אננס,גרמים,85.00,100 גרם,false,,6.50,0.0765,true,1,93717
7290000068343,false,פריכונים מאורז מלא,אסם,,פריכונים מאורז מלא,גרמים,140.00,100 גרם,false,,7.20,0.0514,false,1,93721
7290000068701,false,שקדי מרק במיכל,אסם,,שקדי מרק במיכל,גרמים,400.00,100 גרם,false,,15.90,0.0398,true,1,93727
7290000068770,false,במבה יום הולדת 80 גר,אסם,,במבה יום הולדת 80 גר,גרמים,80.00,100 גרם,false,,5.00,0.0625,false,1,93730
7290000068787,false,במבה יום הולדת,אסם,,במבה יום הולדת,גרמים,25.00,100 גרם,false,,2.40,0.0960,true,1,93731
7290000069364,false,פריכונים מאורז מלא ל,אסם,,פריכונים מאורז מלא ל,גרמים,140.00,100 גרם,false,,7.20,0.0514,true,1,93736
7290000069609,false,חטיפי קרקר זעתר 300,אסם,,חטיפי קרקר זעתר 300,גרמים,300.00,100 גרם,false,,11.70,0.0390,true,1,120477
7290000069715,false,חטיפי קרקר מלוח אסם,אסם,,חטיפי קרקר מלוח אסם,גרמים,300.00,100 גרם,false,,11.70,0.0390,true,1,120469
7290000070308,false,מרק עוף 400,אסם,,מרק עוף 400,גרמים,400.00,100 גרם,false,,16.90,0.0422,false,1,93744
7290000070322,false,מרק פטריות 400,אסם,,מרק פטריות 400,גרמים,400.00,100 גרם,false,,19.90,0.0497,false,1,93746
7290000070353,false,מרק בצל 400,אסם,,מרק בצל 400,גרמים,400.00,100 גרם,false,,19.90,0.0497,false,1,93747
7290000070476,false,תאנים טבעיות,אסם,,תאנים טבעיות,קילוגרמים,1.00,"ק""ג",true,,70.00,70.0000,true,1,190128
7290000070919,false,בייגלה רשתות מלח אסם,אסם,,בייגלה רשתות מלח אסם,גרמים,400.00,100 גרם,false,,13.90,0.0348,true,1,127422
7290000071008,false,בייגלה שטוחים מלח אס,אסם,,בייגלה שטוחים מלח אס,גרמים,60.00,100 גרם,false,,3.10,0.0517,true,1,127293
7290000072067,false,במבה קרם חלבה,אסם,,במבה קרם חלבה,גרמים,60.00,100 גרם,false,,5.30,0.0883,true,1,122667
7290000072241,false,רוטב פיצה,אסם,,רוטב פיצה,גרמים,290.00,100 גרם,false,,12.00,0.0414,true,1,93771
7290000072623,false,קטשופ 750 לחיץ,אסם,,קטשופ 750 לחיץ,גרמים,750.00,100 גרם,false,,9.90,0.0132,false,1,93773
7290000072753,false,קפה נמס טסטר'ס צ'ויס,טסטר צ'ויס,,קפה נמס טסטר'ס צ'ויס,גרמים,200.00,100 גרם,false,,29.90,0.1495,false,1,93779
7290000072760,false,קפה נמס טסטר'ס צ'ויס,טסטר צ'ויס,,קפה נמס טסטר'ס צ'ויס,גרמים,100.00,100 גרם,false,,25.90,0.2590,false,1,93780
7290000072777,false,קפה נמס טסטר'ס צ'ויס,טסטר צ'ויס,,קפה נמס טסטר'ס צ'ויס,גרמים,200.00,100 גרם,false,,39.90,0.1995,false,1,93781
7290000072784,false,קפה נמס טייסטרס צויס,טסטר צ'ויס,,קפה נמס טייסטרס צויס,גרמים,100.00,100 גרם,false,,28.90,0.2890,false,1,93782
7290000072968,false,דגני בוקר סיני מיניס,נסטלה,,דגני בוקר סיני מיניס,גרמים,500.00,100 גרם,false,,19.90,0.0398,false,1,93790
7290000073415,false,מנה חמה פסטה ברוטב פ,אסם,,מנה חמה פסטה ברוטב פ,גרמים,61.00,100 גרם,false,,6.70,0.1098,false,1,93799
7290000073699,false,חומוס חלק 150 גר,,,חומוס חלק 150 גר,גרמים,150.00,100 גרם,false,,4.80,0.0320,true,1,141332
7290000073750,false,מנה חמה נודלס אטריות,אסם,,מנה חמה נודלס אטריות,גרמים,70.00,100 גרם,false,,7.20,0.1029,false,1,93801
7290000073767,false,מנה חמה נודלס אטריות,אסם,,מנה חמה נודלס אטריות,גרמים,70.00,100 גרם,false,,7.20,0.1029,false,1,93802
7290000073774,false,מנה חמה נודלס+איטריו,אסם,,מנה חמה נודלס+איטריו,גרמים,70.00,100 גרם,false,,7.20,0.1029,false,1,93803
7290000074153,false,פתי בר שוקו 500,אסם,,פתי בר שוקו 500,גרמים,500.00,100 גרם,false,,13.90,0.0278,false,1,93807
7290000074184,false,פתיבר וניל אסם 500 ג,אסם,,פתיבר וניל אסם 500 ג,גרמים,500.00,100 גרם,false,,12.00,0.0240,false,1,93809
7290000074245,false,קרם קרקר 250,אסם,,קרם קרקר 250,גרמים,250.00,100 גרם,false,,8.50,0.0340,true,1,93810
7290000074252,false,קרקר שומשום 250,אסם,,קרקר שומשום 250,גרמים,250.00,100 גרם,false,,9.00,0.0360,true,1,93811
7290000074276,false,אסם קרקר קלאסי 250 ג,אסם,,אסם קרקר קלאסי 250 ג,גרמים,250.00,100 גרם,false,,10.00,0.0400,true,1,93812
7290000074375,false,קרקר זהב 150,אסם,,קרקר זהב 150,גרמים,150.00,100 גרם,false,,7.00,0.0467,true,1,93817
7290000074481,false,לחמית אגוזים,אסם,,לחמית אגוזים,גרמים,160.00,100 גרם,false,,10.50,0.0656,false,1,135678
7290000074696,false,קרם קרקר 1קג,אסם,,קרם קרקר 1קג,יחידה,1.00,יחידה,false,,24.90,24.9000,false,1,93819
7290000074764,false,"קרקר זהב 900 ג""ר",אסם,,"קרקר זהב 900 ג""ר",גרמים,900.00,100 גרם,false,,22.90,0.0254,true,1,93823
7290000075204,false,לחמית 250 גר,אסם,,לחמית 250 גר,גרמים,250.00,100 גרם,false,,8.70,0.0348,true,1,93827
7290000075693,false,עוגת שמרים בריוש שוק,אסם,,עוגת שמרים בריוש שוק,גרמים,360.00,100 גרם,false,,18.00,0.0500,false,1,122228
7290000076126,false,בייגלה שמיניות קטנות,אסם,,בייגלה שמיניות קטנות,גרמים,80.00,100 גרם,false,,3.10,0.0388,true,1,93830
7290000076133,false,בייגלה שמיניות קטנות,אסם,,בייגלה שמיניות קטנות,גרמים,400.00,100 גרם,false,,11.00,0.0275,true,1,93831
7290000076645,false,אסם טוסטעים חיטה מלא,אסם,,אסם טוסטעים חיטה מלא,גרמים,100.00,100 גרם,false,,9.90,0.0990,true,1,123571
7290000077017,false,קרמוגית שוקו,אסם,,קרמוגית שוקו,גרמים,200.00,100 גרם,false,,11.50,0.0575,true,1,93843
7290000077253,false,לחמית כפרית 190 גר,אסם,,לחמית כפרית 190 גר,גרמים,190.00,100 גרם,false,,10.50,0.0553,true,1,124444
7290000077925,false,טוסטעים צנימים מחיטה,אסם,,טוסטעים צנימים מחיטה,גרמים,125.00,100 גרם,false,,9.70,0.0776,true,1,123880
7290000078014,false,חמוציות חתוכות,,,חמוציות חתוכות,קילוגרמים,1.00,"ק""ג",true,,39.90,39.9000,true,1,100538
7290000078212,false,קרוטונים מתובלים 250,אסם,,קרוטונים מתובלים 250,גרמים,250.00,100 גרם,false,,14.50,0.0580,true,1,93848
7290000078762,false,פריכונים אורז מלא בט,אסם,,פריכונים אורז מלא בט,גרמים,80.00,100 גרם,false,,7.50,0.0938,false,1,93850
7290000079233,false,קרם קרקר דל נתרן דיי,אסם,,קרם קרקר דל נתרן דיי,גרמים,250.00,100 גרם,false,,10.60,0.0424,true,1,93854
7290000080031,false,צלי כתף חלק,,,צלי כתף חלק,קילוגרמים,1.00,"ק""ג",true,,89.90,89.9000,false,1,207821
7290000080758,false,טוסטעים פת קלויה,אסם,,טוסטעים פת קלויה,גרמים,100.00,100 גרם,false,,9.90,0.0990,true,1,93867
7290000080765,false,טוסטעים פת קלויה שומ,אסם,,טוסטעים פת קלויה שומ,גרמים,100.00,100 גרם,false,,9.90,0.0990,true,1,93868
7290000081663,false,בייגלה טבעות שומשום,אסם,,בייגלה טבעות שומשום,גרמים,300.00,100 גרם,false,,11.00,0.0367,true,1,93872
7290000085166,false,פתי בר גטניו 400 גר,,,פתי בר גטניו 400 גר,גרמים,400.00,100 גרם,false,,7.50,0.0188,true,1,109007
7290000085173,false,פתיבר שוקו גטניו,,,פתיבר שוקו גטניו,גרמים,400.00,100 גרם,false,,7.50,0.0188,true,1,109008
7290000089188,false,פומפדיתא יין מיוחד ל,יקבי בנימינה,,פומפדיתא יין מיוחד ל,ליטרים,1.00,ליטר,false,,16.90,16.9000,false,1,123195
7290000094540,false,אננס טבעי מיובש,,,אננס טבעי מיובש,קילוגרמים,1.00,"ק""ג",true,,88.00,88.0000,true,1,211250
7290000098142,false,ברבוניה טרי,,,ברבוניה טרי,קילוגרמים,1.00,"ק""ג",true,,125.00,125.0000,false,1,122139
7290000100036,false,פתיתי ברוקולי 800 גר,סנפרוסט,,פתיתי ברוקולי 800 גר,גרמים,800.00,100 גרם,false,,18.90,0.0236,true,1,203091
7290000100128,false,תות שדה סנפרוסט,סנפרוסט,,תות שדה סנפרוסט,גרמים,300.00,100 גרם,false,,14.90,0.0497,true,1,186786
7290000100135,false,דובדבן מתוק 300 גר',סנפרוסט,,דובדבן מתוק 300 גר',גרמים,300.00,100 גרם,false,,16.90,0.0563,true,1,203086
7290000100142,false,SMOOTHIE צהוב,,,SMOOTHIE צהוב,גרמים,300.00,100 גרם,false,,14.90,0.0497,true,1,202442
7290000100296,false,שייק תות סנפרוסט,סנפרוסט,,שייק תות סנפרוסט,גרמים,300.00,100 גרם,false,,14.90,0.0497,true,1,207434
7290000100302,false,פול ירוק ללא קליפה ס,סנפרוסט,,פול ירוק ללא קליפה ס,גרמים,600.00,100 גרם,false,,22.90,0.0382,true,1,205598
7290000100593,false,אנטיפסטי לתנור 600 ג,,,אנטיפסטי לתנור 600 ג,גרמים,600.00,100 גרם,false,,21.00,0.0350,true,1,211568
7290000100609,false,אנטיפסטי להקפצה 600,,,אנטיפסטי להקפצה 600,גרמים,600.00,100 גרם,false,,21.00,0.0350,true,1,211569
7290000101132,false,לקט קטניות לחמין,סנפרוסט,,לקט קטניות לחמין,יחידה,0.00,יחידה,false,,19.90,0.0000,false,1,193938
7290000101927,false,אוכמניות כחולות מוקפ,סנפרוסט,,אוכמניות כחולות מוקפ,גרמים,300.00,100 גרם,false,,14.90,0.0497,true,1,197509
7290000101934,false,תערובת פירות יער קפו,סנפרוסט,,תערובת פירות יער קפו,גרמים,300.00,100 גרם,false,,14.90,0.0497,true,1,197510
7290000101941,false,אננס חתוך מוקפא 300,סנפרוסט,,אננס חתוך מוקפא 300,גרמים,300.00,100 גרם,false,,14.90,0.0497,true,1,197511
7290000101958,false,מנגו חתוך מוקפא 300,סנפרוסט,,מנגו חתוך מוקפא 300,גרמים,300.00,100 גרם,false,,14.90,0.0497,true,1,197512
7290000103365,false,מרק ירקות סנפרוסט,סנפרוסט,,מרק ירקות סנפרוסט,גרמים,500.00,100 גרם,false,,14.90,0.0298,false,1,139561
7290000103433,false,ירקות לתנור סנפרוסט,סנפרוסט,,ירקות לתנור סנפרוסט,יחידה,0.00,יחידה,false,,21.00,0.0000,false,1,193228
7290000103457,false,מיני כרובית 600 גר',סנפרוסט,,מיני כרובית 600 גר',גרמים,600.00,100 גרם,false,,15.90,0.0265,false,1,191642
7290000103471,false,מיני ברוקולי 600 גר',סנפרוסט,,מיני ברוקולי 600 גר',גרמים,600.00,100 גרם,false,,15.90,0.0265,true,1,191879
7290000103488,false,ארטישוק ירושלמי,סנפרוסט,,ארטישוק ירושלמי,יחידה,0.00,יחידה,false,,19.90,0.0000,false,1,193119
7290000103730,false,לקט להקפצה עם פסטה ס,סנפרוסט,,לקט להקפצה עם פסטה ס,גרמים,800.00,100 גרם,false,,21.90,0.0274,false,1,122792
7290000103815,false,לקט להקפצה בסגנון תא,,,לקט להקפצה בסגנון תא,גרמים,800.00,100 גרם,false,,21.90,0.0274,false,1,135566
7290000103822,false,לקט לעוף 800 גר' סנפ,סנפרוסט,,לקט לעוף 800 גר' סנפ,גרמים,800.00,100 גרם,false,,21.00,0.0263,false,1,134711
7290000103839,false,מרק כתום סנפרוסט,סנפרוסט,,מרק כתום סנפרוסט,גרמים,572.00,100 גרם,false,,14.90,0.0260,false,1,134654
7290000103846,false,מרק אפונה סנפרוסט,סנפרוסט,,מרק אפונה סנפרוסט,גרמים,572.00,100 גרם,false,,14.90,0.0260,false,1,134651
7290000103860,false,מרק עדשים סנפרוסט,סנפרוסט,,מרק עדשים סנפרוסט,גרמים,572.00,100 גרם,false,,14.90,0.0260,false,1,134655
7290000103877,false,מרק שעועית סנפרוסט,סנפרוסט,,מרק שעועית סנפרוסט,גרמים,644.00,100 גרם,false,,14.90,0.0231,false,1,134653
7290000104201,false,אפונה עדינה,סנפרוסט,,אפונה עדינה,גרמים,600.00,100 גרם,false,,17.90,0.0298,false,1,97666
7290000104218,false,במיה סנפרוסט,סנפרוסט,,במיה סנפרוסט,גרמים,600.00,100 גרם,false,,16.90,0.0282,false,1,97667
7290000104225,false,בצל קצוץ סנפרוסט,סנפרוסט,,בצל קצוץ סנפרוסט,גרמים,600.00,100 גרם,false,,16.90,0.0282,false,1,97668
7290000104676,false,אפונה סנפרוסט 00,סנפרוסט,,אפונה סנפרוסט 00,גרמים,800.00,100 גרם,false,,17.90,0.0224,false,1,97672
7290000104683,false,שעועית שלמה 800,סנפרוסט,,שעועית שלמה 800,גרמים,800.00,100 גרם,false,,19.90,0.0249,false,1,97673
7290000104690,false,תירס 800 סנפרוסט,סנפרוסט,,תירס 800 סנפרוסט,גרמים,800.00,100 גרם,false,,16.90,0.0211,false,1,97674
7290000104706,false,גזר גמדי 800,סנפרוסט,,גזר גמדי 800,גרמים,800.00,100 גרם,false,,17.90,0.0224,false,1,97675
7290000104713,false,פול ירוק 800,סנפרוסט,,פול ירוק 800,גרמים,800.00,100 גרם,false,,22.90,0.0286,false,1,97676
7290000104720,false,שעועית ירוקה חתוכה,סנפרוסט,,שעועית ירוקה חתוכה,גרמים,800.00,100 גרם,false,,16.90,0.0211,false,1,97677
7290000104737,false,שעועית צהובה,סנפרוסט,,שעועית צהובה,גרמים,800.00,100 גרם,false,,16.90,0.0211,false,1,97678
7290000104744,false,כרובית 800 גר,סנפרוסט,,כרובית 800 גר,גרמים,800.00,100 גרם,false,,22.90,0.0286,false,1,97679
7290000104751,false,כרוב ניצנים סנפר,סנפרוסט,,כרוב ניצנים סנפר,גרמים,800.00,100 גרם,false,,23.90,0.0299,false,1,97680
7290000104768,false,תרד עלים 800,סנפרוסט,,תרד עלים 800,גרמים,800.00,100 גרם,false,,22.90,0.0286,false,1,97681
7290000104775,false,תרד מדליון,סנפרוסט,,תרד מדליון,גרמים,800.00,100 גרם,false,,23.90,0.0299,false,1,97682
7290000104799,false,שעועית לבנה מבוש,סנפרוסט,,שעועית לבנה מבוש,גרמים,800.00,100 גרם,false,,17.90,0.0224,false,1,97683
7290000104805,false,חומוס מבושל סנפר,סנפרוסט,,חומוס מבושל סנפר,גרמים,800.00,100 גרם,false,,17.90,0.0224,false,1,97684
7290000104829,false,קלחוני תירס 1 קג,סנפרוסט,,קלחוני תירס 1 קג,יחידה,1.00,יחידה,false,,19.90,19.9000,false,1,97686
7290000104836,false,שעועית עדינה שלמה 60,סנפרוסט,,שעועית עדינה שלמה 60,גרמים,600.00,100 גרם,false,,21.90,0.0365,false,1,97687
7290000104874,false,לקט לקוסקוס,סנפרוסט,,לקט לקוסקוס,גרמים,800.00,100 גרם,false,,21.00,0.0263,false,1,97689
7290000104881,false,אפונה וגזר,סנפרוסט,,אפונה וגזר,גרמים,800.00,100 גרם,false,,15.90,0.0199,false,1,97690
7290000104904,false,לקט ירקות מעורבי,סנפרוסט,,לקט ירקות מעורבי,גרמים,800.00,100 גרם,false,,21.90,0.0274,false,1,97692
7290000104911,false,לקט נורמנדי,סנפרוסט,,לקט נורמנדי,גרמים,800.00,100 גרם,false,,21.00,0.0263,false,1,97693
7290000106175,false,לקט כפרית 2,סנפרוסט,,לקט כפרית 2,יחידה,2.00,יחידה,false,,37.90,18.9500,false,1,97699
7290000107165,false,חטיף סויה אדממה,סנפרוסט,,חטיף סויה אדממה,גרמים,400.00,100 גרם,false,,13.50,0.0338,false,1,97702
7290000107189,false,ארטישוק תחתיות,סנפרוסט,,ארטישוק תחתיות,גרמים,400.00,100 גרם,false,,19.90,0.0497,false,1,97703
7290000107295,false,ברוקולי 800,סנפרוסט,,ברוקולי 800,גרמים,800.00,100 גרם,false,,22.90,0.0286,false,1,97709
7290000107615,false,מנה אסייתית צבעונית,סנפרוסט,,מנה אסייתית צבעונית,גרמים,800.00,100 גרם,false,,21.00,0.0263,true,1,208465
7290000107622,false,פסטה וירקות א-לה איט,סנפרוסט,,פסטה וירקות א-לה איט,גרמים,800.00,100 גרם,false,,21.00,0.0263,true,1,208466
7290000107677,false,שעועית צהובה עדינה ש,סנפרוסט,,שעועית צהובה עדינה ש,גרמים,600.00,100 גרם,false,,21.90,0.0365,false,1,138575
7290000110844,false,"כפלי גריל בד""ץ",,,"כפלי גריל בד""ץ",גרמים,70.00,100 גרם,false,,6.00,0.0857,false,1,127438
7290000110851,false,כפלי בצל,תלמה,,כפלי בצל,גרמים,70.00,100 גרם,false,,6.00,0.0857,true,1,101130
7290000111063,false,מיונז אמיתי 250,תלמה,,מיונז אמיתי 250,גרמים,250.00,100 גרם,false,,7.20,0.0288,false,1,101131
7290000111117,false,בדין לבן 4 ליטר,בדין,,בדין לבן 4 ליטר,ליטרים,4.00,ליטר,false,,19.90,4.9750,false,1,101132
7290000111186,false,מיונז 500,תלמה,,מיונז 500,גרמים,500.00,100 גרם,false,,9.90,0.0198,false,1,101134
7290000111353,false,מיונז אמיתי 1קג,תלמה,,מיונז אמיתי 1קג,יחידה,1.00,יחידה,false,,17.60,17.6000,false,1,101137
7290000111360,false,חרדל 250,תלמה,,חרדל 250,גרמים,250.00,100 גרם,false,,8.50,0.0340,true,1,101138
7290000111384,false,חרדל אמיתי 550,תלמה,,חרדל אמיתי 550,גרמים,550.00,100 גרם,false,,12.90,0.0235,true,1,101140
7290000112220,false,טחינה גולמית 500,בארכה,,טחינה גולמית 500,גרמים,500.00,100 גרם,false,,13.90,0.0278,false,1,107424
7290000112497,false,קנור עשיר עוף,קנור,,קנור עשיר עוף,גרמים,75.00,100 גרם,false,,10.90,0.1453,true,1,101166
7290000112503,false,קנור עשיר ירקות,קנור,,קנור עשיר ירקות,גרמים,61.00,100 גרם,false,,10.90,0.1787,true,1,101167
7290000112619,false,מרק עוף אמיתי,תלמה,,מרק עוף אמיתי,גרמים,400.00,100 גרם,false,,17.90,0.0447,false,1,101171
7290000114187,false,פנטסטיק 4 ליטר א,סיף פנטסטיק,,פנטסטיק 4 ליטר א,ליטרים,4.00,ליטר,false,,19.90,4.9750,false,1,101203
7290000116204,false,מ.דגש 1קג,קנור,,מ.דגש 1קג,יחידה,1.00,יחידה,false,,15.90,15.9000,false,1,101230
7290000116884,false,רוטב ברבקיו קנור,קנור,,רוטב ברבקיו קנור,יחידה,200.00,יחידה,false,,12.90,0.0645,false,1,101233
7290000116921,false,רוטב צ'ילי מתוק,תלמה,,רוטב צ'ילי מתוק,גרמים,370.00,100 גרם,false,,12.90,0.0349,false,1,101234
7290000116945,false,רוטב סויה קנור,קנור,,רוטב סויה קנור,מיליליטרים,300.00,"100 מ""ל",false,,13.90,0.0463,false,1,101235
7290000117171,false,מרק טעם עוף נמס 10 ק,תלמה,,מרק טעם עוף נמס 10 ק,גרמים,46.00,100 גרם,false,,8.20,0.1783,true,1,101239
7290000117720,false,נ.בכוס פטריות,קנור,,נ.בכוס פטריות,גרמים,43.00,100 גרם,false,,7.00,0.1628,true,1,101247
7290000118277,false,קניידל,קנור,,קניידל,גרמים,130.00,100 גרם,false,,13.50,0.1038,false,1,101255
7290000120836,false,מיונז הלמנס,הלמנ'ס,,מיונז הלמנס,גרמים,394.00,100 גרם,false,,10.90,0.0277,false,1,101276
7290000120874,false,מיונז הלמנס דל,הלמנ'ס,,מיונז הלמנס דל,גרמים,424.00,100 גרם,false,,10.90,0.0257,false,1,101278
7290000121017,false,גבינת שומרון7% 120 ג,נטו,,גבינת שומרון7% 120 ג,גרמים,120.00,100 גרם,false,,11.90,0.0992,true,1,109147
7290000121031,false,גבינת חתול 14% 120 ג,נטו,,גבינת חתול 14% 120 ג,גרמים,120.00,100 גרם,false,,10.60,0.0883,true,1,109148
7290000121093,false,גבינה מון בלאן לייט,נטו,,גבינה מון בלאן לייט,גרמים,120.00,100 גרם,false,,11.50,0.0958,true,1,109151
7290000121109,false,גבינה מון בלאן לייט,נטו,,גבינה מון בלאן לייט,גרמים,120.00,100 גרם,false,,11.90,0.0992,true,1,109152
7290000121154,false,גבינה מון בלאן לייט,נטו,,גבינה מון בלאן לייט,גרמים,120.00,100 גרם,false,,13.50,0.1125,true,1,109154
7290000121239,false,מיוקל 5 שומן%,תלמה,,מיוקל 5 שומן%,גרמים,500.00,100 גרם,false,,13.50,0.0270,false,1,101282
7290000122830,false,רוטב סצ'ואן 370מ''ל,תלמה,,רוטב סצ'ואן 370מ''ל,יחידה,300.00,יחידה,false,,12.90,0.0430,true,1,101318
7290000123363,false,צמקאו 500גר,אפיכל,,צמקאו 500גר,גרמים,500.00,100 גרם,false,,16.50,0.0330,true,1,101328
7290000125251,false,שמפו לכביסה עדינה,בדין,,שמפו לכביסה עדינה,ליטרים,2.00,ליטר,false,,29.90,14.9500,true,1,101351
7290000129457,false,רוטב פטריות קנור,קנור,,רוטב פטריות קנור,גרמים,28.00,100 גרם,false,,4.60,0.1643,true,1,101422
7290000130606,false,קמח מצה 200 גר,,,קמח מצה 200 גר,גרמים,200.00,100 גרם,false,,3.00,0.0150,true,1,102747
7290000131122,false,בצק עלים צרפתי שחף 1,,,בצק עלים צרפתי שחף 1,קילוגרמים,1.50,"ק""ג",false,,19.90,13.2667,true,1,93034
7290000133645,false,שלישיה אורביטול משחת,אורביטול,,שלישיה אורביטול משחת,גרמים,435.00,100 גרם,false,,19.90,0.0457,true,1,117978
7290000133904,false,דאודורנט פרש פסיפלור,סנו fresh,,דאודורנט פרש פסיפלור,מיליליטרים,300.00,"100 מ""ל",false,,12.90,0.0430,true,1,108154
7290000134147,false,מוסקט טחון 40 גרם,תבליני טעם וריח,,מוסקט טחון 40 גרם,גרמים,40.00,100 גרם,false,,14.90,0.3725,true,1,103240
7290000134307,false,קינמון טחון בשקית 50,תבליני טעם וריח,,קינמון טחון בשקית 50,גרמים,50.00,100 גרם,false,,5.90,0.1180,true,1,103244
7290000134314,false,תיבול לפיצה,תבליני טעם וריח,,תיבול לפיצה,גרמים,120.00,100 גרם,false,,9.50,0.0792,true,1,103245
7290000134338,false,אבקת שום מיכל,תבליני טעם וריח,,אבקת שום מיכל,גרמים,90.00,100 גרם,false,,9.50,0.1056,true,1,103247
7290000134352,false,תבלין קינמון טחו,תבליני טעם וריח,,תבלין קינמון טחו,גרמים,90.00,100 גרם,false,,9.50,0.1056,true,1,103249
7290000134376,false,פפריקה מרוקאית מתוקה,תבליני טעם וריח,,פפריקה מרוקאית מתוקה,גרמים,90.00,100 גרם,false,,9.50,0.1056,true,1,103250
7290000134550,false,עלי דפנה שק 20',תבליני טעם וריח,,עלי דפנה שק 20',גרמים,40.00,100 גרם,false,,5.90,0.1475,true,1,103255
7290000134673,false,זנגויל מיכל פלסטיק,תבליני טעם וריח,,זנגויל מיכל פלסטיק,גרמים,30.00,100 גרם,false,,5.50,0.1833,true,1,112419
7290000134680,false,קימל שלם במיכל,תבליני טעם וריח,,קימל שלם במיכל,גרמים,40.00,100 גרם,false,,5.50,0.1375,true,1,112181
7290000134758,false,"תבלין לתפו""א",תבליני טעם וריח,,"תבלין לתפו""א",גרמים,100.00,100 גרם,false,,9.50,0.0950,true,1,103258
7290000134826,false,תבלין זעתר,תבליני טעם וריח,,תבלין זעתר,גרמים,100.00,100 גרם,false,,9.50,0.0950,true,1,103261
7290000134833,false,תבלין כמון,תבליני טעם וריח,,תבלין כמון,גרמים,100.00,100 גרם,false,,9.50,0.0950,true,1,103262
7290000134840,false,תבלין כורכום,תבליני טעם וריח,,תבלין כורכום,גרמים,100.00,100 גרם,false,,9.50,0.0950,true,1,103263
7290000134857,false,פפריקה מתוקה,תבליני טעם וריח,,פפריקה מתוקה,גרמים,100.00,100 גרם,false,,9.50,0.0950,true,1,103264
7290000134864,false,תבלין פפריקה,תבליני טעם וריח,,תבלין פפריקה,גרמים,100.00,100 גרם,false,,9.50,0.0950,true,1,103265
7290000134871,false,פלפל שחור טחון 100 ג,תבליני טעם וריח,,פלפל שחור טחון 100 ג,גרמים,100.00,100 גרם,false,,12.90,0.1290,true,1,103266
7290000134970,false,תבלין חוויא'ג,תבליני טעם וריח,,תבלין חוויא'ג,גרמים,100.00,100 גרם,false,,9.50,0.0950,true,1,103274
7290000134987,false,פלפל שחור גרוס,תבליני טעם וריח,,פלפל שחור גרוס,גרמים,90.00,100 גרם,false,,12.90,0.1433,true,1,103275
7290000134994,false,טימין מיכל קטן,תבליני טעם וריח,,טימין מיכל קטן,גרמים,20.00,גרם,false,,5.50,0.2750,true,1,103276
7290000135045,false,"פחית XL תפוח 250 מ""ל",,,"פחית XL תפוח 250 מ""ל",מיליליטרים,250.00,"100 מ""ל",false,,4.50,0.0180,false,1,207225
7290000135052,false,"פחית XL מנגו 250 מ""ל",,,"פחית XL מנגו 250 מ""ל",מיליליטרים,250.00,"100 מ""ל",false,,4.50,0.0180,false,1,207226
7290000135113,false,משקה אנרגיה XL נענע,,,משקה אנרגיה XL נענע,מיליליטרים,250.00,"100 מ""ל",false,,4.50,0.0180,false,1,210698
7290000135311,false,פפסי מקס ליים 1.5 לי,פפסי,,פפסי מקס ליים 1.5 לי,ליטרים,1.50,ליטר,false,,6.90,4.6000,false,1,213474
7290000135465,false,סודה טמפו 500 מל מאר,,,סודה טמפו 500 מל מאר,ליטרים,6.00,ליטר,false,,25.90,4.3167,true,1,217695
7290000136141,false,פפסי 1.5 ליטר,,,פפסי 1.5 ליטר,ליטרים,1.50,ליטר,false,,7.50,5.0000,false,1,260474
7290000136158,false,פפסי מקס 1.5 ליטר,,,פפסי מקס 1.5 ליטר,ליטרים,1.50,ליטר,false,,6.90,4.6000,false,1,260475
7290000136165,false,מירינדה 1.5 ליטר,,,מירינדה 1.5 ליטר,ליטרים,1.50,ליטר,false,,7.50,5.0000,false,1,260471
7290000136172,false,סבן אפ 1.5 ליטר,,,סבן אפ 1.5 ליטר,ליטרים,1.50,ליטר,false,,7.50,5.0000,false,1,260476
7290000136189,false,דיאט סבן אפ 1.5 ליטר,,,דיאט סבן אפ 1.5 ליטר,ליטרים,1.50,ליטר,false,,7.50,5.0000,false,1,260480
7290000136240,false,סודה 1.5 ליטר טמפו,,,סודה 1.5 ליטר טמפו,ליטרים,1.50,ליטר,false,,3.30,2.2000,false,1,260468
7290000136257,false,1.5ליטר טמפו rush&to,,,1.5ליטר טמפו rush&to,ליטרים,1.50,ליטר,false,,10.90,7.2667,false,1,260458
7290000136264,false,מי טוניק 1.5 ליטר,,,מי טוניק 1.5 ליטר,ליטרים,1.50,ליטר,false,,10.90,7.2667,false,1,260459
7290000136288,false,סירופ בטעם תפוחים סי,,,סירופ בטעם תפוחים סי,מיליליטרים,330.00,"100 מ""ל",false,,13.90,0.0421,true,1,264133
7290000136295,false,סירופ בטעם פטל סיידר,,,סירופ בטעם פטל סיידר,מיליליטרים,330.00,"100 מ""ל",false,,13.90,0.0421,true,1,264131
7290000136301,false,סירופ בטעם ענבים סיי,,,סירופ בטעם ענבים סיי,מיליליטרים,330.00,"100 מ""ל",false,,13.90,0.0421,true,1,264132
7290000136646,false,נשר מאלט 1.5 ליטר,,,נשר מאלט 1.5 ליטר,ליטרים,1.50,ליטר,false,,8.90,5.9333,false,1,260456
7290000136653,false,דיאט נשר מאלט 1.5 לי,,,דיאט נשר מאלט 1.5 לי,ליטרים,1.50,ליטר,false,,8.90,5.9333,false,1,260457
7290000136691,false,סבן אפ 1.5 ליטר שישי,,,סבן אפ 1.5 ליטר שישי,ליטרים,9.00,ליטר,false,,43.90,4.8778,false,1,260489
7290000136752,false,דיאט סבן אפ 1.5 ליטר,,,דיאט סבן אפ 1.5 ליטר,ליטרים,9.00,ליטר,false,,37.90,4.2111,false,1,260490
7290000136776,false,פפסי מקס 1.5 ליטר שי,,,פפסי מקס 1.5 ליטר שי,ליטרים,9.00,ליטר,false,,37.90,4.2111,false,1,260492
7290000136783,false,מירינדה 1.5 ליטר שיש,,,מירינדה 1.5 ליטר שיש,ליטרים,9.00,ליטר,false,,43.90,4.8778,false,1,260493
7290000136790,false,סודה 1.5 ליטר שישייה,,,סודה 1.5 ליטר שישייה,ליטרים,9.00,ליטר,false,,17.90,1.9889,false,1,260483
7290000136806,false,סודה למון ליים 1.5 ל,,,סודה למון ליים 1.5 ל,ליטרים,4.00,ליטר,false,,11.90,2.9750,false,1,260484
7290000136813,false,סודה אננס 1.5 ליטר ר,,,סודה אננס 1.5 ליטר ר,ליטרים,4.00,ליטר,false,,11.90,2.9750,false,1,260485
7290000136820,false,סודה פירות יער 1.5 ל,,,סודה פירות יער 1.5 ל,ליטרים,4.00,ליטר,false,,11.90,2.9750,false,1,260486
7290000136844,false,מי נובה 2 ליטר שישי,,,מי נובה 2 ליטר שישי,ליטרים,12.00,ליטר,false,,11.90,0.9917,false,1,260481
7290000136868,false,סן בנדטו 1.5 ליטר שי,,,סן בנדטו 1.5 ליטר שי,ליטרים,9.00,ליטר,false,,17.90,1.9889,false,1,260482
7290000136875,false,סן בנדטו מוגז 1.5 לי,,,סן בנדטו מוגז 1.5 לי,ליטרים,9.00,ליטר,false,,18.90,2.1000,false,1,260488
7290000137513,false,קרמיסימו גלידונית 60,קרמיסימו- שטראוס,,קרמיסימו גלידונית 60,גרמים,630.00,100 גרם,false,,49.90,0.0792,false,1,95952
7290000137643,false,מאגדת טעמקור שוקו ונ,שטראוס,,מאגדת טעמקור שוקו ונ,יח',8.00,יח',false,,39.90,4.9875,true,1,95953
7290000143187,false,שמפו הוואי לגבר 700,הוואי,,שמפו הוואי לגבר 700,מיליליטרים,700.00,"100 מ""ל",false,,8.90,0.0127,false,1,110622
7290000143194,false,שמפו הוואי רגיל 2ב-1,הוואי,,שמפו הוואי רגיל 2ב-1,מיליליטרים,700.00,"100 מ""ל",false,,8.90,0.0127,false,1,110623
7290000143200,false,מרכך הוואי יבש 700 מ,הוואי,,מרכך הוואי יבש 700 מ,מיליליטרים,700.00,"100 מ""ל",false,,8.90,0.0127,false,1,110624
7290000143217,false,שמפו הוואי יבש 700 מ,הוואי,,שמפו הוואי יבש 700 מ,מיליליטרים,700.00,"100 מ""ל",false,,8.90,0.0127,true,1,110625
7290000143255,false,שמפו הוואי רגיל 700,הוואי,,שמפו הוואי רגיל 700,מיליליטרים,700.00,"100 מ""ל",false,,8.90,0.0127,false,1,110627
7290000143262,false,שמפו הוואי ילדים 700,הוואי,,שמפו הוואי ילדים 700,מיליליטרים,700.00,"100 מ""ל",false,,8.90,0.0127,false,1,110628
7290000143279,false,שמפו הוואי נגד קשקשי,הוואי,,שמפו הוואי נגד קשקשי,מיליליטרים,700.00,"100 מ""ל",false,,8.90,0.0127,false,1,110629
7290000143286,false,מרכך הוואי רגיל 700,הוואי,,מרכך הוואי רגיל 700,מיליליטרים,700.00,"100 מ""ל",false,,8.90,0.0127,false,1,110630
7290000143293,false,מרכך הוואי ילדים 700,הוואי,,מרכך הוואי ילדים 700,מיליליטרים,700.00,"100 מ""ל",false,,8.90,0.0127,false,1,110631
7290000144160,false,שמן זית בטעם מודגש 7,עץ הזית,,שמן זית בטעם מודגש 7,יחידה,750.00,יחידה,false,,29.90,0.0399,false,1,124530
7290000144467,false,שמן חמניות בריאות,עץ הזית,,שמן חמניות בריאות,ליטרים,1.00,ליטר,false,,14.90,14.9000,false,1,110192
7290000144474,false,שמן קנולה בריאות,עץ הזית,,שמן קנולה בריאות,ליטרים,1.00,ליטר,false,,14.90,14.9000,false,1,110193
7290000146669,false,רבעיה ס.מ.הוואי שמיי,הוואי,,רבעיה ס.מ.הוואי שמיי,גרמים,400.00,100 גרם,false,,12.90,0.0323,true,1,110666
7290000146676,false,רבעיה ס.מ.הוואי לגבר,הוואי,,רבעיה ס.מ.הוואי לגבר,גרמים,400.00,100 גרם,false,,12.90,0.0323,true,1,110667
7290000146683,false,רבעיה ס.מ.הוואי אפקט,הוואי,,רבעיה ס.מ.הוואי אפקט,גרמים,400.00,100 גרם,false,,12.90,0.0323,true,1,110668
7290000146928,false,מ.שיניים טום וג'רי ע,טום וג'רי,,מ.שיניים טום וג'רי ע,מיליליטרים,50.00,"100 מ""ל",false,,6.90,0.1380,true,1,110676
7290000146997,false,מ.שיניים טום וג'רי מ,טום וג'רי,,מ.שיניים טום וג'רי מ,מיליליטרים,50.00,"100 מ""ל",false,,6.90,0.1380,true,1,110678
7290000148380,false,פיסטוק 200,קליית גת,,פיסטוק 200,גרמים,200.00,100 גרם,false,,21.00,0.1050,true,1,102130
7290000148489,false,גרעיני דלעת,קליית גת,,גרעיני דלעת,גרמים,200.00,100 גרם,false,,8.50,0.0425,true,1,102131
7290000148618,false,קאשיו 200,קליית גת,,קאשיו 200,גרמים,200.00,100 גרם,false,,18.00,0.0900,true,1,102132
7290000148748,false,גרעיני חמניה,קליית גת,,גרעיני חמניה,גרמים,200.00,100 גרם,false,,6.00,0.0300,true,1,102134
7290000148939,false,שקד קלוי 200 גר,קליית גת,,שקד קלוי 200 גר,גרמים,200.00,100 גרם,false,,18.00,0.0900,true,1,102136
7290000149615,false,נקה 7- לתינוק רביעיה,נקה 7,,נקה 7- לתינוק רביעיה,גרמים,400.00,100 גרם,false,,11.90,0.0298,true,1,107826
7290000149806,false,סופר 7-ס.נוז' לכלים,נקה 7,,סופר 7-ס.נוז' לכלים,ליטרים,1.00,ליטר,false,,12.90,12.9000,true,1,107827
7290000149851,false,סינטבון-כפול,נקה 7,,סינטבון-כפול,גרמים,460.00,100 גרם,false,,10.90,0.0237,true,1,107830
7290000149905,false,טקסטיל שמפו-1 ליטר נ,נקה 7,,טקסטיל שמפו-1 ליטר נ,ליטרים,1.00,ליטר,false,,14.90,14.9000,true,1,107832
7290000150277,false,חזה הודו ברביקיו,עוף טוב,,חזה הודו ברביקיו,קילוגרמים,1.00,"ק""ג",true,,74.00,74.0000,false,1,93525
7290000150468,false,פסטרמה רומנית הודו א,עוף טוב,,פסטרמה רומנית הודו א,קילוגרמים,1.00,"ק""ג",true,,74.00,74.0000,false,1,93531
7290000150956,false,מקלוני קבנוס עוף טוב,עוף טוב,,מקלוני קבנוס עוף טוב,גרמים,160.00,100 גרם,false,,10.90,0.0681,true,1,128409
7290000151052,false,פסטרמה בדבש,עוף טוב,,פסטרמה בדבש,קילוגרמים,1.00,"ק""ג",true,,74.00,74.0000,false,1,93535
7290000151885,false,נקניק הודו 700 גר' ע,עוף טוב,,נקניק הודו 700 גר' ע,גרמים,700.00,100 גרם,false,,17.90,0.0256,true,1,152865
7290000152288,false,נקנקיות עוף 400 עוף,עוף טוב,,נקנקיות עוף 400 עוף,גרמים,400.00,100 גרם,false,,11.90,0.0298,false,1,93893
7290000152943,false,מארז סלמי + פסטרמה,עוף טוב,,מארז סלמי + פסטרמה,גרמים,700.00,100 גרם,false,,24.90,0.0356,true,1,134045
7290000153445,false,עוף טוב קציצות בקר מ,עוף טוב,,עוף טוב קציצות בקר מ,גרמים,500.00,100 גרם,false,,28.90,0.0578,true,1,135377
7290000153469,false,עוף טוב קציצות עוף ק,עוף טוב,,עוף טוב קציצות עוף ק,גרמים,600.00,100 גרם,false,,28.90,0.0482,true,1,135204
7290000158105,false,שניצל דינוזאור 100%,,,שניצל דינוזאור 100%,יחידה,0.00,יחידה,false,,33.90,0.0000,true,1,138776
7290000159010,false,שניצל מיני דובונים,עוף טוב,,שניצל מיני דובונים,גרמים,700.00,100 גרם,false,,33.90,0.0484,true,1,138746
7290000161358,false,מיונז אמיתי משמן קנו,תלמה,,מיונז אמיתי משמן קנו,גרמים,500.00,100 גרם,false,,14.90,0.0298,false,1,101447
7290000161631,false,חטיף קליק אין אאוט,קליק,,חטיף קליק אין אאוט,גרמים,38.00,100 גרם,false,,5.00,0.1316,true,1,101452
7290000161648,false,חטיף קליק אין אאוט,קליק,,חטיף קליק אין אאוט,גרמים,38.00,100 גרם,false,,5.00,0.1316,true,1,140031
7290000166605,false,סיף נוזל לניקוי כללי,סיף פנטסטיק,,סיף נוזל לניקוי כללי,ליטרים,4.00,ליטר,false,,19.90,4.9750,false,1,139648
7290000168173,false,דגני בוקר קראנצ'ים,תלמה,,דגני בוקר קראנצ'ים,גרמים,375.00,100 גרם,false,,19.90,0.0531,false,1,141996
7290000169538,false,נמס בכוס עגבניות וקר,קנור,,נמס בכוס עגבניות וקר,גרמים,62.00,100 גרם,false,,7.00,0.1129,false,1,144235
7290000169798,false,עוגי מופחת סוכר 500,תלמה,,עוגי מופחת סוכר 500,גרמים,500.00,100 גרם,false,,19.90,0.0398,false,1,144999
7290000174723,false,שוקולית 500 גרם,עלית,,שוקולית 500 גרם,גרמים,500.00,100 גרם,false,,11.90,0.0238,false,1,98785
7290000176062,false,קפה טורקי 100 גרם,עלית,,קפה טורקי 100 גרם,גרמים,100.00,100 גרם,false,,8.90,0.0890,false,1,98792
7290000176079,false,קפה עם הל 100 גרם,עלית,,קפה עם הל 100 גרם,גרמים,100.00,100 גרם,false,,9.90,0.0990,true,1,98793
7290000176116,false,קפה טורקי אריזת ואקו,עלית,,קפה טורקי אריזת ואקו,קילוגרמים,1.00,"ק""ג",false,,82.90,82.9000,false,1,98796
7290000176147,false,קפה מוקה מספר 1 500,עלית,,קפה מוקה מספר 1 500,גרמים,500.00,100 גרם,false,,54.00,0.1080,false,1,98797
7290000176413,false,קפה נמס 50 גרם,עלית,,קפה נמס 50 גרם,גרמים,50.00,100 גרם,false,,9.50,0.1900,false,1,98799
7290000176420,false,קפה נמס עלית 200 גרם,עלית,,קפה נמס עלית 200 גרם,גרמים,200.00,100 גרם,false,,19.90,0.0995,false,1,98800
7290000176468,false,קפה נמס האג נטול קפא,עלית,,קפה נמס האג נטול קפא,גרמים,50.00,100 גרם,false,,11.50,0.2300,true,1,98801
7290000178707,false,תפוצ'יפס 50,עלית,,תפוצ'יפס 50,גרמים,50.00,100 גרם,false,,3.90,0.0780,false,1,99380
7290000178721,false,תפוצ'יפס 200,עלית,,תפוצ'יפס 200,גרמים,200.00,100 גרם,false,,10.90,0.0545,false,1,99382
7290000183589,false,לחם מחמצת מאפה הבלקן,,,לחם מחמצת מאפה הבלקן,גרמים,600.00,100 גרם,false,,17.90,0.0298,true,1,192968
7290000185224,false,סילאן כנרת בקבוק לחי,,,סילאן כנרת בקבוק לחי,גרמים,650.00,100 גרם,false,,14.90,0.0229,true,1,121730
7290000185330,false,סילאן טבעי חצר כנרת,,,סילאן טבעי חצר כנרת,גרמים,900.00,100 גרם,false,,22.90,0.0254,true,1,136235
7290000185590,false,סילאן טבעי בקבוק לחי,,,סילאן טבעי בקבוק לחי,גרמים,650.00,100 גרם,false,,18.90,0.0291,true,1,217111
7290000186030,false,מארז מגבוני דיסני עם,,,מארז מגבוני דיסני עם,יחידה,0.00,יחידה,false,,26.90,0.0000,false,1,196430
7290000186535,false,לילי טריו 32 גלילים,,,לילי טריו 32 גלילים,יחידה,0.00,יחידה,false,,45.90,0.0000,false,1,149977
7290000187860,false,מגבוני טואלט לחי,,,מגבוני טואלט לחי,גרמים,59.00,100 גרם,false,,8.90,0.1508,false,1,102892
7290000187921,false,נייר טואלט לילי לבן,לילי,,נייר טואלט לילי לבן,גרמים,1969.00,100 גרם,false,,38.90,0.0198,false,1,116399
7290000187938,false,נייר טואלט לילי פסטל,לילי,,נייר טואלט לילי פסטל,יחידה,0.00,יחידה,false,,39.90,0.0000,false,1,116400
7290000187952,false,נייר טואלט לילי טריו,לילי,,נייר טואלט לילי טריו,גרמים,1788.00,100 גרם,false,,45.90,0.0257,false,1,116376
7290000188270,false,זוג טישו עם לחות- קל,קלינקס,,זוג טישו עם לחות- קל,גרמים,390.00,100 גרם,false,,18.90,0.0485,false,1,102900
7290000188553,false,מגן תחתון קוטקס נורמ,קוטקס,,מגן תחתון קוטקס נורמ,יחידה,0.00,יחידה,false,,17.90,0.0000,true,1,127853
7290000188591,false,מגן תחתון קוטקס יאנג,קוטקס,,מגן תחתון קוטקס יאנג,יחידה,0.00,יחידה,false,,17.90,0.0000,true,1,127854
7290000189079,false,תבניות עגולות ניקול,חוגלה,,תבניות עגולות ניקול,יחידה,0.00,יחידה,false,,10.90,0.0000,true,1,182268
7290000189116,false,תבניות חד פעמי ניקול,ניקול,,תבניות חד פעמי ניקול,יחידה,0.00,יחידה,false,,10.90,0.0000,true,1,182269
7290000189192,false,מטלית חכמה יומית - נ,ניקול,,מטלית חכמה יומית - נ,יחידה,0.00,יחידה,false,,18.90,0.0000,true,1,102903
7290000189260,false,תבניות מלבניות ניקול,,,תבניות מלבניות ניקול,יחידה,0.00,יחידה,false,,10.90,0.0000,true,1,182271
7290000189277,false,תבניות מלבניות גדולו,חוגלה,,תבניות מלבניות גדולו,יחידה,0.00,יחידה,false,,10.90,0.0000,true,1,182272
7290000189482,false,תבנית אפיה מקרטון מר,ניקול,,תבנית אפיה מקרטון מר,יחידה,0.00,יחידה,false,,10.90,0.0000,true,1,123178
7290000189499,false,תבנית אפייה מקרטון ע,ניקול,,תבנית אפייה מקרטון ע,יחידה,0.00,יחידה,false,,10.90,0.0000,true,1,123324
7290000189505,false,תבנית אפיה מקרטון אי,ניקול,,תבנית אפיה מקרטון אי,יחידה,0.00,יחידה,false,,10.90,0.0000,true,1,123179
7290000189536,false,אשפתון 40 יח',ניקול,,אשפתון 40 יח',יחידה,0.00,יחידה,false,,19.90,0.0000,false,1,102907
7290000189550,false,זוג שקיות אשפתון,ניקול,,זוג שקיות אשפתון,יחידה,0.00,יחידה,false,,22.90,0.0000,false,1,102909
7290000189598,false,ניקול מטליות לחות,ניקול,,ניקול מטליות לחות,יחידה,0.00,יחידה,false,,10.90,0.0000,false,1,119367
7290000189659,false,מטליות לחות רצפה ניק,ניקול,,מטליות לחות רצפה ניק,יחידה,0.00,יחידה,false,,10.90,0.0000,false,1,122230
7290000189680,false,מארז זוג מטליות לחות,,,מארז זוג מטליות לחות,יחידה,0.00,יחידה,false,,19.90,0.0000,false,1,146751
7290000189734,false,מטליות לחות לפרקט,,,מטליות לחות לפרקט,יחידה,0.00,יחידה,false,,10.90,0.0000,true,1,128925
7290000189871,false,אשפתון 60 שקיות מתכל,ניקול,,אשפתון 60 שקיות מתכל,יחידה,0.00,יחידה,false,,22.90,0.0000,false,1,118081
7290000190068,false,מפיות ניקול- 100 יח',ניקול,,מפיות ניקול- 100 יח',יחידה,0.00,יחידה,false,,6.90,0.0000,false,1,102911
7290000190150,false,מפיות מעוטרות ניקול-,לילי,,מפיות מעוטרות ניקול-,גרמים,102.00,100 גרם,false,,6.90,0.0676,true,1,102913
7290000190198,false,מטלית לניקוי שירותים,,,מטלית לניקוי שירותים,יחידה,0.00,יחידה,false,,10.90,0.0000,false,1,145644
7290000190716,false,שקדים פרוסים,,,שקדים פרוסים,קילוגרמים,1.00,"ק""ג",true,,80.00,80.0000,true,1,100537
7290000191225,false,האגיס שלב 2,האגיס,,האגיס שלב 2,יחידה,0.00,יחידה,false,,37.90,0.0000,false,1,187271
7290000191539,false,מגבוני לילי צבעוני ח,לילי,,מגבוני לילי צבעוני ח,גרמים,593.00,100 גרם,false,,13.90,0.0234,true,1,102926
7290000191546,false,צבעוני שלישיה,קלינקס,,צבעוני שלישיה,גרמים,420.00,100 גרם,false,,10.90,0.0260,false,1,102927
7290000191645,false,האגיס ניו -בורן חדש,,,האגיס ניו -בורן חדש,יחידה,0.00,יחידה,false,,33.90,0.0000,false,1,141029
7290000191652,false,מארז קלינקס שלישיה,קלינקס,,מארז קלינקס שלישיה,יחידה,0.00,יחידה,false,,11.90,0.0000,false,1,113007
7290000191966,false,נ.ט לילי לח סנסטיב,לילי,,נ.ט לילי לח סנסטיב,יחידה,0.00,יחידה,false,,8.90,0.0000,true,1,134156
7290000192581,false,שישיה נייר מגבת ניקו,,,שישיה נייר מגבת ניקו,יחידה,0.00,יחידה,false,,21.90,0.0000,false,1,197590
7290000193014,false,פדיות אינטרלוד,לילי,,פדיות אינטרלוד,יחידה,0.00,יחידה,false,,10.60,0.0000,true,1,102930
7290000193083,false,נובה לי 28,נובה -לי,,נובה לי 28,יחידה,0.00,יחידה,false,,10.60,0.0000,true,1,114363
7290000193205,false,לילי נטורל לילה,לילי נטורל,,לילי נטורל לילה,יחידה,0.00,יחידה,false,,12.90,0.0000,true,1,102934
7290000193472,false,פדיות לילי אינטר,לילי,,פדיות לילי אינטר,יחידה,0.00,יחידה,false,,12.90,0.0000,true,1,102936
7290000193540,false,לילי אינטימייט ל,לילי,,לילי אינטימייט ל,יחידה,0.00,יחידה,false,,12.90,0.0000,true,1,102937
7290000193649,false,זוג תחבושות לילי,לילי,,זוג תחבושות לילי,יחידה,0.00,יחידה,false,,12.90,0.0000,true,1,102941
7290000193656,false,זוג תחבושות לילי,לילי,,זוג תחבושות לילי,יחידה,0.00,יחידה,false,,12.90,0.0000,true,1,102942
7290000193793,false,תחבושות אולטרה נ,לילי נטורל,,תחבושות אולטרה נ,יחידה,0.00,יחידה,false,,12.90,0.0000,false,1,102947
7290000194288,false,משטח החתלה האגיס,האגיס,,משטח החתלה האגיס,יחידה,0.00,יחידה,false,,23.90,0.0000,true,1,115431
7290000194837,false,ניקול שקיות מזון XL,,,ניקול שקיות מזון XL,יחידה,0.00,יחידה,false,,11.90,0.0000,true,1,148522
7290000195216,false,נייר אפיה נישלף,,,נייר אפיה נישלף,יחידה,0.00,יחידה,false,,10.90,0.0000,false,1,148535
7290000195537,false,מגבונים האגיס,האגיס,,מגבונים האגיס,יחידה,0.00,יחידה,false,,19.90,0.0000,false,1,102993
7290000196039,false,זוג מפות ניקול,,,זוג מפות ניקול,גרמים,250.00,100 גרם,false,,10.90,0.0436,true,1,103001
7290000196343,false,מפת שולחן מהודרת,לילי,,מפת שולחן מהודרת,יחידה,0.00,יחידה,false,,10.90,0.0000,true,1,103005
7290000196763,false,אשפתון ניקול השקית ה,ניקול,,אשפתון ניקול השקית ה,יחידה,0.00,יחידה,false,,21.00,0.0000,true,1,133748
7290000197012,false,שקיות ריץ רץ לאיחסון,ניקול,,שקיות ריץ רץ לאיחסון,יחידה,0.00,יחידה,false,,16.00,0.0000,true,1,103006
7290000197029,false,שקיות ריצ רצ לאיחסון,ניקול,,שקיות ריצ רצ לאיחסון,יחידה,0.00,יחידה,false,,16.00,0.0000,true,1,103007
7290000197081,false,ניילון נצמד- 150 מטר,ניקול,,ניילון נצמד- 150 מטר,יחידה,0.00,יחידה,false,,27.90,0.0000,true,1,103008
7290000197326,false,זוג נייר כסף קטן- עו,ניקול,,זוג נייר כסף קטן- עו,יחידה,0.00,יחידה,false,,11.90,0.0000,false,1,103012
7290000197340,false,זוג רדיד אלומיניום א,ניקול,,זוג רדיד אלומיניום א,יחידה,0.00,יחידה,false,,16.90,0.0000,true,1,103013
7290000197425,false,האגיס פרידום דריי של,חוגלה,,האגיס פרידום דריי של,יחידה,0.00,יחידה,false,,41.90,0.0000,false,1,151244
7290000197432,false,סנדוויצון זוג- 300 י,ניקול,,סנדוויצון זוג- 300 י,יחידה,0.00,יחידה,false,,13.90,0.0000,true,1,103015
7290000197456,false,האגיס פרידום שלב 4,חוגלה,,האגיס פרידום שלב 4,יחידה,0.00,יחידה,false,,41.90,0.0000,false,1,151247
7290000197463,false,האגיס פרידום דריי של,חוגלה,,האגיס פרידום דריי של,יחידה,0.00,יחידה,false,,41.90,0.0000,false,1,151248
7290000197470,false,שקיות רב שימושי- 200,ניקול,,שקיות רב שימושי- 200,יחידה,0.00,יחידה,false,,16.90,0.0000,true,1,103016
7290000197548,false,האגיס פרידום דריי של,חוגלה,,האגיס פרידום דריי של,יחידה,0.00,יחידה,false,,41.90,0.0000,false,1,151249
7290000197654,false,שקיות אשפה ניקול בגו,ניקול,,שקיות אשפה ניקול בגו,יחידה,0.00,יחידה,false,,22.90,0.0000,false,1,103023
7290000197678,false,האגיס פרידום פלוס של,חוגלה,,האגיס פרידום פלוס של,יחידה,0.00,יחידה,false,,41.90,0.0000,false,1,151250
7290000197753,false,זוג ניילון נצמד,ניקול,,זוג ניילון נצמד,יחידה,0.00,יחידה,false,,11.90,0.0000,false,1,103027
7290000197876,false,מגשית אלומיניום עם מ,ניקול,,מגשית אלומיניום עם מ,יחידה,0.00,יחידה,false,,8.90,0.0000,true,1,103033
7290000197883,false,מגשית אלומיניום גדול,ניקול,,מגשית אלומיניום גדול,יחידה,0.00,יחידה,false,,9.90,0.0000,true,1,103034
7290000197951,false,מגש אלומיניום ענק 3,ניקול,,מגש אלומיניום ענק 3,יחידה,0.00,יחידה,false,,9.90,0.0000,true,1,103035
7290000197982,false,זוג רדיד אלומיניום ע,ניקול,,זוג רדיד אלומיניום ע,יחידה,0.00,יחידה,false,,22.90,0.0000,true,1,103036
7290000197999,false,זוג רדיד אלומיניום ע,ניקול,,זוג רדיד אלומיניום ע,יחידה,0.00,יחידה,false,,17.90,0.0000,true,1,103037
7290000199313,false,תחבושות קוטקס יאנג 2,קוטקס,,תחבושות קוטקס יאנג 2,יחידה,0.00,יחידה,false,,17.90,0.0000,true,1,103038
7290000201849,false,טיטולים פרימיום שלב,,,טיטולים פרימיום שלב,יחידה,0.00,יחידה,false,,32.90,0.0000,false,1,185513
7290000201856,false,טיטולים פרימיום שלב,,,טיטולים פרימיום שלב,יחידה,0.00,יחידה,false,,32.90,0.0000,false,1,185514
7290000201863,false,טיטולים פרימיום שלב,,,טיטולים פרימיום שלב,יחידה,0.00,יחידה,false,,32.90,0.0000,false,1,185515
7290000201870,false,טיטולים פרימיום שלב,,,טיטולים פרימיום שלב,יחידה,0.00,יחידה,false,,32.90,0.0000,false,1,185516
7290000204086,false,כרית קרצוף ניקול,ניקול,,כרית קרצוף ניקול,יחידה,0.00,יחידה,false,,10.90,0.0000,false,1,103052
7290000204147,false,כרית יפנית רביעיה,ניקול,,כרית יפנית רביעיה,יחידה,0.00,יחידה,false,,10.90,0.0000,false,1,103053
7290000204215,false,כרית יפנית שישייה ני,ניקול,,כרית יפנית שישייה ני,יחידה,0.00,יחידה,false,,10.90,0.0000,false,1,103054
7290000204239,false,מטליות רצפה רביע,ניקול,,מטליות רצפה רביע,יחידה,0.00,יחידה,false,,12.90,0.0000,true,1,103055
7290000204253,false,מטליות ניקול תשי,ניקול,,מטליות ניקול תשי,יחידה,0.00,יחידה,false,,10.90,0.0000,false,1,103056
7290000204512,false,מטליות לחות לריצפה ב,,,מטליות לחות לריצפה ב,יחידה,0.00,יחידה,false,,10.90,0.0000,true,1,195778
7290000204611,false,ניקול ספוגית,ניקול,,ניקול ספוגית,יחידה,0.00,יחידה,false,,10.90,0.0000,false,1,103060
7290000205526,false,פיסגה לרצפות,סנו פיסגה,,פיסגה לרצפות,ליטרים,2.00,ליטר,false,,10.90,5.4500,true,1,151459
7290000205762,false,האגיס אקסטרה קייר מי,,,האגיס אקסטרה קייר מי,יחידה,0.00,יחידה,false,,49.90,0.0000,false,1,189917
7290000205915,false,האגיס אקסטרה קייר מי,,,האגיס אקסטרה קייר מי,יחידה,0.00,יחידה,false,,49.90,0.0000,false,1,189918
7290000207063,false,פריכוז יכין 240 גר',יכין,,פריכוז יכין 240 גר',גרמים,240.00,100 גרם,false,,5.50,0.0229,true,1,109593
7290000207162,false,רוטב עגבניות יכין 10,יכין,,רוטב עגבניות יכין 10,גרמים,100.00,100 גרם,false,,2.50,0.0250,false,1,109595
7290000207438,false,קוביות עגבניות 800 ג,יכין,,קוביות עגבניות 800 ג,גרמים,800.00,100 גרם,false,,8.90,0.0111,true,1,120201
7290000208008,false,חריסה רסק פלפל חריף,יכין,,חריסה רסק פלפל חריף,גרמים,600.00,100 גרם,false,,8.90,0.0148,true,1,109597
7290000208022,false,עגבניות מרוסקות 800,יכין,,עגבניות מרוסקות 800,גרמים,800.00,100 גרם,false,,8.90,0.0111,true,1,109598
7290000208077,false,אפונת גינה בינוני 55,יכין,,אפונת גינה בינוני 55,גרמים,550.00,100 גרם,false,,8.50,0.0155,true,1,109600
7290000208091,false,אפונה קטנה 2A יכ,יכין,,אפונה קטנה 2A יכ,גרמים,600.00,100 גרם,false,,8.90,0.0148,true,1,109602
7290000208114,false,אפונה וגזר 550 גרם,יכין,,אפונה וגזר 550 גרם,גרמים,550.00,100 גרם,false,,8.50,0.0155,true,1,109603
7290000208145,false,תירס לייט 550 גרם,יכין,,תירס לייט 550 גרם,גרמים,550.00,100 גרם,false,,8.90,0.0162,true,1,109606
7290000208176,false,תפוחי אדמה יכין 550,יכין,,תפוחי אדמה יכין 550,גרמים,550.00,100 גרם,false,,8.90,0.0162,true,1,109607
7290000208213,false,שעועית אפויה לבנה בר,יכין,,שעועית אפויה לבנה בר,גרמים,580.00,100 גרם,false,,8.50,0.0147,true,1,109609
7290000208220,false,שעועית צ'ילי מקסיקני,יכין,,שעועית צ'ילי מקסיקני,גרמים,550.00,100 גרם,false,,8.90,0.0162,true,1,109610
7290000208244,false,בסיס עגבניות לשקשוקה,יכין,,בסיס עגבניות לשקשוקה,גרמים,570.00,100 גרם,false,,8.90,0.0156,true,1,109611
7290000208312,false,תירס בואקום,יכין,,תירס בואקום,גרמים,325.00,100 גרם,false,,6.50,0.0200,false,1,109614
7290000208329,false,תירס מתוק 550 גרם,יכין,,תירס מתוק 550 גרם,גרמים,550.00,100 גרם,false,,8.50,0.0155,false,1,109615
7290000208336,false,רוטב עגבניות 240 גר',יכין,,רוטב עגבניות 240 גר',גרמים,240.00,100 גרם,false,,4.50,0.0188,false,1,109616
7290000208343,false,עגבניות מרוסקות שום,יכין,,עגבניות מרוסקות שום,יחידה,0.00,יחידה,false,,8.90,0.0000,true,1,146367
7290000208350,false,עגבניות מרוסקות+בצל,יכין,,עגבניות מרוסקות+בצל,גרמים,800.00,100 גרם,false,,8.90,0.0111,true,1,147946
7290000208367,false,עגבניות מרוסקות בזיל,יכין,,עגבניות מרוסקות בזיל,יחידה,0.00,יחידה,false,,8.90,0.0000,true,1,142160
7290000208428,false,חומוס גרעינים 550 גר,יכין,,חומוס גרעינים 550 גר,גרמים,550.00,100 גרם,false,,8.50,0.0155,true,1,109618
7290000208480,false,תירס בטעם חמאה,יכין,,תירס בטעם חמאה,גרמים,550.00,100 גרם,false,,8.90,0.0162,true,1,109622
7290000208534,false,תירס קיד 550 גרם,יכין,,תירס קיד 550 גרם,גרמים,550.00,100 גרם,false,,8.90,0.0162,true,1,109624
7290000208800,false,תירס קיד יכין מתוק,,,תירס קיד יכין מתוק,גרמים,550.00,100 גרם,false,,6.50,0.0118,true,1,170317
7290000208855,false,רוטב עגבניות לפסטה 2,יכין,,רוטב עגבניות לפסטה 2,גרמים,240.00,100 גרם,false,,4.90,0.0204,true,1,109628
7290000208893,false,תירס לייט,יכין,,תירס לייט,גרמים,340.00,100 גרם,false,,6.50,0.0191,true,1,144137
7290000208930,false,עגבניות מרוסקות עם ש,יכין,,עגבניות מרוסקות עם ש,גרמים,260.00,100 גרם,false,,4.90,0.0188,true,1,109590
7290000208947,false,עגבניות מרוסקות 260,יכין,,עגבניות מרוסקות 260,גרמים,260.00,100 גרם,false,,4.90,0.0188,true,1,109591
7290000208978,false,פריכוז 100 גר',יכין,,פריכוז 100 גר',גרמים,100.00,100 גרם,false,,2.90,0.0290,true,1,147947
7290000209012,false,חומץ הדרים 5%,יכין,,חומץ הדרים 5%,ליטרים,1.00,ליטר,false,,6.90,6.9000,true,1,109631
7290000209043,false,רוטב לימון 1 ליטר יכ,יכין,,רוטב לימון 1 ליטר יכ,ליטרים,1.00,ליטר,false,,6.90,6.9000,true,1,109632
7290000209173,false,חומץ סינטטי,יכין,,חומץ סינטטי,ליטרים,1.00,ליטר,false,,4.90,4.9000,true,1,109636
7290000209371,false,שלישיה תירס יכין 3*1,,,שלישיה תירס יכין 3*1,גרמים,420.00,100 גרם,false,,13.90,0.0331,false,1,186832
7290000209388,false,שלישיות תירס לייט יכ,יכין,,שלישיות תירס לייט יכ,גרמים,165.00,100 גרם,false,,13.90,0.0842,true,1,190463
7290000209524,false,סירופ פטל דיאט,יכין,,סירופ פטל דיאט,ליטרים,1.00,ליטר,false,,16.90,16.9000,true,1,109649
7290000209531,false,סירופ אשכ. דיאט,יכין,,סירופ אשכ. דיאט,ליטרים,1.00,ליטר,false,,16.90,16.9000,true,1,109650
7290000209555,false,"סירופ ת""ע דיאט",יכין,,"סירופ ת""ע דיאט",ליטרים,1.00,ליטר,false,,16.90,16.9000,true,1,109651
7290000209579,false,סירופ אננס דיאט,יכין,,סירופ אננס דיאט,ליטרים,1.00,ליטר,false,,16.90,16.9000,true,1,109653
7290000209708,false,עגבניות מרוסקות עם ב,יכין,,עגבניות מרוסקות עם ב,גרמים,260.00,100 גרם,false,,4.90,0.0188,true,1,109592
7290000209722,false,רסק עגבניות פריכוז,יכין,,רסק עגבניות פריכוז,גרמים,580.00,100 גרם,false,,9.90,0.0171,true,1,109655
7290000209913,false,עגבניות קוביות 260 ג,יכין,,עגבניות קוביות 260 ג,גרמים,260.00,100 גרם,false,,4.90,0.0188,true,1,117300
7290000209944,false,רוטב עגבניות לשקשוקה,יכין,,רוטב עגבניות לשקשוקה,גרמים,260.00,100 גרם,false,,4.90,0.0188,true,1,115937
7290000209951,false,רוטב עגבניות לפיצה 2,יכין,,רוטב עגבניות לפיצה 2,גרמים,260.00,100 גרם,false,,4.90,0.0188,true,1,116721
7290000210469,false,עגבניות שלמות מקולפו,יכין,,עגבניות שלמות מקולפו,גרמים,800.00,100 גרם,false,,8.90,0.0111,true,1,123988
7290000210896,false,רוטב בולונז לפסטה 24,יכין,,רוטב בולונז לפסטה 24,גרמים,240.00,100 גרם,false,,4.90,0.0204,true,1,125020
7290000211138,false,גבינת עיזים הולנדית,,,גבינת עיזים הולנדית,קילוגרמים,1.00,"ק""ג",true,,145.00,145.0000,true,1,150364
7290000211169,false,אורז תאילנדי 1 קג,סוגת,,אורז תאילנדי 1 קג,יחידה,1.00,יחידה,false,,6.90,6.9000,false,1,98617
7290000211312,false,אורז מלא,סוגת,,אורז מלא,יחידה,1.00,יחידה,false,,9.90,9.9000,true,1,98619
7290000211374,false,קמח מלא 1קג,סוגת,,קמח מלא 1קג,יחידה,1.00,יחידה,false,,6.90,6.9000,false,1,98620
7290000211381,false,סוכר חום,סוגת,,סוכר חום,יחידה,1.00,יחידה,false,,14.90,14.9000,false,1,98621
7290000211442,false,אורז פרסי,סוגת,,אורז פרסי,יחידה,1.00,יחידה,false,,9.90,9.9000,false,1,98623
7290000211503,false,סוכר סוגת,סוגת,,סוכר סוגת,יחידה,1.00,יחידה,false,,3.90,3.9000,false,1,98624
7290000211985,false,אורז עגול 1 קג,סוגת,,אורז עגול 1 קג,יחידה,1.00,יחידה,false,,12.90,12.9000,true,1,98628
7290000212173,false,וופל מנעמים,מנעמים,,וופל מנעמים,גרמים,500.00,100 גרם,false,,8.90,0.0178,false,1,97317
7290000212401,false,מנעמים מצופית,מנעמים,,מנעמים מצופית,גרמים,400.00,100 גרם,false,,8.90,0.0223,false,1,97318
7290000212579,false,וופלים 40יח מצופה,מנעמים,,וופלים 40יח מצופה,גרמים,800.00,100 גרם,false,,16.90,0.0211,true,1,97319
7290000212975,false,וופל 1 קג שוקולד,מנעמים,,וופל 1 קג שוקולד,יחידה,1.00,יחידה,false,,16.90,16.9000,true,1,112326
7290000214115,false,מרק עוף צנצ 400',ויטה,,מרק עוף צנצ 400',גרמים,400.00,100 גרם,false,,10.90,0.0273,true,1,99602
7290000230145,false,חלה מתוקה קלועה,בונז'ור,,חלה מתוקה קלועה,יחידה,0.00,יחידה,false,,12.90,0.0000,true,1,113087
7290000238029,false,בצק עלים צרפתי מרודד,מעדנות,,בצק עלים צרפתי מרודד,קילוגרמים,1.00,"ק""ג",false,,19.90,19.9000,false,1,97712
7290000238036,false,מלווח,מעדנות,,מלווח,גרמים,700.00,100 גרם,false,,16.90,0.0241,false,1,97713
7290000238173,false,בורקס גבינה,מעדנות,,בורקס גבינה,גרמים,800.00,100 גרם,false,,22.90,0.0286,false,1,97714
7290000238180,false,"בורקס תפו""א מעדנות",מעדנות,,"בורקס תפו""א מעדנות",גרמים,800.00,100 גרם,false,,19.90,0.0249,false,1,97715
7290000240541,false,ריבועי בצק עלים,מעדנות,,ריבועי בצק עלים,גרמים,800.00,100 גרם,false,,23.50,0.0294,false,1,97717
7290000244051,false,שלשה ס.נוזלי הוואי מ,הוואי,,שלשה ס.נוזלי הוואי מ,ליטרים,1.50,ליטר,false,,15.90,10.6000,true,1,110686
7290000244082,false,שלשה ס.נוזלי הוואי ש,הוואי,,שלשה ס.נוזלי הוואי ש,ליטרים,1.50,ליטר,false,,15.90,10.6000,true,1,110688
7290000244143,false,הוואי קרם לאחר גילוח,הוואי,,הוואי קרם לאחר גילוח,גרמים,120.00,100 גרם,false,,16.90,0.1408,true,1,110692
7290000244525,false,שפיץ צ'אך טרי,,,שפיץ צ'אך טרי,קילוגרמים,1.00,"ק""ג",true,,110.00,110.0000,false,1,217350
7290000244761,false,קרם ולוטה 80 גר',ולוטה,,קרם ולוטה 80 גר',מיליליטרים,100.00,"100 מ""ל",false,,7.90,0.0790,true,1,110699
7290000245072,false,מרכך הכביסה - סוד בי,סוד,,מרכך הכביסה - סוד בי,ליטרים,4.00,ליטר,false,,18.90,4.7250,false,1,110704
7290000245089,false,מ.כביסה סוד סגול 4 ל,סוד,,מ.כביסה סוד סגול 4 ל,ליטרים,4.00,ליטר,false,,18.90,4.7250,false,1,110705
7290000245157,false,מרכך כביסה סוד לבן ס,סוד,,מרכך כביסה סוד לבן ס,ליטרים,4.00,ליטר,false,,18.90,4.7250,false,1,110711
7290000245294,false,פרסיל Active Soda שק,פרסיל,,פרסיל Active Soda שק,קילוגרמים,2.50,"ק""ג",false,,24.90,9.9600,false,1,200320
7290000245478,false,אבקת הכביסה - סוד לת,סוד,,אבקת הכביסה - סוד לת,קילוגרמים,1.25,"ק""ג",false,,12.90,10.3200,true,1,110718
7290000245515,false,א.כ. סוד פרפיום שקית,סוד,,א.כ. סוד פרפיום שקית,קילוגרמים,1.25,"ק""ג",false,,12.90,10.3200,false,1,110721
7290000245539,false,א.כ. סוד קולור שקית,סוד,,א.כ. סוד קולור שקית,קילוגרמים,1.25,"ק""ג",false,,12.90,10.3200,false,1,110723
7290000245782,false,מ.כביסה סוד ורוד 4 ל,סוד,,מ.כביסה סוד ורוד 4 ל,ליטרים,4.00,ליטר,false,,18.90,4.7250,false,1,110735
7290000245799,false,מ.כביסה סוד כחול 4 ל,סוד,,מ.כביסה סוד כחול 4 ל,ליטרים,4.00,ליטר,false,,18.90,4.7250,false,1,110736
7290000253220,false,שוקולד ציפס,,,שוקולד ציפס,גרמים,260.00,100 גרם,false,,11.90,0.0458,true,1,111180
7290000253251,false,שוקולד צי'פס אופנהיי,,,שוקולד צי'פס אופנהיי,גרמים,250.00,100 גרם,false,,11.90,0.0476,true,1,98473
7290000253374,false,מיני שוקולד צ'יפס 25,,,מיני שוקולד צ'יפס 25,גרמים,250.00,100 גרם,false,,14.90,0.0596,true,1,218040
7290000253459,false,נטיפי צ'יפס בטעם קרמ,,,נטיפי צ'יפס בטעם קרמ,גרמים,250.00,100 גרם,false,,11.90,0.0476,true,1,213724
7290000253572,false,סוכריות לקישוט חום 8,,,סוכריות לקישוט חום 8,גרמים,80.00,100 גרם,false,,4.90,0.0613,true,1,207596
7290000253800,false,סוכריות לקישוט 90 גר,,,סוכריות לקישוט 90 גר,גרמים,90.00,100 גרם,false,,8.50,0.0944,true,1,203082
7290000254197,false,אספרסטו זהב 200 גרם,עלית,,אספרסטו זהב 200 גרם,גרמים,200.00,100 גרם,false,,24.90,0.1245,true,1,98823
7290000262161,false,נייר טואלט מולט 40 ל,מולט / שמורת טבע,,נייר טואלט מולט 40 ל,גרמים,3160.00,100 גרם,false,,36.90,0.0117,false,1,103068
7290000262413,false,האגיס אקסטרה קייר מי,,,האגיס אקסטרה קייר מי,יחידה,0.00,יחידה,false,,49.90,0.0000,false,1,189931
7290000263359,false,האגיס שלב 1 כותנה או,האגיס,,האגיס שלב 1 כותנה או,יחידה,0.00,יחידה,false,,37.90,0.0000,false,1,124921
7290000264752,false,זוג רדיד אלומיניום ע,חוגלה,,זוג רדיד אלומיניום ע,יחידה,0.00,יחידה,false,,11.90,0.0000,true,1,187252
7290000267029,false,שקדים מולבנים חצויים,שקדיה,,שקדים מולבנים חצויים,גרמים,100.00,100 גרם,false,,8.90,0.0890,true,1,111181
7290000267050,false,שקד טבעי טחון 100 גר,שקדיה,,שקד טבעי טחון 100 גר,גרמים,100.00,100 גרם,false,,8.90,0.0890,true,1,111183
7290000267548,false,אגוזי מלך טחונים השף,,,אגוזי מלך טחונים השף,גרמים,100.00,100 גרם,false,,8.90,0.0890,true,1,115553
7290000267555,false,בוטנים טבעים טחונים,,,בוטנים טבעים טחונים,גרמים,100.00,100 גרם,false,,5.50,0.0550,true,1,115554
7290000267586,false,גרעיני חמניה קלופים,,,גרעיני חמניה קלופים,גרמים,150.00,100 גרם,false,,6.50,0.0433,true,1,139062
7290000272443,false,סירופ דיאט תפוז,עסיס,,סירופ דיאט תפוז,ליטרים,1.00,ליטר,false,,17.90,17.9000,false,1,93947
7290000272467,false,סירופ דיאט פטל,עסיס,,סירופ דיאט פטל,ליטרים,1.00,ליטר,false,,17.90,17.9000,false,1,93948
7290000272696,false,מיץ לימון משומר 1ליט,עסיס,,מיץ לימון משומר 1ליט,ליטרים,1.00,ליטר,false,,9.90,9.9000,false,1,93950
7290000272726,false,חומץ 5% אסם,אסם,,חומץ 5% אסם,ליטרים,1.00,ליטר,false,,6.90,6.9000,true,1,93952
7290000286228,false,סנו סושי שישיה,סנו סושי,,סנו סושי שישיה,יחידה,0.00,יחידה,false,,11.50,0.0000,false,1,108161
7290000286297,false,סנו מסיר אבן מקו,סנו,,סנו מסיר אבן מקו,מיליליטרים,700.00,"100 מ""ל",false,,9.90,0.0141,true,1,108162
7290000286549,false,מטלית לכל 9 בשקי,סנו,,מטלית לכל 9 בשקי,יחידה,0.00,יחידה,false,,11.90,0.0000,false,1,108169
7290000286594,false,סנואיקס לימון,סנו,,סנואיקס לימון,גרמים,600.00,100 גרם,false,,9.90,0.0165,true,1,108171
7290000286631,false,מלוי סנו X לימון,סנו,,מלוי סנו X לימון,גרמים,600.00,100 גרם,false,,7.20,0.0120,true,1,108172
7290000286761,false,זוג ניילון נצמד,סנו,,זוג ניילון נצמד,יחידה,0.00,יחידה,false,,11.50,0.0000,false,1,108174
7290000286921,false,סנוקל רסס כבס,סנו,,סנוקל רסס כבס,מיליליטרים,750.00,"100 מ""ל",false,,12.90,0.0172,false,1,108179
7290000286945,false,סנו רהיט,סנו,,סנו רהיט,מיליליטרים,500.00,"100 מ""ל",false,,24.90,0.0498,true,1,108180
7290000287102,false,סנו שמפו שטיחים,סנו,,סנו שמפו שטיחים,מיליליטרים,600.00,"100 מ""ל",false,,21.90,0.0365,true,1,108182
7290000287195,false,סנו רהיט,סנו,,סנו רהיט,מיליליטרים,300.00,"100 מ""ל",false,,13.90,0.0463,false,1,108184
7290000287409,false,סנובון שלישיות,סנו סנובון,,סנובון שלישיות,גרמים,165.00,100 גרם,false,,12.90,0.0782,true,1,108191
7290000287430,false,סנובון שלישיה צבעוני,סנו סנובון,,סנובון שלישיה צבעוני,גרמים,165.00,100 גרם,false,,12.90,0.0782,true,1,108192
7290000287492,false,סנובון נוזלי,סנו סנובון,,סנובון נוזלי,מיליליטרים,750.00,"100 מ""ל",false,,9.90,0.0132,true,1,108194
7290000287607,false,סנובלו אסלה,סנו,,סנובלו אסלה,גרמים,150.00,100 גרם,false,,19.90,0.1327,true,1,108196
7290000287621,false,סנו C.W עם זרבוב,סנו,,סנו C.W עם זרבוב,מיליליטרים,750.00,"100 מ""ל",false,,12.90,0.0172,true,1,111982
7290000288024,false,סנו לימון אקונ,סנו JAVEL,,סנו לימון אקונ,ליטרים,4.00,ליטר,false,,16.90,4.2250,false,1,108204
7290000288031,false,אקונומיקה 4 ליטר,,,אקונומיקה 4 ליטר,ליטרים,4.00,ליטר,false,,13.00,3.2500,true,1,141626
7290000288048,false,סנו ג'בל תרסיס,סנו JAVEL,,סנו ג'בל תרסיס,ליטרים,1.00,ליטר,false,,18.90,18.9000,false,1,108205
7290000288079,false,סנו ג'בל 2 ליטר,סנו JAVEL,,סנו ג'בל 2 ליטר,ליטרים,2.00,ליטר,false,,9.90,4.9500,false,1,108206
7290000288352,false,סנו ק 300-,סנו,,סנו ק 300-,מיליליטרים,630.00,"100 מ""ל",false,,21.90,0.0348,false,1,108215
7290000288390,false,ק 600 סנו-,סנו,,ק 600 סנו-,מיליליטרים,500.00,"100 מ""ל",false,,21.90,0.0438,true,1,108217
7290000288642,false,מרכך סנו 4 ליטר,סנו,,מרכך סנו 4 ליטר,ליטרים,4.00,ליטר,false,,21.90,5.4750,false,1,108226
7290000288727,false,אבקת כביסה סנו,סנו,,אבקת כביסה סנו,קילוגרמים,1.25,"ק""ג",false,,14.90,11.9200,false,1,108227
7290000289069,false,סנו ג'בל ספריי,סנו JAVEL,,סנו ג'בל ספריי,ליטרים,1.00,ליטר,false,,18.90,18.9000,false,1,108234
7290000289380,false,סנו ג'בל CW לאסל,סנו JAVEL,,סנו ג'בל CW לאסל,מיליליטרים,750.00,"100 מ""ל",false,,14.00,0.0187,true,1,111977
7290000289472,false,שקיות אשפה סושי טבע,סנו סושי,,שקיות אשפה סושי טבע,יחידה,0.00,יחידה,false,,20.90,0.0000,true,1,108237
7290000289595,false,משחת שיניים אורביטול,,,משחת שיניים אורביטול,גרמים,100.00,100 גרם,false,,9.90,0.0990,true,1,133259
7290000289748,false,סנו פורטה פלוס,סנו,,סנו פורטה פלוס,מיליליטרים,750.00,"100 מ""ל",false,,13.90,0.0185,false,1,108244
7290000289885,false,סנו-פרש יבש,סנו fresh,,סנו-פרש יבש,יחידה,375.00,יחידה,false,,13.50,0.0360,true,1,108245
7290000289915,false,סנופרש ענק,סנו fresh,,סנופרש ענק,מיליליטרים,375.00,"100 מ""ל",false,,13.50,0.0360,true,1,108247
7290000291857,false,פוליוקס 2 ליטר,סנו פוליויקס,,פוליוקס 2 ליטר,ליטרים,2.00,ליטר,false,,19.90,9.9500,false,1,108252
7290000291932,false,סנובון נוזלי,סנו סנובון,,סנובון נוזלי,מיליליטרים,750.00,"100 מ""ל",false,,9.90,0.0132,true,1,108254
7290000291963,false,סנו ג'בל 1 ליטר,סנו JAVEL,,סנו ג'בל 1 ליטר,ליטרים,1.00,ליטר,false,,8.50,8.5000,true,1,127707
7290000292311,false,סנו פוליוקס 2 ל',סנו פוליויקס,,סנו פוליוקס 2 ל',ליטרים,2.00,ליטר,false,,19.90,9.9500,false,1,108258
7290000292533,false,סנו ג'ל ניקוי,סנו,,סנו ג'ל ניקוי,ליטרים,1.00,ליטר,false,,15.90,15.9000,true,1,108264
7290000292557,false,סנומט מלוי נוזלי,סנומט,,סנומט מלוי נוזלי,מיליליטרים,500.00,"מ""ל",false,,12.90,0.0258,true,1,108266
7290000292564,false,סנו K 2000,סנו,,סנו K 2000,מיליליטרים,750.00,"100 מ""ל",false,,29.90,0.0399,true,1,108267
7290000292687,false,שלישיה סנובון כח,סנו סנובון,,שלישיה סנובון כח,גרמים,165.00,100 גרם,false,,14.90,0.0903,false,1,108270
7290000292694,false,מגן קריסטל 2 ליט,סנו,,מגן קריסטל 2 ליט,ליטרים,2.00,ליטר,false,,39.90,19.9500,true,1,108271
7290000292915,false,סנו רסס ונגב+אקד,סנו,,סנו רסס ונגב+אקד,מיליליטרים,715.00,"100 מ""ל",false,,12.90,0.0180,false,1,108272
7290000293073,false,מרכך סנו 4 ליטר,סנו,,מרכך סנו 4 ליטר,ליטרים,4.00,ליטר,false,,21.90,5.4750,false,1,108276
7290000293530,false,סנו סופג לחות מי,סנו,,סנו סופג לחות מי,גרמים,340.00,100 גרם,false,,15.90,0.0468,true,1,108279
7290000293943,false,מרסס אנטי קאלק,סנו,,מרסס אנטי קאלק,ליטרים,1.00,ליטר,false,,19.90,19.9000,true,1,108282
7290000294391,false,סופר אקטיב 4 ליט,סנו,,סופר אקטיב 4 ליט,ליטרים,4.00,ליטר,false,,21.90,5.4750,true,1,108283
7290000294780,false,סנו ז'אוול סמיכה 4 ל,סנו JAVEL,,סנו ז'אוול סמיכה 4 ל,ליטרים,4.00,ליטר,false,,16.90,4.2250,false,1,108291
7290000295121,false,מטלית זיגזג שלשי,סנו,,מטלית זיגזג שלשי,יחידה,0.00,יחידה,false,,11.50,0.0000,false,1,108293
7290000295299,false,סנו סושי אקטיב ר,סנו סושי,,סנו סושי אקטיב ר,יחידה,0.00,יחידה,false,,11.50,0.0000,false,1,108294
7290000295336,false,סנו מקסימה שקית,סנו מקסימה,,סנו מקסימה שקית,קילוגרמים,1.25,"ק""ג",false,,14.90,11.9200,false,1,108296
7290000295343,false,סנו מקסימה מילוי,סנו מקסימה,,סנו מקסימה מילוי,קילוגרמים,1.25,"ק""ג",false,,14.90,11.9200,false,1,108297
7290000295367,false,סנו מקסימה 5 2 ק,סנו מקסימה,,סנו מקסימה 5 2 ק,קילוגרמים,2.50,"ק""ג",false,,25.90,10.3600,false,1,108298
7290000295404,false,שקיות אשפה סושי רחבו,סנו סושי,,שקיות אשפה סושי רחבו,יחידה,0.00,יחידה,false,,24.90,0.0000,true,1,108299
7290000295503,false,זוג שקיות סושי למזון,סנו סושי,,זוג שקיות סושי למזון,יחידה,0.00,יחידה,false,,14.90,0.0000,false,1,108301
7290000295541,false,סנו רב מגבת ג'מבו (7,סנו סושי,,סנו רב מגבת ג'מבו (7,יחידה,0.00,יחידה,false,,18.90,0.0000,true,1,108303
7290000295558,false,זוג רדיד אלומיניום ק,סנו,,זוג רדיד אלומיניום ק,יחידה,0.00,יחידה,false,,11.50,0.0000,false,1,108304
7290000295565,false,זוג רדיד אלומיניום ג,סנו,,זוג רדיד אלומיניום ג,יחידה,0.00,יחידה,false,,20.00,0.0000,false,1,116395
7290000295572,false,זוג מנקה אסלות,סנו,,זוג מנקה אסלות,ליטרים,1.50,ליטר,false,,19.90,13.2667,true,1,108305
7290000295589,false,בייבי כיף טלק במיכל,סנו,,בייבי כיף טלק במיכל,גרמים,200.00,100 גרם,false,,14.90,0.0745,true,1,108306
7290000295794,false,ספוגיות אל חלד זוג,סנו,,ספוגיות אל חלד זוג,יחידה,0.00,יחידה,false,,13.00,0.0000,true,1,118980
7290000295824,false,סנו סושי רדיד אלומני,סנו,,סנו סושי רדיד אלומני,יחידה,0.00,יחידה,false,,59.90,0.0000,false,1,108311
7290000300900,false,שניצל תירס טבעול,טבעול,,שניצל תירס טבעול,גרמים,750.00,100 גרם,false,,24.90,0.0332,false,1,93964
7290000302027,false,טיים רגיל פקט,,,טיים רגיל פקט,יחידה,0.00,יחידה,false,,280.00,0.0000,false,1,101920
7290000303598,false,שעועית ברוטב 570 גרם,פרי הגליל,,שעועית ברוטב 570 גרם,גרמים,570.00,100 גרם,false,,6.90,0.0121,false,1,99664
7290000305882,false,אס ירקות עם דגים ברו,יונה,,אס ירקות עם דגים ברו,גרמים,120.00,100 גרם,false,,6.30,0.0525,true,1,106881
7290000307015,false,אפונה פרי הגליל 550,פרי הגליל,,אפונה פרי הגליל 550,גרמים,550.00,100 גרם,false,,6.90,0.0125,false,1,99667
7290000307046,false,אפונה וגזר 550 גרם,פרי הגליל,,אפונה וגזר 550 גרם,גרמים,550.00,100 גרם,false,,6.90,0.0125,false,1,99668
7290000307220,false,תירס פרי הגליל 340 ג,פרי הגליל,,תירס פרי הגליל 340 ג,גרמים,340.00,100 גרם,false,,5.50,0.0162,false,1,99669
7290000307237,false,תירס פרי הגליל 550 ג,פרי הגליל,,תירס פרי הגליל 550 ג,גרמים,550.00,100 גרם,false,,6.90,0.0125,false,1,99670
7290000307343,false,שעועית ירוקה 550 גרם,פרי הגליל,,שעועית ירוקה 550 גרם,גרמים,550.00,100 גרם,false,,6.90,0.0125,true,1,99676
7290000307800,false,פול פרי גליל,פרי הגליל,,פול פרי גליל,גרמים,800.00,100 גרם,false,,13.90,0.0174,true,1,99677
7290000307985,false,תירס ללא מלח,פרי הגליל,,תירס ללא מלח,גרמים,325.00,100 גרם,false,,5.50,0.0169,false,1,99678
7290000311128,false,מן עוגיות חמאה,מן,,מן עוגיות חמאה,גרמים,300.00,100 גרם,false,,7.90,0.0263,true,1,111436
7290000311203,false,וופלים 200 גר שוקו,,,וופלים 200 גר שוקו,גרמים,200.00,100 גרם,false,,5.20,0.0260,false,1,117848
7290000311210,false,וופלים 200 גר לימון,מן,,וופלים 200 גר לימון,גרמים,200.00,100 גרם,false,,5.20,0.0260,false,1,116106
7290000311227,false,וופלים 200 גר קפה מן,מן,,וופלים 200 גר קפה מן,גרמים,200.00,100 גרם,false,,5.20,0.0260,false,1,116107
7290000311234,false,ופל וניל 200 גר מן,מן,,ופל וניל 200 גר מן,גרמים,200.00,100 גרם,false,,5.20,0.0260,false,1,116108
7290000311258,false,מן וופל מצופה 250 גר,ברמן,,מן וופל מצופה 250 גר,גרמים,250.00,100 גרם,false,,7.50,0.0300,true,1,212951
7290000311272,false,וופלים מן חלבה,,,וופלים מן חלבה,גרמים,180.00,100 גרם,false,,5.20,0.0289,false,1,127132
7290000311364,false,וופל מן מארז 10 יח',ברמן,,וופל מן מארז 10 יח',גרמים,210.00,100 גרם,false,,8.90,0.0424,true,1,180194
7290000311425,false,וופל מצופה כחול 10יח,,,וופל מצופה כחול 10יח,גרמים,200.00,100 גרם,false,,9.50,0.0475,true,1,114019
7290000311432,false,עוגיות מן גרנולה קינ,מן,,עוגיות מן גרנולה קינ,גרמים,200.00,100 גרם,false,,10.90,0.0545,true,1,261664
7290000311463,false,מן עוגיות חמאה ללא ס,,,מן עוגיות חמאה ללא ס,גרמים,200.00,100 גרם,false,,10.90,0.0545,true,1,218968
7290000311500,false,וופל מן שוקולד 500 ג,מן,,וופל מן שוקולד 500 ג,גרמים,500.00,100 גרם,false,,10.90,0.0218,true,1,120055
7290000311708,false,מן עוגיות חיטה מלאה,מן,,מן עוגיות חיטה מלאה,גרמים,300.00,100 גרם,false,,7.90,0.0263,true,1,111438
7290000311722,false,עוגיות מן כוכבים,מן,,עוגיות מן כוכבים,גרמים,300.00,100 גרם,false,,7.90,0.0263,true,1,111440
7290000311746,false,עוגיות מן קרמל 300 ג,מן,,עוגיות מן קרמל 300 ג,גרמים,300.00,100 גרם,false,,7.90,0.0263,true,1,187952
7290000311845,false,עוגיות מן חיטה מלאה,מן,,עוגיות מן חיטה מלאה,גרמים,200.00,100 גרם,false,,10.90,0.0545,true,1,189797
7290000311869,false,וופל ללא סוכר 180 גר,,,וופל ללא סוכר 180 גר,גרמים,180.00,100 גרם,false,,8.90,0.0494,true,1,142319
7290000311876,false,וופל מן וניל ללא סוכ,מן,,וופל מן וניל ללא סוכ,גרמים,180.00,100 גרם,false,,8.90,0.0494,true,1,192134
7290000311883,false,מן עוגיות גרנולה ללא,ברמן,,מן עוגיות גרנולה ללא,גרמים,200.00,100 גרם,false,,10.90,0.0545,true,1,148901
7290000311890,false,וופל מן לימון ללא סו,מן,,וופל מן לימון ללא סו,גרמים,180.00,100 גרם,false,,8.90,0.0494,true,1,216518
7290000313160,false,עוגיות זהבה 3 דובים,אסם,,עוגיות זהבה 3 דובים,גרמים,250.00,100 גרם,false,,7.90,0.0316,true,1,93976
7290000313184,false,עוגיות גן חיות,אסם,,עוגיות גן חיות,גרמים,250.00,100 גרם,false,,7.90,0.0316,true,1,93977
7290000313290,false,נודלס א.מסולסלות 200,אסם,,נודלס א.מסולסלות 200,גרמים,200.00,100 גרם,false,,9.90,0.0495,true,1,93979
7290000315126,false,קנור ציר עוף,קנור,,קנור ציר עוף,גרמים,300.00,100 גרם,false,,27.90,0.0930,true,1,101464
7290000315133,false,קנור ציר בקר,קנור,,קנור ציר בקר,גרמים,300.00,100 גרם,false,,27.90,0.0930,true,1,101465
7290000315140,false,קורנפלקס מלא 500 גר',תלמה,,קורנפלקס מלא 500 גר',גרמים,500.00,100 גרם,false,,21.00,0.0420,false,1,145000
7290000318103,false,פסטרמה ברביקיו,יחיעם,,פסטרמה ברביקיו,קילוגרמים,1.00,"ק""ג",true,,72.90,72.9000,false,1,99955
7290000318127,false,נקניקיות ביס 380,יחיעם,,נקניקיות ביס 380,גרמים,380.00,100 גרם,false,,11.90,0.0313,true,1,99982
7290000318189,false,פסטרמה ברביקיו על הא,יחיעם,,פסטרמה ברביקיו על הא,גרמים,300.00,100 גרם,false,,25.90,0.0863,true,1,230276
7290000318288,false,חזה הודו בדבש יח,יחיעם,,חזה הודו בדבש יח,קילוגרמים,1.00,"ק""ג",true,,79.90,79.9000,false,1,99959
7290000318387,false,פסטרמה הודו על האש,יחיעם,,פסטרמה הודו על האש,קילוגרמים,1.00,"ק""ג",true,,72.90,72.9000,false,1,128708
7290000318479,false,פרשוטו עגל,יחיעם,,פרשוטו עגל,גרמים,100.00,100 גרם,false,,25.90,0.2590,true,1,99995
7290000318530,false,רוסטביף יחיעם,יחיעם,,רוסטביף יחיעם,קילוגרמים,1.00,"ק""ג",true,,149.90,149.9000,true,1,99961
7290000318677,false,סרוולט 150גר יחיעם,יחיעם,,סרוולט 150גר יחיעם,גרמים,150.00,100 גרם,false,,25.90,0.1727,true,1,113819
7290000318707,false,סלמי מעושן יחיעם,יחיעם,,סלמי מעושן יחיעם,גרמים,500.00,100 גרם,false,,33.90,0.0678,true,1,100001
7290000318738,false,נקניק עוף 450 גר,יחיעם,,נקניק עוף 450 גר,גרמים,450.00,100 גרם,false,,10.90,0.0242,true,1,112088
7290000318806,false,סרוולד יחיעם,יחיעם,,סרוולד יחיעם,קילוגרמים,1.00,"ק""ג",true,,179.90,179.9000,true,1,99963
7290000318837,false,פסטרמה קורנביף י,יחיעם,,פסטרמה קורנביף י,קילוגרמים,1.00,"ק""ג",true,,139.90,139.9000,true,1,99964
7290000318851,false,סלמי קוניאק,יחיעם,,סלמי קוניאק,קילוגרמים,1.00,"ק""ג",true,,89.90,89.9000,false,1,99965
7290000318868,false,סלמי פפרוני,יחיעם,,סלמי פפרוני,קילוגרמים,1.00,"ק""ג",true,,89.90,89.9000,false,1,99966
7290000318882,false,מעושן איטלקי יחיעם,יחיעם,,מעושן איטלקי יחיעם,קילוגרמים,1.00,"ק""ג",true,,69.90,69.9000,false,1,99967
7290000318899,false,סלמי פיין,יחיעם,,סלמי פיין,קילוגרמים,1.00,"ק""ג",true,,52.90,52.9000,false,1,99968
7290000318929,false,סלמי צרפתי,יחיעם,,סלמי צרפתי,קילוגרמים,1.00,"ק""ג",true,,179.90,179.9000,true,1,99970
7290000318943,false,פסטרמה של פעם 200 ג',יחיעם,,פסטרמה של פעם 200 ג',גרמים,200.00,100 גרם,false,,21.90,0.1095,true,1,114690
7290000319063,false,כתף בקר מעושן מפולפל,יחיעם,,כתף בקר מעושן מפולפל,גרמים,150.00,100 גרם,false,,25.90,0.1727,true,1,201598
7290000319124,false,סרוולד יחיעם,יחיעם,,סרוולד יחיעם,גרמים,250.00,100 גרם,false,,37.90,0.1516,true,1,100006
7290000319131,false,נקניקיות עוף 400,יחיעם,,נקניקיות עוף 400,גרמים,400.00,100 גרם,false,,10.90,0.0273,true,1,100007
7290000319339,false,סלמי פרח,יחיעם,,סלמי פרח,קילוגרמים,1.00,"ק""ג",true,,99.90,99.9000,false,1,139995
7290000319520,false,סלמי צרפתי 100 גר,יחיעם,,סלמי צרפתי 100 גר,גרמים,100.00,100 גרם,false,,19.90,0.1990,true,1,100015
7290000319704,false,כתף בקר מעושן יחיעם,יחיעם,,כתף בקר מעושן יחיעם,קילוגרמים,1.00,"ק""ג",true,,139.90,139.9000,true,1,99973
7290000319728,false,איטלקי מפולפל יח,יחיעם,,איטלקי מפולפל יח,קילוגרמים,1.00,"ק""ג",true,,79.90,79.9000,false,1,99974
7290000319759,false,סלמי תה יחיעם,יחיעם,,סלמי תה יחיעם,קילוגרמים,1.00,"ק""ג",true,,46.90,46.9000,false,1,148813
7290000319803,false,קבנוס קלאסי 125 גרם,יחיעם,,קבנוס קלאסי 125 גרם,גרמים,125.00,100 גרם,false,,13.90,0.1112,true,1,186857
7290000319834,false,קבנוס פפרוני קלאסי 1,יחיעם,,קבנוס פפרוני קלאסי 1,גרמים,125.00,100 גרם,false,,13.90,0.1112,true,1,186741
7290000319971,false,צלעות בקר על האש יחי,יחיעם,,צלעות בקר על האש יחי,קילוגרמים,1.00,"ק""ג",true,,154.90,154.9000,false,1,142781
7290000334745,false,תפוגן אמריקן ציפס 1.,תפוגן,,תפוגן אמריקן ציפס 1.,יחידה,1.50,יחידה,false,,24.90,16.6000,true,1,93997
7290000336053,false,תרכיז סיידר טבעי,,,תרכיז סיידר טבעי,יחידה,330.00,יחידה,false,,13.90,0.0421,true,1,110038
7290000339191,false,רן להלבנה,בדין,,רן להלבנה,גרמים,350.00,100 גרם,false,,22.00,0.0629,true,1,101489
7290000339566,false,בדין 4 ליטר,בדין,,בדין 4 ליטר,ליטרים,4.00,ליטר,false,,19.90,4.9750,false,1,101490
7290000339887,false,משחה 5 3קג דלי.,סיף פנטסטיק,,משחה 5 3קג דלי.,קילוגרמים,3.50,"ק""ג",false,,27.90,7.9714,false,1,101496
7290000342856,false,בדין 4 ליטר,בדין,,בדין 4 ליטר,ליטרים,4.00,ליטר,false,,19.90,4.9750,false,1,101502
7290000345048,false,תה 74 בתפזורת 125 ג,ויסוצקי,,תה 74 בתפזורת 125 ג,גרמים,125.00,100 גרם,false,,13.00,0.1040,true,1,97330
7290000345055,false,תה עלים ארל גריי 10,ויסוצקי,,תה עלים ארל גריי 10,גרמים,100.00,100 גרם,false,,14.50,0.1450,true,1,97331
7290000345116,false,תה ירוק עלים,ויסוצקי,,תה ירוק עלים,גרמים,125.00,100 גרם,false,,14.90,0.1192,true,1,97334
7290000345208,false,ויסוצקי קלאסיק 25 שק,ויסוצקי,,ויסוצקי קלאסיק 25 שק,גרמים,25.00,100 גרם,false,,6.70,0.2680,true,1,97338
7290000345215,false,ויסוצקי קלאסיק 100 ש,ויסוצקי,,ויסוצקי קלאסיק 100 ש,גרמים,100.00,100 גרם,false,,16.90,0.1690,false,1,97339
7290000345260,false,ויסוצקי קלאסיק 25 שק,ויסוצקי,,ויסוצקי קלאסיק 25 שק,גרמים,37.50,100 גרם,false,,7.20,0.1920,true,1,97341
7290000345284,false,ויסוצקי קלאסיק 100 ש,ויסוצקי,,ויסוצקי קלאסיק 100 ש,גרמים,150.00,100 גרם,false,,16.90,0.1127,false,1,97343
7290000345291,false,ארל גריי 25 שקיקים,ויסוצקי,,ארל גריי 25 שקיקים,גרמים,37.50,100 גרם,false,,15.90,0.4240,false,1,97344
7290000345307,false,תה ארל גריי 50 שקיק,ויסוצקי,,תה ארל גריי 50 שקיק,גרמים,75.00,100 גרם,false,,28.90,0.3853,false,1,97345
7290000345666,false,תה אינגליש ברקפסט 25,ויסוצקי,,תה אינגליש ברקפסט 25,גרמים,50.00,100 גרם,false,,15.90,0.3180,true,1,97354
7290000346021,false,תה חליטת קמומיל 50 ש,ויסוצקי,,תה חליטת קמומיל 50 ש,גרמים,75.00,100 גרם,false,,34.90,0.4653,true,1,97356
7290000346120,false,תה קסם הקינמון 25 שק,ויסוצקי,,תה קסם הקינמון 25 שק,גרמים,62.50,100 גרם,false,,18.90,0.3024,false,1,97359
7290000346137,false,תה חליטת הילולי פירו,ויסוצקי,,תה חליטת הילולי פירו,גרמים,62.50,100 גרם,false,,18.90,0.3024,false,1,97360
7290000346144,false,תה חליטת עינוגי התפו,ויסוצקי,,תה חליטת עינוגי התפו,גרמים,75.00,100 גרם,false,,18.90,0.2520,false,1,97361
7290000346168,false,תה חליטת שומר 25 שקי,ויסוצקי,,תה חליטת שומר 25 שקי,גרמים,37.50,100 גרם,false,,18.90,0.5040,false,1,97363
7290000346199,false,תה חליטת פירות יער 2,ויסוצקי,,תה חליטת פירות יער 2,גרמים,67.50,100 גרם,false,,18.90,0.2800,false,1,97364
7290000346205,false,תה חליטת קמומיל 25 ש,ויסוצקי,,תה חליטת קמומיל 25 ש,גרמים,37.50,100 גרם,false,,18.90,0.5040,false,1,97365
7290000346212,false,תה חליטת מנטה 25 שקי,ויסוצקי,,תה חליטת מנטה 25 שקי,גרמים,50.00,100 גרם,false,,18.90,0.3780,false,1,97366
7290000346229,false,תה חליטת ורד הבר והי,ויסוצקי,,תה חליטת ורד הבר והי,גרמים,75.00,100 גרם,false,,18.90,0.2520,false,1,97367
7290000346236,false,תה חליטת לואיזה - וו,ויסוצקי,,תה חליטת לואיזה - וו,גרמים,50.00,100 גרם,false,,18.90,0.3780,false,1,97368
7290000346960,false,תה נענע 50 שקיקים,ויסוצקי,,תה נענע 50 שקיקים,גרמים,75.00,100 גרם,false,,31.90,0.4253,true,1,97372
7290000347738,false,תה ירוק נענע 25 שקיק,ויסוצקי,,תה ירוק נענע 25 שקיק,גרמים,37.50,100 גרם,false,,24.90,0.6640,false,1,97379
7290000347752,false,תה ירוק לימונית,ויסוצקי,,תה ירוק לימונית,גרמים,37.50,100 גרם,false,,24.90,0.6640,false,1,97381
7290000355382,false,עגבניות מרוסקות עם ב,טל,,עגבניות מרוסקות עם ב,גרמים,800.00,100 גרם,false,,7.20,0.0090,false,1,109167
7290000355399,false,רוטב עגבניות לבי,ויטה,,רוטב עגבניות לבי,גרמים,800.00,100 גרם,false,,7.90,0.0099,true,1,111625
7290000355405,false,עגבניות מרוסקות עם ב,טל,,עגבניות מרוסקות עם ב,גרמים,800.00,100 גרם,false,,7.20,0.0090,false,1,109168
7290000355412,false,עגבניות מרוסקות עם ש,טל,,עגבניות מרוסקות עם ש,גרמים,800.00,100 גרם,false,,7.20,0.0090,false,1,109169
7290000355481,false,רוטב עגבניות מרוכז מ,טל,,רוטב עגבניות מרוכז מ,גרמים,600.00,100 גרם,false,,5.50,0.0092,true,1,121274
7290000355757,false,עגבניות מרוסקות 800,טל,,עגבניות מרוסקות 800,גרמים,800.00,100 גרם,false,,7.20,0.0090,false,1,109173
7290000357379,false,פילה בורי טרי,דלידג,,פילה בורי טרי,קילוגרמים,1.00,"ק""ג",true,,89.90,89.9000,true,1,214760
7290000363462,false,סלמי מעושן איטלק,טירת צבי,,סלמי מעושן איטלק,קילוגרמים,1.00,"ק""ג",true,,84.90,84.9000,false,1,97573
7290000363486,false,נקניק תה טירת צב,טירת צבי,,נקניק תה טירת צב,קילוגרמים,1.00,"ק""ג",true,,56.90,56.9000,false,1,97574
7290000363899,false,נקניקיות הודו פיקנטי,טירת צבי,,נקניקיות הודו פיקנטי,גרמים,400.00,100 גרם,false,,11.90,0.0298,true,1,97725
7290000364261,false,סלסולי כתף בקר,טירת צבי,,סלסולי כתף בקר,גרמים,120.00,100 גרם,false,,15.90,0.1325,false,1,124212
7290000364278,false,סלסולי סלמי איטלקי מ,טירת צבי,,סלסולי סלמי איטלקי מ,גרמים,120.00,100 גרם,false,,15.90,0.1325,false,1,124213
7290000364285,false,סלסולי פסטרמה הודו,טירת צבי,,סלסולי פסטרמה הודו,גרמים,120.00,100 גרם,false,,15.90,0.1325,false,1,124214
7290000364292,false,סלסולי פסטרמה הודו ע,טירת צבי,,סלסולי פסטרמה הודו ע,גרמים,120.00,100 גרם,false,,15.90,0.1325,false,1,126907
7290000364803,false,נקנקיות אמריקאיו,טירת צבי,,נקנקיות אמריקאיו,גרמים,500.00,100 גרם,false,,27.90,0.0558,true,1,97729
7290000364810,false,נקניקיות עגל 500 ג',טירת צבי,,נקניקיות עגל 500 ג',גרמים,500.00,100 גרם,false,,27.90,0.0558,true,1,97730
7290000364858,false,נקנקיות עוף 1 קג,טירת צבי,,נקנקיות עוף 1 קג,יחידה,1.00,יחידה,false,,26.90,26.9000,false,1,97731
7290000364872,false,נקנקיות עוף טירת,טירת צבי,,נקנקיות עוף טירת,גרמים,400.00,100 גרם,false,,11.90,0.0298,true,1,97732
7290000365213,false,קורנד ביף,,,קורנד ביף,קילוגרמים,1.00,"ק""ג",true,,107.00,107.0000,false,1,136102
7290000365398,false,פסטרמה דבש ט.צבי,טירת צבי,,פסטרמה דבש ט.צבי,קילוגרמים,1.00,"ק""ג",true,,84.90,84.9000,false,1,97578
7290000365749,false,פסטרמה דל שומן,טירת צבי,,פסטרמה דל שומן,קילוגרמים,1.00,"ק""ג",true,,84.90,84.9000,false,1,117614
7290000365756,false,פסטרמה הודו ברביקיו,טירת צבי,,פסטרמה הודו ברביקיו,קילוגרמים,1.00,"ק""ג",true,,84.90,84.9000,false,1,97579
7290000365909,false,פסטרמה הודו מעושנת,טירת צבי,,פסטרמה הודו מעושנת,קילוגרמים,1.00,"ק""ג",true,,84.90,84.9000,false,1,97581
7290000365954,false,פסטרמה על גחלים,טירת צבי,,פסטרמה על גחלים,קילוגרמים,1.00,"ק""ג",true,,84.90,84.9000,false,1,97582
7290000367590,false,זוג פסטרמה טירת,טירת צבי,,זוג פסטרמה טירת,גרמים,800.00,100 גרם,false,,29.90,0.0374,true,1,97743
7290000369037,false,סלט קוביות בולגרית 2,,,סלט קוביות בולגרית 2,גרמים,200.00,100 גרם,false,,15.90,0.0795,true,1,211120
7290000369617,false,כדורי מעדן גבינה 150,,,כדורי מעדן גבינה 150,גרמים,150.00,100 גרם,false,,19.90,0.1327,true,1,211062
7290000369709,false,ממרח חמאה 100 גרם,,,ממרח חמאה 100 גרם,גרמים,100.00,100 גרם,false,,13.90,0.1390,true,1,102630
7290000377209,false,בוטנים 200,קליית גת,,בוטנים 200,גרמים,200.00,100 גרם,false,,6.90,0.0345,true,1,102141
7290000377445,false,תערובת מנצ'ס,,,תערובת מנצ'ס,גרמים,200.00,100 גרם,false,,8.50,0.0425,true,1,102144
7290000377452,false,גרעיני אבטיח 200ח,קליית גת,,גרעיני אבטיח 200ח,גרמים,200.00,100 גרם,false,,12.00,0.0600,true,1,102145
7290000390710,false,סלק עלים מנגולד,מרינה,,סלק עלים מנגולד,יחידה,0.00,יחידה,false,,5.90,0.0000,true,1,208400
7290000408316,false,יוגורט דנונה טבעי 3%,שטראוס דנונה,,יוגורט דנונה טבעי 3%,מיליליטרים,200.00,"100 מ""ל",false,,3.50,0.0175,true,1,95509
7290000408354,false,דנונה קראנצ' פצפוצים,שטראוס דנונה,,דנונה קראנצ' פצפוצים,מיליליטרים,175.00,"100 מ""ל",false,,4.60,0.0263,false,1,95510
7290000412139,false,ריצפז אורנים 3לי,סנו ריצפז,,ריצפז אורנים 3לי,ליטרים,3.00,ליטר,false,,13.90,4.6333,true,1,108312
7290000412764,false,פזטוקס ארזול,סנו,,פזטוקס ארזול,מיליליטרים,630.00,"100 מ""ל",false,,18.90,0.0300,true,1,108315
7290000416021,false,ממרח השחר 500 גרם,,,ממרח השחר 500 גרם,גרמים,500.00,100 גרם,false,,13.90,0.0278,false,1,108620
7290000416045,false,"ממרח השחר 1 ק""ג",השחר העולה,,"ממרח השחר 1 ק""ג",קילוגרמים,1.00,"ק""ג",false,,23.90,23.9000,false,1,108621
7290000416618,false,ממרח שוקולד השחר פרו,השחר העולה,,ממרח שוקולד השחר פרו,גרמים,400.00,100 גרם,false,,10.60,0.0265,true,1,108624
7290000419107,false,קפה טורקי קלוי כחול,קפה לנדוור,,קפה טורקי קלוי כחול,גרמים,100.00,100 גרם,false,,7.90,0.0790,false,1,112199
7290000419114,false,קפה לנדוור כחול 200,קפה לנדוור,,קפה לנדוור כחול 200,גרמים,200.00,100 גרם,false,,14.90,0.0745,false,1,113054
7290000419220,false,מארז קפה לנדוור טחון,קפה לנדוור,,מארז קפה לנדוור טחון,גרמים,300.00,100 גרם,false,,18.90,0.0630,false,1,116806
7290000419374,false,מארז שלישייה קפה שחו,קפה לנדוור,,מארז שלישייה קפה שחו,גרמים,300.00,100 גרם,false,,18.90,0.0630,false,1,134131
7290000419893,false,קפה לנדוור שחור טחון,קפה לנדוור,,קפה לנדוור שחור טחון,גרמים,100.00,100 גרם,false,,7.90,0.0790,false,1,116593
7290000419909,false,קפה לנדוור שחור בטעם,קפה לנדוור,,קפה לנדוור שחור בטעם,גרמים,100.00,100 גרם,false,,7.90,0.0790,false,1,116970
7290000419923,false,אספרסו לנדוור טחון ב,קפה לנדוור,,אספרסו לנדוור טחון ב,גרמים,200.00,100 גרם,false,,19.90,0.0995,true,1,118175
7290000420325,false,פופסטאר טבעי 5יח',,,פופסטאר טבעי 5יח',גרמים,500.00,100 גרם,false,,12.90,0.0258,false,1,107431
7290000420332,false,פופסטאר חמאה 5יח',פופ סטאר,,פופסטאר חמאה 5יח',גרמים,500.00,100 גרם,false,,12.90,0.0258,false,1,107432
7290000420417,false,גלילונית 50X70 עם לש,גלילונית,,גלילונית 50X70 עם לש,יחידה,0.00,יחידה,false,,24.00,0.0000,false,1,107433
7290000430102,false,"שקיות קרח 2 ק""ג",,,"שקיות קרח 2 ק""ג",יחידה,2.00,יחידה,false,,9.90,4.9500,true,1,108981
7290000432212,false,נרות שבת 72,,,נרות שבת 72,יחידה,0.00,יחידה,false,,29.90,0.0000,true,1,197674
7290000432359,false,נר נשמה שבועי,,,נר נשמה שבועי,יחידה,0.00,יחידה,false,,9.90,0.0000,true,1,100266
7290000432663,false,נרות שבת מס' 10,,,נרות שבת מס' 10,גרמים,180.00,100 גרם,false,,4.50,0.0250,true,1,192960
7290000442044,false,פמינה חמוציות,פמינה,,פמינה חמוציות,מיליליטרים,0.00,"מ""ל",false,,26.90,0.0000,true,1,134730
7290000442594,false,גינקו קרם ידיים,כצט,,גינקו קרם ידיים,מיליליטרים,100.00,"100 מ""ל",false,,5.50,0.0550,true,1,194931
7290000446127,false,פריכיות אורז ללא מלח,,,פריכיות אורז ללא מלח,גרמים,100.00,100 גרם,false,,4.50,0.0450,true,1,210659
7290000446325,false,תרכיז תפוחים,,,תרכיז תפוחים,ליטרים,1.20,ליטר,false,,44.90,37.4167,true,1,187990
7290000446523,false,חמאת בוטנים מתוקה,,,חמאת בוטנים מתוקה,גרמים,350.00,100 גרם,false,,12.90,0.0369,true,1,191409
7290000446547,false,חמאת בוטנים טבעית,,,חמאת בוטנים טבעית,גרמים,350.00,100 גרם,false,,12.90,0.0369,true,1,146760
7290000446554,false,חמאת בוטנים טבעית 1,,,חמאת בוטנים טבעית 1,קילוגרמים,1.00,"100 ק""ג",false,,27.90,27.9000,true,1,190074
7290000446776,false,פיצפוצי אורז מלא ללא,,,פיצפוצי אורז מלא ללא,גרמים,450.00,100 גרם,false,,18.90,0.0420,true,1,185726
7290000446851,false,ממרח חלבה בי.די,,,ממרח חלבה בי.די,גרמים,350.00,100 גרם,false,,11.90,0.0340,true,1,185215
7290000446943,false,פריכיות כוסמת,,,פריכיות כוסמת,גרמים,100.00,100 גרם,false,,4.50,0.0450,true,1,210661
7290000449128,false,פנטסטיק 4 ליטר,סיף פנטסטיק,,פנטסטיק 4 ליטר,ליטרים,4.00,ליטר,false,,19.90,4.9750,false,1,101505
7290000450209,false,טונה פוסידון בשמן 11,ויליגר,,טונה פוסידון בשמן 11,גרמים,110.00,100 גרם,false,,6.00,0.0545,true,1,109195
7290000453019,false,שמרית,,,שמרית,גרמים,50.00,100 גרם,false,,4.60,0.0920,false,1,95512
7290000453125,false,שמרית+משפר אפיה,,,שמרית+משפר אפיה,גרמים,100.00,100 גרם,false,,7.90,0.0790,true,1,95513
7290000453200,false,בלילה מצוננת להכנת פ,,,בלילה מצוננת להכנת פ,מיליליטרים,750.00,"100 מ""ל",false,,21.90,0.0292,true,1,219723
7290000453408,false,בצק פיצה דק מצונן ומ,,,בצק פיצה דק מצונן ומ,גרמים,415.00,100 גרם,false,,16.90,0.0407,true,1,208615
7290000453415,false,בצק עלים מצונן ומוכן,,,בצק עלים מצונן ומוכן,גרמים,300.00,100 גרם,false,,15.90,0.0530,true,1,208616
7290000453422,false,בצק פילו מוכן לאפייה,,,בצק פילו מוכן לאפייה,גרמים,300.00,100 גרם,false,,15.90,0.0530,true,1,208617
7290000453781,false,שמרים יבשים,,,שמרים יבשים,גרמים,125.00,100 גרם,false,,6.30,0.0504,true,1,204398
7290000453798,false,שמרים אקטיבים 500 גר,,,שמרים אקטיבים 500 גר,גרמים,500.00,100 גרם,false,,14.90,0.0298,false,1,201849
7290000453866,false,נטורינה קוקוס שמרית,,,נטורינה קוקוס שמרית,גרמים,200.00,100 גרם,false,,7.60,0.0380,false,1,199812
7290000461625,false,בייגלה שמיניות גדולו,בייגל בייגל,,בייגלה שמיניות גדולו,גרמים,400.00,100 גרם,false,,8.90,0.0223,true,1,101511
7290000461656,false,מקלות בייגל,בייגל בייגל,,מקלות בייגל,גרמים,400.00,100 גרם,false,,8.90,0.0223,true,1,101513
7290000461700,false,בייגלה גדול גדול,בייגל בייגל,,בייגלה גדול גדול,גרמים,400.00,100 גרם,false,,13.90,0.0348,true,1,101514
7290000461724,false,בייגלה שומשום 00,בייגל בייגל,,בייגלה שומשום 00,גרמים,400.00,100 גרם,false,,13.90,0.0348,true,1,101515
7290000461793,false,מקלות מלוחים קטן,בייגל בייגל,,מקלות מלוחים קטן,גרמים,150.00,100 גרם,false,,6.90,0.0460,false,1,101517
7290000462103,false,סחוג זהבי,אחלה,,סחוג זהבי,גרמים,150.00,100 גרם,false,,8.90,0.0593,true,1,95514
7290000462141,false,סחוג חריף מאוד זהבי,אחלה,,סחוג חריף מאוד זהבי,גרמים,150.00,100 גרם,false,,8.90,0.0593,true,1,120035
7290000462172,false,סחוג,אחלה,,סחוג,גרמים,150.00,100 גרם,false,,8.90,0.0593,true,1,95515
7290000462981,false,זחוק חריף אש 150 גר',,,זחוק חריף אש 150 גר',גרמים,150.00,100 גרם,false,,8.90,0.0593,true,1,212842
7290000467153,false,חומוס סמיר הגדול,צבר,,חומוס סמיר הגדול,גרמים,400.00,100 גרם,false,,13.90,0.0348,true,1,147244
7290000467320,false,חומוס אבו מרוואן 400,,,חומוס אבו מרוואן 400,גרמים,400.00,100 גרם,false,,13.90,0.0348,true,1,147245
7290000469522,false,סחבה לריצפה אוני,,,סחבה לריצפה אוני,יחידה,0.00,יחידה,false,,8.50,0.0000,true,1,109693
7290000474090,false,חלב טרה הומוגני דל ש,טרה,,חלב טרה הומוגני דל ש,ליטרים,1.00,ליטר,false,,5.86,5.8600,false,1,93117
7290000474373,false,שמנת חמוצה 15%,,,שמנת חמוצה 15%,גרמים,200.00,100 גרם,false,,2.40,0.0120,false,1,134698
7290000474502,false,גבינה לבנה 250 גר' ט,טרה,,גבינה לבנה 250 גר' ט,גרמים,250.00,100 גרם,false,,4.98,0.0199,false,1,93127
7290000474540,false,גבינה טוב טעם 3% טרה,טרה,,גבינה טוב טעם 3% טרה,גרמים,250.00,100 גרם,false,,11.50,0.0460,false,1,93129
7290000474830,false,גבינה מגורדת חצי קשה,טרה,,גבינה מגורדת חצי קשה,גרמים,500.00,100 גרם,false,,34.50,0.0690,true,1,189033
7290000480107,false,קוואקר שיבולת שועל פ,קוואקר,,קוואקר שיבולת שועל פ,גרמים,500.00,100 גרם,false,,11.90,0.0238,false,1,106894
7290000480442,false,שיבולת שועל קוואקר ב,קוואקר,,שיבולת שועל קוואקר ב,גרמים,500.00,100 גרם,false,,12.90,0.0258,false,1,106903
7290000481029,false,פיתות רגילות עשירייה,דגנית עין בר,,פיתות רגילות עשירייה,קילוגרמים,1.00,"ק""ג",false,,12.90,12.9000,true,1,211504
7290000481074,false,לחם משלושה קמחים מלא,דגנית עין בר,,לחם משלושה קמחים מלא,גרמים,750.00,100 גרם,false,,15.90,0.0212,true,1,263184
7290000481517,false,זוג פוקצ'ה,דגנית עין בר,,זוג פוקצ'ה,גרמים,340.00,100 גרם,false,,11.90,0.0350,true,1,264627
7290000481531,false,מארז 10 לחמניות אצבע,דגנית עין בר,,מארז 10 לחמניות אצבע,גרמים,750.00,100 גרם,false,,12.50,0.0167,false,1,150295
7290000481647,false,חלה צמה מתוקה,דגנית עין בר,,חלה צמה מתוקה,גרמים,500.00,100 גרם,false,,12.90,0.0258,true,1,105291
7290000481883,false,מארז לחמניות אצבע עש,דגנית עין בר,,מארז לחמניות אצבע עש,גרמים,750.00,100 גרם,false,,11.00,0.0147,false,1,149416
7290000482019,false,שקיות קוקי- 10 יח',,,שקיות קוקי- 10 יח',יחידה,0.00,יחידה,false,,9.90,0.0000,true,1,96270
7290000482033,false,שקיות קוקי ענק- 5 יח,,,שקיות קוקי ענק- 5 יח,יחידה,0.00,יחידה,false,,9.90,0.0000,true,1,96272
7290000482071,false,שקיות קוקי,,,שקיות קוקי,יחידה,0.00,יחידה,false,,19.90,0.0000,true,1,96273
7290000483139,false,מרציפן גולמי חלה,,,מרציפן גולמי חלה,גרמים,100.00,100 גרם,false,,8.90,0.0890,true,1,111191
7290000484747,false,עלית הארק,,,עלית הארק,מיליליטרים,700.00,"100 מ""ל",false,,55.90,0.0799,false,1,193949
7290000490601,false,מאגדת גלידל דיאט שלג,גלידות פלדמן,,מאגדת גלידל דיאט שלג,גרמים,400.00,100 גרם,false,,29.90,0.0747,true,1,109883
7290000490762,false,מאגדת גלידל שלגוני ש,,,מאגדת גלידל שלגוני ש,גרמים,400.00,100 גרם,false,,29.90,0.0747,true,1,109885
7290000493176,false,רוטב צלי באבקה,אסם,,רוטב צלי באבקה,גרמים,22.00,100 גרם,false,,4.40,0.2000,true,1,94071
7290000493183,false,רוטב פטריות באבקה,אסם,,רוטב פטריות באבקה,גרמים,30.00,100 גרם,false,,4.40,0.1467,true,1,94072
7290000497426,false,ברמן קל לעניין,ברמן,,ברמן קל לעניין,גרמים,750.00,100 גרם,false,,14.90,0.0199,true,1,100030
7290000504025,false,פטריה 300טבל',סוכרזית,,פטריה 300טבל',גרמים,246.00,100 גרם,false,,8.50,0.0346,true,1,98828
7290000504049,false,סוכרזית קנקן,סוכרזית,,סוכרזית קנקן,גרמים,984.00,100 גרם,false,,24.50,0.0249,true,1,98830
7290000504209,false,דיאט טיפ ממתיק,סוכרזית,,דיאט טיפ ממתיק,יחידה,220.00,יחידה,false,,19.50,0.0886,true,1,98831
7290000504278,false,סוכרזית פטנט,סוכרזית,,סוכרזית פטנט,גרמים,574.00,100 גרם,false,,17.90,0.0312,true,1,98833
7290000518114,false,מתוק וקל אבקה,,,מתוק וקל אבקה,גרמים,200.00,100 גרם,false,,10.50,0.0525,true,1,104800
7290000518169,false,מתוק וקל 1000 יח,,,מתוק וקל 1000 יח,גרמים,820.00,100 גרם,false,,10.90,0.0133,true,1,104802
7290000518176,false,מתוק וקל 250,,,מתוק וקל 250,גרמים,250.00,100 גרם,false,,18.90,0.0756,true,1,104803
7290000518190,false,מתוק וקל סטיביה 100,,,מתוק וקל סטיביה 100,יחידה,0.00,יחידה,false,,26.90,0.0000,true,1,197687
7290000518220,false,סוכרה דיאט 100 שקיות,,,סוכרה דיאט 100 שקיות,יחידה,0.00,יחידה,false,,25.00,0.0000,true,1,197624
7290000518879,false,סוכרה דיאט 250 שקיות,,,סוכרה דיאט 250 שקיות,גרמים,200.00,100 גרם,false,,49.90,0.2495,true,1,147029
7290000521008,false,של סגל אדום יבש,של סגל,,של סגל אדום יבש,מיליליטרים,750.00,"100 מ""ל",false,,19.90,0.0265,false,1,110051
7290000521015,false,סגל לבן יבש,של סגל,,סגל לבן יבש,מיליליטרים,750.00,"100 מ""ל",false,,19.90,0.0265,false,1,110052
7290000521022,false,יין לבן חצי יבש,,,יין לבן חצי יבש,יחידה,750.00,יחידה,false,,19.90,0.0265,false,1,110053
7290000521404,false,מרום גליל סינגל קברנ,,,מרום גליל סינגל קברנ,מיליליטרים,750.00,"100 מ""ל",false,,24.90,0.0332,false,1,112203
7290000521411,false,מרום גליל סינגל מרלו,,,מרום גליל סינגל מרלו,מיליליטרים,750.00,"100 מ""ל",false,,24.90,0.0332,false,1,112206
7290000521428,false,יין מרום גליל שרדונה,יקבי ברקן,,יין מרום גליל שרדונה,מיליליטרים,750.00,"100 מ""ל",false,,24.90,0.0332,false,1,244782
7290000522111,false,חלב טרי אורגני 3% רמ,,,חלב טרי אורגני 3% רמ,ליטרים,1.00,ליטר,false,,12.90,12.9000,false,1,93136
7290000523125,false,מלח ים 200 גר',מלח הארץ,,מלח ים 200 גר',גרמים,250.00,100 גרם,false,,5.50,0.0220,true,1,103205
7290000523224,false,מלח ים 500 גר',מלח הארץ,,מלח ים 500 גר',גרמים,500.00,100 גרם,false,,7.90,0.0158,true,1,103206
7290000523514,false,מלח ים מופחת נתרן,מלח הארץ,,מלח ים מופחת נתרן,גרמים,250.00,100 גרם,false,,10.00,0.0400,true,1,103207
7290000523521,false,מלח מועשר ביוד,מלח הארץ,,מלח מועשר ביוד,גרמים,250.00,100 גרם,false,,5.90,0.0236,true,1,98482
7290000523804,false,מלח הארץ עדין 1קג,מלח הארץ,,מלח הארץ עדין 1קג,קילוגרמים,1.00,"ק""ג",false,,7.50,7.5000,true,1,120592
7290000523811,false,מלח הארץ גס 1קג,מלח הארץ,,מלח הארץ גס 1קג,קילוגרמים,1.00,"ק""ג",false,,7.50,7.5000,true,1,120593
7290000525969,false,פרימור סחוט תפוזים 1,פרימור,,פרימור סחוט תפוזים 1,ליטרים,1.00,ליטר,false,,15.90,15.9000,false,1,95516
7290000530024,false,תה זוגלובק,זוגלובק,,תה זוגלובק,קילוגרמים,1.00,"ק""ג",true,,49.90,49.9000,false,1,100703
7290000530031,false,סלמי פיין צר,זוגלובק,,סלמי פיין צר,קילוגרמים,1.00,"ק""ג",true,,52.90,52.9000,true,1,100724
7290000530048,false,סלמי פפרוני,זוגלובק,,סלמי פפרוני,קילוגרמים,1.00,"ק""ג",true,,46.90,46.9000,false,1,100704
7290000530062,false,מעושן איטלקי בלו,זוגלובק,,מעושן איטלקי בלו,קילוגרמים,1.00,"ק""ג",true,,72.90,72.9000,true,1,100705
7290000530086,false,סלמי מעוש 7000ן,זוגלובק,,סלמי מעוש 7000ן,גרמים,610.00,100 גרם,false,,31.90,0.0523,true,1,100725
7290000530109,false,זוג קבנוס בואקום,זוגלובק,,זוג קבנוס בואקום,גרמים,360.00,100 גרם,false,,28.90,0.0803,true,1,114073
7290000530116,false,נקניק בשן,זוגלובק,,נקניק בשן,גרמים,485.00,100 גרם,false,,25.90,0.0534,true,1,100726
7290000530178,false,נקניק קוניאק זוגלובק,זוגלובק,,נקניק קוניאק זוגלובק,קילוגרמים,1.00,"ק""ג",true,,79.90,79.9000,true,1,100707
7290000530192,false,סרבלד זוגלובק,זוגלובק,,סרבלד זוגלובק,קילוגרמים,1.00,"ק""ג",true,,119.90,119.9000,true,1,100708
7290000530260,false,מרטדלה רחב,זוגלובק,,מרטדלה רחב,קילוגרמים,1.00,"ק""ג",true,,35.90,35.9000,true,1,100709
7290000530291,false,נקניק מבשר הודו,זוגלובק,,נקניק מבשר הודו,גרמים,800.00,100 גרם,false,,17.90,0.0224,true,1,107806
7290000530369,false,גולן-חזה מעושן,זוגלובק,,גולן-חזה מעושן,קילוגרמים,1.00,"ק""ג",true,,79.90,79.9000,false,1,100710
7290000530413,false,המבורגר זהב,זוגלובק,,המבורגר זהב,גרמים,400.00,100 גרם,false,,19.90,0.0497,true,1,100729
7290000530444,false,כתף בקר זוגלובק,זוגלובק,,כתף בקר זוגלובק,קילוגרמים,1.00,"ק""ג",true,,109.90,109.9000,true,1,126951
7290000530598,false,נקנקיות,זוגלובק,,נקנקיות,גרמים,500.00,100 גרם,false,,17.00,0.0340,true,1,100733
7290000530703,false,חרמון כפרית 400+תה 4,זוגלובק,,חרמון כפרית 400+תה 4,גרמים,800.00,100 גרם,false,,26.90,0.0336,true,1,124487
7290000531410,false,פסטרממיה בדבש טה,זוגלובק,,פסטרממיה בדבש טה,קילוגרמים,1.00,"ק""ג",true,,79.90,79.9000,false,1,114945
7290000531601,false,סטייקבורגר זהב,זוגלובק,,סטייקבורגר זהב,גרמים,400.00,100 גרם,false,,19.90,0.0497,true,1,100747
7290000531977,false,בורקס גבינה 800 גר',זוגלובק,,בורקס גבינה 800 גר',גרמים,800.00,100 גרם,false,,16.90,0.0211,false,1,100750
7290000532400,false,פסטרמה בר בי קיו זו,זוגלובק,,פסטרמה בר בי קיו זו,קילוגרמים,1.00,"ק""ג",true,,79.90,79.9000,false,1,100713
7290000532721,false,טורו זוגלובק,זוגלובק,,טורו זוגלובק,קילוגרמים,1.00,"ק""ג",true,,109.90,109.9000,false,1,100715
7290000533353,false,בצק עלים זוגלובק,זוגלובק,,בצק עלים זוגלובק,קילוגרמים,1.00,"ק""ג",false,,19.90,19.9000,false,1,100763
7290000533636,false,פסטרממיה צלויה על לב,זוגלובק,,פסטרממיה צלויה על לב,קילוגרמים,1.00,"ק""ג",true,,79.90,79.9000,false,1,135728
7290000533681,false,פסטרממיה מעושנת,זוגלובק,,פסטרממיה מעושנת,קילוגרמים,1.00,"ק""ג",true,,79.90,79.9000,false,1,125414
7290000534718,false,תבור-חזה הודו דל שומ,זוגלובק,,תבור-חזה הודו דל שומ,קילוגרמים,1.00,"ק""ג",true,,79.90,79.9000,false,1,112869
7290000534800,false,פסטרמה הודו רומנ,זוגלובק,,פסטרמה הודו רומנ,קילוגרמים,1.00,"ק""ג",true,,79.90,79.9000,false,1,118674
7290000536316,false,שניצל טבע 1קג,זוגלובק,,שניצל טבע 1קג,יחידה,1.00,יחידה,false,,27.90,27.9000,true,1,107811
7290000536743,false,קריספי סטיקס תירס,זוגלובק,,קריספי סטיקס תירס,גרמים,500.00,100 גרם,false,,13.90,0.0278,true,1,149951
7290000537566,false,נקנקיות עוף טרי,זוגלובק,,נקנקיות עוף טרי,גרמים,400.00,100 גרם,false,,15.90,0.0398,true,1,100799
7290000538099,false,פסטרממיה כפרית,,,פסטרממיה כפרית,קילוגרמים,1.00,"ק""ג",true,,79.90,79.9000,false,1,118711
7290000538709,false,נקניק תה מעושן,זוגלובק,,נקניק תה מעושן,גרמים,200.00,100 גרם,false,,12.50,0.0625,true,1,100812
7290000551098,false,שריר הזרוע מוכשר מס',טיבון ויל,,שריר הזרוע מוכשר מס',קילוגרמים,1.00,"ק""ג",true,,33.90,33.9000,true,1,150935
7290000552194,false,קישקע 500 גר' טיבון,טיבון ויל,,קישקע 500 גר' טיבון,גרמים,500.00,100 גרם,false,,12.90,0.0258,true,1,109208
7290000552569,false,סטייקבורגר 400 גר',טיבון ויל,,סטייקבורגר 400 גר',גרמים,400.00,100 גרם,false,,18.90,0.0472,false,1,109209
7290000554006,false,גבינת קשקבל גד,מחלבות גד,,גבינת קשקבל גד,קילוגרמים,1.00,"ק""ג",true,,120.20,120.2000,true,1,99806
7290000554402,false,מלבי 5% גד,מחלבות גד,,מלבי 5% גד,גרמים,160.00,100 גרם,false,,5.40,0.0338,true,1,99810
7290000554457,false,צפתית גד 5%,מחלבות גד,,צפתית גד 5%,גרמים,350.00,100 גרם,false,,21.00,0.0600,true,1,99811
7290000554471,false,מוצרלה 22%,מחלבות גד,,מוצרלה 22%,גרמים,180.00,100 גרם,false,,16.80,0.0933,true,1,99812
7290000554532,false,צפתית מעודנת 5% 200ג,,,צפתית מעודנת 5% 200ג,גרמים,200.00,100 גרם,false,,14.20,0.0710,true,1,119403
7290000554600,false,מוצרלה מגורדת 22%,מחלבות גד,,מוצרלה מגורדת 22%,גרמים,300.00,100 גרם,false,,25.90,0.0863,true,1,99814
7290000554624,false,ירח מתוק 3% גד,מחלבות גד,,ירח מתוק 3% גד,גרמים,150.00,100 גרם,false,,5.40,0.0360,true,1,99815
7290000554686,false,לבנה 5% זעתר גד,מחלבות גד,,לבנה 5% זעתר גד,גרמים,250.00,100 גרם,false,,13.90,0.0556,true,1,99816
7290000554754,false,מוצרלה במים קטן,מחלבות גד,,מוצרלה במים קטן,קילוגרמים,1.00,"ק""ג",true,,89.70,89.7000,true,1,112189
7290000554792,false,בולגרית 5% גד מעודנת,מחלבות גד,,בולגרית 5% גד מעודנת,קילוגרמים,1.00,"ק""ג",true,,56.00,56.0000,false,1,112190
7290000554815,false,מוצרלה גד,מחלבות גד,,מוצרלה גד,קילוגרמים,1.00,"ק""ג",true,,79.80,79.8000,false,1,99807
7290000554822,false,ריקוטה אורדה 5% גד,מחלבות גד,,ריקוטה אורדה 5% גד,גרמים,250.00,100 גרם,false,,14.20,0.0568,true,1,99820
7290000554839,false,מסקרפונה 40% גד,מחלבות גד,,מסקרפונה 40% גד,גרמים,250.00,100 גרם,false,,21.30,0.0852,true,1,99821
7290000554891,false,בולגרית 16% גד,מחלבות גד,,בולגרית 16% גד,קילוגרמים,1.00,"ק""ג",true,,56.00,56.0000,false,1,115776
7290000554914,false,צפתית רכה גד,מחלבות גד,,צפתית רכה גד,קילוגרמים,1.00,"ק""ג",true,,59.80,59.8000,false,1,112191
7290000554921,false,ריקוטה גד 5%,מחלבות גד,,ריקוטה גד 5%,קילוגרמים,1.00,"ק""ג",true,,55.90,55.9000,false,1,112192
7290000554969,false,גבינת שמנת טבעית גד,מחלבות גד,,גבינת שמנת טבעית גד,קילוגרמים,1.00,"ק""ג",true,,44.00,44.0000,true,1,115740
7290000554976,false,גבינת שמנת זיתים גד,מחלבות גד,,גבינת שמנת זיתים גד,קילוגרמים,1.00,"ק""ג",true,,44.00,44.0000,true,1,113885
7290000554983,false,לבנה במשקל,מחלבות גד,,לבנה במשקל,קילוגרמים,1.00,"ק""ג",true,,37.40,37.4000,true,1,112271
7290000554990,false,מוצרלה גד במים,,,מוצרלה גד במים,קילוגרמים,1.00,"ק""ג",true,,89.70,89.7000,true,1,112194
7290000555501,false,פיקדון בק ריק,,,פיקדון בק ריק,יחידה,0.00,יחידה,false,,0.30,0.0000,false,1,92931
7290000555502,false,פיקדון שש בק,,,פיקדון שש בק,יחידה,0.00,יחידה,false,,1.80,0.0000,false,1,92942
7290000555503,false,פיקדון ארבע בק,פריגת,,פיקדון ארבע בק,יחידה,0.00,יחידה,false,,1.20,0.0000,false,1,93070
7290000555507,false,פיקדון שתיים עשרה בק,,,פיקדון שתיים עשרה בק,יחידה,0.00,יחידה,false,,3.60,0.0000,false,1,199105
7290000560533,false,אדג' ג'ל ירוק לעור ר,אדג' ג'ל,,אדג' ג'ל ירוק לעור ר,גרמים,200.00,100 גרם,false,,17.90,0.0895,false,1,107445
7290000560540,false,אדג' ג'ל כתום לעור ר,אדג' ג'ל,,אדג' ג'ל כתום לעור ר,גרמים,200.00,100 גרם,false,,17.90,0.0895,false,1,107446
7290000571119,false,גאודה טבעי בית יצחק,תנובה חלב,,גאודה טבעי בית יצחק,קילוגרמים,1.00,"ק""ג",true,,103.20,103.2000,false,1,112279
7290000571126,false,גבינת גאודה+כמון בית,תנובה חלב,,גבינת גאודה+כמון בית,קילוגרמים,1.00,"ק""ג",true,,103.20,103.2000,false,1,121979
7290000571188,false,גאודה תום עיזים בית,,,גאודה תום עיזים בית,קילוגרמים,1.00,"ק""ג",true,,153.40,153.4000,false,1,112891
7290000571232,false,גבינת גאודה 30% בית,תנובה חלב,,גבינת גאודה 30% בית,גרמים,150.00,100 גרם,false,,23.90,0.1593,true,1,120775
7290000571294,false,גאודה מעושנת בית יצח,תנובה חלב,,גאודה מעושנת בית יצח,קילוגרמים,1.00,"ק""ג",true,,103.10,103.1000,true,1,144149
7290000571300,false,גאודה פרוס מעושנת,תנובה חלב,,גאודה פרוס מעושנת,גרמים,150.00,100 גרם,false,,23.90,0.1593,true,1,137188
7290000571355,false,ריקוטה המחלבה,,,ריקוטה המחלבה,קילוגרמים,1.00,"ק""ג",true,,39.90,39.9000,false,1,210276
7290000571386,false,יוגורט מחלב כבשים 5%,תנובה חלב,,יוגורט מחלב כבשים 5%,גרמים,850.00,100 גרם,false,,26.50,0.0312,true,1,96951
7290000571478,false,גבינת תום עיזים 30%,תנובה חלב,,גבינת תום עיזים 30%,גרמים,150.00,100 גרם,false,,37.00,0.2467,true,1,123306
7290000572055,false,חלוה לייט 400 גרם,אחוה,,חלוה לייט 400 גרם,גרמים,400.00,100 גרם,false,,13.50,0.0338,true,1,111443
7290000572208,false,חלבה אחווה וניל 100,אחוה,,חלבה אחווה וניל 100,גרמים,100.00,100 גרם,false,,2.90,0.0290,false,1,111446
7290000572222,false,חלבה וניל בלוק אחווה,אחוה,,חלבה וניל בלוק אחווה,גרמים,500.00,100 גרם,false,,11.50,0.0230,true,1,111448
7290000572321,false,חלבה סנדויץ,אחוה,,חלבה סנדויץ,קילוגרמים,1.00,"ק""ג",true,,32.90,32.9000,true,1,111413
7290000572529,false,חלבה פיסטוק אחווה 40,אחוה,,חלבה פיסטוק אחווה 40,גרמים,400.00,100 גרם,false,,12.50,0.0313,true,1,111450
7290000572536,false,חלבה אחווה וניל 400,אחוה,,חלבה אחווה וניל 400,גרמים,400.00,100 גרם,false,,10.90,0.0273,true,1,111451
7290000572543,false,חלבה אחווה שוקו וניל,אחוה,,חלבה אחווה שוקו וניל,גרמים,400.00,100 גרם,false,,10.90,0.0273,true,1,111452
7290000572628,false,חלבה אחווה וניל ללא,אחוה,,חלבה אחווה וניל ללא,גרמים,275.00,100 גרם,false,,13.90,0.0505,true,1,111453
7290000572673,false,חלבה אורגנית אחווה מ,אחוה,,חלבה אורגנית אחווה מ,גרמים,300.00,100 גרם,false,,13.90,0.0463,true,1,111455
7290000574028,false,לחם שחור מועשר בחומצ,דגנית עין בר,,לחם שחור מועשר בחומצ,גרמים,750.00,100 גרם,false,,7.90,0.0105,false,1,209385
7290000574035,false,לחם שחור פרוס דגנית,דגנית עין בר,,לחם שחור פרוס דגנית,גרמים,750.00,100 גרם,false,,6.50,0.0087,false,1,105294
7290000574066,false,לחם מלא פלוס שיפון,דגנית עין בר,,לחם מלא פלוס שיפון,גרמים,750.00,100 גרם,false,,15.90,0.0212,true,1,148055
7290000574141,false,לחם חיטה מלא דגנית,דגנית עין בר,,לחם חיטה מלא דגנית,גרמים,750.00,100 גרם,false,,12.90,0.0172,false,1,105299
7290000574172,false,לחם קל מחיטה מלאה,דגנית עין בר,,לחם קל מחיטה מלאה,גרמים,750.00,100 גרם,false,,12.90,0.0172,false,1,120117
7290000574370,false,לחם שיפון אמיתי קל,דגנית עין בר,,לחם שיפון אמיתי קל,גרמים,750.00,100 גרם,false,,17.90,0.0239,true,1,135133
7290000574455,false,לחם חיטה מלא כוסמין,דגנית עין בר,,לחם חיטה מלא כוסמין,גרמים,750.00,100 גרם,false,,13.90,0.0185,true,1,186682
7290000574509,false,6 לחמניות חצויות,דגנית עין בר,,6 לחמניות חצויות,גרמים,450.00,100 גרם,false,,13.50,0.0300,true,1,105306
7290000599472,false,כריות יפניות 6 יח' צ,,,כריות יפניות 6 יח' צ,יחידה,0.00,יחידה,false,,7.50,0.0000,true,1,264376
7290000604343,false,תמרים 400גר',,,תמרים 400גר',גרמים,400.00,100 גרם,false,,9.90,0.0248,true,1,112261
7290000630526,false,עוף טרי מפורק,תנובה בשר,,עוף טרי מפורק,קילוגרמים,1.00,"ק""ג",true,,19.90,19.9000,false,1,97587
7290000631059,false,כבד לצליה בלבד תפזור,,,כבד לצליה בלבד תפזור,קילוגרמים,1.00,"ק""ג",true,,16.90,16.9000,false,1,97589
7290000631141,false,קורקבן עוף טרי,,,קורקבן עוף טרי,קילוגרמים,1.00,"ק""ג",true,,9.90,9.9000,false,1,109656
7290000631257,false,לב לצליה בלבד,,,לב לצליה בלבד,קילוגרמים,1.00,"ק""ג",true,,25.90,25.9000,false,1,97590
7290000631356,false,טחול טרי,,,טחול טרי,קילוגרמים,1.00,"ק""ג",true,,69.90,69.9000,false,1,97591
7290000632278,false,שניצל עוף טרי,,,שניצל עוף טרי,קילוגרמים,1.00,"ק""ג",true,,39.90,39.9000,false,1,97592
7290000632452,false,כרעיים עוף טרי תפזור,,,כרעיים עוף טרי תפזור,קילוגרמים,1.00,"ק""ג",true,,26.90,26.9000,false,1,97594
7290000632629,false,שווארמה פרגיות,,,שווארמה פרגיות,קילוגרמים,1.00,"ק""ג",true,,64.90,64.9000,false,1,109657
7290000633855,false,כנפיים עוף טרי (ללא,,,כנפיים עוף טרי (ללא,קילוגרמים,1.00,"ק""ג",true,,9.90,9.9000,false,1,97597
7290000640150,false,הודו שלם,,,הודו שלם,קילוגרמים,1.00,"ק""ג",true,,29.90,29.9000,false,1,97600
7290000640945,false,פילה עוף טרי,,,פילה עוף טרי,קילוגרמים,1.00,"ק""ג",true,,31.90,31.9000,false,1,185841
7290000641751,false,חזה הודו טרי,,,חזה הודו טרי,קילוגרמים,1.00,"ק""ג",true,,32.90,32.9000,false,1,97605
7290000642840,false,שוק הודו טרי,,,שוק הודו טרי,קילוגרמים,1.00,"ק""ג",true,,29.90,29.9000,false,1,97607
7290000643243,false,טרי הודו שווארמה נקב,תנובה בשר,,טרי הודו שווארמה נקב,קילוגרמים,1.00,"ק""ג",true,,74.90,74.9000,false,1,97608
7290000643359,false,טרי שוק הודו מפורק ל,,,טרי שוק הודו מפורק ל,קילוגרמים,1.00,"ק""ג",true,,57.90,57.9000,false,1,97609
7290000643946,false,כנף הודו טרי,,,כנף הודו טרי,קילוגרמים,1.00,"ק""ג",true,,13.90,13.9000,false,1,109660
7290000644356,false,גרון הודו טרי,,,גרון הודו טרי,קילוגרמים,1.00,"ק""ג",true,,31.90,31.9000,false,1,97611
7290000644783,false,פילה סלמון מנות בואק,דגי תנובה,,פילה סלמון מנות בואק,קילוגרמים,1.00,"ק""ג",true,,84.90,84.9000,true,1,125550
7290000652177,false,נתחי פילה נסיכת הניל,דגי תנובה,,נתחי פילה נסיכת הניל,קילוגרמים,1.00,"ק""ג",true,,59.90,59.9000,true,1,213311
7290000652894,false,סטייק דג טונה 100% ת,דגי תנובה,,סטייק דג טונה 100% ת,קילוגרמים,1.00,"ק""ג",true,,39.90,39.9000,true,1,214661
7290000654546,false,פילה אמנון 7-9 תנובה,,,פילה אמנון 7-9 תנובה,קילוגרמים,1.00,"ק""ג",true,,32.90,32.9000,true,1,214376
7290000656861,false,צלי כתף מוכשר,טיבון ויל,,צלי כתף מוכשר,קילוגרמים,1.00,"ק""ג",true,,74.90,74.9000,false,1,169863
7290000656885,false,פילה מדומה מס' 6,,,פילה מדומה מס' 6,קילוגרמים,1.00,"ק""ג",true,,42.90,42.9000,false,1,200177
7290000659312,false,פילה סלמון קפוא,דגי תנובה,,פילה סלמון קפוא,קילוגרמים,1.00,"ק""ג",true,,72.90,72.9000,true,1,97615
7290000662817,false,סלמון מעושן 100 גר',דגי תנובה,,סלמון מעושן 100 גר',גרמים,100.00,100 גרם,false,,21.00,0.2100,true,1,217140
7290000663036,false,פילה אמנון קפוא ללא,דגי תנובה,,פילה אמנון קפוא ללא,קילוגרמים,1.00,"ק""ג",true,,32.90,32.9000,true,1,217169
7290000668888,false,אנטריקוט מבכירה פרימ,,,אנטריקוט מבכירה פרימ,קילוגרמים,1.00,"ק""ג",true,,179.00,179.0000,false,1,213700
7290000679440,false,משחה לתינוק קמיל בלו,קמיל בלו,,משחה לתינוק קמיל בלו,גרמים,100.00,100 גרם,false,,15.90,0.1590,true,1,100140
7290000679563,false,פדיסול דאודורנט ספרי,,,פדיסול דאודורנט ספרי,מיליליטרים,200.00,"100 מ""ל",false,,28.90,0.1445,true,1,208156
7290000679570,false,פדיסול אבקה אנטיפרספ,"ד""ר פישר",,פדיסול אבקה אנטיפרספ,מיליליטרים,200.00,"100 מ""ל",false,,28.90,0.1445,true,1,208157
7290000688084,false,מי עדן ספורט 5 0.,מי עדן,,מי עדן ספורט 5 0.,יחידה,500.00,יחידה,false,,2.70,0.0054,false,1,103455
7290000688176,false,מי עדן 250,מי עדן,,מי עדן 250,מיליליטרים,250.00,"100 מ""ל",false,,2.50,0.0100,true,1,103457
7290000688374,false,מי עדן בייבי שישייה,מי עדן,,מי עדן בייבי שישייה,ליטרים,1.98,ליטר,false,,13.90,7.0202,false,1,103458
7290000688381,false,מי עדן שישייה 0.5 ל',מי עדן,,מי עדן שישייה 0.5 ל',ליטרים,3.00,ליטר,false,,12.90,4.3000,false,1,103459
7290000688466,false,מי עדן ג'ים 750,מי עדן,,מי עדן ג'ים 750,יחידה,750.00,יחידה,false,,3.10,0.0041,true,1,103460
7290000688503,false,מי עדן ספורט שישייה,מי עדן,,מי עדן ספורט שישייה,ליטרים,4.50,ליטר,false,,14.90,3.3111,true,1,103463
7290000692135,false,ספיד סטיק לגבר,ספיד סטיק,,ספיד סטיק לגבר,גרמים,60.00,100 גרם,false,,19.90,0.3317,true,1,96276
7290000692203,false,אג'קס ירוק 2 ליטר,אג'קס,,אג'קס ירוק 2 ליטר,ליטרים,2.00,ליטר,false,,22.90,11.4500,false,1,96278
7290000692210,false,אג'קס סגול 2 ליטר,אג'קס,,אג'קס סגול 2 ליטר,ליטרים,2.00,ליטר,false,,22.90,11.4500,false,1,96279
7290000692227,false,פלמוליב לכלים 1ליטר,פלמוליב,,פלמוליב לכלים 1ליטר,ליטרים,1.00,ליטר,false,,13.90,13.9000,false,1,96280
7290000692456,false,אג'קס לחלונות זוג,אג'קס,,אג'קס לחלונות זוג,ליטרים,1.50,ליטר,false,,24.90,16.6000,true,1,96284
7290000780016,false,בדי צח L,,,בדי צח L,יחידה,0.00,יחידה,false,,8.90,0.0000,true,1,219100
7290000803067,false,אלמקס משחת שיניים לי,אלמקס,,אלמקס משחת שיניים לי,גרמים,75.00,100 גרם,false,,15.90,0.2120,true,1,107467
7290000803180,false,מרידול שטיפת פה 400מ,מרידול,,מרידול שטיפת פה 400מ,מיליליטרים,400.00,"100 מ""ל",false,,29.90,0.0747,true,1,107468
7290000805368,false,"בונזו גורים 3 ק""ג",בונזו,,"בונזו גורים 3 ק""ג",קילוגרמים,3.00,"ק""ג",false,,47.90,15.9667,false,1,106907
7290000805597,false,בונזו סניור,בונזו,,בונזו סניור,קילוגרמים,3.00,"ק""ג",false,,47.90,15.9667,false,1,106908
7290000805795,false,חול חתולים,,,חול חתולים,קילוגרמים,10.00,"ק""ג",false,,34.90,3.4900,true,1,106910
7290000805900,false,"לה קט עוף 2.85 ק""ג",לה -קט,,"לה קט עוף 2.85 ק""ג",קילוגרמים,2.85,"ק""ג",false,,59.90,21.0175,false,1,106917
7290000805917,false,"לה קט כבד 2.85 ק""ג",לה -קט,,"לה קט כבד 2.85 ק""ג",קילוגרמים,2.85,"ק""ג",false,,59.90,21.0175,true,1,106918
7290000805924,false,"לה קט דגים 2.85 ק""ג",לה -קט,,"לה קט דגים 2.85 ק""ג",קילוגרמים,2.85,"ק""ג",false,,59.90,21.0175,false,1,106919
7290000830001,false,אגוזי ברזיל,,,אגוזי ברזיל,קילוגרמים,1.00,"ק""ג",true,,69.00,69.0000,true,1,100539
7290000841557,false,סטרילי טבע-תרכיז לני,,,סטרילי טבע-תרכיז לני,מיליליטרים,500.00,"100 מ""ל",false,,13.50,0.0270,true,1,142508
7290000907970,false,פסטרמה כפרית טירת צב,טירת צבי,,פסטרמה כפרית טירת צב,קילוגרמים,1.00,"ק""ג",true,,53.90,53.9000,false,1,133081
7290001045169,false,פרימור מיץ תפוחים צל,פרימור,,פרימור מיץ תפוחים צל,ליטרים,1.00,ליטר,false,,15.90,15.9000,true,1,95519
7290001045657,false,"פרימור תפוחים 400 מ""",פרימור,,"פרימור תפוחים 400 מ""",יחידה,400.00,יחידה,false,,8.70,0.0218,true,1,149039
7290001045688,false,פרימור תפוזים סחוט 4,פרימור,,פרימור תפוזים סחוט 4,מיליליטרים,400.00,"100 מ""ל",false,,8.70,0.0218,true,1,174020
7290001116005,false,חלה קלועה אנג'ל מאפי,אנג'ל,,חלה קלועה אנג'ל מאפי,גרמים,500.00,100 גרם,false,,8.80,0.0176,true,1,96759
7290001121023,false,פסטרמה של פעם יחיעם,יחיעם,,פסטרמה של פעם יחיעם,קילוגרמים,1.00,"ק""ג",true,,79.90,79.9000,false,1,99975
7290001121054,false,זוג פסטרמה יחיעם,יחיעם,,זוג פסטרמה יחיעם,גרמים,700.00,100 גרם,false,,24.90,0.0356,true,1,100021
7290001121092,false,פסטרמה עוף בגריל,יחיעם,,פסטרמה עוף בגריל,קילוגרמים,1.00,"ק""ג",true,,79.90,79.9000,false,1,99976
7290001121146,false,פסטרמה טבעית יחיעם,יחיעם,,פסטרמה טבעית יחיעם,קילוגרמים,1.00,"ק""ג",true,,79.90,79.9000,false,1,99977
7290001121177,false,פסטרמה פרגיות על האש,יחיעם,,פסטרמה פרגיות על האש,קילוגרמים,1.00,"ק""ג",true,,79.90,79.9000,false,1,99978
7290001121238,false,קורנד ביף 180 גר',יחיעם,,קורנד ביף 180 גר',גרמים,180.00,100 גרם,false,,25.90,0.1439,true,1,123244
7290001121672,false,פסטרמה מעודנת בפפריק,יחיעם,,פסטרמה מעודנת בפפריק,גרמים,300.00,100 גרם,false,,22.90,0.0763,true,1,138213
7290001121849,false,פסטרמה 100% חומרים ט,יחיעם,,פסטרמה 100% חומרים ט,גרמים,250.00,100 גרם,false,,25.90,0.1036,true,1,141704
7290001121863,false,סלמי איטלקי פיקנטי,יחיעם,,סלמי איטלקי פיקנטי,קילוגרמים,1.00,"ק""ג",true,,79.90,79.9000,false,1,130271
7290001121931,false,קבנוס מקסיקני דק דק,יחיעם,,קבנוס מקסיקני דק דק,גרמים,125.00,100 גרם,false,,13.90,0.1112,true,1,138161
7290001123775,false,שווארמה אמיתית פרגי,טיבון ויל,,שווארמה אמיתית פרגי,גרמים,500.00,100 גרם,false,,21.90,0.0438,true,1,109240
7290001123782,false,שווארמה הודו,טיבון ויל,,שווארמה הודו,גרמים,500.00,100 גרם,false,,21.90,0.0438,true,1,109241
7290001124536,false,מגיק איטריות,מג'יק,,מגיק איטריות,גרמים,70.00,100 גרם,false,,5.00,0.0714,false,1,109242
7290001124611,false,שומן כבש 200 גר,טיבון ויל,,שומן כבש 200 גר,גרמים,200.00,100 גרם,false,,21.90,0.1095,true,1,109243
7290001133088,false,פילה אמנון 9-11,,,פילה אמנון 9-11,קילוגרמים,1.00,"ק""ג",true,,27.90,27.9000,false,1,207018
7290001133484,false,פילה סלמון נורבגי,,,פילה סלמון נורבגי,קילוגרמים,1.00,"ק""ג",true,,79.90,79.9000,true,1,208607
7290001136287,false,נקה 7-שמפו רגיל ירו,נקה 7,,נקה 7-שמפו רגיל ירו,מיליליטרים,750.00,"100 מ""ל",false,,11.90,0.0159,true,1,107845
7290001136294,false,נקה 7-שמפו יבש אדו,נקה 7,,נקה 7-שמפו יבש אדו,מיליליטרים,750.00,"100 מ""ל",false,,11.90,0.0159,true,1,107846
7290001136300,false,נקה 7-שמפו סירוק קל,נקה 7,,נקה 7-שמפו סירוק קל,מיליליטרים,750.00,"100 מ""ל",false,,11.90,0.0159,true,1,107847
7290001136362,false,נקה תחליב רחצה ירוק,נקה 7,,נקה תחליב רחצה ירוק,ליטרים,1.00,ליטר,false,,13.90,13.9000,true,1,107852
7290001136683,false,נקה 7-מייצב רגיל ירו,נקה 7,,נקה 7-מייצב רגיל ירו,מיליליטרים,750.00,"100 מ""ל",false,,11.90,0.0159,true,1,107855
7290001136799,false,נקה תחליב רחצה ורוד,נקה 7,,נקה תחליב רחצה ורוד,ליטרים,1.00,ליטר,false,,13.90,13.9000,true,1,107858
7290001136973,false,נקה תחליב רחצה לבן ק,נקה 7,,נקה תחליב רחצה לבן ק,ליטרים,1.00,ליטר,false,,13.90,13.9000,true,1,107863
7290001164402,false,תערובת ג'עלה,אפקט טבעי,,תערובת ג'עלה,גרמים,200.00,100 גרם,false,,12.90,0.0645,true,1,110831
7290001193792,false,שמן זית למאור שלהבת,,,שמן זית למאור שלהבת,יחידה,0.00,יחידה,false,,22.90,0.0000,true,1,215054
7290001216040,false,טחינה אל ארז 0.5קג,אל ארז,,טחינה אל ארז 0.5קג,יחידה,1.00,יחידה,false,,15.00,15.0000,true,1,115013
7290001216057,false,טחינה אל ארז 1קג,אל ארז,,טחינה אל ארז 1קג,גרמים,500.00,100 גרם,false,,27.90,0.0558,true,1,115014
7290001216101,false,טחינה מלאה 1 קג אל א,,,טחינה מלאה 1 קג אל א,גרמים,1000.00,100 גרם,false,,29.90,0.0299,true,1,214955
7290001216231,false,טחינה מלאה אל ארז,אל ארז,,טחינה מלאה אל ארז,גרמים,500.00,100 גרם,false,,15.90,0.0318,true,1,118778
7290001230331,false,כאמל בוקס,,,כאמל בוקס,יחידה,0.00,יחידה,false,,30.00,0.0000,false,1,95427
7290001230739,false,כאמל כחול,,,כאמל כחול,יחידה,0.00,יחידה,false,,30.00,0.0000,false,1,95428
7290001231932,false,וינסטון כחול בוקס,,,וינסטון כחול בוקס,יחידה,0.00,יחידה,false,,32.00,0.0000,false,1,110987
7290001235938,false,וינסטון כחול ארוך,,,וינסטון כחול ארוך,יחידה,0.00,יחידה,false,,32.00,0.0000,false,1,115933
7290001247068,false,ספרינג קרטונית תות ב,ספרינג,,ספרינג קרטונית תות ב,ליטרים,1.00,ליטר,false,,6.90,6.9000,false,1,103472
7290001247082,false,ספרינג קרטונית עגבני,ספרינג,,ספרינג קרטונית עגבני,ליטרים,1.00,ליטר,false,,6.90,6.9000,false,1,103474
7290001247099,false,ספרינג קרטונית מנגו,ספרינג,,ספרינג קרטונית מנגו,ליטרים,1.00,ליטר,false,,6.90,6.9000,false,1,103475
7290001247105,false,ספרינג קרטונית אפרסק,ספרינג,,ספרינג קרטונית אפרסק,ליטרים,1.00,ליטר,false,,6.90,6.9000,false,1,103476
7290001247112,false,ספרינג קרטונית לימונ,ספרינג,,ספרינג קרטונית לימונ,ליטרים,1.00,ליטר,false,,6.90,6.9000,false,1,103477
7290001247129,false,ספרינג קרטונית תפוזי,ספרינג,,ספרינג קרטונית תפוזי,ליטרים,1.00,ליטר,false,,6.90,6.9000,false,1,103478
7290001247143,false,ספרינג קרטונית תפוחי,ספרינג,,ספרינג קרטונית תפוחי,ליטרים,1.00,ליטר,false,,6.90,6.9000,false,1,103480
7290001258101,false,גאודה טבעית יעקבס,משק יעקבס,,גאודה טבעית יעקבס,קילוגרמים,1.00,"ק""ג",true,,95.00,95.0000,true,1,112770
7290001258163,false,גבינת סנט מור,משק יעקבס,,גבינת סנט מור,קילוגרמים,1.00,"ק""ג",true,,145.00,145.0000,true,1,100961
7290001258217,false,לאבנה עיזים יעקבס,,,לאבנה עיזים יעקבס,קילוגרמים,1.00,"ק""ג",true,,59.90,59.9000,true,1,214029
7290001258415,false,גבינת רוקפור 32%,משק יעקבס,,גבינת רוקפור 32%,גרמים,180.00,גרם,false,,26.90,0.1494,true,1,115767
7290001258446,false,יוגורט כבשים 5%,משק יעקבס,,יוגורט כבשים 5%,מיליליטרים,850.00,"100 מ""ל",false,,18.90,0.0222,true,1,122964
7290001258552,false,גבינת לבנה בקר 250 ג,משק יעקבס,,גבינת לבנה בקר 250 ג,גרמים,250.00,100 גרם,false,,11.50,0.0460,true,1,207229
7290001258576,false,גבינת גאודה 28%,משק יעקבס,,גבינת גאודה 28%,גרמים,180.00,גרם,false,,23.90,0.1328,true,1,115766
7290001258620,false,גבינת מנצ'גו,משק יעקבס,,גבינת מנצ'גו,יחידה,0.00,יחידה,false,,22.90,0.0000,true,1,202170
7290001258668,false,גבינת עז מה 5% 250 מ,משק יעקבס,,גבינת עז מה 5% 250 מ,מיליליטרים,250.00,"100 מ""ל",false,,16.90,0.0676,true,1,122063
7290001258682,false,יוגורט עיזים 3% 500,משק יעקבס,,יוגורט עיזים 3% 500,מיליליטרים,500.00,"100 מ""ל",false,,13.90,0.0278,true,1,118897
7290001258729,false,"לבנה עיזים 250 מ""ל",משק יעקבס,,"לבנה עיזים 250 מ""ל",גרמים,250.00,100 גרם,false,,16.90,0.0676,true,1,121711
7290001258774,false,גבינת מוצרלה 140 גר',משק יעקבס,,גבינת מוצרלה 140 גר',גרמים,140.00,100 גרם,false,,11.50,0.0821,true,1,207260
7290001258798,false,גבינת פטה כבשים 250,משק יעקבס,,גבינת פטה כבשים 250,גרמים,250.00,100 גרם,false,,29.90,0.1196,true,1,136466
7290001258804,false,גבינת קשקבל 180 גר',משק יעקבס,,גבינת קשקבל 180 גר',גרמים,180.00,100 גרם,false,,26.90,0.1494,true,1,136467
7290001258811,false,כדורי מוצרלה בייבי י,משק יעקבס,,כדורי מוצרלה בייבי י,קילוגרמים,1.00,"ק""ג",true,,84.90,84.9000,true,1,150613
7290001258958,false,מוצרלה מגורדת 200 גר,משק יעקבס,,מוצרלה מגורדת 200 גר,גרמים,200.00,100 גרם,false,,21.90,0.1095,true,1,147053
7290001258972,false,גבינת חלומי 200 גר',משק יעקבס,,גבינת חלומי 200 גר',גרמים,200.00,100 גרם,false,,21.90,0.1095,true,1,147054
7290001258989,false,קממברט בקר בייבי,משק יעקבס,,קממברט בקר בייבי,קילוגרמים,1.00,"ק""ג",true,,110.00,110.0000,true,1,202057
7290001258996,false,גבינת שמנת שום שמיר,משק יעקבס,,גבינת שמנת שום שמיר,קילוגרמים,1.00,"ק""ג",true,,39.90,39.9000,true,1,214032
7290001265642,false,לה קט שלישיה,לה -קט,,לה קט שלישיה,קילוגרמים,1.20,"ק""ג",false,,19.90,16.5833,true,1,106937
7290001274934,false,מאגדת גלידל דיאט קרח,גלידות פלדמן,,מאגדת גלידל דיאט קרח,גרמים,640.00,100 גרם,false,,24.90,0.0389,true,1,109890
7290001274941,false,מאגדת גלידל דיאט קרח,גלידות פלדמן,,מאגדת גלידל דיאט קרח,גרמים,640.00,100 גרם,false,,24.90,0.0389,true,1,109891
7290001291719,false,נקניק סרוולד אייזן,,,נקניק סרוולד אייזן,קילוגרמים,1.00,"ק""ג",true,,100.00,100.0000,true,1,201161
7290001305058,false,פלמוליב סבון נוזלי ל,פלמוליב,,פלמוליב סבון נוזלי ל,מיליליטרים,500.00,"100 מ""ל",false,,14.90,0.0298,false,1,96294
7290001305188,false,פלמוליב לכלים שקוף ל,פלמוליב,,פלמוליב לכלים שקוף ל,מיליליטרים,750.00,"100 מ""ל",false,,9.90,0.0132,false,1,96298
7290001322314,false,תחתיות ארטישוק 400 ג,,,תחתיות ארטישוק 400 ג,גרמים,400.00,100 גרם,false,,8.90,0.0223,true,1,151130
7290001327180,false,גלידה קרמיסימו וניל,קרמיסימו- שטראוס,,גלידה קרמיסימו וניל,ליטרים,1.33,ליטר,false,,24.90,18.7218,false,1,95957
7290001327791,false,קרמיסימו וניל עוגיות,קרמיסימו- שטראוס,,קרמיסימו וניל עוגיות,ליטרים,1.33,ליטר,false,,24.90,18.7218,false,1,95962
7290001338155,false,50- 60 סקינגארד-ק.,סקינגארד,,50- 60 סקינגארד-ק.,מיליליטרים,60.00,"100 מ""ל",false,,39.90,0.6650,true,1,119637
7290001343845,false,גרנולה תפוחי עץ קינמ,מפעלי דגן,,גרנולה תפוחי עץ קינמ,קילוגרמים,1.00,"ק""ג",false,,26.90,26.9000,true,1,110838
7290001361009,false,עוגת טורט קייבסק,,,עוגת טורט קייבסק,גרמים,700.00,100 גרם,false,,76.90,0.1099,true,1,100854
7290001361016,false,עוגת דבש גינג'ית,,,עוגת דבש גינג'ית,גרמים,600.00,100 גרם,false,,41.90,0.0698,true,1,100855
7290001361023,false,עוגה מולטית,,,עוגה מולטית,גרמים,650.00,100 גרם,false,,41.90,0.0645,true,1,100856
7290001361054,false,פחזניות,,,פחזניות,גרמים,600.00,100 גרם,false,,42.90,0.0715,true,1,100858
7290001361061,false,פחזניות שוקולד,,,פחזניות שוקולד,יחידה,0.00,יחידה,false,,42.90,0.0000,true,1,136757
7290001361085,false,עוגת נפוליאון,,,עוגת נפוליאון,גרמים,600.00,100 גרם,false,,41.90,0.0698,true,1,100860
7290001361092,false,עוגת פיצוץ,,,עוגת פיצוץ,גרמים,500.00,100 גרם,false,,41.90,0.0838,true,1,100861
7290001361153,false,עוגת פיצוץ נטלי,,,עוגת פיצוץ נטלי,יחידה,1.10,יחידה,false,,99.90,90.8182,true,1,100867
7290001361160,false,עוגת מיסטיקה נטלי,,,עוגת מיסטיקה נטלי,גרמים,600.00,100 גרם,false,,74.90,0.1248,true,1,161114
7290001361177,false,עוגת דובדבן,,,עוגת דובדבן,גרמים,650.00,100 גרם,false,,48.90,0.0752,true,1,100868
7290001361207,false,עוגת אוכמניות,,,עוגת אוכמניות,גרמים,650.00,100 גרם,false,,48.90,0.0752,true,1,100870
7290001361269,false,עוגת טורט קייב,,,עוגת טורט קייב,גרמים,400.00,100 גרם,false,,41.90,0.1047,true,1,213492
7290001361276,false,כדורי שוקולד,,,כדורי שוקולד,יחידה,0.00,יחידה,false,,28.90,0.0000,true,1,188128
7290001361290,false,עוגת מוצרט נטלי,,,עוגת מוצרט נטלי,יחידה,1.00,יחידה,false,,98.90,98.9000,true,1,100875
7290001361344,false,פס עוגת מוזה,,,פס עוגת מוזה,גרמים,400.00,100 גרם,false,,46.90,0.1172,true,1,201696
7290001361436,false,עוגת עטרת נטלי,,,עוגת עטרת נטלי,גרמים,550.00,100 גרם,false,,41.90,0.0762,true,1,215529
7290001361580,false,פס היער השחור נטלי 5,,,פס היער השחור נטלי 5,גרמים,550.00,100 גרם,false,,41.90,0.0762,true,1,215527
7290001361733,false,פס אלפחורס נטלי 550,,,פס אלפחורס נטלי 550,גרמים,550.00,100 גרם,false,,41.90,0.0762,true,1,215528
7290001361894,false,פס טראפלס שוקולד,,,פס טראפלס שוקולד,יחידה,0.00,יחידה,false,,34.90,0.0000,true,1,189552
7290001361924,false,עוגת פס גבינה נטלי,,,עוגת פס גבינה נטלי,גרמים,500.00,100 גרם,false,,34.90,0.0698,true,1,142000
7290001361931,false,פחזניות במילוי גבינה,,,פחזניות במילוי גבינה,גרמים,450.00,100 גרם,false,,36.90,0.0820,true,1,123819
7290001361979,false,פס גבינה ללא תוספת ס,,,פס גבינה ללא תוספת ס,גרמים,500.00,100 גרם,false,,34.90,0.0698,true,1,141833
7290001385166,false,מארז סטייק שייטל עגל,,,מארז סטייק שייטל עגל,קילוגרמים,1.00,"ק""ג",true,,150.00,150.0000,true,1,219233
7290001407547,false,טחינה 100% שומשום,בארכה,,טחינה 100% שומשום,גרמים,500.00,100 גרם,false,,16.90,0.0338,false,1,185476
7290001407769,false,טחינה משומשום מלא,בארכה,,טחינה משומשום מלא,גרמים,500.00,100 גרם,false,,16.90,0.0338,false,1,107492
7290001407813,false,חלבה שאמית פיסטוק בא,עבדי,,חלבה שאמית פיסטוק בא,גרמים,350.00,100 גרם,false,,15.90,0.0454,true,1,107495
7290001407820,false,חלבה בארכה שאמית קלא,עבדי,,חלבה בארכה שאמית קלא,גרמים,350.00,100 גרם,false,,15.90,0.0454,true,1,107496
7290001407837,false,חלבה בארכה שאמית קקא,עבדי,,חלבה בארכה שאמית קקא,גרמים,350.00,100 גרם,false,,15.90,0.0454,true,1,107497
7290001407844,false,חלבה קלאסית בטעם וני,עבדי,,חלבה קלאסית בטעם וני,גרמים,350.00,100 גרם,false,,14.90,0.0426,true,1,107498
7290001415863,false,חלה מתוקה,,,חלה מתוקה,יחידה,0.00,יחידה,false,,12.90,0.0000,true,1,206280
7290001419618,false,גילרו ופל בלגי 200ג',,,גילרו ופל בלגי 200ג',גרמים,200.00,100 גרם,false,,3.20,0.0160,true,1,124545
7290001419779,false,וופל גילרו קלאסי 200,,,וופל גילרו קלאסי 200,גרמים,200.00,100 גרם,false,,3.20,0.0160,true,1,117239
7290001419793,false,גביעי גלידה מגולגלים,,,גביעי גלידה מגולגלים,יחידה,0.00,יחידה,false,,11.50,0.0000,true,1,137159
7290001419892,false,וופל לימון 200 גר,עדין,,וופל לימון 200 גר,גרמים,200.00,100 גרם,false,,3.20,0.0160,true,1,117240
7290001425336,false,קרם ידיים זית 200 גר,,,קרם ידיים זית 200 גר,גרמים,200.00,100 גרם,false,,12.90,0.0645,true,1,214161
7290001455418,false,סטייק טונה בוואקום,,,סטייק טונה בוואקום,קילוגרמים,1.00,"ק""ג",true,,37.90,37.9000,true,1,199865
7290001455456,false,פילה נסיכת הנילוס פר,,,פילה נסיכת הנילוס פר,קילוגרמים,1.00,"ק""ג",true,,57.90,57.9000,true,1,197728
7290001459911,false,לקט ירקות העונה 800,,,לקט ירקות העונה 800,גרמים,800.00,100 גרם,false,,9.90,0.0124,true,1,199254
7290001459928,false,גזר גמדי 800 גר',,,גזר גמדי 800 גר',גרמים,800.00,100 גרם,false,,9.90,0.0124,true,1,199255
7290001459942,false,אפונה וגזר 800 גר',,,אפונה וגזר 800 גר',גרמים,800.00,100 גרם,false,,9.90,0.0124,true,1,199251
7290001468159,false,ריבת חלב נאמן 330 גר,נאמן,,ריבת חלב נאמן 330 גר,גרמים,330.00,100 גרם,false,,11.90,0.0361,true,1,135150
7290001468272,false,פלסטרים,,,פלסטרים,יחידה,0.00,יחידה,false,,6.40,0.0000,true,1,187973
7290001468326,false,מיץ לימון טבעי 0,,,מיץ לימון טבעי 0,יחידה,500.00,יחידה,false,,9.90,0.0198,true,1,112336
7290001468609,false,סוכר וניל,,,סוכר וניל,גרמים,100.00,100 גרם,false,,2.20,0.0220,true,1,211668
7290001468661,false,מסיר לק ריחני יס,,,מסיר לק ריחני יס,מיליליטרים,100.00,"100 מ""ל",false,,7.90,0.0790,true,1,157709
7290001468753,false,"קמח תפו""א",נאמן,,"קמח תפו""א",גרמים,500.00,100 גרם,false,,6.90,0.0138,true,1,113394
7290001482094,false,פרמזנו וילי פוד 200ג,,,פרמזנו וילי פוד 200ג,גרמים,200.00,100 גרם,false,,22.90,0.1145,true,1,140277
7290001482186,false,אננס חתוך ויליפוד,,,אננס חתוך ויליפוד,גרמים,565.00,100 גרם,false,,5.90,0.0104,true,1,205822
7290001485019,false,גבינת שמנת טבעי 5%,טרה,,גבינת שמנת טבעי 5%,גרמים,200.00,100 גרם,false,,11.50,0.0575,true,1,93139
7290001491010,false,תה ירוק יסמין 25 שקי,ויסוצקי,,תה ירוק יסמין 25 שקי,גרמים,37.50,100 גרם,false,,24.90,0.6640,false,1,97382
7290001491096,false,תה ירוק לימונית 50 ש,ויסוצקי,,תה ירוק לימונית 50 ש,גרמים,75.00,100 גרם,false,,45.90,0.6120,false,1,97383
7290001507063,false,פתי בר מקמח מלא אורג,השדה מוצרים טבעיים ו,,פתי בר מקמח מלא אורג,גרמים,200.00,100 גרם,false,,8.40,0.0420,true,1,118791
7290001507339,false,פתיתי כוסמין אורגניי,השדה מוצרים טבעיים ו,,פתיתי כוסמין אורגניי,גרמים,400.00,100 גרם,false,,16.90,0.0422,true,1,198006
7290001507360,false,אובלטים כוסמין השדה,השדה מוצרים טבעיים ו,,אובלטים כוסמין השדה,גרמים,100.00,100 גרם,false,,10.90,0.1090,true,1,194665
7290001515310,false,שש כריות קרצוף יפניו,,,שש כריות קרצוף יפניו,יחידה,0.00,יחידה,false,,13.90,0.0000,true,1,187177
7290001515631,false,ספוג קירצוף קשיח,,,ספוג קירצוף קשיח,יחידה,0.00,יחידה,false,,8.90,0.0000,true,1,110924
7290001552049,false,קוסקוס מרוקאי צהוב,,,קוסקוס מרוקאי צהוב,גרמים,800.00,100 גרם,false,,15.90,0.0199,true,1,139734
7290001567043,false,פסטרמה מעודנת על גחל,יחיעם,,פסטרמה מעודנת על גחל,קילוגרמים,1.00,"ק""ג",true,,49.90,49.9000,false,1,186392
7290001567142,false,סלמי תה מפולפל יחיעם,יחיעם,,סלמי תה מפולפל יחיעם,קילוגרמים,1.00,"ק""ג",true,,46.90,46.9000,false,1,188285
7290001567555,false,פסטרמה מעודנת עם דבש,יחיעם,,פסטרמה מעודנת עם דבש,גרמים,300.00,100 גרם,false,,22.90,0.0763,true,1,195769
7290001567708,false,נקניקיות וינר 400 גר,יחיעם,,נקניקיות וינר 400 גר,גרמים,400.00,100 גרם,false,,12.90,0.0323,true,1,191246
7290001567760,false,פסטרמה של פעם 300 גר,יחיעם,,פסטרמה של פעם 300 גר,גרמים,300.00,100 גרם,false,,25.90,0.0863,true,1,192581
7290001567807,false,כתף בקר מעושן 250 גר,יחיעם,,כתף בקר מעושן 250 גר,גרמים,250.00,100 גרם,false,,25.90,0.1036,true,1,192624
7290001567814,false,סלמי מעושן בסגנון אי,יחיעם,,סלמי מעושן בסגנון אי,גרמים,300.00,100 גרם,false,,22.90,0.0763,true,1,192703
7290001588499,false,פפאיה אורגנית שקיל א,,,פפאיה אורגנית שקיל א,קילוגרמים,1.00,"ק""ג",true,,22.90,22.9000,true,1,200044
7290001591680,false,קניידלך למרק מקמח מצ,,,קניידלך למרק מקמח מצ,גרמים,500.00,100 גרם,false,,17.90,0.0358,true,1,261968
7290001591949,false,שיפודי פרגיות 500 גר,,,שיפודי פרגיות 500 גר,גרמים,500.00,100 גרם,false,,49.90,0.0998,true,1,262071
7290001594025,false,בק' קולה 350,קוקה קולה,,בק' קולה 350,יחידה,350.00,יחידה,false,,5.90,0.0169,true,1,93165
7290001594155,false,קוקה קולה בקבוק 0.5,קוקה קולה,,קוקה קולה בקבוק 0.5,מיליליטרים,500.00,"100 מ""ל",false,,6.00,0.0120,false,1,93174
7290001594377,false,פריגת תפוזים 5 0.,פריגת,,פריגת תפוזים 5 0.,יחידה,500.00,יחידה,false,,5.90,0.0118,true,1,93180
7290001594384,false,פריגת אשכוליות 5,פריגת,,פריגת אשכוליות 5,יחידה,500.00,יחידה,false,,5.90,0.0118,true,1,93181
7290001594391,false,פריגת ענבים 5 0.,פריגת,,פריגת ענבים 5 0.,יחידה,500.00,יחידה,false,,5.90,0.0118,true,1,93182
7290001594520,false,טובורג רד 330 בק,טובורג,,טובורג רד 330 בק,יחידה,330.00,יחידה,false,,7.20,0.0218,true,1,93190
7290001594858,false,טובורג שישייה בקבוק,טובורג,,טובורג שישייה בקבוק,ליטרים,1.98,ליטר,false,,34.90,17.6263,false,1,93204
7290001594865,false,קרלסברג שישייה בקבוק,קרלסברג,,קרלסברג שישייה בקבוק,ליטרים,1.98,ליטר,false,,34.90,17.6263,false,1,93205
7290001598085,false,לחם קסטן משפחתי חיטה,,,לחם קסטן משפחתי חיטה,גרמים,1100.00,100 גרם,false,,14.50,0.0132,true,1,193414
7290001598115,false,לחם חיטה מלאה 100%,,,לחם חיטה מלאה 100%,גרמים,700.00,100 גרם,false,,10.90,0.0156,true,1,262498
7290001598122,false,לחם מיוחד שיפון עם ח,,,לחם מיוחד שיפון עם ח,גרמים,700.00,100 גרם,false,,10.90,0.0156,true,1,194536
7290001598191,false,לחם שיפון קל,,,לחם שיפון קל,גרמים,550.00,100 גרם,false,,10.90,0.0198,true,1,193209
7290001598269,false,לחם מחמצת עם דגנים,,,לחם מחמצת עם דגנים,גרמים,550.00,100 גרם,false,,10.90,0.0198,true,1,194513
7290001598276,false,לחם קסטן מחמצת עם דג,,,לחם קסטן מחמצת עם דג,גרמים,1100.00,100 גרם,false,,14.50,0.0132,true,1,214885
7290001598429,false,פרנה מרוקאית 4 יח',,,פרנה מרוקאית 4 יח',גרמים,500.00,100 גרם,false,,9.90,0.0198,true,1,215494
7290001598528,false,"לחם כוסמין ""חמשת""",,,"לחם כוסמין ""חמשת""",גרמים,500.00,100 גרם,false,,15.90,0.0318,true,1,196497
7290001598573,false,לחמניות כוסמין 100%,,,לחמניות כוסמין 100%,גרמים,315.00,100 גרם,false,,13.90,0.0441,true,1,262511
7290001598580,false,פיתות כוסמין חמישייה,,,פיתות כוסמין חמישייה,גרמים,372.00,100 גרם,false,,15.90,0.0427,true,1,262510
7290001670057,false,כפיות חד פעמי- 100 י,הנמל,,כפיות חד פעמי- 100 י,יחידה,0.00,יחידה,false,,11.50,0.0000,true,1,108672
7290001670064,false,סכינים חד פעמי- 100,הנמל,,סכינים חד פעמי- 100,יחידה,0.00,יחידה,false,,10.90,0.0000,true,1,108673
7290001670071,false,כפות חד פעמי 100 יח',הנמל,,כפות חד פעמי 100 יח',יחידה,0.00,יחידה,false,,10.90,0.0000,true,1,108674
7290001670224,false,מלית פרג 400 גר,פוליבה,,מלית פרג 400 גר,גרמים,400.00,100 גרם,false,,11.50,0.0288,true,1,108676
7290001670385,false,מפיות לאירוח 100,הנמל,,מפיות לאירוח 100,יחידה,0.00,יחידה,false,,4.50,0.0000,true,1,218588
7290001670408,false,נר חימום בשקית 0,,,נר חימום בשקית 0,יחידה,0.00,יחידה,false,,10.90,0.0000,true,1,188228
7290001670514,false,מלית אוכמניות,פוליבה,,מלית אוכמניות,גרמים,400.00,100 גרם,false,,12.90,0.0323,true,1,108682
7290001670668,false,קרחונית- 12 יח',הנמל,,קרחונית- 12 יח',יחידה,0.00,יחידה,false,,3.90,0.0000,true,1,108687
7290001670859,false,מלית דבדבנים,פוליבה,,מלית דבדבנים,גרמים,400.00,100 גרם,false,,12.90,0.0323,true,1,108692
7290001670873,false,"צלחות 1 ק""ג",הנמל,,"צלחות 1 ק""ג",יחידה,0.00,יחידה,false,,35.90,0.0000,false,1,108694
7290001690215,false,גאודה עיזים הולנדית,,,גאודה עיזים הולנדית,גרמים,200.00,100 גרם,false,,24.90,0.1245,false,1,260621
7290001710111,false,נקניקיות מרגז 500 גר,מעדני הטלה,,נקניקיות מרגז 500 גר,גרמים,500.00,100 גרם,false,,22.90,0.0458,true,1,141586
7290001710159,false,גולש עגל קפוא ארוז מ,מעדני הטלה,,גולש עגל קפוא ארוז מ,קילוגרמים,1.00,"ק""ג",true,,42.90,42.9000,true,1,134108
7290001710784,false,נקניקיות צ'וריסוס מע,,,נקניקיות צ'וריסוס מע,גרמים,500.00,100 גרם,false,,22.90,0.0458,true,1,206381
7290001713020,false,שקיות אשפה עלמה חזקו,,,שקיות אשפה עלמה חזקו,יחידה,0.00,יחידה,false,,7.50,0.0000,true,1,218116
7290001713105,false,נייר אפייה 50 יח',,,נייר אפייה 50 יח',יחידה,0.00,יחידה,false,,8.50,0.0000,true,1,259519
7290001713150,false,אקונומיקה קצף ניקוי,,,אקונומיקה קצף ניקוי,ליטרים,1.00,ליטר,false,,9.90,9.9000,true,1,207363
7290001713167,false,קצף לניקוי כלים סניט,,,קצף לניקוי כלים סניט,ליטרים,1.00,ליטר,false,,9.90,9.9000,true,1,207364
7290001713211,false,תכשיר מרוכז לניקוי ר,,,תכשיר מרוכז לניקוי ר,ליטרים,2.50,ליטר,false,,11.90,4.7600,true,1,216105
7290001713242,false,שקיות אשפה עם ידיות,,,שקיות אשפה עם ידיות,יחידה,0.00,יחידה,false,,11.50,0.0000,true,1,218014
7290001713464,false,שקיות אשפה עלמה עם ש,,,שקיות אשפה עלמה עם ש,יחידה,0.00,יחידה,false,,19.90,0.0000,true,1,137628
7290001713501,false,רדיד אלומניום עבה במ,,,רדיד אלומניום עבה במ,יחידה,0.00,יחידה,false,,34.90,0.0000,true,1,263673
7290001713518,false,נוזל ניקוי רהיטים 75,,,נוזל ניקוי רהיטים 75,יחידה,750.00,יחידה,false,,16.90,0.0225,false,1,117360
7290001713587,false,"ג'ל סבונומיקה 750 מ""",,,"ג'ל סבונומיקה 750 מ""",מיליליטרים,750.00,"100 מ""ל",false,,6.50,0.0087,true,1,195452
7290001713648,false,מרכך כביסה Baby מרוכ,,,מרכך כביסה Baby מרוכ,ליטרים,1.00,ליטר,false,,10.90,10.9000,true,1,262072
7290001713785,false,מרכך כביסה Baby מרוכ,,,מרכך כביסה Baby מרוכ,ליטרים,1.00,ליטר,false,,10.90,10.9000,true,1,262073
7290001713839,false,גליל מגבת רב פעמי,,,גליל מגבת רב פעמי,גרמים,700.00,100 גרם,false,,15.90,0.0227,true,1,262074
7290001713884,false,מטליות לריצפה מיקרופ,,,מטליות לריצפה מיקרופ,יחידה,0.00,יחידה,false,,13.90,0.0000,true,1,213771
7290001713891,false,מטליות מיקרופייבר חמ,,,מטליות מיקרופייבר חמ,יחידה,0.00,יחידה,false,,7.90,0.0000,true,1,206702
7290001713907,false,אקונומיקה BLANCO ג'ל,,,אקונומיקה BLANCO ג'ל,ליטרים,4.00,ליטר,false,,11.90,2.9750,true,1,213335
7290001713921,false,אקונומיקה מבושמת 4 ל,,,אקונומיקה מבושמת 4 ל,ליטרים,4.00,ליטר,false,,9.90,2.4750,true,1,217118
7290001713938,false,ניילון נצמד 1.5 מטר,,,ניילון נצמד 1.5 מטר,יחידה,0.00,יחידה,false,,15.90,0.0000,true,1,262220
7290001720943,false,בצק פילו 500 גר,אופרה,,בצק פילו 500 גר,גרמים,500.00,100 גרם,false,,19.90,0.0398,true,1,102792
7290001791349,false,אקונומיקה ריחנית פסג,,,אקונומיקה ריחנית פסג,ליטרים,4.00,ליטר,false,,12.90,3.2250,false,1,136570
7290001791356,false,סנו פרש אוטומטיק ברי,סנו fresh,,סנו פרש אוטומטיק ברי,גרמים,165.00,100 גרם,false,,14.90,0.0903,true,1,111985
7290001791363,false,סנו פרש אוטומטיק ברי,סנו fresh,,סנו פרש אוטומטיק ברי,גרמים,165.00,100 גרם,false,,14.90,0.0903,true,1,111986
7290001805008,false,פיתות גילי (אחלה) ק,,,פיתות גילי (אחלה) ק,גרמים,500.00,100 גרם,false,,10.00,0.0200,true,1,100554
7290001805039,false,פיתות גילי (אחלה) חי,,,פיתות גילי (אחלה) חי,גרמים,400.00,100 גרם,false,,10.90,0.0273,true,1,100553
7290001813454,false,עוגיות חיוכים 00,עלית,,עוגיות חיוכים 00,גרמים,900.00,100 גרם,false,,22.90,0.0254,true,1,98848
7290001813478,false,עוגיות חיוכים ונ,עלית,,עוגיות חיוכים ונ,גרמים,900.00,100 גרם,false,,22.90,0.0254,true,1,98849
7290001817377,false,ציטוס 60 גר,עלית,,ציטוס 60 גר,גרמים,60.00,100 גרם,false,,3.40,0.0567,true,1,99385
7290001817728,false,ציטוס כאפה 55 גר,עלית,,ציטוס כאפה 55 גר,גרמים,55.00,100 גרם,false,,3.40,0.0618,true,1,99389
7290001865439,false,פמלי אל סבון ליטר ונ,פמלי,,פמלי אל סבון ליטר ונ,ליטרים,1.00,ליטר,false,,11.90,11.9000,false,1,122865
7290001865453,false,פמלי אל סבון ליטר לב,פמלי,,פמלי אל סבון ליטר לב,ליטרים,1.00,ליטר,false,,11.90,11.9000,false,1,122866
7290001865460,false,פמלי אל סבון ליטר לי,פמלי,,פמלי אל סבון ליטר לי,ליטרים,1.00,ליטר,false,,11.90,11.9000,false,1,122867
7290001917527,false,פדיות קוסמטיות **1X3,,,פדיות קוסמטיות **1X3,יחידה,0.00,יחידה,false,,19.90,0.0000,true,1,111783
7290001946015,false,אריסה של ביטון,,,אריסה של ביטון,גרמים,250.00,100 גרם,false,,11.90,0.0476,true,1,102750
7290001946046,false,עמבה ביטון,,,עמבה ביטון,גרמים,400.00,100 גרם,false,,11.90,0.0298,true,1,112916
7290001946077,false,אריסה חריפה,,,אריסה חריפה,יחידה,250.00,יחידה,false,,11.90,0.0476,true,1,122820
7290001946114,false,סחוג אדום 150 גר ביט,,,סחוג אדום 150 גר ביט,גרמים,150.00,100 גרם,false,,9.50,0.0633,true,1,147458
7290001946237,false,פלפל צ'ומה ביטון,,,פלפל צ'ומה ביטון,יחידה,0.00,יחידה,false,,11.90,0.0000,true,1,114084
7290001946299,false,סחוג ירוק תבליני ביט,,,סחוג ירוק תבליני ביט,יחידה,250.00,יחידה,false,,11.90,0.0476,true,1,125352
7290001946381,false,פפריקה מתוקה ביטון 3,,,פפריקה מתוקה ביטון 3,גרמים,300.00,100 גרם,false,,18.90,0.0630,true,1,145427
7290001946503,false,שום כתוש ביטון,,,שום כתוש ביטון,יחידה,0.00,יחידה,false,,11.90,0.0000,true,1,102731
7290001946725,false,לימון בלאדי ביטון,,,לימון בלאדי ביטון,יחידה,250.00,יחידה,false,,11.90,0.0476,true,1,124236
7290001946749,false,סחוג ירוק 150 גר ביט,,,סחוג ירוק 150 גר ביט,גרמים,150.00,100 גרם,false,,9.50,0.0633,true,1,147459
7290001975015,false,טובורג גרין בירה בקב,טובורג,,טובורג גרין בירה בקב,מיליליטרים,500.00,"100 מ""ל",false,,7.40,0.0148,false,1,93206
7290001990148,false,סוכר גולדן קלאסי,סוגת,,סוכר גולדן קלאסי,יחידה,1.00,יחידה,false,,11.90,11.9000,true,1,98632
7290001990261,false,חומוס 1 קג סוגת,סוגת,,חומוס 1 קג סוגת,יחידה,1.00,יחידה,false,,13.90,13.9000,true,1,116420
7290001990278,false,שעועית לבנה 1 קג,סוגת,,שעועית לבנה 1 קג,יחידה,1.00,יחידה,false,,19.90,19.9000,false,1,112321
7290001990377,false,שעועית בובס 500,סוגת,,שעועית בובס 500,גרמים,500.00,100 גרם,false,,10.90,0.0218,true,1,98633
7290001990391,false,אפונה יבשה 1 קג,,,אפונה יבשה 1 קג,יחידה,1.00,יחידה,false,,12.90,12.9000,true,1,147573
7290001990407,false,עדשים ירוקים 1 ק,,,עדשים ירוקים 1 ק,קילוגרמים,1.00,"ק""ג",false,,13.90,13.9000,true,1,139373
7290001990421,false,"פופקורן סוגת 1 ק""ג",,,"פופקורן סוגת 1 ק""ג",קילוגרמים,1.00,"ק""ג",false,,9.90,9.9000,true,1,149052
7290002000136,false,מגע המשי הדבש ש.למיק,,,מגע המשי הדבש ש.למיק,גרמים,500.00,100 גרם,false,,20.90,0.0418,true,1,103702
7290002000143,false,חדש -פנג'ל ק.ידיים ק,,,חדש -פנג'ל ק.ידיים ק,מיליליטרים,100.00,"100 מ""ל",false,,8.00,0.0800,true,1,103703
7290002000266,false,מגע המשי התפוח ש.למי,,,מגע המשי התפוח ש.למי,גרמים,500.00,100 גרם,false,,20.90,0.0418,true,1,103704
7290002007029,false,קוקוס 100,הנמל,,קוקוס 100,גרמים,100.00,100 גרם,false,,3.40,0.0340,false,1,108696
7290002007036,false,כוסמת 500,הנמל,,כוסמת 500,גרמים,500.00,100 גרם,false,,7.90,0.0158,true,1,108697
7290002007234,false,אבקת סוכר,הנמל,,אבקת סוכר,גרמים,100.00,100 גרם,false,,1.90,0.0190,true,1,108715
7290002007241,false,סודה 50 ג',הנמל,,סודה 50 ג',גרמים,50.00,100 גרם,false,,1.70,0.0340,true,1,108716
7290002007296,false,צמר פלדה,,,צמר פלדה,גרמים,350.00,100 גרם,false,,9.90,0.0283,true,1,192347
7290002007302,false,סוכריות מזרה צבע,הנמל,,סוכריות מזרה צבע,גרמים,100.00,100 גרם,false,,5.50,0.0550,true,1,108718
7290002007357,false,שקיות לצליה- 10 יח',הנמל,,שקיות לצליה- 10 יח',יחידה,0.00,יחידה,false,,5.70,0.0000,true,1,108720
7290002007371,false,פרורי לחם 500,הנמל,,פרורי לחם 500,גרמים,500.00,100 גרם,false,,5.50,0.0110,true,1,108722
7290002007487,false,צמר פלדה 100 גר',הנמל,,צמר פלדה 100 גר',גרמים,100.00,גרם,false,,3.90,0.0390,true,1,136663
7290002007500,false,קסמים חבית 500,הנמל,,קסמים חבית 500,יחידה,0.00,יחידה,false,,3.80,0.0000,true,1,108728
7290002007715,false,סיר אלומיניום ענק 5.,הנמל,,סיר אלומיניום ענק 5.,יחידה,0.00,יחידה,false,,14.50,0.0000,true,1,188832
7290002007746,false,צבע מאכל כחול,הנמל,,צבע מאכל כחול,יחידה,55.00,יחידה,false,,3.00,0.0545,true,1,108730
7290002007821,false,צבע מאכל אדום,הנמל,,צבע מאכל אדום,מיליליטרים,55.00,"100 מ""ל",false,,3.00,0.0545,true,1,108731
7290002007852,false,תמצית וניל,הנמל,,תמצית וניל,יחידה,55.00,יחידה,false,,3.20,0.0582,true,1,108732
7290002007890,false,כוסות 100 יח',הנמל,,כוסות 100 יח',יחידה,0.00,יחידה,false,,8.90,0.0000,false,1,108735
7290002007975,false,צלחות קטנות- 50 יח',הנמל,,צלחות קטנות- 50 יח',יחידה,0.00,יחידה,false,,9.90,0.0000,true,1,108739
7290002007982,false,מזלגות 100 יח',הנמל,,מזלגות 100 יח',יחידה,0.00,יחידה,false,,10.90,0.0000,true,1,108740
7290002007999,false,צלחות גדול חד פעמי-,הנמל,,צלחות גדול חד פעמי-,יחידה,0.00,יחידה,false,,14.90,0.0000,true,1,108741
7290002008040,false,שיפודים-100 יח',הנמל,,שיפודים-100 יח',יחידה,0.00,יחידה,false,,2.80,0.0000,true,1,108742
7290002008057,false,תמצית רום,הנמל,,תמצית רום,יחידה,55.00,יחידה,false,,3.20,0.0582,true,1,108743
7290002008071,false,עטרות חום מס' 2- 130,הנמל,,עטרות חום מס' 2- 130,יחידה,0.00,יחידה,false,,4.40,0.0000,true,1,108745
7290002008088,false,צבע מאכל צהוב,הנמל,,צבע מאכל צהוב,יחידה,55.00,יחידה,false,,3.00,0.0545,true,1,108746
7290002008149,false,מדליק פחם-40 יח',הנמל,,מדליק פחם-40 יח',יחידה,0.00,יחידה,false,,6.50,0.0000,true,1,108750
7290002008156,false,עטרות חום מס' 5- 130,הנמל,,עטרות חום מס' 5- 130,יחידה,0.00,יחידה,false,,5.60,0.0000,true,1,108751
7290002008170,false,עטרות חום מס' 3- 130,הנמל,,עטרות חום מס' 3- 130,יחידה,0.00,יחידה,false,,4.80,0.0000,true,1,108753
7290002008187,false,קשים מתקפלים- 40 יח',הנמל,,קשים מתקפלים- 40 יח',יחידה,0.00,יחידה,false,,1.80,0.0000,true,1,108754
7290002008224,false,מזרה עגול צנצ',הנמל,,מזרה עגול צנצ',גרמים,60.00,100 גרם,false,,5.50,0.0917,true,1,108756
7290002008309,false,עטרות חום מס' 4- 130,הנמל,,עטרות חום מס' 4- 130,יחידה,0.00,יחידה,false,,5.00,0.0000,true,1,108759
7290002008347,false,קורנפלור 500 גר',,,קורנפלור 500 גר',גרמים,500.00,100 גרם,false,,5.90,0.0118,true,1,136664
7290002008460,false,עטרות חום מס' 1.5- 1,הנמל,,עטרות חום מס' 1.5- 1,יחידה,0.00,יחידה,false,,4.00,0.0000,true,1,108766
7290002008491,false,מזרה שוקולד צנצנ,הנמל,,מזרה שוקולד צנצנ,גרמים,100.00,100 גרם,false,,5.50,0.0550,true,1,108768
7290002008507,false,נייר אפיה- 50 יח',הנמל,,נייר אפיה- 50 יח',יחידה,0.00,יחידה,false,,8.90,0.0000,true,1,108769
7290002008576,false,מפיון קופסא 100יח הנ,,,מפיון קופסא 100יח הנ,יחידה,0.00,יחידה,false,,3.70,0.0000,true,1,138320
7290002008620,false,צבע מאכל ירוק,הנמל,,צבע מאכל ירוק,יחידה,55.00,יחידה,false,,3.00,0.0545,true,1,108773
7290002008651,false,"קמח תפו""א 500גר",הנמל,,"קמח תפו""א 500גר",גרמים,500.00,100 גרם,false,,5.90,0.0118,true,1,108774
7290002008743,false,סוכר וניל,הנמל,,סוכר וניל,גרמים,100.00,100 גרם,false,,2.40,0.0240,true,1,136112
7290002008750,false,אבקת אפיה הנמל,הנמל,,אבקת אפיה הנמל,גרמים,100.00,100 גרם,false,,2.40,0.0240,true,1,108776
7290002008774,false,שומשום 200,הנמל,,שומשום 200,גרמים,200.00,100 גרם,false,,5.50,0.0275,true,1,108777
7290002008835,false,מגן כיריים,הנמל,,מגן כיריים,יחידה,0.00,יחידה,false,,4.80,0.0000,true,1,108778
7290002008927,false,סוכריות לעוגה שוקו ל,הנמל,,סוכריות לעוגה שוקו ל,יחידה,0.00,יחידה,false,,5.50,0.0000,true,1,108779
7290002008989,false,קישקשים 225יח,הנמל,,קישקשים 225יח,יחידה,0.00,יחידה,false,,9.50,0.0000,true,1,108780
7290002013006,false,פסטרמה מקסיקנית זוגל,זוגלובק,,פסטרמה מקסיקנית זוגל,קילוגרמים,1.00,"ק""ג",true,,79.90,79.9000,false,1,123037
7290002013037,false,פסטרמה פרגיות על לבנ,זוגלובק,,פסטרמה פרגיות על לבנ,קילוגרמים,1.00,"ק""ג",true,,79.90,79.9000,false,1,125299
7290002013174,false,פסטרמה של פעם זוגלוב,זוגלובק,,פסטרמה של פעם זוגלוב,קילוגרמים,1.00,"ק""ג",true,,79.90,79.9000,false,1,126888
7290002013761,false,כתף בקר מעושן זוגלוב,,,כתף בקר מעושן זוגלוב,קילוגרמים,1.00,"ק""ג",true,,189.00,189.0000,false,1,205049
7290002019787,false,רוטב עגבניות פרי ניר,פריניר,,רוטב עגבניות פרי ניר,גרמים,260.00,100 גרם,false,,3.50,0.0135,false,1,99528
7290002019794,false,רוטב עגבניות 100 גר,פריניר,,רוטב עגבניות 100 גר,גרמים,100.00,100 גרם,false,,1.70,0.0170,false,1,99529
7290002026402,false,בלינצ'ס גבינה,,,בלינצ'ס גבינה,גרמים,350.00,100 גרם,false,,14.90,0.0426,true,1,143207
7290002026440,false,פרצל חם מהמקפיא,,,פרצל חם מהמקפיא,גרמים,280.00,100 גרם,false,,14.90,0.0532,true,1,143212
7290002026587,false,וופל בלגי,,,וופל בלגי,גרמים,280.00,100 גרם,false,,14.90,0.0532,true,1,212354
7290002026983,false,גלידת שוקולד בצק עוג,,,גלידת שוקולד בצק עוג,גרמים,500.00,100 גרם,false,,18.90,0.0378,false,1,206998
7290002027393,false,חטיף תמרים עם שברי ק,,,חטיף תמרים עם שברי ק,גרמים,120.00,100 גרם,false,,12.90,0.1075,true,1,219096
7290002040019,false,קוסקוס רגיל 350 גר ה,הנמל,,קוסקוס רגיל 350 גר ה,גרמים,350.00,100 גרם,false,,5.50,0.0157,false,1,108782
7290002040064,false,קוסקוס דק,הנמל,,קוסקוס דק,גרמים,350.00,100 גרם,false,,5.50,0.0157,false,1,108787
7290002040071,false,קוסקוס עבה,הנמל,,קוסקוס עבה,גרמים,350.00,100 גרם,false,,5.50,0.0157,false,1,108788
7290002040088,false,קוסקוס מלא 350 גר',הנמל,,קוסקוס מלא 350 גר',גרמים,350.00,100 גרם,false,,6.00,0.0171,true,1,108789
7290002041368,false,דאוד' מיד נייט,,,דאוד' מיד נייט,מיליליטרים,150.00,"100 מ""ל",false,,18.90,0.1260,true,1,97969
7290002041801,false,קרם גוף חלאבין,,,קרם גוף חלאבין,מיליליטרים,300.00,"100 מ""ל",false,,39.90,0.1330,true,1,97970
7290002043065,false,פריכוני אורז חום מלא,,,פריכוני אורז חום מלא,גרמים,70.00,100 גרם,false,,8.90,0.1271,true,1,215990
7290002043096,false,פריכוני אורז חום מלא,,,פריכוני אורז חום מלא,גרמים,70.00,100 גרם,false,,8.90,0.1271,true,1,215992
7290002043188,false,צ'יפס אורז חום מלא צ,,,צ'יפס אורז חום מלא צ,גרמים,60.00,100 גרם,false,,6.90,0.1150,true,1,216003
7290002043218,false,צ'יפס אורז חום מלא מ,,,צ'יפס אורז חום מלא מ,גרמים,60.00,100 גרם,false,,6.90,0.1150,true,1,216004
7290002043225,false,צ'יפס אורז חום מלא פ,,,צ'יפס אורז חום מלא פ,גרמים,60.00,100 גרם,false,,6.90,0.1150,true,1,216005
7290002043348,false,צ'יפס אורז חום מלא צ,,,צ'יפס אורז חום מלא צ,גרמים,60.00,100 גרם,false,,7.90,0.1317,true,1,216011
7290002043782,false,צ'יפס אורז חום מלא ט,,,צ'יפס אורז חום מלא ט,גרמים,60.00,100 גרם,false,,6.90,0.1150,true,1,215993
7290002050025,false,פירורי לחם זהוב 1 קג,,,פירורי לחם זהוב 1 קג,קילוגרמים,1.00,"ק""ג",false,,10.90,10.9000,true,1,186773
7290002050032,false,תערובת אגוזים ופיצוח,זארובי,,תערובת אגוזים ופיצוח,גרמים,630.00,100 גרם,false,,57.90,0.0919,true,1,187923
7290002050551,false,אגוז פקאן טבעי,,,אגוז פקאן טבעי,גרמים,180.00,100 גרם,false,,23.90,0.1328,true,1,196269
7290002050575,false,קשיו טבעי,,,קשיו טבעי,גרמים,220.00,100 גרם,false,,22.90,0.1041,true,1,196271
7290002050599,false,אגוז ברזלאי,,,אגוז ברזלאי,גרמים,220.00,100 גרם,false,,35.90,0.1632,true,1,196273
7290002050872,false,שקד טבעי אמריקאי,,,שקד טבעי אמריקאי,גרמים,240.00,100 גרם,false,,21.00,0.0875,true,1,196282
7290002050940,false,ג'עלה פרימיום זארובי,זארובי,,ג'עלה פרימיום זארובי,גרמים,500.00,100 גרם,false,,29.90,0.0598,true,1,264210
7290002050988,false,גרנולה פרימיום זארוב,זארובי,,גרנולה פרימיום זארוב,גרמים,450.00,100 גרם,false,,17.90,0.0398,true,1,264213
7290002053088,false,איטריות ביצים דקיקות,אוריינט,,איטריות ביצים דקיקות,גרמים,210.00,100 גרם,false,,8.70,0.0414,true,1,125441
7290002053101,false,איטריות ביצים מס' 12,אוריינט,,איטריות ביצים מס' 12,גרמים,200.00,100 גרם,false,,8.70,0.0435,true,1,109718
7290002053118,false,איטריות ביצים מס' 14,אוריינט,,איטריות ביצים מס' 14,גרמים,200.00,100 גרם,false,,8.70,0.0435,true,1,109719
7290002053538,false,נודלס תאילנדי 500גר,אוריינט,,נודלס תאילנדי 500גר,גרמים,500.00,100 גרם,false,,10.90,0.0218,true,1,208879
7290002057017,false,זית נובו מבוקע 340 ג,קבוצת יבנה,,זית נובו מבוקע 340 ג,גרמים,340.00,100 גרם,false,,9.90,0.0291,true,1,112851
7290002057031,false,זיתים מבוקעים 340 גר,קבוצת יבנה,,זיתים מבוקעים 340 גר,גרמים,340.00,100 גרם,false,,8.50,0.0250,true,1,103208
7290002057048,false,זית סורי מבוקע 340 ג,קבוצת יבנה,,זית סורי מבוקע 340 ג,גרמים,340.00,100 גרם,false,,9.90,0.0291,true,1,103209
7290002057062,false,זיתים מנזלינו בינוני,קבוצת יבנה,,זיתים מנזלינו בינוני,גרמים,540.00,100 גרם,false,,6.90,0.0128,true,1,139010
7290002057086,false,זיתים מנזנילו גדולים,קבוצת יבנה,,זיתים מנזנילו גדולים,גרמים,650.00,100 גרם,false,,19.90,0.0306,true,1,112872
7290002057093,false,זיתים ירוקים מנזנילו,קבוצת יבנה,,זיתים ירוקים מנזנילו,גרמים,340.00,100 גרם,false,,8.40,0.0247,true,1,112832
7290002057109,false,זיתים מנזנילו גדולים,קבוצת יבנה,,זיתים מנזנילו גדולים,גרמים,340.00,100 גרם,false,,8.90,0.0262,true,1,112873
7290002057123,false,זיתים ירוקים נטולי ג,קבוצת יבנה,,זיתים ירוקים נטולי ג,גרמים,275.00,100 גרם,false,,8.20,0.0298,true,1,103210
7290002057130,false,זיתים ירוקים מנזנילו,קבוצת יבנה,,זיתים ירוקים מנזנילו,גרמים,650.00,100 גרם,false,,21.00,0.0323,true,1,112852
7290002057154,false,זיתים ירוקים ללא גלע,קבוצת יבנה,,זיתים ירוקים ללא גלע,קילוגרמים,1.80,"ק""ג",false,,43.90,24.3889,true,1,112433
7290002057161,false,זית מרינד חתוך בחומץ,קבוצת יבנה,,זית מרינד חתוך בחומץ,גרמים,275.00,100 גרם,false,,9.40,0.0342,true,1,112871
7290002057185,false,טבעות זיתים ירוקים 2,קבוצת יבנה,,טבעות זיתים ירוקים 2,גרמים,275.00,100 גרם,false,,8.20,0.0298,true,1,112853
7290002057314,false,מלפפון במלח 15-20 67,קבוצת יבנה,,מלפפון במלח 15-20 67,גרמים,675.00,100 גרם,false,,13.90,0.0206,true,1,112939
7290002057321,false,מלפפון במלח 21-25 72,קבוצת יבנה,,מלפפון במלח 21-25 72,גרמים,725.00,100 גרם,false,,15.90,0.0219,true,1,112854
7290002057352,false,מלפפון במלח 7-9 320,קבוצת יבנה,,מלפפון במלח 7-9 320,גרמים,320.00,100 גרם,false,,6.20,0.0194,true,1,103211
7290002057369,false,מלפפונים במלח 12-10,קבוצת יבנה,,מלפפונים במלח 12-10,גרמים,320.00,100 גרם,false,,7.20,0.0225,true,1,103212
7290002057376,false,מלפפון במלח 13-17 32,קבוצת יבנה,,מלפפון במלח 13-17 32,גרמים,320.00,100 גרם,false,,8.20,0.0256,false,1,103213
7290002057383,false,מלפפון במלח 18-25 32,קבוצת יבנה,,מלפפון במלח 18-25 32,גרמים,320.00,100 גרם,false,,8.90,0.0278,true,1,103214
7290002057413,false,מלפפון בחומץ 15-20 6,קבוצת יבנה,,מלפפון בחומץ 15-20 6,גרמים,675.00,100 גרם,false,,13.90,0.0206,true,1,112940
7290002057437,false,ציפקונית יבנה,קבוצת יבנה,,ציפקונית יבנה,גרמים,225.00,100 גרם,false,,8.50,0.0378,true,1,259897
7290002057451,false,מלפפון בחומץ 7-9 290,קבוצת יבנה,,מלפפון בחומץ 7-9 290,גרמים,290.00,100 גרם,false,,6.20,0.0214,true,1,112941
7290002057468,false,מלפפון בחומץ 10-12 2,קבוצת יבנה,,מלפפון בחומץ 10-12 2,גרמים,290.00,100 גרם,false,,7.20,0.0248,true,1,112874
7290002057475,false,מלפפון בחומץ 13-17 2,קבוצת יבנה,,מלפפון בחומץ 13-17 2,גרמים,290.00,100 גרם,false,,8.20,0.0283,true,1,112875
7290002057482,false,מלפפון בחומץ 18-25 2,קבוצת יבנה,,מלפפון בחומץ 18-25 2,גרמים,290.00,100 גרם,false,,8.90,0.0307,true,1,112876
7290002057604,false,פלפל חריף שיפקה 225,קבוצת יבנה,,פלפל חריף שיפקה 225,גרמים,225.00,100 גרם,false,,5.90,0.0262,true,1,103215
7290002057611,false,פלפל חריף צנצנת 325,קבוצת יבנה,,פלפל חריף צנצנת 325,גרמים,325.00,100 גרם,false,,7.50,0.0231,true,1,112822
7290002057628,false,זיתים טבעות מושחרים,קבוצת יבנה,,זיתים טבעות מושחרים,גרמים,275.00,100 גרם,false,,9.40,0.0342,true,1,112877
7290002057703,false,חצילים במלח 320 גרם,קבוצת יבנה,,חצילים במלח 320 גרם,גרמים,320.00,100 גרם,false,,6.50,0.0203,true,1,103216
7290002057819,false,רצועות פלפל אדום 300,קבוצת יבנה,,רצועות פלפל אדום 300,גרמים,300.00,100 גרם,false,,6.90,0.0230,true,1,111703
7290002057864,false,צנצנת זיתים,קבוצת יבנה,,צנצנת זיתים,גרמים,560.00,100 גרם,false,,10.90,0.0195,true,1,112826
7290002057888,false,זיתים מרינד בחומץ יי,קבוצת יבנה,,זיתים מרינד בחומץ יי,גרמים,340.00,100 גרם,false,,9.50,0.0279,true,1,112827
7290002061229,false,קרם דיפילטור ביקיני,,,קרם דיפילטור ביקיני,גרמים,400.00,100 גרם,false,,14.90,0.0373,true,1,124529
7290002065555,false,שש לחמניות אנג'ל,אנג'ל,,שש לחמניות אנג'ל,גרמים,450.00,100 גרם,false,,10.90,0.0242,true,1,96761
7290002065616,false,לחם שיפון גרעינים,אנג'ל,,לחם שיפון גרעינים,גרמים,750.00,100 גרם,false,,13.90,0.0185,true,1,121031
7290002075035,false,אובלטים 500 גר,,,אובלטים 500 גר,גרמים,500.00,100 גרם,false,,15.90,0.0318,true,1,111196
7290002075271,false,סוכריות ריקולה 75גר,,,סוכריות ריקולה 75גר,גרמים,70.00,100 גרם,false,,12.90,0.1843,true,1,195766
7290002077268,false,מיני קציצות דג לבישו,דלידג,,מיני קציצות דג לבישו,גרמים,500.00,100 גרם,false,,21.00,0.0420,true,1,135196
7290002079033,false,לחם דגנים לייט דוידו,מאפיית דוידוביץ ובני,,לחם דגנים לייט דוידו,גרמים,500.00,100 גרם,false,,13.50,0.0270,true,1,102511
7290002079156,false,פיתות,מאפיית דוידוביץ ובני,,פיתות,גרמים,500.00,100 גרם,false,,8.40,0.0168,true,1,102513
7290002079361,false,לחמניות המבורגר,מאפיית דוידוביץ ובני,,לחמניות המבורגר,גרמים,400.00,100 גרם,false,,13.90,0.0348,true,1,102518
7290002079477,false,לחם אחיד פרוס דוידוב,מאפיית דוידוביץ ובני,,לחם אחיד פרוס דוידוב,גרמים,750.00,100 גרם,false,,6.90,0.0092,false,1,102520
7290002079927,false,לחם דגנים מלא דוידוב,מאפיית דוידוביץ ובני,,לחם דגנים מלא דוידוב,גרמים,750.00,100 גרם,false,,12.90,0.0172,true,1,123281
7290002079996,false,לחם אחיד קל פרוס,מאפיית דוידוביץ ובני,,לחם אחיד קל פרוס,גרמים,750.00,100 גרם,false,,11.90,0.0159,true,1,102529
7290002096009,false,דובשניות חפץ 450 גר,,,דובשניות חפץ 450 גר,גרמים,450.00,100 גרם,false,,10.90,0.0242,true,1,111471
7290002096498,false,"דובשניות חפץ 600 ג""ר",,,"דובשניות חפץ 600 ג""ר",גרמים,600.00,100 גרם,false,,12.90,0.0215,true,1,135101
7290002107071,false,פטה עיזים מעודנת,משק צוריאל,,פטה עיזים מעודנת,גרמים,200.00,100 גרם,false,,24.90,0.1245,true,1,111525
7290002107385,false,דליקטס עז 20% 180 גר,משק צוריאל,,דליקטס עז 20% 180 גר,גרמים,180.00,100 גרם,false,,23.90,0.1328,true,1,117063
7290002107491,false,גבינת עיזים 5%,משק צוריאל,,גבינת עיזים 5%,גרמים,250.00,100 גרם,false,,14.90,0.0596,false,1,111534
7290002107798,false,בולגרית מעודנת 5% מש,משק צוריאל,,בולגרית מעודנת 5% מש,גרמים,250.00,100 גרם,false,,22.50,0.0900,true,1,111540
7290002107965,false,טבורוג 5% 500 גר,משק צוריאל,,טבורוג 5% 500 גר,גרמים,500.00,100 גרם,false,,25.90,0.0518,true,1,115340
7290002111214,false,תירס לייט פרי מבורך,יכין,,תירס לייט פרי מבורך,גרמים,550.00,100 גרם,false,,8.90,0.0162,true,1,264254
7290002129479,false,פיצה איטלקית דקה שלו,,,פיצה איטלקית דקה שלו,גרמים,320.00,100 גרם,false,,13.90,0.0434,false,1,196821
7290002130567,false,דבש יד מרדכי 350 גרם,יד מרדכי,,דבש יד מרדכי 350 גרם,גרמים,350.00,100 גרם,false,,16.90,0.0483,false,1,98868
7290002130574,false,דבש טהור 500 גר,יד מרדכי,,דבש טהור 500 גר,גרמים,500.00,100 גרם,false,,27.90,0.0558,false,1,98869
7290002132011,false,מזרחיות עגול,,,מזרחיות עגול,גרמים,400.00,100 גרם,false,,17.90,0.0447,false,1,97390
7290002133032,false,פתיתי קשקבל 22% גבינ,מחלבת השומרון,,פתיתי קשקבל 22% גבינ,גרמים,300.00,100 גרם,false,,29.90,0.0997,true,1,100119
7290002133094,false,ברינזה צאן,מחלבת השומרון,,ברינזה צאן,קילוגרמים,1.00,"ק""ג",true,,79.90,79.9000,false,1,100116
7290002133131,false,גבינת אורדה בגביע 25,מחלבת השומרון,,גבינת אורדה בגביע 25,גרמים,250.00,100 גרם,false,,13.50,0.0540,true,1,141616
7290002133148,false,צפתית שומרון טבעית/,מחלבת השומרון,,צפתית שומרון טבעית/,קילוגרמים,1.00,"ק""ג",true,,55.90,55.9000,false,1,100117
7290002133162,false,בולגרית גביע 5%,מחלבת השומרון,,בולגרית גביע 5%,גרמים,250.00,100 גרם,false,,19.90,0.0796,true,1,100123
7290002133193,false,בולגרית שומרון מעדני,מחלבת השומרון,,בולגרית שומרון מעדני,קילוגרמים,1.00,"ק""ג",true,,55.90,55.9000,false,1,103768
7290002133247,false,לבנה זעתר 5% - 250 ג,מחלבת השומרון,,לבנה זעתר 5% - 250 ג,גרמים,250.00,100 גרם,false,,13.50,0.0540,true,1,100125
7290002133506,false,יוגורט של פעם עיזים,מחלבת השומרון,,יוגורט של פעם עיזים,מיליליטרים,400.00,"100 מ""ל",false,,12.50,0.0313,true,1,119045
7290002133520,false,יוגורט של פעם 3%,מחלבת השומרון,,יוגורט של פעם 3%,גרמים,400.00,100 גרם,false,,9.90,0.0248,true,1,100126
7290002133537,false,יוגורט של פעם 3% עיז,מחלבת השומרון,,יוגורט של פעם 3% עיז,גרמים,180.00,100 גרם,false,,6.60,0.0367,true,1,119333
7290002133551,false,לאבנה 5% עם שמן זית,מחלבת השומרון,,לאבנה 5% עם שמן זית,גרמים,500.00,100 גרם,false,,19.90,0.0398,true,1,214486
7290002133575,false,יוגורט של פעם כבשים,מחלבת השומרון,,יוגורט של פעם כבשים,מיליליטרים,400.00,"100 מ""ל",false,,12.50,0.0313,true,1,119046
7290002133612,false,יוגורט יווני אותנטי,מחלבת השומרון,,יוגורט יווני אותנטי,מיליליטרים,180.00,"100 מ""ל",false,,5.90,0.0328,true,1,119335
7290002133858,false,בולגרית צאן 18%,מחלבת השומרון,,בולגרית צאן 18%,גרמים,250.00,100 גרם,false,,22.90,0.0916,true,1,100135
7290002133889,false,בולגרית מעודנת 5%,מחלבת השומרון,,בולגרית מעודנת 5%,גרמים,250.00,100 גרם,false,,19.90,0.0796,true,1,115576
7290002133940,false,יוגורט של פעם כבשים,מחלבת השומרון,,יוגורט של פעם כבשים,מיליליטרים,180.00,"100 מ""ל",false,,6.60,0.0367,true,1,95081
7290002139898,false,מארז סטיק עם עצם,,,מארז סטיק עם עצם,קילוגרמים,1.00,"ק""ג",true,,165.90,165.9000,true,1,219273
7290002150107,false,קובה בורגול במילוי ב,חמים וטעים,,קובה בורגול במילוי ב,קילוגרמים,1.00,"ק""ג",false,,36.90,36.9000,true,1,103089
7290002150305,false,סיגרים מרוקאים במילו,חמים וטעים,,סיגרים מרוקאים במילו,קילוגרמים,1.00,"ק""ג",false,,36.90,36.9000,true,1,103091
7290002150336,false,פלאפל אמיתי 800 גר',חמים וטעים,,פלאפל אמיתי 800 גר',גרמים,800.00,100 גרם,false,,24.90,0.0311,true,1,103092
7290002150374,false,קובה חמוסטה 1 קג חמי,,,קובה חמוסטה 1 קג חמי,קילוגרמים,1.00,"ק""ג",false,,56.90,56.9000,true,1,208630
7290002150404,false,סיגרים מרוקאים במילו,חמים וטעים,,סיגרים מרוקאים במילו,קילוגרמים,1.00,"ק""ג",false,,32.90,32.9000,true,1,103093
7290002150503,false,אגרול סיני במילוי יר,חמים וטעים,,אגרול סיני במילוי יר,קילוגרמים,1.00,"ק""ג",false,,34.90,34.9000,true,1,103094
7290002150527,false,"פסטל במילוי תפו""א",חמים וטעים,,"פסטל במילוי תפו""א",קילוגרמים,1.00,"ק""ג",false,,32.90,32.9000,true,1,103095
7290002150671,false,קרפלך במילוי בשר,,,קרפלך במילוי בשר,קילוגרמים,1.00,"ק""ג",false,,36.90,36.9000,true,1,103099
7290002150688,false,"קרפלך במילוי תפו""א",,,"קרפלך במילוי תפו""א",קילוגרמים,1.00,"ק""ג",false,,31.90,31.9000,true,1,103100
7290002150695,false,קובה למרק במילוי בשר,חמים וטעים,,קובה למרק במילוי בשר,קילוגרמים,1.00,"ק""ג",false,,49.90,49.9000,true,1,103101
7290002157953,false,טונה קנולה 4*140 גר,,,טונה קנולה 4*140 גר,גרמים,560.00,100 גרם,false,,18.90,0.0337,false,1,194126
7290002157960,false,טונה במים 4*140 גר ו,,,טונה במים 4*140 גר ו,גרמים,560.00,100 גרם,false,,18.90,0.0337,false,1,194127
7290002190141,false,ריבת חלב 450 גר',,,ריבת חלב 450 גר',גרמים,450.00,100 גרם,false,,12.90,0.0287,true,1,135259
7290002190516,false,ריבת חלב 500 גר,,,ריבת חלב 500 גר,גרמים,500.00,100 גרם,false,,12.90,0.0258,true,1,94795
7290002195054,false,המבורגר בלדי 400 גר',בלדי,,המבורגר בלדי 400 גר',גרמים,400.00,100 גרם,false,,11.90,0.0298,false,1,121694
7290002195078,false,קבב כבש בלדי,בלדי,,קבב כבש בלדי,גרמים,400.00,100 גרם,false,,11.90,0.0298,false,1,133700
7290002195085,false,קבב מזרחי בלדי 400 ג,בלדי,,קבב מזרחי בלדי 400 ג,גרמים,400.00,100 גרם,false,,11.90,0.0298,false,1,121600
7290002195092,false,קבב רומני בלדי,בלדי,,קבב רומני בלדי,יחידה,0.00,יחידה,false,,11.90,0.0000,false,1,133701
7290002196075,false,דבש טהור 350 גר',,,דבש טהור 350 גר',גרמים,350.00,100 גרם,false,,21.90,0.0626,true,1,111594
7290002196129,false,דבש טהור 1 קג,,,דבש טהור 1 קג,יחידה,1.00,יחידה,false,,49.90,49.9000,true,1,111596
7290002196358,false,רוטב סילאן על האש,,,רוטב סילאן על האש,גרמים,390.00,100 גרם,false,,21.90,0.0562,true,1,150747
7290002196495,false,רוטב דבש עם זנגביל,משק לין,,רוטב דבש עם זנגביל,יחידה,320.00,יחידה,false,,21.90,0.0684,true,1,111591
7290002196884,false,רוטב דבש עם בוטנים,,,רוטב דבש עם בוטנים,יחידה,320.00,יחידה,false,,21.90,0.0684,true,1,111593
7290002198055,false,סרוולד בנוסח איטלקי,זוגלובק,,סרוולד בנוסח איטלקי,קילוגרמים,1.00,"ק""ג",true,,129.90,129.9000,false,1,259892
7290002198109,false,צלעות אסאדו מעושנת מ,זוגלובק,,צלעות אסאדו מעושנת מ,קילוגרמים,1.00,"ק""ג",true,,134.90,134.9000,false,1,261669
7290002211044,false,סולת 1 קג,,,סולת 1 קג,קילוגרמים,1.00,"ק""ג",false,,6.50,6.5000,false,1,103227
7290002211112,false,"קמח 1 ק""ג",,,"קמח 1 ק""ג",קילוגרמים,1.00,"ק""ג",false,,4.40,4.4000,false,1,211352
7290002232964,false,פרורי לחם ללא גלוטן,,,פרורי לחם ללא גלוטן,גרמים,600.00,100 גרם,false,,26.90,0.0448,true,1,203137
7290002232995,false,פירורי לחם ללא גלוטן,,,פירורי לחם ללא גלוטן,גרמים,600.00,100 גרם,false,,26.90,0.0448,true,1,203138
7290002239185,false,אפונה 800 פרי גל,פרי הגליל,,אפונה 800 פרי גל,גרמים,800.00,100 גרם,false,,9.90,0.0124,false,1,99679
7290002239215,false,אפונה וגזר 800,פרי הגליל,,אפונה וגזר 800,גרמים,800.00,100 גרם,false,,9.90,0.0124,true,1,99680
7290002239307,false,שעועית צהובה,פרי הגליל,,שעועית צהובה,גרמים,800.00,100 גרם,false,,9.90,0.0124,true,1,99682
7290002239338,false,שעועית ירוקה פרי גלי,פרי הגליל,,שעועית ירוקה פרי גלי,גרמים,800.00,100 גרם,false,,9.90,0.0124,true,1,99683
7290002239369,false,שעועית שלמה 800,פרי הגליל,,שעועית שלמה 800,גרמים,800.00,100 גרם,false,,9.90,0.0124,true,1,99684
7290002239420,false,תירס גרעינים 800,פרי הגליל,,תירס גרעינים 800,גרמים,800.00,100 גרם,false,,9.90,0.0124,true,1,99686
7290002253006,false,שום כתוש טרי 200גר ד,דורות,,שום כתוש טרי 200גר ד,גרמים,200.00,100 גרם,false,,19.90,0.0995,true,1,94088
7290002253105,false,קוביות שום כתוש דורו,דורות,,קוביות שום כתוש דורו,גרמים,80.00,100 גרם,false,,14.50,0.1813,false,1,94090
7290002253150,false,בזיליקום קפוא קצוץ ד,דורות,,בזיליקום קפוא קצוץ ד,גרמים,70.00,100 גרם,false,,11.00,0.1571,true,1,94091
7290002253174,false,שמיר קצוץ דורות,דורות,,שמיר קצוץ דורות,גרמים,70.00,100 גרם,false,,11.00,0.1571,true,1,94093
7290002253181,false,כוסברה קצוצה דורות,דורות,,כוסברה קצוצה דורות,גרמים,70.00,100 גרם,false,,11.00,0.1571,true,1,94094
7290002253198,false,ג'ינג'ר טרי כתוש במג,דורות,,ג'ינג'ר טרי כתוש במג,גרמים,90.00,100 גרם,false,,12.00,0.1333,true,1,94095
7290002253259,false,רוטב עגבניות בזיליקו,דורות,,רוטב עגבניות בזיליקו,גרמים,160.00,100 גרם,false,,12.90,0.0806,true,1,186094
7290002253495,false,קוביות תבלין לטחינה,דורות,,קוביות תבלין לטחינה,גרמים,70.00,100 גרם,false,,11.00,0.1571,true,1,205014
7290002259572,false,כפפות גומי,,,כפפות גומי,יחידה,0.00,יחידה,false,,7.50,0.0000,true,1,104810
7290002259640,false,רדיד אלומיניום,,,רדיד אלומיניום,יחידה,0.00,יחידה,false,,12.90,0.0000,true,1,104470
7290002259657,false,דיימונד 085,דיימונד,,דיימונד 085,יחידה,0.00,יחידה,false,,21.90,0.0000,true,1,104471
7290002259664,false,רדיד אלומיניום דיימו,דיימונד,,רדיד אלומיניום דיימו,יחידה,0.00,יחידה,false,,49.90,0.0000,true,1,104472
7290002263562,false,מיץ לימון משומר 200,,,מיץ לימון משומר 200,מיליליטרים,200.00,"100 מ""ל",false,,6.50,0.0325,true,1,218191
7290002269953,false,מסיר איפור בלוז קרלי,קרליין,,מסיר איפור בלוז קרלי,מיליליטרים,200.00,"100 מ""ל",false,,29.90,0.1495,true,1,194493
7290002270713,false,קרם ידיים אבוקדו,קרליין,,קרם ידיים אבוקדו,גרמים,45.00,100 גרם,false,,9.90,0.2200,true,1,107888
7290002277248,false,מון בלאן עם זעתר,,,מון בלאן עם זעתר,גרמים,120.00,100 גרם,false,,11.50,0.0958,true,1,192455
7290002278528,false,כריות יפניות לשבת,,,כריות יפניות לשבת,יחידה,0.00,יחידה,false,,7.90,0.0000,true,1,204919
7290002281498,false,גבינת ר'יץ מגורדת 50,,,גבינת ר'יץ מגורדת 50,גרמים,500.00,100 גרם,false,,22.90,0.0458,false,1,208185
7290002291046,false,המבורגר מסעדות קצביה,בלדי,,המבורגר מסעדות קצביה,גרמים,480.00,100 גרם,false,,22.90,0.0477,true,1,135488
7290002300878,false,צ'דר אנגלי,,,צ'דר אנגלי,קילוגרמים,1.00,"ק""ג",true,,125.00,125.0000,true,1,192918
7290002304203,false,קונפיטורה תות שדה לי,ענבי ציון,,קונפיטורה תות שדה לי,גרמים,600.00,100 גרם,false,,22.90,0.0382,true,1,97754
7290002304210,false,קונפיטורה משמש לייט,ענבי ציון,,קונפיטורה משמש לייט,גרמים,600.00,100 גרם,false,,22.90,0.0382,true,1,118159
7290002304227,false,קונפיטורה דובדבן חמו,ענבי ציון,,קונפיטורה דובדבן חמו,גרמים,600.00,100 גרם,false,,22.90,0.0382,true,1,97755
7290002304234,false,קונפיטורה אוכמניות ל,ענבי ציון,,קונפיטורה אוכמניות ל,גרמים,600.00,100 גרם,false,,22.90,0.0382,true,1,123227
7290002304241,false,קונפיטורה פירות יער,ענבי ציון,,קונפיטורה פירות יער,גרמים,600.00,100 גרם,false,,22.90,0.0382,true,1,97756
7290002304609,false,קונפיטורה תות שדה 60,ענבי ציון,,קונפיטורה תות שדה 60,גרמים,600.00,100 גרם,false,,17.90,0.0298,true,1,97759
7290002304616,false,קונפיטורה משמש 600 ג,ענבי ציון,,קונפיטורה משמש 600 ג,גרמים,600.00,100 גרם,false,,17.90,0.0298,false,1,97760
7290002304623,false,קונפיטורה פירות יער,ענבי ציון,,קונפיטורה פירות יער,גרמים,600.00,100 גרם,false,,17.90,0.0298,true,1,97761
7290002304630,false,קונפיטורה דובדבן 600,ענבי ציון,,קונפיטורה דובדבן 600,גרמים,600.00,100 גרם,false,,17.90,0.0298,true,1,97762
7290002304654,false,קונפיטורה שזיף 600 ג,ענבי ציון,,קונפיטורה שזיף 600 ג,גרמים,600.00,100 גרם,false,,17.90,0.0298,false,1,97764
7290002304661,false,קונפיטורה אוכמניות 6,ענבי ציון,,קונפיטורה אוכמניות 6,גרמים,600.00,100 גרם,false,,17.90,0.0298,false,1,123798
7290002317081,false,זיתים חרוזית מוטולה,,,זיתים חרוזית מוטולה,יחידה,0.00,יחידה,false,,7.90,0.0000,false,1,142395
7290002317265,false,מלפפון במלח 7-9 מוטו,,,מלפפון במלח 7-9 מוטו,גרמים,385.00,100 גרם,false,,5.00,0.0130,true,1,140719
7290002317852,false,מוטולה מלפפונים במלח,,,מוטולה מלפפונים במלח,גרמים,900.00,100 גרם,false,,23.90,0.0266,true,1,138012
7290002327516,false,ג'חנון אפוי 650 גר',אופרה,,ג'חנון אפוי 650 גר',גרמים,650.00,100 גרם,false,,15.90,0.0245,true,1,185799
7290002327608,false,קונכיות בצק אופרה,אופרה,,קונכיות בצק אופרה,גרמים,500.00,100 גרם,false,,18.90,0.0378,false,1,102795
7290002327615,false,ג'חנון 900 גר' אופרה,אופרה,,ג'חנון 900 גר' אופרה,גרמים,900.00,100 גרם,false,,14.50,0.0161,true,1,102796
7290002327622,false,ג'חנון 650 גר אופרה,אופרה,,ג'חנון 650 גר אופרה,גרמים,650.00,100 גרם,false,,12.90,0.0198,false,1,102797
7290002327646,false,מלווח אופרה,אופרה,,מלווח אופרה,גרמים,700.00,100 גרם,false,,13.90,0.0199,false,1,102799
7290002327660,false,"בורקס תפו""א אופרה",אופרה,,"בורקס תפו""א אופרה",גרמים,800.00,100 גרם,false,,14.50,0.0181,false,1,102800
7290002327677,false,בורקס גבינה אופרה,אופרה,,בורקס גבינה אופרה,גרמים,800.00,100 גרם,false,,18.90,0.0236,true,1,102801
7290002327684,false,בצק עלים 1 קג אופרה,אופרה,,בצק עלים 1 קג אופרה,קילוגרמים,1.00,"ק""ג",false,,15.90,15.9000,false,1,102802
7290002327691,false,"מיני בורקס תפו""א",אופרה,,"מיני בורקס תפו""א",גרמים,800.00,100 גרם,false,,15.90,0.0199,false,1,102803
7290002327707,false,מיני בורקס גבינה,אופרה,,מיני בורקס גבינה,גרמים,800.00,100 גרם,false,,18.90,0.0236,true,1,102804
7290002331025,false,נביעות 0.5 ליטר -,נביעות,,נביעות 0.5 ליטר -,יחידה,500.00,יחידה,false,,2.60,0.0052,true,1,93218
7290002331094,false,נביעות 75 0.,נביעות,,נביעות 75 0.,יחידה,755.00,יחידה,false,,3.00,0.0040,true,1,93219
7290002331124,false,נביעות+ תפוח 0.5 ליט,נביעות,,נביעות+ תפוח 0.5 ליט,יחידה,500.00,יחידה,false,,6.00,0.0120,false,1,93221
7290002331155,false,נביעות+ אפרסק 0.5 לי,נביעות,,נביעות+ אפרסק 0.5 לי,יחידה,500.00,יחידה,false,,6.00,0.0120,false,1,93223
7290002331360,false,נביעות שישייה 0.5 ל',נביעות,,נביעות שישייה 0.5 ל',ליטרים,3.00,ליטר,false,,12.90,4.3000,false,1,93228
7290002331421,false,"נביעות שישיה 750 מ""ל",נביעות,,"נביעות שישיה 750 מ""ל",ליטרים,4.50,ליטר,false,,16.90,3.7556,false,1,93229
7290002331476,false,נביעות אישי בייבי,,,נביעות אישי בייבי,מיליליטרים,320.00,"100 מ""ל",false,,2.40,0.0075,true,1,147323
7290002331483,false,שישייה נביעות אישי ב,,,שישייה נביעות אישי ב,ליטרים,1.92,ליטר,false,,13.90,7.2396,true,1,145712
7290002331490,false,נביעות 1 ליטר,נביעות,,נביעות 1 ליטר,ליטרים,1.00,ליטר,false,,2.90,2.9000,false,1,147281
7290002332107,false,בר ים טרי,,,בר ים טרי,קילוגרמים,1.00,"ק""ג",true,,100.00,100.0000,false,1,214148
7290002333098,false,חומוס 500 גרם,הרדוף,,חומוס 500 גרם,גרמים,500.00,100 גרם,false,,10.90,0.0218,true,1,195302
7290002333104,false,בורגול 500 גרם,הרדוף,,בורגול 500 גרם,גרמים,500.00,100 גרם,false,,7.90,0.0158,true,1,104815
7290002333456,false,גריסי פנינה 500 גרם,הרדוף,,גריסי פנינה 500 גרם,גרמים,500.00,100 גרם,false,,9.50,0.0190,true,1,104820
7290002333463,false,שעועית מש אורגני 500,הרדוף,,שעועית מש אורגני 500,גרמים,500.00,100 גרם,false,,14.50,0.0290,true,1,111830
7290002333500,false,עדשים אדומים 500 גרם,הרדוף,,עדשים אדומים 500 גרם,גרמים,500.00,100 גרם,false,,11.90,0.0238,true,1,104821
7290002333678,false,שומשום 300גר',הרדוף,,שומשום 300גר',גרמים,500.00,100 גרם,false,,11.90,0.0238,true,1,104822
7290002333838,false,כוסמת 500 גרם,הרדוף,,כוסמת 500 גרם,גרמים,500.00,100 גרם,false,,10.90,0.0218,true,1,104825
7290002333968,false,עדשים צהובות הרדוף,הרדוף,,עדשים צהובות הרדוף,גרמים,500.00,100 גרם,false,,11.90,0.0238,true,1,205230
7290002333982,false,שעועית לבנה 500גר',הרדוף,,שעועית לבנה 500גר',גרמים,500.00,100 גרם,false,,14.50,0.0290,true,1,104835
7290002341024,false,מטליות מיקרופייבר לר,,,מטליות מיקרופייבר לר,יחידה,0.00,יחידה,false,,12.90,0.0000,true,1,208597
7290002342021,false,מטליות לשיש 5 יח',,,מטליות לשיש 5 יח',יחידה,0.00,יחידה,false,,6.90,0.0000,true,1,208671
7290002345022,false,אנטריקוט דקדק 250 גר,,,אנטריקוט דקדק 250 גר,גרמים,250.00,100 גרם,false,,15.90,0.0636,true,1,199949
7290002345121,false,אסאדו דק דק 250 גר,,,אסאדו דק דק 250 גר,גרמים,250.00,100 גרם,false,,16.90,0.0676,true,1,216447
7290002345282,false,נתחי פילה סלמון קפוא,,,נתחי פילה סלמון קפוא,קילוגרמים,1.00,"ק""ג",true,,89.90,89.9000,false,1,200660
7290002345435,false,פילה מרלוזה ארגנטינא,,,פילה מרלוזה ארגנטינא,קילוגרמים,1.00,"ק""ג",true,,31.90,31.9000,true,1,201757
7290002348139,false,תחתיות ארטישוק 400 ג,ויליגר,,תחתיות ארטישוק 400 ג,גרמים,400.00,100 גרם,false,,9.90,0.0248,true,1,127615
7290002348160,false,תירס צעיר שלם,,,תירס צעיר שלם,גרמים,400.00,100 גרם,false,,6.50,0.0163,true,1,109270
7290002348306,false,קוקטייל פירות 850 גר,,,קוקטייל פירות 850 גר,גרמים,850.00,100 גרם,false,,8.90,0.0105,true,1,109276
7290002349006,false,קוטל תיקן פיתיון ג'ל,,,קוטל תיקן פיתיון ג'ל,גרמים,5.00,100 גרם,false,,29.90,5.9800,true,1,207749
7290002353225,false,חרדל דיז'ון בדבש,,,חרדל דיז'ון בדבש,גרמים,210.00,100 גרם,false,,13.50,0.0643,true,1,191771
7290002353836,false,סרדין רוברטס בשמן זי,ויליגר,,סרדין רוברטס בשמן זי,גרמים,120.00,100 גרם,false,,7.50,0.0625,true,1,109282
7290002360278,false,תה פומפדור מינטה,פומפדור,,תה פומפדור מינטה,גרמים,45.00,100 גרם,false,,15.90,0.3533,true,1,96312
7290002371526,false,סלסולי פסטרמה שום וצ,טירת צבי,,סלסולי פסטרמה שום וצ,גרמים,120.00,100 גרם,false,,15.90,0.1325,true,1,145275
7290002371533,false,סילסולי פסטרמה ודבש,טירת צבי,,סילסולי פסטרמה ודבש,יחידה,0.00,יחידה,false,,15.90,0.0000,true,1,145276
7290002371540,false,קורנדביף 120 גר',טירת צבי,,קורנדביף 120 גר',גרמים,120.00,100 גרם,false,,15.90,0.1325,true,1,145277
7290002371571,false,פסטרמה פרגיות טירת צ,טירת צבי,,פסטרמה פרגיות טירת צ,קילוגרמים,1.00,"ק""ג",true,,84.90,84.9000,false,1,121945
7290002371939,false,סרוולד צרפתי 120 גר',טירת צבי,,סרוולד צרפתי 120 גר',גרמים,120.00,100 גרם,false,,26.90,0.2242,false,1,145278
7290002374268,false,שמן חמניות מילומ,מילומור,,שמן חמניות מילומ,ליטרים,1.00,ליטר,false,,10.90,10.9000,false,1,110208
7290002374312,false,שמן קנולה מילומו,מילומור,,שמן קנולה מילומו,ליטרים,1.00,ליטר,false,,9.90,9.9000,false,1,110209
7290002374640,false,שמן קנולה פלוס אומגה,,,שמן קנולה פלוס אומגה,ליטרים,1.00,ליטר,false,,14.90,14.9000,false,1,150188
7290002385127,false,לבנה עם זעתר גד,מחלבות גד,,לבנה עם זעתר גד,קילוגרמים,1.00,"ק""ג",true,,41.00,41.0000,true,1,185361
7290002385141,false,בולגרית מעודנת 16% ג,,,בולגרית מעודנת 16% ג,קילוגרמים,1.00,"ק""ג",true,,56.00,56.0000,true,1,197929
7290002385738,false,גבינת מנצ'גו משולשים,מחלבות גד,,גבינת מנצ'גו משולשים,קילוגרמים,1.00,"ק""ג",true,,144.00,144.0000,true,1,136266
7290002385745,false,פיקורינו משולשים גד,מחלבות גד,,פיקורינו משולשים גד,קילוגרמים,1.00,"ק""ג",true,,144.00,144.0000,true,1,136267
7290002393696,false,גבינת פטה טרה,,,גבינת פטה טרה,קילוגרמים,1.00,"ק""ג",true,,49.90,49.9000,true,1,209072
7290002395294,false,גבינת ריקוטה למעדניה,משק צוריאל,,גבינת ריקוטה למעדניה,קילוגרמים,1.00,"ק""ג",true,,55.90,55.9000,true,1,213416
7290002395300,false,כדורי מוצרלה גדולים,משק צוריאל,,כדורי מוצרלה גדולים,קילוגרמים,1.00,"ק""ג",true,,89.90,89.9000,true,1,178540
7290002395317,false,מוצרלה בייבי צוריאל,משק צוריאל,,מוצרלה בייבי צוריאל,קילוגרמים,1.00,"ק""ג",true,,89.90,89.9000,true,1,210507
7290002395409,false,גבינה צהובה נעם 28%,טרה,,גבינה צהובה נעם 28%,קילוגרמים,1.00,"ק""ג",true,,44.79,44.7900,false,1,142350
7290002395416,false,גבינה צהובה נעם 9%,,,גבינה צהובה נעם 9%,קילוגרמים,1.00,"ק""ג",true,,76.90,76.9000,false,1,142490
7290002395423,false,גבינה צהובה נעם 22%,טרה,,גבינה צהובה נעם 22%,קילוגרמים,1.00,"ק""ג",true,,42.58,42.5800,false,1,142351
7290002407034,false,זית סורי מבוקע 800 ג,ג'השאן,,זית סורי מבוקע 800 ג,גרמים,800.00,100 גרם,false,,18.90,0.0236,false,1,106984
7290002407102,false,זית סנטה גדול 800 גר,ג'השאן,,זית סנטה גדול 800 גר,גרמים,800.00,100 גרם,false,,18.90,0.0236,false,1,125599
7290002407348,false,שמן זית 750 ג'השאן,ג'השאן,,שמן זית 750 ג'השאן,מיליליטרים,750.00,"100 מ""ל",false,,29.90,0.0399,false,1,106992
7290002407461,false,שמן זית 750 זן נבאלי,ג'השאן,,שמן זית 750 זן נבאלי,מיליליטרים,750.00,"100 מ""ל",false,,36.90,0.0492,true,1,128839
7290002407911,false,זית מרוקאי ג'השאן 32,,,זית מרוקאי ג'השאן 32,גרמים,320.00,100 גרם,false,,12.90,0.0403,true,1,206704
7290002410713,false,קישקע ממולא 500 גר',מעדני הטלה,,קישקע ממולא 500 גר',גרמים,500.00,100 גרם,false,,10.90,0.0218,true,1,117988
7290002410874,false,רבעי פרגיות ממולא (מ,מעדני הטלה,,רבעי פרגיות ממולא (מ,קילוגרמים,1.00,"ק""ג",true,,51.90,51.9000,true,1,116428
7290002447146,false,מארז שניצל עגל טרי,,,מארז שניצל עגל טרי,קילוגרמים,1.00,"ק""ג",true,,95.00,95.0000,true,1,208803
7290002447214,false,מח עצם,,,מח עצם,קילוגרמים,1.00,"ק""ג",true,,37.90,37.9000,false,1,97620
7290002447405,false,בקר טחון,,,בקר טחון,קילוגרמים,1.00,"ק""ג",true,,65.00,65.0000,false,1,97622
7290002447436,false,כתף עגל טרי,,,כתף עגל טרי,קילוגרמים,1.00,"ק""ג",true,,75.00,75.0000,false,1,97625
7290002447443,false,צלי כתף עגל,,,צלי כתף עגל,קילוגרמים,1.00,"ק""ג",true,,89.90,89.9000,false,1,97626
7290002447450,false,פילה מדומה לקדירה,,,פילה מדומה לקדירה,קילוגרמים,1.00,"ק""ג",true,,79.90,79.9000,false,1,97627
7290002447467,false,אסדו עגל טרי,,,אסדו עגל טרי,קילוגרמים,1.00,"ק""ג",true,,55.00,55.0000,false,1,97628
7290002447474,false,צוואר עגל טרי.,,,צוואר עגל טרי.,קילוגרמים,1.00,"ק""ג",true,,74.90,74.9000,false,1,97629
7290002447481,false,צא'ך עגל טרי,אדום אדום,,צא'ך עגל טרי,קילוגרמים,1.00,"ק""ג",true,,74.90,74.9000,false,1,97630
7290002447498,false,ויסבראטן עגל טרי,אדום אדום,,ויסבראטן עגל טרי,קילוגרמים,1.00,"ק""ג",true,,74.90,74.9000,false,1,97631
7290002447528,false,אווזית לקדירה,אדום אדום,,אווזית לקדירה,קילוגרמים,1.00,"ק""ג",true,,74.90,74.9000,false,1,97634
7290002447542,false,אנטריקוט עגל טרי,אדום אדום,,אנטריקוט עגל טרי,קילוגרמים,1.00,"ק""ג",true,,159.00,159.0000,false,1,97636
7290002447559,false,סינטה עגל טרי,אדום אדום,,סינטה עגל טרי,קילוגרמים,1.00,"ק""ג",true,,129.00,129.0000,false,1,97637
7290002447566,false,אוסובוקו עגל טרי,,,אוסובוקו עגל טרי,קילוגרמים,1.00,"ק""ג",true,,55.00,55.0000,false,1,97638
7290002447573,false,שייטל עגל טרי,אדום אדום,,שייטל עגל טרי,קילוגרמים,1.00,"ק""ג",true,,84.90,84.9000,false,1,97639
7290002447580,false,פילה עגל טרי,אדום אדום,,פילה עגל טרי,קילוגרמים,1.00,"ק""ג",true,,239.00,239.0000,false,1,97640
7290002447597,false,שריר הזרוע,,,שריר הזרוע,קילוגרמים,1.00,"ק""ג",true,,75.00,75.0000,true,1,97641
7290002447887,false,צוואר עם עצם,,,צוואר עם עצם,קילוגרמים,1.00,"ק""ג",true,,49.90,49.9000,false,1,97643
7290002447894,false,סטייק עם עצם,,,סטייק עם עצם,קילוגרמים,1.00,"ק""ג",true,,99.00,99.0000,false,1,97644
7290002447924,false,בשר בקר טחון טרי,,,בשר בקר טחון טרי,קילוגרמים,1.00,"ק""ג",true,,65.00,65.0000,false,1,97645
7290002460060,false,קמח לבן 1קג מן,מן,,קמח לבן 1קג מן,יחידה,1.00,יחידה,false,,3.90,3.9000,false,1,103224
7290002461562,false,מיני מרגז מעדני הטלה,,,מיני מרגז מעדני הטלה,גרמים,500.00,100 גרם,false,,22.90,0.0458,true,1,146617
7290002475101,false,גפילט פיש ללא סו.,,,גפילט פיש ללא סו.,גרמים,575.00,100 גרם,false,,17.90,0.0311,true,1,123352
7290002475125,false,גפילטעפיש קציצות 670,,,גפילטעפיש קציצות 670,גרמים,670.00,100 גרם,false,,20.90,0.0312,true,1,196716
7290002475170,false,קציצות דגים צנצנ,,,קציצות דגים צנצנ,גרמים,670.00,100 גרם,false,,20.90,0.0312,true,1,99881
7290002478157,false,רבעי פרגיות ממולאות,,,רבעי פרגיות ממולאות,קילוגרמים,1.00,"ק""ג",true,,51.90,51.9000,true,1,208712
7290002485025,false,חומוס מסעדות 500גר,,,חומוס מסעדות 500גר,גרמים,500.00,100 גרם,false,,12.90,0.0258,true,1,114354
7290002485049,false,סלט חומוס מסבחה 500ג,,,סלט חומוס מסבחה 500ג,גרמים,500.00,100 גרם,false,,12.90,0.0258,true,1,114350
7290002485063,false,חומוס אבו גוש 500גר,,,חומוס אבו גוש 500גר,גרמים,500.00,100 גרם,false,,12.90,0.0258,true,1,114351
7290002488460,false,תמר מג'הול סופר עסיס,,,תמר מג'הול סופר עסיס,גרמים,500.00,100 גרם,false,,24.90,0.0498,true,1,263717
7290002502067,false,חלה רגילה קלועה,בונז'ור,,חלה רגילה קלועה,יחידה,0.00,יחידה,false,,9.90,0.0000,true,1,112030
7290002507277,false,קציצות דג 700 גר,,,קציצות דג 700 גר,גרמים,700.00,100 גרם,false,,24.90,0.0356,true,1,198883
7290002507451,false,קציצות סלמון לבישול,,,קציצות סלמון לבישול,גרמים,750.00,100 גרם,false,,31.90,0.0425,true,1,197820
7290002507604,false,פיצת השף מאיטליה 320,,,פיצת השף מאיטליה 320,גרמים,320.00,100 גרם,false,,14.90,0.0466,true,1,197541
7290002511137,false,פטה עיזים מושבה,,,פטה עיזים מושבה,קילוגרמים,1.00,"ק""ג",true,,89.90,89.9000,true,1,147659
7290002511236,false,בולגרית מעודנת מושבה,,,בולגרית מעודנת מושבה,קילוגרמים,1.00,"ק""ג",true,,51.90,51.9000,true,1,124125
7290002511243,false,בולגרית 16% המושבה,,,בולגרית 16% המושבה,קילוגרמים,1.00,"ק""ג",true,,51.90,51.9000,true,1,151855
7290002511311,false,גבינת פיקורינו כבשים,,,גבינת פיקורינו כבשים,קילוגרמים,1.00,"ק""ג",true,,159.90,159.9000,true,1,196510
7290002511397,false,ברי בקר המושבה,,,ברי בקר המושבה,קילוגרמים,1.00,"ק""ג",true,,114.90,114.9000,true,1,191834
7290002511427,false,אצבעות שוקולד וניל מ,,,אצבעות שוקולד וניל מ,קילוגרמים,1.00,"ק""ג",true,,69.90,69.9000,true,1,147577
7290002512004,false,מלאווח צנעני 900גר,צנעני,,מלאווח צנעני 900גר,גרמים,900.00,100 גרם,false,,13.90,0.0154,true,1,217265
7290002512011,false,ג'חנון צנעני 900גר,צנעני,,ג'חנון צנעני 900גר,גרמים,900.00,100 גרם,false,,13.90,0.0154,true,1,217266
7290002515333,false,קמיל פלוס 500,קמיל בלו,,קמיל פלוס 500,יחידה,500.00,יחידה,false,,17.90,0.0358,true,1,100159
7290002515364,false,קמיל בלו 500 קלא,קמיל בלו,,קמיל בלו 500 קלא,יחידה,500.00,יחידה,false,,15.90,0.0318,true,1,118552
7290002517108,false,אורגנו מיכל קטן,תבליני טעם וריח,,אורגנו מיכל קטן,גרמים,10.00,100 גרם,false,,5.50,0.5500,true,1,103280
7290002517269,false,פלפל שחור שלם מיכל ק,תבליני טעם וריח,,פלפל שחור שלם מיכל ק,גרמים,35.00,100 גרם,false,,9.50,0.2714,true,1,111647
7290002517276,false,מיכל קטן פלפל אנגלי,תבליני טעם וריח,,מיכל קטן פלפל אנגלי,גרמים,25.00,100 גרם,false,,5.50,0.2200,true,1,103282
7290002517290,false,קינמון טחון מיכל קטן,תבליני טעם וריח,,קינמון טחון מיכל קטן,גרמים,40.00,100 גרם,false,,5.50,0.1375,true,1,103284
7290002517337,false,עשבי תיבול שקיות,תבליני טעם וריח,,עשבי תיבול שקיות,גרמים,30.00,100 גרם,false,,5.90,0.1967,true,1,103285
7290002517566,false,תערובת תיבול לדג,תבליני טעם וריח,,תערובת תיבול לדג,גרמים,80.00,100 גרם,false,,9.00,0.1125,true,1,103294
7290002517580,false,תערובת תיבול לעוף,תבליני טעם וריח,,תערובת תיבול לעוף,גרמים,80.00,100 גרם,false,,9.00,0.1125,true,1,103296
7290002517603,false,בזיליקום מיכל קטן,תבליני טעם וריח,,בזיליקום מיכל קטן,גרמים,10.00,100 גרם,false,,5.50,0.5500,true,1,111782
7290002517634,false,כוזברה במיכל,תבליני טעם וריח,,כוזברה במיכל,גרמים,30.00,100 גרם,false,,5.50,0.1833,true,1,113052
7290002517726,false,מקלות קינמון במיכל,תבליני טעם וריח,,מקלות קינמון במיכל,גרמים,15.00,100 גרם,false,,5.50,0.3667,true,1,112583
7290002517733,false,קצח מיכל קטן,תבליני טעם וריח,,קצח מיכל קטן,גרמים,40.00,100 גרם,false,,5.50,0.1375,true,1,103305
7290002517801,false,צ'ילי כתוש-חריף מיכל,תבליני טעם וריח,,צ'ילי כתוש-חריף מיכל,גרמים,30.00,100 גרם,false,,5.50,0.1833,true,1,103308
7290002517818,false,הל טחון מיכל קטן,תבליני טעם וריח,,הל טחון מיכל קטן,גרמים,30.00,100 גרם,false,,10.90,0.3633,true,1,103309
7290002517825,false,פלפל לבן טחון במיכל,תבליני טעם וריח,,פלפל לבן טחון במיכל,גרמים,40.00,100 גרם,false,,9.50,0.2375,true,1,113305
7290002517863,false,ציפורן טחון,תבליני טעם וריח,,ציפורן טחון,גרמים,40.00,100 גרם,false,,9.50,0.2375,true,1,112185
7290002542780,false,שישיה בירה סטלה בק',,,שישיה בירה סטלה בק',מיליליטרים,1980.00,"100 מ""ל",false,,29.90,0.0151,false,1,259589
7290002542841,false,שישיית בירה לף בלונד,,,שישיית בירה לף בלונד,ליטרים,1.98,ליטר,false,,44.90,22.6768,false,1,260944
7290002542865,false,שישיית בירה הוגרדן,,,שישיית בירה הוגרדן,ליטרים,1.98,ליטר,false,,44.90,22.6768,false,1,260578
7290002543046,false,דגני קלוגס פרוסטיס 7,קלוגס,,דגני קלוגס פרוסטיס 7,גרמים,750.00,100 גרם,false,,17.90,0.0239,false,1,96330
7290002543237,false,קורנפלקס קלוגס 750 ג,קלוגס,,קורנפלקס קלוגס 750 ג,גרמים,750.00,100 גרם,false,,13.90,0.0185,false,1,96338
7290002581352,false,דגן קרקר חיטה 250 גר,,,דגן קרקר חיטה 250 גר,גרמים,250.00,100 גרם,false,,7.50,0.0300,true,1,197596
7290002581536,false,וופל שוקולד ללא סוכר,,,וופל שוקולד ללא סוכר,גרמים,250.00,100 גרם,false,,8.90,0.0356,true,1,196738
7290002596448,false,חזה בקר כבוש מעדני ה,,,חזה בקר כבוש מעדני ה,קילוגרמים,1.00,"ק""ג",true,,42.90,42.9000,true,1,205722
7290002596523,false,סטייק אנטריקוט משובח,מעדני הטלה,,סטייק אנטריקוט משובח,קילוגרמים,1.00,"ק""ג",true,,84.90,84.9000,true,1,134109
7290002603474,false,פוקצ'ה פטריות כמהין,,,פוקצ'ה פטריות כמהין,גרמים,200.00,100 גרם,false,,15.90,0.0795,true,1,201043
7290002603481,false,פוק'צה אנטיפסטי שף ש,,,פוק'צה אנטיפסטי שף ש,גרמים,200.00,100 גרם,false,,15.90,0.0795,true,1,201044
7290002603504,false,פוק'צה עגבניות ובצל,,,פוק'צה עגבניות ובצל,גרמים,220.00,100 גרם,false,,15.90,0.0723,true,1,201046
7290002603634,false,פיצה משולש תפזורת,,,פיצה משולש תפזורת,גרמים,80.00,100 גרם,false,,2.40,0.0300,false,1,201321
7290002603696,false,מקלות פילו אקסטרא לא,,,מקלות פילו אקסטרא לא,גרמים,450.00,100 גרם,false,,21.00,0.0467,true,1,201037
7290002608202,false,לחם כוסמין פילסברי,,,לחם כוסמין פילסברי,יחידה,0.00,יחידה,false,,15.90,0.0000,true,1,204907
7290002618263,false,טבעות בצל 600 גר,,,טבעות בצל 600 גר,גרמים,600.00,100 גרם,false,,15.90,0.0265,true,1,211150
7290002628064,false,טחון בקר בלדי קפוא 5,בלדי,,טחון בקר בלדי קפוא 5,גרמים,500.00,100 גרם,false,,19.90,0.0398,true,1,95387
7290002628088,false,טחון הודו בלדי,בלדי,,טחון הודו בלדי,גרמים,500.00,100 גרם,false,,9.90,0.0198,true,1,134786
7290002628248,false,שוקיים עוף קפוא בלדי,בלדי,,שוקיים עוף קפוא בלדי,קילוגרמים,1.00,"ק""ג",true,,31.90,31.9000,true,1,135485
7290002628255,false,כרעיים עוף קפוא בלדי,בלדי,,כרעיים עוף קפוא בלדי,קילוגרמים,1.00,"ק""ג",true,,28.90,28.9000,false,1,135486
7290002628293,false,טחון עוף בלדי 500 גר,בלדי,,טחון עוף בלדי 500 גר,גרמים,500.00,100 גרם,false,,9.90,0.0198,true,1,134787
7290002628453,false,פילה מדומה מס' 6 קפו,בלדי,,פילה מדומה מס' 6 קפו,קילוגרמים,1.00,"ק""ג",true,,49.90,49.9000,true,1,95389
7290002628484,false,כנפיים עוף קפוא בלדי,בלדי,,כנפיים עוף קפוא בלדי,קילוגרמים,1.00,"ק""ג",true,,13.90,13.9000,true,1,135487
7290002628989,false,נקניקיות מרגז 500 גר,בלדי,,נקניקיות מרגז 500 גר,גרמים,500.00,100 גרם,false,,23.90,0.0478,true,1,95413
7290002651116,false,ג'חנון חמסי,,,ג'חנון חמסי,קילוגרמים,1.00,"ק""ג",false,,15.90,15.9000,true,1,134110
7290002651123,false,מלווח חמסי,,,מלווח חמסי,קילוגרמים,1.00,"ק""ג",false,,15.90,15.9000,true,1,134111
7290002654612,false,תערובת להכנת סחלב,,,תערובת להכנת סחלב,גרמים,400.00,100 גרם,false,,17.50,0.0438,true,1,98068
7290002654674,false,תערובת לעוגת שוק,,,תערובת לעוגת שוק,גרמים,560.00,100 גרם,false,,12.90,0.0230,true,1,98070
7290002654681,false,כדורי שוקולד 500,,,כדורי שוקולד 500,גרמים,500.00,100 גרם,false,,13.50,0.0270,true,1,98071
7290002674221,false,אקווה פרש משאבה,אקווה פרש,,אקווה פרש משאבה,גרמים,100.00,100 גרם,false,,16.90,0.1690,true,1,104478
7290002688532,false,ירך הודו זכר,,,ירך הודו זכר,קילוגרמים,1.00,"ק""ג",true,,57.90,57.9000,false,1,112323
7290002692393,false,שמן קנולה ויטמין E,עץ הזית,,שמן קנולה ויטמין E,ליטרים,1.00,ליטר,false,,14.90,14.9000,false,1,110214
7290002692478,false,שמן זית כתית מעולה 7,עץ הזית,,שמן זית כתית מעולה 7,יחידה,750.00,יחידה,false,,29.90,0.0399,false,1,110219
7290002692768,false,תרסיס שמן קנולה,עץ הזית,,תרסיס שמן קנולה,יחידה,200.00,יחידה,false,,14.90,0.0745,false,1,119353
7290002692775,false,תרסיס שמן טעם חמאה,עץ הזית,,תרסיס שמן טעם חמאה,מיליליטרים,200.00,"100 מ""ל",false,,14.90,0.0745,false,1,206688
7290002692782,false,תרסיס שמן זית,עץ הזית,,תרסיס שמן זית,יחידה,200.00,יחידה,false,,14.90,0.0745,false,1,119355
7290002706731,false,רצועות פילה נילוס,,,רצועות פילה נילוס,קילוגרמים,1.00,"ק""ג",true,,65.90,65.9000,true,1,144555
7290002715504,false,מרק מג'יק,מג'יק,,מרק מג'יק,גרמים,70.00,100 גרם,false,,5.00,0.0714,false,1,109293
7290002715528,false,מרק מג'יק,מג'יק,,מרק מג'יק,גרמים,70.00,100 גרם,false,,5.00,0.0714,false,1,109295
7290002715580,false,מרק מגיק,מג'יק,,מרק מגיק,גרמים,70.00,100 גרם,false,,5.00,0.0714,false,1,109297
7290002730262,false,פלמוליב קריסטל,פלמוליב,,פלמוליב קריסטל,מיליליטרים,750.00,"100 מ""ל",false,,9.90,0.0132,false,1,96345
7290002730675,false,משחת שיניים קולגייט,קולגייט,,משחת שיניים קולגייט,מיליליטרים,100.00,"100 מ""ל",false,,10.90,0.1090,false,1,96353
7290002730811,false,משחת שיניים קולגייט,קולגייט,,משחת שיניים קולגייט,מיליליטרים,100.00,"100 מ""ל",false,,11.90,0.1190,false,1,96355
7290002730903,false,סבון פלמוליב מוצ,פלמוליב,,סבון פלמוליב מוצ,גרמים,500.00,100 גרם,false,,17.00,0.0340,true,1,96357
7290002730941,false,בלונס צמר גפן,,,בלונס צמר גפן,גרמים,100.00,100 גרם,false,,5.90,0.0590,true,1,96360
7290002730958,false,סבון פלמוליב מוצ,פלמוליב,,סבון פלמוליב מוצ,גרמים,400.00,100 גרם,false,,17.00,0.0425,true,1,96361
7290002735007,false,בצק עלים ינון,,,בצק עלים ינון,יחידה,1.00,יחידה,false,,13.90,13.9000,true,1,121393
7290002735014,false,מלווח ינון,,,מלווח ינון,גרמים,800.00,100 גרם,false,,13.90,0.0174,true,1,93041
7290002735021,false,ג'חנון ינון,,,ג'חנון ינון,גרמים,750.00,100 גרם,false,,13.90,0.0185,true,1,93042
7290002735113,false,בורקס גבינה יינון,,,בורקס גבינה יינון,גרמים,800.00,100 גרם,false,,16.90,0.0211,true,1,122663
7290002735120,false,"בורקס תפו""א ינון 800",,,"בורקס תפו""א ינון 800",גרמים,800.00,100 גרם,false,,13.90,0.0174,true,1,122664
7290002735212,false,קונכיות בצק 750 גר',,,קונכיות בצק 750 גר',גרמים,750.00,100 גרם,false,,13.90,0.0185,true,1,150443
7290002735274,false,ג'חנון יינון אפוי 60,,,ג'חנון יינון אפוי 60,גרמים,600.00,100 גרם,false,,16.90,0.0282,true,1,93043
7290002735595,false,בצק פילאס יינון,,,בצק פילאס יינון,גרמים,600.00,100 גרם,false,,18.90,0.0315,true,1,207765
7290002735915,false,מיני בורקס גבינה יינ,,,מיני בורקס גבינה יינ,גרמים,800.00,100 גרם,false,,17.90,0.0224,true,1,194731
7290002752332,false,מנטוס פירות,פרפטי ואן מלה,,מנטוס פירות,גרמים,37.50,100 גרם,false,,2.90,0.0773,true,1,102148
7290002752349,false,מנטוס מנטה,פרפטי ואן מלה,,מנטוס מנטה,גרמים,37.50,100 גרם,false,,2.90,0.0773,true,1,102149
7290002752493,false,טיק טק רביעיה,פררו,,טיק טק רביעיה,גרמים,64.00,100 גרם,false,,9.90,0.1547,true,1,102150
7290002753223,false,טיק טק רביעיה,פררו,,טיק טק רביעיה,גרמים,64.00,100 גרם,false,,9.90,0.1547,true,1,102152
7290002753995,false,קישוטי שוקולד,,,קישוטי שוקולד,גרמים,150.00,100 גרם,false,,15.90,0.1060,true,1,102156
7290002757511,false,קציצות דג לבישול,דלידג,,קציצות דג לבישול,גרמים,750.00,100 גרם,false,,31.90,0.0425,true,1,121640
7290002768036,false,תיאדנט מיפה ענק,,,תיאדנט מיפה ענק,מיליליטרים,150.00,"100 מ""ל",false,,17.90,0.1193,true,1,107891
7290002768043,false,מי פה ענק+פלואור,,,מי פה ענק+פלואור,מיליליטרים,150.00,"100 מ""ל",false,,17.90,0.1193,true,1,107892
7290002768074,false,דרמפון,,,דרמפון,ליטרים,1.00,ליטר,false,,15.90,15.9000,true,1,107893
7290002768159,false,בת אורן,,,בת אורן,מיליליטרים,500.00,"100 מ""ל",false,,15.90,0.0318,true,1,107894
7290002769644,false,עוגת דבש 400 גרם עוג,,,עוגת דבש 400 גרם עוג,יחידה,0.00,יחידה,false,,10.90,0.0000,true,1,187487
7290002769996,false,קראנץ' שוקולד,,,קראנץ' שוקולד,יחידה,0.00,יחידה,false,,24.90,0.0000,true,1,197825
7290002771111,false,קפה שחור אלנחלה עם ה,,,קפה שחור אלנחלה עם ה,גרמים,250.00,100 גרם,false,,14.90,0.0596,false,1,94687
7290002771128,false,קפה שחור אלנחלה 250,,,קפה שחור אלנחלה 250,גרמים,250.00,100 גרם,false,,14.90,0.0596,true,1,94688
7290002782131,false,דאוד'פנינה רוזנב,,,דאוד'פנינה רוזנב,מיליליטרים,150.00,"100 מ""ל",false,,22.90,0.1527,true,1,107232
7290002782759,false,קרם גוף פנינה,,,קרם גוף פנינה,מיליליטרים,400.00,"100 מ""ל",false,,22.90,0.0572,true,1,107236
7290002793311,false,מילוי גז לבלון 60ליט,,,מילוי גז לבלון 60ליט,יחידה,0.00,יחידה,false,,56.90,0.0000,false,1,138454
7290002800361,false,המבורגר מסעדות 500 ג,מעדני הטלה,,המבורגר מסעדות 500 ג,גרמים,500.00,100 גרם,false,,22.90,0.0458,true,1,134112
7290002805151,false,שמפו לרצפות 4 לי,סיף פנטסטיק,,שמפו לרצפות 4 לי,ליטרים,4.00,ליטר,false,,19.90,4.9750,false,1,101545
7290002808398,false,חומץ תפוחים 5%,,,חומץ תפוחים 5%,יחידה,473.00,יחידה,false,,8.90,0.0188,true,1,117277
7290002808527,false,חומץ תפוחים,,,חומץ תפוחים,ליטרים,1.00,ליטר,false,,13.90,13.9000,true,1,119862
7290002814016,false,מסיר שומנים,,,מסיר שומנים,מיליליטרים,750.00,"100 מ""ל",false,,14.90,0.0199,false,1,111395
7290002814054,false,אנטרטיק במתז 1 ליטר,,,אנטרטיק במתז 1 ליטר,ליטרים,1.00,ליטר,false,,9.90,9.9000,true,1,207365
7290002814061,false,סיליקון חלונות,,,סיליקון חלונות,מיליליטרים,750.00,"100 מ""ל",false,,11.00,0.0147,false,1,111396
7290002814078,false,אנטרטיק אסלות,,,אנטרטיק אסלות,ליטרים,1.00,ליטר,false,,7.90,7.9000,true,1,111397
7290002814283,false,מטהר אוויר למכשיר או,,,מטהר אוויר למכשיר או,מיליליטרים,250.00,"100 מ""ל",false,,9.90,0.0396,true,1,262714
7290002814290,false,קצף מרוכז אקונומיקה,,,קצף מרוכז אקונומיקה,ליטרים,1.00,ליטר,false,,9.90,9.9000,true,1,260729
7290002814351,false,מטהר אוויר למכשיר או,,,מטהר אוויר למכשיר או,מיליליטרים,250.00,"100 מ""ל",false,,9.90,0.0396,true,1,262715
7290002814412,false,נוזל כלים 1.5 ליטר ל,,,נוזל כלים 1.5 ליטר ל,ליטרים,1.50,ליטר,false,,9.90,6.6000,true,1,197993
7290002814436,false,נוזל כלים 1.5 ליטר ל,,,נוזל כלים 1.5 ליטר ל,ליטרים,1.50,ליטר,false,,9.90,6.6000,true,1,197996
7290002814481,false,עלמה שקיות מזון שליש,,,עלמה שקיות מזון שליש,יחידה,0.00,יחידה,false,,9.90,0.0000,true,1,218015
7290002814498,false,נוזל לניקוי כללי בתו,,,נוזל לניקוי כללי בתו,מיליליטרים,750.00,"100 מ""ל",false,,9.90,0.0132,true,1,214669
7290002814528,false,סנט מוריץ לאסלה,,,סנט מוריץ לאסלה,ליטרים,1.00,ליטר,false,,7.00,7.0000,true,1,111404
7290002814542,false,אשפתון סנט מוריץ 90*,,,אשפתון סנט מוריץ 90*,יחידה,0.00,יחידה,false,,9.90,0.0000,true,1,213675
7290002814597,false,טורנדו נוזל לפתיחת ס,,,טורנדו נוזל לפתיחת ס,ליטרים,1.00,ליטר,false,,13.90,13.9000,true,1,195453
7290002814603,false,מסיר שומנים מבושם 75,,,מסיר שומנים מבושם 75,מיליליטרים,750.00,"100 מ""ל",false,,11.90,0.0159,false,1,199720
7290002814689,false,נוזל כלים שלישי סנט,,,נוזל כלים שלישי סנט,ליטרים,2.25,ליטר,false,,17.90,7.9556,true,1,125119
7290002814719,false,נוזל רצפות 4 ליטר מא,,,נוזל רצפות 4 ליטר מא,ליטרים,4.00,ליטר,false,,13.90,3.4750,true,1,116327
7290002814825,false,כדוריות אסלה אוקינוס,,,כדוריות אסלה אוקינוס,גרמים,150.00,100 גרם,false,,9.90,0.0660,true,1,210722
7290002814870,false,מסיר שומנים בניחוח פ,,,מסיר שומנים בניחוח פ,מיליליטרים,750.00,"100 מ""ל",false,,11.90,0.0159,true,1,205708
7290002814887,false,מטליות לחות לניקוי ר,,,מטליות לחות לניקוי ר,יחידה,0.00,יחידה,false,,9.90,0.0000,true,1,209886
7290002814894,false,אקונומיקה קצף ניקוי,,,אקונומיקה קצף ניקוי,ליטרים,1.00,ליטר,false,,9.90,9.9000,true,1,212915
7290002814931,false,סנט מוריץ לרצפות,,,סנט מוריץ לרצפות,ליטרים,4.00,ליטר,false,,14.90,3.7250,true,1,111408
7290002824183,false,גבינת סקי 5% 500 גרם,שטראוס,,גבינת סקי 5% 500 גרם,גרמים,500.00,100 גרם,false,,9.96,0.0199,false,1,95531
7290002824466,false,דנונה טבעי 0%,שטראוס דנונה,,דנונה טבעי 0%,מיליליטרים,200.00,"100 מ""ל",false,,3.50,0.0175,true,1,95532
7290002824640,false,גבינה סקי 5%,שטראוס,,גבינה סקי 5%,גרמים,250.00,100 גרם,false,,4.98,0.0199,false,1,95534
7290002830948,false,מון בלאן עיזים 30% -,,,מון בלאן עיזים 30% -,גרמים,120.00,100 גרם,false,,11.90,0.0992,true,1,127322
7290002842002,false,קוואקר אנגלי 500 גרם,קוואקר,,קוואקר אנגלי 500 גרם,גרמים,500.00,100 גרם,false,,11.50,0.0230,true,1,111213
7290002842415,false,פילה אנשובי,,,פילה אנשובי,גרמים,56.00,100 גרם,false,,6.50,0.1161,true,1,111219
7290002842569,false,משקה קל חמוציות,,,משקה קל חמוציות,ליטרים,1.89,ליטר,false,,21.00,11.1111,true,1,125275
7290002842699,false,מיץ שזיפים יולה ללא,,,מיץ שזיפים יולה ללא,מיליליטרים,946.00,"100 מ""ל",false,,19.90,0.0210,true,1,214407
7290002868996,false,קוט'ג ביו 5% טרה,טרה,,קוט'ג ביו 5% טרה,גרמים,250.00,100 גרם,false,,5.90,0.0236,false,1,93243
7290002871248,false,טובורג בירה בקבוק 50,טובורג,,טובורג בירה בקבוק 50,מיליליטרים,500.00,"100 מ""ל",false,,7.60,0.0152,false,1,93244
7290002871361,false,קרלסברג בירה בקבוק 5,קרלסברג,,קרלסברג בירה בקבוק 5,מיליליטרים,500.00,"100 מ""ל",false,,7.60,0.0152,false,1,93245
7290002879237,false,טורטילה ברביקיו/צ'יל,,,טורטילה ברביקיו/צ'יל,יחידה,0.00,יחידה,false,,9.90,0.0000,true,1,202900
7290002879282,false,סומבררו תירס טבעי 20,,,סומבררו תירס טבעי 20,גרמים,200.00,100 גרם,false,,9.90,0.0495,true,1,138512
7290002879299,false,מלפפונים כבושים,,,מלפפונים כבושים,גרמים,860.00,100 גרם,false,,18.90,0.0220,true,1,114561
7290002879411,false,סלט מלפפונים חמוץ-מת,,,סלט מלפפונים חמוץ-מת,גרמים,370.00,100 גרם,false,,13.90,0.0376,true,1,151778
7290002879435,false,כרוב כבוש אורבנק 900,,,כרוב כבוש אורבנק 900,גרמים,900.00,100 גרם,false,,15.90,0.0177,true,1,114563
7290002879633,false,וופל בלגי 550 גרם,,,וופל בלגי 550 גרם,גרמים,550.00,100 גרם,false,,22.90,0.0416,true,1,219252
7290002881209,false,"רסק תפו""ע 720 גר'",,,"רסק תפו""ע 720 גר'",גרמים,720.00,100 גרם,false,,10.90,0.0151,true,1,147914
7290002881216,false,"רסק תפו""ע דיאט 720 ג",,,"רסק תפו""ע דיאט 720 ג",גרמים,720.00,100 גרם,false,,10.90,0.0151,true,1,147915
7290002881513,false,חמאת בוטנים עם שברי,,,חמאת בוטנים עם שברי,גרמים,510.00,100 גרם,false,,9.90,0.0194,true,1,190267
7290002881865,false,פטריות חתוכות תומר,תומר,,פטריות חתוכות תומר,גרמים,230.00,100 גרם,false,,4.90,0.0213,true,1,264229
7290002900092,false,סטייק בורגר 100% בקר,טירת צבי,,סטייק בורגר 100% בקר,גרמים,400.00,100 גרם,false,,22.90,0.0572,false,1,97790
7290002900207,false,המבורגר אמיתי 100% ב,טירת צבי,,המבורגר אמיתי 100% ב,גרמים,400.00,100 גרם,false,,22.90,0.0572,false,1,97795
7290002900214,false,קבב מזרחי טירת צבי,טירת צבי,,קבב מזרחי טירת צבי,גרמים,450.00,100 גרם,false,,22.90,0.0509,false,1,97796
7290002909576,false,בשר בקר טחון לקציצות,בלדי,,בשר בקר טחון לקציצות,גרמים,500.00,100 גרם,false,,19.90,0.0398,true,1,188737
7290002909804,false,פילה בקלה ללא עור,,,פילה בקלה ללא עור,קילוגרמים,1.00,"ק""ג",true,,31.90,31.9000,true,1,194241
7290002909880,false,פולי סויה אדממה 400,,,פולי סויה אדממה 400,גרמים,400.00,100 גרם,false,,8.50,0.0213,true,1,194532
7290002909989,false,שעועית ירוקה חתוכה 8,,,שעועית ירוקה חתוכה 8,גרמים,800.00,100 גרם,false,,9.90,0.0124,true,1,199257
7290002911005,false,דבש דבורים טהור 400,,,דבש דבורים טהור 400,גרמים,400.00,100 גרם,false,,19.90,0.0497,true,1,211280
7290002911029,false,דבש 350גר,,,דבש 350גר,יחידה,0.00,יחידה,false,,16.90,0.0000,true,1,102495
7290002911043,false,"דבש חורש 1 ק""ג",,,"דבש חורש 1 ק""ג",קילוגרמים,1.00,"ק""ג",false,,41.90,41.9000,true,1,102497
7290002911067,false,דבש חורש 130 גר,,,דבש חורש 130 גר,גרמים,130.00,100 גרם,false,,9.90,0.0762,true,1,194657
7290002911203,false,דבש דבורים טהור משק,,,דבש דבורים טהור משק,גרמים,250.00,100 גרם,false,,12.90,0.0516,true,1,263952
7290002919803,false,סרדין שלם ארוז,,,סרדין שלם ארוז,קילוגרמים,1.00,"ק""ג",true,,18.90,18.9000,true,1,263799
7290002921233,false,קרבונה כתמים,יעקובי,,קרבונה כתמים,גרמים,200.00,100 גרם,false,,24.90,0.1245,true,1,103337
7290002921240,false,שמפוזר,יעקובי,,שמפוזר,מיליליטרים,650.00,"100 מ""ל",false,,28.90,0.0445,true,1,103338
7290002921332,false,סבון אסטוניש,יעקובי אסטוניש,,סבון אסטוניש,גרמים,75.00,100 גרם,false,,15.90,0.2120,true,1,103339
7290002921349,false,סופר גלו,יעקובי סופר גלו,,סופר גלו,יחידה,0.00,יחידה,false,,13.90,0.0000,true,1,103340
7290002921516,false,טורבול סופג לחות,יעקובי,,טורבול סופג לחות,יחידה,340.00,יחידה,false,,31.90,0.0938,true,1,103341
7290002922117,false,עוגיות בראוניס אקלר,,,עוגיות בראוניס אקלר,גרמים,400.00,100 גרם,false,,23.90,0.0597,true,1,109773
7290002925798,false,גם וגם ירוק,,,גם וגם ירוק,גרמים,120.00,100 גרם,false,,14.90,0.1242,true,1,107898
7290002929130,false,גבינת דנבלו נטו,,,גבינת דנבלו נטו,קילוגרמים,1.00,"ק""ג",true,,84.90,84.9000,true,1,200183
7290002929512,false,כדורי פלאפל 500 גר,שלושת האופים,,כדורי פלאפל 500 גר,גרמים,500.00,100 גרם,false,,12.90,0.0258,true,1,186508
7290002929536,false,קובה למרק 600 גר,שלושת האופים,,קובה למרק 600 גר,גרמים,600.00,גרם,false,,12.90,0.0215,true,1,186510
7290002929642,false,טונה ויליגר בשמן 4*1,ויליגר,,טונה ויליגר בשמן 4*1,גרמים,560.00,100 גרם,false,,18.90,0.0337,false,1,149511
7290002954187,false,אורז יסמין 5קג,,,אורז יסמין 5קג,קילוגרמים,5.00,"ק""ג",false,,42.90,8.5800,true,1,135144
7290002973218,false,פטה יווני מחלבנה 400,נטו,,פטה יווני מחלבנה 400,גרמים,400.00,100 גרם,false,,18.00,0.0450,true,1,119473
7290002987963,false,"חומוס אחלה 1 ק""ג",אחלה,,"חומוס אחלה 1 ק""ג",גרמים,1.00,גרם,false,,13.90,13.9000,false,1,95539
7290002994329,false,לחם אחיד פרוס אגמי,,,לחם אחיד פרוס אגמי,גרמים,750.00,100 גרם,false,,6.90,0.0092,false,1,100441
7290002994794,false,חלה קלה אגמי,,,חלה קלה אגמי,גרמים,500.00,100 גרם,false,,13.90,0.0278,true,1,198988
7290002994947,false,אגמי-לחם מלא מלא 100,,,אגמי-לחם מלא מלא 100,יחידה,750.00,יחידה,false,,13.90,0.0185,true,1,149320
7290003009183,false,סירופ דיאט תפוחים 75,פריגת,,סירופ דיאט תפוחים 75,יחידה,750.00,יחידה,false,,22.90,0.0305,true,1,93258
7290003009312,false,בוטן קלוי 200 גר,קליית גת,,בוטן קלוי 200 גר,גרמים,200.00,100 גרם,false,,6.90,0.0345,true,1,102157
7290003009329,false,בוטן אמריקאי 200,קליית גת,,בוטן אמריקאי 200,גרמים,200.00,100 גרם,false,,5.90,0.0295,true,1,102158
7290003009336,false,קבוקים גת 200 גר,קליית גת,,קבוקים גת 200 גר,גרמים,200.00,100 גרם,false,,5.90,0.0295,true,1,102159
7290003009596,false,סירופ דיאט אשכוליות,פריגת,,סירופ דיאט אשכוליות,יחידה,750.00,יחידה,false,,22.90,0.0305,false,1,93268
7290003009640,false,פריגת סחוט תפוז 1 לי,פריגת,,פריגת סחוט תפוז 1 לי,ליטרים,1.00,ליטר,false,,16.00,16.0000,false,1,93273
7290003011087,false,"אורז בסמטי 1 ק""ג",אלסקה/ טילדה,,"אורז בסמטי 1 ק""ג",קילוגרמים,1.00,"ק""ג",false,,9.90,9.9000,true,1,117623
7290003013029,false,פתיל נר,,,פתיל נר,יחידה,0.00,יחידה,false,,3.90,0.0000,true,1,260310
7290003013128,false,פתיל צף,,,פתיל צף,יחידה,0.00,יחידה,false,,3.50,0.0000,true,1,215061
7290003015627,false,ריצפז פרש אפרסק 2ל',סנו ריצפז,,ריצפז פרש אפרסק 2ל',ליטרים,2.00,ליטר,false,,17.90,8.9500,false,1,108355
7290003015634,false,ריצפז פרש פסיפלורה 2,סנו ריצפז,,ריצפז פרש פסיפלורה 2,ליטרים,2.00,ליטר,false,,17.90,8.9500,false,1,108356
7290003015641,false,ריצפז פרש יסמין 2 לי,סנו ריצפז,,ריצפז פרש יסמין 2 לי,ליטרים,2.00,ליטר,false,,17.90,8.9500,false,1,108357
7290003015672,false,סופט מפיות צבעונ,סנו סופט,,סופט מפיות צבעונ,גרמים,194.00,100 גרם,false,,9.00,0.0464,true,1,139218
7290003026036,false,קמיל בלו סנסיטיב ורו,קמיל בלו,,קמיל בלו סנסיטיב ורו,ליטרים,1.00,ליטר,false,,29.90,29.9000,true,1,100165
7290003026197,false,קמיל פלוס שמן,קמיל בלו,,קמיל פלוס שמן,גרמים,520.00,100 גרם,false,,24.90,0.0479,true,1,100166
7290003026227,false,קמיל בלו שמפו סנסיטי,קמיל בלו,,קמיל בלו שמפו סנסיטי,ליטרים,1.00,ליטר,false,,29.90,29.9000,true,1,100167
7290003026234,false,קמיל תחליב לתינוק הי,קמיל בלו,,קמיל תחליב לתינוק הי,יחידה,500.00,יחידה,false,,29.90,0.0598,true,1,100168
7290003026401,false,פדיסול קרם טיפולי למ,"ד""ר פישר",,פדיסול קרם טיפולי למ,גרמים,100.00,100 גרם,false,,19.90,0.1990,true,1,179566
7290003029181,false,שוקו 2% - 1 ליטר,יטבתה,,שוקו 2% - 1 ליטר,ליטרים,1.00,ליטר,false,,11.80,11.8000,false,1,95545
7290003029372,false,משקה חלב בננה 2% - 1,יטבתה,,משקה חלב בננה 2% - 1,ליטרים,1.00,ליטר,false,,11.80,11.8000,false,1,95550
7290003029389,false,משקה חלב בננה 2%,יטבתה,,משקה חלב בננה 2%,מיליליטרים,250.00,"100 מ""ל",false,,5.20,0.0208,true,1,95551
7290003029433,false,שוקו יטבתה בקבוק 2%,יטבתה,,שוקו יטבתה בקבוק 2%,מיליליטרים,250.00,"100 מ""ל",false,,5.20,0.0208,true,1,95555
7290003029532,false,מוקה יטבתה 2% - 1 לי,יטבתה,,מוקה יטבתה 2% - 1 לי,ליטרים,1.00,ליטר,false,,11.80,11.8000,false,1,95558
7290003029617,false,שמנת מנה אישית 15%,יטבתה,,שמנת מנה אישית 15%,מיליליטרים,125.00,"100 מ""ל",false,,1.90,0.0152,false,1,120762
7290003029792,false,שוקו מארז שמינייה 2%,יטבתה,,שוקו מארז שמינייה 2%,ליטרים,1.80,ליטר,false,,19.90,11.0556,false,1,95566
7290003029815,false,חלב יטבתה 3% - 2 ליט,יטבתה,,חלב יטבתה 3% - 2 ליט,ליטרים,2.00,ליטר,false,,15.20,7.6000,false,1,95568
7290003029907,false,קפה יטבתה 2% 1 ליטר,יטבתה,,קפה יטבתה 2% 1 ליטר,ליטרים,1.00,ליטר,false,,11.80,11.8000,false,1,95573
7290003047642,false,תה ליפטון ילו לי,ליפטון,,תה ליפטון ילו לי,גרמים,150.00,100 גרם,false,,12.90,0.0860,false,1,101551
7290003054060,false,אבקת חרדל קולמנס,,,אבקת חרדל קולמנס,גרמים,113.00,100 גרם,false,,24.90,0.2204,true,1,106996
7290003054183,false,לחם שיפון מלא,,,לחם שיפון מלא,גרמים,500.00,100 גרם,false,,12.90,0.0258,true,1,111235
7290003054190,false,לחם שיפון,,,לחם שיפון,גרמים,500.00,100 גרם,false,,12.90,0.0258,true,1,111236
7290003054206,false,לחם שיפון,,,לחם שיפון,גרמים,500.00,100 גרם,false,,12.90,0.0258,true,1,111237
7290003054213,false,לחם שיפון,,,לחם שיפון,גרמים,500.00,100 גרם,false,,12.90,0.0258,true,1,111238
7290003054220,false,לחם שיפון פומפרנ,,,לחם שיפון פומפרנ,גרמים,500.00,100 גרם,false,,12.90,0.0258,true,1,111239
7290003054657,false,חרדל דיזו'ן 350 גרם,ריין דה דיג'ון,,חרדל דיזו'ן 350 גרם,גרמים,350.00,100 גרם,false,,10.90,0.0311,true,1,111242
7290003069156,false,פילה סלמון קפוא,,,פילה סלמון קפוא,קילוגרמים,1.00,"ק""ג",true,,79.90,79.9000,true,1,203237
7290003069583,false,סטייק סלמון נורווגי,דלידג,,סטייק סלמון נורווגי,קילוגרמים,1.00,"ק""ג",true,,69.90,69.9000,true,1,135311
7290003069590,false,סול ארוז,דלידג,,סול ארוז,יחידה,1.00,יחידה,false,,37.90,37.9000,true,1,130217
7290003069705,false,"פיצה אישית גבינה בד""",,,"פיצה אישית גבינה בד""",גרמים,100.00,100 גרם,false,,2.40,0.0240,false,1,197535
7290003072811,false,נקניקיות בראטוורסט 3,טירת צבי,,נקניקיות בראטוורסט 3,גרמים,320.00,100 גרם,false,,23.90,0.0747,true,1,208457
7290003072835,false,נקניקיות קנאקוורסט 3,טירת צבי,,נקניקיות קנאקוורסט 3,גרמים,320.00,100 גרם,false,,23.90,0.0747,true,1,208459
7290003072972,false,קבנוס בתיבול שום 120,טירת צבי,,קבנוס בתיבול שום 120,גרמים,120.00,100 גרם,false,,10.90,0.0908,true,1,216423
7290003103287,false,גבינת פטינה ארלה,,,גבינת פטינה ארלה,קילוגרמים,1.00,"ק""ג",true,,37.00,37.0000,true,1,208110
7290003105809,false,גבינת בלוז כחולה במ,,,גבינת בלוז כחולה במ,קילוגרמים,1.00,"ק""ג",true,,89.90,89.9000,true,1,208111
7290003121083,false,מג'יק בשר שקית,מג'יק,,מג'יק בשר שקית,גרמים,85.00,100 גרם,false,,2.70,0.0318,true,1,109307
7290003121090,false,מג'יק ירקות שקית,מג'יק,,מג'יק ירקות שקית,גרמים,85.00,100 גרם,false,,2.70,0.0318,false,1,109308
7290003121106,false,מג'יק עוף שקית,מג'יק,,מג'יק עוף שקית,גרמים,85.00,100 גרם,false,,2.70,0.0318,true,1,109309
7290003126712,false,יוגורט עיזים מחלב מל,משק צוריאל,,יוגורט עיזים מחלב מל,מיליליטרים,140.00,"100 מ""ל",false,,6.20,0.0443,true,1,118828
7290003126958,false,טופו צוריאל 9%,משק צוריאל,,טופו צוריאל 9%,גרמים,300.00,100 גרם,false,,12.00,0.0400,true,1,111568
7290003130399,false,מברשת שיניים אקו,אקווה פרש,,מברשת שיניים אקו,יחידה,0.00,יחידה,false,,9.90,0.0000,true,1,176985
7290003137343,false,שניצל הודו טרי,,,שניצל הודו טרי,קילוגרמים,1.00,"ק""ג",true,,34.90,34.9000,false,1,199007
7290003140237,false,סילאן לחיץ 360 גר' ק,קליית גת,,סילאן לחיץ 360 גר' ק,גרמים,360.00,100 גרם,false,,11.90,0.0331,true,1,151233
7290003141159,false,מרשמלו יוגטה,,,מרשמלו יוגטה,יחידה,0.00,יחידה,false,,8.50,0.0000,true,1,140527
7290003142361,false,הוטפופ מתוק מלוח,הוט פופ,,הוטפופ מתוק מלוח,גרמים,500.00,100 גרם,false,,15.00,0.0300,true,1,210072
7290003142422,false,גרעיני חמניה ללא מלח,קליית גת,,גרעיני חמניה ללא מלח,גרמים,180.00,100 גרם,false,,6.00,0.0333,true,1,134724
7290003142477,false,ערמונים קלופים וקלוי,קליית גת,,ערמונים קלופים וקלוי,גרמים,100.00,100 גרם,false,,6.40,0.0640,true,1,139363
7290003143139,false,סילאן קליית גת 900 ג,קליית גת,,סילאן קליית גת 900 ג,גרמים,900.00,100 גרם,false,,14.90,0.0166,true,1,136319
7290003143146,false,ממרח תמרים קליית גת,קליית גת,,ממרח תמרים קליית גת,גרמים,450.00,100 גרם,false,,6.00,0.0133,true,1,136320
7290003143276,false,מרשמלו רול 180 גר' י,,,מרשמלו רול 180 גר' י,גרמים,180.00,100 גרם,false,,8.50,0.0472,true,1,144868
7290003143337,false,סילאן טבעי לחיץ 350,קליית גת,,סילאן טבעי לחיץ 350,גרמים,350.00,100 גרם,false,,14.50,0.0414,false,1,151234
7290003144310,false,תערובת אגוזים וחמוצי,קליית גת,,תערובת אגוזים וחמוצי,גרמים,150.00,100 גרם,false,,16.50,0.1100,true,1,188769
7290003144419,false,סילאן טבעי קליית גת,קליית גת,,סילאן טבעי קליית גת,גרמים,710.00,100 גרם,false,,22.90,0.0323,true,1,189284
7290003145751,false,קשיו קלוי 200 גר',,,קשיו קלוי 200 גר',גרמים,200.00,100 גרם,false,,18.00,0.0900,true,1,119757
7290003145782,false,צנובר טבעי 100ג',קליית גת,,צנובר טבעי 100ג',גרמים,100.00,100 גרם,false,,23.90,0.2390,true,1,123262
7290003145959,false,פקאן טבעי 150גר גת,קליית גת,,פקאן טבעי 150גר גת,גרמים,150.00,100 גרם,false,,18.90,0.1260,true,1,136225
7290003185726,false,קבב מזרחי 500 גר',טיבון ויל,,קבב מזרחי 500 גר',גרמים,500.00,100 גרם,false,,18.90,0.0378,false,1,109311
7290003189045,false,גבינה צהובה הולנדית,,,גבינה צהובה הולנדית,קילוגרמים,1.00,"ק""ג",true,,38.90,38.9000,true,1,113085
7290003189199,false,גבינה מקסיקנית,,,גבינה מקסיקנית,קילוגרמים,1.00,"ק""ג",true,,41.90,41.9000,true,1,113086
7290003189274,false,גבינה מעושנת,,,גבינה מעושנת,קילוגרמים,1.00,"ק""ג",true,,41.90,41.9000,true,1,109665
7290003208586,false,מרטיני ביאנקו,,,מרטיני ביאנקו,מיליליטרים,750.00,"100 מ""ל",false,,44.90,0.0599,true,1,124873
7290003210114,false,"טרופית בוסתן 200 מ""ל",,,"טרופית בוסתן 200 מ""ל",מיליליטרים,200.00,"100 מ""ל",false,,1.50,0.0075,true,1,217423
7290003210817,false,טרופית בוסתן 40 יח',,,טרופית בוסתן 40 יח',יחידה,0.00,יחידה,false,,39.90,0.0000,true,1,261120
7290003227402,false,קרם גוף מיד נייט,,,קרם גוף מיד נייט,מיליליטרים,400.00,"100 מ""ל",false,,28.90,0.0722,true,1,101862
7290003229109,false,פסטרמה בפפריקה,טירת צבי,,פסטרמה בפפריקה,גרמים,400.00,100 גרם,false,,31.90,0.0797,true,1,97814
7290003229116,false,פסטרמה בדבש טירת,טירת צבי,,פסטרמה בדבש טירת,גרמים,400.00,100 גרם,false,,31.90,0.0797,true,1,97815
7290003229123,false,פסטרמה גחלים טיר,טירת צבי,,פסטרמה גחלים טיר,גרמים,400.00,100 גרם,false,,31.90,0.0797,true,1,97816
7290003229147,false,סלמי איטלקי 300,טירת צבי,,סלמי איטלקי 300,גרמים,300.00,100 גרם,false,,31.90,0.1063,true,1,97818
7290003229154,false,סלמי קוניאק 300,טירת צבי,,סלמי קוניאק 300,גרמים,300.00,100 גרם,false,,31.90,0.1063,true,1,97819
7290003229192,false,א.מ. כתף בקר מעושן 4,,,א.מ. כתף בקר מעושן 4,גרמים,400.00,100 גרם,false,,31.90,0.0797,true,1,97822
7290003229208,false,פסטרמה ספרדית 360 גר,טירת צבי,,פסטרמה ספרדית 360 גר,גרמים,360.00,100 גרם,false,,31.90,0.0886,true,1,97823
7290003229215,false,פסטרמה איטלקית 360 ג,טירת צבי,,פסטרמה איטלקית 360 ג,גרמים,360.00,100 גרם,false,,31.90,0.0886,true,1,97824
7290003229222,false,סלמי תה טירת צבי,טירת צבי,,סלמי תה טירת צבי,גרמים,300.00,100 גרם,false,,23.90,0.0797,true,1,127383
7290003268252,false,לחם חיטה מלא ללא גרע,דגנית עין בר,,לחם חיטה מלא ללא גרע,גרמים,750.00,100 גרם,false,,13.90,0.0185,false,1,187390
7290003268429,false,לחם ירוק מקמח מלא,,,לחם ירוק מקמח מלא,גרמים,750.00,100 גרם,false,,14.90,0.0199,true,1,148139
7290003287055,false,שיפודי פרגיות בלדי ק,בלדי,,שיפודי פרגיות בלדי ק,גרמים,500.00,100 גרם,false,,42.90,0.0858,true,1,135215
7290003287215,false,גולש בקר קפוא ארוז-,בלדי,,גולש בקר קפוא ארוז-,גרמים,800.00,100 גרם,false,,34.90,0.0436,false,1,135108
7290003287253,false,מרגז בלדי קצביה ארוז,בלדי,,מרגז בלדי קצביה ארוז,גרמים,500.00,100 גרם,false,,26.90,0.0538,true,1,135949
7290003287260,false,צ'וריסוס קצביה בלדי,בלדי,,צ'וריסוס קצביה בלדי,גרמים,600.00,100 גרם,false,,26.90,0.0448,false,1,136237
7290003287284,false,קבב ביתי קצביה ארוז,בלדי,,קבב ביתי קצביה ארוז,גרמים,600.00,100 גרם,false,,26.90,0.0448,false,1,135938
7290003287291,false,קבב טלה וצנובר בלדי,בלדי,,קבב טלה וצנובר בלדי,גרמים,600.00,100 גרם,false,,25.90,0.0432,false,1,136238
7290003287956,false,פילה לברק 5-7 בוואקו,,,פילה לברק 5-7 בוואקו,קילוגרמים,1.00,"ק""ג",true,,43.90,43.9000,true,1,148761
7290003318100,false,וופל שוקולד 200,מנעמים,,וופל שוקולד 200,גרמים,250.00,100 גרם,false,,3.50,0.0140,false,1,97393
7290003318131,false,ופל מנעמים אגוזים,מנעמים,,ופל מנעמים אגוזים,גרמים,200.00,100 גרם,false,,3.50,0.0175,false,1,122368
7290003318155,false,וופל לימון 200 גר,מנעמים,,וופל לימון 200 גר,גרמים,250.00,100 גרם,false,,3.50,0.0140,false,1,97394
7290003321155,false,דנונה קראנצ' שבבי פק,שטראוס דנונה,,דנונה קראנצ' שבבי פק,מיליליטרים,175.00,"100 מ""ל",false,,4.60,0.0263,false,1,95575
7290003321292,false,סקי 9%,שטראוס,,סקי 9%,גרמים,250.00,100 גרם,false,,4.75,0.0190,false,1,95576
7290003332007,false,קפה נח'לה אדום 250 ג,,,קפה נח'לה אדום 250 ג,גרמים,250.00,100 גרם,false,,13.90,0.0556,true,1,140325
7290003387410,false,בלונס מסיר איפור שלש,,,בלונס מסיר איפור שלש,יחידה,0.00,יחידה,false,,21.90,0.0000,true,1,122493
7290003400500,false,חטיף נאטרייג'ס קרמל,,,חטיף נאטרייג'ס קרמל,גרמים,47.00,100 גרם,false,,4.50,0.0957,true,1,145221
7290003401369,false,קרם לחות ועיצוב לשיע,נטורל פורמולה,,קרם לחות ועיצוב לשיע,מיליליטרים,400.00,"100 מ""ל",false,,22.90,0.0572,true,1,107901
7290003401376,false,קרם לחות ועיצוב לשיע,נטורל פורמולה,,קרם לחות ועיצוב לשיע,מיליליטרים,400.00,"100 מ""ל",false,,22.90,0.0572,true,1,107902
7290003402809,false,ריזס לבן 39 גר',,,ריזס לבן 39 גר',גרמים,39.00,100 גרם,false,,4.50,0.1154,true,1,206232
7290003411054,false,שקיות לצליה גדול- 5,הנמל,,שקיות לצליה גדול- 5,יחידה,0.00,יחידה,false,,4.60,0.0000,true,1,108795
7290003411238,false,שמרים נמסים 500 גר,הנמל,,שמרים נמסים 500 גר,גרמים,500.00,100 גרם,false,,14.60,0.0292,true,1,108797
7290003411276,false,עמבה 500 גר,,,עמבה 500 גר,גרמים,600.00,100 גרם,false,,10.90,0.0182,true,1,201353
7290003411313,false,מפות חד פעמי,הנמל,,מפות חד פעמי,גרמים,100.00,100 גרם,false,,6.50,0.0650,false,1,121458
7290003411405,false,נר נשמה 24 שעות בפח,,,נר נשמה 24 שעות בפח,יחידה,0.00,יחידה,false,,1.80,0.0000,true,1,196485
7290003411566,false,קיסמי אזניים 200 יח,,,קיסמי אזניים 200 יח,יחידה,0.00,יחידה,false,,2.30,0.0000,true,1,197818
7290003411573,false,צלחות עמוקות- 30 יח',הנמל,,צלחות עמוקות- 30 יח',יחידה,0.00,יחידה,false,,16.90,0.0000,true,1,108807
7290003411689,false,צלחות ליפתן 25 יח',הנמל,,צלחות ליפתן 25 יח',יחידה,0.00,יחידה,false,,4.80,0.0000,true,1,108808
7290003411696,false,סט מרקיות 25 יח,הנמל,,סט מרקיות 25 יח,יחידה,0.00,יחידה,false,,8.90,0.0000,true,1,108809
7290003411726,false,קיסמי שיניים הנמ,הנמל,,קיסמי שיניים הנמ,יחידה,0.00,יחידה,false,,3.50,0.0000,true,1,108811
7290003411832,false,גרנולה אגוזים 400 גר,הנמל/ שבולת בשדה,,גרנולה אגוזים 400 גר,גרמים,400.00,100 גרם,false,,11.40,0.0285,true,1,108814
7290003411948,false,צמר גפן 100 גר הנמל,הנמל,,צמר גפן 100 גר הנמל,גרמים,100.00,100 גרם,false,,4.50,0.0450,true,1,142208
7290003411993,false,גפרורים,,,גפרורים,יחידה,0.00,יחידה,false,,2.60,0.0000,true,1,122957
7290003414406,false,ריזס נטיפים לאפייה,,,ריזס נטיפים לאפייה,גרמים,283.00,100 גרם,false,,13.90,0.0491,true,1,186065
7290003423909,false,חטיף קוקיז אנד קרים,,,חטיף קוקיז אנד קרים,יחידה,0.00,יחידה,false,,4.50,0.0000,true,1,145216
7290003427154,false,"שמן זית זיתא 750 מ""ל",זיתא,,"שמן זית זיתא 750 מ""ל",יחידה,750.00,יחידה,false,,32.90,0.0439,false,1,97399
7290003434657,false,אשכולות אגוזי לוז חמ,,,אשכולות אגוזי לוז חמ,גרמים,120.00,100 גרם,false,,12.90,0.1075,true,1,217734
7290003438006,false,ממרח פסטו,אוליביה,,ממרח פסטו,גרמים,190.00,100 גרם,false,,13.90,0.0732,true,1,104853
7290003438013,false,ממרח זיתים,אוליביה,,ממרח זיתים,גרמים,190.00,100 גרם,false,,13.90,0.0732,true,1,104854
7290003438020,false,ממרח עגבניות,אוליביה,,ממרח עגבניות,גרמים,190.00,100 גרם,false,,13.90,0.0732,true,1,104855
7290003438709,false,ממרח זיתים שחורים,אוליביה,,ממרח זיתים שחורים,גרמים,190.00,100 גרם,false,,13.90,0.0732,true,1,104859
7290003438853,false,אריסה חריפה 185 גר',,,אריסה חריפה 185 גר',גרמים,185.00,100 גרם,false,,13.90,0.0751,true,1,186304
7290003438990,false,עיטורי עגבניות מיובש,אוליביה,,עיטורי עגבניות מיובש,גרמים,220.00,100 גרם,false,,19.90,0.0905,true,1,104862
7290003444009,false,ריזס שוקולד חלב הרשי,,,ריזס שוקולד חלב הרשי,גרמים,42.00,100 גרם,false,,4.50,0.1071,true,1,145223
7290003450602,false,חרדל אמיתי היינץ,היינץ,,חרדל אמיתי היינץ,גרמים,255.00,100 גרם,false,,9.90,0.0388,true,1,107013
7290003450725,false,חומץ בן יין,,,חומץ בן יין,יחידה,355.00,יחידה,false,,11.90,0.0335,true,1,107016
7290003457861,false,קרטיב סולרו,שטראוס,,קרטיב סולרו,יחידה,0.00,יחידה,false,,8.90,0.0000,true,1,154597
7290003457991,false,מאגדת קורנטו קלאסיק,שטראוס,,מאגדת קורנטו קלאסיק,יח',6.00,יח',false,,34.90,5.8167,true,1,95985
7290003514007,false,שקדי מרק מנה,,,שקדי מרק מנה,גרמים,400.00,100 גרם,false,,8.90,0.0223,false,1,138118
7290003514571,false,פרכיות אורז מנה,,,פרכיות אורז מנה,גרמים,100.00,100 גרם,false,,5.00,0.0500,true,1,137677
7290003520572,false,מארז שש מטריות משוקו,,,מארז שש מטריות משוקו,גרמים,45.00,100 גרם,false,,15.90,0.3533,true,1,148516
7290003521074,false,מרכך סרקל,סרקל,,מרכך סרקל,ליטרים,1.00,ליטר,false,,27.90,27.9000,true,1,100173
7290003521081,false,סרקל שמפו 1 ליטר,סרקל,,סרקל שמפו 1 ליטר,ליטרים,1.00,ליטר,false,,27.90,27.9000,true,1,100174
7290003521166,false,סרקל קרם שיער רו,סרקל,,סרקל קרם שיער רו,גרמים,325.00,100 גרם,false,,26.90,0.0828,true,1,100175
7290003524297,false,אספרגוס לבן שלם 330,נטו,,אספרגוס לבן שלם 330,גרמים,330.00,100 גרם,false,,9.90,0.0300,true,1,136247
7290003525461,false,סלט טונה ויליגר פיקנ,ויליגר,,סלט טונה ויליגר פיקנ,גרמים,160.00,100 גרם,false,,5.20,0.0325,true,1,109339
7290003525898,false,שלישיה סלט טונה וילי,ויליגר,,שלישיה סלט טונה וילי,גרמים,480.00,100 גרם,false,,14.90,0.0310,true,1,134866
7290003527380,false,דבדבן מתוק ללא חרצני,,,דבדבן מתוק ללא חרצני,יחידה,680.00,יחידה,false,,8.90,0.0131,true,1,139393
7290003550753,false,רביעייה טונה פוסידון,ויליגר,,רביעייה טונה פוסידון,גרמים,432.00,100 גרם,false,,21.00,0.0486,false,1,118357
7290003570164,false,מינוט שווארמה פרגית,,,מינוט שווארמה פרגית,גרמים,300.00,100 גרם,false,,29.90,0.0997,true,1,202345
7290003570928,false,קבב בלדי קצביה 500 ג,בלדי,,קבב בלדי קצביה 500 ג,גרמים,500.00,100 גרם,false,,25.90,0.0518,true,1,201544
7290003571550,false,סטייק טונה בוואקום ב,,,סטייק טונה בוואקום ב,קילוגרמים,1.00,"ק""ג",true,,45.90,45.9000,true,1,200381
7290003572618,false,מכסה הצלע צרכני מוכש,,,מכסה הצלע צרכני מוכש,קילוגרמים,1.00,"ק""ג",true,,29.90,29.9000,true,1,262222
7290003578290,false,מקלוני אורז,וילי פוד,,מקלוני אורז,גרמים,300.00,100 גרם,false,,5.60,0.0187,true,1,105104
7290003578313,false,דובדבן חמוץ ללא חרצנ,וילי פוד,,דובדבן חמוץ ללא חרצנ,גרמים,680.00,100 גרם,false,,9.90,0.0146,true,1,105105
7290003578719,false,SERA ירקות כבושים מע,וילי פוד,,SERA ירקות כבושים מע,קילוגרמים,1.60,"ק""ג",false,,17.90,11.1875,true,1,105110
7290003586080,false,צלחות וינטג' לבן 23,,,צלחות וינטג' לבן 23,יחידה,0.00,יחידה,false,,16.90,0.0000,true,1,217164
7290003586097,false,צלחות וינטג' לבן 18,,,צלחות וינטג' לבן 18,יחידה,0.00,יחידה,false,,11.90,0.0000,true,1,217162
7290003598311,false,מינוט סטייק 300 גר',,,מינוט סטייק 300 גר',יחידה,0.00,יחידה,false,,26.90,0.0000,true,1,199342
7290003632367,false,פילה ברבוניה בוואקום,,,פילה ברבוניה בוואקום,יחידה,0.00,יחידה,false,,24.90,0.0000,true,1,214472
7290003643004,false,אורז בסמטי קלאסי 1 ק,סוגת,,אורז בסמטי קלאסי 1 ק,גרמים,1.00,גרם,false,,12.90,12.9000,false,1,98637
7290003643134,false,סוכר וניל סוגת,סוגת,,סוכר וניל סוגת,גרמים,100.00,100 גרם,false,,2.80,0.0280,false,1,98639
7290003643158,false,קורנפלור 200 גר,,,קורנפלור 200 גר,גרמים,200.00,100 גרם,false,,2.80,0.0140,true,1,134490
7290003643165,false,קורנפלור 500 גר,,,קורנפלור 500 גר,גרמים,500.00,100 גרם,false,,5.90,0.0118,true,1,132949
7290003643172,false,אבקת סוכר 100 גר,סוגת,,אבקת סוכר 100 גר,גרמים,100.00,100 גרם,false,,2.20,0.0220,false,1,112777
7290003643387,false,סוכר לבן צנצנת,סוגת,,סוכר לבן צנצנת,יחידה,1.00,יחידה,false,,7.90,7.9000,false,1,98645
7290003643646,false,סוכר דמררה צנצנת,סוגת,,סוכר דמררה צנצנת,גרמים,1.00,100 גרם,false,,11.90,11.9000,false,1,98647
7290003643684,false,אפונה יבשה 500,סוגת,,אפונה יבשה 500,גרמים,500.00,100 גרם,false,,6.50,0.0130,true,1,98648
7290003643707,false,גריסים 500,סוגת,,גריסים 500,גרמים,500.00,100 גרם,false,,4.90,0.0098,false,1,98649
7290003643714,false,חומוס 500 סוגת,סוגת,,חומוס 500 סוגת,גרמים,500.00,100 גרם,false,,7.90,0.0158,true,1,98650
7290003643738,false,חיטה יבשה 500,סוגת,,חיטה יבשה 500,גרמים,500.00,100 גרם,false,,4.90,0.0098,false,1,98651
7290003643745,false,כוסמת סוגת,סוגת,,כוסמת סוגת,גרמים,500.00,100 גרם,false,,7.90,0.0158,true,1,98652
7290003643752,false,עדשים ירוקים,סוגת,,עדשים ירוקים,גרמים,500.00,100 גרם,false,,7.90,0.0158,true,1,98653
7290003643769,false,עדשים אדומים,סוגת,,עדשים אדומים,גרמים,500.00,100 גרם,false,,7.90,0.0158,true,1,98654
7290003643776,false,פופקורן 500 גר,סוגת,,פופקורן 500 גר,גרמים,500.00,100 גרם,false,,4.90,0.0098,true,1,98655
7290003643783,false,קוקוס 100 גר,סוגת,,קוקוס 100 גר,גרמים,100.00,100 גרם,false,,4.20,0.0420,true,1,98656
7290003643806,false,שעועית לבנה 500,סוגת,,שעועית לבנה 500,גרמים,500.00,100 גרם,false,,10.90,0.0218,true,1,98657
7290003643813,false,שעועית אדומה 500,סוגת,,שעועית אדומה 500,גרמים,500.00,100 גרם,false,,10.90,0.0218,true,1,98658
7290003643820,false,חומוס ענק 500 סו,סוגת,,חומוס ענק 500 סו,גרמים,500.00,100 גרם,false,,11.90,0.0238,true,1,98659
7290003648221,false,מקרל בשמן קנולה,,,מקרל בשמן קנולה,קילוגרמים,1.00,"ק""ג",true,,124.90,124.9000,true,1,112119
7290003648252,false,מטיאס אמיתי בשמן,,,מטיאס אמיתי בשמן,קילוגרמים,1.00,"ק""ג",true,,99.90,99.9000,true,1,135008
7290003703234,false,באגט אוטנטיק לבן,בונז'ור,,באגט אוטנטיק לבן,יחידה,0.00,יחידה,false,,6.50,0.0000,true,1,113088
7290003706013,false,שורש פטרוזיליה ארוז,,,שורש פטרוזיליה ארוז,יחידה,0.00,יחידה,false,,4.90,0.0000,true,1,200638
7290003713929,false,סלסה פהיטה 200 גר',,,סלסה פהיטה 200 גר',גרמים,200.00,100 גרם,false,,16.90,0.0845,true,1,199284
7290003713943,false,טרז פזוס-מחית צ'יפוט,,,טרז פזוס-מחית צ'יפוט,גרמים,200.00,100 גרם,false,,21.00,0.1050,true,1,199286
7290003715107,false,בוטנים קלויים 00,זארובי,,בוטנים קלויים 00,גרמים,400.00,100 גרם,false,,11.00,0.0275,true,1,92951
7290003715299,false,פיצוחים מעורב,זארובי,,פיצוחים מעורב,גרמים,200.00,100 גרם,false,,19.90,0.0995,true,1,92960
7290003715411,false,צנובר 100 גר,זארובי,,צנובר 100 גר,גרמים,100.00,100 גרם,false,,26.90,0.2690,true,1,92966
7290003715596,false,אגוזי מלך 300 גר,זארובי,,אגוזי מלך 300 גר,גרמים,300.00,100 גרם,false,,28.90,0.0963,true,1,119282
7290003715688,false,שקד מולבן,זארובי,,שקד מולבן,גרמים,250.00,100 גרם,false,,9.90,0.0396,true,1,92975
7290003715718,false,פיסטוק מקולף,זארובי,,פיסטוק מקולף,גרמים,100.00,100 גרם,false,,19.90,0.1990,true,1,147887
7290003715732,false,שקד גרוס 100 גר,זארובי,,שקד גרוס 100 גר,גרמים,100.00,100 גרם,false,,9.90,0.0990,true,1,92976
7290003715749,false,אגוזי מלך גרוסים,זארובי,,אגוזי מלך גרוסים,גרמים,100.00,100 גרם,false,,9.90,0.0990,true,1,92977
7290003718610,false,בלדי- במיה 400 ג',,,בלדי- במיה 400 ג',גרמים,400.00,100 גרם,false,,8.90,0.0223,true,1,198544
7290003718627,false,פול ירוק 400 גר',,,פול ירוק 400 גר',גרמים,400.00,100 גרם,false,,8.90,0.0223,true,1,198673
7290003726592,false,טופו מתובל בפסטו -מש,,,טופו מתובל בפסטו -מש,גרמים,300.00,100 גרם,false,,11.90,0.0397,false,1,207113
7290003726615,false,טופו הבית במרקם קשה-,,,טופו הבית במרקם קשה-,גרמים,300.00,100 גרם,false,,11.90,0.0397,true,1,207114
7290003726622,false,טופו פיקנטי,,,טופו פיקנטי,גרמים,300.00,100 גרם,false,,12.90,0.0430,true,1,261340
7290003726684,false,טופו חומוס בטעם טבעי,,,טופו חומוס בטעם טבעי,גרמים,300.00,100 גרם,false,,12.90,0.0430,true,1,211137
7290003726776,false,שניצל טופו בטעם עוף,,,שניצל טופו בטעם עוף,גרמים,420.00,100 גרם,false,,26.90,0.0640,true,1,263515
7290003726783,false,שניצל טופו עם תירס,,,שניצל טופו עם תירס,גרמים,420.00,100 גרם,false,,26.90,0.0640,true,1,263481
7290003726868,false,טופו חומוס בתוספת עג,,,טופו חומוס בתוספת עג,גרמים,300.00,100 גרם,false,,12.90,0.0430,true,1,261408
7290003726875,false,טופו חומוס בתוספת פס,,,טופו חומוס בתוספת פס,גרמים,300.00,100 גרם,false,,12.90,0.0430,true,1,261407
7290003744855,false,אובלטים מלוחים,,,אובלטים מלוחים,גרמים,300.00,100 גרם,false,,10.90,0.0363,true,1,143803
7290003779499,false,גינג'ר טרי,,,גינג'ר טרי,גרמים,200.00,100 גרם,false,,8.90,0.0445,true,1,127137
7290003781652,false,צלפים 370 גרם,וילי פוד,,צלפים 370 גרם,גרמים,370.00,100 גרם,false,,9.90,0.0268,true,1,105116
7290003781850,false,גבינת קשקבל פרוסות,,,גבינת קשקבל פרוסות,גרמים,200.00,100 גרם,false,,19.90,0.0995,true,1,217987
7290003782123,false,מטיאס אמיתי בשמן,,,מטיאס אמיתי בשמן,קילוגרמים,1.00,"ק""ג",true,,119.90,119.9000,true,1,139955
7290003804252,false,תיבולית קנור הודי,קנור,,תיבולית קנור הודי,גרמים,72.00,100 גרם,false,,10.00,0.1389,false,1,101586
7290003804320,false,תיבולית שום ופטרוזיל,קנור,,תיבולית שום ופטרוזיל,גרמים,72.00,100 גרם,false,,10.00,0.1389,false,1,101587
7290003804368,false,תיבולית קנור בזי,קנור,,תיבולית קנור בזי,גרמים,72.00,100 גרם,false,,10.00,0.1389,false,1,101590
7290003804382,false,תיבולית פטריות,קנור,,תיבולית פטריות,גרמים,72.00,100 גרם,false,,10.00,0.1389,false,1,101592
7290003805129,false,פירה ביתי תלמה,תלמה,,פירה ביתי תלמה,גרמים,260.00,100 גרם,false,,13.50,0.0519,false,1,101603
7290003805501,false,פתית שבדי חסכוני,פתית,,פתית שבדי חסכוני,גרמים,300.00,100 גרם,false,,18.50,0.0617,true,1,101614
7290003805587,false,פתית חיטה מלאה,פתית,,פתית חיטה מלאה,גרמים,250.00,100 גרם,false,,18.50,0.0740,true,1,126913
7290003807178,false,רוטב סויה בסגנון סינ,קנור,,רוטב סויה בסגנון סינ,יחידה,300.00,יחידה,false,,12.90,0.0430,true,1,101644
7290003807482,false,רוטב טריאקי קנור,קנור,,רוטב טריאקי קנור,יחידה,300.00,יחידה,false,,12.90,0.0430,true,1,101655
7290003864478,false,סרדינים בשמן צמחי 11,וילי פוד,,סרדינים בשמן צמחי 11,גרמים,110.00,100 גרם,false,,4.90,0.0445,true,1,105124
7290003864485,false,סרדינים ברוטב עגבניו,וילי פוד,,סרדינים ברוטב עגבניו,גרמים,110.00,100 גרם,false,,4.90,0.0445,true,1,105125
7290003864492,false,סרדינים בשמן צמחי פי,וילי פוד,,סרדינים בשמן צמחי פי,גרמים,110.00,100 גרם,false,,4.90,0.0445,true,1,105126
7290003882014,false,פילפלים כבושים 1.45,וילי פוד,,פילפלים כבושים 1.45,קילוגרמים,1.45,"ק""ג",false,,18.00,12.4138,true,1,105127
7290003882922,false,עלי גפן ממולאים 400,וילי פוד,,עלי גפן ממולאים 400,גרמים,400.00,100 גרם,false,,8.90,0.0223,true,1,105132
7290003893027,false,דג מרלוזה ארוז,ווינר פוד,,דג מרלוזה ארוז,קילוגרמים,1.00,"ק""ג",true,,36.90,36.9000,true,1,119923
7290003893690,false,פילה אמנון 5-7,,,פילה אמנון 5-7,קילוגרמים,1.00,"ק""ג",true,,24.90,24.9000,true,1,214956
7290003893843,false,פילה אמנון בלי עור,,,פילה אמנון בלי עור,קילוגרמים,1.00,"ק""ג",true,,26.90,26.9000,true,1,204471
7290003893911,false,דג נילוס בוואקום,,,דג נילוס בוואקום,קילוגרמים,1.00,"ק""ג",true,,74.90,74.9000,true,1,209010
7290003896141,false,פיצוחים אלפנדוס,קליית גת,,פיצוחים אלפנדוס,גרמים,200.00,100 גרם,false,,8.90,0.0445,true,1,112541
7290003903771,false,קפוצ'ינו פחית 200 גר,עלית,,קפוצ'ינו פחית 200 גר,גרמים,200.00,100 גרם,false,,24.90,0.1245,true,1,98891
7290003903788,false,קפוצ'ינו וניל 200 גר,עלית,,קפוצ'ינו וניל 200 גר,גרמים,200.00,100 גרם,false,,24.90,0.1245,true,1,98892
7290003911639,false,עצמות מח פרוס,,,עצמות מח פרוס,קילוגרמים,1.00,"ק""ג",true,,55.00,55.0000,true,1,213853
7290003938049,false,נוזל הברקה למדיח,יעקובי,,נוזל הברקה למדיח,מיליליטרים,500.00,"100 מ""ל",false,,21.90,0.0438,true,1,103347
7290003956012,false,גבינת פטאקי 16%,,,גבינת פטאקי 16%,קילוגרמים,1.00,"ק""ג",true,,38.90,38.9000,false,1,143376
7290003989539,false,רביולי גבינה,שטראוס,,רביולי גבינה,גרמים,400.00,100 גרם,false,,19.90,0.0497,true,1,95579
7290003989553,false,טורטליני פיטריות,שטראוס,,טורטליני פיטריות,גרמים,400.00,100 גרם,false,,19.90,0.0497,true,1,95580
7290004011284,false,בסיס להכנת קצפת ריץ',ריץ',,בסיס להכנת קצפת ריץ',מיליליטרים,212.00,"100 מ""ל",false,,7.50,0.0354,true,1,123113
7290004011338,false,ריץ' קצפת מיכל 22.5%,ריץ',,ריץ' קצפת מיכל 22.5%,גרמים,250.00,100 גרם,false,,10.90,0.0436,false,1,123839
7290004011345,false,ר'יצ קצפת פרווה 250,ריץ',,ר'יצ קצפת פרווה 250,גרמים,250.00,100 גרם,false,,10.90,0.0436,false,1,135117
7290004011796,false,קבבונים אל גאוצ'ו 40,אל גאוצו',,קבבונים אל גאוצ'ו 40,גרמים,400.00,100 גרם,false,,21.90,0.0547,false,1,125181
7290004011819,false,המבורגר ריב אנטריקוט,אל גאוצו',,המבורגר ריב אנטריקוט,גרמים,360.00,100 גרם,false,,21.90,0.0608,false,1,136976
7290004011826,false,מיני המבורגר ריב אנט,אל גאוצו',,מיני המבורגר ריב אנט,גרמים,320.00,100 גרם,false,,21.90,0.0684,false,1,136977
7290004014407,false,סוכריות אם אנד אם,,,סוכריות אם אנד אם,גרמים,46.20,100 גרם,false,,4.90,0.1061,true,1,190023
7290004022309,false,סוכריות אם אנד אם 80,,,סוכריות אם אנד אם 80,גרמים,80.00,100 גרם,false,,7.90,0.0988,true,1,197845
7290004030018,false,פרי ניב מיץ לימון 10,,,פרי ניב מיץ לימון 10,ליטרים,0.50,ליטר,false,,6.90,13.8000,true,1,124637
7290004030100,false,מיץ תפוזים סחוט וולנ,,,מיץ תפוזים סחוט וולנ,ליטרים,1.00,ליטר,false,,14.90,14.9000,true,1,210642
7290004030223,false,מיץ תפוחים סחוט 1 לי,,,מיץ תפוחים סחוט 1 לי,ליטרים,1.00,ליטר,false,,17.90,17.9000,true,1,142223
7290004030445,false,פרי ניב מיץ תפוזים 1,פרי ניב,,פרי ניב מיץ תפוזים 1,ליטרים,1.00,ליטר,false,,13.50,13.5000,true,1,118879
7290004030544,false,פרי ניב לימונענע 1 ל,פרי ניב,,פרי ניב לימונענע 1 ל,ליטרים,1.00,ליטר,false,,12.50,12.5000,true,1,120334
7290004030612,false,מיץ קיוי אגס תפוח 1,,,מיץ קיוי אגס תפוח 1,ליטרים,1.00,ליטר,false,,15.00,15.0000,true,1,147464
7290004030810,false,שייק בננה פסיפלורה ת,פרי ניב,,שייק בננה פסיפלורה ת,ליטרים,1.00,ליטר,false,,17.90,17.9000,true,1,196235
7290004030834,false,מיץ רימונים 1 ליטר,פרי ניב,,מיץ רימונים 1 ליטר,ליטרים,1.00,ליטר,false,,23.90,23.9000,true,1,122939
7290004033705,false,הבורגריה 6 לחמניות ה,ברמן,,הבורגריה 6 לחמניות ה,גרמים,600.00,100 גרם,false,,14.90,0.0248,true,1,219073
7290004033712,false,לחם עננים מקמח מלא ע,ברמן,,לחם עננים מקמח מלא ע,גרמים,750.00,100 גרם,false,,12.90,0.0172,true,1,219074
7290004061449,false,שניצל אמרקאי 700 גר,ויטה,,שניצל אמרקאי 700 גר,גרמים,700.00,100 גרם,false,,13.90,0.0199,true,1,210590
7290004061463,false,שניצל עוף אמיתי שומש,,,שניצל עוף אמיתי שומש,גרמים,700.00,100 גרם,false,,28.90,0.0413,true,1,212984
7290004061487,false,טבעות עוף 700 גר,פרסקו,,טבעות עוף 700 גר,גרמים,700.00,100 גרם,false,,13.90,0.0199,true,1,212381
7290004061494,false,נגיסי עוף 700גר,פרסקו,,נגיסי עוף 700גר,גרמים,700.00,100 גרם,false,,13.90,0.0199,true,1,212382
7290004063016,false,מלח דק 1 קג,קבוצת יבנה,,מלח דק 1 קג,יחידה,1.00,יחידה,false,,1.90,1.9000,false,1,103219
7290004063092,false,מלח למדיח 2קג,,,מלח למדיח 2קג,קילוגרמים,2.00,"ק""ג",false,,10.90,5.4500,false,1,128149
7290004063115,false,מלח עבה 1 קג,קבוצת יבנה,,מלח עבה 1 קג,יחידה,1.00,יחידה,false,,1.90,1.9000,false,1,103220
7290004064099,false,מטחנה מלח מהרי ההימל,,,מטחנה מלח מהרי ההימל,גרמים,250.00,100 גרם,false,,15.90,0.0636,true,1,192302
7290004064174,false,מלח הארץ הימלאיה דק,מלח הארץ,,מלח הארץ הימלאיה דק,קילוגרמים,1.00,"ק""ג",false,,15.90,15.9000,true,1,200214
7290004064181,false,מלח הארץ הימלאיה גס,מלח הארץ,,מלח הארץ הימלאיה גס,קילוגרמים,1.00,"ק""ג",false,,15.90,15.9000,true,1,200215
7290004064280,false,מלח מופחת נתרן בצנצנ,מלח הארץ,,מלח מופחת נתרן בצנצנ,גרמים,600.00,100 גרם,false,,15.90,0.0265,true,1,207977
7290004064297,false,מלח מועשר ביוד צנצנת,מלח הארץ,,מלח מועשר ביוד צנצנת,קילוגרמים,1.00,"ק""ג",false,,8.90,8.9000,true,1,207600
7290004064303,false,מלח אטלנטי בצנצנת 80,מלח הארץ,,מלח אטלנטי בצנצנת 80,גרמים,800.00,100 גרם,false,,18.90,0.0236,true,1,207601
7290004064389,false,מלח הימאליה דק מלחיה,,,מלח הימאליה דק מלחיה,גרמים,250.00,100 גרם,false,,10.00,0.0400,false,1,215895
7290004068011,false,יוגורט כבשים 600 גר,מחלבות גד,,יוגורט כבשים 600 גר,גרמים,600.00,100 גרם,false,,16.90,0.0282,true,1,140046
7290004068028,false,יוגורט ציזיקי לשתייה,מחלבות גד,,יוגורט ציזיקי לשתייה,מיליליטרים,500.00,"100 מ""ל",false,,9.10,0.0182,true,1,141732
7290004068035,false,"יוגורט איירן 500 מ""ל",מחלבות גד,,"יוגורט איירן 500 מ""ל",מיליליטרים,500.00,"100 מ""ל",false,,7.50,0.0150,true,1,141499
7290004068172,false,יוגורט עיזים דלי 600,תנובה חלב,,יוגורט עיזים דלי 600,גרמים,600.00,100 גרם,false,,16.90,0.0282,true,1,145912
7290004068509,false,בולגרית 5% גד,,,בולגרית 5% גד,קילוגרמים,1.00,"ק""ג",true,,54.60,54.6000,false,1,199820
7290004068523,false,גבינה צהובה גד 28%,מחלבות גד,,גבינה צהובה גד 28%,קילוגרמים,1.00,"ק""ג",true,,35.90,35.9000,false,1,187857
7290004068912,false,גבינת גרנה פדנו גד,,,גבינת גרנה פדנו גד,קילוגרמים,1.00,"ק""ג",true,,129.90,129.9000,true,1,211063
7290004078263,false,בלונס מקלות אזניים ז,,,בלונס מקלות אזניים ז,יחידה,0.00,יחידה,false,,10.90,0.0000,true,1,96374
7290004078270,false,פלמוליב לכלים לימון,פלמוליב,,פלמוליב לכלים לימון,ליטרים,1.00,ליטר,false,,13.90,13.9000,false,1,96375
7290004078690,false,אג'קס ג'ל לאסלה,אג'קס,,אג'קס ג'ל לאסלה,יחידה,750.00,יחידה,false,,14.90,0.0199,true,1,96383
7290004119010,false,גבינה מותכת שדה 25%,תנובה חלב,,גבינה מותכת שדה 25%,גרמים,500.00,100 גרם,false,,13.40,0.0268,true,1,205183
7290004119133,false,יוגורט בכד 7% 1.5 לי,תנובה חלב,,יוגורט בכד 7% 1.5 לי,ליטרים,1.50,100 ליטר,false,,18.30,12.2000,true,1,96961
7290004119225,false,יופלה אננס ספונטני 3,תנובה חלב,,יופלה אננס ספונטני 3,מיליליטרים,150.00,"100 מ""ל",false,,5.10,0.0340,true,1,96962
7290004120061,false,קרלו מעדן שוניל 1.5%,תנובה חלב,,קרלו מעדן שוניל 1.5%,גרמים,125.00,100 גרם,false,,3.00,0.0240,true,1,96969
7290004120108,false,יופלה דבדבן 0%,תנובה חלב,,יופלה דבדבן 0%,מיליליטרים,150.00,"100 מ""ל",false,,5.10,0.0340,true,1,96971
7290004120566,false,בולגרית פיראוס 24%,תנובה חלב,,בולגרית פיראוס 24%,גרמים,250.00,100 גרם,false,,24.50,0.0980,false,1,96984
7290004120573,false,בולגרית פיראוס 16%,תנובה חלב,,בולגרית פיראוס 16%,גרמים,250.00,100 גרם,false,,24.50,0.0980,false,1,96985
7290004120634,false,בולגרית פיראוס 5%,תנובה חלב,,בולגרית פיראוס 5%,גרמים,250.00,100 גרם,false,,24.50,0.0980,false,1,96986
7290004120832,false,חלב כד 3% מהדרין,תנובה חלב,,חלב כד 3% מהדרין,ליטרים,2.00,ליטר,false,,12.46,6.2300,false,1,96989
7290004121280,false,שמנת תנובה 9% חצי מנ,,,שמנת תנובה 9% חצי מנ,מיליליטרים,100.00,"100 מ""ל",false,,1.30,0.0130,false,1,203485
7290004121488,false,יופלה אפרסק חטוב 0%,תנובה חלב,,יופלה אפרסק חטוב 0%,מיליליטרים,150.00,"100 מ""ל",false,,5.10,0.0340,true,1,96997
7290004121525,false,מאגדת יופלה אפרסק+תו,תנובה חלב,,מאגדת יופלה אפרסק+תו,מיליליטרים,1200.00,"100 מ""ל",false,,31.90,0.0266,true,1,96999
7290004121754,false,יופלה עוגת גבינה ותו,תנובה חלב,,יופלה עוגת גבינה ותו,מיליליטרים,150.00,"100 מ""ל",false,,5.10,0.0340,true,1,97007
7290004121839,false,פטה כבשים 20% פיראוס,תנובה חלב,,פטה כבשים 20% פיראוס,גרמים,250.00,100 גרם,false,,28.50,0.1140,false,1,97008
7290004121853,false,פיראוס קוביות בולגרי,תנובה חלב,,פיראוס קוביות בולגרי,גרמים,200.00,100 גרם,false,,21.90,0.1095,false,1,97009
7290004122119,false,פתיתי פרמזן לאפיה 23,תנובה חלב,,פתיתי פרמזן לאפיה 23,גרמים,100.00,100 גרם,false,,12.60,0.1260,true,1,97012
7290004122195,false,גוש חלב פרוס 28%,תנובה חלב,,גוש חלב פרוס 28%,גרמים,200.00,100 גרם,false,,14.60,0.0730,false,1,97013
7290004122270,false,עמק פרוסות 28%,תנובה חלב,,עמק פרוסות 28%,גרמים,200.00,100 גרם,false,,16.90,0.0845,false,1,97014
7290004122348,false,עמק לייט 9%,תנובה חלב,,עמק לייט 9%,גרמים,200.00,100 גרם,false,,17.90,0.0895,false,1,97016
7290004122607,false,עמק לייט למעדניה,,,עמק לייט למעדניה,קילוגרמים,1.00,"ק""ג",true,,76.90,76.9000,true,1,96847
7290004122676,false,גבינת חמד 5% גביע 25,תנובה חלב,,גבינת חמד 5% גביע 25,גרמים,250.00,100 גרם,false,,18.90,0.0756,false,1,97020
7290004122683,false,אצבעות חטיף גבינת עמ,תנובה חלב,,אצבעות חטיף גבינת עמ,גרמים,172.00,100 גרם,false,,16.90,0.0983,false,1,97021
7290004124168,false,יופלה טבעי 3%,תנובה חלב,,יופלה טבעי 3%,מיליליטרים,150.00,"100 מ""ל",false,,2.20,0.0147,true,1,225253
7290004124205,false,יופלה תות קליל 0%,תנובה חלב,,יופלה תות קליל 0%,מיליליטרים,150.00,"100 מ""ל",false,,5.10,0.0340,true,1,97039
7290004124847,false,קצפת צימחית השף הלבן,תנובה חלב,,קצפת צימחית השף הלבן,מיליליטרים,500.00,"100 מ""ל",false,,16.50,0.0330,true,1,97045
7290004125370,false,שמנת תנובה 9%,תנובה חלב,,שמנת תנובה 9%,גרמים,200.00,100 גרם,false,,3.80,0.0190,true,1,97049
7290004125400,false,שלי אשל 4.5%,תנובה חלב,,שלי אשל 4.5%,מיליליטרים,200.00,"100 מ""ל",false,,1.69,0.0084,false,1,97050
7290004125417,false,שלי גיל 3%,תנובה חלב,,שלי גיל 3%,מיליליטרים,200.00,"100 מ""ל",false,,1.51,0.0076,false,1,97051
7290004125455,false,שמנת 15%,תנובה חלב,,שמנת 15%,מיליליטרים,200.00,"100 מ""ל",false,,2.40,0.0120,false,1,97052
7290004125462,false,שמנת חמוצה 15%,תנובה חלב,,שמנת חמוצה 15%,יחידה,500.00,יחידה,false,,6.00,0.0120,false,1,97053
7290004125509,false,שמנת אורגינל 15%,תנובה חלב,,שמנת אורגינל 15%,מיליליטרים,100.00,"100 מ""ל",false,,1.70,0.0170,false,1,97055
7290004125578,false,משקה סויה מועשר 1.6%,תנובה חלב,,משקה סויה מועשר 1.6%,ליטרים,1.00,ליטר,false,,9.90,9.9000,false,1,97057
7290004125585,false,משקה סויה וניל 1.45%,תנובה חלב,,משקה סויה וניל 1.45%,ליטרים,1.00,ליטר,false,,10.60,10.6000,false,1,97058
7290004125721,false,שמנת לבישול 15%,תנובה חלב,,שמנת לבישול 15%,מיליליטרים,250.00,"100 מ""ל",false,,8.70,0.0348,true,1,97064
7290004125738,false,שמנת להקצפה 32%,תנובה חלב,,שמנת להקצפה 32%,מיליליטרים,250.00,"100 מ""ל",false,,6.90,0.0276,true,1,97065
7290004125776,false,עמק פרוס 28% 400 גרם,תנובה חלב,,עמק פרוס 28% 400 גרם,גרמים,400.00,100 גרם,false,,31.00,0.0775,false,1,97067
7290004126674,false,טל העמק לייט 9%,תנובה חלב,,טל העמק לייט 9%,גרמים,200.00,100 גרם,false,,19.90,0.0995,true,1,97077
7290004126759,false,יופלה פירות יער 0%,תנובה חלב,,יופלה פירות יער 0%,מיליליטרים,150.00,"100 מ""ל",false,,5.10,0.0340,true,1,97081
7290004126872,false,שוקו בקבוקון 2%,תנובה חלב,,שוקו בקבוקון 2%,מיליליטרים,250.00,"100 מ""ל",false,,5.90,0.0236,true,1,97082
7290004127077,false,קוט'ג תנובה 3%,תנובה חלב,,קוט'ג תנובה 3%,גרמים,250.00,100 גרם,false,,5.50,0.0220,false,1,97083
7290004127329,false,קוטג' תנובה 5% 250 ג,תנובה חלב,,קוטג' תנובה 5% 250 ג,גרמים,250.00,100 גרם,false,,5.50,0.0220,false,1,97086
7290004127336,false,קוטג' תנובה 9% 250 ג,תנובה חלב,,קוטג' תנובה 9% 250 ג,גרמים,250.00,100 גרם,false,,5.50,0.0220,false,1,97087
7290004127800,false,גבינה לבנה 5% 500 גר,תנובה חלב,,גבינה לבנה 5% 500 גר,גרמים,500.00,100 גרם,false,,9.96,0.0199,false,1,97089
7290004127817,false,גבינה לבנה 9% 500 גר,תנובה חלב,,גבינה לבנה 9% 500 גר,גרמים,500.00,100 גרם,false,,10.00,0.0200,false,1,97090
7290004127862,false,גבינה 5% 750,תנובה חלב,,גבינה 5% 750,גרמים,750.00,100 גרם,false,,14.94,0.0199,false,1,97091
7290004128333,false,לבנה פיראוס 9% - 500,תנובה חלב,,לבנה פיראוס 9% - 500,גרמים,500.00,100 גרם,false,,20.90,0.0418,false,1,97104
7290004128340,false,גבינת קרם 5% טבעית,תנובה חלב,,גבינת קרם 5% טבעית,גרמים,200.00,100 גרם,false,,11.90,0.0595,true,1,97105
7290004128364,false,גבינת קרם 5% זית,תנובה חלב,,גבינת קרם 5% זית,גרמים,200.00,100 גרם,false,,11.90,0.0595,true,1,97106
7290004128432,false,פתיתים מיוחדים לפיצה,תנובה חלב,,פתיתים מיוחדים לפיצה,גרמים,500.00,100 גרם,false,,23.50,0.0470,false,1,115569
7290004129101,false,נפוליאון טבעי 30%,תנובה חלב,,נפוליאון טבעי 30%,גרמים,225.00,100 גרם,false,,14.50,0.0644,false,1,97117
7290004129156,false,נפוליאון שום שמיר 30,תנובה חלב,,נפוליאון שום שמיר 30,גרמים,225.00,100 גרם,false,,14.50,0.0644,false,1,97119
7290004129569,false,גבינת שמנת שום שמיר,,,גבינת שמנת שום שמיר,קילוגרמים,1.00,"ק""ג",true,,45.90,45.9000,true,1,121746
7290004129576,false,גבינת שמנת זיתים,,,גבינת שמנת זיתים,קילוגרמים,1.00,"ק""ג",true,,45.90,45.9000,true,1,121747
7290004129767,false,יופלה טבעי 3% שמיניה,תנובה חלב,,יופלה טבעי 3% שמיניה,מיליליטרים,1200.00,"100 מ""ל",false,,18.40,0.0153,true,1,97132
7290004129903,false,גבינת שמנת טבעי,,,גבינת שמנת טבעי,קילוגרמים,1.00,"ק""ג",true,,45.90,45.9000,true,1,121748
7290004130794,false,משקה סויה מועשר 1.6%,תנובה חלב,,משקה סויה מועשר 1.6%,ליטרים,1.00,ליטר,false,,10.60,10.6000,false,1,97139
7290004130916,false,יופלה פירות יער בשמנ,תנובה חלב,,יופלה פירות יער בשמנ,מיליליטרים,150.00,"100 מ""ל",false,,5.10,0.0340,false,1,97142
7290004131074,false,חלב 3% טרי בקרטון מה,תנובה חלב,,חלב 3% טרי בקרטון מה,ליטרים,1.00,ליטר,false,,6.23,6.2300,false,1,97147
7290004131432,false,יופלה טבעי 3%,תנובה חלב,,יופלה טבעי 3%,מיליליטרים,200.00,"100 מ""ל",false,,4.00,0.0200,true,1,97151
7290004131456,false,יופלה טבעי 1.5%,תנובה חלב,,יופלה טבעי 1.5%,מיליליטרים,200.00,"100 מ""ל",false,,4.00,0.0200,true,1,97152
7290004131814,false,גבינת פיראוס צפתית מ,תנובה חלב,,גבינת פיראוס צפתית מ,גרמים,200.00,100 גרם,false,,15.90,0.0795,false,1,97165
7290004131845,false,לאבנה פיראוס 9% 750,תנובה חלב,,לאבנה פיראוס 9% 750,גרמים,750.00,100 גרם,false,,23.90,0.0319,false,1,139846
7290004132552,false,דיאט סויה טבעי 1.8%,תנובה חלב,,דיאט סויה טבעי 1.8%,ליטרים,1.00,ליטר,false,,10.60,10.6000,false,1,97186
7290004132606,false,מאגדת מיני קרלו שמינ,תנובה חלב,,מאגדת מיני קרלו שמינ,יחידה,800.00,יחידה,false,,14.70,0.0184,true,1,113669
7290004132712,false,אצבעות גבינת מוצרלה,תנובה חלב,,אצבעות גבינת מוצרלה,גרמים,174.00,100 גרם,false,,16.90,0.0971,false,1,97194
7290004132903,false,"גבינה 3% בד""צ",תנובה חלב,,"גבינה 3% בד""צ",גרמים,250.00,100 גרם,false,,5.00,0.0200,false,1,156487
7290004133511,false,שמיניית יופלה במתיקו,תנובה חלב,,שמיניית יופלה במתיקו,מיליליטרים,1200.00,"100 מ""ל",false,,21.90,0.0182,true,1,97212
7290004134945,false,יופלה מוקה 3%,תנובה חלב,,יופלה מוקה 3%,מיליליטרים,150.00,"100 מ""ל",false,,5.10,0.0340,true,1,97247
7290004135058,false,מאגדת מיני קרלו שמינ,תנובה חלב,,מאגדת מיני קרלו שמינ,גרמים,800.00,100 גרם,false,,14.70,0.0184,true,1,113670
7290004135072,false,מאגדת קרלו מיני שוקו,תנובה חלב,,מאגדת קרלו מיני שוקו,גרמים,800.00,100 גרם,false,,14.70,0.0184,true,1,121516
7290004135119,false,קרלו מיני וניל מארז,תנובה חלב,,קרלו מיני וניל מארז,יחידה,800.00,יחידה,false,,14.70,0.0184,true,1,121268
7290004135225,false,מעדן דיאט שוקולדה 0%,תנובה חלב,,מעדן דיאט שוקולדה 0%,מיליליטרים,150.00,"100 מ""ל",false,,4.10,0.0273,true,1,97254
7290004135324,false,בולגרית 5% מעודנת תנ,,,בולגרית 5% מעודנת תנ,קילוגרמים,1.00,"ק""ג",true,,49.90,49.9000,false,1,96850
7290004135614,false,בולגרית מעודנת 5% תנ,תנובה חלב,,בולגרית מעודנת 5% תנ,גרמים,250.00,100 גרם,false,,23.90,0.0956,false,1,114039
7290004136154,false,שוק אייס קפה 2% 340,תנובה חלב,,שוק אייס קפה 2% 340,מיליליטרים,650.00,"100 מ""ל",false,,7.30,0.0112,true,1,114698
7290004136291,false,צפתית מעודנת,,,צפתית מעודנת,קילוגרמים,1.00,"ק""ג",true,,59.90,59.9000,true,1,120176
7290004136598,false,מארז הפסקת אוכל חלב,תנובה חלב,,מארז הפסקת אוכל חלב,מיליליטרים,150.00,"100 מ""ל",false,,9.30,0.0620,false,1,112319
7290004136857,false,ג'לי פטל תנובה,תנובה חלב,,ג'לי פטל תנובה,גרמים,125.00,100 גרם,false,,2.40,0.0192,true,1,111833
7290004136864,false,ג'לי אננס עם חתיכו א,תנובה חלב,,ג'לי אננס עם חתיכו א,גרמים,125.00,100 גרם,false,,2.80,0.0224,true,1,111834
7290004136871,false,ג'לי אפרסק עם חתיכות,תנובה חלב,,ג'לי אפרסק עם חתיכות,גרמים,125.00,100 גרם,false,,2.80,0.0224,true,1,111835
7290004137021,false,שמנת לבישול מופחת שו,תנובה חלב,,שמנת לבישול מופחת שו,מיליליטרים,250.00,"100 מ""ל",false,,8.70,0.0348,false,1,115520
7290004137311,false,עמק לייט 9% 400 גרם,תנובה חלב,,עמק לייט 9% 400 גרם,גרמים,400.00,100 גרם,false,,31.90,0.0797,false,1,115102
7290004137809,false,לאבנה 5% פיראוס,תנובה חלב,,לאבנה 5% פיראוס,גרמים,250.00,100 גרם,false,,13.00,0.0520,false,1,115352
7290004146986,false,נקה 7-שמפו צבוע כתו,נקה 7,,נקה 7-שמפו צבוע כתו,מיליליטרים,750.00,"100 מ""ל",false,,11.90,0.0159,true,1,107925
7290004147020,false,ספוג יפני לרחצה,,,ספוג יפני לרחצה,יחידה,0.00,יחידה,false,,22.90,0.0000,true,1,105244
7290004147051,false,קיסמי שיניים צנצ,,,קיסמי שיניים צנצ,יחידה,0.00,יחידה,false,,10.90,0.0000,true,1,105246
7290004147150,false,רצועות מסאז' לגב,,,רצועות מסאז' לגב,יחידה,0.00,יחידה,false,,12.90,0.0000,true,1,105249
7290004147266,false,רפידות אל ריח,,,רפידות אל ריח,יחידה,0.00,יחידה,false,,10.90,0.0000,true,1,128790
7290004147280,false,שקית כביסון,,,שקית כביסון,יחידה,750.00,יחידה,false,,9.90,0.0132,true,1,105254
7290004147310,false,מראה לטיול מס 4,,,מראה לטיול מס 4,יחידה,0.00,יחידה,false,,6.90,0.0000,true,1,203075
7290004147327,false,מלבין כביסה 1 קג,,,מלבין כביסה 1 קג,מיליליטרים,1000.00,"100 מ""ל",false,,19.90,0.0199,true,1,105256
7290004147334,false,סוגרן שקיות,,,סוגרן שקיות,יחידה,0.00,יחידה,false,,7.90,0.0000,true,1,114704
7290004165000,false,"רסק תפו""ע עם סוכר",יכין,,"רסק תפו""ע עם סוכר",גרמים,560.00,100 גרם,false,,6.90,0.0123,true,1,137969
7290004170097,false,עוגת קראנץ שוקולד,,,עוגת קראנץ שוקולד,גרמים,500.00,100 גרם,false,,18.90,0.0378,true,1,210690
7290004200930,false,זוג זיקוקין,,,זוג זיקוקין,יחידה,0.00,יחידה,false,,7.20,0.0000,true,1,95357
7290004225278,false,גבינת דנאבלו,נטו,,גבינת דנאבלו,קילוגרמים,1.00,"ק""ג",true,,74.90,74.9000,true,1,140689
7290004225285,false,גבינת דנבלו 100 גר,,,גבינת דנבלו 100 גר,גרמים,100.00,100 גרם,false,,11.90,0.1190,true,1,144715
7290004225872,false,"קרם קוקוס 400 מ""ל",ויליגר,,"קרם קוקוס 400 מ""ל",מיליליטרים,400.00,"100 מ""ל",false,,6.30,0.0157,true,1,143300
7290004228415,false,פיצה עבה- שגב,,,פיצה עבה- שגב,גרמים,425.00,100 גרם,false,,17.00,0.0400,true,1,207593
7290004229931,false,אורז בסמטי 1 קג - הי,,,אורז בסמטי 1 קג - הי,קילוגרמים,1.00,"ק""ג",false,,9.90,9.9000,true,1,206389
7290004230081,false,קציצות עוף ברוטב עגב,נטו,,קציצות עוף ברוטב עגב,גרמים,800.00,100 גרם,false,,22.90,0.0286,true,1,140996
7290004230104,false,קציצות בקר ברוטב עגב,נטו,,קציצות בקר ברוטב עגב,גרמים,800.00,100 גרם,false,,22.90,0.0286,true,1,186423
7290004230340,false,מקלות בורקס פילו תרד,,,מקלות בורקס פילו תרד,גרמים,600.00,100 גרם,false,,21.00,0.0350,true,1,141826
7290004230371,false,מקלות בורקס פילו פיצ,,,מקלות בורקס פילו פיצ,גרמים,600.00,100 גרם,false,,21.00,0.0350,true,1,144842
7290004256197,false,גאודה עיזים הולנדית,,,גאודה עיזים הולנדית,קילוגרמים,1.00,"ק""ג",true,,119.00,119.0000,true,1,262905
7290004256753,false,עלי סיגר לפסטילייה,,,עלי סיגר לפסטילייה,יחידה,0.00,יחידה,false,,13.90,0.0000,true,1,207197
7290004324605,false,מון בלאן רוקפור לייט,נטו,,מון בלאן רוקפור לייט,גרמים,120.00,100 גרם,false,,13.00,0.1083,true,1,109392
7290004324858,false,קבב כבש,טיבון ויל,,קבב כבש,גרמים,500.00,100 גרם,false,,18.90,0.0378,false,1,109394
7290004329990,false,שניצל עוף פרוס,בלדי,,שניצל עוף פרוס,קילוגרמים,1.00,"ק""ג",true,,42.90,42.9000,true,1,95394
7290004339005,false,שניצל טופו תירס קינו,,,שניצל טופו תירס קינו,גרמים,450.00,100 גרם,false,,27.90,0.0620,true,1,262708
7290004339173,false,"בורגר מן הצומח ""טבע",,,"בורגר מן הצומח ""טבע",גרמים,400.00,100 גרם,false,,24.90,0.0622,true,1,136351
7290004339425,false,שווארמה מהצומח טבע ד,,,שווארמה מהצומח טבע ד,גרמים,350.00,100 גרם,false,,24.90,0.0711,true,1,189659
7290004339432,false,סייטן עוף קפוא 500 ג,,,סייטן עוף קפוא 500 ג,גרמים,500.00,100 גרם,false,,16.90,0.0338,true,1,163138
7290004339630,false,טבע דלי-סייטן בסגנון,,,טבע דלי-סייטן בסגנון,גרמים,350.00,100 גרם,false,,19.90,0.0569,true,1,189660
7290004339692,false,סייטן תחליף בשר 500,,,סייטן תחליף בשר 500,גרמים,500.00,100 גרם,false,,16.90,0.0338,true,1,188259
7290004339777,false,SEITAN-סייטן בולונז,,,SEITAN-סייטן בולונז,גרמים,350.00,100 גרם,false,,24.90,0.0711,true,1,189661
7290004339784,false,טבע דלי-המבורגר מהצו,,,טבע דלי-המבורגר מהצו,גרמים,400.00,100 גרם,false,,24.90,0.0622,true,1,147699
7290004339807,false,"המבורגר כוסמת ""טבע ד",,,"המבורגר כוסמת ""טבע ד",גרמים,400.00,100 גרם,false,,24.90,0.0622,true,1,188260
7290004339838,false,קבב מהצומח טבע דלי,,,קבב מהצומח טבע דלי,גרמים,350.00,100 גרם,false,,24.90,0.0711,true,1,149747
7290004339937,false,סייטן אמרנט רצועות ב,,,סייטן אמרנט רצועות ב,גרמים,350.00,100 גרם,false,,19.90,0.0569,true,1,188264
7290004339975,false,סייטן אמרנט קובה בול,,,סייטן אמרנט קובה בול,גרמים,400.00,100 גרם,false,,26.90,0.0672,true,1,188180
7290004339999,false,סייטן אמרנט שניצלוני,,,סייטן אמרנט שניצלוני,גרמים,400.00,100 גרם,false,,26.90,0.0672,true,1,188181
7290004480332,false,גאודה בקר משולשים,,,גאודה בקר משולשים,קילוגרמים,1.00,"ק""ג",true,,111.50,111.5000,true,1,261387
7290004492274,false,בייגלה טבעות מלוחות,בייגל בייגל,,בייגלה טבעות מלוחות,גרמים,400.00,100 גרם,false,,8.90,0.0223,true,1,101677
7290004492762,false,נשנושים תירס,בייגל בייגל,,נשנושים תירס,גרמים,325.00,100 גרם,false,,13.50,0.0415,false,1,101693
7290004494063,false,יין דלתון גליל פטיט,,,יין דלתון גליל פטיט,גרמים,750.00,100 גרם,false,,59.90,0.0799,true,1,143593
7290004494131,false,דלתון גליל קברנה סוב,יקב דלתון,,דלתון גליל קברנה סוב,מיליליטרים,750.00,"100 מ""ל",false,,59.90,0.0799,true,1,102703
7290004494148,false,דלתון גליל מרלו,יקב דלתון,,דלתון גליל מרלו,מיליליטרים,750.00,"100 מ""ל",false,,59.90,0.0799,false,1,102704
7290004494179,false,יין דלתון שרדונה,,,יין דלתון שרדונה,מיליליטרים,750.00,"100 מ""ל",false,,59.90,0.0799,true,1,137046
7290004494315,false,מוסקטו דלתון,,,מוסקטו דלתון,מיליליטרים,750.00,"100 מ""ל",false,,37.50,0.0500,true,1,119362
7290004494353,false,יין דלתון עלמה לבן,,,יין דלתון עלמה לבן,מיליליטרים,750.00,"100 מ""ל",false,,79.90,0.1065,true,1,263073
7290004494377,false,דלתון גליל שיראז,יקב דלתון,,דלתון גליל שיראז,מיליליטרים,750.00,"100 מ""ל",false,,59.90,0.0799,true,1,102705
7290004494919,false,כנען קברנה שיראז,,,כנען קברנה שיראז,מיליליטרים,750.00,"100 מ""ל",false,,37.50,0.0500,true,1,195141
7290004518653,false,פלמידה בשמן 200 גר',,,פלמידה בשמן 200 גר',גרמים,200.00,100 גרם,false,,24.90,0.1245,true,1,209959
7290004532093,false,בוטן בקליפה,,,בוטן בקליפה,גרמים,250.00,100 גרם,false,,9.90,0.0396,true,1,213732
7290004532574,false,גרעין חמנייה קלוי מל,,,גרעין חמנייה קלוי מל,גרמים,200.00,100 גרם,false,,5.50,0.0275,true,1,213747
7290004536039,false,כפפות דלפין,,,כפפות דלפין,יחידה,0.00,יחידה,false,,7.50,0.0000,true,1,104864
7290004536053,false,כפפות מס 7,,,כפפות מס 7,יחידה,0.00,יחידה,false,,11.90,0.0000,true,1,104866
7290004536060,false,כפפות מס 8,,,כפפות מס 8,יחידה,0.00,יחידה,false,,11.90,0.0000,true,1,104867
7290004536077,false,כפפות גומי,,,כפפות גומי,יחידה,0.00,יחידה,false,,11.90,0.0000,true,1,104868
7290004554293,false,קרחון אסקימו ענב,שטראוס,,קרחון אסקימו ענב,יחידה,0.00,יחידה,false,,2.50,0.0000,true,1,95988
7290004554330,false,קרחון אסקימו דוב,שטראוס,,קרחון אסקימו דוב,יחידה,0.00,יחידה,false,,2.70,0.0000,true,1,95989
7290004554781,false,קרחון אסקימו לימ,שטראוס,,קרחון אסקימו לימ,יחידה,0.00,יחידה,false,,2.50,0.0000,true,1,95994
7290004554798,false,שלגון מקס מטרה פ,שטראוס,,שלגון מקס מטרה פ,יחידה,0.00,יחידה,false,,5.50,0.0000,true,1,95995
7290004584306,false,סופר גמדים תות בננה,שטראוס,,סופר גמדים תות בננה,גרמים,400.00,100 גרם,false,,11.10,0.0277,true,1,95584
7290004584351,false,סימפוניה 5%,שטראוס,,סימפוניה 5%,גרמים,200.00,100 גרם,false,,11.20,0.0560,false,1,95585
7290004584528,false,יוגורט דנונה ביו 1.7,שטראוס דנונה,,יוגורט דנונה ביו 1.7,מיליליטרים,200.00,"100 מ""ל",false,,3.50,0.0175,true,1,95586
7290004585907,false,דני וניל 1.5%,שטראוס,,דני וניל 1.5%,מיליליטרים,130.00,"100 מ""ל",false,,2.60,0.0200,true,1,95588
7290004603175,false,מלח גס 500 גר',,,מלח גס 500 גר',גרמים,500.00,100 גרם,false,,7.90,0.0158,true,1,145887
7290004658847,false,יין תירוש קטן,,,יין תירוש קטן,מיליליטרים,187.00,"100 מ""ל",false,,5.90,0.0316,true,1,205433
7290004658946,false,יין שרדונה C.P,יקבי כרמל,,יין שרדונה C.P,מיליליטרים,750.00,"100 מ""ל",false,,34.90,0.0465,false,1,194783
7290004658953,false,סוביניון בלאן P.C,יקבי כרמל,,סוביניון בלאן P.C,מיליליטרים,750.00,"100 מ""ל",false,,34.90,0.0465,false,1,103611
7290004685010,false,לחם הארץ,ודש,,לחם הארץ,גרמים,500.00,100 גרם,false,,17.90,0.0358,true,1,138507
7290004685089,false,לחם הארץ חמניות,ודש,,לחם הארץ חמניות,גרמים,500.00,100 גרם,false,,17.90,0.0358,true,1,138548
7290004685126,false,לחם 5 דגנים הארץ,ברמן,,לחם 5 דגנים הארץ,גרמים,750.00,100 גרם,false,,17.90,0.0239,true,1,112574
7290004685157,false,לחם הארץ שיפון 100%,ברמן,,לחם הארץ שיפון 100%,גרמים,750.00,100 גרם,false,,17.90,0.0239,true,1,99921
7290004685195,false,לחם 10 דגנים הארץ,ברמן,,לחם 10 דגנים הארץ,גרמים,750.00,100 גרם,false,,17.90,0.0239,true,1,99923
7290004685201,false,לחם שיפון אגוזים,ברמן,,לחם שיפון אגוזים,גרמים,500.00,100 גרם,false,,17.90,0.0358,true,1,99924
7290004685225,false,לחם שיפון פומפרניקל,ברמן,,לחם שיפון פומפרניקל,גרמים,750.00,100 גרם,false,,17.90,0.0239,true,1,99925
7290004685430,false,לחם הארץ כוסמין 100%,ברמן,,לחם הארץ כוסמין 100%,גרמים,500.00,100 גרם,false,,17.90,0.0358,true,1,197189
7290004685447,false,לחמניות כוסמין שישיי,ודש,,לחמניות כוסמין שישיי,גרמים,450.00,100 גרם,false,,13.90,0.0309,true,1,209295
7290004685454,false,לחם הארץ 100% שיבולת,ברמן,,לחם הארץ 100% שיבולת,גרמים,500.00,100 גרם,false,,18.90,0.0378,true,1,213439
7290004725822,false,חמאה תנובה 10 קג,,,חמאה תנובה 10 קג,קילוגרמים,1.00,"ק""ג",true,,39.90,39.9000,false,1,205972
7290004731076,false,אל סבון כיף 1 ליטר א,כיף,,אל סבון כיף 1 ליטר א,ליטרים,1.00,ליטר,false,,12.90,12.9000,true,1,138476
7290004731083,false,כיף ג'נסינג 1 ליטר,כיף,,כיף ג'נסינג 1 ליטר,ליטרים,1.00,ליטר,false,,12.90,12.9000,true,1,138477
7290004731410,false,סקוטש סושי ענק ירוק,סנו סושי,,סקוטש סושי ענק ירוק,יחידה,0.00,יחידה,false,,9.90,0.0000,true,1,108368
7290004731472,false,כיף סבון נוזלי שלישי,כיף,,כיף סבון נוזלי שלישי,ליטרים,1.50,ליטר,false,,19.90,13.2667,true,1,108372
7290004731519,false,סנו מקסימה למייבש,סנו מקסימה,,סנו מקסימה למייבש,מיליליטרים,750.00,"100 מ""ל",false,,19.90,0.0265,true,1,108374
7290004731670,false,דואופרש אפרסק ומנדרי,סנו fresh,,דואופרש אפרסק ומנדרי,מיליליטרים,300.00,"100 מ""ל",false,,12.90,0.0430,true,1,108380
7290004731687,false,דואופרש וניל,סנו fresh,,דואופרש וניל,יחידה,300.00,יחידה,false,,12.90,0.0430,true,1,108381
7290004737719,false,אספרגוס שלם מקולף 33,וילי פוד,,אספרגוס שלם מקולף 33,גרמים,330.00,100 גרם,false,,9.90,0.0300,true,1,105141
7290004769451,false,גבינת שמנת במשקל,,,גבינת שמנת במשקל,קילוגרמים,1.00,"ק""ג",true,,59.90,59.9000,true,1,200103
7290004798130,false,שבבי סבון,,,שבבי סבון,גרמים,750.00,100 גרם,false,,22.90,0.0305,true,1,103765
7290004861063,false,גבינת קש המושבה במשק,,,גבינת קש המושבה במשק,קילוגרמים,1.00,"ק""ג",true,,54.90,54.9000,true,1,113830
7290004861285,false,גבינה טבורוג המושבה,,,גבינה טבורוג המושבה,קילוגרמים,1.00,"ק""ג",true,,39.90,39.9000,true,1,113758
7290004861315,false,לבנה שמן זית המושבה,,,לבנה שמן זית המושבה,קילוגרמים,1.00,"ק""ג",true,,44.90,44.9000,true,1,173907
7290004861421,false,גבינה חלומי מושבה,,,גבינה חלומי מושבה,קילוגרמים,1.00,"ק""ג",true,,91.90,91.9000,true,1,147802
7290004861445,false,כדורי לבנה בשמן המוש,,,כדורי לבנה בשמן המוש,קילוגרמים,1.00,"ק""ג",true,,149.90,149.9000,true,1,116886
7290004905004,false,קוקה קולה דובדבן פחי,,,קוקה קולה דובדבן פחי,מיליליטרים,355.00,"100 מ""ל",false,,6.50,0.0183,true,1,202758
7290004952075,false,חלבה אורגנית 300גר',הרדוף,,חלבה אורגנית 300גר',גרמים,300.00,100 גרם,false,,19.90,0.0663,true,1,112751
7290004952778,false,טופו אורגני 8.5%,הרדוף,,טופו אורגני 8.5%,גרמים,300.00,100 גרם,false,,13.90,0.0463,true,1,97529
7290004952785,false,פריכיות אורז וכוסמת,הרדוף,,פריכיות אורז וכוסמת,גרמים,100.00,100 גרם,false,,11.90,0.1190,true,1,194900
7290004952792,false,פריכיות אורז מלא דקו,הרדוף,,פריכיות אורז מלא דקו,גרמים,100.00,100 גרם,false,,11.90,0.1190,true,1,194901
7290004955670,false,מנצ'ס 250 גר' זארובי,זארובי,,מנצ'ס 250 גר' זארובי,גרמים,250.00,100 גרם,false,,8.90,0.0356,true,1,213317
7290004955762,false,טחינה 450 גר' זארובי,זארובי,,טחינה 450 גר' זארובי,גרמים,450.00,100 גרם,false,,11.90,0.0264,true,1,215194
7290004982393,false,גבינת ברס בלו,,,גבינת ברס בלו,קילוגרמים,1.00,"ק""ג",true,,185.00,185.0000,true,1,134227
7290005008184,false,פלמוליב סבון נוזלי ש,פלמוליב,,פלמוליב סבון נוזלי ש,מיליליטרים,500.00,"100 מ""ל",false,,14.90,0.0298,false,1,96392
7290005008191,false,סבון נוזלי פלמוליב ס,,,סבון נוזלי פלמוליב ס,מיליליטרים,500.00,"100 מ""ל",false,,14.90,0.0298,false,1,96393
7290005008436,false,מטליות אוניברסל תשיע,,,מטליות אוניברסל תשיע,יחידה,0.00,יחידה,false,,12.90,0.0000,true,1,109695
7290005008481,false,ספיד סטיק ג'ל,ספיד סטיק,,ספיד סטיק ג'ל,גרמים,85.00,100 גרם,false,,19.90,0.2341,true,1,96398
7290005041198,false,"קבב ביתי 1 ק""ג",,,"קבב ביתי 1 ק""ג",קילוגרמים,1.00,"ק""ג",false,,45.90,45.9000,true,1,142500
7290005068058,false,תירס קל 550 גרם,פרי הגליל,,תירס קל 550 גרם,גרמים,550.00,100 גרם,false,,6.90,0.0125,false,1,99703
7290005068492,false,לקט ירקות מעורבים 70,פרי הגליל,,לקט ירקות מעורבים 70,גרמים,700.00,100 גרם,false,,9.90,0.0141,true,1,99705
7290005079214,false,גבינת קשקבל,משק צוריאל,,גבינת קשקבל,קילוגרמים,1.00,"ק""ג",true,,129.90,129.9000,true,1,252464
7290005079290,false,גבינה צהובה 15% נעם,טרה,,גבינה צהובה 15% נעם,קילוגרמים,1.00,"ק""ג",true,,68.90,68.9000,false,1,190798
7290005079412,false,נעם אמנטל מעדניה,טרה,,נעם אמנטל מעדניה,קילוגרמים,1.00,"ק""ג",true,,63.90,63.9000,true,1,197748
7290005084355,false,סנסודין דואל קר,סנסודיין,,סנסודין דואל קר,מיליליטרים,75.00,"100 מ""ל",false,,21.90,0.2920,true,1,104498
7290005084904,false,ג'ל אלוורה שואו,כצט,,ג'ל אלוורה שואו,יחידה,0.00,יחידה,false,,10.90,0.0000,true,1,177001
7290005113222,false,מיקס זיתים 340 גרם ל,קבוצת יבנה,,מיקס זיתים 340 גרם ל,גרמים,340.00,100 גרם,false,,9.90,0.0291,true,1,115565
7290005174551,false,סלט חומוס אחלה א,אחלה,,סלט חומוס אחלה א,גרמים,125.00,100 גרם,false,,4.60,0.0368,true,1,95592
7290005174568,false,סלט חצילים אישי,אחלה,,סלט חצילים אישי,גרמים,125.00,100 גרם,false,,4.60,0.0368,true,1,95593
7290005174575,false,סלט טחינה אישי א,אחלה,,סלט טחינה אישי א,גרמים,125.00,100 גרם,false,,4.60,0.0368,true,1,95594
7290005175428,false,קמח תירס אינסטנט,וילי פוד,,קמח תירס אינסטנט,גרמים,500.00,100 גרם,false,,5.80,0.0116,true,1,105144
7290005175589,false,קמח תירס 1 קג,וילי פוד,,קמח תירס 1 קג,יחידה,1.00,יחידה,false,,9.30,9.3000,true,1,105145
7290005197758,false,חיוכים שוקו עלית,עלית,,חיוכים שוקו עלית,גרמים,150.00,100 גרם,false,,5.00,0.0333,true,1,98903
7290005199288,false,מסטיק מאסט טעם פטל ל,עלית,,מסטיק מאסט טעם פטל ל,גרמים,28.00,100 גרם,false,,4.40,0.1571,false,1,98908
7290005199578,false,קפה נמס פלטינום נטול,עלית,,קפה נמס פלטינום נטול,גרמים,200.00,100 גרם,false,,31.90,0.1595,false,1,98913
7290005199738,false,מסטיק מאסט בטעם פפרמ,עלית,,מסטיק מאסט בטעם פפרמ,גרמים,28.00,100 גרם,false,,4.40,0.1571,false,1,98915
7290005200786,false,תפוציפס 50,עלית,,תפוציפס 50,גרמים,50.00,100 גרם,false,,3.90,0.0780,true,1,99398
7290005201455,false,קפה נמס מגורען ארומה,עלית,,קפה נמס מגורען ארומה,גרמים,200.00,100 גרם,false,,21.90,0.1095,false,1,98923
7290005201882,false,קפה טורקי 200,עלית,,קפה טורקי 200,גרמים,200.00,100 גרם,false,,14.90,0.0745,false,1,98926
7290005230615,false,צלחות גדולות אלגנט ל,,,צלחות גדולות אלגנט ל,יחידה,0.00,יחידה,false,,14.90,0.0000,true,1,122358
7290005230639,false,צלחות מרק אלגנט לבן-,,,צלחות מרק אלגנט לבן-,יחידה,0.00,יחידה,false,,9.90,0.0000,true,1,122361
7290005230714,false,צלחת ליפתנית אלגנט,,,צלחת ליפתנית אלגנט,יחידה,0.00,יחידה,false,,5.90,0.0000,true,1,124257
7290005230820,false,קעריות אובליות אלגנט,,,קעריות אובליות אלגנט,יחידה,0.00,יחידה,false,,7.50,0.0000,true,1,176733
7290005230868,false,מגש אובלי עמוק אלגנט,,,מגש אובלי עמוק אלגנט,יחידה,0.00,יחידה,false,,18.90,0.0000,true,1,122364
7290005270000,false,עלי סיגר מרוקאי 500,חמים וטעים,,עלי סיגר מרוקאי 500,גרמים,500.00,100 גרם,false,,14.90,0.0298,true,1,103103
7290005287206,false,רביעייה טונה בשמן 4x,סטאר קיסט,,רביעייה טונה בשמן 4x,גרמים,640.00,100 גרם,false,,24.90,0.0389,false,1,107069
7290005287251,false,רביעייה טונה סטארקיס,סטאר קיסט,,רביעייה טונה סטארקיס,גרמים,640.00,100 גרם,false,,24.90,0.0389,false,1,107071
7290005287510,false,טונה סטארקיסט בשמן פ,סטאר קיסט,,טונה סטארקיסט בשמן פ,גרמים,160.00,100 גרם,false,,7.60,0.0475,true,1,142212
7290005287527,false,טונה סטארקיסט בשמן ל,סטאר קיסט,,טונה סטארקיסט בשמן ל,גרמים,160.00,100 גרם,false,,7.60,0.0475,true,1,142553
7290005287534,false,טונה סטארקיסט בשמן ע,סטאר קיסט,,טונה סטארקיסט בשמן ע,גרמים,160.00,100 גרם,false,,7.60,0.0475,true,1,142535
7290005287657,false,ממרח טונה סטאר קיסט,סטאר קיסט,,ממרח טונה סטאר קיסט,גרמים,160.00,100 גרם,false,,7.90,0.0494,true,1,116950
7290005296246,false,פותח סתימות,יעקובי,,פותח סתימות,מיליליטרים,946.00,"100 מ""ל",false,,29.90,0.0316,true,1,103349
7290005296260,false,אסטוניש רסס נגב,יעקובי אסטוניש,,אסטוניש רסס נגב,מיליליטרים,750.00,"100 מ""ל",false,,11.90,0.0159,true,1,103350
7290005296871,false,פוליבוי לרהיטי ע,פוליבוי,,פוליבוי לרהיטי ע,מיליליטרים,100.00,"100 מ""ל",false,,14.90,0.1490,true,1,103357
7290005317194,false,פתיבר וניל הדר 110 ג,,,פתיבר וניל הדר 110 ג,גרמים,110.00,100 גרם,false,,3.00,0.0273,true,1,197179
7290005317200,false,קרקר טופז הדר 110 גר,,,קרקר טופז הדר 110 גר,גרמים,110.00,100 גרם,false,,3.00,0.0273,true,1,196888
7290005326387,false,עגבניות מיובשות אולי,אוליביה,,עגבניות מיובשות אולי,גרמים,280.00,100 גרם,false,,19.90,0.0711,true,1,104892
7290005384899,false,פטה יוונית,,,פטה יוונית,קילוגרמים,1.00,"ק""ג",true,,37.00,37.0000,true,1,105155
7290005400155,false,פתיתים כוסמין אפויים,,,פתיתים כוסמין אפויים,גרמים,500.00,100 גרם,false,,15.90,0.0318,true,1,200328
7290005418693,false,לחות לשיער מלא ברק 4,נטורל פורמולה,,לחות לשיער מלא ברק 4,מיליליטרים,400.00,"100 מ""ל",false,,25.90,0.0647,true,1,179853
7290005418709,false,לחות לקיבוע תלתלים 4,נטורל פורמולה,,לחות לקיבוע תלתלים 4,מיליליטרים,400.00,"100 מ""ל",false,,25.90,0.0647,true,1,107928
7290005423253,false,מבשם למייבש כביסה,סנו,,מבשם למייבש כביסה,מיליליטרים,750.00,"100 מ""ל",false,,19.90,0.0265,true,1,108394
7290005423369,false,סנו די קידס,סנו,,סנו די קידס,מיליליטרים,100.00,"100 מ""ל",false,,19.90,0.1990,true,1,212426
7290005423499,false,סנו נירוסטה,סנו,,סנו נירוסטה,מיליליטרים,500.00,"100 מ""ל",false,,19.90,0.0398,true,1,108400
7290005423567,false,מטליות לניקוי כללי צ,סנו סושי,,מטליות לניקוי כללי צ,יחידה,0.00,יחידה,false,,19.90,0.0000,true,1,108402
7290005423635,false,ריצפז דוחה חרקים,סנו ריצפז,,ריצפז דוחה חרקים,ליטרים,2.00,ליטר,false,,21.90,10.9500,false,1,108404
7290005423734,false,מרכך סנו 4 ליטר,סנו,,מרכך סנו 4 ליטר,ליטרים,4.00,ליטר,false,,21.90,5.4750,false,1,108405
7290005423833,false,פוליוקס פרקט,סנו פוליויקס,,פוליוקס פרקט,ליטרים,2.00,ליטר,false,,19.90,9.9500,true,1,108406
7290005423871,false,אורביטול שלישיה,אורביטול,,אורביטול שלישיה,גרמים,435.00,100 גרם,false,,19.90,0.0457,true,1,108407
7290005423918,false,מרכך כביסה סנו מקסימ,סנו,,מרכך כביסה סנו מקסימ,ליטרים,4.00,ליטר,false,,22.90,5.7250,false,1,108409
7290005424021,false,ריפרש מנטרל ריחות,סנו fresh,,ריפרש מנטרל ריחות,מיליליטרים,350.00,"100 מ""ל",false,,14.90,0.0426,true,1,263377
7290005424205,false,ריצפז דוחה חרקים 4 ל,,,ריצפז דוחה חרקים 4 ל,ליטרים,4.00,ליטר,false,,39.90,9.9750,true,1,203295
7290005424403,false,כיף 1 ליטר אצות ים,כיף,,כיף 1 ליטר אצות ים,ליטרים,1.00,ליטר,false,,12.90,12.9000,true,1,138478
7290005424472,false,מי פה אורביטול 1 ליט,אורביטול,,מי פה אורביטול 1 ליט,ליטרים,1.00,ליטר,false,,29.90,29.9000,true,1,195824
7290005424700,false,סנו פורטה פלוס 1 ליט,סנו,,סנו פורטה פלוס 1 ליט,ליטרים,1.00,ליטר,false,,18.90,18.9000,true,1,202769
7290005424755,false,מטליות לחות לניקוי ר,סנו,,מטליות לחות לניקוי ר,יחידה,0.00,יחידה,false,,15.90,0.0000,true,1,202955
7290005424762,false,ריצפז ווקס דוחה,סנו ריצפז,,ריצפז ווקס דוחה,ליטרים,2.00,ליטר,false,,31.90,15.9500,true,1,108418
7290005424809,false,סקוטש סנו סושי,סנו סושי,,סקוטש סנו סושי,יחידה,0.00,יחידה,false,,9.90,0.0000,true,1,108421
7290005424847,false,סנו סושי מפיות אירוח,סנו,,סנו סושי מפיות אירוח,יחידה,0.00,יחידה,false,,7.90,0.0000,true,1,108422
7290005424915,false,סנומוד תרסיס,סנומוד,,סנומוד תרסיס,מיליליטרים,150.00,"100 מ""ל",false,,12.90,0.0860,true,1,108425
7290005424991,false,פרש אוטומטיק בייבי,סנו fresh,,פרש אוטומטיק בייבי,מיליליטרים,250.00,"100 מ""ל",false,,14.90,0.0596,true,1,209840
7290005425073,false,דאודורנט פרש סנו,סנו fresh,,דאודורנט פרש סנו,יחידה,300.00,יחידה,false,,12.90,0.0430,true,1,108433
7290005425127,false,סנו חיטוי וניקוי יסו,סנו,,סנו חיטוי וניקוי יסו,מיליליטרים,750.00,"100 מ""ל",false,,14.90,0.0199,true,1,205562
7290005425196,false,סנו מקסימה 5 2 ק,סנו מקסימה,,סנו מקסימה 5 2 ק,קילוגרמים,2.50,"ק""ג",false,,25.90,10.3600,false,1,108437
7290005425202,false,סנו מקסימה 5 2 ק,סנו מקסימה,,סנו מקסימה 5 2 ק,קילוגרמים,2.50,"ק""ג",false,,25.90,10.3600,false,1,108438
7290005425585,false,מטליות סנו רהיט,סנו,,מטליות סנו רהיט,יחידה,0.00,יחידה,false,,13.90,0.0000,true,1,108440
7290005425646,false,סנוקליר נוזל רב תכלי,סנו,,סנוקליר נוזל רב תכלי,ליטרים,1.00,ליטר,false,,11.90,11.9000,false,1,108441
7290005425714,false,סנו שמפו שטיחים,סנו,,סנו שמפו שטיחים,מיליליטרים,600.00,"100 מ""ל",false,,23.90,0.0398,true,1,108444
7290005425912,false,אוקסיג'ן מסיר כתמים,סנו אוקסיג'ן,,אוקסיג'ן מסיר כתמים,ליטרים,4.00,ליטר,false,,34.90,8.7250,false,1,120466
7290005426186,false,סקוטש ענק סושי,סנו סושי,,סקוטש ענק סושי,יחידה,0.00,יחידה,false,,20.00,0.0000,true,1,108454
7290005426193,false,ספוג פלא סנו סוש,סנו סושי,,ספוג פלא סנו סוש,יחידה,0.00,יחידה,false,,11.50,0.0000,false,1,108455
7290005426230,false,סושי סחבה לריצפה,סנו סושי,,סושי סחבה לריצפה,יחידה,0.00,יחידה,false,,11.90,0.0000,false,1,108457
7290005426384,false,סנומוד תרסיס,סנומוד,,סנומוד תרסיס,מיליליטרים,150.00,"100 מ""ל",false,,12.90,0.0860,true,1,108461
7290005426803,false,מרכך סנו מקסימה,סנו מקסימה,,מרכך סנו מקסימה,ליטרים,4.00,ליטר,false,,21.90,5.4750,false,1,108477
7290005426964,false,סנובון שלישיה אפ,סנו סנובון,,סנובון שלישיה אפ,גרמים,165.00,100 גרם,false,,13.90,0.0842,false,1,108486
7290005426971,false,סנובון כחול שליש,סנו סנובון,,סנובון כחול שליש,גרמים,165.00,100 גרם,false,,14.90,0.0903,false,1,108487
7290005427107,false,סושי מגבות הפלא למטב,סנו סושי,,סושי מגבות הפלא למטב,יחידה,0.00,יחידה,false,,11.90,0.0000,false,1,108492
7290005427725,false,מגבונים ליטופים מארז,ליטופים,,מגבונים ליטופים מארז,יחידה,0.00,יחידה,false,,18.90,0.0000,false,1,111995
7290005427770,false,לחות לשיער קרמה,קרמה,,לחות לשיער קרמה,מיליליטרים,400.00,"100 מ""ל",false,,22.90,0.0572,true,1,108530
7290005427848,false,סנו מטליות בגליל ורו,סנו סושי,,סנו מטליות בגליל ורו,יחידה,0.00,יחידה,false,,19.90,0.0000,true,1,108535
7290005428845,false,סנו סופט מפיות 33*33,סנו סופט,,סנו סופט מפיות 33*33,יחידה,0.00,יחידה,false,,8.90,0.0000,true,1,108559
7290005428852,false,סנו סופט מגבוני טישו,סנו סופט,,סנו סופט מגבוני טישו,גרמים,650.00,100 גרם,false,,15.90,0.0245,true,1,112365
7290005429019,false,פיסגה לריצפה 4 ל,סנו פיסגה,,פיסגה לריצפה 4 ל,ליטרים,4.00,ליטר,false,,17.90,4.4750,true,1,198030
7290005429279,false,סנו מקסימה אפקט ג'או,סנו מקסימה,,סנו מקסימה אפקט ג'או,קילוגרמים,6.00,"ק""ג",false,,49.90,8.3167,false,1,108569
7290005429286,false,סנו מקסימה ביו 6 קג,סנו מקסימה,,סנו מקסימה ביו 6 קג,קילוגרמים,6.00,"ק""ג",false,,49.90,8.3167,false,1,108570
7290005430480,false,מטלית הפלא סנו,סנו סושי,,מטלית הפלא סנו,יחידה,0.00,יחידה,false,,7.50,0.0000,true,1,108571
7290005430602,false,מסיר כתמים סנו,סנו,,מסיר כתמים סנו,מיליליטרים,750.00,"100 מ""ל",false,,19.90,0.0265,false,1,108574
7290005430671,false,פוליוקס קרמיקה,סנו פוליויקס,,פוליוקס קרמיקה,ליטרים,2.00,ליטר,false,,19.90,9.9500,false,1,108579
7290005430961,false,בד גארד נוזל 1 ל,סנו,,בד גארד נוזל 1 ל,ליטרים,1.00,ליטר,false,,17.50,17.5000,true,1,108583
7290005431159,false,תותים בקצפת לייט,עדן,,תותים בקצפת לייט,גרמים,80.00,100 גרם,false,,6.90,0.0863,true,1,225692
7290005431883,false,מלבי חלבי 165 גר',,,מלבי חלבי 165 גר',גרמים,165.00,100 גרם,false,,6.90,0.0418,true,1,209714
7290005431906,false,קדאיף 82 גר',,,קדאיף 82 גר',גרמים,82.00,100 גרם,false,,6.90,0.0841,true,1,209716
7290005431913,false,עוגת גבינה פירורים 9,,,עוגת גבינה פירורים 9,גרמים,92.00,100 גרם,false,,6.90,0.0750,true,1,209717
7290005431920,false,עוגת גבינה פירורים ל,,,עוגת גבינה פירורים ל,גרמים,78.00,100 גרם,false,,6.90,0.0885,true,1,209718
7290005431937,false,טירמיסו 82 גר',,,טירמיסו 82 גר',גרמים,82.00,100 גרם,false,,6.90,0.0841,true,1,209719
7290005431968,false,מלבי שמנת,,,מלבי שמנת,גרמים,150.00,100 גרם,false,,7.90,0.0527,true,1,213158
7290005477669,false,דרמפון מועשר לחו,,,דרמפון מועשר לחו,ליטרים,1.00,ליטר,false,,15.90,15.9000,true,1,107931
7290005500916,false,קרם ידיים פנינה,,,קרם ידיים פנינה,מיליליטרים,100.00,"100 מ""ל",false,,10.90,0.1090,true,1,107251
7290005509445,false,מיני קוקיס בטעם חמאה,כרמית,,מיני קוקיס בטעם חמאה,גרמים,600.00,100 גרם,false,,15.90,0.0265,true,1,104500
7290005559587,false,מאפה נקניקיה בבצק,מעדנות,,מאפה נקניקיה בבצק,גרמים,800.00,100 גרם,false,,27.90,0.0349,false,1,97841
7290005559709,false,בורקס פיצה,מעדנות,,בורקס פיצה,גרמים,700.00,100 גרם,false,,24.90,0.0356,false,1,97847
7290005559907,false,פיצה משפחתית גבינה,מעדנות,,פיצה משפחתית גבינה,גרמים,500.00,100 גרם,false,,19.90,0.0398,false,1,97851
7290005559914,false,פיצה משפחתית זיתים,מעדנות,,פיצה משפחתית זיתים,גרמים,550.00,100 גרם,false,,19.90,0.0362,false,1,97852
7290005559990,false,בצק פילס תורכי,מעדנות,,בצק פילס תורכי,גרמים,600.00,100 גרם,false,,19.90,0.0332,false,1,97860
7290005589027,false,לקקן מוצץ / תרנגול 1,,,לקקן מוצץ / תרנגול 1,גרמים,90.00,100 גרם,false,,12.90,0.1433,true,1,216080
7290005589492,false,חיטה מלאה תפוחה בציפ,מפעלי דגן,,חיטה מלאה תפוחה בציפ,גרמים,200.00,100 גרם,false,,6.50,0.0325,true,1,187737
7290005589744,false,דגן פיצפוצי אורז מלא,מפעלי דגן,,דגן פיצפוצי אורז מלא,גרמים,200.00,100 גרם,false,,8.50,0.0425,true,1,188251
7290005589768,false,דגן פיצפוצי אורז מלא,מפעלי דגן,,דגן פיצפוצי אורז מלא,גרמים,130.00,100 גרם,false,,6.50,0.0500,true,1,188252
7290005591761,false,דבש יד מרדכי לחיץ טה,יד מרדכי,,דבש יד מרדכי לחיץ טה,גרמים,400.00,100 גרם,false,,26.90,0.0672,false,1,98927
7290005617355,false,מברשת לנעליים,,,מברשת לנעליים,יחידה,0.00,יחידה,false,,7.90,0.0000,true,1,139352
7290005617379,false,יעה,,,יעה,יחידה,0.00,יחידה,false,,6.20,0.0000,true,1,138762
7290005617645,false,מגב חלון פלסטיק 20,,,מגב חלון פלסטיק 20,יחידה,0.00,יחידה,false,,4.90,0.0000,true,1,138764
7290005617850,false,מטאטא מרצדס,,,מטאטא מרצדס,יחידה,0.00,יחידה,false,,30.00,0.0000,true,1,138765
7290005617935,false,מברשת כלים ידית גומי,,,מברשת כלים ידית גומי,יחידה,0.00,יחידה,false,,10.90,0.0000,true,1,138767
7290005651069,false,"לה קט מיקס 2.85 ק""ג",לה -קט,,"לה קט מיקס 2.85 ק""ג",קילוגרמים,2.85,"ק""ג",false,,59.90,21.0175,false,1,107085
7290005651366,false,"בונזו כבד 3 ק""ג",בונזו,,"בונזו כבד 3 ק""ג",קילוגרמים,3.00,"ק""ג",false,,47.90,15.9667,false,1,107086
7290005651427,false,שלישיית מעדן בונזו מ,בונזו,,שלישיית מעדן בונזו מ,קילוגרמים,1.23,"ק""ג",false,,16.90,13.7398,true,1,107089
7290005658990,false,כעכים מלוחים שיבולת,,,כעכים מלוחים שיבולת,גרמים,300.00,100 גרם,false,,18.90,0.0630,true,1,263510
7290005680052,false,או בה סופר פלוס,O.B,,או בה סופר פלוס,יחידה,0.00,יחידה,false,,22.90,0.0000,true,1,96413
7290005684418,false,לחם כוסמין אורגני,,,לחם כוסמין אורגני,גרמים,600.00,100 גרם,false,,14.90,0.0248,true,1,134943
7290005684487,false,לחמניות כוסמין שישיי,,,לחמניות כוסמין שישיי,גרמים,420.00,100 גרם,false,,12.90,0.0307,true,1,203810
7290005684579,false,לחם מחמצת כוסמין,,,לחם מחמצת כוסמין,גרמים,700.00,100 גרם,false,,14.90,0.0213,true,1,212645
7290005711398,false,צמר גפן איכותי,,,צמר גפן איכותי,יחידה,0.00,יחידה,false,,4.90,0.0000,true,1,210005
7290005719738,false,"תמצית בטעם רום 50 מ""",,,"תמצית בטעם רום 50 מ""",מיליליטרים,50.00,"100 מ""ל",false,,4.90,0.0980,true,1,214832
7290005789380,false,פרשיס קוסמטיקס להסרת,,,פרשיס קוסמטיקס להסרת,יחידה,0.00,יחידה,false,,14.90,0.0000,true,1,110925
7290005838002,false,דניאלה 5%,שטראוס,,דניאלה 5%,מיליליטרים,150.00,"100 מ""ל",false,,4.10,0.0273,true,1,95598
7290005838613,false,סקי וניל 3%,שטראוס,,סקי וניל 3%,גרמים,125.00,100 גרם,false,,3.70,0.0296,false,1,95601
7290005838972,false,סקי % 3 125 גר,שטראוס,,סקי % 3 125 גר,גרמים,125.00,100 גרם,false,,3.10,0.0248,true,1,95602
7290005839078,false,דנונה ביו 3% שמיניה,שטראוס דנונה,,דנונה ביו 3% שמיניה,ליטרים,1.20,ליטר,false,,16.80,14.0000,true,1,95603
7290005839108,false,סימפוניה זיתים 5%,שטראוס,,סימפוניה זיתים 5%,גרמים,200.00,100 גרם,false,,11.20,0.0560,false,1,95604
7290005839313,false,מילקי טופ 8%,שטראוס,,מילקי טופ 8%,מיליליטרים,130.00,"100 מ""ל",false,,4.60,0.0354,true,1,95605
7290005854606,false,אסקימו אננס,שטראוס,,אסקימו אננס,יחידה,0.00,יחידה,false,,2.50,0.0000,true,1,96000
7290005854613,false,אסקימו תותי פרוט,שטראוס,,אסקימו תותי פרוט,יחידה,0.00,יחידה,false,,2.50,0.0000,true,1,96001
7290005896415,false,בירה איגל פחית 500 מ,,,בירה איגל פחית 500 מ,מיליליטרים,500.00,"100 מ""ל",false,,5.50,0.0110,true,1,198566
7290005896439,false,מכבי בירה בקבוק 500,,,מכבי בירה בקבוק 500,מיליליטרים,500.00,"100 מ""ל",false,,6.20,0.0124,false,1,137138
7290005896453,false,בירה מכבי חוזר 7.9%,,,בירה מכבי חוזר 7.9%,מיליליטרים,500.00,"100 מ""ל",false,,6.70,0.0134,false,1,195633
7290005896460,false,איגל בירה חזקה פחית,,,איגל בירה חזקה פחית,מיליליטרים,500.00,"100 מ""ל",false,,5.90,0.0118,true,1,200892
7290005896620,false,מים סאן בנדטו מו,סן בנדטו,,מים סאן בנדטו מו,ליטרים,1.50,ליטר,false,,4.50,3.0000,true,1,110075
7290005896828,false,סאן בנדטו 1.5 ליטר ש,סן בנדטו,,סאן בנדטו 1.5 ליטר ש,ליטרים,9.00,ליטר,false,,15.90,1.7667,false,1,110077
7290005966033,false,הר חרמון לבן,יקב רמת הגולן,,הר חרמון לבן,מיליליטרים,750.00,"100 מ""ל",false,,29.90,0.0399,false,1,101003
7290005966088,false,הר חרמון אדום,יקב רמת הגולן,,הר חרמון אדום,מיליליטרים,750.00,"100 מ""ל",false,,29.90,0.0399,false,1,101005
7290005966262,false,ירדן גוורצטרמינר,,,ירדן גוורצטרמינר,מיליליטרים,750.00,"100 מ""ל",false,,64.90,0.0865,false,1,101006
7290005966347,false,גמלא השמורה סוביניון,יקב רמת הגולן,,גמלא השמורה סוביניון,מיליליטרים,750.00,"100 מ""ל",false,,49.90,0.0665,true,1,101007
7290005966361,false,גמלא שרדונה 2020,יקב רמת הגולן,,גמלא שרדונה 2020,מיליליטרים,750.00,"100 מ""ל",false,,54.90,0.0732,false,1,101009
7290005966422,false,ירדן שרדונה,יקב רמת הגולן,,ירדן שרדונה,מיליליטרים,750.00,"100 מ""ל",false,,65.00,0.0867,true,1,101011
7290005992018,false,יוגורט עיזים,מחלבות גד,,יוגורט עיזים,יחידה,500.00,יחידה,false,,13.20,0.0264,true,1,99829
7290005992247,false,חלומי גד,,,חלומי גד,קילוגרמים,1.00,"ק""ג",true,,98.50,98.5000,true,1,202716
7290005992575,false,בולגרית למריחה 5%,,,בולגרית למריחה 5%,גרמים,250.00,100 גרם,false,,16.50,0.0660,true,1,99835
7290005992735,false,לבנה 5% גד 250 גרם,מחלבות גד,,לבנה 5% גד 250 גרם,גרמים,250.00,100 גרם,false,,11.20,0.0448,true,1,104293
7290005992858,false,פטה עיזים גד 5%,,,פטה עיזים גד 5%,קילוגרמים,1.00,"ק""ג",true,,112.00,112.0000,true,1,132990
7290005992872,false,צפתית 5% במים גד,,,צפתית 5% במים גד,קילוגרמים,1.00,"ק""ג",true,,59.80,59.8000,false,1,112273
7290005992889,false,גבינת שמנת שום ושמיר,מחלבות גד,,גבינת שמנת שום ושמיר,קילוגרמים,1.00,"ק""ג",true,,44.00,44.0000,true,1,133612
7290005992964,false,גבינת פטה כבשים,,,גבינת פטה כבשים,קילוגרמים,1.00,"ק""ג",true,,99.90,99.9000,true,1,148052
7290005996009,false,סלמי גליל מעושן 400,יחיעם,,סלמי גליל מעושן 400,גרמים,400.00,100 גרם,false,,21.90,0.0547,true,1,206269
7290005996054,false,סרוולט הונגרי יחיעם,יחיעם,,סרוולט הונגרי יחיעם,קילוגרמים,1.00,"ק""ג",true,,209.90,209.9000,false,1,211675
7290005996078,false,סרוולט הולגרי 125 גר,יחיעם,,סרוולט הולגרי 125 גר,גרמים,125.00,100 גרם,false,,26.90,0.2152,true,1,211676
7290005996153,false,נקניקיות צרפתיות פרמ,יחיעם,,נקניקיות צרפתיות פרמ,גרמים,280.00,100 גרם,false,,20.90,0.0746,true,1,210334
7290005996160,false,נקניקיות צוריסו פרימ,יחיעם,,נקניקיות צוריסו פרימ,גרמים,280.00,100 גרם,false,,20.90,0.0746,true,1,210335
7290005996221,false,פסטרמה של פעם דק דק,יחיעם,,פסטרמה של פעם דק דק,גרמים,120.00,100 גרם,false,,11.90,0.0992,true,1,212551
7290005996238,false,פסטרמה בדבש דק דק 12,יחיעם,,פסטרמה בדבש דק דק 12,גרמים,120.00,100 גרם,false,,11.90,0.0992,true,1,212552
7290005996276,false,פסטרמה ברביקיו דק דק,יחיעם,,פסטרמה ברביקיו דק דק,גרמים,120.00,100 גרם,false,,11.90,0.0992,true,1,212898
7290005996740,false,סלמי פפרוני 300 גר',יחיעם,,סלמי פפרוני 300 גר',גרמים,300.00,100 גרם,false,,19.90,0.0663,true,1,217938
7290006185501,false,סבון נוזלי פנינה,,,סבון נוזלי פנינה,ליטרים,1.00,ליטר,false,,8.90,8.9000,true,1,107258
7290006185518,false,סבון נוזלי פנינה,,,סבון נוזלי פנינה,ליטרים,1.00,ליטר,false,,8.90,8.9000,true,1,107259
7290006199027,false,מאגדת גלידל דיאט שלג,,,מאגדת גלידל דיאט שלג,גרמים,600.00,100 גרם,false,,29.90,0.0498,true,1,109892
7290006199218,false,מאגדת גלידל דיאט שלג,גלידות פלדמן,,מאגדת גלידל דיאט שלג,גרמים,400.00,100 גרם,false,,29.90,0.0747,true,1,109893
7290006199942,false,מאגדת גלידל דיאט קרח,גלידות פלדמן,,מאגדת גלידל דיאט קרח,גרמים,640.00,100 גרם,false,,24.90,0.0389,true,1,114813
7290006210203,false,"בורקס תפו""א",בונז'ור,,"בורקס תפו""א",קילוגרמים,1.00,"ק""ג",true,,42.00,42.0000,true,1,104234
7290006210296,false,אוזני המן בונז'ור,בונז'ור,,אוזני המן בונז'ור,קילוגרמים,1.00,"ק""ג",true,,44.90,44.9000,true,1,122553
7290006210876,false,לחמניות אצבע בונז'ור,בונז'ור,,לחמניות אצבע בונז'ור,יחידה,0.00,יחידה,false,,1.50,0.0000,false,1,112048
7290006210890,false,חליות בונזור,בונז'ור,,חליות בונזור,גרמים,150.00,100 גרם,false,,3.50,0.0233,true,1,112548
7290006210913,false,לחם איטלקי,בונז'ור,,לחם איטלקי,יחידה,0.00,יחידה,false,,5.90,0.0000,true,1,112028
7290006229427,false,סאן בנדטו שישייה 0.5,סן בנדטו,,סאן בנדטו שישייה 0.5,ליטרים,3.00,ליטר,false,,12.90,4.3000,false,1,110083
7290006229588,false,בירה איגל פחית 500 מ,,,בירה איגל פחית 500 מ,מיליליטרים,500.00,"100 מ""ל",false,,5.50,0.0110,true,1,198567
7290006241153,false,פקאן סיני 150 גר,קליית גת,,פקאן סיני 150 גר,גרמים,200.00,100 גרם,false,,19.00,0.0950,true,1,102177
7290006241191,false,אגוזי מלך 150 גר,קליית גת,,אגוזי מלך 150 גר,גרמים,200.00,100 גרם,false,,16.50,0.0825,false,1,102178
7290006241214,false,שקד טבעי 200 גר,קליית גת,,שקד טבעי 200 גר,גרמים,200.00,100 גרם,false,,16.90,0.0845,true,1,102179
7290006241504,false,תרכיז פריגת תפוזים,פריגת,,תרכיז פריגת תפוזים,מיליליטרים,340.00,"100 מ""ל",false,,12.90,0.0379,true,1,93324
7290006241511,false,תרכיז פריגת לימונענע,פריגת,,תרכיז פריגת לימונענע,מיליליטרים,340.00,"100 מ""ל",false,,12.90,0.0379,true,1,93325
7290006241535,false,תרכיז פריגת קפוא מנג,פריגת,,תרכיז פריגת קפוא מנג,מיליליטרים,340.00,"100 מ""ל",false,,12.90,0.0379,true,1,93327
7290006241689,false,פריגת לימון קפוא,פריגת,,פריגת לימון קפוא,מיליליטרים,340.00,"100 מ""ל",false,,12.90,0.0379,true,1,93333
7290006251107,false,צ'אי מסאלה 25 שקיקים,ויסוצקי,,צ'אי מסאלה 25 שקיקים,גרמים,50.00,100 גרם,false,,18.90,0.3780,true,1,97409
7290006251268,false,תה ירוק תפוח וקינמון,ויסוצקי,,תה ירוק תפוח וקינמון,גרמים,37.50,100 גרם,false,,24.90,0.6640,false,1,97410
7290006251275,false,תה ירוק סיני 25 שקיק,ויסוצקי,,תה ירוק סיני 25 שקיק,גרמים,37.50,100 גרם,false,,24.90,0.6640,false,1,97411
7290006251282,false,תה חליטת קרנברי 25 ש,ויסוצקי,,תה חליטת קרנברי 25 ש,גרמים,75.00,100 גרם,false,,18.90,0.2520,false,1,97412
7290006251343,false,תה חליטת מנגו ופסיפל,ויסוצקי,,תה חליטת מנגו ופסיפל,גרמים,62.50,100 גרם,false,,18.90,0.3024,false,1,97414
7290006251374,false,תה ירוק לימונית 25 ש,ויסוצקי,,תה ירוק לימונית 25 ש,גרמים,25.00,100 גרם,false,,24.90,0.9960,false,1,97416
7290006251589,false,תה ירוק נענע,ויסוצקי,,תה ירוק נענע,גרמים,75.00,100 גרם,false,,45.90,0.6120,false,1,97417
7290006256089,false,גאטו נגרו קברנה סובי,,,גאטו נגרו קברנה סובי,מיליליטרים,750.00,"100 מ""ל",false,,35.00,0.0467,false,1,213921
7290006265500,false,פטריות שמפניון בסלסל,,,פטריות שמפניון בסלסל,גרמים,250.00,100 גרם,false,,8.90,0.0356,true,1,109868
7290006265548,false,נבטים סינים,מרינה,,נבטים סינים,גרמים,360.00,100 גרם,false,,5.90,0.0164,true,1,103891
7290006265890,false,נבטי חמניה מרינה,,,נבטי חמניה מרינה,יחידה,0.00,יחידה,false,,8.90,0.0000,true,1,145762
7290006271174,false,ג'חנון מעדנות 700 גר,מעדנות,,ג'חנון מעדנות 700 גר,גרמים,700.00,100 גרם,false,,15.90,0.0227,false,1,97863
7290006271181,false,ג'חנון אפוי 750 גר',מעדנות,,ג'חנון אפוי 750 גר',גרמים,750.00,100 גרם,false,,22.90,0.0305,false,1,97864
7290006271648,false,"מיני בורקס תפו""א",מעדנות,,"מיני בורקס תפו""א",גרמים,800.00,100 גרם,false,,23.90,0.0299,false,1,97880
7290006271655,false,מיני בורקס גבינה,מעדנות,,מיני בורקס גבינה,גרמים,800.00,100 גרם,false,,26.50,0.0331,false,1,97881
7290006272072,false,חטיפי פיצה,מעדנות,,חטיפי פיצה,גרמים,650.00,100 גרם,false,,25.90,0.0398,false,1,97896
7290006272430,false,בצק עלים חמאה,מעדנות,,בצק עלים חמאה,גרמים,600.00,100 גרם,false,,25.90,0.0432,false,1,116668
7290006306296,false,רביולי גבינה לילדים,מחלבות גד,,רביולי גבינה לילדים,יחידה,400.00,יחידה,false,,24.00,0.0600,true,1,130240
7290006306302,false,רביולי גבינה פרמזן,מחלבות גד,,רביולי גבינה פרמזן,גרמים,400.00,100 גרם,false,,24.00,0.0600,true,1,99843
7290006306319,false,רביולי בטטה,מחלבות גד,,רביולי בטטה,גרמים,400.00,100 גרם,false,,24.00,0.0600,true,1,99844
7290006306326,false,רביולי פטריות,מחלבות גד,,רביולי פטריות,גרמים,400.00,100 גרם,false,,24.00,0.0600,true,1,99845
7290006306333,false,רביולי תרד 400,מחלבות גד,,רביולי תרד 400,גרמים,400.00,100 גרם,false,,24.00,0.0600,true,1,99846
7290006306340,false,"ניוקי תפ""א 400",מחלבות גד,,"ניוקי תפ""א 400",גרמים,340.00,100 גרם,false,,22.00,0.0647,true,1,99847
7290006306357,false,רביולי גבינת עיזים,מחלבות גד,,רביולי גבינת עיזים,גרמים,400.00,100 גרם,false,,25.50,0.0638,false,1,99848
7290006322104,false,לחם ריחיים קל פרוס ד,מאפיית דוידוביץ ובני,,לחם ריחיים קל פרוס ד,גרמים,500.00,100 גרם,false,,9.50,0.0190,true,1,102544
7290006322111,false,לחמניות ריחיים,מאפיית דוידוביץ ובני,,לחמניות ריחיים,גרמים,400.00,100 גרם,false,,9.90,0.0248,true,1,102545
7290006322197,false,מארז לחמניות הבית כפ,,,מארז לחמניות הבית כפ,גרמים,400.00,100 גרם,false,,12.90,0.0323,true,1,140447
7290006322470,false,לחם תשעה דגנים דוידו,מאפיית דוידוביץ ובני,,לחם תשעה דגנים דוידו,גרמים,500.00,100 גרם,false,,14.50,0.0290,true,1,102553
7290006322838,false,לחם מקמח מלא דוידובי,מאפיית דוידוביץ ובני,,לחם מקמח מלא דוידובי,מיליליטרים,750.00,"100 מ""ל",false,,10.90,0.0145,true,1,140080
7290006342645,false,טורטיה גדולה,,,טורטיה גדולה,יחידה,0.00,יחידה,false,,14.90,0.0000,true,1,148508
7290006362209,false,יין דרך ארץ קברנה סו,,,יין דרך ארץ קברנה סו,מיליליטרים,750.00,"100 מ""ל",false,,29.90,0.0399,true,1,258096
7290006374738,false,קונפיטורה תות יד מרד,יד מרדכי,,קונפיטורה תות יד מרד,גרמים,340.00,100 גרם,false,,13.50,0.0397,true,1,98948
7290006376039,false,קוואקר שקית 500 גרם,,,קוואקר שקית 500 גרם,גרמים,500.00,100 גרם,false,,6.90,0.0138,true,1,188861
7290006376053,false,סוכר חום כהה בשקית 1,,,סוכר חום כהה בשקית 1,קילוגרמים,1.00,"ק""ג",false,,12.50,12.5000,true,1,210509
7290006449955,false,מלפפון בייבי,,,מלפפון בייבי,גרמים,500.00,100 גרם,false,,8.90,0.0178,true,1,136956
7290006461087,false,אנטריקוט אנגוס פיטום,,,אנטריקוט אנגוס פיטום,קילוגרמים,1.00,"ק""ג",true,,189.90,189.9000,false,1,213523
7290006461100,false,אנטריקוט פרימיום מוכ,,,אנטריקוט פרימיום מוכ,קילוגרמים,1.00,"ק""ג",true,,199.90,199.9000,false,1,213524
7290006461155,false,פריים ריב פרוס מקוצב,,,פריים ריב פרוס מקוצב,קילוגרמים,1.00,"ק""ג",true,,159.90,159.9000,false,1,260731
7290006461605,false,אסאדו אנגוס מצונן מפ,,,אסאדו אנגוס מצונן מפ,קילוגרמים,1.00,"ק""ג",true,,79.90,79.9000,false,1,214915
7290006461698,false,צלי כתף לויתן,,,צלי כתף לויתן,קילוגרמים,1.00,"ק""ג",true,,99.90,99.9000,false,1,213635
7290006461735,false,בריסקט אנגוס מצונן,,,בריסקט אנגוס מצונן,קילוגרמים,1.00,"ק""ג",true,,59.90,59.9000,false,1,214912
7290006461773,false,שריר מוזות מצונן בוו,,,שריר מוזות מצונן בוו,קילוגרמים,1.00,"ק""ג",true,,69.90,69.9000,false,1,214916
7290006461834,false,קרפציו אנגוס,,,קרפציו אנגוס,גרמים,100.00,100 גרם,false,,26.90,0.2690,false,1,213532
7290006461940,false,דנוור סטייק פרוס מנו,,,דנוור סטייק פרוס מנו,קילוגרמים,1.00,"ק""ג",true,,149.90,149.9000,false,1,218213
7290006492432,false,מוצרלה בייבי 18%,מחלבות גד,,מוצרלה בייבי 18%,גרמים,170.00,100 גרם,false,,14.50,0.0853,true,1,99855
7290006492616,false,פרוסות בולגרית מעודנ,מחלבות גד,,פרוסות בולגרית מעודנ,גרמים,250.00,100 גרם,false,,26.70,0.1068,true,1,99857
7290006492630,false,גבינת גליל גד עזים 2,מחלבות גד,,גבינת גליל גד עזים 2,גרמים,180.00,100 גרם,false,,22.80,0.1267,true,1,99859
7290006492647,false,מטבעות עיזים 150 גרם,מחלבות גד,,מטבעות עיזים 150 גרם,גרמים,150.00,100 גרם,false,,23.20,0.1547,true,1,99860
7290006492685,false,לבנה עיזים 3%,מחלבות גד,,לבנה עיזים 3%,גרמים,250.00,100 גרם,false,,17.00,0.0680,true,1,137458
7290006492852,false,גבינת עיזים 5%,מחלבות גד,,גבינת עיזים 5%,גרמים,250.00,100 גרם,false,,17.00,0.0680,true,1,99866
7290006492913,false,לבנה צזיקי 250,מחלבות גד,,לבנה צזיקי 250,גרמים,250.00,100 גרם,false,,12.80,0.0512,true,1,99872
7290006494917,false,מרמולייט ופל בטעם שו,מרמולייט,,מרמולייט ופל בטעם שו,גרמים,180.00,100 גרם,false,,10.90,0.0606,true,1,107617
7290006496058,false,תרכיז רוזטה ללא תוספ,,,תרכיז רוזטה ללא תוספ,מיליליטרים,750.00,"100 מ""ל",false,,24.90,0.0332,true,1,138169
7290006496126,false,"גרנולה פרימיום 1 ק""ג",,,"גרנולה פרימיום 1 ק""ג",קילוגרמים,1.00,"ק""ג",false,,26.90,26.9000,true,1,262017
7290006496560,false,מחית וניל 90 גר',,,מחית וניל 90 גר',גרמים,90.00,100 גרם,false,,39.90,0.4433,true,1,218270
7290006496997,false,געלה תערובת להעשרת ס,,,געלה תערובת להעשרת ס,יחידה,0.00,יחידה,false,,18.90,0.0000,true,1,260867
7290006498052,false,דנונה טבעי 3% מהדרין,,,דנונה טבעי 3% מהדרין,יחידה,0.00,יחידה,false,,2.60,0.0000,true,1,150252
7290006511157,false,פטריות שמפניון שלמות,וילי פוד,,פטריות שמפניון שלמות,גרמים,400.00,100 גרם,false,,7.50,0.0188,false,1,105161
7290006546012,false,צ'ילי חריף בנוסח מקס,,,צ'ילי חריף בנוסח מקס,גרמים,580.00,100 גרם,false,,6.50,0.0112,false,1,185216
7290006546319,false,סטייק צי'פס,פרי הגליל,,סטייק צי'פס,קילוגרמים,1.50,"ק""ג",false,,16.90,11.2667,true,1,99709
7290006546333,false,ציפס מותג,פרי הגליל,,ציפס מותג,גרמים,600.00,100 גרם,false,,8.50,0.0142,false,1,178030
7290006546371,false,במיה פרי גליל,פרי הגליל,,במיה פרי גליל,גרמים,600.00,100 גרם,false,,13.90,0.0232,true,1,99711
7290006546388,false,תחתיות ארטישוק פרי ג,פרי הגליל,,תחתיות ארטישוק פרי ג,גרמים,400.00,100 גרם,false,,13.90,0.0348,true,1,112075
7290006546395,false,לקט ירקות פרי גל,פרי הגליל,,לקט ירקות פרי גל,גרמים,800.00,100 גרם,false,,9.90,0.0124,true,1,99712
7290006546500,false,צ'יפס בזיגזג,פרי הגליל,,צ'יפס בזיגזג,גרמים,800.00,100 גרם,false,,9.90,0.0124,true,1,99715
7290006546517,false,סטייק ציפס 800 גרם,פרי הגליל,,סטייק ציפס 800 גרם,גרמים,800.00,100 גרם,false,,9.90,0.0124,true,1,113523
7290006546524,false,ציפס מובחר 800 גר,פרי הגליל,,ציפס מובחר 800 גר,גרמים,800.00,100 גרם,false,,9.90,0.0124,true,1,120157
7290006546982,false,לקט סיני 800,פרי הגליל,,לקט סיני 800,גרמים,800.00,100 גרם,false,,14.90,0.0186,true,1,99739
7290006562906,false,סטיק הודו וכבש פרמיו,,,סטיק הודו וכבש פרמיו,גרמים,15.00,100 גרם,false,,7.00,0.4667,true,1,263852
7290006562913,false,סטיק עוף וברווז פרמי,,,סטיק עוף וברווז פרמי,גרמים,15.00,100 גרם,false,,7.00,0.4667,true,1,263853
7290006567048,false,פתיתי קוסקוס ישראלי,אסם,,פתיתי קוסקוס ישראלי,גרמים,350.00,100 גרם,false,,8.00,0.0229,false,1,94136
7290006618078,false,אסטוניש מרסס למטבח,יעקובי אסטוניש,,אסטוניש מרסס למטבח,מיליליטרים,750.00,"100 מ""ל",false,,11.90,0.0159,true,1,103365
7290006618085,false,אסטוניש מרסס לאמבט,יעקובי אסטוניש,,אסטוניש מרסס לאמבט,מיליליטרים,750.00,"100 מ""ל",false,,11.90,0.0159,true,1,103366
7290006618153,false,הפי לנירוסטה,יעקובי הפי,,הפי לנירוסטה,מיליליטרים,600.00,"100 מ""ל",false,,22.90,0.0382,true,1,103372
7290006618610,false,ספוגיות לכלים חלבי ב,יעקובי,,ספוגיות לכלים חלבי ב,יחידה,0.00,יחידה,false,,8.90,0.0000,true,1,103377
7290006618665,false,ג'ילדה לרכב,יעקובי,,ג'ילדה לרכב,יחידה,0.00,יחידה,false,,23.90,0.0000,true,1,103311
7290006625021,false,גאודה עיזים הולנדית,,,גאודה עיזים הולנדית,קילוגרמים,1.00,"ק""ג",true,,127.00,127.0000,true,1,136408
7290006625144,false,גאודה הולנדית,,,גאודה הולנדית,קילוגרמים,1.00,"ק""ג",true,,90.00,90.0000,true,1,201912
7290006652027,false,מארז 20 במבה,אסם,,מארז 20 במבה,גרמים,300.00,100 גרם,false,,26.00,0.0867,false,1,94148
7290006653765,false,פסטה פרפקטו פטוצ'יני,אסם פרפקטו,,פסטה פרפקטו פטוצ'יני,גרמים,500.00,100 גרם,false,,7.70,0.0154,false,1,94166
7290006653819,false,קוסקוס דק אסם,אסם,,קוסקוס דק אסם,גרמים,350.00,100 גרם,false,,8.00,0.0229,false,1,94171
7290006660596,false,דגש קמח עדשים אדומות,,,דגש קמח עדשים אדומות,גרמים,500.00,100 גרם,false,,16.90,0.0338,true,1,205676
7290006664037,false,גמדים ארוחת בוקר 5%,שטראוס,,גמדים ארוחת בוקר 5%,מיליליטרים,400.00,"100 מ""ל",false,,11.10,0.0277,true,1,95632
7290006664051,false,מארז אקטימל טבעי 1.6,שטראוס דנונה,,מארז אקטימל טבעי 1.6,ליטרים,1.40,ליטר,false,,29.90,21.3571,false,1,95633
7290006664310,false,סקי 3% 250 גר,שטראוס,,סקי 3% 250 גר,גרמים,250.00,100 גרם,false,,4.75,0.0190,false,1,95638
7290006664402,false,גבינת סקי 5% 750 גר',שטראוס,,גבינת סקי 5% 750 גר',גרמים,750.00,100 גרם,false,,14.94,0.0199,false,1,95641
7290006664532,false,דנונה תות 1.5%,שטראוס דנונה,,דנונה תות 1.5%,מיליליטרים,150.00,"100 מ""ל",false,,3.60,0.0240,false,1,95644
7290006664655,false,שמיניה אקטימל טבעי 1,שטראוס דנונה,,שמיניה אקטימל טבעי 1,מיליליטרים,800.00,"100 מ""ל",false,,21.10,0.0264,false,1,95648
7290006664693,false,דנונה אפרסק 3%,שטראוס דנונה,,דנונה אפרסק 3%,מיליליטרים,150.00,"100 מ""ל",false,,3.60,0.0240,false,1,95651
7290006664990,false,מארז יוגורט ביו 1.5%,שטראוס דנונה,,מארז יוגורט ביו 1.5%,ליטרים,1.20,ליטר,false,,16.80,14.0000,true,1,95657
7290006681003,false,קרמיסימו סורבה תות ל,קרמיסימו- שטראוס,,קרמיסימו סורבה תות ל,ליטרים,1.33,ליטר,false,,24.90,18.7218,false,1,96003
7290006681065,false,טעמקור ענק,שטראוס,,טעמקור ענק,גרמים,100.00,100 גרם,false,,7.50,0.0750,true,1,96005
7290006681553,false,קרמבו וניל שמיניה,שטראוס,,קרמבו וניל שמיניה,יחידה,0.00,יחידה,false,,15.90,0.0000,true,1,96018
7290006681560,false,קרמבו שמיניה,שטראוס,,קרמבו שמיניה,גרמים,200.00,100 גרם,false,,15.90,0.0795,true,1,96019
7290006696595,false,יין מסורת אדום מתוק,יקב טפרברג,,יין מסורת אדום מתוק,ליטרים,1.00,ליטר,false,,16.90,16.9000,true,1,119699
7290006704269,false,חסה עגולה,,,חסה עגולה,יחידה,0.00,יחידה,false,,6.90,0.0000,true,1,194865
7290006704511,false,"תפ""א למיקרוגל לבן גמ",מרינה,,"תפ""א למיקרוגל לבן גמ",יחידה,0.00,יחידה,false,,6.90,0.0000,true,1,103911
7290006704542,false,תרד,,,תרד,גרמים,300.00,100 גרם,false,,9.90,0.0330,true,1,103913
7290006704573,false,בצל ירוק,מרינה,,בצל ירוק,יחידה,0.00,יחידה,false,,4.90,0.0000,true,1,204977
7290006704801,false,מנגולד טרי עלים,מרינה,,מנגולד טרי עלים,יחידה,0.00,יחידה,false,,6.90,0.0000,true,1,204978
7290006707352,false,חזה פטם פרוס טרי במג,עוף טוב,,חזה פטם פרוס טרי במג,קילוגרמים,1.00,"ק""ג",true,,36.90,36.9000,true,1,150793
7290006707369,false,כרעיים פטם במגש טרי,עוף טוב,,כרעיים פטם במגש טרי,קילוגרמים,1.00,"ק""ג",true,,28.90,28.9000,true,1,150795
7290006707376,false,ירכיים פטם טרי במגש,עוף טוב,,ירכיים פטם טרי במגש,קילוגרמים,1.00,"ק""ג",true,,28.90,28.9000,true,1,150796
7290006707383,false,שוקיים ארוז טרי,עוף טוב,,שוקיים ארוז טרי,קילוגרמים,1.00,"ק""ג",true,,29.90,29.9000,true,1,147692
7290006707390,false,פרגיות טרי במגש,,,פרגיות טרי במגש,קילוגרמים,1.00,"ק""ג",true,,66.90,66.9000,true,1,150797
7290006707420,false,עוף מצונן ארוז במגש,עוף טוב,,עוף מצונן ארוז במגש,קילוגרמים,1.00,"ק""ג",true,,21.90,21.9000,true,1,139890
7290006707437,false,כנפיים עוף טרי במגש,עוף טוב,,כנפיים עוף טרי במגש,קילוגרמים,1.00,"ק""ג",true,,9.90,9.9000,true,1,147110
7290006707451,false,לב עוף טרי במגש,עוף טוב,,לב עוף טרי במגש,קילוגרמים,1.00,"ק""ג",true,,25.90,25.9000,true,1,149857
7290006707468,false,כבד עוף טרי ארוז,עוף טוב,,כבד עוף טרי ארוז,קילוגרמים,1.00,"ק""ג",true,,16.90,16.9000,true,1,148930
7290006707543,false,פילה פטם טרי במגש,עוף טוב,,פילה פטם טרי במגש,קילוגרמים,1.00,"ק""ג",true,,35.90,35.9000,true,1,150794
7290006708069,false,גרון הודו טרי-עוף טו,,,גרון הודו טרי-עוף טו,קילוגרמים,1.00,"ק""ג",true,,31.90,31.9000,false,1,188833
7290006708137,false,קוקטייל עוף מצונן,עוף טוב,,קוקטייל עוף מצונן,קילוגרמים,1.00,"ק""ג",true,,28.90,28.9000,true,1,185626
7290006708151,false,חזה פרוס דק טרי מצונ,עוף טוב,,חזה פרוס דק טרי מצונ,קילוגרמים,1.00,"ק""ג",true,,39.90,39.9000,true,1,187270
7290006708847,false,חזה חצוי טרי ארוז עו,עוף טוב,,חזה חצוי טרי ארוז עו,קילוגרמים,1.00,"ק""ג",true,,35.90,35.9000,true,1,202598
7290006712981,false,משחת שינים קולגייט ס,קולגייט,,משחת שינים קולגייט ס,מיליליטרים,50.00,"100 מ""ל",false,,10.90,0.2180,true,1,96430
7290006714428,false,רגל עגל פרוס,מעדני הטלה,,רגל עגל פרוס,קילוגרמים,1.00,"ק""ג",true,,39.90,39.9000,true,1,125686
7290006724496,false,טחינה אורגנית,,,טחינה אורגנית,גרמים,500.00,100 גרם,false,,15.90,0.0318,true,1,186403
7290006724762,false,טפנד זיתי קלמטה 185,,,טפנד זיתי קלמטה 185,גרמים,185.00,100 גרם,false,,21.90,0.1184,true,1,260434
7290006724786,false,ממרח פלפלים קלויים 1,,,ממרח פלפלים קלויים 1,גרמים,185.00,100 גרם,false,,21.90,0.1184,true,1,260433
7290006738615,false,קבב זהב 400 גר'- 8 י,זוגלובק,,קבב זהב 400 גר'- 8 י,גרמים,400.00,100 גרם,false,,19.90,0.0497,true,1,115279
7290006739124,false,בצק פילאס 500 גר',זוגלובק,,בצק פילאס 500 גר',גרמים,500.00,100 גרם,false,,14.90,0.0298,true,1,147497
7290006739131,false,בצק פילו 500 גר',זוגלובק,,בצק פילו 500 גר',גרמים,500.00,100 גרם,false,,14.90,0.0298,true,1,147498
7290006739247,false,פסטרמה איטלקית,זוגלובק,,פסטרמה איטלקית,קילוגרמים,1.00,"ק""ג",true,,79.90,79.9000,false,1,115226
7290006739407,false,שניצל תירס לייט,,,שניצל תירס לייט,גרמים,630.00,100 גרם,false,,22.90,0.0363,true,1,126636
7290006739414,false,סלמי קוניאק 300 גר',זוגלובק,,סלמי קוניאק 300 גר',גרמים,300.00,100 גרם,false,,25.90,0.0863,false,1,119000
7290006739421,false,סלמי מעושן איטלקי 30,זוגלובק,,סלמי מעושן איטלקי 30,גרמים,300.00,100 גרם,false,,25.90,0.0863,true,1,119007
7290006739445,false,שניצל תירס זוגלובק,זוגלובק,,שניצל תירס זוגלובק,גרמים,750.00,100 גרם,false,,22.90,0.0305,false,1,120151
7290006739544,false,כתף בקר זוגלובק 300,זוגלובק,,כתף בקר זוגלובק 300,גרמים,300.00,100 גרם,false,,28.90,0.0963,true,1,124124
7290006741363,false,"בורקס תפו""א זוגלובק",זוגלובק,,"בורקס תפו""א זוגלובק",גרמים,800.00,100 גרם,false,,16.90,0.0211,false,1,122076
7290006741387,false,מלווח זוגלובק,זוגלובק,,מלווח זוגלובק,גרמים,700.00,100 גרם,false,,16.90,0.0241,false,1,122075
7290006742278,false,פסטרממיה צלויה על לב,זוגלובק,,פסטרממיה צלויה על לב,גרמים,330.00,100 גרם,false,,25.90,0.0785,true,1,121808
7290006742292,false,פסטרממיה בדבש 330 גר,זוגלובק,,פסטרממיה בדבש 330 גר,גרמים,330.00,100 גרם,false,,25.90,0.0785,true,1,121809
7290006742315,false,חזה הודו ברביקיו 330,זוגלובק,,חזה הודו ברביקיו 330,גרמים,330.00,100 גרם,false,,25.90,0.0785,true,1,121810
7290006764065,false,בקבוק נשר מאלט חוזר,טמפו,,בקבוק נשר מאלט חוזר,מיליליטרים,500.00,"100 מ""ל",false,,4.60,0.0092,false,1,110089
7290006764072,false,גולדסטאר בירה בקבוק,גולדסטאר,,גולדסטאר בירה בקבוק,מיליליטרים,500.00,"100 מ""ל",false,,6.70,0.0134,false,1,110090
7290006764096,false,בירה איגל 3.8% חוזר,,,בירה איגל 3.8% חוזר,מיליליטרים,500.00,"100 מ""ל",false,,4.90,0.0098,false,1,194638
7290006764157,false,גולדסטאר לא מסונן חו,גולדסטאר,,גולדסטאר לא מסונן חו,מיליליטרים,500.00,"100 מ""ל",false,,7.50,0.0150,true,1,203696
7290006764485,false,נשר מאלט שישייה בקבו,טמפו,,נשר מאלט שישייה בקבו,ליטרים,1.98,ליטר,false,,28.90,14.5960,false,1,110094
7290006764737,false,בקבוק דיאט נשר מאלט,טמפו,,בקבוק דיאט נשר מאלט,מיליליטרים,500.00,"100 מ""ל",false,,4.60,0.0092,false,1,110098
7290006765000,false,עלי טורטייה בתוספת ס,,,עלי טורטייה בתוספת ס,גרמים,540.00,100 גרם,false,,9.90,0.0183,true,1,144421
7290006770561,false,לקט ירקות לקוסקוס,פרי הגליל,,לקט ירקות לקוסקוס,גרמים,800.00,100 גרם,false,,14.90,0.0186,true,1,99753
7290006775016,false,עוגת תפוז 450 גרם אח,אחוה,,עוגת תפוז 450 גרם אח,גרמים,450.00,100 גרם,false,,9.90,0.0220,true,1,117030
7290006775030,false,עוגה שוקו ציפס 450 ג,אחוה,,עוגה שוקו ציפס 450 ג,גרמים,450.00,100 גרם,false,,9.90,0.0220,true,1,117032
7290006775047,false,עוגה שוקולד אחוה,אחוה,,עוגה שוקולד אחוה,גרמים,450.00,100 גרם,false,,9.90,0.0220,true,1,117033
7290006775054,false,עוגת שיש אחוה,אחוה,,עוגת שיש אחוה,גרמים,450.00,100 גרם,false,,9.90,0.0220,true,1,117094
7290006775078,false,עוגת דבש 450 גר' אחו,,,עוגת דבש 450 גר' אחו,גרמים,450.00,100 גרם,false,,6.90,0.0153,true,1,219864
7290006775085,false,עוגת שמרים שוקולדאחו,אחוה,,עוגת שמרים שוקולדאחו,גרמים,400.00,100 גרם,false,,11.00,0.0275,true,1,117035
7290006775344,false,עוגת שמרים קינמון וא,,,עוגת שמרים קינמון וא,גרמים,400.00,100 גרם,false,,11.00,0.0275,true,1,117037
7290006784025,false,ספוגית בפלא,,,ספוגית בפלא,יחידה,0.00,יחידה,false,,7.90,0.0000,true,1,217234
7290006784032,false,ספוגית לניקוי כלים,,,ספוגית לניקוי כלים,יחידה,0.00,יחידה,false,,7.50,0.0000,true,1,246787
7290006784070,false,כריות קרצוף,,,כריות קרצוף,יחידה,0.00,יחידה,false,,6.50,0.0000,true,1,140561
7290006784315,false,סנט מוריץ רצפות+ווקס,,,סנט מוריץ רצפות+ווקס,ליטרים,4.00,ליטר,false,,19.90,4.9750,true,1,117268
7290006784322,false,מבריק נירוסטה סנט מו,,,מבריק נירוסטה סנט מו,מיליליטרים,400.00,"100 מ""ל",false,,17.00,0.0425,true,1,119286
7290006784339,false,תרסיס רהיט 300מל',,,תרסיס רהיט 300מל',מיליליטרים,300.00,"100 מ""ל",false,,11.90,0.0397,true,1,122331
7290006784360,false,חלונית 1ליטר סנט מור,,,חלונית 1ליטר סנט מור,ליטרים,1.00,ליטר,false,,8.50,8.5000,false,1,123114
7290006784452,false,"מבשם כביסה 500 מ""ל",,,"מבשם כביסה 500 מ""ל",מיליליטרים,500.00,"100 מ""ל",false,,12.90,0.0258,true,1,259616
7290006784469,false,"מבשם אוויר 400 מ""ל נ",,,"מבשם אוויר 400 מ""ל נ",מיליליטרים,400.00,"100 מ""ל",false,,9.90,0.0248,true,1,259896
7290006784483,false,מבשם אוויר בניחוח חו,,,מבשם אוויר בניחוח חו,מיליליטרים,400.00,"100 מ""ל",false,,9.90,0.0248,true,1,219708
7290006784575,false,מטהר אוויר למכשיר או,,,מטהר אוויר למכשיר או,מיליליטרים,250.00,"100 מ""ל",false,,9.90,0.0396,true,1,262717
7290006784643,false,מטהר אוויר למכשיר או,,,מטהר אוויר למכשיר או,מיליליטרים,250.00,"100 מ""ל",false,,9.90,0.0396,true,1,262720
7290006784865,false,מטבחים 1 ליטר תכשיר,,,מטבחים 1 ליטר תכשיר,ליטרים,1.00,ליטר,false,,9.90,9.9000,true,1,210724
7290006785633,false,בלונים,,,בלונים,יחידה,0.00,יחידה,false,,6.40,0.0000,true,1,151032
7290006788061,false,מייצב 10 רגיל,קרליין,,מייצב 10 רגיל,מיליליטרים,700.00,"100 מ""ל",false,,12.90,0.0184,false,1,107946
7290006788313,false,קרליין חלב פנים לעור,קרליין,,קרליין חלב פנים לעור,מיליליטרים,200.00,"100 מ""ל",false,,29.90,0.1495,true,1,194488
7290006788375,false,דאוד' סטיק קרליי,קרליין,,דאוד' סטיק קרליי,גרמים,50.00,100 גרם,false,,15.90,0.3180,true,1,107960
7290006788382,false,דאוד' סטיק קרליי,קרליין,,דאוד' סטיק קרליי,גרמים,50.00,100 גרם,false,,15.90,0.3180,true,1,107961
7290006788399,false,רול און קרליין,קרליין,,רול און קרליין,גרמים,75.00,100 גרם,false,,12.90,0.1720,true,1,107962
7290006788405,false,רול און קרליין,קרליין,,רול און קרליין,גרמים,75.00,100 גרם,false,,12.90,0.1720,true,1,107963
7290006788412,false,רול און קרליין,קרליין,,רול און קרליין,גרמים,50.00,100 גרם,false,,12.90,0.2580,true,1,107964
7290006788429,false,רול און קרליין,קרליין,,רול און קרליין,גרמים,75.00,100 גרם,false,,12.90,0.1720,true,1,107965
7290006788443,false,רול און קרליין,קרליין,,רול און קרליין,גרמים,75.00,100 גרם,false,,12.90,0.1720,true,1,107967
7290006789655,false,קרם לחות 10,קרליין,,קרם לחות 10,מיליליטרים,400.00,"100 מ""ל",false,,18.90,0.0472,true,1,108011
7290006804877,false,פיתה ביס עשיריה,,,פיתה ביס עשיריה,גרמים,500.00,100 גרם,false,,13.90,0.0278,true,1,203769
7290006805355,false,תערובת כדורי שוק,,,תערובת כדורי שוק,גרמים,500.00,100 גרם,false,,17.90,0.0358,true,1,102189
7290006805850,false,תערובת להכנת פנקייקס,,,תערובת להכנת פנקייקס,גרמים,500.00,100 גרם,false,,17.90,0.0358,true,1,102190
7290006806963,false,חלה מתוקה קלועה,,,חלה מתוקה קלועה,יחידה,0.00,יחידה,false,,11.90,0.0000,true,1,198723
7290006822192,false,מיץ חמוציות דיאט אוש,פריגת,,מיץ חמוציות דיאט אוש,ליטרים,1.00,ליטר,false,,12.90,12.9000,false,1,93374
7290006855183,false,חטיף בר תמרים אגוזי,אסם,,חטיף בר תמרים אגוזי,גרמים,120.00,100 גרם,false,,16.00,0.1333,true,1,149436
7290006855190,false,ברבריא חטיף תמר א.מל,,,ברבריא חטיף תמר א.מל,גרמים,120.00,100 גרם,false,,16.00,0.1333,true,1,219618
7290006855206,false,חטיף בר שזיפים קוקוס,אסם,,חטיף בר שזיפים קוקוס,גרמים,120.00,100 גרם,false,,16.00,0.1333,true,1,149437
7290006855251,false,חטיף בר קשיו אגוזי מ,אסם,,חטיף בר קשיו אגוזי מ,גרמים,120.00,100 גרם,false,,16.00,0.1333,true,1,149439
7290006866363,false,פרימור מיץ אשכולית א,פרימור,,פרימור מיץ אשכולית א,ליטרים,1.00,ליטר,false,,15.90,15.9000,true,1,95663
7290006899088,false,תה סרמוני ירוק נענע,,,תה סרמוני ירוק נענע,גרמים,40.00,100 גרם,false,,16.90,0.4225,true,1,195038
7290006899187,false,סרמוני תה לימונית ול,,,סרמוני תה לימונית ול,גרמים,30.00,100 גרם,false,,16.90,0.5633,true,1,195039
7290006899354,false,תה סרמוני קמומיל,,,תה סרמוני קמומיל,גרמים,21.00,100 גרם,false,,16.90,0.8048,true,1,195043
7290006899705,false,סרמוני תה ירוק לימונ,,,סרמוני תה ירוק לימונ,גרמים,44.00,100 גרם,false,,16.90,0.3841,true,1,216735
7290006983152,false,קרוטונים מתובלים למר,אסם,,קרוטונים מתובלים למר,גרמים,400.00,100 גרם,false,,18.90,0.0472,true,1,94201
7290006983176,false,לחמית שיפון,אסם,,לחמית שיפון,גרמים,230.00,100 גרם,false,,8.70,0.0378,true,1,94202
7290006983206,false,פלאפל בקלי קלות 180,אסם,,פלאפל בקלי קלות 180,גרמים,180.00,100 גרם,false,,9.70,0.0539,true,1,94203
7290006983527,false,עוגת הבית תפוחים עם,אסם,,עוגת הבית תפוחים עם,גרמים,400.00,100 גרם,false,,18.00,0.0450,false,1,94212
7290006983763,false,עוגת הבית שוקולד,אסם,,עוגת הבית שוקולד,גרמים,400.00,100 גרם,false,,13.90,0.0348,false,1,192667
7290006983770,false,עוגת הבית שיש,אסם,,עוגת הבית שיש,גרמים,400.00,100 גרם,false,,13.90,0.0348,false,1,94214
7290006983787,false,עוגת הבית שוקולד,אסם,,עוגת הבית שוקולד,גרמים,400.00,100 גרם,false,,13.90,0.0348,false,1,94215
7290006983794,false,עוגת הבית תפוז,אסם,,עוגת הבית תפוז,גרמים,400.00,100 גרם,false,,13.90,0.0348,false,1,94216
7290006992192,false,דייסת סולת שקית 200,מטרנה,,דייסת סולת שקית 200,גרמים,200.00,100 גרם,false,,13.90,0.0695,false,1,107093
7290006992208,false,דייסת דגנים 200,מטרנה,,דייסת דגנים 200,גרמים,200.00,100 גרם,false,,13.90,0.0695,false,1,107094
7290006992390,false,"דייסת וניל 200 בד""צ",מטרנה,,"דייסת וניל 200 בד""צ",גרמים,200.00,100 גרם,false,,13.90,0.0695,true,1,107098
7290006992864,false,לה קט עוף חתלתולים 2,לה -קט,,לה קט עוף חתלתולים 2,קילוגרמים,2.85,"ק""ג",false,,59.90,21.0175,true,1,138413
7290008000246,false,פמינה מועשר באלוורה,פמינה,,פמינה מועשר באלוורה,מיליליטרים,220.00,"100 מ""ל",false,,26.90,0.1223,true,1,103180
7290008000796,false,סופרמן מ.שיניים,,,סופרמן מ.שיניים,מיליליטרים,50.00,"100 מ""ל",false,,10.90,0.2180,true,1,127131
7290008000826,false,משחת שיניים לילדים ב,כצט,,משחת שיניים לילדים ב,מיליליטרים,50.00,"100 מ""ל",false,,10.90,0.2180,true,1,125576
7290008023542,false,שמפו רצפות 4 ליט,סיף פנטסטיק,,שמפו רצפות 4 ליט,ליטרים,4.00,ליטר,false,,19.90,4.9750,false,1,101733
7290008068512,false,בייבי פסטה+קמומיל,,,בייבי פסטה+קמומיל,גרמים,100.00,100 גרם,false,,18.90,0.1890,true,1,173564
7290008084956,false,בייבי פסטה משחה לתינ,,,בייבי פסטה משחה לתינ,גרמים,120.00,100 גרם,false,,15.90,0.1325,true,1,99508
7290008101356,false,קריספ פאנקו זהוב 300,,,קריספ פאנקו זהוב 300,גרמים,300.00,100 גרם,false,,8.90,0.0297,true,1,264216
7290008104050,false,פמינה לרחיצה אינ,פמינה,,פמינה לרחיצה אינ,מיליליטרים,220.00,"100 מ""ל",false,,19.90,0.0905,true,1,103185
7290008116541,false,"ליסטרין 500 מ""ל",ליסטרין,,"ליסטרין 500 מ""ל",מיליליטרים,500.00,"100 מ""ל",false,,16.90,0.0338,true,1,151295
7290008116565,false,"ליסטרין 500 מ""ל",ליסטרין,,"ליסטרין 500 מ""ל",מיליליטרים,500.00,"100 מ""ל",false,,16.90,0.0338,true,1,151296
7290008154222,false,עוף טוב שניצלונים 70,עוף טוב,,עוף טוב שניצלונים 70,גרמים,700.00,100 גרם,false,,18.90,0.0270,false,1,94244
7290008175173,false,חמאה ללא מלח 200 גר,,,חמאה ללא מלח 200 גר,גרמים,200.00,100 גרם,false,,10.90,0.0545,true,1,105171
7290008175210,false,גבינה פרמזן,,,גבינה פרמזן,גרמים,90.00,100 גרם,false,,15.90,0.1767,true,1,139641
7290008175760,false,גבינת מנצ'גו,,,גבינת מנצ'גו,קילוגרמים,1.00,"ק""ג",true,,99.90,99.9000,true,1,143800
7290008175777,false,איבריקו גבינה קשה וי,,,איבריקו גבינה קשה וי,קילוגרמים,1.00,"ק""ג",true,,110.00,110.0000,true,1,143801
7290008175814,false,פטריות שמפניון חתוכו,וילי פוד,,פטריות שמפניון חתוכו,גרמים,400.00,100 גרם,false,,4.90,0.0123,false,1,105177
7290008175906,false,גבינת עיזים קשה וילי,,,גבינת עיזים קשה וילי,קילוגרמים,1.00,"ק""ג",true,,130.00,130.0000,true,1,141414
7290008190664,false,אגו משפחתי חלב 130 ג,כרמית,,אגו משפחתי חלב 130 ג,גרמים,130.00,100 גרם,false,,6.90,0.0531,true,1,104530
7290008190909,false,עוגיות מיני קוקיס כר,כרמית,,עוגיות מיני קוקיס כר,גרמים,600.00,100 גרם,false,,15.90,0.0265,true,1,104533
7290008190985,false,לקקן גלידה,כרמית,,לקקן גלידה,גרמים,500.00,100 גרם,false,,14.90,0.0298,true,1,104536
7290008254250,false,שוק טלה חלק קורדרו,,,שוק טלה חלק קורדרו,קילוגרמים,1.00,"ק""ג",true,,109.90,109.9000,false,1,211337
7290008263214,false,ממרח חרובים אורגני,הרדוף,,ממרח חרובים אורגני,גרמים,350.00,100 גרם,false,,22.90,0.0654,true,1,104897
7290008263528,false,ממרח שוקולד אגוזים א,,,ממרח שוקולד אגוזים א,גרמים,350.00,100 גרם,false,,23.90,0.0683,true,1,194899
7290008263535,false,ממרח שוקולד אורגני 3,הרדוף,,ממרח שוקולד אורגני 3,גרמים,350.00,100 גרם,false,,22.90,0.0654,true,1,199901
7290008263597,false,קוואקר אורגני הרדוף,הרדוף,,קוואקר אורגני הרדוף,גרמים,500.00,100 גרם,false,,9.90,0.0198,true,1,104905
7290008263641,false,קוואקר עדין אורגני 5,הרדוף,,קוואקר עדין אורגני 5,גרמים,500.00,100 גרם,false,,9.90,0.0198,true,1,113423
7290008263658,false,משקה סויה אורגני ללא,הרדוף,,משקה סויה אורגני ללא,ליטרים,1.00,ליטר,false,,10.90,10.9000,true,1,195718
7290008263764,false,פוסילי טריקולור,הרדוף,,פוסילי טריקולור,גרמים,500.00,100 גרם,false,,13.90,0.0278,true,1,194680
7290008268202,false,תפוח סמיט ביס,,,תפוח סמיט ביס,קילוגרמים,1.00,"ק""ג",true,,5.00,5.0000,true,1,189325
7290008318518,false,לאבליין דאודורנט,,,לאבליין דאודורנט,מיליליטרים,150.00,"100 מ""ל",false,,18.90,0.1260,true,1,103188
7290008318990,false,קרם ידיים מידנייט,,,קרם ידיים מידנייט,מיליליטרים,100.00,"100 מ""ל",false,,10.90,0.1090,true,1,113992
7290008330107,false,בדין 4 ליטר מרען,בדין,,בדין 4 ליטר מרען,ליטרים,4.00,ליטר,false,,19.90,4.9750,false,1,101736
7290008335515,false,אגרול סיני,שלושת האופים,,אגרול סיני,גרמים,600.00,100 גרם,false,,12.90,0.0215,true,1,186512
7290008335539,false,פלמיני בשר,שלושת האופים,,פלמיני בשר,גרמים,600.00,100 גרם,false,,12.90,0.0215,true,1,186513
7290008335560,false,סיגרים בשר,,,סיגרים בשר,גרמים,600.00,100 גרם,false,,12.90,0.0215,true,1,186516
7290008335577,false,"פסטל תפ""א",שלושת האופים,,"פסטל תפ""א",גרמים,600.00,100 גרם,false,,12.90,0.0215,true,1,186517
7290008335584,false,"סיגרים תפ""א",שלושת האופים,,"סיגרים תפ""א",גרמים,600.00,100 גרם,false,,12.90,0.0215,true,1,186518
7290008344258,false,המבורגר מזרחי,טיבון ויל,,המבורגר מזרחי,גרמים,400.00,100 גרם,false,,18.90,0.0472,false,1,109474
7290008344272,false,100% המבורגר 400 גר',טיבון ויל,,100% המבורגר 400 גר',גרמים,400.00,100 גרם,false,,18.90,0.0472,false,1,109476
7290008347211,false,אצבעות דג 700 גרם,דלידג,,אצבעות דג 700 גרם,גרמים,700.00,100 גרם,false,,22.90,0.0327,true,1,109508
7290008403238,false,גבינת ברי איסיני,,,גבינת ברי איסיני,קילוגרמים,1.00,"ק""ג",true,,145.00,145.0000,true,1,190024
7290008403375,false,גבינת לנדנה פסטו ירו,,,גבינת לנדנה פסטו ירו,קילוגרמים,1.00,"ק""ג",true,,129.90,129.9000,true,1,193249
7290008403382,false,גבינת לנדנה פסטו אדו,,,גבינת לנדנה פסטו אדו,קילוגרמים,1.00,"ק""ג",true,,139.90,139.9000,true,1,192306
7290008403443,false,גבינת קברה עיזים,,,גבינת קברה עיזים,קילוגרמים,1.00,"ק""ג",true,,169.90,169.9000,true,1,194114
7290008403900,false,גאודה עגבניות זיתים,,,גאודה עגבניות זיתים,קילוגרמים,1.00,"ק""ג",true,,115.00,115.0000,true,1,215684
7290008403917,false,גאודה פסטו ירוק,,,גאודה פסטו ירוק,קילוגרמים,1.00,"ק""ג",true,,140.00,140.0000,true,1,212139
7290008403931,false,גאודה כמון,,,גאודה כמון,קילוגרמים,1.00,"ק""ג",true,,115.00,115.0000,true,1,216637
7290008408073,false,מים מזוקקים 4 ל',,,מים מזוקקים 4 ל',ליטרים,4.00,ליטר,false,,13.90,3.4750,true,1,119669
7290008409049,false,מיני מיני שניצלונים,מאמא עוף,,מיני מיני שניצלונים,גרמים,500.00,100 גרם,false,,24.90,0.0498,false,1,140203
7290008409124,false,שניצל ג'ונגל מאמא עו,מאמא עוף,,שניצל ג'ונגל מאמא עו,גרמים,700.00,100 גרם,false,,31.90,0.0456,false,1,97924
7290008409315,false,מיני מיני דק שניצלונ,מאמא עוף,,מיני מיני דק שניצלונ,גרמים,500.00,100 גרם,false,,24.90,0.0498,false,1,140201
7290008409551,false,שניצל מעודן,מאמא עוף,,שניצל מעודן,גרמים,700.00,100 גרם,false,,37.90,0.0541,false,1,97943
7290008409582,false,שניצל אמיתי ביתי,מאמא עוף,,שניצל אמיתי ביתי,גרמים,700.00,100 גרם,false,,37.90,0.0541,false,1,97946
7290008415071,false,חומוס עם טחינה 150 ג,צבר,,חומוס עם טחינה 150 ג,גרמים,150.00,100 גרם,false,,4.80,0.0320,true,1,94265
7290008415514,false,חומוס צבר חריף 150גר,צבר,,חומוס צבר חריף 150גר,גרמים,150.00,100 גרם,false,,4.80,0.0320,true,1,94270
7290008425155,false,"שמן זית 750 מ""ל",,,"שמן זית 750 מ""ל",מיליליטרים,750.00,"100 מ""ל",false,,59.90,0.0799,true,1,211148
7290008425186,false,זיתים סורים 400 גרם,,,זיתים סורים 400 גרם,גרמים,400.00,100 גרם,false,,22.90,0.0572,true,1,203837
7290008425209,false,זיתים פיקואל 400גרם,,,זיתים פיקואל 400גרם,גרמים,400.00,100 גרם,false,,22.90,0.0572,true,1,209331
7290008425216,false,"שמן זית 500 מ""ל",,,"שמן זית 500 מ""ל",מיליליטרים,500.00,"100 מ""ל",false,,44.90,0.0898,true,1,208921
7290008425445,false,מיץ אשכוליות 1 ליטר,,,מיץ אשכוליות 1 ליטר,ליטרים,1.00,ליטר,false,,24.90,24.9000,true,1,208243
7290008425513,false,מיץ תפוחים אורגני 1,,,מיץ תפוחים אורגני 1,מיליליטרים,1000.00,"100 מ""ל",false,,24.90,0.0249,true,1,261300
7290008425575,false,סילאן אורגני 710 גר',,,סילאן אורגני 710 גר',גרמים,710.00,100 גרם,false,,39.90,0.0562,true,1,197608
7290008425681,false,זיתים ברנע,,,זיתים ברנע,גרמים,400.00,100 גרם,false,,22.90,0.0572,true,1,205076
7290008425704,false,נקטר שזיף 1 ליטר,,,נקטר שזיף 1 ליטר,ליטרים,1.00,ליטר,false,,21.90,21.9000,true,1,211105
7290008443616,false,נקה 7-מייצב יבש אדו,נקה 7,,נקה 7-מייצב יבש אדו,מיליליטרים,750.00,"100 מ""ל",false,,11.90,0.0159,true,1,108064
7290008443630,false,נקה 7-שמפו מתולתל ס,נקה 7,,נקה 7-שמפו מתולתל ס,מיליליטרים,750.00,"100 מ""ל",false,,11.90,0.0159,true,1,108066
7290008443647,false,נקה 7-מייצב מתולתל ס,נקה 7,,נקה 7-מייצב מתולתל ס,מיליליטרים,750.00,"100 מ""ל",false,,11.90,0.0159,true,1,108067
7290008461047,false,גבינת ברי לה רוס,,,גבינת ברי לה רוס,קילוגרמים,1.00,"ק""ג",true,,160.00,160.0000,true,1,110542
7290008461221,false,סרדין רוברט בשמן 115,ויליגר,,סרדין רוברט בשמן 115,גרמים,115.00,100 גרם,false,,6.90,0.0600,true,1,109524
7290008461238,false,סרדין רוברט חריף בשמ,ויליגר,,סרדין רוברט חריף בשמ,גרמים,115.00,100 גרם,false,,6.90,0.0600,true,1,109525
7290008461283,false,צ'דר טריפל 200 גר,,,צ'דר טריפל 200 גר,גרמים,200.00,100 גרם,false,,22.90,0.1145,true,1,196859
7290008462204,false,חרדל דיזו'ן MAILLE,,,חרדל דיזו'ן MAILLE,גרמים,380.00,100 גרם,false,,14.90,0.0392,true,1,109531
7290008462310,false,גבינת סנט מור עיזים,נטו,,גבינת סנט מור עיזים,קילוגרמים,1.00,"ק""ג",true,,149.90,149.9000,true,1,109107
7290008464024,false,פחית גולדסטאר לא מסו,גולדסטאר,,פחית גולדסטאר לא מסו,מיליליטרים,500.00,"100 מ""ל",false,,8.50,0.0170,true,1,146442
7290008464130,false,גולדסטאר לא מסונן שי,,,גולדסטאר לא מסונן שי,ליטרים,1.98,ליטר,false,,32.90,16.6162,false,1,141580
7290008464222,false,מכבי 7.9% פחית 500 מ,בירה מכבי,,מכבי 7.9% פחית 500 מ,מיליליטרים,500.00,"100 מ""ל",false,,7.20,0.0144,true,1,187055
7290008464314,false,"מי סודה 250 ח""פ",,,"מי סודה 250 ח""פ",יחידה,250.00,יחידה,false,,2.70,0.0108,true,1,142711
7290008464345,false,גולדסטאר בק' 330,גולדסטאר,,גולדסטאר בק' 330,יחידה,330.00,יחידה,false,,7.00,0.0212,true,1,110105
7290008464468,false,גולדסטאר בירה פחית 5,גולדסטאר,,גולדסטאר בירה פחית 5,מיליליטרים,500.00,"100 מ""ל",false,,7.90,0.0158,false,1,110110
7290008464475,false,מכבי בירה פחית 500 מ,בירה מכבי,,מכבי בירה פחית 500 מ,מיליליטרים,500.00,"100 מ""ל",false,,6.90,0.0138,false,1,110111
7290008464505,false,מים סאן בנדטו,סן בנדטו,,מים סאן בנדטו,מיליליטרים,500.00,"100 מ""ל",false,,2.50,0.0050,true,1,110113
7290008464604,false,הייניקן בירה פחית 50,היינקן,,הייניקן בירה פחית 50,מיליליטרים,500.00,"100 מ""ל",false,,9.50,0.0190,false,1,110116
7290008464611,false,"סודה 275 מ""ל בקבוק",,,"סודה 275 מ""ל בקבוק",מיליליטרים,275.00,"100 מ""ל",false,,3.00,0.0109,true,1,203290
7290008464673,false,בירה גולדסטאר 10% SL,גולדסטאר,,בירה גולדסטאר 10% SL,מיליליטרים,500.00,"100 מ""ל",false,,8.50,0.0170,true,1,205318
7290008464697,false,שישיית מכבי 7.9% אלכ,,,שישיית מכבי 7.9% אלכ,מיליליטרים,1980.00,"100 מ""ל",false,,32.90,0.0166,false,1,149992
7290008464703,false,מכבי שישייה בקבוק 33,בירה מכבי,,מכבי שישייה בקבוק 33,ליטרים,1.98,ליטר,false,,32.90,16.6162,false,1,110117
7290008464734,false,גולדסטאר SLOW BREW,,,גולדסטאר SLOW BREW,ליטרים,1.98,ליטר,false,,34.90,17.6263,false,1,197040
7290008464741,false,גולדסטאר שישייה בקבו,גולדסטאר,,גולדסטאר שישייה בקבו,ליטרים,1.98,ליטר,false,,29.90,15.1010,false,1,110121
7290008464796,false,הייניקן שישייה בקבוק,היינקן,,הייניקן שישייה בקבוק,ליטרים,1.98,ליטר,false,,32.90,16.6162,false,1,110125
7290008466707,false,עוגיות פרימיום 300 ג,,,עוגיות פרימיום 300 ג,גרמים,300.00,100 גרם,false,,21.90,0.0730,true,1,260145
7290008470759,false,מארז שמינייה אורביט,אורביט,,מארז שמינייה אורביט,יחידה,0.00,יחידה,false,,14.50,0.0000,true,1,143987
7290008473057,false,"מגבונים ד""ר פישר","ד""ר פישר",,"מגבונים ד""ר פישר",יחידה,0.00,יחידה,false,,15.90,0.0000,true,1,100194
7290008493413,false,פירורי גריסיני 200 ג,מאיר בייגל,,פירורי גריסיני 200 ג,גרמים,200.00,100 גרם,false,,6.50,0.0325,true,1,104928
7290008493710,false,פירורי גריסיני זהב 2,מאיר בייגל,,פירורי גריסיני זהב 2,גרמים,200.00,100 גרם,false,,6.50,0.0325,true,1,185238
7290008499071,false,אסאדו עגל מנות מצונן,,,אסאדו עגל מנות מצונן,קילוגרמים,1.00,"ק""ג",true,,79.90,79.9000,true,1,215436
7290008499088,false,אסאדו עם עצם מנות,,,אסאדו עם עצם מנות,קילוגרמים,1.00,"ק""ג",true,,79.90,79.9000,false,1,214918
7290008589987,false,נרות שבת מס' 16,,,נרות שבת מס' 16,יחידה,0.00,יחידה,false,,2.90,0.0000,true,1,263625
7290008590006,false,נרות שבת מס' 12,,,נרות שבת מס' 12,יחידה,0.00,יחידה,false,,2.90,0.0000,true,1,218902
7290008590013,false,נרות שבת מס' 8,,,נרות שבת מס' 8,יחידה,0.00,יחידה,false,,2.90,0.0000,true,1,263627
7290008644112,false,מטבוחה יום יום,אחלה,,מטבוחה יום יום,גרמים,125.00,100 גרם,false,,4.60,0.0368,true,1,95667
7290008644235,false,לקט עלי בייבי שטראוס,שטראוס,,לקט עלי בייבי שטראוס,גרמים,120.00,100 גרם,false,,9.90,0.0825,true,1,95670
7290008644945,false,סלט המושבה שטראוס 45,שטראוס,,סלט המושבה שטראוס 45,גרמים,450.00,100 גרם,false,,11.90,0.0264,true,1,95678
7290008670005,false,רקאנטי שרדונה 2017,,,רקאנטי שרדונה 2017,מיליליטרים,750.00,"100 מ""ל",false,,49.90,0.0665,true,1,108836
7290008670135,false,רקנאטי סובניון בלאן,,,רקנאטי סובניון בלאן,מיליליטרים,750.00,"100 מ""ל",false,,49.90,0.0665,true,1,108842
7290008670913,false,רקנאטי גליל עליון קב,,,רקנאטי גליל עליון קב,מיליליטרים,750.00,"100 מ""ל",false,,49.90,0.0665,true,1,202331
7290008670920,false,רקנאטי גליל עליון מר,,,רקנאטי גליל עליון מר,מיליליטרים,750.00,"100 מ""ל",false,,49.90,0.0665,true,1,202332
7290008670937,false,רקנאטי סירה 2018,,,רקנאטי סירה 2018,מיליליטרים,750.00,"100 מ""ל",false,,49.90,0.0665,true,1,212157
7290008679411,false,כפפות,,,כפפות,יחידה,0.00,יחידה,false,,8.00,0.0000,true,1,128252
7290008679428,false,כפפות גומי,,,כפפות גומי,יחידה,0.00,יחידה,false,,8.00,0.0000,true,1,94859
7290008679435,false,כפפות,,,כפפות,יחידה,0.00,יחידה,false,,8.00,0.0000,true,1,128253
7290008679442,false,כפפות רגישות במי,,,כפפות רגישות במי,יחידה,0.00,יחידה,false,,8.00,0.0000,true,1,128254
7290008679459,false,כפפות רגישות במי,,,כפפות רגישות במי,יחידה,0.00,יחידה,false,,8.00,0.0000,true,1,94860
7290008679466,false,כפפות רגישות במי,,,כפפות רגישות במי,יחידה,0.00,יחידה,false,,8.00,0.0000,true,1,113208
7290008679992,false,כפפות אצבעות מחו,,,כפפות אצבעות מחו,יחידה,0.00,יחידה,false,,13.90,0.0000,true,1,212837
7290008690713,false,חמוציות אושן ספריי פ,פריגת,,חמוציות אושן ספריי פ,ליטרים,1.00,ליטר,false,,12.90,12.9000,true,1,93430
7290008693134,false,דניאלה תות שדה 5%,שטראוס,,דניאלה תות שדה 5%,מיליליטרים,150.00,"100 מ""ל",false,,4.10,0.0273,true,1,95703
7290008713900,false,לחם שיפון עגול 750 ג,אנג'ל,,לחם שיפון עגול 750 ג,גרמים,750.00,100 גרם,false,,13.90,0.0185,true,1,118305
7290008745239,false,תפוציפס 50 גר,עלית,,תפוציפס 50 גר,גרמים,50.00,100 גרם,false,,3.90,0.0780,true,1,99402
7290008747547,false,תפוציפס טבעי,עלית,,תפוציפס טבעי,גרמים,200.00,100 גרם,false,,10.90,0.0545,false,1,99404
7290008750264,false,מסטיק מאסט בטעם דובד,עלית,,מסטיק מאסט בטעם דובד,גרמים,28.00,100 גרם,false,,4.40,0.1571,false,1,99038
7290008752244,false,תפוציפס גריל,עלית,,תפוציפס גריל,גרמים,50.00,100 גרם,false,,3.90,0.0780,true,1,99414
7290008753111,false,תפוציפס 50 גר,עלית,,תפוציפס 50 גר,גרמים,50.00,100 גרם,false,,3.90,0.0780,true,1,99417
7290008753364,false,דוריטוס גריל,עלית,,דוריטוס גריל,גרמים,55.00,100 גרם,false,,2.90,0.0527,true,1,99419
7290008753371,false,דוריטוס נאצ'ו,עלית,,דוריטוס נאצ'ו,גרמים,55.00,100 גרם,false,,2.90,0.0527,true,1,99420
7290008753388,false,דוריטוס טבעי,עלית,,דוריטוס טבעי,גרמים,55.00,100 גרם,false,,2.90,0.0527,true,1,99421
7290008754415,false,מסטיק מאסט בטעם מנטה,עלית,,מסטיק מאסט בטעם מנטה,גרמים,28.00,100 גרם,false,,4.40,0.1571,false,1,99069
7290008754422,false,מסטיק מאסט בטעם מנטה,עלית,,מסטיק מאסט בטעם מנטה,גרמים,28.00,100 גרם,false,,4.40,0.1571,false,1,99070
7290008757034,false,סודה שוופס 250 מ,שוופס,,סודה שוופס 250 מ,יחידה,250.00,יחידה,false,,3.20,0.0128,true,1,103547
7290008757980,false,ספרינג רימונים קרטונ,ספרינג,,ספרינג רימונים קרטונ,ליטרים,1.00,ליטר,false,,6.90,6.9000,false,1,103560
7290008775816,false,ערגליות שוקו 300,אסם,,ערגליות שוקו 300,גרמים,300.00,100 גרם,false,,10.60,0.0353,false,1,94287
7290008775823,false,ערגליות תות שדה,אסם,,ערגליות תות שדה,גרמים,300.00,100 גרם,false,,10.60,0.0353,false,1,94288
7290008784474,false,מספריים לציפורני,,,מספריים לציפורני,יחידה,0.00,יחידה,false,,14.90,0.0000,true,1,209047
7290008784542,false,קויוטה מסג',,,קויוטה מסג',יחידה,0.00,יחידה,false,,7.00,0.0000,true,1,127518
7290008801010,false,קברנה סוביניון מרלו,יקבי כרמל,,קברנה סוביניון מרלו,מיליליטרים,750.00,"100 מ""ל",false,,34.90,0.0465,false,1,146204
7290008801119,false,סלקטד סוביניון בלאן,יקבי כרמל,,סלקטד סוביניון בלאן,מיליליטרים,750.00,"100 מ""ל",false,,24.90,0.0332,false,1,103616
7290008801157,false,סלקטד מרלו,יקבי כרמל,,סלקטד מרלו,מיליליטרים,750.00,"100 מ""ל",false,,24.90,0.0332,false,1,103618
7290008801522,false,קונקורד KING DAVID,יקבי כרמל,,קונקורד KING DAVID,מיליליטרים,750.00,"100 מ""ל",false,,19.90,0.0265,true,1,103629
7290008801539,false,כרמל 120 KING DAVID,יקבי כרמל,,כרמל 120 KING DAVID,מיליליטרים,750.00,"100 מ""ל",false,,19.90,0.0265,true,1,103630
7290008801546,false,מוסקט KING DAVID לבן,יקבי כרמל,,מוסקט KING DAVID לבן,מיליליטרים,750.00,"100 מ""ל",false,,19.90,0.0265,true,1,103631
7290008801843,false,סלקטד קברנה סוביניון,יקבי כרמל,,סלקטד קברנה סוביניון,מיליליטרים,750.00,"100 מ""ל",false,,24.90,0.0332,false,1,103632
7290008801850,false,סלקטד אמרלד ריזלינג,יקבי כרמל,,סלקטד אמרלד ריזלינג,מיליליטרים,750.00,"100 מ""ל",false,,24.90,0.0332,true,1,103633
7290008802291,false,מרלו PRIVATE COLLECT,יקבי כרמל,,מרלו PRIVATE COLLECT,מיליליטרים,750.00,"100 מ""ל",false,,34.90,0.0465,false,1,103636
7290008802512,false,וינו יין אדום,יקבי כרמל,,וינו יין אדום,מיליליטרים,750.00,"100 מ""ל",false,,19.90,0.0265,true,1,103639
7290008802529,false,יין לבן וינו,יקבי כרמל,,יין לבן וינו,מיליליטרים,750.00,"100 מ""ל",false,,19.90,0.0265,true,1,202795
7290008802895,false,קברנה סוביניון PRIVA,יקבי כרמל,,קברנה סוביניון PRIVA,מיליליטרים,750.00,"100 מ""ל",false,,34.90,0.0465,false,1,103642
7290008804332,false,"שיראז 750 מ""ל .P.C",יקבי כרמל,,"שיראז 750 מ""ל .P.C",מיליליטרים,750.00,"100 מ""ל",false,,34.90,0.0465,false,1,103650
7290008805049,false,יין רוזה סלקטד,יקבי כרמל,,יין רוזה סלקטד,מיליליטרים,750.00,"100 מ""ל",false,,24.90,0.0332,false,1,103661
7290008806961,false,גלידה קרמיסימו שוקול,קרמיסימו- שטראוס,,גלידה קרמיסימו שוקול,ליטרים,1.33,ליטר,false,,24.90,18.7218,false,1,96053
7290008806985,false,קרמיסימו נשנושים 60,קרמיסימו- שטראוס,,קרמיסימו נשנושים 60,גרמים,630.00,100 גרם,false,,49.90,0.0792,false,1,96055
7290008807012,false,מוסקט טבע בנימינה,יקבי בנימינה,,מוסקט טבע בנימינה,מיליליטרים,750.00,"100 מ""ל",false,,21.90,0.0292,false,1,108855
7290008807029,false,בנימינה אמרלד ריזלינ,יקבי בנימינה,,בנימינה אמרלד ריזלינ,מיליליטרים,750.00,"100 מ""ל",false,,21.90,0.0292,false,1,108856
7290008807289,false,יין קיסריה,יקבי בנימינה,,יין קיסריה,מיליליטרים,750.00,"100 מ""ל",false,,15.90,0.0212,false,1,108865
7290008807449,false,יין שרדונה 750מל,יקבי בנימינה,,יין שרדונה 750מל,מיליליטרים,750.00,"100 מ""ל",false,,36.90,0.0492,true,1,199084
7290008807487,false,יוגב קברנה מרלו,יקבי בנימינה,,יוגב קברנה מרלו,יחידה,750.00,יחידה,false,,36.90,0.0492,true,1,121384
7290008807494,false,יוגב בלד ארומטי 2008,יקבי בנימינה,,יוגב בלד ארומטי 2008,יחידה,750.00,יחידה,false,,36.90,0.0492,true,1,128307
7290008807562,false,ליקר לימונצ'לו,יקבי בנימינה,,ליקר לימונצ'לו,יחידה,700.00,יחידה,false,,49.90,0.0713,true,1,188739
7290008807654,false,יין רזרב סובניון בלא,יקבי בנימינה,,יין רזרב סובניון בלא,מיליליטרים,750.00,"100 מ""ל",false,,49.90,0.0665,true,1,164707
7290008835091,false,צלי כתף מס' 5 מוכשר,,,צלי כתף מס' 5 מוכשר,קילוגרמים,1.00,"ק""ג",true,,74.90,74.9000,false,1,262082
7290008835107,false,פילה מדומה מס' 6 מוכ,,,פילה מדומה מס' 6 מוכ,קילוגרמים,1.00,"ק""ג",true,,37.90,37.9000,false,1,262086
7290008835343,false,לשון בקר מוכשר ארגנט,,,לשון בקר מוכשר ארגנט,קילוגרמים,1.00,"ק""ג",true,,39.90,39.9000,false,1,262084
7290008835763,false,בשר ראש חלק ארגנטינה,,,בשר ראש חלק ארגנטינה,קילוגרמים,1.00,"ק""ג",true,,79.90,79.9000,false,1,261976
7290008835770,false,לשון בקר חלק ארגנטינ,,,לשון בקר חלק ארגנטינ,קילוגרמים,1.00,"ק""ג",true,,39.90,39.9000,false,1,261977
7290008835954,false,פילה אמנון 5-7 וואקו,,,פילה אמנון 5-7 וואקו,קילוגרמים,1.00,"ק""ג",true,,21.90,21.9000,false,1,212397
7290008836494,false,מיץ ענבים 1 ליטר,,,מיץ ענבים 1 ליטר,ליטרים,1.00,ליטר,false,,13.90,13.9000,true,1,141027
7290008841634,false,קשיו קלוי בטעם חריף,זארובי,,קשיו קלוי בטעם חריף,גרמים,200.00,100 גרם,false,,16.90,0.0845,true,1,259617
7290008841887,false,קשיו קלוי 180 גר' קו,זארובי,,קשיו קלוי 180 גר' קו,גרמים,180.00,100 גרם,false,,15.00,0.0833,true,1,260120
7290008846219,false,שמן זית כתית מעולה ח,חלוצה,,שמן זית כתית מעולה ח,יחידה,750.00,יחידה,false,,39.90,0.0532,false,1,98539
7290008849470,false,ממרח פלפל צ'ומה,אוליביה,,ממרח פלפל צ'ומה,גרמים,185.00,100 גרם,false,,13.90,0.0751,true,1,104929
7290008849586,false,רוטב ריבת בצל לעוף,אוליביה,,רוטב ריבת בצל לעוף,גרמים,310.00,100 גרם,false,,13.90,0.0448,true,1,104936
7290008849739,false,רוטב סויה קלאסי אולי,אוליביה,,רוטב סויה קלאסי אולי,יחידה,290.00,יחידה,false,,13.90,0.0479,true,1,104939
7290008849753,false,רוטב טריאקי עשיר אול,אוליביה,,רוטב טריאקי עשיר אול,יחידה,300.00,יחידה,false,,13.90,0.0463,true,1,104940
7290008849777,false,רוטב צילי מתוק,אוליביה,,רוטב צילי מתוק,גרמים,350.00,100 גרם,false,,13.90,0.0397,true,1,104942
7290008849845,false,אריסה פיקנטית אוליבי,,,אריסה פיקנטית אוליבי,גרמים,185.00,100 גרם,false,,12.90,0.0697,true,1,202897
7290008866019,false,ברי עיזים בייבי יעקב,משק יעקבס,,ברי עיזים בייבי יעקב,קילוגרמים,1.00,"ק""ג",true,,129.90,129.9000,true,1,260872
7290008866040,false,גבינת ברי עיזים יעקב,משק יעקבס,,גבינת ברי עיזים יעקב,קילוגרמים,1.00,"ק""ג",true,,124.90,124.9000,true,1,260931
7290008881050,false,שמן קורינייקי פח 2 ל,,,שמן קורינייקי פח 2 ל,ליטרים,2.00,ליטר,false,,94.90,47.4500,true,1,212263
7290008881067,false,שמן אקסל פח 2 ליטר,,,שמן אקסל פח 2 ליטר,ליטרים,2.00,ליטר,false,,94.90,47.4500,true,1,213854
7290008881081,false,שמן פיקואל פח 2 ליטר,,,שמן פיקואל פח 2 ליטר,ליטרים,2.00,ליטר,false,,94.90,47.4500,true,1,212264
7290008881203,false,שמן זית פח 2 ליטר,,,שמן זית פח 2 ליטר,ליטרים,2.00,ליטר,false,,94.90,47.4500,true,1,126608
7290008881227,false,"שמן הבית מסיק 750 מ""",,,"שמן הבית מסיק 750 מ""",יחידה,750.00,יחידה,false,,46.90,0.0625,true,1,120162
7290008881241,false,שמן זית אסקל קיבוץ מ,,,שמן זית אסקל קיבוץ מ,מיליליטרים,0.75,"100 מ""ל",false,,46.90,62.5333,true,1,126609
7290008881265,false,שמן זית קורטינה קיבו,,,שמן זית קורטינה קיבו,מיליליטרים,750.00,"100 מ""ל",false,,46.90,0.0625,true,1,120163
7290008881272,false,שמן זית פיקואל קיבוץ,,,שמן זית פיקואל קיבוץ,מיליליטרים,750.00,"100 מ""ל",false,,46.90,0.0625,true,1,136063
7290008881296,false,שמן זית קורינייקי ק,,,שמן זית קורינייקי ק,מיליליטרים,750.00,"100 מ""ל",false,,46.90,0.0625,true,1,120166
7290008881494,false,"שמן ארבקינה 750 מ""ל",,,"שמן ארבקינה 750 מ""ל",מיליליטרים,750.00,"100 מ""ל",false,,46.90,0.0625,true,1,194565
7290008909853,false,קוקה קולה ZERO בקבו,קוקה קולה,,קוקה קולה ZERO בקבו,מיליליטרים,500.00,"100 מ""ל",false,,6.00,0.0120,false,1,114442
7290008909877,false,קוקה קולה ZERO שישיי,קוקה קולה,,קוקה קולה ZERO שישיי,ליטרים,9.00,ליטר,false,,36.90,4.1000,false,1,114444
7290008921022,false,תשבי פרנץ' ריזלינג,יקב תשבי,,תשבי פרנץ' ריזלינג,מיליליטרים,750.00,"100 מ""ל",false,,29.90,0.0399,true,1,110178
7290008921060,false,מוסקט ויונייה 2018.,,,מוסקט ויונייה 2018.,מיליליטרים,750.00,"100 מ""ל",false,,29.90,0.0399,true,1,205571
7290008921077,false,תשבי מלבק,,,תשבי מלבק,מיליליטרים,750.00,"100 מ""ל",false,,39.90,0.0532,true,1,211158
7290008921121,false,יין תישבי סוביניון ב,,,יין תישבי סוביניון ב,מיליליטרים,750.00,"100 מ""ל",false,,39.90,0.0532,true,1,205121
7290008921169,false,תשבי קברנה סוביניון,יקב תשבי,,תשבי קברנה סוביניון,מיליליטרים,750.00,"100 מ""ל",false,,39.90,0.0532,true,1,110181
7290008921176,false,יין תשבי מרלו,,,יין תשבי מרלו,יחידה,750.00,יחידה,false,,39.90,0.0532,true,1,110182
7290008921190,false,תשבי אמרלד ריזלינג,יקב תשבי,,תשבי אמרלד ריזלינג,מיליליטרים,750.00,"100 מ""ל",false,,29.90,0.0399,true,1,133707
7290008921299,false,יין פטיט וורדו תישבי,,,יין פטיט וורדו תישבי,מיליליטרים,750.00,"100 מ""ל",false,,39.90,0.0532,true,1,189167
7290008921312,false,קברנה סוביניון א,,,קברנה סוביניון א,יחידה,750.00,יחידה,false,,69.90,0.0932,true,1,110185
7290008921329,false,תשבי אסטייט מרלו,יקב תשבי,,תשבי אסטייט מרלו,מיליליטרים,750.00,"100 מ""ל",false,,69.90,0.0932,true,1,110186
7290008921572,false,ויונייה גוורצטרמינר,,,ויונייה גוורצטרמינר,מיליליטרים,750.00,"100 מ""ל",false,,39.90,0.0532,true,1,264288
7290008921602,false,תשבי פטיט ורדו אסטיי,,,תשבי פטיט ורדו אסטיי,מיליליטרים,750.00,"100 מ""ל",false,,69.90,0.0932,true,1,218012
7290008921633,false,פינק סוביניון תשבי,,,פינק סוביניון תשבי,מיליליטרים,750.00,"100 מ""ל",false,,45.00,0.0600,true,1,207266
7290008921718,false,תשבי גוורצטרמינר,יקב תשבי,,תשבי גוורצטרמינר,מיליליטרים,750.00,"100 מ""ל",false,,45.00,0.0600,true,1,136616
7290008945172,false,גלילונית לפח מטבח 40,גלילונית,,גלילונית לפח מטבח 40,יחידה,0.00,יחידה,false,,15.90,0.0000,true,1,107641
7290008945202,false,גלילונית לאשפה משרדי,גלילונית,,גלילונית לאשפה משרדי,יחידה,0.00,יחידה,false,,14.90,0.0000,true,1,107642
7290008961585,false,כוסמת 800 גר,,,כוסמת 800 גר,גרמים,800.00,100 גרם,false,,12.90,0.0161,true,1,211790
7290008975551,false,מטרנה חיסכון שלב 3 7,מטרנה,,מטרנה חיסכון שלב 3 7,גרמים,700.00,100 גרם,false,,60.00,0.0857,false,1,107128
7290008975780,false,בונזו בשר 3 קג,בונזו,,בונזו בשר 3 קג,קילוגרמים,4.00,"ק""ג",false,,47.90,11.9750,false,1,107130
7290008989091,false,פריכיות אורז,,,פריכיות אורז,גרמים,310.00,100 גרם,false,,12.90,0.0416,true,1,210662
7290008989602,false,פצפוצי אורז מלא,,,פצפוצי אורז מלא,גרמים,450.00,100 גרם,false,,18.90,0.0420,true,1,185142
7290008989671,false,ציפוי עדיף פריך גס ל,,,ציפוי עדיף פריך גס ל,גרמים,250.00,100 גרם,false,,9.90,0.0396,true,1,197101
7290008989909,false,סירופ תפוחים 1.2 ליט,,,סירופ תפוחים 1.2 ליט,ליטרים,1.20,ליטר,false,,31.90,26.5833,true,1,210664
7290008989916,false,סירופ אננס 1.2 ליטר,,,סירופ אננס 1.2 ליטר,ליטרים,1.20,ליטר,false,,31.90,26.5833,true,1,217373
7290008989947,false,סירופ דובדבן 1.2 ליט,,,סירופ דובדבן 1.2 ליט,ליטרים,1.20,ליטר,false,,31.90,26.5833,true,1,263342
7290008989954,false,סירופ תפוזים 1.2 ליט,,,סירופ תפוזים 1.2 ליט,ליטרים,1.20,ליטר,false,,31.90,26.5833,true,1,260369
7290010002023,false,כורכום הודי טחון 100,,,כורכום הודי טחון 100,גרמים,100.00,100 גרם,false,,11.50,0.1150,true,1,217395
7290010002030,false,כמון 100 גרם,,,כמון 100 גרם,גרמים,100.00,100 גרם,false,,11.50,0.1150,true,1,217396
7290010002047,false,מלח לימון 200 גרם,,,מלח לימון 200 גרם,גרמים,200.00,100 גרם,false,,11.90,0.0595,true,1,217404
7290010002061,false,פלפל לבן טחון 100 גר,,,פלפל לבן טחון 100 גר,גרמים,100.00,100 גרם,false,,17.90,0.1790,true,1,217415
7290010002078,false,פלפל שחור טחון 100 ג,,,פלפל שחור טחון 100 ג,גרמים,100.00,100 גרם,false,,13.90,0.1390,true,1,217405
7290010002092,false,פלפל שחור גרוס דק 90,,,פלפל שחור גרוס דק 90,גרמים,90.00,100 גרם,false,,13.90,0.1544,true,1,217503
7290010002108,false,פלפל שחור גרוס גס 90,,,פלפל שחור גרוס גס 90,גרמים,90.00,100 גרם,false,,13.90,0.1544,true,1,217406
7290010002122,false,פפריקה הונגרית מתוקה,,,פפריקה הונגרית מתוקה,גרמים,100.00,100 גרם,false,,11.50,0.1150,true,1,217397
7290010002139,false,פפריקה הונגרית חריפה,,,פפריקה הונגרית חריפה,גרמים,100.00,100 גרם,false,,11.50,0.1150,true,1,217398
7290010002146,false,פפריקה מרוקאית מתוקה,,,פפריקה מרוקאית מתוקה,גרמים,100.00,100 גרם,false,,11.50,0.1150,true,1,217504
7290010002153,false,פפריקה מרוקאית חריפה,,,פפריקה מרוקאית חריפה,גרמים,100.00,100 גרם,false,,11.50,0.1150,true,1,218235
7290010002191,false,מקלות קינמון 50 גרם,,,מקלות קינמון 50 גרם,גרמים,50.00,100 גרם,false,,11.50,0.2300,true,1,217399
7290010002207,false,קינמון טחון 100 גרם,,,קינמון טחון 100 גרם,גרמים,100.00,100 גרם,false,,8.90,0.0890,true,1,217697
7290010002214,false,צילי גרוס 70 גרם,,,צילי גרוס 70 גרם,גרמים,70.00,100 גרם,false,,11.50,0.1643,true,1,217698
7290010002283,false,תבלין על האש 100 גרם,,,תבלין על האש 100 גרם,גרמים,100.00,100 גרם,false,,11.50,0.1150,true,1,217400
7290010002290,false,תיבול לשווארמה 100 ג,,,תיבול לשווארמה 100 ג,גרמים,100.00,100 גרם,false,,11.50,0.1150,true,1,218236
7290010002306,false,תיבול לקציצות 100 גר,,,תיבול לקציצות 100 גר,גרמים,100.00,100 גרם,false,,11.50,0.1150,true,1,218237
7290010002313,false,ראס אל חנות 100 גרם,,,ראס אל חנות 100 גרם,גרמים,100.00,100 גרם,false,,11.50,0.1150,true,1,217401
7290010002320,false,תיבול לגריל עוף 100,,,תיבול לגריל עוף 100,גרמים,100.00,100 גרם,false,,11.50,0.1150,true,1,217402
7290010002344,false,תיבול לדג 100 גרם,,,תיבול לדג 100 גרם,גרמים,100.00,100 גרם,false,,11.50,0.1150,true,1,217408
7290010002351,false,זעתר ושומשום בלדי 1,,,זעתר ושומשום בלדי 1,גרמים,100.00,100 גרם,false,,11.50,0.1150,true,1,217409
7290010002368,false,תערובת חוויג' למרק 1,,,תערובת חוויג' למרק 1,גרמים,100.00,100 גרם,false,,11.50,0.1150,true,1,217410
7290010002375,false,קארי 100 גרם,,,קארי 100 גרם,גרמים,100.00,100 גרם,false,,11.50,0.1150,true,1,217411
7290010002382,false,אורגנו 40 גרם,,,אורגנו 40 גרם,גרמים,40.00,100 גרם,false,,8.90,0.2225,true,1,217699
7290010002399,false,בזיליקום 40 גרם,,,בזיליקום 40 גרם,גרמים,40.00,100 גרם,false,,8.90,0.2225,true,1,218300
7290010002429,false,עלי דפנה 20 גרם,,,עלי דפנה 20 גרם,גרמים,20.00,100 גרם,false,,8.90,0.4450,true,1,217412
7290010002481,false,שום טחון 100 גרם,,,שום טחון 100 גרם,גרמים,100.00,100 גרם,false,,13.90,0.1390,true,1,217505
7290010002498,false,שום גבישי 120 גרם,,,שום גבישי 120 גרם,גרמים,120.00,100 גרם,false,,13.90,0.1158,true,1,217414
7290010002597,false,כוסברה ירוקה 30 גרם,,,כוסברה ירוקה 30 גרם,גרמים,30.00,100 גרם,false,,8.90,0.2967,true,1,218559
7290010002658,false,פלפל יבש מתוק 150 גר,,,פלפל יבש מתוק 150 גר,גרמים,150.00,100 גרם,false,,13.90,0.0927,true,1,217463
7290010002696,false,אקסטרה צ'יפס אורז חו,,,אקסטרה צ'יפס אורז חו,גרמים,60.00,100 גרם,false,,6.90,0.1150,true,1,262660
7290010003051,false,פפריקה הונגרית מתוקה,,,פפריקה הונגרית מתוקה,גרמים,400.00,100 גרם,false,,25.90,0.0647,true,1,217466
7290010003075,false,פפריקה מרוקאית מתוקה,,,פפריקה מרוקאית מתוקה,גרמים,400.00,100 גרם,false,,25.90,0.0647,true,1,217467
7290010003440,false,שבבי בצל מטוגן 200 ג,,,שבבי בצל מטוגן 200 ג,גרמים,200.00,100 גרם,false,,11.50,0.0575,true,1,217468
7290010003693,false,פפריקה מתוקה שקית 80,,,פפריקה מתוקה שקית 80,גרמים,80.00,100 גרם,false,,5.90,0.0738,true,1,217391
7290010003709,false,פלפל שחור טחון שקית,,,פלפל שחור טחון שקית,גרמים,50.00,100 גרם,false,,7.90,0.1580,true,1,217436
7290010003754,false,כמון טחון שקית 50 גר,,,כמון טחון שקית 50 גר,גרמים,50.00,100 גרם,false,,5.90,0.1180,true,1,217437
7290010003761,false,כורכום טחון שקית 80,,,כורכום טחון שקית 80,גרמים,80.00,100 גרם,false,,5.90,0.0738,true,1,217438
7290010003778,false,תבלין לגריל עוף שקית,,,תבלין לגריל עוף שקית,גרמים,80.00,100 גרם,false,,5.90,0.0738,true,1,217439
7290010003792,false,מלח לימון שקית 100 ג,,,מלח לימון שקית 100 ג,גרמים,100.00,100 גרם,false,,5.90,0.0590,true,1,217440
7290010003808,false,זעתר ושומשום שקית 80,,,זעתר ושומשום שקית 80,גרמים,80.00,100 גרם,false,,5.90,0.0738,true,1,217441
7290010003815,false,פלפל שטה 150 גרם,,,פלפל שטה 150 גרם,גרמים,150.00,100 גרם,false,,13.90,0.0927,true,1,217456
7290010003822,false,פפריקה חריפה 80 גרם,,,פפריקה חריפה 80 גרם,גרמים,80.00,100 גרם,false,,5.90,0.0738,true,1,217442
7290010003839,false,קינמון טחון שקית 80,,,קינמון טחון שקית 80,גרמים,80.00,100 גרם,false,,5.90,0.0738,true,1,218560
7290010003846,false,אורגנו 20 גרם שקית,,,אורגנו 20 גרם שקית,גרמים,20.00,100 גרם,false,,5.90,0.2950,true,1,217443
7290010003990,false,פטרוזיליה 20 גרם שק,,,פטרוזיליה 20 גרם שק,גרמים,20.00,100 גרם,false,,5.90,0.2950,true,1,217444
7290010004348,false,פפריקה מתוקה 250 גרם,,,פפריקה מתוקה 250 גרם,גרמים,250.00,100 גרם,false,,21.90,0.0876,true,1,217445
7290010023141,false,תה חליטת לימון ונענע,ויסוצקי,,תה חליטת לימון ונענע,גרמים,50.00,100 גרם,false,,18.90,0.3780,false,1,97425
7290010023943,false,חליטת רויבוש קינמון,ויסוצקי,,חליטת רויבוש קינמון,גרמים,50.00,100 גרם,false,,25.90,0.5180,true,1,97441
7290010051298,false,מנגולד ארוז,,,מנגולד ארוז,יחידה,0.00,יחידה,false,,4.90,0.0000,true,1,213956
7290010065271,false,"מחית פרינוק תפו""ע 13",פרינוק,,"מחית פרינוק תפו""ע 13",גרמים,130.00,100 גרם,false,,5.50,0.0423,true,1,199269
7290010065318,false,פרינוק תפוחים,פרינוק,,פרינוק תפוחים,גרמים,190.00,100 גרם,false,,6.50,0.0342,true,1,166709
7290010065332,false,"פרינוק גוניור תפ""ע ב",פרינוק,,"פרינוק גוניור תפ""ע ב",גרמים,760.00,100 גרם,false,,6.50,0.0086,true,1,94879
7290010066025,false,טונה פיל טונה בשמן,,,טונה פיל טונה בשמן,גרמים,112.00,100 גרם,false,,5.90,0.0527,false,1,207125
7290010066513,false,פיל טונה רביעיה בשמן,,,פיל טונה רביעיה בשמן,גרמים,632.00,100 גרם,false,,22.90,0.0362,false,1,143515
7290010066520,false,טונה פיל טונה קנולה,,,טונה פיל טונה קנולה,גרמים,112.00,100 גרם,false,,5.90,0.0527,false,1,207126
7290010066575,false,פיל טונה רביעיה במים,,,פיל טונה רביעיה במים,גרמים,632.00,100 גרם,false,,22.90,0.0362,false,1,143513
7290010066582,false,פיל טונה רביעיה בשמן,,,פיל טונה רביעיה בשמן,גרמים,632.00,100 גרם,false,,22.90,0.0362,false,1,143516
7290010066599,false,פיל טונה רביעיה בשמן,,,פיל טונה רביעיה בשמן,גרמים,632.00,100 גרם,false,,27.90,0.0441,true,1,143517
7290010066957,false,טונה פרינס 960 גר בש,,,טונה פרינס 960 גר בש,גרמים,960.00,100 גרם,false,,26.90,0.0280,true,1,195852
7290010092031,false,נס קפה-עוגיות מרוקאי,,,נס קפה-עוגיות מרוקאי,גרמים,450.00,100 גרם,false,,16.90,0.0376,true,1,190153
7290010092093,false,עוגיות שחר,,,עוגיות שחר,יחידה,0.00,יחידה,false,,14.90,0.0000,false,1,139839
7290010092406,false,עוגת שוקולד שקדים נס,,,עוגת שוקולד שקדים נס,גרמים,500.00,100 גרם,false,,21.90,0.0438,true,1,263509
7290010092604,false,רול תמר וקינמון נס ב,,,רול תמר וקינמון נס ב,גרמים,500.00,100 גרם,false,,25.90,0.0518,true,1,263508
7290010116980,false,שוקולית 850 גרם,עלית,,שוקולית 850 גרם,גרמים,850.00,100 גרם,false,,16.90,0.0199,false,1,99101
7290010117857,false,דוריטוס חריף אש,עלית,,דוריטוס חריף אש,גרמים,55.00,100 גרם,false,,2.90,0.0527,true,1,119404
7290010117970,false,בוטנים אמריקאים עלית,עלית,,בוטנים אמריקאים עלית,גרמים,50.00,100 גרם,false,,1.90,0.0380,true,1,176158
7290010119240,false,תפוציפס טבעי 12יח מא,עלית,,תפוציפס טבעי 12יח מא,גרמים,216.00,100 גרם,false,,16.50,0.0764,true,1,99437
7290010119950,false,דוריטוס חמוץ מתוק,עלית,,דוריטוס חמוץ מתוק,גרמים,55.00,100 גרם,false,,2.90,0.0527,true,1,99438
7290010124107,false,סטייק בורגר 400 גר',,,סטייק בורגר 400 גר',גרמים,400.00,100 גרם,false,,17.90,0.0447,true,1,207271
7290010124190,false,שניצל בקר מליסה 250,,,שניצל בקר מליסה 250,גרמים,250.00,100 גרם,false,,11.90,0.0476,true,1,207272
7290010124473,false,אפונה עדינה 600 גר',,,אפונה עדינה 600 גר',גרמים,600.00,100 גרם,false,,11.90,0.0198,true,1,214988
7290010124503,false,שומן כבש בלדי 200 גר,בלדי,,שומן כבש בלדי 200 גר,גרמים,200.00,100 גרם,false,,12.90,0.0645,true,1,136398
7290010161669,false,דאודורנט אדם פרמייר,,,דאודורנט אדם פרמייר,מיליליטרים,200.00,"100 מ""ל",false,,14.90,0.0745,true,1,126773
7290010163069,false,צנובר גדול 100 גר,,,צנובר גדול 100 גר,גרמים,100.00,100 גרם,false,,22.90,0.2290,true,1,150059
7290010173037,false,יין גליל רוזה,,,יין גליל רוזה,מיליליטרים,750.00,"100 מ""ל",false,,31.90,0.0425,false,1,101028
7290010173044,false,הרי גליל מרלו,יקב רמת הגולן,,הרי גליל מרלו,מיליליטרים,750.00,"100 מ""ל",false,,31.90,0.0425,false,1,101029
7290010173068,false,הרי גליל קברנה סובינ,יקב רמת הגולן,,הרי גליל קברנה סובינ,מיליליטרים,750.00,"100 מ""ל",false,,31.90,0.0425,false,1,101031
7290010173174,false,יין הרי גליל אלון 20,,,יין הרי גליל אלון 20,מיליליטרים,750.00,"100 מ""ל",false,,50.00,0.0667,false,1,151304
7290010173181,false,יין גליל אלה 2019,,,יין גליל אלה 2019,מיליליטרים,750.00,"100 מ""ל",false,,50.00,0.0667,false,1,181066
7290010173334,false,הרי הגליל סירה,יקב רמת הגולן,,הרי הגליל סירה,מיליליטרים,750.00,"100 מ""ל",false,,31.90,0.0425,false,1,111933
7290010182237,false,רול און 42 שעות,,,רול און 42 שעות,מיליליטרים,50.00,"100 מ""ל",false,,16.90,0.3380,true,1,97983
7290010182985,false,דאודורנט לאבלין סטיק,,,דאודורנט לאבלין סטיק,מיליליטרים,50.00,"100 מ""ל",false,,23.90,0.4780,true,1,206859
7290010195268,false,פופסטאר מופחת שומן ט,פופ סטאר,,פופסטאר מופחת שומן ט,גרמים,425.00,100 גרם,false,,12.90,0.0304,false,1,133241
7290010195275,false,פופסטאר מופחת שומן ח,פופ סטאר,,פופסטאר מופחת שומן ח,גרמים,425.00,100 גרם,false,,12.90,0.0304,false,1,133242
7290010196678,false,שקיות קוקי ענק 10 יח,,,שקיות קוקי ענק 10 יח,יחידה,0.00,יחידה,false,,17.90,0.0000,true,1,96466
7290010237784,false,מכבי שנדי שישייה בקב,מכבי שנדי,,מכבי שנדי שישייה בקב,יחידה,1.98,יחידה,false,,31.90,16.1111,false,1,110145
7290010237890,false,הייניקן בירה בקבוק 5,היינקן,,הייניקן בירה בקבוק 5,מיליליטרים,500.00,"100 מ""ל",false,,8.00,0.0160,true,1,110151
7290010259823,false,מנת השף מרק נודלס טע,וילי פוד,,מנת השף מרק נודלס טע,גרמים,70.00,100 גרם,false,,4.90,0.0700,true,1,105191
7290010259830,false,מנת השף מרק עם נודלס,וילי פוד,,מנת השף מרק עם נודלס,גרמים,70.00,100 גרם,false,,4.90,0.0700,true,1,105192
7290010259847,false,מנת השף מרק עם נודלס,וילי פוד,,מנת השף מרק עם נודלס,גרמים,70.00,100 גרם,false,,4.90,0.0700,true,1,105193
7290010259854,false,מנת השף מרק נודלס פט,וילי פוד,,מנת השף מרק נודלס פט,גרמים,70.00,100 גרם,false,,4.90,0.0700,true,1,105194
7290010259991,false,צנימים 250 גרם,,,צנימים 250 גרם,גרמים,250.00,100 גרם,false,,6.90,0.0276,true,1,143340
7290010298143,false,יין שאטו בלריב דובוא,,,יין שאטו בלריב דובוא,מיליליטרים,750.00,"100 מ""ל",false,,56.90,0.0759,true,1,203563
7290010298273,false,יין דרך ארץ שרדונה,,,יין דרך ארץ שרדונה,מיליליטרים,750.00,"100 מ""ל",false,,29.90,0.0399,true,1,260507
7290010300471,false,חוט דנטלי עם שעווה 5,,,חוט דנטלי עם שעווה 5,יחידה,0.00,יחידה,false,,9.90,0.0000,true,1,212576
7290010300488,false,קיסם+חוט דנטלי 40 יח,,,קיסם+חוט דנטלי 40 יח,יחידה,0.00,יחידה,false,,7.90,0.0000,true,1,186386
7290010300501,false,"סוכר חום בשקית 1 ק""ג",נאמן,,"סוכר חום בשקית 1 ק""ג",יחידה,1.00,יחידה,false,,9.90,9.9000,true,1,98086
7290010300594,false,ג'לטין טהור,,,ג'לטין טהור,גרמים,28.00,100 גרם,false,,10.90,0.3893,true,1,119504
7290010300747,false,קיסמים דנטליים 200 י,,,קיסמים דנטליים 200 י,יחידה,0.00,יחידה,false,,9.00,0.0000,true,1,112381
7290010300860,false,אציטון 100 גר',,,אציטון 100 גר',מיליליטרים,100.00,"100 מ""ל",false,,3.20,0.0320,true,1,115680
7290010328093,false,ממרח חלבה אחוה 400 ג,אחוה,,ממרח חלבה אחוה 400 ג,גרמים,400.00,100 גרם,false,,11.90,0.0298,true,1,111491
7290010328246,false,טחינה משומשום מלא אח,אחוה,,טחינה משומשום מלא אח,גרמים,500.00,100 גרם,false,,10.90,0.0218,false,1,117850
7290010328253,false,טחינה שומשום טבעי אח,אחוה,,טחינה שומשום טבעי אח,גרמים,500.00,100 גרם,false,,10.90,0.0218,false,1,115873
7290010328468,false,חטיפי מיני חלבה,,,חטיפי מיני חלבה,גרמים,216.00,100 גרם,false,,10.90,0.0505,true,1,142727
7290010328505,false,חטיפי מיני חלבה ללא,,,חטיפי מיני חלבה ללא,גרמים,150.00,100 גרם,false,,10.90,0.0727,true,1,145730
7290010328710,false,קצפיות אחוה,אחוה,,קצפיות אחוה,גרמים,180.00,100 גרם,false,,9.90,0.0550,true,1,189160
7290010328727,false,ממרח טחינה עם שוקולד,אחוה,,ממרח טחינה עם שוקולד,גרמים,400.00,100 גרם,false,,11.90,0.0298,true,1,190778
7290010328734,false,ממרח טחינה עם סילאן,אחוה,,ממרח טחינה עם סילאן,גרמים,400.00,100 גרם,false,,11.90,0.0298,true,1,192376
7290010328819,false,ממרח טחינה שוקולד לל,,,ממרח טחינה שוקולד לל,גרמים,400.00,100 גרם,false,,11.90,0.0298,true,1,194809
7290010329595,false,אפיפיות שוקולד ושוקו,כרמית,,אפיפיות שוקולד ושוקו,גרמים,110.00,100 גרם,false,,6.90,0.0627,true,1,104578
7290010329854,false,מיני קוקיס חמאה ללא,,,מיני קוקיס חמאה ללא,גרמים,700.00,100 גרם,false,,21.90,0.0313,true,1,114816
7290010471669,false,דנונה קראנצ יוגורט ת,שטראוס דנונה,,דנונה קראנצ יוגורט ת,גרמים,175.00,100 גרם,false,,4.60,0.0263,true,1,95720
7290010472307,false,גמדים לשתיה תות בננה,שטראוס,,גמדים לשתיה תות בננה,מיליליטרים,800.00,"100 מ""ל",false,,20.00,0.0250,true,1,95732
7290010472390,false,מארז דני שוקולד 1.5%,שטראוס,,מארז דני שוקולד 1.5%,ליטרים,1.00,ליטר,false,,16.40,16.4000,false,1,95736
7290010513727,false,פנקו מזרח ומערב,,,פנקו מזרח ומערב,גרמים,200.00,100 גרם,false,,7.00,0.0350,true,1,150653
7290010535057,false,גליל נייר דבק 9 מטר+,,,גליל נייר דבק 9 מטר+,יחידה,0.00,יחידה,false,,19.90,0.0000,true,1,117615
7290010535156,false,פלסטר 50'חי,,,פלסטר 50'חי,יחידה,0.00,יחידה,false,,8.50,0.0000,true,1,219735
7290010535309,false,משטח ייבוש כלים לשיי,,,משטח ייבוש כלים לשיי,יחידה,0.00,יחידה,false,,10.00,0.0000,true,1,188876
7290010535361,false,מברשת רחצה לגב,,,מברשת רחצה לגב,יחידה,0.00,יחידה,false,,17.90,0.0000,true,1,113609
7290010535378,false,שלישית כדורי רחצה,,,שלישית כדורי רחצה,יחידה,0.00,יחידה,false,,9.90,0.0000,true,1,105268
7290010535408,false,מארז קופסאות למברשת,,,מארז קופסאות למברשת,יחידה,0.00,יחידה,false,,9.90,0.0000,true,1,122595
7290010535460,false,מאפינס 50 יח,,,מאפינס 50 יח,יחידה,0.00,יחידה,false,,10.90,0.0000,true,1,191810
7290010535606,false,דבק 3 שניות בלוח,,,דבק 3 שניות בלוח,יחידה,0.00,יחידה,false,,9.90,0.0000,true,1,167337
7290010535682,false,מטלית מיקרו פייבר,,,מטלית מיקרו פייבר,יחידה,0.00,יחידה,false,,8.90,0.0000,true,1,207263
7290010535910,false,סקוטץ קוצים 2 יח',,,סקוטץ קוצים 2 יח',יחידה,0.00,יחידה,false,,9.00,0.0000,true,1,117617
7290010546053,false,מנדל גרנולה-ללא סוכר,,,מנדל גרנולה-ללא סוכר,גרמים,400.00,100 גרם,false,,18.90,0.0472,true,1,142802
7290010546169,false,מנדל גרנולה-שקדים וצ,,,מנדל גרנולה-שקדים וצ,גרמים,400.00,100 גרם,false,,18.90,0.0472,true,1,142805
7290010546336,false,גרנולה ודגנים ללא תו,מנדל,,גרנולה ודגנים ללא תו,גרמים,400.00,100 גרם,false,,18.90,0.0472,true,1,188316
7290010546558,false,גרנולה חלבה תמרים 40,,,גרנולה חלבה תמרים 40,גרמים,400.00,100 גרם,false,,18.90,0.0472,true,1,200322
7290010546565,false,גרנולה שוקולד 400 גר,,,גרנולה שוקולד 400 גר,גרמים,400.00,100 גרם,false,,18.90,0.0472,true,1,200323
7290010546633,false,גרנולה חמאת בוטנים מ,,,גרנולה חמאת בוטנים מ,גרמים,350.00,100 גרם,false,,18.90,0.0540,true,1,216222
7290010546770,false,חטיף חלבון פיצוחים ו,,,חטיף חלבון פיצוחים ו,גרמים,120.00,100 גרם,false,,19.90,0.1658,true,1,261510
7290010548514,false,עשבי תיבול לבישול אי,דורות,,עשבי תיבול לבישול אי,גרמים,70.00,100 גרם,false,,11.00,0.1571,true,1,94335
7290010549108,false,רכז רימון טהור 350 ג,,,רכז רימון טהור 350 ג,גרמים,350.00,100 גרם,false,,29.90,0.0854,true,1,219840
7290010569052,false,גלידה פיסטוק מוקה ונ,שטראוס,,גלידה פיסטוק מוקה ונ,ליטרים,2.00,ליטר,false,,26.90,13.4500,true,1,96061
7290010569120,false,שלגון פסק זמן,שטראוס,,שלגון פסק זמן,יחידה,0.00,יחידה,false,,8.90,0.0000,true,1,96065
7290010627004,false,טחינה ירושלים 500 גר,,,טחינה ירושלים 500 גר,גרמים,500.00,100 גרם,false,,14.90,0.0298,true,1,192509
7290010627844,false,טחינה ירושלים 500 מל,,,טחינה ירושלים 500 מל,גרמים,500.00,100 גרם,false,,14.90,0.0298,true,1,193521
7290010632961,false,מסרק ומברשת לשיער,,,מסרק ומברשת לשיער,יחידה,0.00,יחידה,false,,18.90,0.0000,true,1,115666
7290010650019,false,אנדיב בלגי,,,אנדיב בלגי,גרמים,150.00,100 גרם,false,,13.90,0.0927,true,1,128336
7290010650033,false,בצלצלי שאלוט 350 גר',,,בצלצלי שאלוט 350 גר',גרמים,350.00,100 גרם,false,,14.90,0.0426,true,1,135903
7290010650040,false,פטריות שיטאקי טרי או,,,פטריות שיטאקי טרי או,גרמים,100.00,100 גרם,false,,11.90,0.1190,true,1,144014
7290010650064,false,פטריות יער מיובשות 2,,,פטריות יער מיובשות 2,גרמים,20.00,100 גרם,false,,6.40,0.3200,true,1,114045
7290010650101,false,עגבניות מיובשות,,,עגבניות מיובשות,גרמים,100.00,100 גרם,false,,8.40,0.0840,true,1,114044
7290010650194,false,זנגוויל ארוז מגשית,,,זנגוויל ארוז מגשית,גרמים,250.00,100 גרם,false,,8.90,0.0356,true,1,144174
7290010650231,false,פטריות מאי- טאקי יבש,,,פטריות מאי- טאקי יבש,גרמים,20.00,100 גרם,false,,9.40,0.4700,true,1,123211
7290010650255,false,לקט פטריות מיובשות ל,,,לקט פטריות מיובשות ל,גרמים,25.00,100 גרם,false,,11.90,0.4760,true,1,123212
7290010650279,false,לקט פטריות מיובשות ל,,,לקט פטריות מיובשות ל,גרמים,25.00,100 גרם,false,,11.90,0.4760,true,1,123213
7290010650286,false,בייבי ברוקולי,,,בייבי ברוקולי,גרמים,350.00,100 גרם,false,,12.90,0.0369,true,1,190334
7290010650293,false,שאלוט קלוף ארוז,,,שאלוט קלוף ארוז,גרמים,250.00,100 גרם,false,,12.90,0.0516,true,1,144889
7290010650354,false,כורכום טרי,,,כורכום טרי,גרמים,120.00,100 גרם,false,,14.90,0.1242,true,1,144412
7290010650538,false,תירס סופר מתוק,,,תירס סופר מתוק,גרמים,550.00,100 גרם,false,,18.90,0.0344,true,1,144042
7290010650576,false,פטריות שינוקי,,,פטריות שינוקי,גרמים,150.00,100 גרם,false,,9.90,0.0660,true,1,144357
7290010650590,false,ריזוטו פטריות,,,ריזוטו פטריות,גרמים,275.00,100 גרם,false,,15.90,0.0578,true,1,144291
7290010650668,false,למון גראס -חוות תקוע,,,למון גראס -חוות תקוע,יחידה,0.00,יחידה,false,,10.90,0.0000,true,1,145417
7290010650767,false,אנדיב אדום ארוז,,,אנדיב אדום ארוז,יחידה,0.00,יחידה,false,,19.90,0.0000,true,1,187916
7290010650798,false,לקט בורגול ופטריות,,,לקט בורגול ופטריות,גרמים,310.00,100 גרם,false,,13.90,0.0448,true,1,204433
7290010650828,false,פטריות שימג'י לבן,,,פטריות שימג'י לבן,יחידה,0.00,יחידה,false,,10.90,0.0000,true,1,203965
7290010650903,false,עגבניות לחות עם אורג,,,עגבניות לחות עם אורג,גרמים,200.00,100 גרם,false,,9.40,0.0470,true,1,210587
7290010650910,false,עגבניות לחות עם אורג,,,עגבניות לחות עם אורג,גרמים,200.00,100 גרם,false,,9.40,0.0470,true,1,210588
7290010650927,false,עגבניות לחות עם בזיל,,,עגבניות לחות עם בזיל,גרמים,200.00,100 גרם,false,,9.40,0.0470,true,1,210589
7290010650996,false,פטריות שימג'י חום,,,פטריות שימג'י חום,גרמים,150.00,100 גרם,false,,10.90,0.0727,true,1,218326
7290010657254,false,סרדין קזבלנקה בשמן ס,,,סרדין קזבלנקה בשמן ס,גרמים,125.00,100 גרם,false,,4.40,0.0352,true,1,122131
7290010657315,false,עלי גפן ממולאים סטאר,,,עלי גפן ממולאים סטאר,גרמים,400.00,100 גרם,false,,9.40,0.0235,true,1,138889
7290010657490,false,סרדין קזבלנקה בשמן ח,,,סרדין קזבלנקה בשמן ח,גרמים,125.00,100 גרם,false,,4.90,0.0392,true,1,118703
7290010657506,false,סרדין קזבלנקה בשמן ז,,,סרדין קזבלנקה בשמן ז,גרמים,125.00,100 גרם,false,,5.60,0.0448,true,1,113348
7290010657551,false,סרדין קזבלנקה ברוטב,,,סרדין קזבלנקה ברוטב,יחידה,0.00,יחידה,false,,4.40,0.0000,true,1,136070
7290010657568,false,סרדין קזבלנקה בשמן ס,,,סרדין קזבלנקה בשמן ס,גרמים,125.00,100 גרם,false,,4.90,0.0392,true,1,133308
7290010657681,false,פילה מקרל בשמן צמחי,,,פילה מקרל בשמן צמחי,גרמים,125.00,100 גרם,false,,7.90,0.0632,true,1,130258
7290010657698,false,פילה מקרל עם פלפל חר,,,פילה מקרל עם פלפל חר,גרמים,125.00,100 גרם,false,,8.50,0.0680,true,1,137145
7290010657704,false,פילה מקרל בשמן זית,,,פילה מקרל בשמן זית,גרמים,125.00,100 גרם,false,,9.40,0.0752,true,1,133863
7290010657834,false,מי ורדים 400 גר',,,מי ורדים 400 גר',יחידה,400.00,יחידה,false,,16.90,0.0422,true,1,117377
7290010657902,false,בצלצלי פנינה סטאר פו,,,בצלצלי פנינה סטאר פו,גרמים,400.00,100 גרם,false,,9.90,0.0248,true,1,123370
7290010690138,false,ברוקולי ארוז,,,ברוקולי ארוז,יחידה,0.00,יחידה,false,,9.90,0.0000,true,1,141205
7290010711147,false,גליל מטליות אקולוגי,,,גליל מטליות אקולוגי,יחידה,0.00,יחידה,false,,21.90,0.0000,true,1,215636
7290010711208,false,גליל מטליות צהוב 40,,,גליל מטליות צהוב 40,יחידה,0.00,יחידה,false,,16.90,0.0000,true,1,264377
7290010711918,false,מטליות מיקרופייבר,,,מטליות מיקרופייבר,יחידה,0.00,יחידה,false,,8.90,0.0000,true,1,182190
7290010715336,false,נרונים בשקית 50 יח',,,נרונים בשקית 50 יח',יחידה,0.00,יחידה,false,,10.90,0.0000,true,1,115123
7290010718627,false,סבון נוזלי 1 ליטר יר,,,סבון נוזלי 1 ליטר יר,ליטרים,1.00,ליטר,false,,8.90,8.9000,true,1,138210
7290010718634,false,סבון נוזלי 1 ליטר לב,,,סבון נוזלי 1 ליטר לב,ליטרים,1.00,ליטר,false,,8.90,8.9000,true,1,135502
7290010748853,false,קרם ידיים וציפורניים,"ד""ר פישר",,קרם ידיים וציפורניים,מיליליטרים,150.00,"100 מ""ל",false,,16.90,0.1127,true,1,126982
7290010748860,false,קרם ידיים וציפורניים,,,קרם ידיים וציפורניים,מיליליטרים,150.00,"100 מ""ל",false,,16.90,0.1127,true,1,125404
7290010748877,false,קרם גוף אפקטיב לעור,,,קרם גוף אפקטיב לעור,מיליליטרים,700.00,"100 מ""ל",false,,32.90,0.0470,true,1,124748
7290010748884,false,ק.גוף אפקטיב קר יבש,,,ק.גוף אפקטיב קר יבש,מיליליטרים,700.00,"100 מ""ל",false,,32.90,0.0470,true,1,124749
7290010748891,false,ק.גוף אפקטיב קר רגיל,,,ק.גוף אפקטיב קר רגיל,מיליליטרים,700.00,"100 מ""ל",false,,32.90,0.0470,true,1,124750
7290010766307,false,רוטב פסטה בולונז,אוליביה,,רוטב פסטה בולונז,גרמים,420.00,100 גרם,false,,13.90,0.0331,true,1,104981
7290010766734,false,רוטב פיצה 415 גר',אוליביה,,רוטב פיצה 415 גר',גרמים,415.00,100 גרם,false,,13.90,0.0335,true,1,116464
7290010766949,false,ממרח תחתיות ארטישוק,אוליביה,,ממרח תחתיות ארטישוק,גרמים,180.00,100 גרם,false,,13.90,0.0772,true,1,124703
7290010766956,false,ממרח פלפלים קלויים א,אוליביה,,ממרח פלפלים קלויים א,גרמים,180.00,100 גרם,false,,13.90,0.0772,true,1,124704
7290010778058,false,פסטה פטוצ'יני טריה,,,פסטה פטוצ'יני טריה,גרמים,500.00,100 גרם,false,,19.90,0.0398,true,1,140453
7290010778065,false,"ניוקי תפו""א פסטה טרי",,,"ניוקי תפו""א פסטה טרי",גרמים,500.00,100 גרם,false,,19.90,0.0398,true,1,140454
7290010778164,false,ריביולי ריקוטה ופטרי,,,ריביולי ריקוטה ופטרי,גרמים,500.00,100 גרם,false,,31.90,0.0638,true,1,140457
7290010778171,false,ריביולי בטטה,,,ריביולי בטטה,גרמים,500.00,100 גרם,false,,31.90,0.0638,true,1,140458
7290010778188,false,ריביולי 4 גבינות,,,ריביולי 4 גבינות,גרמים,500.00,100 גרם,false,,31.90,0.0638,true,1,140459
7290010778218,false,רוטב לפסטה שמנת ופטר,,,רוטב לפסטה שמנת ופטר,גרמים,240.00,100 גרם,false,,21.90,0.0912,true,1,140461
7290010778256,false,ריביולי ריקוטה פרמזן,,,ריביולי ריקוטה פרמזן,גרמים,500.00,100 גרם,false,,31.90,0.0638,true,1,140463
7290010778263,false,ריביולי גבינות צאן,,,ריביולי גבינות צאן,גרמים,500.00,100 גרם,false,,31.90,0.0638,true,1,140464
7290010778300,false,ריביולי מוצרלה,,,ריביולי מוצרלה,גרמים,500.00,100 גרם,false,,31.90,0.0638,true,1,140641
7290010778324,false,ניוקי בטטה פסטה טריה,,,ניוקי בטטה פסטה טריה,גרמים,500.00,100 גרם,false,,19.90,0.0398,true,1,140465
7290010778485,false,רוטב לפסטה שמנת בטטה,,,רוטב לפסטה שמנת בטטה,גרמים,240.00,100 גרם,false,,21.90,0.0912,true,1,140466
7290010791538,false,לה קט עוף גורמה 85 ג,לה -קט,,לה קט עוף גורמה 85 ג,גרמים,85.00,100 גרם,false,,5.50,0.0647,true,1,107163
7290010791545,false,לה קט דליקטס פטה כבד,לה -קט,,לה קט דליקטס פטה כבד,גרמים,85.00,100 גרם,false,,5.50,0.0647,true,1,107164
7290010791552,false,לה קט דליקטס טונה,לה -קט,,לה קט דליקטס טונה,גרמים,85.00,100 גרם,false,,5.50,0.0647,true,1,107165
7290010791576,false,לה קט דליקטס דגי אוק,לה -קט,,לה קט דליקטס דגי אוק,גרמים,85.00,100 גרם,false,,5.50,0.0647,true,1,112371
7290010791583,false,לה קט דליקטס דגי אוק,לה -קט,,לה קט דליקטס דגי אוק,גרמים,85.00,100 גרם,false,,5.50,0.0647,true,1,107166
7290010791644,false,בונזו גו'י מקלוני עו,,,בונזו גו'י מקלוני עו,גרמים,90.00,100 גרם,false,,17.00,0.1889,true,1,145144
7290010814244,false,שוקולד מריר כרמית של,,,שוקולד מריר כרמית של,גרמים,300.00,100 גרם,false,,10.90,0.0363,true,1,135792
7290010814268,false,שלישיה שוקולד לבן כר,כרמית,,שלישיה שוקולד לבן כר,גרמים,255.00,100 גרם,false,,10.90,0.0427,true,1,135793
7290010814695,false,שוקולד מריר ללא תוספ,כרמית,,שוקולד מריר ללא תוספ,גרמים,85.00,100 גרם,false,,5.90,0.0694,true,1,121249
7290010814701,false,שוקולד חלב ללא תוספת,כרמית,,שוקולד חלב ללא תוספת,גרמים,85.00,100 גרם,false,,5.90,0.0694,true,1,121250
7290010838219,false,מרמולייט סטיביה 100ש,,,מרמולייט סטיביה 100ש,יחידה,0.00,יחידה,false,,28.90,0.0000,true,1,137347
7290010838424,false,טואלט דאק * 750זוג *,טואלט דאק (ג'ונסון),,טואלט דאק * 750זוג *,ליטרים,1.50,ליטר,false,,17.90,11.9333,false,1,107717
7290010838431,false,טואלט דאק * 750זוג *,טואלט דאק (ג'ונסון),,טואלט דאק * 750זוג *,ליטרים,1.50,ליטר,false,,17.90,11.9333,false,1,107718
7290010839865,false,רכז רימונים 320 גרם,וילי פוד,,רכז רימונים 320 גרם,גרמים,320.00,100 גרם,false,,11.50,0.0359,true,1,127439
7290010849505,false,למברוסקו די לואיג'י,,,למברוסקו די לואיג'י,מיליליטרים,750.00,"100 מ""ל",false,,24.90,0.0332,true,1,123299
7290010849512,false,למברוסקו די לואיג'י,,,למברוסקו די לואיג'י,מיליליטרים,750.00,"100 מ""ל",false,,24.90,0.0332,true,1,136787
7290010849529,false,למברוסקו די לואיג'י,,,למברוסקו די לואיג'י,מיליליטרים,750.00,"100 מ""ל",false,,24.90,0.0332,true,1,150471
7290010883042,false,סנובון נוזלי תות,סנו סנובון,,סנובון נוזלי תות,מיליליטרים,750.00,"100 מ""ל",false,,9.90,0.0132,true,1,108586
7290010922963,false,מלווח בלדי 800 גר',,,מלווח בלדי 800 גר',גרמים,800.00,100 גרם,false,,14.50,0.0181,true,1,218248
7290010922970,false,ליצ'י קפוא 250 גר',,,ליצ'י קפוא 250 גר',גרמים,250.00,100 גרם,false,,8.90,0.0356,true,1,218387
7290010945146,false,קוט'ג 3% מועשר טרה,טרה,,קוט'ג 3% מועשר טרה,גרמים,250.00,100 גרם,false,,5.90,0.0236,false,1,93469
7290010945306,false,חלב 2 ליטר מהדרין,טרה,,חלב 2 ליטר מהדרין,ליטרים,2.00,ליטר,false,,12.46,6.2300,false,1,93475
7290010945450,false,גבינה לבנה 3% 250 גר,טרה,,גבינה לבנה 3% 250 גר,גרמים,250.00,100 גרם,false,,4.98,0.0199,false,1,93484
7290010945481,false,גבינה לבנה 5% 500 גר,טרה,,גבינה לבנה 5% 500 גר,גרמים,500.00,100 גרם,false,,9.96,0.0199,false,1,93486
7290010955824,false,יין רימונים רוזה חצי,,,יין רימונים רוזה חצי,מיליליטרים,750.00,"100 מ""ל",false,,65.90,0.0879,true,1,201405
7290010970216,false,חומץ בלסמי איטלקי,,,חומץ בלסמי איטלקי,מיליליטרים,500.00,"100 מ""ל",false,,19.90,0.0398,true,1,149023
7290010970223,false,חומץ בן יין אדום,,,חומץ בן יין אדום,מיליליטרים,500.00,"100 מ""ל",false,,12.90,0.0258,true,1,149024
7290010970230,false,חומץ פירות הדר,,,חומץ פירות הדר,מיליליטרים,500.00,"100 מ""ל",false,,17.90,0.0358,true,1,185829
7290010970254,false,חומץ בן יין לבן,,,חומץ בן יין לבן,מיליליטרים,500.00,"100 מ""ל",false,,12.90,0.0258,true,1,149025
7290010970407,false,חומץ תפוחים בלסמי,,,חומץ תפוחים בלסמי,יחידה,0.00,יחידה,false,,23.90,0.0000,true,1,207062
7290010970650,false,קרם מצומצם מחומץ בלס,,,קרם מצומצם מחומץ בלס,מיליליטרים,250.00,"100 מ""ל",false,,29.90,0.1196,true,1,214222
7290011015862,false,סירופ דיאט לימון נענ,פריגת,,סירופ דיאט לימון נענ,יחידה,750.00,יחידה,false,,22.90,0.0305,true,1,122518
7290011015985,false,סירופ דיאט אננס 750,,,סירופ דיאט אננס 750,מיליליטרים,750.00,"100 מ""ל",false,,22.90,0.0305,true,1,139045
7290011017866,false,קוקה קולה פחית,קוקה קולה,,קוקה קולה פחית,מיליליטרים,330.00,"100 מ""ל",false,,4.90,0.0148,false,1,139247
7290011017873,false,קוקה קולה זירו פחית,קוקה קולה,,קוקה קולה זירו פחית,מיליליטרים,330.00,"100 מ""ל",false,,4.50,0.0136,true,1,141376
7290011017880,false,דיאט קולה פחית 330,קוקה קולה,,דיאט קולה פחית 330,מיליליטרים,330.00,"100 מ""ל",false,,4.50,0.0136,false,1,141885
7290011018184,false,FUZE tea אפרסק 0.5 ל,קוקה קולה,,FUZE tea אפרסק 0.5 ל,מיליליטרים,500.00,"100 מ""ל",false,,6.50,0.0130,true,1,138669
7290011018245,false,פיוז תה אפרסק 330 בק,,,פיוז תה אפרסק 330 בק,מיליליטרים,330.00,"100 מ""ל",false,,5.90,0.0179,true,1,209662
7290011018368,false,שישיה בירה ויינשטפן,קוקה קולה,,שישיה בירה ויינשטפן,ליטרים,1.98,ליטר,false,,69.90,35.3030,false,1,141306
7290011018443,false,פאנטה אורנ'ג פחית,קוקה קולה,,פאנטה אורנ'ג פחית,מיליליטרים,330.00,"100 מ""ל",false,,4.90,0.0148,true,1,141865
7290011018924,false,מארז שישיית פחיות די,קוקה קולה,,מארז שישיית פחיות די,ליטרים,1.98,ליטר,false,,21.90,11.0606,false,1,142312
7290011026066,false,סרקל שמפו+מרכך 1 ליט,סרקל,,סרקל שמפו+מרכך 1 ליט,ליטרים,1.00,ליטר,false,,27.90,27.9000,true,1,116377
7290011064020,false,בולגרית בעיר עם תוספ,,,בולגרית בעיר עם תוספ,גרמים,200.00,100 גרם,false,,13.90,0.0695,true,1,211036
7290011065416,false,פלפל שחור במטחנה 60,,,פלפל שחור במטחנה 60,גרמים,60.00,100 גרם,false,,17.90,0.2983,true,1,263915
7290011065423,false,מלח ים מטחנה 130 גרם,,,מלח ים מטחנה 130 גרם,גרמים,130.00,100 גרם,false,,17.90,0.1377,true,1,218405
7290011065430,false,צ'ילי מטחנה 50 גר',,,צ'ילי מטחנה 50 גר',גרמים,50.00,100 גרם,false,,17.90,0.3580,true,1,263916
7290011081492,false,קרמיסימו שלושה שוקול,קרמיסימו- שטראוס,,קרמיסימו שלושה שוקול,ליטרים,1.33,ליטר,false,,24.90,18.7218,false,1,96116
7290011081690,false,קרמיסימו פרווה שוקו,קרמיסימו- שטראוס,,קרמיסימו פרווה שוקו,ליטרים,1.33,ליטר,false,,24.90,18.7218,false,1,114234
7290011115166,false,נקה תחליב רחצה סגול,נקה 7,,נקה תחליב רחצה סגול,ליטרים,1.00,ליטר,false,,13.90,13.9000,true,1,108123
7290011115173,false,נקה תחליב רחצה וניל,נקה 7,,נקה תחליב רחצה וניל,ליטרים,1.00,ליטר,false,,13.90,13.9000,true,1,108124
7290011115203,false,נקה 7-סבון מוצק ורוד,נקה 7,,נקה 7-סבון מוצק ורוד,גרמים,400.00,100 גרם,false,,11.90,0.0298,true,1,111797
7290011115241,false,נקה 7 ארומה - סבון מ,נקה 7,,נקה 7 ארומה - סבון מ,גרמים,400.00,100 גרם,false,,11.90,0.0298,true,1,112439
7290011115258,false,נקה 7 סבון מוצק ירוק,נקה 7,,נקה 7 סבון מוצק ירוק,גרמים,400.00,100 גרם,false,,11.90,0.0298,true,1,111795
7290011115265,false,נקה 7 ארומה - סבון מ,נקה 7,,נקה 7 ארומה - סבון מ,גרמים,400.00,100 גרם,false,,11.90,0.0298,true,1,111798
7290011115289,false,נקה 7- סבון מוצק ליל,נקה 7,,נקה 7- סבון מוצק ליל,גרמים,400.00,100 גרם,false,,11.90,0.0298,true,1,111796
7290011115296,false,נקה 7 לחות - סבון מו,נקה 7,,נקה 7 לחות - סבון מו,גרמים,400.00,100 גרם,false,,11.90,0.0298,true,1,111799
7290011115401,false,נקה 7 ארומה - סבון מ,נקה 7,,נקה 7 ארומה - סבון מ,גרמים,400.00,100 גרם,false,,11.90,0.0298,true,1,118353
7290011126209,false,תה חליטת תפוח וקינמו,ויסוצקי,,תה חליטת תפוח וקינמו,גרמים,55.00,100 גרם,false,,18.90,0.3436,false,1,97449
7290011126216,false,חליטת רויבוש קלאסית,ויסוצקי,,חליטת רויבוש קלאסית,גרמים,50.00,100 גרם,false,,25.90,0.5180,true,1,97450
7290011126452,false,תה חליטת קמומיל ונענ,ויסוצקי,,תה חליטת קמומיל ונענ,גרמים,37.50,100 גרם,false,,18.90,0.5040,false,1,113583
7290011126469,false,תה חליטת קמומיל ודבש,ויסוצקי,,תה חליטת קמומיל ודבש,גרמים,37.50,100 גרם,false,,18.90,0.5040,false,1,113584
7290011126940,false,תה ירוק בתוספת מרווה,ויסוצקי,,תה ירוק בתוספת מרווה,גרמים,37.50,100 גרם,false,,24.90,0.6640,false,1,118276
7290011126957,false,תה ירוק ארל גריי 25,ויסוצקי,,תה ירוק ארל גריי 25,גרמים,37.50,100 גרם,false,,24.90,0.6640,false,1,118277
7290011131050,false,"גרנולה 1 ק""ג פקאן",,,"גרנולה 1 ק""ג פקאן",קילוגרמים,1.00,"ק""ג",false,,24.90,24.9000,true,1,142419
7290011131371,false,מוזלי קרנצ'י שקדים ו,מוזלי GREEN,,מוזלי קרנצ'י שקדים ו,קילוגרמים,1.00,"ק""ג",false,,24.90,24.9000,true,1,114476
7290011131395,false,מוזלי קרנצ'י 30% פיר,מוזלי GREEN,,מוזלי קרנצ'י 30% פיר,קילוגרמים,1.00,"ק""ג",false,,24.90,24.9000,true,1,114478
7290011131609,false,"מיזלי 1 ק""ג 30% פירו",,,"מיזלי 1 ק""ג 30% פירו",קילוגרמים,1.00,"ק""ג",false,,24.90,24.9000,true,1,150176
7290011131654,false,"מיזלי 1 ק""ג ביג מיקס",,,"מיזלי 1 ק""ג ביג מיקס",קילוגרמים,1.00,"ק""ג",false,,24.90,24.9000,true,1,150095
7290011131968,false,"גרנולה 1 ק""ג אגוזים.",,,"גרנולה 1 ק""ג אגוזים.",גרמים,1.00,גרם,false,,24.90,24.9000,true,1,120873
7290011131975,false,"גרנולה 1 ק""ג פירות.",,,"גרנולה 1 ק""ג פירות.",גרמים,1.00,גרם,false,,24.90,24.9000,true,1,120874
7290011132552,false,פאולנר רביעיה בקבוק,פאולנר,,פאולנר רביעיה בקבוק,יחידה,1.32,יחידה,false,,35.90,27.1970,false,1,121069
7290011133375,false,שנדי אפרסק שישיה 330,מכבי שנדי,,שנדי אפרסק שישיה 330,יחידה,1.98,יחידה,false,,31.90,16.1111,false,1,119874
7290011133634,false,פפסי פחית צרה שישייה,,,פפסי פחית צרה שישייה,ליטרים,1.98,ליטר,false,,18.90,9.5455,true,1,209260
7290011148959,false,פלפל טינקרבל,,,פלפל טינקרבל,יחידה,0.00,יחידה,false,,8.90,0.0000,true,1,138703
7290011153885,false,נייר אכיל לעוגות,,,נייר אכיל לעוגות,יחידה,0.00,יחידה,false,,18.40,0.0000,true,1,185157
7290011154035,false,תרכיז תפוחים סחוט טע,,,תרכיז תפוחים סחוט טע,מיליליטרים,500.00,"100 מ""ל",false,,22.90,0.0458,true,1,211538
7290011154080,false,תרכיז תפוחים צלול טע,,,תרכיז תפוחים צלול טע,מיליליטרים,500.00,"100 מ""ל",false,,22.90,0.0458,true,1,211539
7290011154882,false,תרכיז תפוזים טבעי 50,,,תרכיז תפוזים טבעי 50,מיליליטרים,500.00,"100 מ""ל",false,,26.90,0.0538,true,1,260989
7290011154899,false,תרכיז תפוחים וענבים,,,תרכיז תפוחים וענבים,מיליליטרים,500.00,"100 מ""ל",false,,26.90,0.0538,true,1,260990
7290011174040,false,גזר ננסי פרי גליל,פרי הגליל,,גזר ננסי פרי גליל,גרמים,800.00,100 גרם,false,,8.90,0.0111,true,1,99780
7290011174866,false,צ'יפס בטטה 700גר פרי,פרי הגליל,,צ'יפס בטטה 700גר פרי,גרמים,700.00,100 גרם,false,,14.90,0.0213,true,1,201375
7290011174897,false,אפונה עדינה 600 גר,פרי הגליל,,אפונה עדינה 600 גר,גרמים,600.00,100 גרם,false,,13.90,0.0232,true,1,112078
7290011194215,false,דניאלה בננה 5%,שטראוס,,דניאלה בננה 5%,מיליליטרים,150.00,"100 מ""ל",false,,4.10,0.0273,true,1,95802
7290011194246,false,קוטג' שטראוס 5%,שטראוס,,קוטג' שטראוס 5%,גרמים,250.00,100 גרם,false,,6.00,0.0240,false,1,95804
7290011210564,false,יוגב קברנה פטיט וורד,יקבי בנימינה,,יוגב קברנה פטיט וורד,יחידה,750.00,יחידה,false,,36.90,0.0492,true,1,121385
7290011210847,false,יין רזרב שרדונה BINY,יקבי בנימינה,,יין רזרב שרדונה BINY,מיליליטרים,750.00,"100 מ""ל",false,,49.90,0.0665,true,1,216889
7290011223038,false,עלים לקרמשניט - בונו,,,עלים לקרמשניט - בונו,גרמים,300.00,100 גרם,false,,16.00,0.0533,true,1,125449
7290011223045,false,בישקוטים בונומי 200ג,,,בישקוטים בונומי 200ג,גרמים,200.00,100 גרם,false,,7.50,0.0375,true,1,125574
7290011223229,false,ט.ד ג'ל אסלה טיפות ט,טואלט דאק (ג'ונסון),,ט.ד ג'ל אסלה טיפות ט,מיליליטרים,55.00,"100 מ""ל",false,,10.90,0.1982,true,1,107743
7290011223243,false,ט.ד ג'ל אסלה ניחוח ל,,,ט.ד ג'ל אסלה ניחוח ל,מיליליטרים,55.00,"100 מ""ל",false,,10.90,0.1982,true,1,107745
7290011233068,false,עוגת אגוזים/הונגרי,,,עוגת אגוזים/הונגרי,יחידה,0.00,יחידה,false,,39.90,0.0000,true,1,203334
7290011233082,false,עוגה של ענת טרלובסקי,,,עוגה של ענת טרלובסקי,יחידה,0.00,יחידה,false,,39.90,0.0000,true,1,144838
7290011233099,false,העוגיות של ענת,,,העוגיות של ענת,גרמים,330.00,100 גרם,false,,39.90,0.1209,true,1,144839
7290011239237,false,חטיף אגוזים 230 גרם,,,חטיף אגוזים 230 גרם,גרמים,230.00,100 גרם,false,,18.90,0.0822,true,1,214107
7290011239336,false,חלווה 400 גר ללא סוכ,,,חלווה 400 גר ללא סוכ,גרמים,400.00,100 גרם,false,,16.90,0.0422,true,1,189791
7290011239404,false,חטיפים שונים 330 גר,,,חטיפים שונים 330 גר,גרמים,330.00,100 גרם,false,,13.90,0.0421,true,1,189793
7290011249212,false,וופל גילרו 200 גר' ב,,,וופל גילרו 200 גר' ב,גרמים,200.00,100 גרם,false,,3.20,0.0160,true,1,137225
7290011249748,false,רולים גלילי וופל בטע,,,רולים גלילי וופל בטע,גרמים,100.00,100 גרם,false,,3.50,0.0350,true,1,148683
7290011249755,false,רולים אגוזים 100 גר',,,רולים אגוזים 100 גר',גרמים,100.00,100 גרם,false,,3.50,0.0350,true,1,149500
7290011249939,false,וופל עלמה 30 יח',,,וופל עלמה 30 יח',גרמים,600.00,100 גרם,false,,14.50,0.0242,true,1,204947
7290011300982,false,סבון כחול אושן 500,,,סבון כחול אושן 500,מיליליטרים,500.00,"100 מ""ל",false,,5.90,0.0118,true,1,193863
7290011312381,false,סטייק פורטובלה,,,סטייק פורטובלה,יחידה,0.00,יחידה,false,,14.90,0.0000,true,1,190496
7290011343026,false,שמן זית לצ'ינו 750מל,,,שמן זית לצ'ינו 750מל,מיליליטרים,750.00,"100 מ""ל",false,,45.90,0.0612,true,1,138654
7290011343064,false,ארץ גשום- שמן סורי,,,ארץ גשום- שמן סורי,מיליליטרים,750.00,"100 מ""ל",false,,45.90,0.0612,true,1,201923
7290011343170,false,ארץ גשום- שמן פיקואל,,,ארץ גשום- שמן פיקואל,מיליליטרים,750.00,"100 מ""ל",false,,45.90,0.0612,true,1,201924
7290011343194,false,"שמן זית 750 מ""ל",,,"שמן זית 750 מ""ל",יחידה,0.00,יחידה,false,,45.90,0.0000,true,1,148696
7290011378028,false,חלבה בארכה שומשום לל,עבדי,,חלבה בארכה שומשום לל,גרמים,350.00,100 גרם,false,,15.90,0.0454,true,1,113045
7290011378233,false,מאגדת 6 חטיפי חלבה ל,בראכה,,מאגדת 6 חטיפי חלבה ל,גרמים,108.00,100 גרם,false,,11.90,0.1102,true,1,144112
7290011378769,false,מאגדת 6 יחידות חטיף,בארכה,,מאגדת 6 יחידות חטיף,יחידה,0.00,יחידה,false,,11.90,0.0000,true,1,139539
7290011378776,false,מאגדת 6 יחידות חטיף,בארכה,,מאגדת 6 יחידות חטיף,יחידה,0.00,יחידה,false,,11.90,0.0000,true,1,139540
7290011379018,false,מארז פטריות צמד חמד,מרינה,,מארז פטריות צמד חמד,גרמים,500.00,100 גרם,false,,15.90,0.0318,true,1,123705
7290011379025,false,"פלפל צ'ילי ""מרינה""",,,"פלפל צ'ילי ""מרינה""",יחידה,0.00,יחידה,false,,5.90,0.0000,true,1,124366
7290011379926,false,סלרי עלים ארוז,,,סלרי עלים ארוז,יחידה,0.00,יחידה,false,,6.90,0.0000,true,1,151576
7290011392055,false,מברשת שיניים פלקס של,,,מברשת שיניים פלקס של,יחידה,0.00,יחידה,false,,10.90,0.0000,true,1,134731
7290011424336,false,זרעים בזיליקום,,,זרעים בזיליקום,יחידה,0.00,יחידה,false,,5.90,0.0000,true,1,216134
7290011424367,false,זרעים בצל,,,זרעים בצל,יחידה,0.00,יחידה,false,,5.90,0.0000,true,1,216136
7290011424411,false,זרעים חסה ירוקה,,,זרעים חסה ירוקה,יחידה,0.00,יחידה,false,,5.90,0.0000,true,1,216141
7290011424459,false,זרעים כוסברה,,,זרעים כוסברה,יחידה,0.00,יחידה,false,,5.90,0.0000,true,1,216145
7290011424473,false,זרעים מיקס חסות,,,זרעים מיקס חסות,יחידה,0.00,יחידה,false,,5.90,0.0000,true,1,216147
7290011424480,false,זרעים מיקס חרדלים,,,זרעים מיקס חרדלים,יחידה,0.00,יחידה,false,,5.90,0.0000,true,1,216148
7290011424558,false,זרעים מרווה,,,זרעים מרווה,יחידה,0.00,יחידה,false,,5.90,0.0000,true,1,216155
7290011424589,false,זרעים עגבניה שרי,,,זרעים עגבניה שרי,יחידה,0.00,יחידה,false,,5.90,0.0000,true,1,216158
7290011424602,false,זרעים עירית,,,זרעים עירית,יחידה,0.00,יחידה,false,,5.90,0.0000,true,1,216160
7290011424619,false,זרעים פטרוזיליה,,,זרעים פטרוזיליה,יחידה,0.00,יחידה,false,,5.90,0.0000,true,1,216161
7290011424626,false,זרעים פלפל מתוק,,,זרעים פלפל מתוק,יחידה,0.00,יחידה,false,,5.90,0.0000,true,1,216162
7290011424688,false,זרעים שומר,,,זרעים שומר,יחידה,0.00,יחידה,false,,5.90,0.0000,true,1,216168
7290011424749,false,זרעים גזר,,,זרעים גזר,יחידה,0.00,יחידה,false,,5.90,0.0000,true,1,216173
7290011424763,false,זרעים מיקס בזיל,,,זרעים מיקס בזיל,יחידה,0.00,יחידה,false,,5.90,0.0000,true,1,216175
7290011424800,false,זרעים ציפורני חתול,,,זרעים ציפורני חתול,יחידה,0.00,יחידה,false,,5.90,0.0000,true,1,216179
7290011435226,false,דבש לחיץ 650 ג',יד מרדכי,,דבש לחיץ 650 ג',גרמים,650.00,100 גרם,false,,39.90,0.0614,false,1,121267
7290011447267,false,מטרנה חלבי שלב1,מטרנה,,מטרנה חלבי שלב1,גרמים,700.00,100 גרם,false,,60.00,0.0857,false,1,114565
7290011447281,false,מטרנה חלבי שלב 2 700,מטרנה,,מטרנה חלבי שלב 2 700,גרמים,700.00,100 גרם,false,,60.00,0.0857,false,1,114548
7290011447304,false,מטרנה שלב 3 חלבי 700,מטרנה,,מטרנה שלב 3 חלבי 700,גרמים,700.00,100 גרם,false,,60.00,0.0857,false,1,114432
7290011447359,false,מטרנה מהדרין שלב1 70,מטרנה,,מטרנה מהדרין שלב1 70,גרמים,700.00,100 גרם,false,,60.00,0.0857,false,1,115260
7290011447748,false,"סופר קט 3 ק""ג דגי או",,,"סופר קט 3 ק""ג דגי או",יחידה,3.00,יחידה,false,,52.90,17.6333,true,1,114079
7290011447908,false,"סופר קט 3 ק""ג עוף כב",,,"סופר קט 3 ק""ג עוף כב",יחידה,3.00,יחידה,false,,52.90,17.6333,true,1,114080
7290011459123,false,מברשת מגהץ סגורה מינ,,,מברשת מגהץ סגורה מינ,יחידה,0.00,יחידה,false,,5.90,0.0000,true,1,138769
7290011459307,false,מגב פטנט,,,מגב פטנט,יחידה,0.00,יחידה,false,,23.90,0.0000,true,1,138789
7290011459314,false,מטאטה לקה,,,מטאטה לקה,יחידה,0.00,יחידה,false,,19.90,0.0000,true,1,139305
7290011459376,false,סט שרותים מונו מפואר,,,סט שרותים מונו מפואר,יחידה,0.00,יחידה,false,,17.50,0.0000,true,1,138798
7290011459437,false,מברשת כלים,,,מברשת כלים,יחידה,0.00,יחידה,false,,5.90,0.0000,true,1,138771
7290011459574,false,מטאטא כביש נופר,,,מטאטא כביש נופר,יחידה,0.00,יחידה,false,,20.90,0.0000,true,1,141424
7290011459666,false,יעה + מקל מתקפל,,,יעה + מקל מתקפל,יחידה,0.00,יחידה,false,,17.50,0.0000,true,1,139354
7290011459901,false,כרית יפנית שישייה,,,כרית יפנית שישייה,יחידה,0.00,יחידה,false,,5.50,0.0000,true,1,201771
7290011459963,false,נטלה פלסטיק איכותית,,,נטלה פלסטיק איכותית,יחידה,0.00,יחידה,false,,3.50,0.0000,true,1,140390
7290011459970,false,מפיץ ריח לרכב נופר,,,מפיץ ריח לרכב נופר,יחידה,0.00,יחידה,false,,11.90,0.0000,true,1,218098
7290011459994,false,מפיץ ריח ארומה נופר,,,מפיץ ריח ארומה נופר,מיליליטרים,100.00,"100 מ""ל",false,,9.90,0.0990,true,1,210822
7290011473006,false,קינואה אורגנית 500 ג,,,קינואה אורגנית 500 ג,גרמים,500.00,100 גרם,false,,14.90,0.0298,true,1,139340
7290011473051,false,קוואקר אורגני תבואות,,,קוואקר אורגני תבואות,גרמים,500.00,100 גרם,false,,10.00,0.0200,true,1,141190
7290011473068,false,אורז פרא מעורב אורגנ,,,אורז פרא מעורב אורגנ,גרמים,500.00,100 גרם,false,,16.90,0.0338,true,1,140139
7290011473082,false,תבואות-אורז בסמטי מל,,,תבואות-אורז בסמטי מל,גרמים,500.00,100 גרם,false,,11.90,0.0238,true,1,141945
7290011473099,false,אורז עגול מלא אורגני,,,אורז עגול מלא אורגני,מיליליטרים,500.00,"100 מ""ל",false,,9.90,0.0198,true,1,141921
7290011473112,false,אורז אדום 500 גר',,,אורז אדום 500 גר',גרמים,500.00,100 גרם,false,,14.50,0.0290,true,1,142514
7290011473129,false,תבואות חמניות קלופות,,,תבואות חמניות קלופות,גרמים,300.00,100 גרם,false,,10.90,0.0363,true,1,149947
7290011473136,false,גרעיני דלעת קלופים 3,,,גרעיני דלעת קלופים 3,גרמים,300.00,100 גרם,false,,16.90,0.0563,true,1,142164
7290011473150,false,תבואות שומשום מלא או,,,תבואות שומשום מלא או,גרמים,400.00,100 גרם,false,,12.90,0.0323,true,1,149940
7290011473181,false,עדשים שחורות אורגני,,,עדשים שחורות אורגני,יחידה,0.00,יחידה,false,,15.00,0.0000,true,1,139278
7290011473198,false,תבואות עדשים חומים א,,,תבואות עדשים חומים א,גרמים,500.00,100 גרם,false,,11.90,0.0238,true,1,147864
7290011473204,false,תבואות עדשים ירוקות,,,תבואות עדשים ירוקות,גרמים,500.00,100 גרם,false,,11.90,0.0238,true,1,142522
7290011473211,false,עדשים אדומות אורגניו,,,עדשים אדומות אורגניו,גרמים,500.00,100 גרם,false,,11.90,0.0238,true,1,142515
7290011473228,false,אפונה ירוקה אורגנית,,,אפונה ירוקה אורגנית,גרמים,500.00,100 גרם,false,,10.00,0.0200,true,1,182244
7290011473242,false,תבואות-פשתן אורגני,,,תבואות-פשתן אורגני,גרמים,500.00,100 גרם,false,,10.50,0.0210,true,1,141946
7290011473259,false,תבואות פשתן טחון אור,,,תבואות פשתן טחון אור,גרמים,350.00,100 גרם,false,,11.90,0.0340,true,1,144945
7290011473266,false,אמרט אורגני 500 גר',,,אמרט אורגני 500 גר',גרמים,500.00,100 גרם,false,,13.90,0.0278,true,1,141711
7290011473273,false,בורגול אורגני 500 גר,,,בורגול אורגני 500 גר,גרמים,500.00,100 גרם,false,,8.90,0.0178,true,1,141646
7290011473280,false,חומוס אורגני תבואות,,,חומוס אורגני תבואות,גרמים,500.00,100 גרם,false,,10.90,0.0218,true,1,140531
7290011473297,false,גריסי פנינה אורגניים,,,גריסי פנינה אורגניים,גרמים,500.00,100 גרם,false,,10.00,0.0200,true,1,142516
7290011473310,false,פולי אזוקי 500 גר' ת,,,פולי אזוקי 500 גר' ת,גרמים,500.00,100 גרם,false,,12.90,0.0258,true,1,142141
7290011473327,false,שעועית מש 500 גר',,,שעועית מש 500 גר',גרמים,500.00,100 גרם,false,,13.50,0.0270,true,1,141647
7290011473334,false,שעועית לבנה אורגנית,,,שעועית לבנה אורגנית,גרמים,500.00,100 גרם,false,,11.90,0.0238,true,1,142686
7290011473341,false,שעועית אדומה אורגנית,,,שעועית אדומה אורגנית,גרמים,500.00,100 גרם,false,,12.90,0.0258,true,1,182290
7290011473358,false,תבואות שעועית שחורה,,,תבואות שעועית שחורה,גרמים,500.00,100 גרם,false,,11.00,0.0220,true,1,149941
7290011473365,false,תבואות דוחן אורגני,,,תבואות דוחן אורגני,גרמים,500.00,100 גרם,false,,10.00,0.0200,true,1,149276
7290011473372,false,תבואות-אבקת חרוב אור,,,תבואות-אבקת חרוב אור,גרמים,400.00,100 גרם,false,,14.90,0.0373,true,1,182291
7290011473389,false,קמח כוסמין לבן אורגנ,,,קמח כוסמין לבן אורגנ,גרמים,500.00,100 גרם,false,,11.90,0.0238,true,1,135837
7290011473396,false,חיטת כוסמין אורגנית,,,חיטת כוסמין אורגנית,גרמים,500.00,100 גרם,false,,10.90,0.0218,true,1,182287
7290011473402,false,קמח כוסמין מלא אורגנ,,,קמח כוסמין מלא אורגנ,גרמים,500.00,100 גרם,false,,11.90,0.0238,true,1,137098
7290011473433,false,כוסמת אורגנית 500 גר,,,כוסמת אורגנית 500 גר,גרמים,500.00,100 גרם,false,,9.90,0.0198,true,1,142517
7290011473440,false,גרעיני שיבולת שועל א,,,גרעיני שיבולת שועל א,גרמים,500.00,100 גרם,false,,10.90,0.0218,true,1,144744
7290011473457,false,שומשום שחור אורגני 4,,,שומשום שחור אורגני 4,גרמים,400.00,100 גרם,false,,13.90,0.0348,true,1,151792
7290011473495,false,פתיתי בירה טבעי 200,,,פתיתי בירה טבעי 200,גרמים,200.00,100 גרם,false,,22.90,0.1145,true,1,141648
7290011473549,false,קמח קינואה אורגני 50,תבואות,,קמח קינואה אורגני 50,גרמים,500.00,100 גרם,false,,15.90,0.0318,true,1,197665
7290011473570,false,קמח חומוס טבעי 500 ג,,,קמח חומוס טבעי 500 ג,גרמים,500.00,100 גרם,false,,12.90,0.0258,true,1,141451
7290011473587,false,נבט חיטה 250 גר',,,נבט חיטה 250 גר',גרמים,250.00,100 גרם,false,,7.90,0.0316,true,1,140016
7290011473594,false,"טחינה אורגנית 1 ק""ג",,,"טחינה אורגנית 1 ק""ג",קילוגרמים,1.00,"ק""ג",false,,29.90,29.9000,true,1,149944
7290011473617,false,זרעי צ'יה 300 גר',,,זרעי צ'יה 300 גר',גרמים,300.00,100 גרם,false,,16.90,0.0563,true,1,182241
7290011473624,false,טחינה מלאה אורגנית 1,,,טחינה מלאה אורגנית 1,קילוגרמים,1.00,"ק""ג",false,,29.90,29.9000,true,1,149308
7290011473648,false,תבואות-סוכר דמררה או,,,תבואות-סוכר דמררה או,קילוגרמים,1.00,"ק""ג",false,,10.90,10.9000,true,1,139651
7290011473655,false,סוכר קנים אורגני 1קג,,,סוכר קנים אורגני 1קג,קילוגרמים,1.00,"ק""ג",false,,9.90,9.9000,true,1,139267
7290011473679,false,תבואות-חיטה מלאה אור,,,תבואות-חיטה מלאה אור,קילוגרמים,1.00,"ק""ג",false,,12.50,12.5000,true,1,182292
7290011473723,false,מלח הימליה דק,,,מלח הימליה דק,קילוגרמים,1.00,"ק""ג",false,,14.90,14.9000,true,1,192210
7290011473761,false,צימוק אורגני 250 גר',תבואות,,צימוק אורגני 250 גר',גרמים,250.00,100 גרם,false,,18.90,0.0756,true,1,210616
7290011473860,false,שמרי בירה אבקה 250 ג,,,שמרי בירה אבקה 250 ג,גרמים,250.00,100 גרם,false,,22.90,0.0916,true,1,189379
7290011473907,false,סובין חיטה 200 גר',,,סובין חיטה 200 גר',גרמים,200.00,100 גרם,false,,4.90,0.0245,true,1,140017
7290011473921,false,סובין שיבולת שועל,,,סובין שיבולת שועל,גרמים,175.00,100 גרם,false,,11.90,0.0680,true,1,150518
7290011473952,false,קוואקר מהיר הכנה,,,קוואקר מהיר הכנה,גרמים,400.00,100 גרם,false,,6.90,0.0173,true,1,144946
7290011473969,false,תבואות קינואה טריו א,,,תבואות קינואה טריו א,גרמים,500.00,100 גרם,false,,21.90,0.0438,true,1,150459
7290011473983,false,תערובת קטניות אורגני,,,תערובת קטניות אורגני,גרמים,500.00,100 גרם,false,,14.90,0.0298,true,1,187838
7290011474003,false,שמן קוקוס כתית אורגנ,תבואות,,שמן קוקוס כתית אורגנ,מיליליטרים,300.00,"100 מ""ל",false,,18.90,0.0630,true,1,192754
7290011474010,false,"קמח כוסמין 1 ק""ג תבו",תבואות,,"קמח כוסמין 1 ק""ג תבו",קילוגרמים,1.00,"ק""ג",false,,14.90,14.9000,true,1,209133
7290011474058,false,ספגטי כוסמין אורגני,,,ספגטי כוסמין אורגני,גרמים,500.00,100 גרם,false,,18.90,0.0378,true,1,149957
7290011474065,false,קמח כוסמין מלא אורגנ,תבואות,,קמח כוסמין מלא אורגנ,קילוגרמים,1.00,"ק""ג",false,,16.90,16.9000,true,1,194218
7290011474072,false,פסטה כוסמין אורגני פ,,,פסטה כוסמין אורגני פ,גרמים,500.00,100 גרם,false,,18.90,0.0378,true,1,143140
7290011474102,false,תערובת קטניות אורגני,,,תערובת קטניות אורגני,גרמים,500.00,100 גרם,false,,14.90,0.0298,true,1,149948
7290011474133,false,מג'דרה אורגנית 500 ג,,,מג'דרה אורגנית 500 ג,גרמים,500.00,100 גרם,false,,15.00,0.0300,true,1,142687
7290011474249,false,ממרח שקדים,,,ממרח שקדים,גרמים,300.00,100 גרם,false,,27.90,0.0930,true,1,192211
7290011474256,false,הימליה מלח גס שקית 1,תבואות,,הימליה מלח גס שקית 1,קילוגרמים,1.00,"100 ק""ג",false,,14.90,14.9000,true,1,198245
7290011474331,false,קמח כוסמין מלא טבעי,,,קמח כוסמין מלא טבעי,קילוגרמים,1.00,"ק""ג",false,,13.90,13.9000,true,1,188295
7290011474362,false,תבואות-קמח עדשים אור,,,תבואות-קמח עדשים אור,גרמים,500.00,100 גרם,false,,12.90,0.0258,true,1,147935
7290011474386,false,קוואקר אורגני דק 500,,,קוואקר אורגני דק 500,גרמים,500.00,100 גרם,false,,10.00,0.0200,true,1,149946
7290011474447,false,קוואקר עבה טבעי,,,קוואקר עבה טבעי,גרמים,400.00,100 גרם,false,,6.50,0.0163,true,1,144950
7290011474478,false,זרעי צ'ייה 300 גר',,,זרעי צ'ייה 300 גר',גרמים,300.00,100 גרם,false,,18.90,0.0630,true,1,142165
7290011474577,false,פולי קקאו גרוס אורגנ,תבואות,,פולי קקאו גרוס אורגנ,גרמים,200.00,100 גרם,false,,21.90,0.1095,true,1,194137
7290011474591,false,פסטה כוסמין אורגני פ,,,פסטה כוסמין אורגני פ,גרמים,500.00,100 גרם,false,,18.90,0.0378,true,1,143141
7290011474676,false,קדרה אפריקאית אורגני,,,קדרה אפריקאית אורגני,גרמים,500.00,100 גרם,false,,14.90,0.0298,true,1,145566
7290011474713,false,תבואות שבבי סויה,,,תבואות שבבי סויה,גרמים,200.00,100 גרם,false,,7.50,0.0375,true,1,148290
7290011474843,false,גוג'י ברי 200 גר',,,גוג'י ברי 200 גר',גרמים,200.00,100 גרם,false,,19.90,0.0995,true,1,151795
7290011474898,false,תבואות-סוכר קוקוס או,,,תבואות-סוכר קוקוס או,גרמים,300.00,100 גרם,false,,13.90,0.0463,true,1,149655
7290011474997,false,ערמונים 100 גר' אורג,תבואות,,ערמונים 100 גר' אורג,גרמים,100.00,100 גרם,false,,5.20,0.0520,true,1,197555
7290011482015,false,"רכז רימונים 500 מ""ל",,,"רכז רימונים 500 מ""ל",מיליליטרים,500.00,"100 מ""ל",false,,24.90,0.0498,true,1,145484
7290011482145,false,"מי ורדים 250 מ""ל",,,"מי ורדים 250 מ""ל",מיליליטרים,250.00,"100 מ""ל",false,,13.90,0.0556,true,1,145351
7290011482244,false,"סירופ מלבי 250 מ""ל",,,"סירופ מלבי 250 מ""ל",מיליליטרים,250.00,"100 מ""ל",false,,15.00,0.0600,true,1,198197
7290011489595,false,קרקר טופז שומשום הדר,,,קרקר טופז שומשום הדר,גרמים,110.00,100 גרם,false,,3.00,0.0273,true,1,196886
7290011489601,false,קרקר טופז בצל הדר 11,,,קרקר טופז בצל הדר 11,גרמים,110.00,100 גרם,false,,3.00,0.0273,true,1,215693
7290011489625,false,פתיבר שוקו הדר 110 ג,,,פתיבר שוקו הדר 110 ג,גרמים,110.00,100 גרם,false,,3.00,0.0273,true,1,196887
7290011489694,false,פירורי ביסקוויט בטעם,,,פירורי ביסקוויט בטעם,גרמים,300.00,100 גרם,false,,5.80,0.0193,true,1,215508
7290011489700,false,פירורי ביסקוויט בטעם,,,פירורי ביסקוויט בטעם,גרמים,300.00,100 גרם,false,,5.80,0.0193,true,1,215509
7290011498160,false,שמן קוקוס אורגני 100,,,שמן קוקוס אורגני 100,ליטרים,1.00,ליטר,false,,44.90,44.9000,true,1,211413
7290011498191,false,מארז חטיפי מרציפן מצ,,,מארז חטיפי מרציפן מצ,גרמים,180.00,100 גרם,false,,21.90,0.1217,true,1,210930
7290011498221,false,סילאן תמרים טבעי 900,,,סילאן תמרים טבעי 900,גרמים,900.00,100 גרם,false,,15.90,0.0177,true,1,198257
7290011498283,false,חמאת בוטנים טבעית 70,,,חמאת בוטנים טבעית 70,גרמים,700.00,100 גרם,false,,21.90,0.0313,true,1,210933
7290011498375,false,חמאת קוקוס אורגני 10,,,חמאת קוקוס אורגני 10,גרמים,300.00,100 גרם,false,,16.90,0.0563,true,1,192065
7290011498405,false,שמן קוקוס אורגני 100,,,שמן קוקוס אורגני 100,מיליליטרים,350.00,"100 מ""ל",false,,19.90,0.0569,true,1,192061
7290011498412,false,חמאת קקאו 200 גרם,,,חמאת קקאו 200 גרם,גרמים,200.00,100 גרם,false,,22.90,0.1145,true,1,194655
7290011498504,false,ממרח חלבה עשיר 350 ג,,,ממרח חלבה עשיר 350 ג,גרמים,350.00,100 גרם,false,,12.90,0.0369,true,1,210948
7290011498511,false,ממרח חלבה מלאה 350 ג,,,ממרח חלבה מלאה 350 ג,גרמים,350.00,100 גרם,false,,12.90,0.0369,true,1,211007
7290011498573,false,שוקולד 61% ללא סוכר,,,שוקולד 61% ללא סוכר,גרמים,200.00,100 גרם,false,,23.90,0.1195,true,1,210941
7290011498658,false,שמן אבוקדו 100% בכבי,,,שמן אבוקדו 100% בכבי,גרמים,250.00,100 גרם,false,,32.90,0.1316,true,1,210966
7290011498740,false,ממרח שקדים מלא 300 ג,,,ממרח שקדים מלא 300 ג,גרמים,300.00,100 גרם,false,,29.90,0.0997,true,1,144870
7290011498870,false,מארז חטיפי תמר במילו,,,מארז חטיפי תמר במילו,גרמים,150.00,100 גרם,false,,14.90,0.0993,true,1,210950
7290011498887,false,מארז חטיפי תמר במילו,,,מארז חטיפי תמר במילו,גרמים,150.00,100 גרם,false,,14.90,0.0993,true,1,210951
7290011498894,false,מארז חטיפי תמר במילו,,,מארז חטיפי תמר במילו,גרמים,150.00,100 גרם,false,,14.90,0.0993,true,1,210952
7290011498900,false,מארז חטיפי תמר במילו,,,מארז חטיפי תמר במילו,גרמים,150.00,100 גרם,false,,16.90,0.1127,true,1,210968
7290011498917,false,מארז חטיפי תמר במיל,,,מארז חטיפי תמר במיל,גרמים,150.00,100 גרם,false,,16.90,0.1127,true,1,211008
7290011498948,false,מארז חטיפי תמר מצופה,,,מארז חטיפי תמר מצופה,גרמים,150.00,100 גרם,false,,16.90,0.1127,true,1,195313
7290011498955,false,חמאת בוטנים טבעית,,,חמאת בוטנים טבעית,גרמים,300.00,100 גרם,false,,10.90,0.0363,true,1,192069
7290011498962,false,ממרח שקד לבן 300 גר,,,ממרח שקד לבן 300 גר,גרמים,300.00,100 גרם,false,,29.90,0.0997,true,1,144871
7290011498979,false,ממרח שקד לבן מועשר,,,ממרח שקד לבן מועשר,גרמים,300.00,100 גרם,false,,29.90,0.0997,true,1,193168
7290011498986,false,מארז חטיפי תמר במילו,,,מארז חטיפי תמר במילו,גרמים,150.00,100 גרם,false,,16.90,0.1127,true,1,192070
7290011498993,false,ממרח קשיו לבן,,,ממרח קשיו לבן,גרמים,300.00,100 גרם,false,,27.90,0.0930,true,1,192071
7290011499051,false,פטה כבשים גביע גד 25,,,פטה כבשים גביע גד 25,גרמים,250.00,100 גרם,false,,26.70,0.1068,true,1,104295
7290011499105,false,בולגרית 5% 250גר,מחלבות גד,,בולגרית 5% 250גר,גרמים,250.00,100 גרם,false,,22.70,0.0908,true,1,99874
7290011499112,false,בולגרית 16% 250גר,מחלבות גד,,בולגרית 16% 250גר,גרמים,250.00,100 גרם,false,,23.20,0.0928,true,1,119871
7290011499129,false,קוביות בולגרית מעודנ,מחלבות גד,,קוביות בולגרית מעודנ,גרמים,200.00,100 גרם,false,,22.90,0.1145,true,1,112125
7290011499303,false,בולגרית מעודנת עיזים,מחלבות גד,,בולגרית מעודנת עיזים,גרמים,250.00,100 גרם,false,,29.00,0.1160,true,1,115582
7290011499327,false,בולגרית מעודנת חלב ב,מחלבות גד,,בולגרית מעודנת חלב ב,גרמים,250.00,100 גרם,false,,23.20,0.0928,true,1,115584
7290011499341,false,קאשקבל 22% 200 גרם ג,מחלבות גד,,קאשקבל 22% 200 גרם ג,גרמים,200.00,100 גרם,false,,25.90,0.1295,true,1,116639
7290011499365,false,גבינת חלומי 24% 200,מחלבות גד,,גבינת חלומי 24% 200,גרמים,200.00,100 גרם,false,,21.90,0.1095,true,1,116204
7290011499419,false,גבינת קרם שמנת ניו י,מחלבות גד,,גבינת קרם שמנת ניו י,גרמים,200.00,100 גרם,false,,12.00,0.0600,true,1,120085
7290011499525,false,לאבנה 9% גד,מחלבות גד,,לאבנה 9% גד,גרמים,500.00,100 גרם,false,,19.50,0.0390,true,1,121231
7290011499624,false,גבינת שמנת בטעם טבעי,,,גבינת שמנת בטעם טבעי,גרמים,200.00,100 גרם,false,,13.20,0.0660,true,1,128059
7290011499846,false,ריקוטה פרסקה גד,מחלבות גד,,ריקוטה פרסקה גד,גרמים,300.00,100 גרם,false,,17.90,0.0597,true,1,128296
7290011515683,false,מאגדת טילון אקסטרים,אקסטרים,,מאגדת טילון אקסטרים,גרמים,432.00,100 גרם,false,,32.00,0.0741,true,1,100693
7290011515911,false,מאגדת שלגון לייט ריב,נסטלה גלידות,,מאגדת שלגון לייט ריב,גרמים,312.00,100 גרם,false,,26.90,0.0862,true,1,118888
7290011517571,false,ספריי דאודורנט לאב ל,,,ספריי דאודורנט לאב ל,מיליליטרים,187.00,"100 מ""ל",false,,18.90,0.1011,true,1,120700
7290011517588,false,קרם גוף לאב ליין,,,קרם גוף לאב ליין,מיליליטרים,275.00,"100 מ""ל",false,,28.90,0.1051,true,1,119665
7290011518561,false,אקטימל תות 1.5% מארז,שטראוס דנונה,,אקטימל תות 1.5% מארז,ליטרים,1.40,ליטר,false,,29.90,21.3571,false,1,95868
7290011524548,false,גרגירי חומוס 800 גר',פרי הגליל,,גרגירי חומוס 800 גר',גרמים,800.00,100 גרם,false,,11.90,0.0149,true,1,125068
7290011524555,false,שעועית לבנה מבושלת 8,פרי הגליל,,שעועית לבנה מבושלת 8,גרמים,800.00,100 גרם,false,,11.90,0.0149,true,1,125069
7290011524968,false,"פולי סויה 1 ק""ג פרי",פרי הגליל,,"פולי סויה 1 ק""ג פרי",קילוגרמים,1.00,"ק""ג",false,,14.50,14.5000,true,1,206335
7290011525316,false,קמיל בלו תחליב סנסטי,קמיל בלו,,קמיל בלו תחליב סנסטי,יחידה,500.00,יחידה,false,,27.90,0.0558,true,1,135601
7290011525712,false,קמיל בלו סנסיטיב אל,קמיל בלו,,קמיל בלו סנסיטיב אל,ליטרים,1.00,ליטר,false,,29.90,29.9000,true,1,125412
7290011525729,false,קמיל בלו סנסיטיב לפנ,קמיל בלו,,קמיל בלו סנסיטיב לפנ,ליטרים,1.00,ליטר,false,,29.90,29.9000,true,1,125413
7290011530402,false,בצק עלים בלדי 900 גר,,,בצק עלים בלדי 900 גר,גרמים,900.00,100 גרם,false,,13.90,0.0154,true,1,215665
7290011530525,false,שייק איט צהוב Tuesda,,,שייק איט צהוב Tuesda,גרמים,150.00,100 גרם,false,,29.90,0.1993,true,1,212852
7290011530532,false,שייק איט ירוק monday,,,שייק איט ירוק monday,גרמים,150.00,100 גרם,false,,29.90,0.1993,true,1,212853
7290011530549,false,שייק איט ורוד Sunday,,,שייק איט ורוד Sunday,גרמים,150.00,100 גרם,false,,29.90,0.1993,true,1,212854
7290011530730,false,שייק איט חום Thursda,,,שייק איט חום Thursda,גרמים,150.00,100 גרם,false,,29.90,0.1993,true,1,212855
7290011530747,false,שייק איט יום רביעי,,,שייק איט יום רביעי,גרמים,150.00,100 גרם,false,,29.90,0.1993,true,1,212856
7290011570132,false,תחליף קמח ללא גלוטן,,,תחליף קמח ללא גלוטן,קילוגרמים,1.00,"ק""ג",false,,16.90,16.9000,true,1,118963
7290011570507,false,קמח נטול גלוטן 450 ג,,,קמח נטול גלוטן 450 ג,גרמים,450.00,100 גרם,false,,17.90,0.0398,true,1,148982
7290011570644,false,קמח לחם כרגיל ללא גל,,,קמח לחם כרגיל ללא גל,גרמים,500.00,100 גרם,false,,17.90,0.0358,true,1,186391
7290011570781,false,קמח כרגיל ללא גלוטן,,,קמח כרגיל ללא גלוטן,גרמים,450.00,100 גרם,false,,17.90,0.0398,true,1,194236
7290011570798,false,קמח כרגיל ללא גלוטן,,,קמח כרגיל ללא גלוטן,גרמים,450.00,100 גרם,false,,17.90,0.0398,true,1,194363
7290011570934,false,תערובת להכנת פנקייק,,,תערובת להכנת פנקייק,גרמים,400.00,100 גרם,false,,17.90,0.0447,true,1,203005
7290011575007,false,הפי לאמבט ולמקלחון,יעקובי הפי,,הפי לאמבט ולמקלחון,מיליליטרים,750.00,"100 מ""ל",false,,19.90,0.0265,true,1,103394
7290011575014,false,מטליות הפי לניקוי כל,יעקובי הפי,,מטליות הפי לניקוי כל,יחידה,0.00,יחידה,false,,11.90,0.0000,true,1,103395
7290011575212,false,הפי לנברשות קריסטל,יעקובי הפי,,הפי לנברשות קריסטל,יחידה,0.00,יחידה,false,,24.90,0.0000,true,1,114062
7290011575250,false,מבריק נעליים יעקבי,יעקובי,,מבריק נעליים יעקבי,יחידה,0.00,יחידה,false,,10.90,0.0000,true,1,115850
7290011575281,false,דבק מגע מקצועי,יעקובי,,דבק מגע מקצועי,יחידה,0.00,יחידה,false,,11.90,0.0000,true,1,164446
7290011575526,false,מטלית מיקרופייבר לרצ,יעקובי,,מטלית מיקרופייבר לרצ,יחידה,500.00,יחידה,false,,13.90,0.0278,true,1,115760
7290011598211,false,סנו אנטי קאלק 4 באחד,סנו,,סנו אנטי קאלק 4 באחד,מיליליטרים,700.00,"100 מ""ל",false,,18.90,0.0270,false,1,108603
7290011598259,false,סנו פרש אוטומטיק ג'י,סנו fresh,,סנו פרש אוטומטיק ג'י,מיליליטרים,250.00,"100 מ""ל",false,,14.90,0.0596,true,1,115889
7290011598365,false,מטליות סנו סושי מיקר,סנו סושי,,מטליות סנו סושי מיקר,יחידה,0.00,יחידה,false,,15.90,0.0000,true,1,108607
7290011598372,false,מטלית מיקרופייבר לרצ,סנו,,מטלית מיקרופייבר לרצ,יחידה,0.00,יחידה,false,,11.90,0.0000,true,1,108608
7290011598402,false,מרכך סנו מקסימה 4 לי,סנו מקסימה,,מרכך סנו מקסימה 4 לי,ליטרים,4.00,ליטר,false,,21.90,5.4750,false,1,111657
7290011598457,false,נייר טואלט סופט לבן,,,נייר טואלט סופט לבן,גרמים,3090.00,100 גרם,false,,47.90,0.0155,false,1,133715
7290011607180,false,קולון 101 1.25קג',קולון,,קולון 101 1.25קג',יחידה,1.25,יחידה,false,,11.90,9.5200,false,1,104667
7290011615260,false,טורטיה וילי פוד 540ג,,,טורטיה וילי פוד 540ג,גרמים,540.00,100 גרם,false,,9.90,0.0183,true,1,121781
7290011615406,false,בולגרית בקוביות,,,בולגרית בקוביות,גרמים,325.00,100 גרם,false,,15.90,0.0489,true,1,145657
7290011618025,false,נגיסי אורז לתינוקות,,,נגיסי אורז לתינוקות,גרמים,50.00,100 גרם,false,,13.90,0.2780,true,1,133488
7290011618124,false,נגיסי אורז לתינוקות,,,נגיסי אורז לתינוקות,גרמים,50.00,100 גרם,false,,13.90,0.2780,true,1,112981
7290011618131,false,נגיסי אורז לתינוקות,,,נגיסי אורז לתינוקות,גרמים,50.00,100 גרם,false,,13.90,0.2780,true,1,112982
7290011622305,false,מארז 4 כתמטמינים 20,,,מארז 4 כתמטמינים 20,גרמים,80.00,100 גרם,false,,12.90,0.1613,true,1,191396
7290011622428,false,כתמטמינים 45 גר',,,כתמטמינים 45 גר',גרמים,45.00,100 גרם,false,,6.90,0.1533,true,1,137116
7290011622442,false,חטיף טבעות דגנים מלא,,,חטיף טבעות דגנים מלא,גרמים,45.00,100 גרם,false,,6.90,0.1533,true,1,139407
7290011622664,false,כתמטמינים טחינה 45 ג,,,כתמטמינים טחינה 45 ג,גרמים,45.00,100 גרם,false,,6.90,0.1533,true,1,200324
7290011622701,false,טבעונים גזר וסלק חטי,,,טבעונים גזר וסלק חטי,יחידה,0.00,יחידה,false,,5.50,0.0000,true,1,207430
7290011622770,false,אצבעונים פלוס,,,אצבעונים פלוס,גרמים,130.00,100 גרם,false,,21.90,0.1685,true,1,213429
7290011668570,false,גרנולה פירות יבשים 4,פנינה רוזנבלום,,גרנולה פירות יבשים 4,גרמים,450.00,100 גרם,false,,28.90,0.0642,true,1,138286
7290011668587,false,גרנולה טעם עשיר 500,פנינה רוזנבלום,,גרנולה טעם עשיר 500,גרמים,500.00,100 גרם,false,,28.90,0.0578,true,1,138287
7290011668594,false,תוספת בריאה לסלט 550,פנינה רוזנבלום,,תוספת בריאה לסלט 550,גרמים,550.00,100 גרם,false,,39.90,0.0725,true,1,138288
7290011695163,false,מלח הימליה קריסטל 1,,,מלח הימליה קריסטל 1,קילוגרמים,1.00,"ק""ג",false,,14.90,14.9000,true,1,112021
7290011695408,false,ציפוי מתובל לשניצל ה,,,ציפוי מתובל לשניצל ה,גרמים,350.00,100 גרם,false,,11.90,0.0340,true,1,191534
7290011695651,false,צנימים עגולים,,,צנימים עגולים,גרמים,300.00,100 גרם,false,,10.90,0.0363,true,1,122170
7290011695866,false,דפים למייבש אלפא 40,,,דפים למייבש אלפא 40,יחידה,0.00,יחידה,false,,11.50,0.0000,true,1,194543
7290011695972,false,טוסטים טעימים 100 גר,,,טוסטים טעימים 100 גר,יחידה,100.00,יחידה,false,,7.50,0.0750,true,1,124886
7290011717001,false,לחם בריאות,,,לחם בריאות,גרמים,650.00,100 גרם,false,,13.90,0.0214,true,1,113334
7290011723101,false,טחינה הר ברכה 950 גר,,,טחינה הר ברכה 950 גר,גרמים,950.00,100 גרם,false,,34.90,0.0367,true,1,147355
7290011723200,false,טחינה הר ברכה 450 גר,,,טחינה הר ברכה 450 גר,גרמים,450.00,100 גרם,false,,17.90,0.0398,true,1,147356
7290011725402,false,חסה כשר,,,חסה כשר,יחידה,0.00,יחידה,false,,6.90,0.0000,true,1,261126
7290011728007,false,נאצ'וס תירס 180 גר',,,נאצ'וס תירס 180 גר',גרמים,180.00,100 גרם,false,,18.90,0.1050,true,1,199346
7290011728298,false,חלפניו ירוק פרוס עם,,,חלפניו ירוק פרוס עם,גרמים,195.00,100 גרם,false,,24.90,0.1277,true,1,203684
7290011728335,false,טרז פזוס-סלסה פלפל א,,,טרז פזוס-סלסה פלפל א,גרמים,330.00,100 גרם,false,,24.90,0.0755,true,1,199351
7290011728915,false,קמח תירס מינסה ללא ג,,,קמח תירס מינסה ללא ג,גרמים,400.00,100 גרם,false,,15.90,0.0398,true,1,207193
7290011743833,false,סנסודיין פרונאמל 75מ,סנסודיין,,סנסודיין פרונאמל 75מ,מיליליטרים,75.00,"100 מ""ל",false,,25.90,0.3453,true,1,113580
7290011744885,false,אקוה פרש ילדים שני ח,אקווה פרש,,אקוה פרש ילדים שני ח,מיליליטרים,50.00,"100 מ""ל",false,,15.90,0.3180,true,1,121374
7290011744892,false,א. פרש משחת ילדים ג',,,א. פרש משחת ילדים ג',גרמים,50.00,100 גרם,false,,15.90,0.3180,true,1,121970
7290011745707,false,סנסודיין פרונאמל ילד,סנסודיין,,סנסודיין פרונאמל ילד,מיליליטרים,50.00,"100 מ""ל",false,,15.90,0.3180,true,1,121056
7290011765095,false,קרמה ג'ל גילוח ירוק,קרמה,,קרמה ג'ל גילוח ירוק,מיליליטרים,200.00,"100 מ""ל",false,,12.90,0.0645,true,1,114388
7290011765118,false,קרמה קצף גילוח ירוק,קרמה,,קרמה קצף גילוח ירוק,מיליליטרים,200.00,"100 מ""ל",false,,12.90,0.0645,true,1,113432
7290011765392,false,שמפו כיף בוב ספוג 75,כיף,,שמפו כיף בוב ספוג 75,מיליליטרים,750.00,"100 מ""ל",false,,11.90,0.0159,true,1,108614
7290011765408,false,שמפו מרכך כיף בוב ספ,כיף,,שמפו מרכך כיף בוב ספ,מיליליטרים,750.00,"100 מ""ל",false,,11.90,0.0159,true,1,108615
7290011765422,false,אל סבון כייף לילדים,כיף,,אל סבון כייף לילדים,מיליליטרים,750.00,"100 מ""ל",false,,11.90,0.0159,true,1,108616
7290011765446,false,משחת שיניים אורביטול,אורביטול,,משחת שיניים אורביטול,גרמים,50.00,100 גרם,false,,9.90,0.1980,false,1,108618
7290011765613,false,סנו מסיר עובש בניחוח,סנו,,סנו מסיר עובש בניחוח,ליטרים,1.00,ליטר,false,,17.90,17.9000,true,1,205563
7290011765620,false,נוזל כלים אקולוגי סנ,סנו,,נוזל כלים אקולוגי סנ,מיליליטרים,700.00,"100 מ""ל",false,,10.00,0.0143,true,1,211906
7290011800840,false,טחינה לבנה רפי,רפי כהן / צבר,,טחינה לבנה רפי,גרמים,400.00,100 גרם,false,,15.90,0.0398,true,1,120999
7290011830007,false,"סוכר חום אורגני 1 ק""",השדה מוצרים טבעיים ו,,"סוכר חום אורגני 1 ק""",קילוגרמים,1.00,"ק""ג",false,,11.90,11.9000,true,1,149495
7290011830168,false,פירורי לחם אורגניים,השדה מוצרים טבעיים ו,,פירורי לחם אורגניים,גרמים,200.00,100 גרם,false,,12.90,0.0645,true,1,194667
7290011830236,false,בייגלה כוסמין אורגני,השדה מוצרים טבעיים ו,,בייגלה כוסמין אורגני,גרמים,200.00,100 גרם,false,,15.90,0.0795,true,1,194661
7290011830243,false,אטריות אורגניות מאור,,,אטריות אורגניות מאור,גרמים,250.00,100 גרם,false,,14.90,0.0596,true,1,134486
7290011830250,false,נודלס 100% כוסמת,השדה מוצרים טבעיים ו,,נודלס 100% כוסמת,גרמים,250.00,100 גרם,false,,16.90,0.0676,true,1,186907
7290011830267,false,אטריות אורגניות מאור,השדה מוצרים טבעיים ו,,אטריות אורגניות מאור,גרמים,250.00,100 גרם,false,,14.90,0.0596,true,1,134487
7290011830274,false,נודלס אורז שחור,השדה מוצרים טבעיים ו,,נודלס אורז שחור,גרמים,250.00,100 גרם,false,,16.90,0.0676,true,1,134488
7290011830328,false,מחית תפוחי עץ אורגני,השדה מוצרים טבעיים ו,,מחית תפוחי עץ אורגני,גרמים,100.00,100 גרם,false,,4.40,0.0440,true,1,212038
7290011830335,false,מחית תפוחי עץ ובננה,השדה מוצרים טבעיים ו,,מחית תפוחי עץ ובננה,גרמים,100.00,100 גרם,false,,4.40,0.0440,true,1,212996
7290011830366,false,פסטה אורגנית מקמח דו,השדה מוצרים טבעיים ו,,פסטה אורגנית מקמח דו,גרמים,500.00,100 גרם,false,,25.90,0.0518,true,1,211921
7290011830373,false,פסטה אורגנית מקמח דו,השדה מוצרים טבעיים ו,,פסטה אורגנית מקמח דו,גרמים,500.00,100 גרם,false,,25.90,0.0518,true,1,211922
7290011830380,false,פסטה אורגנית מקמח דו,השדה מוצרים טבעיים ו,,פסטה אורגנית מקמח דו,גרמים,500.00,100 גרם,false,,25.90,0.0518,true,1,214531
7290011830564,false,פתיבר כוסמין אורגני,השדה מוצרים טבעיים ו,,פתיבר כוסמין אורגני,גרמים,200.00,100 גרם,false,,11.90,0.0595,true,1,194662
7290011830830,false,חטיף צ'קי מאנקי 20 ג,,,חטיף צ'קי מאנקי 20 ג,גרמים,20.00,100 גרם,false,,3.20,0.1600,true,1,194671
7290011860301,false,תפוגן ביס בול תירס 7,תפוגן,,תפוגן ביס בול תירס 7,גרמים,700.00,100 גרם,false,,15.00,0.0214,true,1,115648
7290011876388,false,קציצות בקר ועוף 600,מאמא עוף,,קציצות בקר ועוף 600,גרמים,600.00,100 גרם,false,,28.90,0.0482,false,1,140131
7290011876494,false,שניצל עוף ותירס מאמא,מאמא עוף,,שניצל עוף ותירס מאמא,גרמים,750.00,100 גרם,false,,29.90,0.0399,false,1,97967
7290011877088,false,סנו סושי צמד רדידי א,סנו סושי,,סנו סושי צמד רדידי א,יחידה,0.00,יחידה,false,,16.90,0.0000,true,1,137150
7290011877095,false,זוג רדיד אלומיניום ס,סנו סושי,,זוג רדיד אלומיניום ס,יחידה,0.00,יחידה,false,,22.00,0.0000,true,1,137892
7290011877156,false,סנופרש ענק בניחוח מא,סנו fresh,,סנופרש ענק בניחוח מא,מיליליטרים,375.00,"100 מ""ל",false,,13.50,0.0360,true,1,117087
7290011877835,false,סנו סושי אריזות ואקו,סנו סושי,,סנו סושי אריזות ואקו,יחידה,0.00,יחידה,false,,23.90,0.0000,true,1,115267
7290011877842,false,סנו סושי אריזות ואקו,סנו סושי,,סנו סושי אריזות ואקו,יחידה,0.00,יחידה,false,,23.90,0.0000,true,1,115311
7290011877859,false,סנו אינסטלטור,סנו,,סנו אינסטלטור,מיליליטרים,200.00,"100 מ""ל",false,,13.90,0.0695,true,1,118537
7290011877866,false,"מקסימה 6 ק""ג מאסק",סנו מקסימה,,"מקסימה 6 ק""ג מאסק",קילוגרמים,6.00,"ק""ג",false,,49.90,8.3167,false,1,116682
7290011878221,false,מעדן משמש מדברי - רב,,,מעדן משמש מדברי - רב,יחידה,0.00,יחידה,false,,25.90,0.0000,true,1,203841
7290011878351,false,תמרים מג'הול 400 גרם,,,תמרים מג'הול 400 גרם,גרמים,400.00,100 גרם,false,,27.90,0.0697,true,1,199884
7290011878368,false,תמרים זהידי,,,תמרים זהידי,גרמים,400.00,100 גרם,false,,15.90,0.0398,true,1,206905
7290011878375,false,תמרים דקל נור 400 גר,,,תמרים דקל נור 400 גר,גרמים,400.00,100 גרם,false,,16.90,0.0422,true,1,197609
7290011912642,false,"ליסטרין 500 מ""ל",ליסטרין,,"ליסטרין 500 מ""ל",מיליליטרים,500.00,"100 מ""ל",false,,16.90,0.0338,true,1,151297
7290011920142,false,שקיות אוכל 18/25 בקו,,,שקיות אוכל 18/25 בקו,יחידה,0.00,יחידה,false,,12.50,0.0000,true,1,127339
7290011920371,false,קלין נוזל לניקוי רצפ,קלין,,קלין נוזל לניקוי רצפ,ליטרים,2.00,ליטר,false,,16.90,8.4500,true,1,144197
7290011923112,false,גוש בסגנון פטה יווני,,,גוש בסגנון פטה יווני,גרמים,200.00,100 גרם,false,,17.50,0.0875,true,1,259984
7290011923211,false,שמן זית אורגני 750 מ,,,שמן זית אורגני 750 מ,מיליליטרים,750.00,"100 מ""ל",false,,46.90,0.0625,true,1,163159
7290011923273,false,טופו אורגני ליב,,,טופו אורגני ליב,גרמים,300.00,100 גרם,false,,13.90,0.0463,true,1,144257
7290011923303,false,טופו טבעי 300 גר',,,טופו טבעי 300 גר',גרמים,300.00,100 גרם,false,,11.90,0.0397,true,1,148986
7290011931162,false,סוכרלייט נוזלי,סוכרלייט,,סוכרלייט נוזלי,יחידה,220.00,יחידה,false,,27.90,0.1268,true,1,114376
7290011947309,false,זית סורי מבוקע עם לי,זיתא,,זית סורי מבוקע עם לי,גרמים,220.00,100 גרם,false,,12.90,0.0586,true,1,144268
7290011947316,false,זיתים קלמטה זיתא,זיתא,,זיתים קלמטה זיתא,יחידה,0.00,יחידה,false,,12.90,0.0000,true,1,150884
7290011947521,false,שמן זית כתית מעולה 7,,,שמן זית כתית מעולה 7,מיליליטרים,750.00,"100 מ""ל",false,,32.90,0.0439,false,1,210568
7290011947743,false,מיקס זית ירוק וזית ק,זיתא,,מיקס זית ירוק וזית ק,גרמים,215.00,100 גרם,false,,12.90,0.0600,true,1,210695
7290011947781,false,מיקס זית ירוק וזית ק,זיתא,,מיקס זית ירוק וזית ק,גרמים,190.00,100 גרם,false,,12.90,0.0679,true,1,215516
7290011947798,false,זית קלמטה ללא גלעין,זיתא,,זית קלמטה ללא גלעין,גרמים,190.00,100 גרם,false,,12.90,0.0679,true,1,215517
7290011947866,false,מיקס זיתים זיתא בפח,זיתא,,מיקס זיתים זיתא בפח,גרמים,250.00,100 גרם,false,,19.90,0.0796,true,1,216922
7290011947873,false,זיתים קלמטה בפח זיתא,זיתא,,זיתים קלמטה בפח זיתא,גרמים,250.00,100 גרם,false,,19.90,0.0796,true,1,216923
7290011947903,false,מיקס זיתים יווני זית,,,מיקס זיתים יווני זית,גרמים,215.00,100 גרם,false,,12.90,0.0600,true,1,218041
7290011964344,false,שום גבישי מיכל גדול,תבליני טעם וריח,,שום גבישי מיכל גדול,גרמים,120.00,100 גרם,false,,9.50,0.0792,true,1,114881
7290011964542,false,פפריקה מתוקה 400 גר,תבליני טעם וריח,,פפריקה מתוקה 400 גר,גרמים,400.00,100 גרם,false,,23.90,0.0597,true,1,115961
7290011964566,false,גריל עוף 400 גר' במי,תבליני טעם וריח,,גריל עוף 400 גר' במי,גרמים,400.00,100 גרם,false,,23.90,0.0597,true,1,116890
7290011964573,false,פלפל שחור טחון 400 ג,תבליני טעם וריח,,פלפל שחור טחון 400 ג,גרמים,400.00,100 גרם,false,,25.90,0.0647,true,1,212810
7290011964597,false,כמון טחון 400 גר',תבליני טעם וריח,,כמון טחון 400 גר',גרמים,400.00,100 גרם,false,,23.90,0.0597,true,1,138665
7290011964603,false,כורכום טחון 400 גר',תבליני טעם וריח,,כורכום טחון 400 גר',יחידה,0.00,יחידה,false,,23.90,0.0000,true,1,124808
7290011964627,false,פפריקה מתוקה בשמן 40,תבליני טעם וריח,,פפריקה מתוקה בשמן 40,גרמים,400.00,100 גרם,false,,23.90,0.0597,true,1,116230
7290011964658,false,מלח לימון מיכל פלסטי,תבליני טעם וריח,,מלח לימון מיכל פלסטי,גרמים,170.00,100 גרם,false,,9.50,0.0559,true,1,119439
7290011964689,false,תערובת תיבול על האש,תבליני טעם וריח,,תערובת תיבול על האש,גרמים,100.00,100 גרם,false,,9.50,0.0950,true,1,125372
7290011964702,false,תערובת תיבול לשווארמ,תבליני טעם וריח,,תערובת תיבול לשווארמ,גרמים,100.00,100 גרם,false,,9.50,0.0950,true,1,125377
7290011971694,false,ספגטי טריקולור דורום,,,ספגטי טריקולור דורום,יחידה,0.00,יחידה,false,,13.90,0.0000,true,1,196098
7290011981051,false,כוסית קינוח טיפה,,,כוסית קינוח טיפה,יחידה,0.00,יחידה,false,,11.90,0.0000,true,1,259712
7290011996000,false,איטריות עגבניות,taste of asia,,איטריות עגבניות,גרמים,454.00,100 גרם,false,,8.50,0.0187,true,1,114574
7290011996017,false,איטריות תרד,taste of asia,,איטריות תרד,גרמים,454.00,100 גרם,false,,8.50,0.0187,true,1,114575
7290011996031,false,איטריות ביצים,taste of asia,,איטריות ביצים,גרמים,454.00,100 גרם,false,,8.50,0.0187,true,1,114576
7290011996062,false,אורז לסושי 1 קג',taste of asia,,אורז לסושי 1 קג',יחידה,1.00,יחידה,false,,12.90,12.9000,true,1,116787
7290011996086,false,רוטב צ'ילי חריף 700,,,רוטב צ'ילי חריף 700,יחידה,700.00,יחידה,false,,10.90,0.0156,true,1,123505
7290011996109,false,רוטב צ'ילי מתוק 700,,,רוטב צ'ילי מתוק 700,יחידה,700.00,יחידה,false,,9.90,0.0141,true,1,116661
7290011996123,false,אצות ים נורי גולד 10,,,אצות ים נורי גולד 10,גרמים,25.00,100 גרם,false,,10.90,0.4360,true,1,120819
7290011996178,false,רוטב סויה בסגנון יפנ,,,רוטב סויה בסגנון יפנ,יחידה,280.00,יחידה,false,,9.90,0.0354,true,1,123060
7290011996185,false,חומץ אורז לבן לסושי,מזרח ומערב,,חומץ אורז לבן לסושי,יחידה,250.00,יחידה,false,,7.90,0.0316,true,1,115742
7290011996222,false,נוזל אגוזי קוקוס 400,,,נוזל אגוזי קוקוס 400,גרמים,400.00,100 גרם,false,,5.90,0.0148,true,1,117362
7290011996277,false,מחצלת עגולה לסושי,,,מחצלת עגולה לסושי,יחידה,0.00,יחידה,false,,5.90,0.0000,true,1,123372
7290011996284,false,"סטימר 8""",,,"סטימר 8""",יחידה,0.00,יחידה,false,,21.90,0.0000,true,1,139794
7290011996499,false,מקלוני אורז דקים,,,מקלוני אורז דקים,גרמים,400.00,100 גרם,false,,7.90,0.0198,true,1,116669
7290011996512,false,"מקלוני אורז 3 מ""מ 40",taste of asia,,"מקלוני אורז 3 מ""מ 40",גרמים,400.00,100 גרם,false,,8.90,0.0223,true,1,117887
7290011996529,false,"מקלוני אורז 5 מ""מ 40",taste of asia,,"מקלוני אורז 5 מ""מ 40",גרמים,400.00,100 גרם,false,,8.90,0.0223,true,1,117888
7290011996550,false,רוטב הוי סין,,,רוטב הוי סין,גרמים,240.00,100 גרם,false,,13.90,0.0579,true,1,122586
7290011996567,false,רוטב סאטה 240ג',,,רוטב סאטה 240ג',גרמים,240.00,100 גרם,false,,13.90,0.0579,true,1,122587
7290011996581,false,רוטב חמוץ מתוק 300 מ,,,רוטב חמוץ מתוק 300 מ,יחידה,300.00,יחידה,false,,9.90,0.0330,true,1,116788
7290011996604,false,"רוטב פאד תאי 300 מ""ל",,,"רוטב פאד תאי 300 מ""ל",גרמים,366.00,100 גרם,false,,13.90,0.0380,true,1,116789
7290011996642,false,שומשום שחור קלוי,מזרח ומערב,,שומשום שחור קלוי,גרמים,100.00,100 גרם,false,,11.90,0.1190,true,1,122104
7290011996703,false,אצות וואקאמה מיובשות,,,אצות וואקאמה מיובשות,גרמים,100.00,100 גרם,false,,18.90,0.1890,true,1,138503
7290011996741,false,חומץ אורז לסושי 500,מזרח ומערב,,חומץ אורז לסושי 500,יחידה,500.00,יחידה,false,,11.00,0.0220,true,1,121546
7290011996758,false,קמח טמפורה,מזרח ומערב,,קמח טמפורה,גרמים,500.00,100 גרם,false,,9.90,0.0198,true,1,125563
7290011996765,false,משחת וואסבי,,,משחת וואסבי,גרמים,43.00,100 גרם,false,,9.00,0.2093,true,1,121685
7290011996789,false,פנקו יפני,,,פנקו יפני,גרמים,200.00,100 גרם,false,,7.90,0.0395,true,1,120821
7290011996802,false,אבקת ווסבי 70 ג',,,אבקת ווסבי 70 ג',גרמים,70.00,100 גרם,false,,14.90,0.2129,true,1,120822
7290011996819,false,איטריות שעועית בסגנו,taste of asia,,איטריות שעועית בסגנו,גרמים,250.00,100 גרם,false,,3.90,0.0156,true,1,120075
7290011996888,false,רוטב טריאקי 300ג',,,רוטב טריאקי 300ג',גרמים,365.00,100 גרם,false,,9.90,0.0271,true,1,120077
7290012001994,false,חרדל דיג'ון גרעינים,ריין דה דיג'ון,,חרדל דיג'ון גרעינים,גרמים,350.00,100 גרם,false,,11.90,0.0340,true,1,124123
7290012019258,false,תומר-מחית תפוחי עץ,,,תומר-מחית תפוחי עץ,גרמים,452.00,100 גרם,false,,9.90,0.0219,true,1,147916
7290012019265,false,"רסק תפו""ע פלסטיק דיא",,,"רסק תפו""ע פלסטיק דיא",גרמים,452.00,100 גרם,false,,9.90,0.0219,true,1,147917
7290012022203,false,קליליות חיטה מלאה,,,קליליות חיטה מלאה,גרמים,100.00,100 גרם,false,,13.50,0.1350,true,1,137981
7290012022227,false,קליליות חיטה,,,קליליות חיטה,גרמים,60.00,100 גרם,false,,11.50,0.1917,true,1,137979
7290012022272,false,קליליות קידס 30 גר,,,קליליות קידס 30 גר,גרמים,30.00,100 גרם,false,,10.70,0.3567,true,1,186790
7290012030475,false,ל.מ. רד PP חפיסה,,,ל.מ. רד PP חפיסה,יחידה,0.00,יחידה,false,,29.00,0.0000,false,1,200772
7290012031151,false,ל.מ. בלו מושיין PP,,,ל.מ. בלו מושיין PP,יחידה,0.00,יחידה,false,,25.00,0.0000,false,1,207724
7290012052170,false,גרנולה טבעית זרעים ו,,,גרנולה טבעית זרעים ו,יחידה,350.00,יחידה,false,,14.90,0.0426,true,1,125368
7290012052187,false,גרנולה טבעית חלבה תמ,,,גרנולה טבעית חלבה תמ,יחידה,350.00,יחידה,false,,14.90,0.0426,true,1,125369
7290012052194,false,גרנולה טבעית חמוציות,,,גרנולה טבעית חמוציות,יחידה,350.00,יחידה,false,,14.90,0.0426,true,1,127736
7290012052200,false,גרנולה רפאל זרעים,,,גרנולה רפאל זרעים,יחידה,800.00,יחידה,false,,27.90,0.0349,true,1,135721
7290012052217,false,רפאל-זרעים אגוזים ופ,,,רפאל-זרעים אגוזים ופ,יחידה,800.00,יחידה,false,,27.90,0.0349,true,1,135722
7290012052224,false,רפאל-חלבה תמרים ושקד,,,רפאל-חלבה תמרים ושקד,יחידה,800.00,יחידה,false,,27.90,0.0349,true,1,140472
7290012052309,false,גרנולה טבעית בננה צי,,,גרנולה טבעית בננה צי,קילוגרמים,1.00,"ק""ג",false,,22.90,22.9000,true,1,205112
7290012052316,false,"גרנולה תענוג 1 ק""ג ש",,,"גרנולה תענוג 1 ק""ג ש",קילוגרמים,1.00,"ק""ג",false,,22.90,22.9000,true,1,210874
7290012052330,false,"גרנולה תענוג 1 ק""ג",,,"גרנולה תענוג 1 ק""ג",קילוגרמים,1.00,"ק""ג",false,,22.90,22.9000,true,1,205114
7290012052347,false,גרנולה תענוג ללא תוס,,,גרנולה תענוג ללא תוס,קילוגרמים,1.00,"ק""ג",false,,22.90,22.9000,true,1,205115
7290012052354,false,גרנולה רפאל שוקולד ו,,,גרנולה רפאל שוקולד ו,גרמים,350.00,100 גרם,false,,14.90,0.0426,true,1,138317
7290012052361,false,גרנולה רפאל 350גר מו,,,גרנולה רפאל 350גר מו,גרמים,350.00,100 גרם,false,,14.90,0.0426,true,1,139187
7290012116032,false,פיות מרכך שיער 750מל,סנו,,פיות מרכך שיער 750מל,מיליליטרים,750.00,"100 מ""ל",false,,11.90,0.0159,true,1,125485
7290012116063,false,פיות אל סבון קמומיל,סנו,,פיות אל סבון קמומיל,גרמים,750.00,100 גרם,false,,11.90,0.0159,true,1,125486
7290012116070,false,פיות אל סבון אלוורה,סנו,,פיות אל סבון אלוורה,גרמים,750.00,100 גרם,false,,11.90,0.0159,true,1,125487
7290012116360,false,פוליוקס פורצלן סנו 2,סנו פוליויקס,,פוליוקס פורצלן סנו 2,ליטרים,2.00,ליטר,false,,19.90,9.9500,false,1,116101
7290012116537,false,סנו מקסימה אבקת כביס,סנו מקסימה,,סנו מקסימה אבקת כביס,קילוגרמים,2.50,"ק""ג",false,,25.90,10.3600,false,1,118708
7290012116681,false,דאודורנט ג'ל קרמ מן,סנו,,דאודורנט ג'ל קרמ מן,מיליליטרים,75.00,"100 מ""ל",false,,14.90,0.1987,true,1,121136
7290012116698,false,קרמה מן דאודורנט ג'ל,קרמה,,קרמה מן דאודורנט ג'ל,מיליליטרים,75.00,"100 מ""ל",false,,14.90,0.1987,true,1,120297
7290012116704,false,דאודורנט ג'ל פאוור ק,קרמה,,דאודורנט ג'ל פאוור ק,מיליליטרים,75.00,"100 מ""ל",false,,14.90,0.1987,true,1,121137
7290012116735,false,נייר טואלט סופט ג'מב,סנו סופט,,נייר טואלט סופט ג'מב,גרמים,4300.00,100 גרם,false,,47.90,0.0111,false,1,118532
7290012117039,false,סנו 00 לאמבטיה 1 ליט,סנו,,סנו 00 לאמבטיה 1 ליט,ליטרים,1.00,ליטר,false,,7.90,7.9000,false,1,119453
7290012117091,false,"סנו מקסימה 6 ק""ג סנס",סנו מקסימה,,"סנו מקסימה 6 ק""ג סנס",קילוגרמים,6.00,"ק""ג",false,,49.90,8.3167,false,1,120956
7290012117275,false,סנו קליר מילוי 750 מ,סנו,,סנו קליר מילוי 750 מ,מיליליטרים,750.00,"100 מ""ל",false,,7.90,0.0105,true,1,122048
7290012117350,false,ריצפז פרש לילך 2ל,סנו ריצפז,,ריצפז פרש לילך 2ל,ליטרים,2.00,ליטר,false,,17.90,8.9500,false,1,119733
7290012117411,false,קרמה מן ג'ל רחצה במב,קרמה,,קרמה מן ג'ל רחצה במב,מיליליטרים,700.00,"100 מ""ל",false,,17.90,0.0256,true,1,120302
7290012117428,false,קרמה מן שמפו וג'ל רח,קרמה,,קרמה מן שמפו וג'ל רח,מיליליטרים,700.00,"100 מ""ל",false,,17.90,0.0256,true,1,122149
7290012117435,false,קרמה מן ג'ל רחצה אלו,קרמה,,קרמה מן ג'ל רחצה אלו,מיליליטרים,700.00,"100 מ""ל",false,,17.90,0.0256,true,1,122373
7290012117534,false,מרכך מרוכז קול 1ל,סנו,,מרכך מרוכז קול 1ל,ליטרים,1.00,ליטר,false,,16.90,16.9000,true,1,122610
7290012117541,false,מרכך מרוכז סנו זן 1ל,סנו,,מרכך מרוכז סנו זן 1ל,ליטרים,1.00,ליטר,false,,16.90,16.9000,true,1,122611
7290012117558,false,מרכך סנו מרוכז פי4 מ,סנו,,מרכך סנו מרוכז פי4 מ,ליטרים,1.00,ליטר,false,,16.90,16.9000,false,1,122786
7290012117626,false,מי פה ילדים בוב ספוג,סנו,,מי פה ילדים בוב ספוג,מיליליטרים,250.00,"100 מ""ל",false,,11.90,0.0476,true,1,122102
7290012117732,false,מרכך סנו 4ל COOL,סנו,,מרכך סנו 4ל COOL,ליטרים,4.00,ליטר,false,,21.90,5.4750,false,1,122312
7290012117916,false,סנו אינסטלטור נוזלי,סנו,,סנו אינסטלטור נוזלי,ליטרים,1.00,ליטר,false,,24.90,24.9000,true,1,122231
7290012129711,false,פרשיס מגבונים לחים 7,,,פרשיס מגבונים לחים 7,יחידה,0.00,יחידה,false,,4.80,0.0000,true,1,172512
7290012129728,false,פרשיס חמישייה מגבוני,,,פרשיס חמישייה מגבוני,יחידה,0.00,יחידה,false,,19.90,0.0000,true,1,149937
7290012129742,false,פרשיס חמישייה מגבוני,,,פרשיס חמישייה מגבוני,יחידה,0.00,יחידה,false,,19.90,0.0000,true,1,149938
7290012139482,false,חטיף בונזו ג'וי-עצם,בונזו,,חטיף בונזו ג'וי-עצם,גרמים,160.00,100 גרם,false,,21.90,0.1369,true,1,127781
7290012139499,false,עצם בציפוי פירורי עו,בונזו,,עצם בציפוי פירורי עו,גרמים,165.00,100 גרם,false,,21.90,0.1327,true,1,126779
7290012151538,false,אקונומיקה 4ליטר פולי,,,אקונומיקה 4ליטר פולי,ליטרים,4.00,ליטר,false,,10.90,2.7250,true,1,118329
7290012159411,false,לבבות דקל חתוך,,,לבבות דקל חתוך,גרמים,220.00,100 גרם,false,,7.90,0.0359,true,1,128467
7290012173189,false,אגוז פקאן,זארובי,,אגוז פקאן,יחידה,150.00,יחידה,false,,18.90,0.1260,true,1,128739
7290012173271,false,זארובי-שקד טבעי 350ג,,,זארובי-שקד טבעי 350ג,גרמים,350.00,100 גרם,false,,28.90,0.0826,true,1,148569
7290012173301,false,זארובי-פיסטוק קלוי 3,זארובי,,זארובי-פיסטוק קלוי 3,גרמים,300.00,100 גרם,false,,28.90,0.0963,true,1,149085
7290012173325,false,בוטנים קלופים 350 גר,זארובי,,בוטנים קלופים 350 גר,גרמים,350.00,100 גרם,false,,15.50,0.0443,true,1,149109
7290012173493,false,תערובת אגוזים ושקדים,זארובי,,תערובת אגוזים ושקדים,גרמים,300.00,100 גרם,false,,26.90,0.0897,true,1,261754
7290012173615,false,פקאן סיני 150 גר',זארובי,,פקאן סיני 150 גר',גרמים,150.00,100 גרם,false,,18.90,0.1260,false,1,137104
7290012173837,false,זארובי-קשיו קלוי,,,זארובי-קשיו קלוי,גרמים,170.00,100 גרם,false,,14.90,0.0876,true,1,146133
7290012173844,false,זארובי-שקד קלוי,,,זארובי-שקד קלוי,גרמים,170.00,100 גרם,false,,14.90,0.0876,true,1,146134
7290012173882,false,זארובי-גרעינים שחורי,זארובי,,זארובי-גרעינים שחורי,גרמים,350.00,100 גרם,false,,10.90,0.0311,true,1,149086
7290012173905,false,פיצוחים מעורב פרימיו,,,פיצוחים מעורב פרימיו,גרמים,350.00,100 גרם,false,,27.90,0.0797,true,1,151914
7290012192098,false,דאודורנט רול און חלא,,,דאודורנט רול און חלא,מיליליטרים,60.00,"100 מ""ל",false,,23.90,0.3983,true,1,193451
7290012193163,false,פמלי אל סבון ליטר פר,פמלי,,פמלי אל סבון ליטר פר,ליטרים,1.00,ליטר,false,,11.90,11.9000,true,1,136392
7290012226014,false,נקניקיות וינר 800 גר,זוגלובק,,נקניקיות וינר 800 גר,גרמים,800.00,100 גרם,false,,22.90,0.0286,true,1,123568
7290012226021,false,סלמי מעושן פראג 400ג,זוגלובק,,סלמי מעושן פראג 400ג,גרמים,400.00,100 גרם,false,,21.50,0.0538,true,1,122659
7290012226120,false,קבנוס 135 גר',זוגלובק,,קבנוס 135 גר',גרמים,135.00,100 גרם,false,,10.00,0.0741,true,1,125604
7290012226342,false,נקניקיה טבעונית,זוגלובק,,נקניקיה טבעונית,גרמים,460.00,100 גרם,false,,24.90,0.0541,true,1,201805
7290012226922,false,קבנוס עם שום,זוגלובק,,קבנוס עם שום,גרמים,135.00,100 גרם,false,,10.00,0.0741,true,1,128195
7290012226939,false,קבנוס עם צ'ילי חריף,זוגלובק,,קבנוס עם צ'ילי חריף,גרמים,135.00,100 גרם,false,,10.00,0.0741,true,1,128196
7290012226991,false,נקניקיות ג'מבו,זוגלובק,,נקניקיות ג'מבו,קילוגרמים,1.50,"ק""ג",false,,28.90,19.2667,true,1,257775
7290012227172,false,מארז זוג פסטרמה זוגל,זוגלובק,,מארז זוג פסטרמה זוגל,גרמים,600.00,100 גרם,false,,26.90,0.0448,true,1,138058
7290012227325,false,סלמי מעושן דק דק 120,זוגלובק,,סלמי מעושן דק דק 120,גרמים,120.00,100 גרם,false,,13.90,0.1158,true,1,200932
7290012227400,false,נקניקיות עוף 800 גר',זוגלובק,,נקניקיות עוף 800 גר',גרמים,800.00,100 גרם,false,,22.90,0.0286,true,1,142479
7290012227912,false,קבנוס מעודן 135 גר',זוגלובק,,קבנוס מעודן 135 גר',גרמים,135.00,100 גרם,false,,10.00,0.0741,true,1,198022
7290012227974,false,פסטרמה בדבש 120 גר',זוגלובק,,פסטרמה בדבש 120 גר',גרמים,120.00,100 גרם,false,,13.90,0.1158,true,1,200933
7290012227981,false,פסטרמה ברביקיו 120 ג,זוגלובק,,פסטרמה ברביקיו 120 ג,גרמים,120.00,100 גרם,false,,13.90,0.1158,true,1,200934
7290012227998,false,חזה בקר 120 גר' דק ד,זוגלובק,,חזה בקר 120 גר' דק ד,גרמים,120.00,100 גרם,false,,13.90,0.1158,true,1,200935
7290012228124,false,קבנוס סטיקס 50 גר',זוגלובק,,קבנוס סטיקס 50 גר',גרמים,50.00,100 גרם,false,,10.00,0.2000,true,1,200106
7290012228261,false,נקניקיות בוקוורסט הו,זוגלובק,,נקניקיות בוקוורסט הו,גרמים,300.00,100 גרם,false,,19.90,0.0663,true,1,196763
7290012228278,false,נקניקיות בוקוורסט הו,זוגלובק,,נקניקיות בוקוורסט הו,גרמים,310.00,100 גרם,false,,19.90,0.0642,true,1,196764
7290012228728,false,קבנוסטיקס בטעם מקסיק,זוגלובק,,קבנוסטיקס בטעם מקסיק,גרמים,50.00,100 גרם,false,,10.00,0.2000,true,1,209316
7290012228766,false,קבנוס 120 גר' מחפוד,זוגלובק,,קבנוס 120 גר' מחפוד,גרמים,120.00,100 גרם,false,,10.00,0.0833,true,1,213657
7290012245275,false,גולד צ'יפס בטטה קריס,,,גולד צ'יפס בטטה קריס,קילוגרמים,1.00,"ק""ג",false,,28.90,28.9000,true,1,217622
7290012245312,false,צ'יפס גולד אמריקאי 1,,,צ'יפס גולד אמריקאי 1,גרמים,1500.00,100 גרם,false,,19.90,0.0133,true,1,206429
7290012245336,false,צ'יפס גולד סטייק 1.5,,,צ'יפס גולד סטייק 1.5,גרמים,1500.00,100 גרם,false,,19.90,0.0133,true,1,206431
7290012256028,false,מרית מחורצת,,,מרית מחורצת,יחידה,0.00,יחידה,false,,11.90,0.0000,true,1,181384
7290012309366,false,אורז בסמטי 5 קג שקדי,,,אורז בסמטי 5 קג שקדי,קילוגרמים,5.00,"ק""ג",false,,44.90,8.9800,true,1,177783
7290012309939,false,חלבה מסולסלת 500 גר,,,חלבה מסולסלת 500 גר,גרמים,500.00,100 גרם,false,,14.90,0.0298,true,1,148211
7290012313073,false,מיקס חרוזית יבנה,קבוצת יבנה,,מיקס חרוזית יבנה,גרמים,275.00,100 גרם,false,,10.90,0.0396,true,1,261183
7290012313547,false,זית קלמטה יבנה,קבוצת יבנה,,זית קלמטה יבנה,גרמים,340.00,100 גרם,false,,9.40,0.0276,true,1,187950
7290012316203,false,יין צובה שרדונה 2018,,,יין צובה שרדונה 2018,מיליליטרים,750.00,"100 מ""ל",false,,85.00,0.1133,true,1,214474
7290012350412,false,מסיר איפור בלוז ורוד,קרליין,,מסיר איפור בלוז ורוד,יחידה,0.00,יחידה,false,,29.90,0.0000,true,1,194494
7290012352010,false,קרם לחות + שמן לשיער,שוקי זיקרי,,קרם לחות + שמן לשיער,מיליליטרים,400.00,"100 מ""ל",false,,25.90,0.0647,true,1,123038
7290012367700,false,קרם גוף אפקטיב 700 מ,,,קרם גוף אפקטיב 700 מ,מיליליטרים,700.00,"100 מ""ל",false,,32.90,0.0470,true,1,125451
7290012367717,false,קרם ידיים אפקטיב 150,,,קרם ידיים אפקטיב 150,גרמים,100.00,100 גרם,false,,16.90,0.1690,true,1,141420
7290012367908,false,קמיל בלו סנסיטיב שמן,קמיל בלו,,קמיל בלו סנסיטיב שמן,מיליליטרים,200.00,"100 מ""ל",false,,15.90,0.0795,true,1,192490
7290012404955,false,ספרינג Collection נק,ספרינג,,ספרינג Collection נק,ליטרים,1.25,ליטר,false,,12.90,10.3200,true,1,126831
7290012404993,false,נקטר דיאט חמוציות ספ,ספרינג,,נקטר דיאט חמוציות ספ,ליטרים,1.25,ליטר,false,,12.90,10.3200,true,1,126833
7290012413636,false,תה ירוק צ'אי מסאלה 2,ויסוצקי,,תה ירוק צ'אי מסאלה 2,גרמים,37.50,100 גרם,false,,24.90,0.6640,false,1,134586
7290012413643,false,תה ירוק קמומיל,ויסוצקי,,תה ירוק קמומיל,גרמים,37.50,100 גרם,false,,24.90,0.6640,false,1,139552
7290012470202,false,דוקרני קישוט,,,דוקרני קישוט,יחידה,0.00,יחידה,false,,6.50,0.0000,true,1,196942
7290012470264,false,דוקרן גבינות ודגים,,,דוקרן גבינות ודגים,יחידה,0.00,יחידה,false,,8.50,0.0000,true,1,122398
7290012470493,false,כובע רחצה 2 שכבות,,,כובע רחצה 2 שכבות,יחידה,0.00,יחידה,false,,12.90,0.0000,true,1,122813
7290012475306,false,גרין פילד מיץ תפוזים,,,גרין פילד מיץ תפוזים,ליטרים,1.00,1000ליטר,false,,19.00,19.0000,true,1,259912
7290012475399,false,מיץ שזיפים אורגני 1,,,מיץ שזיפים אורגני 1,ליטרים,1.00,ליטר,false,,16.00,16.0000,true,1,127262
7290012522581,false,שניצל תירס ללא גלוטן,טבעול,,שניצל תירס ללא גלוטן,גרמים,664.00,100 גרם,false,,24.90,0.0375,false,1,135924
7290012561337,false,כורכום טרי כתוש דורו,,,כורכום טרי כתוש דורו,גרמים,70.00,100 גרם,false,,12.00,0.1714,true,1,208115
7290012561405,false,בצל חצי מטוגן דורות,דורות,,בצל חצי מטוגן דורות,גרמים,180.00,100 גרם,false,,11.50,0.0639,true,1,121742
7290012576591,false,רזרב גוורטצטרמינר,ברקן רזרב,,רזרב גוורטצטרמינר,מיליליטרים,750.00,"100 מ""ל",false,,34.90,0.0465,false,1,148899
7290012588242,false,מים מינרלים כדורגל 5,,,מים מינרלים כדורגל 5,מיליליטרים,3000.00,"100 מ""ל",false,,13.90,0.0046,false,1,201652
7290012594014,false,לחם שיפון כפרי,,,לחם שיפון כפרי,גרמים,650.00,100 גרם,false,,14.90,0.0229,true,1,144209
7290012594038,false,לחם פרנץ טוסט,,,לחם פרנץ טוסט,גרמים,500.00,100 גרם,false,,10.90,0.0218,true,1,260225
7290012602627,false,דבש יערה 500 גר',,,דבש יערה 500 גר',גרמים,500.00,100 גרם,false,,29.90,0.0598,true,1,195519
7290012642807,false,פלפלים ירוקים חריפים,,,פלפלים ירוקים חריפים,גרמים,540.00,100 גרם,false,,9.90,0.0183,true,1,206506
7290012642852,false,תומר-פלפל אדום קלוי,,,תומר-פלפל אדום קלוי,גרמים,330.00,100 גרם,false,,9.90,0.0300,true,1,207182
7290012642883,false,פלפלונים צהובים כבוש,,,פלפלונים צהובים כבוש,גרמים,290.00,100 גרם,false,,9.90,0.0341,true,1,193882
7290012645020,false,יוגורט עיזים טבעי 5,,,יוגורט עיזים טבעי 5,מיליליטרים,500.00,"100 מ""ל",false,,11.90,0.0238,true,1,194570
7290012645112,false,יוגורט עיזים בדלי -,,,יוגורט עיזים בדלי -,גרמים,750.00,100 גרם,false,,18.90,0.0252,true,1,194449
7290012645129,false,יוגורט כבשים בדלי -ח,,,יוגורט כבשים בדלי -ח,גרמים,750.00,100 גרם,false,,18.90,0.0252,true,1,194450
7290012645174,false,גבינת עיזים 5%,,,גבינת עיזים 5%,גרמים,200.00,100 גרם,false,,12.90,0.0645,true,1,262960
7290012645181,false,לאבנה עיזים 5%,,,לאבנה עיזים 5%,גרמים,200.00,100 גרם,false,,12.90,0.0645,true,1,230127
7290012645280,false,יוגורט יווני מחלב כב,,,יוגורט יווני מחלב כב,גרמים,150.00,100 גרם,false,,5.30,0.0353,true,1,194478
7290012645297,false,יוגורט מחלב עיזים,,,יוגורט מחלב עיזים,גרמים,150.00,100 גרם,false,,5.30,0.0353,true,1,194479
7290012645389,false,יוגורט עיזים טבעי 1,,,יוגורט עיזים טבעי 1,ליטרים,1.00,ליטר,false,,21.90,21.9000,true,1,194492
7290012692000,false,"אלכוג'ל אפרסק 500 מ""","ד""ר פישר",,"אלכוג'ל אפרסק 500 מ""",מיליליטרים,500.00,"100 מ""ל",false,,19.90,0.0398,true,1,192404
7290012724817,false,נענע בשקית,מרינה,,נענע בשקית,יחידה,0.00,יחידה,false,,3.90,0.0000,true,1,204979
7290012724824,false,שמיר בשקית,מרינה,,שמיר בשקית,יחידה,0.00,יחידה,false,,3.90,0.0000,true,1,204980
7290012724831,false,כוסברה בשקית,מרינה,,כוסברה בשקית,יחידה,0.00,יחידה,false,,3.90,0.0000,true,1,204981
7290012724848,false,פטרוזליה בשקית,מרינה,,פטרוזליה בשקית,יחידה,0.00,יחידה,false,,3.90,0.0000,true,1,204982
7290012759673,false,עוגיות בראוניז חמאת,,,עוגיות בראוניז חמאת,גרמים,240.00,100 גרם,false,,24.90,0.1037,true,1,206534
7290012759727,false,חטיף בראוניז 50 גר',,,חטיף בראוניז 50 גר',גרמים,50.00,100 גרם,false,,7.90,0.1580,true,1,207611
7290012759789,false,טראפלס שוקולד פקאן,,,טראפלס שוקולד פקאן,גרמים,280.00,100 גרם,false,,31.90,0.1139,true,1,217741
7290012759949,false,חטיף אישי חלבון תמר,,,חטיף אישי חלבון תמר,גרמים,50.00,100 גרם,false,,9.90,0.1980,true,1,215136
7290012771095,false,רולאון חלאבלין 48 שע,,,רולאון חלאבלין 48 שע,מיליליטרים,50.00,"100 מ""ל",false,,16.90,0.3380,true,1,123559
7290012801419,false,מגש עגול פסים,,,מגש עגול פסים,יחידה,0.00,יחידה,false,,5.90,0.0000,true,1,219582
7290012803055,false,מרמולייט סוכרלוז 100,מרמולייט,,מרמולייט סוכרלוז 100,גרמים,100.00,100 גרם,false,,22.90,0.2290,true,1,120183
7290012803314,false,מרמולייט סוכרלוז 300,מרמולייט,,מרמולייט סוכרלוז 300,גרמים,246.00,100 גרם,false,,34.90,0.1419,true,1,122293
7290012803321,false,מרמולייט סוכרלוז 200,מרמולייט,,מרמולייט סוכרלוז 200,גרמים,200.00,100 גרם,false,,36.90,0.1845,true,1,122294
7290012803451,false,טוסו שוקולד מריר מעו,,,טוסו שוקולד מריר מעו,גרמים,100.00,100 גרם,false,,12.90,0.1290,true,1,145005
7290012803765,false,טוסו שוקולד מריר 100,,,טוסו שוקולד מריר 100,גרמים,100.00,100 גרם,false,,12.90,0.1290,true,1,136891
7290012803772,false,טוסו שוקולד חלב 100ג,,,טוסו שוקולד חלב 100ג,גרמים,100.00,100 גרם,false,,12.90,0.1290,true,1,136893
7290012803789,false,טוסו שוקולד מריר עם,,,טוסו שוקולד מריר עם,גרמים,100.00,100 גרם,false,,12.90,0.1290,true,1,136894
7290012803796,false,טוסו שוקולד חלב עם א,,,טוסו שוקולד חלב עם א,גרמים,100.00,100 גרם,false,,12.90,0.1290,true,1,136895
7290012823343,false,משחת שיניים אורביטול,אורביטול,,משחת שיניים אורביטול,גרמים,70.00,100 גרם,false,,9.90,0.1414,true,1,213328
7290012823381,false,מרכך מרוכז סנסיטיב 1,סנו,,מרכך מרוכז סנסיטיב 1,ליטרים,1.00,ליטר,false,,16.90,16.9000,true,1,124027
7290012823398,false,ריצפז מטליות לחות לנ,סנו ריצפז,,ריצפז מטליות לחות לנ,יחידה,0.00,יחידה,false,,12.90,0.0000,true,1,199225
7290012823404,false,פרש אוטומטיק יסמין,,,פרש אוטומטיק יסמין,יחידה,250.00,יחידה,false,,14.90,0.0596,true,1,127417
7290012823541,false,מטליות ריצפז פרש,סנו ריצפז,,מטליות ריצפז פרש,יחידה,0.00,יחידה,false,,12.90,0.0000,true,1,123349
7290012823565,false,מטלית פוליוקס פרקט,סנו פוליויקס,,מטלית פוליוקס פרקט,יחידה,0.00,יחידה,false,,14.90,0.0000,true,1,125488
7290012823589,false,ריצפז לימון 2 ליטר,סנו ריצפז,,ריצפז לימון 2 ליטר,ליטרים,2.00,ליטר,false,,17.90,8.9500,false,1,128182
7290012823602,false,נייר טואלט סופט סילק,סנו סופט,,נייר טואלט סופט סילק,גרמים,1950.00,100 גרם,false,,32.90,0.0169,false,1,128265
7290012823657,false,מילוי רסס כבס 750מל,סנו,,מילוי רסס כבס 750מל,מיליליטרים,750.00,"100 מ""ל",false,,9.90,0.0132,true,1,125489
7290012823787,false,רסס ונגב מילוי 750מל,סנו,,רסס ונגב מילוי 750מל,מיליליטרים,750.00,"100 מ""ל",false,,7.90,0.0105,true,1,126514
7290012823916,false,ג'ל כביסה 5 ליטר,,,ג'ל כביסה 5 ליטר,ליטרים,5.00,ליטר,false,,44.90,8.9800,true,1,201021
7290012823923,false,מרכך כביסה מרוכז פרפ,סנו,,מרכך כביסה מרוכז פרפ,מיליליטרים,750.00,"100 מ""ל",false,,16.90,0.0225,true,1,125690
7290012823947,false,מקסימה פרפיום מרכך כ,סנו מקסימה,,מקסימה פרפיום מרכך כ,מיליליטרים,750.00,"100 מ""ל",false,,16.90,0.0225,true,1,126543
7290012868115,false,מהודר- קמח כוסמין מל,,,מהודר- קמח כוסמין מל,גרמים,1000.00,100 גרם,false,,17.90,0.0179,true,1,209140
7290012871054,false,דגן-חיטה מלאה תפוחה,,,דגן-חיטה מלאה תפוחה,גרמים,220.00,100 גרם,false,,6.50,0.0295,true,1,189562
7290012871061,false,דגן תירס פופ מתוק 15,מפעלי דגן,,דגן תירס פופ מתוק 15,גרמים,150.00,100 גרם,false,,6.50,0.0433,true,1,188870
7290012871375,false,דגן פצפוצי כוסמין בצ,מפעלי דגן,,דגן פצפוצי כוסמין בצ,גרמים,200.00,100 גרם,false,,11.00,0.0550,true,1,193837
7290012871382,false,דגן שלווה מלאה תפוחה,,,דגן שלווה מלאה תפוחה,גרמים,150.00,100 גרם,false,,6.90,0.0460,true,1,208140
7290012871429,false,פצפוצי כוסמת קלוי בת,,,פצפוצי כוסמת קלוי בת,גרמים,200.00,100 גרם,false,,9.90,0.0495,true,1,208283
7290012871436,false,דגן 5 דגנים מלאים דב,מפעלי דגן,,דגן 5 דגנים מלאים דב,גרמים,220.00,100 גרם,false,,8.90,0.0405,true,1,188871
7290012884986,false,צ'יפס לתנור 4% שומן,תפוגן,,צ'יפס לתנור 4% שומן,קילוגרמים,1.50,"ק""ג",false,,24.90,16.6000,true,1,142549
7290012901355,false,פסטה גבינה לבן,,,פסטה גבינה לבן,גרמים,206.00,100 גרם,false,,10.90,0.0529,true,1,150912
7290012911088,false,רוטב סויה בהירה 500מ,,,רוטב סויה בהירה 500מ,יחידה,500.00,יחידה,false,,11.50,0.0230,true,1,124066
7290012911156,false,רוטב טריאקי שומשום,,,רוטב טריאקי שומשום,יחידה,300.00,יחידה,false,,11.00,0.0367,true,1,124840
7290012911170,false,מיסו כהה,,,מיסו כהה,גרמים,500.00,100 גרם,false,,10.90,0.0218,true,1,134278
7290012911187,false,מיסו בהיר,,,מיסו בהיר,גרמים,500.00,100 גרם,false,,10.90,0.0218,true,1,134279
7290012911293,false,דפי אורז 300גר,,,דפי אורז 300גר,גרמים,300.00,100 גרם,false,,11.90,0.0397,true,1,124067
7290012911415,false,ממרח קארי ירוק 400גר,,,ממרח קארי ירוק 400גר,גרמים,400.00,100 גרם,false,,17.90,0.0447,true,1,134479
7290012911422,false,ממרח קארי אדום 400גר,,,ממרח קארי אדום 400גר,גרמים,400.00,100 גרם,false,,17.90,0.0447,true,1,134480
7290012911439,false,ממרח קארי צהוב 400גר,,,ממרח קארי צהוב 400גר,גרמים,400.00,100 גרם,false,,17.90,0.0447,true,1,134481
7290012911477,false,"קרם קוקוס 400 מ""ל",,,"קרם קוקוס 400 מ""ל",יחידה,400.00,יחידה,false,,7.90,0.0198,true,1,133015
7290012911583,false,קנפיו רצועות דלעת כב,מזרח ומערב,,קנפיו רצועות דלעת כב,גרמים,100.00,100 גרם,false,,8.90,0.0890,true,1,134288
7290012911613,false,רצועות צנון יפני כבו,מזרח ומערב,,רצועות צנון יפני כבו,גרמים,100.00,100 גרם,false,,8.90,0.0890,true,1,193886
7290012911651,false,"מקלוני אורז 10 מ""מ",,,"מקלוני אורז 10 מ""מ",גרמים,400.00,100 גרם,false,,8.90,0.0223,true,1,145981
7290012911675,false,פטריות שטאקה 85 גר',,,פטריות שטאקה 85 גר',גרמים,85.00,100 גרם,false,,17.90,0.2106,true,1,135952
7290012911729,false,ג'נג'ר ורוד לסושי 25,,,ג'נג'ר ורוד לסושי 25,גרמים,250.00,100 גרם,false,,7.90,0.0316,true,1,139322
7290012911804,false,"שמן שומשום 150מ""ל",,,"שמן שומשום 150מ""ל",יחידה,150.00,יחידה,false,,13.90,0.0927,true,1,127524
7290012911866,false,"דפי אורז 22*22 ס""מ",,,"דפי אורז 22*22 ס""מ",גרמים,300.00,100 גרם,false,,11.90,0.0397,true,1,147457
7290012911934,false,שבבי אורז,,,שבבי אורז,גרמים,227.00,100 גרם,false,,7.90,0.0348,true,1,140648
7290012911941,false,רוטב צ'ילי מתוק 700מ,,,רוטב צ'ילי מתוק 700מ,מיליליטרים,700.00,"100 מ""ל",false,,14.00,0.0200,true,1,141086
7290012911965,false,ג'ינג'ר לסושי ללא צב,,,ג'ינג'ר לסושי ללא צב,גרמים,150.00,100 גרם,false,,7.90,0.0527,true,1,142367
7290012921025,false,בירה מלכה,,,בירה מלכה,מיליליטרים,330.00,"100 מ""ל",false,,13.90,0.0421,true,1,150263
7290012921032,false,מלכה אדמונית בירה,,,מלכה אדמונית בירה,מיליליטרים,330.00,"100 מ""ל",false,,13.90,0.0421,true,1,150264
7290012921056,false,בירה מלכה חיטה,,,בירה מלכה חיטה,מיליליטרים,330.00,"100 מ""ל",false,,13.90,0.0421,true,1,150265
7290012921063,false,בירה מלכה הינדי,,,בירה מלכה הינדי,יחידה,0.00,יחידה,false,,13.90,0.0000,true,1,150748
7290012921070,false,בירה מלכה אדמונית,,,בירה מלכה אדמונית,מיליליטרים,330.00,"100 מ""ל",false,,29.90,0.0906,true,1,214325
7290012921087,false,בירה מלכה בהירה 750,,,בירה מלכה בהירה 750,מיליליטרים,750.00,"100 מ""ל",false,,29.90,0.0399,true,1,214326
7290012931611,false,כריות ברזל שלישייה,,,כריות ברזל שלישייה,יחידה,0.00,יחידה,false,,6.50,0.0000,true,1,151263
7290012936838,false,הל טחון 35 גרם,,,הל טחון 35 גרם,גרמים,35.00,100 גרם,false,,17.50,0.5000,true,1,218778
7290012936845,false,תבלין לקוסקוס 50 גרם,,,תבלין לקוסקוס 50 גרם,גרמים,50.00,100 גרם,false,,11.90,0.2380,true,1,217703
7290012936852,false,קימל טחון 40 גרם,,,קימל טחון 40 גרם,גרמים,40.00,100 גרם,false,,7.90,0.1975,true,1,218404
7290012936890,false,קצח 50 גרם,,,קצח 50 גרם,גרמים,50.00,100 גרם,false,,11.50,0.2300,true,1,219190
7290012936906,false,ציפורן שלם 25 גרם,,,ציפורן שלם 25 גרם,גרמים,25.00,100 גרם,false,,13.90,0.5560,true,1,218561
7290012936913,false,סומק 40 גרם,,,סומק 40 גרם,גרמים,40.00,100 גרם,false,,11.50,0.2875,true,1,219191
7290012936937,false,בהרט 40 גרם,,,בהרט 40 גרם,גרמים,40.00,100 גרם,false,,11.50,0.2875,true,1,218562
7290012936944,false,אגוז מוסקט טחון 40 ג,,,אגוז מוסקט טחון 40 ג,גרמים,40.00,100 גרם,false,,13.90,0.3475,true,1,219192
7290012938405,false,רדיד אלומיניום עבה ב,דיימונד,,רדיד אלומיניום עבה ב,יחידה,0.00,יחידה,false,,21.90,0.0000,true,1,123980
7290012938580,false,סנסודיין הלבנה עדינה,סנסודיין,,סנסודיין הלבנה עדינה,מיליליטרים,75.00,"100 מ""ל",false,,21.90,0.2920,true,1,133544
7290012938597,false,סנסודיין רפיד רליף,סנסודיין,,סנסודיין רפיד רליף,גרמים,75.00,100 גרם,false,,25.90,0.3453,true,1,128245
7290012938740,false,"סנסודיין מנטה 75 מ""ל",סנסודיין,,"סנסודיין מנטה 75 מ""ל",מיליליטרים,75.00,"100 מ""ל",false,,21.90,0.2920,true,1,138422
7290012938924,false,אקווה פרש מי פה 500,אקווה פרש,,אקווה פרש מי פה 500,מיליליטרים,500.00,"100 מ""ל",false,,19.90,0.0398,true,1,139246
7290012962806,false,נשכן סיליקון רך טולי,,,נשכן סיליקון רך טולי,יחידה,0.00,יחידה,false,,10.90,0.0000,true,1,191002
7290012982200,false,בשר 6 פילה מדומה חלק,,,בשר 6 פילה מדומה חלק,קילוגרמים,1.00,"ק""ג",true,,36.90,36.9000,false,1,261821
7290012982873,false,פילה אמנון 7-9,,,פילה אמנון 7-9,קילוגרמים,1.00,"ק""ג",true,,24.90,24.9000,false,1,150061
7290012983160,false,סילאן לחיץ 400 גרם,,,סילאן לחיץ 400 גרם,גרמים,400.00,100 גרם,false,,11.50,0.0288,true,1,187491
7290012996450,false,מרכך מרוכז הפי,יעקובי הפי,,מרכך מרוכז הפי,ליטרים,1.00,ליטר,false,,14.90,14.9000,true,1,124362
7290012996610,false,טבליות אסלה יעקבי,יעקובי,,טבליות אסלה יעקבי,גרמים,400.00,100 גרם,false,,12.90,0.0323,true,1,127618
7290012996672,false,סבון אסלה+בושם,יעקובי,,סבון אסלה+בושם,יחידה,80.00,יחידה,false,,9.90,0.1238,true,1,128392
7290012996702,false,שקיות בד רחניות לבגד,יעקובי,,שקיות בד רחניות לבגד,יחידה,0.00,יחידה,false,,10.90,0.0000,true,1,128269
7290013027399,false,לחם אנג'ל 100 בתוספת,אנג'ל,,לחם אנג'ל 100 בתוספת,גרמים,750.00,100 גרם,false,,15.90,0.0212,true,1,127471
7290013038234,false,אקווה נובה שישייה 2,אקווה נובה,,אקווה נובה שישייה 2,ליטרים,12.00,ליטר,false,,9.90,0.8250,false,1,123294
7290013038432,false,מים אקווה נובה 2ל,אקווה נובה,,מים אקווה נובה 2ל,ליטרים,2.00,ליטר,false,,3.30,1.6500,true,1,244957
7290013083661,false,מטרנה אקסטרה קר שלב,מטרנה,,מטרנה אקסטרה קר שלב,גרמים,700.00,100 גרם,false,,59.90,0.0856,false,1,125080
7290013083678,false,מטרנה אקסטרה קר שלב,מטרנה,,מטרנה אקסטרה קר שלב,גרמים,700.00,100 גרם,false,,59.90,0.0856,false,1,125081
7290013083685,false,מטרנה אקסטרה קר שלב,מטרנה,,מטרנה אקסטרה קר שלב,גרמים,700.00,100 גרם,false,,59.90,0.0856,false,1,125082
7290013083999,false,חול חתולים קריסטלי י,,,חול חתולים קריסטלי י,יחידה,3.80,יחידה,false,,32.90,8.6579,true,1,127727
7290013117212,false,בורקס פילו מילוי גבי,מעדנות,,בורקס פילו מילוי גבי,גרמים,600.00,100 גרם,false,,19.90,0.0332,false,1,122933
7290013117229,false,"בורקס פילו מילוי תפ""",מעדנות,,"בורקס פילו מילוי תפ""",גרמים,600.00,100 גרם,false,,19.90,0.0332,false,1,122934
7290013117236,false,בורקס פילו פיצה מעדנ,מעדנות,,בורקס פילו פיצה מעדנ,גרמים,600.00,100 גרם,false,,19.90,0.0332,false,1,122935
7290013117243,false,בורקס פילו בולגרית מ,מעדנות,,בורקס פילו בולגרית מ,גרמים,600.00,100 גרם,false,,19.90,0.0332,false,1,122936
7290013117410,false,בצק פריך מתוק מעדנות,מעדנות,,בצק פריך מתוק מעדנות,גרמים,900.00,100 גרם,false,,21.90,0.0243,false,1,128114
7290013117427,false,בצק פריך מלוח מעדנות,מעדנות,,בצק פריך מלוח מעדנות,גרמים,900.00,100 גרם,false,,19.90,0.0221,false,1,128115
7290013117526,false,בצק שמרים למאפים מתו,מעדנות,,בצק שמרים למאפים מתו,גרמים,900.00,100 גרם,false,,19.90,0.0221,false,1,132899
7290013121028,false,לחם לבן ללא גלוטן גר,,,לחם לבן ללא גלוטן גר,יחידה,0.00,יחידה,false,,17.90,0.0000,true,1,141930
7290013121042,false,גרין לייט-לחם איטלקי,,,גרין לייט-לחם איטלקי,גרמים,500.00,100 גרם,false,,19.90,0.0398,true,1,144139
7290013121127,false,לחמניות מיני ללא גלו,,,לחמניות מיני ללא גלו,יחידה,0.00,יחידה,false,,17.90,0.0000,true,1,141933
7290013121134,false,גרין ליין-בייגל אמרי,,,גרין ליין-בייגל אמרי,יחידה,0.00,יחידה,false,,19.90,0.0000,true,1,150004
7290013121158,false,גרין ליין-לחמניות רב,,,גרין ליין-לחמניות רב,גרמים,460.00,100 גרם,false,,17.90,0.0389,true,1,141934
7290013121165,false,שישיות לחמניות נקניק,,,שישיות לחמניות נקניק,יחידה,0.00,יחידה,false,,17.90,0.0000,true,1,141935
7290013121691,false,שלישיית לאפות גרין ל,,,שלישיית לאפות גרין ל,יחידה,0.00,יחידה,false,,15.90,0.0000,true,1,205320
7290013121769,false,גרין ליין-לחמניות רב,,,גרין ליין-לחמניות רב,גרמים,400.00,100 גרם,false,,17.90,0.0447,true,1,150770
7290013121776,false,לחם כפרי ללא גלוטן ג,,,לחם כפרי ללא גלוטן ג,יחידה,0.00,יחידה,false,,21.90,0.0000,true,1,141938
7290013144157,false,סחלב 130 גר',מימונס,,סחלב 130 גר',גרמים,130.00,100 גרם,false,,9.90,0.0762,true,1,200191
7290013144171,false,תערובת עוגת שוקולד,מימונס אפייה,,תערובת עוגת שוקולד,יחידה,0.00,יחידה,false,,17.50,0.0000,true,1,199577
7290013144188,false,תערובת בראוניס 600 ג,מימונס אפייה,,תערובת בראוניס 600 ג,גרמים,600.00,100 גרם,false,,17.50,0.0292,true,1,203182
7290013144195,false,תערובת כדורי שוקולד,מימונס אפייה,,תערובת כדורי שוקולד,יחידה,0.00,יחידה,false,,17.50,0.0000,true,1,199578
7290013144201,false,תערובת פנקייק,מימונס אפייה,,תערובת פנקייק,יחידה,0.00,יחידה,false,,15.90,0.0000,true,1,199602
7290013144218,false,תערובת לעוגת וניל,מימונס אפייה,,תערובת לעוגת וניל,גרמים,560.00,100 גרם,false,,17.50,0.0313,true,1,199831
7290013144225,false,תערובת לעוגת שיש,מימונס אפייה,,תערובת לעוגת שיש,גרמים,560.00,100 גרם,false,,17.50,0.0313,true,1,199832
7290013144232,false,פודינג וניל 80 גר',מימונס אפייה,,פודינג וניל 80 גר',גרמים,80.00,100 גרם,false,,5.60,0.0700,true,1,199579
7290013144249,false,פודינג שוקולד 95 גר',מימונס אפייה,,פודינג שוקולד 95 גר',גרמים,95.00,100 גרם,false,,5.60,0.0589,true,1,199580
7290013144270,false,קרם פטיסייר 100 גר',מימונס אפייה,,קרם פטיסייר 100 גר',גרמים,100.00,100 גרם,false,,10.60,0.1060,true,1,199581
7290013144317,false,ג'וני גלילית וופל למ,מימונס אפייה,,ג'וני גלילית וופל למ,יחידה,0.00,יחידה,false,,21.90,0.0000,true,1,199587
7290013144393,false,תמצית אפיה בטעם וניל,מימונס,,תמצית אפיה בטעם וניל,מיליליטרים,50.00,"100 מ""ל",false,,4.90,0.0980,true,1,199589
7290013144416,false,תמצית אפיה בטעם שקדי,מימונס,,תמצית אפיה בטעם שקדי,מיליליטרים,50.00,"100 מ""ל",false,,4.90,0.0980,true,1,199591
7290013144515,false,צבע מאכל צהוב,מימונס אפייה,,צבע מאכל צהוב,גרמים,50.00,100 גרם,false,,4.00,0.0800,true,1,199592
7290013144522,false,צבע מאכל ירוק,מימונס אפייה,,צבע מאכל ירוק,גרמים,50.00,100 גרם,false,,4.00,0.0800,true,1,199593
7290013144539,false,צבע מאכל אדום,מימונס אפייה,,צבע מאכל אדום,גרמים,50.00,100 גרם,false,,4.00,0.0800,true,1,199594
7290013144560,false,צבע מאכל כחול,מימונס אפייה,,צבע מאכל כחול,גרמים,50.00,100 גרם,false,,4.00,0.0800,true,1,199595
7290013144614,false,סירופ מייפל אמיתי 10,מימונס אפייה,,סירופ מייפל אמיתי 10,יחידה,0.00,יחידה,false,,29.90,0.0000,true,1,199596
7290013144751,false,סירופ בטעם מייפל 500,מימונס אפייה,,סירופ בטעם מייפל 500,גרמים,500.00,100 גרם,false,,13.90,0.0278,true,1,199597
7290013144768,false,סירופ בטעם שוקולד 50,מימונס אפייה,,סירופ בטעם שוקולד 50,גרמים,500.00,100 גרם,false,,13.90,0.0278,true,1,199598
7290013144911,false,מיקס שוקולד צ'יפס מר,מימונס אפייה,,מיקס שוקולד צ'יפס מר,גרמים,250.00,100 גרם,false,,14.90,0.0596,true,1,263524
7290013144980,false,תרסיס שמן קנולה 170,מימונס אפייה,,תרסיס שמן קנולה 170,גרמים,170.00,100 גרם,false,,14.90,0.0876,true,1,200192
7290013145017,false,אגוז מלך קלוף 100 גר,מימונס אפייה,,אגוז מלך קלוף 100 גר,גרמים,100.00,100 גרם,false,,12.90,0.1290,true,1,201177
7290013145024,false,אגוז מלך טחון,מימונס אפייה,,אגוז מלך טחון,יחידה,0.00,יחידה,false,,13.90,0.0000,true,1,199604
7290013145031,false,אגוזי לוז מסוכרים 10,מימונס אפייה,,אגוזי לוז מסוכרים 10,גרמים,100.00,100 גרם,false,,14.90,0.1490,true,1,200681
7290013145048,false,צנוברים 100 גר',מימונס,,צנוברים 100 גר',גרמים,100.00,100 גרם,false,,27.90,0.2790,true,1,200189
7290013145055,false,פרג שלם,מימונס אפייה,,פרג שלם,יחידה,0.00,יחידה,false,,6.50,0.0000,true,1,199605
7290013145062,false,סירופ מייפל אמיתי 18,מימונס אפייה,,סירופ מייפל אמיתי 18,מיליליטרים,187.00,"100 מ""ל",false,,19.90,0.1064,true,1,203988
7290013145093,false,שקד מולבן גרוס 100 ג,מימונס אפייה,,שקד מולבן גרוס 100 ג,גרמים,100.00,100 גרם,false,,13.90,0.1390,true,1,201682
7290013145109,false,שקד מולבן טחון,מימונס אפייה,,שקד מולבן טחון,יחידה,0.00,יחידה,false,,13.90,0.0000,true,1,199606
7290013145116,false,שקד מולבן מקלות,מימונס אפייה,,שקד מולבן מקלות,יחידה,0.00,יחידה,false,,13.90,0.0000,true,1,199607
7290013145123,false,שקד מולבן פרוס 100 ג,מימונס אפייה,,שקד מולבן פרוס 100 ג,גרמים,100.00,100 גרם,false,,13.90,0.1390,true,1,200190
7290013145130,false,שקד מולבן חצוי 100 ג,מימונס אפייה,,שקד מולבן חצוי 100 ג,גרמים,100.00,100 גרם,false,,13.90,0.1390,true,1,201683
7290013145161,false,פקאן מסוכר 100 גר',מימונס אפייה,,פקאן מסוכר 100 גר',גרמים,100.00,100 גרם,false,,16.90,0.1690,true,1,199987
7290013145178,false,קוקוס טחון לבן 100 ג,מימונס אפייה,,קוקוס טחון לבן 100 ג,גרמים,100.00,100 גרם,false,,4.70,0.0470,true,1,202166
7290013145192,false,שומשום 100 גר',מימונס אפייה,,שומשום 100 גר',גרמים,100.00,100 גרם,false,,5.50,0.0550,true,1,202167
7290013145215,false,שומשום 400 גר' מימונ,מימונס אפייה,,שומשום 400 גר' מימונ,גרמים,400.00,100 גרם,false,,15.90,0.0398,true,1,209317
7290013145246,false,גרעין חמנייה קלוף,מימונס אפייה,,גרעין חמנייה קלוף,יחידה,0.00,יחידה,false,,5.50,0.0000,true,1,201181
7290013145277,false,עלים לקרמשניט 300 גר,מימונס אפייה,,עלים לקרמשניט 300 גר,גרמים,300.00,100 גרם,false,,16.90,0.0563,true,1,199851
7290013145390,false,שוקולד צ'יפס 250 גר',מימונס אפייה,,שוקולד צ'יפס 250 גר',גרמים,250.00,100 גרם,false,,8.90,0.0356,true,1,199608
7290013145406,false,שוקולד צ'יפס לבן 250,מימונס אפייה,,שוקולד צ'יפס לבן 250,גרמים,250.00,100 גרם,false,,8.90,0.0356,true,1,199609
7290013145437,false,שוקולד צ'יפס אמיתי 4,,,שוקולד צ'יפס אמיתי 4,גרמים,250.00,100 גרם,false,,14.50,0.0580,true,1,205893
7290013145444,false,שוקולד צ'יפס 66%,מימונס אפייה,,שוקולד צ'יפס 66%,גרמים,250.00,100 גרם,false,,15.90,0.0636,true,1,199852
7290013145451,false,קקאו דל שומן 150 גר',מימונס אפייה,,קקאו דל שומן 150 גר',גרמים,150.00,100 גרם,false,,8.90,0.0593,true,1,199834
7290013145529,false,סוכריות צבעוניות לעו,מימונס,,סוכריות צבעוניות לעו,גרמים,90.00,100 גרם,false,,5.90,0.0656,true,1,199853
7290013145536,false,סוכריות בטעם שוקולד,מימונס אפייה,,סוכריות בטעם שוקולד,גרמים,85.00,100 גרם,false,,5.90,0.0694,true,1,199854
7290013145567,false,סוכריות מיני מיני עד,מימונס,,סוכריות מיני מיני עד,גרמים,90.00,100 גרם,false,,10.90,0.1211,true,1,199968
7290013145628,false,סוכריות צבעוניות לקי,מימונס אפייה,,סוכריות צבעוניות לקי,גרמים,200.00,100 גרם,false,,8.90,0.0445,true,1,199610
7290013145710,false,דובדבנים מסוכרים,מימונס אפייה,,דובדבנים מסוכרים,יחידה,0.00,יחידה,false,,8.90,0.0000,true,1,199611
7290013145840,false,סוכר וניל 10 יח' בצל,מימונס אפייה,,סוכר וניל 10 יח' בצל,יחידה,0.00,יחידה,false,,2.50,0.0000,true,1,199612
7290013145857,false,אבקת אפיה 10 יח' בצל,מימונס אפייה,,אבקת אפיה 10 יח' בצל,יחידה,0.00,יחידה,false,,2.50,0.0000,true,1,199613
7290013145871,false,שמרים יבשים מימונס,מימונס אפייה,,שמרים יבשים מימונס,גרמים,55.00,100 גרם,false,,9.50,0.1727,true,1,200735
7290013145901,false,סודה לשתיה 100 גר',מימונס אפייה,,סודה לשתיה 100 גר',גרמים,100.00,100 גרם,false,,1.90,0.0190,true,1,202168
7290013145918,false,אבקת סוכר 100 גר',מימונס אפייה,,אבקת סוכר 100 גר',גרמים,100.00,100 גרם,false,,1.90,0.0190,true,1,199969
7290013145956,false,שמרים יבשים בוואקום,מימונס אפייה,,שמרים יבשים בוואקום,גרמים,500.00,100 גרם,false,,14.90,0.0298,true,1,199616
7290013145963,false,שמרים יבשים 125 גר',מימונס אפייה,,שמרים יבשים 125 גר',גרמים,125.00,100 גרם,false,,5.90,0.0472,true,1,201182
7290013145970,false,קורנפלור בשקית 200 ג,מימונס אפייה,,קורנפלור בשקית 200 ג,גרמים,200.00,100 גרם,false,,3.90,0.0195,true,1,199942
7290013146045,false,מלית בטעם תות שדה 40,מימונס אפייה,,מלית בטעם תות שדה 40,גרמים,400.00,100 גרם,false,,14.90,0.0373,true,1,209958
7290013146199,false,קרם נוגט 350 גר',מימונס אפייה,,קרם נוגט 350 גר',גרמים,350.00,100 גרם,false,,14.90,0.0426,true,1,206332
7290013146274,false,מארז 8 יח' תחתיות מר,מימונס אפייה,,מארז 8 יח' תחתיות מר,גרמים,100.00,100 גרם,false,,17.90,0.1790,true,1,209451
7290013146298,false,טארטלטים תחתיות בצק,מימונס אפייה,,טארטלטים תחתיות בצק,גרמים,120.00,100 גרם,false,,19.90,0.1658,true,1,199617
7290013146403,false,מימונס סירופ בטעם קר,מימונס אפייה,,מימונס סירופ בטעם קר,גרמים,500.00,100 גרם,false,,15.90,0.0318,true,1,208638
7290013146427,false,נשיקות לקישוט צבע לב,מימונס אפייה,,נשיקות לקישוט צבע לב,גרמים,60.00,100 גרם,false,,14.90,0.2483,true,1,212338
7290013146441,false,נשיקות לקישוט צבע ור,מימונס אפייה,,נשיקות לקישוט צבע ור,גרמים,60.00,100 גרם,false,,14.90,0.2483,true,1,212340
7290013146489,false,קונוסים מבצק עלים מי,מימונס אפייה,,קונוסים מבצק עלים מי,גרמים,120.00,100 גרם,false,,13.90,0.1158,true,1,218019
7290013146656,false,כוכבים תכלת ירוק לבן,מימונס אפייה,,כוכבים תכלת ירוק לבן,גרמים,60.00,100 גרם,false,,11.90,0.1983,true,1,212333
7290013146663,false,אטריות צבעוניות לקיש,מימונס אפייה,,אטריות צבעוניות לקיש,גרמים,55.00,100 גרם,false,,11.90,0.2164,true,1,212334
7290013146670,false,סוכריות לב סגול ורוד,מימונס אפייה,,סוכריות לב סגול ורוד,גרמים,60.00,100 גרם,false,,11.90,0.1983,true,1,212335
7290013146724,false,אייס קפה 350 גר' מימ,מימונס אפייה,,אייס קפה 350 גר' מימ,גרמים,350.00,100 גרם,false,,16.90,0.0483,true,1,260421
7290013146755,false,קצפת לזילוף מימונס פ,,,קצפת לזילוף מימונס פ,מיליליטרים,500.00,"100 מ""ל",false,,13.90,0.0278,true,1,218691
7290013146809,false,בישקוטים 200 גר' מימ,מימונס אפייה,,בישקוטים 200 גר' מימ,גרמים,200.00,100 גרם,false,,6.50,0.0325,true,1,207206
7290013146816,false,אבקת סוכר שקית 500 ג,מימונס אפייה,,אבקת סוכר שקית 500 ג,גרמים,500.00,100 גרם,false,,6.90,0.0138,true,1,207437
7290013146854,false,קוקוס לבן טחון 400 ג,מימונס אפייה,,קוקוס לבן טחון 400 ג,גרמים,400.00,100 גרם,false,,15.90,0.0398,true,1,205966
7290013146878,false,נייר אפייה מקופל בשק,מימונס אפייה,,נייר אפייה מקופל בשק,יחידה,0.00,יחידה,false,,5.90,0.0000,true,1,209319
7290013151322,false,סרדינים במי מלח,,,סרדינים במי מלח,גרמים,125.00,100 גרם,false,,4.90,0.0392,true,1,145217
7290013151360,false,מי פריחת הדרים,,,מי פריחת הדרים,מיליליטרים,500.00,"100 מ""ל",false,,16.90,0.0338,true,1,195767
7290013151636,false,פילה סרדין בשמן זית,סטאר פוד,,פילה סרדין בשמן זית,גרמים,90.00,100 גרם,false,,9.90,0.1100,true,1,193026
7290013153692,false,פריגת סחוט RELAX גזר,פריגת,,פריגת סחוט RELAX גזר,ליטרים,1.00,ליטר,false,,23.90,23.9000,true,1,214526
7290013181381,false,צלחת מרובעת מיני,,,צלחת מרובעת מיני,יחידה,0.00,יחידה,false,,6.90,0.0000,true,1,264130
7290013181398,false,מגש הגשה אובלי 3 יח',,,מגש הגשה אובלי 3 יח',יחידה,0.00,יחידה,false,,11.90,0.0000,true,1,201551
7290013185006,false,לחם בריאות משהו משהו,,,לחם בריאות משהו משהו,גרמים,700.00,100 גרם,false,,13.90,0.0199,true,1,213661
7290013185914,false,לחם בריאות מחמצת כוס,,,לחם בריאות מחמצת כוס,גרמים,600.00,100 גרם,false,,16.90,0.0282,true,1,260224
7290013237873,false,דאודורנט טסקיו ספריי,,,דאודורנט טסקיו ספריי,מיליליטרים,150.00,"100 מ""ל",false,,18.90,0.1260,true,1,196807
7290013267665,false,מאגדת מיני סולרו פיר,שטראוס,,מאגדת מיני סולרו פיר,גרמים,354.00,100 גרם,false,,25.90,0.0732,true,1,135944
7290013268020,false,מרכך מרוכז א. פרש 1ל,סנו fresh,,מרכך מרוכז א. פרש 1ל,ליטרים,1.00,ליטר,false,,16.90,16.9000,true,1,124365
7290013268037,false,מרכך כביסה מרוכז פצ',סנו,,מרכך כביסה מרוכז פצ',ליטרים,1.00,ליטר,false,,16.90,16.9000,true,1,124179
7290013268204,false,מגבונים לניקוי וחיטו,סנו סנובון,,מגבונים לניקוי וחיטו,יחידה,0.00,יחידה,false,,9.90,0.0000,true,1,202601
7290013268242,false,ריצפז פרש הום מלון מ,סנו ריצפז,,ריצפז פרש הום מלון מ,ליטרים,2.00,ליטר,false,,21.90,10.9500,false,1,210039
7290013268372,false,פוליווקס פרקט בתוספת,סנו פוליויקס,,פוליווקס פרקט בתוספת,ליטרים,2.00,ליטר,false,,19.90,9.9500,true,1,213676
7290013268563,false,דאודורנט ספריי קרמה,קרמה,,דאודורנט ספריי קרמה,מיליליטרים,200.00,"100 מ""ל",false,,14.90,0.0745,true,1,135515
7290013268884,false,ריצפז פרש מאסק 2 ל',סנו ריצפז,,ריצפז פרש מאסק 2 ל',ליטרים,2.00,ליטר,false,,17.90,8.9500,false,1,126712
7290013268891,false,ג'ל אוקסיג'ן 3 ליטר,סנו אוקסיג'ן,,ג'ל אוקסיג'ן 3 ליטר,ליטרים,3.00,ליטר,false,,29.90,9.9667,true,1,134788
7290013268907,false,ג'ל כביסה ביו 3 ליטר,,,ג'ל כביסה ביו 3 ליטר,ליטרים,3.00,ליטר,false,,31.90,10.6333,true,1,128181
7290013268914,false,ג'ל כביסה 3 ליטר סמא,סנו,,ג'ל כביסה 3 ליטר סמא,ליטרים,3.00,ליטר,false,,31.90,10.6333,true,1,199645
7290013268983,false,מרכך מרוכז 1 ליטר JO,סנו מקסימה,,מרכך מרוכז 1 ליטר JO,ליטרים,1.00,ליטר,false,,16.90,16.9000,false,1,219195
7290013268990,false,מרכך מרוכז מקסימה 1,סנו מקסימה,,מרכך מרוכז מקסימה 1,ליטרים,1.00,ליטר,false,,16.90,16.9000,true,1,128186
7290013269003,false,מרכך מרוכז מקסימה בי,סנו מקסימה,,מרכך מרוכז מקסימה בי,ליטרים,1.00,ליטר,false,,18.90,18.9000,true,1,128187
7290013269096,false,מטליות לניקוי עור,,,מטליות לניקוי עור,יחידה,0.00,יחידה,false,,14.90,0.0000,true,1,144189
7290013269287,false,ג'ל כביסה מאסק 3 ליט,,,ג'ל כביסה מאסק 3 ליט,ליטרים,3.00,ליטר,false,,31.90,10.6333,true,1,136119
7290013269300,false,ניילון נצמד 150 מטר,סנו סושי,,ניילון נצמד 150 מטר,יחידה,0.00,יחידה,false,,24.90,0.0000,true,1,141628
7290013269621,false,ריצפז פרש הום בניחוח,סנו ריצפז,,ריצפז פרש הום בניחוח,ליטרים,2.00,ליטר,false,,21.90,10.9500,false,1,204463
7290013269638,false,ספוג הפלא EXTRA,סנו סושי,,ספוג הפלא EXTRA,יחידה,0.00,יחידה,false,,12.90,0.0000,true,1,141630
7290013269645,false,מטליות רצפז פרש,סנו ריצפז,,מטליות רצפז פרש,יחידה,0.00,יחידה,false,,12.90,0.0000,true,1,142979
7290013269652,false,פוליווקס פורצלן מסק,סנו פוליויקס,,פוליווקס פורצלן מסק,ליטרים,2.00,ליטר,false,,19.90,9.9500,true,1,137579
7290013269669,false,ריצפז פנטזיה 3 ליטר,סנו ריצפז,,ריצפז פנטזיה 3 ליטר,ליטרים,3.00,ליטר,false,,12.90,4.3000,true,1,137580
7290013269690,false,ג'ל אסלה סנובון לימו,סנו סנובון,,ג'ל אסלה סנובון לימו,מיליליטרים,55.00,"100 מ""ל",false,,7.90,0.1436,true,1,137107
7290013269706,false,ג'ל אסלה סנובון,סנו סנובון,,ג'ל אסלה סנובון,מיליליטרים,55.00,"100 מ""ל",false,,7.90,0.1436,true,1,137108
7290013269751,false,ריצפז מטליות לחות לנ,סנו,,ריצפז מטליות לחות לנ,יחידה,0.00,יחידה,false,,12.90,0.0000,true,1,204946
7290013269850,false,סושי נייר אפיה 50 יח,סנו סושי,,סושי נייר אפיה 50 יח,יחידה,0.00,יחידה,false,,14.90,0.0000,true,1,133082
7290013269911,false,333 K,סנו,,333 K,מיליליטרים,750.00,"100 מ""ל",false,,29.90,0.0399,true,1,136994
7290013269942,false,K פירטרום מעופפים,סנו,,K פירטרום מעופפים,יחידה,0.00,יחידה,false,,22.90,0.0000,true,1,137223
7290013276124,false,נגב אמבר אייל בירה,,,נגב אמבר אייל בירה,מיליליטרים,330.00,"100 מ""ל",false,,13.90,0.0421,true,1,189310
7290013284310,false,רוטב פסטה לילדים,פריניר,,רוטב פסטה לילדים,גרמים,240.00,100 גרם,false,,4.60,0.0192,true,1,150269
7290013310842,false,קוצץ ציפורניים נובי,,,קוצץ ציפורניים נובי,יחידה,0.00,יחידה,false,,29.90,0.0000,true,1,165965
7290013358356,false,מנה פירורי לחם מוזהב,,,מנה פירורי לחם מוזהב,גרמים,350.00,100 גרם,false,,6.90,0.0197,true,1,137689
7290013358363,false,פירורי לחם פנקו מוזה,,,פירורי לחם פנקו מוזה,גרמים,300.00,100 גרם,false,,9.90,0.0330,true,1,137690
7290013358417,false,רוטב טריאקי מנה,,,רוטב טריאקי מנה,מיליליטרים,300.00,"100 מ""ל",false,,9.90,0.0330,true,1,186433
7290013358493,false,קרם קוקוס פחית מאסטר,,,קרם קוקוס פחית מאסטר,מיליליטרים,400.00,"100 מ""ל",false,,8.90,0.0223,true,1,186425
7290013358516,false,מנה מיקסלט עם חמוציו,,,מנה מיקסלט עם חמוציו,גרמים,200.00,100 גרם,false,,14.90,0.0745,true,1,148141
7290013358523,false,שבבי בצל מנה,מנה,,שבבי בצל מנה,גרמים,150.00,100 גרם,false,,12.90,0.0860,true,1,148987
7290013358530,false,רוטב צ'ילי מתוק מנה,,,רוטב צ'ילי מתוק מנה,מיליליטרים,700.00,"100 מ""ל",false,,12.90,0.0184,true,1,186324
7290013358547,false,רוטב צ'ילי חריף מנה,,,רוטב צ'ילי חריף מנה,מיליליטרים,700.00,"100 מ""ל",false,,12.90,0.0184,true,1,186426
7290013358578,false,איטריות אורז רחבות מ,,,איטריות אורז רחבות מ,גרמים,400.00,100 גרם,false,,7.90,0.0198,true,1,186427
7290013358585,false,נודלס ביצים להקפצה מ,,,נודלס ביצים להקפצה מ,גרמים,400.00,100 גרם,false,,7.90,0.0198,true,1,186837
7290013358806,false,מאגדת פרכיות עם מלח,,,מאגדת פרכיות עם מלח,גרמים,264.00,100 גרם,false,,12.90,0.0489,true,1,144817
7290013358837,false,מאגדת פריכיות אורז ל,,,מאגדת פריכיות אורז ל,גרמים,264.00,100 גרם,false,,12.90,0.0489,true,1,197615
7290013366085,false,תירס מקולף מתוק במיו,כרמל יבולים,,תירס מקולף מתוק במיו,יחידה,0.00,יחידה,false,,19.90,0.0000,true,1,187691
7290013366108,false,אספרגוס 400 גר' כרמל,כרמל יבולים,,אספרגוס 400 גר' כרמל,גרמים,400.00,100 גרם,false,,32.90,0.0822,true,1,204825
7290013366153,false,ברוקומיני 300 גר',,,ברוקומיני 300 גר',גרמים,300.00,100 גרם,false,,22.90,0.0763,true,1,212973
7290013366221,false,נבטי חמניה,,,נבטי חמניה,יחידה,0.00,יחידה,false,,9.50,0.0000,true,1,127667
7290013366252,false,נבטוטי קטניות כרמל י,,,נבטוטי קטניות כרמל י,יחידה,0.00,יחידה,false,,8.90,0.0000,true,1,127670
7290013366634,false,חסה SALANOVA,,,חסה SALANOVA,יחידה,0.00,יחידה,false,,12.90,0.0000,true,1,127647
7290013366641,false,רוקלה כרמל יבולים,,,רוקלה כרמל יבולים,יחידה,0.00,יחידה,false,,12.90,0.0000,true,1,127685
7290013366658,false,עלי חסה סלנובה,,,עלי חסה סלנובה,יחידה,0.00,יחידה,false,,12.90,0.0000,true,1,127697
7290013366665,false,חסה גמביט,,,חסה גמביט,יחידה,0.00,יחידה,false,,12.90,0.0000,true,1,258966
7290013366719,false,פאק צ'וי כרמל יבולם,,,פאק צ'וי כרמל יבולם,יחידה,0.00,יחידה,false,,12.90,0.0000,true,1,149965
7290013366986,false,ביצי חופש 18 יח' L,,,ביצי חופש 18 יח' L,יחידה,0.00,יחידה,false,,26.90,0.0000,false,1,264456
7290013381088,false,עמבה הודית,,,עמבה הודית,גרמים,500.00,100 גרם,false,,9.40,0.0188,true,1,212238
7290013381316,false,לזניה 500 גר',,,לזניה 500 גר',גרמים,500.00,100 גרם,false,,14.50,0.0290,true,1,191813
7290013381576,false,תרכיז שקדים רוזטה 1,,,תרכיז שקדים רוזטה 1,ליטרים,1.00,ליטר,false,,19.90,19.9000,true,1,137968
7290013381675,false,סירופ מלבי 750 מל,,,סירופ מלבי 750 מל,מיליליטרים,750.00,"100 מ""ל",false,,17.90,0.0239,true,1,143528
7290013381767,false,גז למצית,,,גז למצית,מיליליטרים,260.00,"100 מ""ל",false,,7.50,0.0288,true,1,140871
7290013381897,false,טורטיות מקמח חיטה 8י,,,טורטיות מקמח חיטה 8י,יחידה,0.00,יחידה,false,,9.50,0.0000,true,1,157760
7290013389114,false,"לה פסטה ניוקי תפו""א",,,"לה פסטה ניוקי תפו""א",גרמים,500.00,100 גרם,false,,6.90,0.0138,true,1,190337
7290013389145,false,לה פסטה ניוקי מיני,,,לה פסטה ניוקי מיני,גרמים,500.00,100 גרם,false,,6.90,0.0138,true,1,191809
7290013412966,false,מגבונים רביעייה טולי,,,מגבונים רביעייה טולי,יחידה,0.00,יחידה,false,,10.00,0.0000,true,1,141280
7290013430083,false,אלכסנדר-BLOND בירה,,,אלכסנדר-BLOND בירה,מיליליטרים,330.00,"100 מ""ל",false,,12.90,0.0391,true,1,136226
7290013430250,false,בירה אלכסנדר חיטה יש,,,בירה אלכסנדר חיטה יש,מיליליטרים,330.00,"100 מ""ל",false,,12.90,0.0391,true,1,201800
7290013430304,false,בירה אלכסנדר גרין,,,בירה אלכסנדר גרין,מיליליטרים,330.00,"100 מ""ל",false,,12.90,0.0391,true,1,137063
7290013440648,false,מאגדת קרחוני אבטיח 5,נסטלה גלידות,,מאגדת קרחוני אבטיח 5,גרמים,540.00,100 גרם,false,,22.90,0.0424,true,1,135962
7290013442062,false,יוגורט עדין קטיפתי,מוטק'ה החולב,,יוגורט עדין קטיפתי,מיליליטרים,650.00,"100 מ""ל",false,,21.00,0.0323,false,1,126765
7290013442178,false,גבינת פטה בסגנון יוו,מוטק'ה החולב,,גבינת פטה בסגנון יוו,גרמים,250.00,100 גרם,false,,31.90,0.1276,false,1,140760
7290013442246,false,לבנה 9% מוטקה החולב,,,לבנה 9% מוטקה החולב,גרמים,280.00,100 גרם,false,,17.90,0.0639,false,1,262426
7290013442253,false,צפתית 16% מוטקה חולב,מוטק'ה החולב,,צפתית 16% מוטקה חולב,גרמים,250.00,100 גרם,false,,22.90,0.0916,false,1,262427
7290013442260,false,צפתית קצח 16% מוטקה,מוטק'ה החולב,,צפתית קצח 16% מוטקה,גרמים,250.00,100 גרם,false,,22.90,0.0916,false,1,262428
7290013442277,false,פטה 26% מוטקה החולב,מוטק'ה החולב,,פטה 26% מוטקה החולב,גרמים,250.00,100 גרם,false,,31.90,0.1276,false,1,262429
7290013442284,false,ברי 22% מוטקה החולב,מוטק'ה החולב,,ברי 22% מוטקה החולב,גרמים,140.00,100 גרם,false,,25.90,0.1850,true,1,262430
7290013442291,false,קממבר 22% מוטקה החול,,,קממבר 22% מוטקה החול,גרמים,140.00,100 גרם,false,,25.90,0.1850,false,1,262431
7290013442307,false,קממבר פקאן 23% מוטקה,מוטק'ה החולב,,קממבר פקאן 23% מוטקה,גרמים,140.00,100 גרם,false,,25.90,0.1850,false,1,262432
7290013442314,false,סנט מור 22% מוטקה הח,,,סנט מור 22% מוטקה הח,גרמים,150.00,100 גרם,false,,28.90,0.1927,false,1,262433
7290013442321,false,כבשה צהובה 27% מוטקה,מוטק'ה החולב,,כבשה צהובה 27% מוטקה,גרמים,150.00,100 גרם,false,,25.90,0.1727,false,1,262434
7290013442338,false,כבשה חרדלתי 27% מוטק,מוטק'ה החולב,,כבשה חרדלתי 27% מוטק,גרמים,150.00,100 גרם,false,,25.90,0.1727,false,1,262435
7290013442345,false,ארוטן כמהין 23% מוטק,מוטק'ה החולב,,ארוטן כמהין 23% מוטק,גרמים,150.00,100 גרם,false,,29.90,0.1993,false,1,262436
7290013451927,false,פריכיות כוסמת טבעי 1,,,פריכיות כוסמת טבעי 1,גרמים,160.00,100 גרם,false,,9.90,0.0619,true,1,141864
7290013453068,false,עוגיות כוסמין ופירות,,,עוגיות כוסמין ופירות,גרמים,240.00,100 גרם,false,,22.90,0.0954,true,1,149895
7290013453082,false,עוגיות גרנולה ושוקול,,,עוגיות גרנולה ושוקול,גרמים,230.00,100 גרם,false,,22.90,0.0996,true,1,138363
7290013453105,false,"עוגיות לתה -""דני וגל",,,"עוגיות לתה -""דני וגל",גרמים,240.00,100 גרם,false,,19.90,0.0829,true,1,138375
7290013453136,false,עוגיות כוסמין בניחוח,,,עוגיות כוסמין בניחוח,גרמים,230.00,100 גרם,false,,22.90,0.0996,true,1,138365
7290013453150,false,עוגיות כוסמין קוקוס,,,עוגיות כוסמין קוקוס,גרמים,230.00,100 גרם,false,,22.90,0.0996,true,1,142006
7290013453174,false,קריספי'ס קרקרים אגוז,,,קריספי'ס קרקרים אגוז,גרמים,170.00,100 גרם,false,,24.90,0.1465,true,1,138377
7290013453181,false,קריספי'ס קרקרים שקדי,,,קריספי'ס קרקרים שקדי,גרמים,170.00,100 גרם,false,,24.90,0.1465,true,1,230158
7290013453235,false,עוגיות טחינה וכוסמין,,,עוגיות טחינה וכוסמין,גרמים,230.00,100 גרם,false,,22.90,0.0996,true,1,149002
7290013453259,false,עוגיות חטיפי חמאת קו,,,עוגיות חטיפי חמאת קו,גרמים,230.00,100 גרם,false,,22.90,0.0996,true,1,149003
7290013453587,false,עוגיות גרנולה שוקולד,,,עוגיות גרנולה שוקולד,יחידה,0.00,יחידה,false,,22.90,0.0000,true,1,199199
7290013453594,false,עוגיות גרנולה חמוציו,,,עוגיות גרנולה חמוציו,יחידה,0.00,יחידה,false,,22.90,0.0000,true,1,199200
7290013453617,false,עוגיות ביסקוטי שקדים,,,עוגיות ביסקוטי שקדים,גרמים,200.00,100 גרם,false,,24.90,0.1245,true,1,214341
7290013453624,false,עוגיות שוקולד צ'יפס,,,עוגיות שוקולד צ'יפס,יחידה,0.00,יחידה,false,,24.90,0.0000,true,1,206138
7290013453631,false,עוגיות כדורי חמאת בו,,,עוגיות כדורי חמאת בו,יחידה,0.00,יחידה,false,,24.90,0.0000,true,1,206139
7290013453648,false,עוגיות פירות יער ללא,,,עוגיות פירות יער ללא,יחידה,0.00,יחידה,false,,24.90,0.0000,true,1,206140
7290013453655,false,עוגיות קוקוס לוז מקמ,,,עוגיות קוקוס לוז מקמ,יחידה,0.00,יחידה,false,,24.90,0.0000,true,1,206142
7290013453679,false,עוגיות אוכמניות וגרי,,,עוגיות אוכמניות וגרי,גרמים,230.00,100 גרם,false,,24.90,0.1083,true,1,259672
7290013472199,false,ערמונים קלופים וקלוי,וילי פוד,,ערמונים קלופים וקלוי,גרמים,105.00,100 גרם,false,,5.50,0.0524,true,1,134019
7290013472892,false,KOLIOS-הבולגריה בקוב,,,KOLIOS-הבולגריה בקוב,גרמים,200.00,100 גרם,false,,12.90,0.0645,true,1,140316
7290013472908,false,בולגרית קוביות 400 ג,וילי פוד,,בולגרית קוביות 400 ג,גרמים,400.00,100 גרם,false,,23.90,0.0597,true,1,139659
7290013504456,false,ספוג שומר טריות למקר,,,ספוג שומר טריות למקר,יחידה,0.00,יחידה,false,,12.90,0.0000,true,1,143217
7290013504524,false,מתקן כוסות מהודר,,,מתקן כוסות מהודר,יחידה,0.00,יחידה,false,,8.90,0.0000,true,1,155856
7290013504708,false,מטאטא נצנץ+מקל,,,מטאטא נצנץ+מקל,יחידה,0.00,יחידה,false,,19.90,0.0000,true,1,149361
7290013520043,false,פיתה ידנית 5 יח',,,פיתה ידנית 5 יח',גרמים,500.00,100 גרם,false,,6.90,0.0138,true,1,218864
7290013520067,false,מארז 10 לחמניות אצבע,,,מארז 10 לחמניות אצבע,גרמים,750.00,100 גרם,false,,12.90,0.0172,true,1,194312
7290013520111,false,לחמניות המבורגר שישי,,,לחמניות המבורגר שישי,גרמים,600.00,100 גרם,false,,14.90,0.0248,true,1,195555
7290013520180,false,פיתות עשירייה אגמי,,,פיתות עשירייה אגמי,יחידה,0.00,יחידה,false,,13.90,0.0000,true,1,210004
7290013520463,false,לחם כוסמין אגמי,,,לחם כוסמין אגמי,גרמים,600.00,100 גרם,false,,16.60,0.0277,true,1,191585
7290013520500,false,לחמניות ביס כוסמין,,,לחמניות ביס כוסמין,גרמים,400.00,100 גרם,false,,16.60,0.0415,true,1,198054
7290013521101,false,פטוצ'יני כוסמין תרד,השדה מוצרים טבעיים ו,,פטוצ'יני כוסמין תרד,גרמים,350.00,100 גרם,false,,18.90,0.0540,true,1,194673
7290013521187,false,ספגטי עדשים אדומות א,השדה מוצרים טבעיים ו,,ספגטי עדשים אדומות א,גרמים,250.00,100 גרם,false,,12.90,0.0516,true,1,210531
7290013521194,false,טורטיליוני כוסמת אור,השדה מוצרים טבעיים ו,,טורטיליוני כוסמת אור,גרמים,250.00,100 גרם,false,,12.90,0.0516,true,1,210532
7290013521224,false,ספגטי כוסמת אורגני ל,השדה מוצרים טבעיים ו,,ספגטי כוסמת אורגני ל,גרמים,250.00,100 גרם,false,,12.90,0.0516,true,1,210535
7290013521309,false,מיונז אורגני,השדה מוצרים טבעיים ו,,מיונז אורגני,גרמים,330.00,100 גרם,false,,20.90,0.0633,true,1,149015
7290013521347,false,חרדל דיז'ון אורגני,השדה מוצרים טבעיים ו,,חרדל דיז'ון אורגני,גרמים,200.00,100 גרם,false,,13.90,0.0695,true,1,194678
7290013521385,false,רסק תפוחים אורגני,,,רסק תפוחים אורגני,גרמים,700.00,100 גרם,false,,17.50,0.0250,true,1,149016
7290013521392,false,רסק תפוחים אורגני,,,רסק תפוחים אורגני,גרמים,360.00,100 גרם,false,,12.90,0.0358,true,1,149017
7290013521408,false,אבקת מרק ירקות אורגנ,,,אבקת מרק ירקות אורגנ,גרמים,200.00,100 גרם,false,,21.90,0.1095,true,1,149103
7290013521415,false,אבקת מרק טעם עוף אור,,,אבקת מרק טעם עוף אור,גרמים,200.00,100 גרם,false,,21.90,0.1095,true,1,149104
7290013521491,false,קטשופ אורגני,השדה מוצרים טבעיים ו,,קטשופ אורגני,גרמים,567.00,100 גרם,false,,16.90,0.0298,true,1,194676
7290013521569,false,רסק תפוח בננה 360 גר,השדה מוצרים טבעיים ו,,רסק תפוח בננה 360 גר,גרמים,360.00,100 גרם,false,,12.90,0.0358,true,1,195304
7290013521965,false,עוגיות חצי ירח אורגנ,השדה מוצרים טבעיים ו,,עוגיות חצי ירח אורגנ,גרמים,180.00,100 גרם,false,,15.90,0.0883,true,1,205440
7290013531117,false,רוטב פסטה לילדים יכי,יכין,,רוטב פסטה לילדים יכי,גרמים,260.00,100 גרם,false,,4.90,0.0188,true,1,133616
7290013531346,false,סירופ דיאט לימונענע,יכין,,סירופ דיאט לימונענע,ליטרים,1.00,ליטר,false,,16.90,16.9000,true,1,137936
7290013531490,false,פול מתובל יכין 580 ג,יכין,,פול מתובל יכין 580 ג,גרמים,580.00,100 גרם,false,,8.50,0.0147,true,1,148552
7290013531582,false,שלישיית זיתים מגולענ,יכין,,שלישיית זיתים מגולענ,יחידה,0.00,יחידה,false,,12.90,0.0000,true,1,205567
7290013531612,false,רוטב נפוליטנה 240 גר,יכין,,רוטב נפוליטנה 240 גר,גרמים,240.00,100 גרם,false,,4.90,0.0204,true,1,189288
7290013531629,false,פומודורו 240 גר' יכי,יכין,,פומודורו 240 גר' יכי,גרמים,240.00,100 גרם,false,,4.90,0.0204,true,1,189470
7290013531759,false,שעועית לבנה מבושלת ב,יכין,,שעועית לבנה מבושלת ב,גרמים,330.00,100 גרם,false,,8.90,0.0270,true,1,186430
7290013539892,false,אל סבון נוזלי משאבה,,,אל סבון נוזלי משאבה,ליטרים,1.00,ליטר,false,,10.90,10.9000,true,1,213408
7290013558824,false,רוגולה / בזיליקום,,,רוגולה / בזיליקום,גרמים,100.00,100 גרם,false,,6.90,0.0690,true,1,186280
7290013579232,false,אוכמניות כחולות קפוא,,,אוכמניות כחולות קפוא,גרמים,250.00,100 גרם,false,,8.90,0.0356,true,1,218390
7290013580009,false,המבורגר זהב 400 גר',בלדי,,המבורגר זהב 400 גר',גרמים,400.00,100 גרם,false,,17.90,0.0447,true,1,207395
7290013581648,false,מינוט סטייק 250 גר',בלדי,,מינוט סטייק 250 גר',גרמים,250.00,100 גרם,false,,15.90,0.0636,true,1,261554
7290013584175,false,שישיה ספרייט מופחת ס,קוקה קולה,,שישיה ספרייט מופחת ס,ליטרים,9.00,ליטר,false,,36.90,4.1000,false,1,147284
7290013585233,false,ספרייט זירו פחית 330,קוקה קולה,,ספרייט זירו פחית 330,מיליליטרים,330.00,"100 מ""ל",false,,4.50,0.0136,true,1,186477
7290013585387,false,קוקה קולה זירו 1 ליט,קוקה קולה,,קוקה קולה זירו 1 ליט,ליטרים,1.00,ליטר,false,,6.50,6.5000,false,1,185582
7290013585394,false,קוקה קולה 1 ליטר,קוקה קולה,,קוקה קולה 1 ליטר,ליטרים,1.00,ליטר,false,,6.90,6.9000,false,1,185583
7290013585455,false,בירה ווינשטפן פטסביר,קוקה קולה,,בירה ווינשטפן פטסביר,מיליליטרים,330.00,"100 מ""ל",false,,12.90,0.0391,true,1,187969
7290013585554,false,סודה קינלי שישיה 1.5,,,סודה קינלי שישיה 1.5,ליטרים,9.00,ליטר,false,,13.90,1.5444,false,1,190100
7290013585967,false,מארז ספרייט זירו פחי,,,מארז ספרייט זירו פחי,ליטרים,1.98,ליטר,false,,21.90,11.0606,false,1,191438
7290013608260,false,מיץ רימונים פרימור 1,פרימור,,מיץ רימונים פרימור 1,ליטרים,1.00,ליטר,false,,22.90,22.9000,true,1,147993
7290013608864,false,משקה פירות הדר בתוספ,,,משקה פירות הדר בתוספ,ליטרים,1.00,ליטר,false,,15.90,15.9000,false,1,213916
7290013650108,false,שמן שומשום אורגני,,,שמן שומשום אורגני,מיליליטרים,500.00,"100 מ""ל",false,,42.90,0.0858,true,1,144921
7290013650153,false,תמצית וניל טהורה,,,תמצית וניל טהורה,מיליליטרים,50.00,"100 מ""ל",false,,51.90,1.0380,true,1,204653
7290013650481,false,"שמן פשתן 250 מ""ל",,,"שמן פשתן 250 מ""ל",מיליליטרים,250.00,"100 מ""ל",false,,26.90,0.1076,true,1,140538
7290013650542,false,פתיתי סויה,,,פתיתי סויה,גרמים,300.00,100 גרם,false,,12.90,0.0430,true,1,144923
7290013650559,false,גולש סויה,,,גולש סויה,גרמים,200.00,100 גרם,false,,11.50,0.0575,true,1,144924
7290013650719,false,ממרח אגוזי לוז,,,ממרח אגוזי לוז,גרמים,450.00,100 גרם,false,,36.90,0.0820,true,1,144914
7290013650856,false,חמאת שקד לבן ללא סוכ,,,חמאת שקד לבן ללא סוכ,גרמים,700.00,100 גרם,false,,58.90,0.0841,true,1,147717
7290013652164,false,מגבונים להסרת איפור,"ד""ר פישר",,מגבונים להסרת איפור,יחידה,0.00,יחידה,false,,24.90,0.0000,true,1,139345
7290013652782,false,נטורל קר לחות לשיער,,,נטורל קר לחות לשיער,מיליליטרים,0.00,"מ""ל",false,,21.90,0.0000,true,1,135760
7290013652799,false,נטורל קר לחות לשיער,,,נטורל קר לחות לשיער,מיליליטרים,0.00,"מ""ל",false,,21.90,0.0000,true,1,135761
7290013652843,false,נטורל קר שמפו ורדים,,,נטורל קר שמפו ורדים,מיליליטרים,700.00,"100 מ""ל",false,,14.90,0.0213,false,1,135755
7290013652904,false,שמפו+מרכך נטורל קר ד,"ד""ר פישר",,שמפו+מרכך נטורל קר ד,מיליליטרים,700.00,"100 מ""ל",false,,14.90,0.0213,true,1,192598
7290013652935,false,שמפו נטורל קר לשיער,"ד""ר פישר",,שמפו נטורל קר לשיער,מיליליטרים,700.00,"100 מ""ל",false,,14.90,0.0213,false,1,137995
7290013655790,false,מגש קרח שקוף,,,מגש קרח שקוף,יחידה,0.00,יחידה,false,,13.90,0.0000,true,1,245043
7290013675545,false,שניצל כלי תחבורה,מאמא עוף,,שניצל כלי תחבורה,גרמים,700.00,100 גרם,false,,31.90,0.0456,true,1,202359
7290013702036,false,שוופס מים אפרסק 0.5,שוופס,,שוופס מים אפרסק 0.5,מיליליטרים,500.00,"100 מ""ל",false,,5.50,0.0110,true,1,187360
7290013702883,false,שוופס מוגז פינק למונ,שוופס,,שוופס מוגז פינק למונ,מיליליטרים,500.00,"100 מ""ל",false,,4.90,0.0098,true,1,187361
7290013713025,false,בירה ג'מס פילס,,,בירה ג'מס פילס,מיליליטרים,330.00,"100 מ""ל",false,,12.90,0.0391,true,1,206545
7290013713032,false,בירה ג'מס חיטה,,,בירה ג'מס חיטה,מיליליטרים,330.00,"100 מ""ל",false,,12.90,0.0391,true,1,206546
7290013713094,false,בירה IPA ג'מס,,,בירה IPA ג'מס,מיליליטרים,330.00,"100 מ""ל",false,,12.90,0.0391,true,1,206549
7290013724946,false,שקדים בציפוי שוקולד,,,שקדים בציפוי שוקולד,גרמים,140.00,100 גרם,false,,9.90,0.0707,true,1,150612
7290013725837,false,שקדיה-שומשום מצופה ש,,,שקדיה-שומשום מצופה ש,גרמים,160.00,100 גרם,false,,9.90,0.0619,true,1,186705
7290013760418,false,פירורי לחם לבנים 500,,,פירורי לחם לבנים 500,גרמים,500.00,100 גרם,false,,9.90,0.0198,true,1,194001
7290013760548,false,פירורי תיבול שניצל ג,,,פירורי תיבול שניצל ג,גרמים,400.00,100 גרם,false,,11.90,0.0298,true,1,193002
7290013760555,false,פירורי תיבול שניצל ק,,,פירורי תיבול שניצל ק,גרמים,400.00,100 גרם,false,,11.90,0.0298,true,1,193003
7290013760562,false,פירורי תיבול שניצל ש,,,פירורי תיבול שניצל ש,גרמים,400.00,100 גרם,false,,11.90,0.0298,true,1,193004
7290013760999,false,פרורי לחם מוזהבים 40,,,פרורי לחם מוזהבים 40,גרמים,400.00,100 גרם,false,,9.90,0.0248,true,1,196126
7290013771131,false,לבנה עיזים 5%,מחלבת השומרון,,לבנה עיזים 5%,גרמים,250.00,100 גרם,false,,18.00,0.0720,true,1,135271
7290013771216,false,גבינת פטאקי 250 גר',מחלבת השומרון,,גבינת פטאקי 250 גר',גרמים,250.00,100 גרם,false,,14.90,0.0596,true,1,144079
7290013771384,false,יוגורט יווני 400 גר',מחלבת השומרון,,יוגורט יווני 400 גר',גרמים,400.00,100 גרם,false,,10.90,0.0273,true,1,194859
7290013787163,false,רוטב רוזה 200 גר',,,רוטב רוזה 200 גר',גרמים,200.00,100 גרם,false,,13.50,0.0675,true,1,212173
7290013787170,false,רוטב שמנת פטריות 200,,,רוטב שמנת פטריות 200,גרמים,200.00,100 גרם,false,,13.50,0.0675,true,1,212174
7290013787194,false,רוטב שמנת בטטה 200 ג,,,רוטב שמנת בטטה 200 ג,גרמים,200.00,100 גרם,false,,13.50,0.0675,true,1,212181
7290013787392,false,רביולי גבינות קלאסי,,,רביולי גבינות קלאסי,גרמים,330.00,100 גרם,false,,25.90,0.0785,true,1,212175
7290013787408,false,רביולי בטטה 330 גר',,,רביולי בטטה 330 גר',גרמים,330.00,100 גרם,false,,25.90,0.0785,true,1,212176
7290013787415,false,רביולי ריקוטה תרד 33,,,רביולי ריקוטה תרד 33,גרמים,330.00,100 גרם,false,,25.90,0.0785,true,1,212177
7290013787422,false,פלין פטריות בטעם כמה,,,פלין פטריות בטעם כמה,גרמים,330.00,100 גרם,false,,27.90,0.0845,true,1,212178
7290013800916,false,מנג'ט קקאו אקולוגי מ,,,מנג'ט קקאו אקולוגי מ,יחידה,0.00,יחידה,false,,6.90,0.0000,true,1,262491
7290013801845,false,כוסות מקושטות 50 יח',,,כוסות מקושטות 50 יח',יחידה,0.00,יחידה,false,,10.90,0.0000,true,1,263267
7290013816009,false,שוקולד הולי קקאו 90%,,,שוקולד הולי קקאו 90%,גרמים,100.00,100 גרם,false,,18.90,0.1890,true,1,208746
7290013816016,false,שוקולד הולי קקאו 100,,,שוקולד הולי קקאו 100,גרמים,100.00,100 גרם,false,,18.90,0.1890,true,1,208747
7290013816153,false,לוז מצופים שוקולד מר,,,לוז מצופים שוקולד מר,גרמים,100.00,100 גרם,false,,18.90,0.1890,true,1,208749
7290013816221,false,הולי קקאו שוקולד צ׳י,,,הולי קקאו שוקולד צ׳י,גרמים,250.00,100 גרם,false,,22.90,0.0916,true,1,217742
7290013816245,false,שוקולד מריר 60% קקאו,,,שוקולד מריר 60% קקאו,גרמים,100.00,100 גרם,false,,18.90,0.1890,true,1,211441
7290013816658,false,70% קקאו שוקולד מריר,,,70% קקאו שוקולד מריר,גרמים,100.00,100 גרם,false,,18.90,0.1890,true,1,213562
7290013816917,false,100% קקאו שוקולד מרי,,,100% קקאו שוקולד מרי,גרמים,100.00,100 גרם,false,,18.90,0.1890,true,1,218130
7290013847386,false,סטאר קיסט 4% שומן בט,,,סטאר קיסט 4% שומן בט,גרמים,140.00,100 גרם,false,,7.60,0.0543,true,1,204937
7290013847409,false,סטאר קיסט טונה עם לי,,,סטאר קיסט טונה עם לי,גרמים,140.00,100 גרם,false,,7.60,0.0543,true,1,204939
7290013847454,false,סטארקיסט רביעיית טונ,,,סטארקיסט רביעיית טונ,גרמים,640.00,100 גרם,false,,24.90,0.0389,false,1,196571
7290013847553,false,טונה סטאר קיסט במים,,,טונה סטאר קיסט במים,גרמים,640.00,100 גרם,false,,24.90,0.0389,false,1,190114
7290013847812,false,טונה סטאר קיסט בשמן,,,טונה סטאר קיסט בשמן,גרמים,140.00,100 גרם,false,,8.90,0.0636,false,1,203429
7290013847867,false,זוג טונה סטאר קיסט ב,,,זוג טונה סטאר קיסט ב,גרמים,280.00,100 גרם,false,,10.90,0.0389,false,1,264676
7290013847980,false,טונה סטאר קיסט שפע 4,,,טונה סטאר קיסט שפע 4,גרמים,300.00,100 גרם,false,,17.90,0.0597,false,1,208741
7290013848345,false,מטליות לחות לניקוי ש,סנו,,מטליות לחות לניקוי ש,יחידה,0.00,יחידה,false,,21.90,0.0000,true,1,205588
7290013848420,false,דאודורנט ג'ל אקטיב ק,קרמה,,דאודורנט ג'ל אקטיב ק,יחידה,0.00,יחידה,false,,14.90,0.0000,true,1,142980
7290013848437,false,דאודורנט ספריי קרמה,קרמה,,דאודורנט ספריי קרמה,יחידה,0.00,יחידה,false,,12.90,0.0000,true,1,142981
7290013848581,false,סנו סושי-מגבת נייר 6,,,סנו סושי-מגבת נייר 6,יחידה,0.00,יחידה,false,,11.90,0.0000,false,1,139040
7290013848611,false,רדידי אלומיניום 61 מ,סנו סושי,,רדידי אלומיניום 61 מ,יחידה,0.00,יחידה,false,,39.90,0.0000,true,1,140170
7290013848758,false,ג'ל כביסה בייבי 3 לי,,,ג'ל כביסה בייבי 3 לי,ליטרים,3.00,ליטר,false,,34.90,11.6333,true,1,144588
7290013848833,false,סבון כיף מוצק רביעיו,כיף,,סבון כיף מוצק רביעיו,מיליליטרים,400.00,"100 מ""ל",false,,11.90,0.0298,true,1,138159
7290013883148,false,הפי סופג ריחות במקרר,יעקובי הפי,,הפי סופג ריחות במקרר,גרמים,40.00,100 גרם,false,,13.90,0.3475,true,1,135006
7290013883407,false,דזיטול מחטא ומשמיד ח,יעקובי,,דזיטול מחטא ומשמיד ח,מיליליטרים,750.00,"100 מ""ל",false,,12.90,0.0172,true,1,137465
7290013883414,false,ספריי מסיר כתמי חלוד,יעקובי,,ספריי מסיר כתמי חלוד,מיליליטרים,470.00,"100 מ""ל",false,,29.90,0.0636,true,1,137802
7290013883490,false,קוביות דלק לפחמים,יעקובי,,קוביות דלק לפחמים,גרמים,250.00,100 גרם,false,,7.90,0.0316,true,1,140333
7290013903082,false,צפתית טבעונית 200 גר,,,צפתית טבעונית 200 גר,גרמים,200.00,100 גרם,false,,21.90,0.1095,true,1,193900
7290013903235,false,פטל שחור אורגני קפוא,,,פטל שחור אורגני קפוא,גרמים,300.00,100 גרם,false,,24.90,0.0830,true,1,209050
7290013903266,false,מיקס פירות יער אורגנ,,,מיקס פירות יער אורגנ,גרמים,300.00,100 גרם,false,,24.90,0.0830,true,1,189676
7290013903327,false,טופו טבעי 500 גר',,,טופו טבעי 500 גר',גרמים,500.00,100 גרם,false,,15.90,0.0318,true,1,206265
7290013903549,false,טופו רך טבעי 300 גר',,,טופו רך טבעי 300 גר',גרמים,300.00,100 גרם,false,,13.90,0.0463,true,1,206603
7290013903822,false,קציצות ברוקולי וכרוב,,,קציצות ברוקולי וכרוב,גרמים,400.00,100 גרם,false,,22.90,0.0572,true,1,218187
7290013906052,false,נקניקיות פרגיות 300,טירת צבי,,נקניקיות פרגיות 300,גרמים,300.00,100 גרם,false,,11.90,0.0397,true,1,137011
7290013906212,false,"נקניקיות וינר 1 ק""ג",טירת צבי,,"נקניקיות וינר 1 ק""ג",קילוגרמים,1.00,"ק""ג",false,,26.90,26.9000,true,1,143413
7290013906441,false,קבנוס 120 גר' ללא גל,טירת צבי,,קבנוס 120 גר' ללא גל,גרמים,120.00,100 גרם,false,,10.90,0.0908,true,1,144047
7290013906489,false,חטיפי קבנוס 120 גר',טירת צבי,,חטיפי קבנוס 120 גר',גרמים,120.00,100 גרם,false,,10.90,0.0908,true,1,144049
7290013906496,false,פסטרמה עגל בסגנון רו,טירת צבי,,פסטרמה עגל בסגנון רו,גרמים,120.00,100 גרם,false,,15.90,0.1325,true,1,149994
7290013906519,false,פרושוטו בקר פרוס דק,טירת צבי,,פרושוטו בקר פרוס דק,גרמים,100.00,100 גרם,false,,26.90,0.2690,true,1,149995
7290013906694,false,"נקניקיות 1.5 ק""ג טיר",טירת צבי,,"נקניקיות 1.5 ק""ג טיר",קילוגרמים,1.50,"ק""ג",false,,37.90,25.2667,true,1,261353
7290013927002,false,אחוה דקליות שוקולד 4,,,אחוה דקליות שוקולד 4,גרמים,400.00,100 גרם,false,,9.90,0.0248,true,1,133699
7290013927064,false,אחוה עוגיות גרנולה ו,אחוה,,אחוה עוגיות גרנולה ו,גרמים,400.00,100 גרם,false,,9.90,0.0248,true,1,134009
7290013927637,false,חלוה ללא תוספת סוכר,אחוה,,חלוה ללא תוספת סוכר,גרמים,400.00,100 גרם,false,,13.90,0.0348,true,1,205431
7290013937001,false,מארז 6 ארטיק מיני טע,,,מארז 6 ארטיק מיני טע,גרמים,180.00,100 גרם,false,,22.90,0.1272,true,1,187099
7290013937049,false,מיני ארטיק פירות שיש,,,מיני ארטיק פירות שיש,יחידה,0.00,יחידה,false,,22.90,0.0000,true,1,136764
7290013937056,false,מיני ארטיק פירות שיש,,,מיני ארטיק פירות שיש,יחידה,0.00,יחידה,false,,22.90,0.0000,true,1,136765
7290013937063,false,שישייה ארטיקים קוקוס,,,שישייה ארטיקים קוקוס,גרמים,180.00,100 גרם,false,,22.90,0.1272,true,1,141476
7290013937070,false,ארטיקים טיבעיים,,,ארטיקים טיבעיים,יחידה,0.00,יחידה,false,,22.90,0.0000,true,1,141372
7290013937087,false,שישייה מיני ארטיק קו,,,שישייה מיני ארטיק קו,יחידה,0.00,יחידה,false,,22.90,0.0000,true,1,191693
7290013937094,false,שישייה שלגונים קוקוס,,,שישייה שלגונים קוקוס,גרמים,180.00,100 גרם,false,,22.90,0.1272,true,1,191227
7290013937971,false,מארז ארטיקים טבעיים,,,מארז ארטיקים טבעיים,גרמים,180.00,100 גרם,false,,22.90,0.1272,true,1,201335
7290013994042,false,זרעי פשתן אורגניים 3,הרדוף,,זרעי פשתן אורגניים 3,גרמים,300.00,100 גרם,false,,8.90,0.0297,true,1,189375
7290013994066,false,ספלטפלקס כוסמין אורג,הרדוף,,ספלטפלקס כוסמין אורג,גרמים,375.00,100 גרם,false,,21.90,0.0584,true,1,195162
7290013994219,false,עדשים חומות אורגניות,הרדוף,,עדשים חומות אורגניות,גרמים,500.00,100 גרם,false,,11.90,0.0238,true,1,194746
7290013994318,false,קינואה טריקולור אורג,הרדוף,,קינואה טריקולור אורג,גרמים,500.00,100 גרם,false,,18.90,0.0378,true,1,195062
7290013994417,false,גרעיני שבולת שועל או,הרדוף,,גרעיני שבולת שועל או,גרמים,500.00,100 גרם,false,,8.50,0.0170,true,1,261558
7290013994547,false,אורז בסמטי מלא 500 ג,,,אורז בסמטי מלא 500 ג,גרמים,500.00,100 גרם,false,,13.00,0.0260,true,1,186307
7290013994554,false,אורז בסמטי לבן 500 ג,הרדוף,,אורז בסמטי לבן 500 ג,גרמים,500.00,100 גרם,false,,13.00,0.0260,false,1,194747
7290013994585,false,גרעיני דלעת קלופים א,,,גרעיני דלעת קלופים א,יחידה,0.00,יחידה,false,,16.90,0.0000,true,1,196898
7290013994653,false,קינואה רויאל אורגנית,הרדוף,,קינואה רויאל אורגנית,גרמים,500.00,100 גרם,false,,16.90,0.0338,true,1,195303
7290013994684,false,אפונה ירוקה אורגנית,,,אפונה ירוקה אורגנית,גרמים,500.00,100 גרם,false,,10.90,0.0218,true,1,186309
7290013994707,false,פופקורן אורגני 500 ג,הרדוף,,פופקורן אורגני 500 ג,גרמים,500.00,100 גרם,false,,10.90,0.0218,true,1,195161
7290013994714,false,ממרח סויה חרובים ואג,הרדוף,,ממרח סויה חרובים ואג,גרמים,350.00,100 גרם,false,,23.90,0.0683,true,1,194684
7290013994912,false,קמח כוסמין 70% אורגנ,הרדוף,,קמח כוסמין 70% אורגנ,קילוגרמים,1.00,"ק""ג",false,,19.90,19.9000,true,1,210333
7290014002128,false,תה ירוק לימונית ומנט,ויסוצקי,,תה ירוק לימונית ומנט,גרמים,37.50,100 גרם,false,,24.90,0.6640,false,1,139553
7290014002135,false,תה ירוק מיקס ויסוצקי,ויסוצקי,,תה ירוק מיקס ויסוצקי,יחידה,0.00,יחידה,false,,24.90,0.0000,false,1,138676
7290014002197,false,חליטת קמומיל ולימוני,ויסוצקי,,חליטת קמומיל ולימוני,יחידה,0.00,יחידה,false,,18.90,0.0000,false,1,139893
7290014002203,false,חליטת לימונית ולואיז,ויסוצקי,,חליטת לימונית ולואיז,יחידה,0.00,יחידה,false,,18.90,0.0000,false,1,139894
7290014002579,false,תה ירוק וניל ויסוצקי,ויסוצקי,,תה ירוק וניל ויסוצקי,יחידה,0.00,יחידה,false,,24.90,0.0000,false,1,143690
7290014002944,false,תה חליטת פירות וצמחי,ויסוצקי,,תה חליטת פירות וצמחי,גרמים,57.50,100 גרם,false,,18.90,0.3287,false,1,150028
7290014002982,false,תה ירוק סטיביה,ויסוצקי,,תה ירוק סטיביה,יחידה,0.00,יחידה,false,,24.90,0.0000,false,1,146614
7290014012066,false,פירורי תיבול שניצל מ,,,פירורי תיבול שניצל מ,גרמים,400.00,100 גרם,false,,11.90,0.0298,true,1,193005
7290014012288,false,פירורי תיבול שניצל י,,,פירורי תיבול שניצל י,גרמים,400.00,100 גרם,false,,11.90,0.0298,true,1,193006
7290014021501,false,חטיף פרי בננה קראנצ',,,חטיף פרי בננה קראנצ',גרמים,20.00,100 גרם,false,,7.90,0.3950,true,1,219097
7290014021518,false,חטיף פרי אננס קראנצ',,,חטיף פרי אננס קראנצ',גרמים,20.00,100 גרם,false,,7.90,0.3950,true,1,202738
7290014021549,false,חטיף פרי תפוח קראנצ',,,חטיף פרי תפוח קראנצ',גרמים,20.00,100 גרם,false,,7.90,0.3950,true,1,219098
7290014021648,false,חטיף פרי משמש קראנצ',,,חטיף פרי משמש קראנצ',גרמים,20.00,100 גרם,false,,7.90,0.3950,true,1,262935
7290014021716,false,חטיף פרי מנגו קראנצ',,,חטיף פרי מנגו קראנצ',גרמים,20.00,100 גרם,false,,7.90,0.3950,true,1,219099
7290014021778,false,5 קשים בטעם שוקולד,,,5 קשים בטעם שוקולד,גרמים,30.00,100 גרם,false,,4.90,0.1633,true,1,219090
7290014021785,false,5 קשים בטעם תות,,,5 קשים בטעם תות,גרמים,30.00,100 גרם,false,,4.90,0.1633,true,1,219091
7290014021792,false,5 קשים בטעם בננה,,,5 קשים בטעם בננה,גרמים,30.00,100 גרם,false,,4.90,0.1633,true,1,219092
7290014021815,false,5 קשים בטעם אייס קפה,,,5 קשים בטעם אייס קפה,יחידה,0.00,יחידה,false,,4.90,0.0000,true,1,259687
7290014046016,false,פסטרמה של פעם 250 גר,יחיעם,,פסטרמה של פעם 250 גר,גרמים,250.00,100 גרם,false,,25.90,0.1036,true,1,146255
7290014046030,false,מוס כבד עוף יחיעם,,,מוס כבד עוף יחיעם,גרמים,140.00,100 גרם,false,,14.90,0.1064,true,1,186010
7290014046474,false,"נקניקיות עוף 1.5 ק""ג",יחיעם,,"נקניקיות עוף 1.5 ק""ג",קילוגרמים,1.50,"ק""ג",false,,26.90,17.9333,true,1,195087
7290014046580,false,פסטרמה מעודנת על גחל,יחיעם,,פסטרמה מעודנת על גחל,גרמים,300.00,100 גרם,false,,22.90,0.0763,true,1,149773
7290014046757,false,סלמי תה 300 גר' יחיע,יחיעם,,סלמי תה 300 גר' יחיע,גרמים,300.00,100 גרם,false,,22.90,0.0763,true,1,197999
7290014056015,false,בירה שפירא סטאוט 330,,,בירה שפירא סטאוט 330,מיליליטרים,330.00,"100 מ""ל",false,,14.90,0.0452,true,1,215896
7290014056039,false,בירה שפירא חיטה 330,,,בירה שפירא חיטה 330,מיליליטרים,330.00,"100 מ""ל",false,,14.90,0.0452,true,1,211788
7290014056053,false,בירה שפירא אי.פי.אי,,,בירה שפירא אי.פי.אי,מיליליטרים,330.00,"100 מ""ל",false,,14.90,0.0452,true,1,211789
7290014059078,false,מי פה אקווה פרש אקסט,אקווה פרש,,מי פה אקווה פרש אקסט,מיליליטרים,500.00,"100 מ""ל",false,,19.90,0.0398,true,1,139754
7290014059085,false,סנסודיין משחה לשיקום,סנסודיין,,סנסודיין משחה לשיקום,מיליליטרים,75.00,"100 מ""ל",false,,25.90,0.3453,true,1,137944
7290014059436,false,משחת שיניים סנסודיין,סנסודיין,,משחת שיניים סנסודיין,מיליליטרים,75.00,"100 מ""ל",false,,25.90,0.3453,true,1,186315
7290014066113,false,מארז זוג קפה לנדוור,,,מארז זוג קפה לנדוור,גרמים,200.00,100 גרם,false,,14.90,0.0745,false,1,206436
7290014066359,false,לנדוור קפסולות אספרס,,,לנדוור קפסולות אספרס,גרמים,50.00,100 גרם,false,,15.90,0.3180,true,1,211498
7290014066366,false,לנדוור קפסולות אספרס,,,לנדוור קפסולות אספרס,גרמים,50.00,100 גרם,false,,15.90,0.3180,true,1,211499
7290014066373,false,לנדוור קפסולות אספרס,,,לנדוור קפסולות אספרס,גרמים,50.00,100 גרם,false,,15.90,0.3180,true,1,211500
7290014066380,false,לנדוור קפסולות אספרס,,,לנדוור קפסולות אספרס,גרמים,50.00,100 גרם,false,,15.90,0.3180,true,1,211501
7290014066441,false,לנדוור- קפסולות אספר,,,לנדוור- קפסולות אספר,גרמים,50.00,100 גרם,false,,15.90,0.3180,true,1,211545
7290014066526,false,לנדוור קפסולות אספרס,,,לנדוור קפסולות אספרס,גרמים,50.00,100 גרם,false,,15.90,0.3180,true,1,211502
7290014066533,false,לנדוור קפסולות אספרס,,,לנדוור קפסולות אספרס,גרמים,50.00,100 גרם,false,,15.90,0.3180,true,1,211503
7290014079014,false,לבבות קיסר עלים,,,לבבות קיסר עלים,גרמים,300.00,100 גרם,false,,9.90,0.0330,true,1,134617
7290014079076,false,נבטי אלפלפא מרינה,,,נבטי אלפלפא מרינה,יחידה,0.00,יחידה,false,,5.90,0.0000,true,1,140577
7290014079328,false,פרסה כרישה ארוזה מרי,,,פרסה כרישה ארוזה מרי,יחידה,0.00,יחידה,false,,9.90,0.0000,true,1,204972
7290014079526,false,כרובית ארוזה מרינה,,,כרובית ארוזה מרינה,יחידה,0.00,יחידה,false,,14.90,0.0000,true,1,204973
7290014079847,false,פטריות פורטובלה בייב,מרינה,,פטריות פורטובלה בייב,גרמים,500.00,100 גרם,false,,15.90,0.0318,true,1,197909
7290014079854,false,לבבות חסה ארץ הגליל,,,לבבות חסה ארץ הגליל,יחידה,0.00,יחידה,false,,10.90,0.0000,true,1,198216
7290014083165,false,ניוקי 500 גרם,,,ניוקי 500 גרם,גרמים,500.00,100 גרם,false,,6.90,0.0138,true,1,141550
7290014083479,false,גאודה 150 גר,וילי פוד,,גאודה 150 גר,גרמים,150.00,100 גרם,false,,11.50,0.0767,true,1,140112
7290014083813,false,שפרוטים מעושנים בשמן,וילי פוד,,שפרוטים מעושנים בשמן,גרמים,190.00,100 גרם,false,,8.50,0.0447,true,1,140281
7290014094260,false,שום קלוף,,,שום קלוף,גרמים,170.00,100 גרם,false,,10.90,0.0641,true,1,151710
7290014094505,false,"אורז בסמטי 1 ק""ג אהר",,,"אורז בסמטי 1 ק""ג אהר",קילוגרמים,1.00,"ק""ג",false,,9.90,9.9000,true,1,144847
7290014094543,false,תרסיס שמן קנולה,,,תרסיס שמן קנולה,גרמים,170.00,100 גרם,false,,11.90,0.0700,true,1,177792
7290014095861,false,שיבולת שועל דקה 500,,,שיבולת שועל דקה 500,גרמים,500.00,100 גרם,false,,5.00,0.0100,true,1,177793
7290014095946,false,משוקלדים פקאן מריר,,,משוקלדים פקאן מריר,גרמים,140.00,100 גרם,false,,9.90,0.0707,true,1,148514
7290014095953,false,משוקולדים פקאן חלב,,,משוקולדים פקאן חלב,גרמים,140.00,100 גרם,false,,9.90,0.0707,true,1,148215
7290014095960,false,שיבולת שועל עבה 500,,,שיבולת שועל עבה 500,גרמים,500.00,100 גרם,false,,5.00,0.0100,true,1,148225
7290014126343,false,בישקוטים בונומי וניל,,,בישקוטים בונומי וניל,גרמים,200.00,100 גרם,false,,7.50,0.0375,true,1,146532
7290014126428,false,סוכרלוז סטיביה טבליו,סוכרלוז,,סוכרלוז סטיביה טבליו,גרמים,9.00,100 גרם,false,,26.90,2.9889,true,1,150284
7290014204560,false,סבון נוזלי שלישייה,,,סבון נוזלי שלישייה,מיליליטרים,1500.00,"100 מ""ל",false,,10.90,0.0073,true,1,151969
7290014217003,false,פפריקה מעושנת 90 גר,תבליני טעם וריח,,פפריקה מעושנת 90 גר,גרמים,90.00,100 גרם,false,,9.50,0.1056,true,1,136992
7290014217010,false,מיכל תיבול לדגים,תבליני טעם וריח,,מיכל תיבול לדגים,גרמים,90.00,100 גרם,false,,11.00,0.1222,true,1,138425
7290014217027,false,מיכל תיבול לעוף 120,תבליני טעם וריח,,מיכל תיבול לעוף 120,גרמים,120.00,100 גרם,false,,11.00,0.0917,true,1,138426
7290014217065,false,אורגנו מיכל גדול 30,תבליני טעם וריח,,אורגנו מיכל גדול 30,גרמים,30.00,100 גרם,false,,9.50,0.3167,true,1,136993
7290014217119,false,מיכל תערות לצ'יפס,תבליני טעם וריח,,מיכל תערות לצ'יפס,גרמים,100.00,100 גרם,false,,9.50,0.0950,true,1,149633
7290014217140,false,מיכל ראס אל חנות,תבליני טעם וריח,,מיכל ראס אל חנות,גרמים,100.00,100 גרם,false,,9.50,0.0950,true,1,149636
7290014217157,false,מיכל תערובת תיבול טו,תבליני טעם וריח,,מיכל תערובת תיבול טו,גרמים,120.00,100 גרם,false,,9.50,0.0792,true,1,149637
7290014217164,false,מיכל פטרוזיליה,תבליני טעם וריח,,מיכל פטרוזיליה,גרמים,20.00,100 גרם,false,,9.50,0.4750,true,1,149638
7290014217171,false,מיכל תערובת תיבול גר,תבליני טעם וריח,,מיכל תערובת תיבול גר,גרמים,100.00,100 גרם,false,,9.50,0.0950,true,1,149639
7290014217201,false,תערובת תיבול סומק,,,תערובת תיבול סומק,גרמים,45.00,100 גרם,false,,5.50,0.1222,true,1,189004
7290014217225,false,מיכל גריל עוף 120 גר,תבליני טעם וריח,,מיכל גריל עוף 120 גר,גרמים,120.00,100 גרם,false,,9.50,0.0792,true,1,146547
7290014217263,false,תערובת תיבול לפרגיות,,,תערובת תיבול לפרגיות,גרמים,100.00,100 גרם,false,,9.50,0.0950,true,1,191207
7290014217348,false,מיכל צ'ילי כתוש 70 ג,תבליני טעם וריח,,מיכל צ'ילי כתוש 70 ג,גרמים,70.00,100 גרם,false,,9.50,0.1357,true,1,146550
7290014217355,false,מיכל אבקת קרי 100 גר,תבליני טעם וריח,,מיכל אבקת קרי 100 גר,גרמים,100.00,100 גרם,false,,9.50,0.0950,true,1,146551
7290014217362,false,מיכל תיבול לקציצות 1,תבליני טעם וריח,,מיכל תיבול לקציצות 1,גרמים,100.00,100 גרם,false,,9.50,0.0950,true,1,146552
7290014217386,false,מרינדת צ'ילי חריף טע,,,מרינדת צ'ילי חריף טע,גרמים,80.00,100 גרם,false,,10.90,0.1363,true,1,217708
7290014217393,false,אבקת צ'ילי חריף 30 ג,,,אבקת צ'ילי חריף 30 ג,גרמים,30.00,100 גרם,false,,5.50,0.1833,true,1,219142
7290014217478,false,תערובת עשבי תיבול אי,,,תערובת עשבי תיבול אי,גרמים,30.00,100 גרם,false,,9.50,0.3167,true,1,192048
7290014217485,false,תערובת תיבול קייגו'ן,,,תערובת תיבול קייגו'ן,גרמים,100.00,100 גרם,false,,9.50,0.0950,true,1,194066
7290014217492,false,תערובת תיבול פילדלפי,,,תערובת תיבול פילדלפי,גרמים,100.00,100 גרם,false,,9.50,0.0950,true,1,194067
7290014217515,false,תערובת תבלינים לציפו,,,תערובת תבלינים לציפו,גרמים,90.00,100 גרם,false,,9.90,0.1100,true,1,202715
7290014217522,false,תערובת תיבול ללחם שו,,,תערובת תיבול ללחם שו,גרמים,100.00,100 גרם,false,,9.90,0.0990,true,1,202712
7290014217911,false,פלפל מתוק שלם 150 גר,,,פלפל מתוק שלם 150 גר,גרמים,150.00,100 גרם,false,,13.90,0.0927,true,1,206614
7290014218321,false,בורקס יפו גבינה,מעדנות,,בורקס יפו גבינה,גרמים,600.00,100 גרם,false,,18.50,0.0308,true,1,190213
7290014218338,false,"בורקס יפו תפו""א",מעדנות,,"בורקס יפו תפו""א",יחידה,0.00,יחידה,false,,15.90,0.0000,true,1,190214
7290014218932,false,חטיפי פיצה זיתים מעד,מעדנות,,חטיפי פיצה זיתים מעד,גרמים,710.00,100 גרם,false,,26.90,0.0379,true,1,207371
7290014220133,false,כף ומזלג לסלט חד פעמ,,,כף ומזלג לסלט חד פעמ,יחידה,0.00,יחידה,false,,7.90,0.0000,true,1,148988
7290014220225,false,אטבים ענק 10יח,,,אטבים ענק 10יח,יחידה,0.00,יחידה,false,,4.00,0.0000,true,1,135581
7290014220317,false,סט בקבוקים לטיול,,,סט בקבוקים לטיול,יחידה,0.00,יחידה,false,,8.90,0.0000,true,1,141481
7290014220522,false,שקיות לזילוף 20 יח 3,,,שקיות לזילוף 20 יח 3,יחידה,0.00,יחידה,false,,11.90,0.0000,true,1,150899
7290014256637,false,יין מוסקטו BUZZ,יקבי כרמל,,יין מוסקטו BUZZ,מיליליטרים,750.00,"100 מ""ל",false,,23.90,0.0319,false,1,182223
7290014258723,false,מטרנה צמחי מגיל 0-12,מטרנה,,מטרנה צמחי מגיל 0-12,גרמים,700.00,100 גרם,false,,69.90,0.0999,false,1,150802
7290014258730,false,מטרנה צמחי מגיל שנה,מטרנה,,מטרנה צמחי מגיל שנה,גרמים,700.00,100 גרם,false,,69.90,0.0999,false,1,150809
7290014305045,false,בירה הדובים יונק הדב,,,בירה הדובים יונק הדב,מיליליטרים,330.00,"100 מ""ל",false,,14.90,0.0452,true,1,199407
7290014305571,false,בירה הדובים עשן לבן,,,בירה הדובים עשן לבן,מיליליטרים,330.00,"100 מ""ל",false,,14.90,0.0452,true,1,259610
7290014318175,false,ממרח פסטו אדום עגבני,,,ממרח פסטו אדום עגבני,גרמים,190.00,100 גרם,false,,15.90,0.0837,true,1,198942
7290014318311,false,עגבניות תמר פולפה של,,,עגבניות תמר פולפה של,גרמים,1200.00,100 גרם,false,,14.90,0.0124,true,1,199898
7290014318397,false,רוטב פסטה עגבניות וב,,,רוטב פסטה עגבניות וב,גרמים,350.00,100 גרם,false,,11.90,0.0340,true,1,198924
7290014318441,false,מחית עגבניות חלקה,,,מחית עגבניות חלקה,גרמים,680.00,100 גרם,false,,11.90,0.0175,true,1,199038
7290014318526,false,צלפים גדולים 310 גר',,,צלפים גדולים 310 גר',גרמים,310.00,100 גרם,false,,28.90,0.0932,true,1,199556
7290014318588,false,טחינה אתיופית מלאה 3,,,טחינה אתיופית מלאה 3,גרמים,380.00,100 גרם,false,,19.90,0.0524,true,1,198915
7290014318595,false,טחינה אתיופית לבנה 3,,,טחינה אתיופית לבנה 3,גרמים,380.00,100 גרם,false,,18.90,0.0497,true,1,198916
7290014318663,false,חומץ תפוחים אורגני 7,,,חומץ תפוחים אורגני 7,מיליליטרים,750.00,"100 מ""ל",false,,17.90,0.0239,true,1,201848
7290014318861,false,קרם קוקוס אורגני,,,קרם קוקוס אורגני,מיליליטרים,250.00,"100 מ""ל",false,,9.90,0.0396,true,1,217823
7290014321205,false,קרקר גרעיני פשתן 125,,,קרקר גרעיני פשתן 125,גרמים,125.00,100 גרם,false,,22.90,0.1832,true,1,262583
7290014321212,false,קרקר פשתן ושום 125 ג,,,קרקר פשתן ושום 125 ג,גרמים,125.00,100 גרם,false,,22.90,0.1832,true,1,262582
7290014338968,false,מיני פנקייק בייתי,,,מיני פנקייק בייתי,גרמים,500.00,100 גרם,false,,29.90,0.0598,true,1,218195
7290014397163,false,סנו פרש מיכל מילוי,,,סנו פרש מיכל מילוי,יחידה,0.00,יחידה,false,,14.90,0.0000,true,1,200467
7290014397279,false,שקיות מזון 300 יח' X,סנו סושי,,שקיות מזון 300 יח' X,יחידה,0.00,יחידה,false,,12.90,0.0000,false,1,140171
7290014397286,false,מרכך מרוכז חלב ודבש,סנו מקסימה,,מרכך מרוכז חלב ודבש,ליטרים,1.00,ליטר,false,,16.90,16.9000,true,1,141817
7290014397453,false,אוקסיג'ן כביסה לבנה,סנו אוקסיג'ן,,אוקסיג'ן כביסה לבנה,ליטרים,3.00,ליטר,false,,29.90,9.9667,true,1,141819
7290014397491,false,מטהר אוויר לבית וניל,,,מטהר אוויר לבית וניל,מיליליטרים,350.00,"100 מ""ל",false,,12.90,0.0369,true,1,140702
7290014397514,false,מטהר אוויר לבית כותנ,,,מטהר אוויר לבית כותנ,מיליליטרים,350.00,"100 מ""ל",false,,12.90,0.0369,true,1,140704
7290014397538,false,מטהר אוויר לבית בוקר,,,מטהר אוויר לבית בוקר,מיליליטרים,350.00,"100 מ""ל",false,,12.90,0.0369,true,1,140706
7290014397675,false,מרכך כביסה מקסימה 4,סנו מקסימה,,מרכך כביסה מקסימה 4,ליטרים,4.00,ליטר,false,,21.90,5.4750,false,1,143066
7290014397699,false,גרניט פורצן,סנו,,גרניט פורצן,ליטרים,3.00,ליטר,false,,23.90,7.9667,true,1,151505
7290014397767,false,רצפז פרש הום 2 ליטר,סנו ריצפז,,רצפז פרש הום 2 ליטר,ליטרים,2.00,ליטר,false,,21.90,10.9500,false,1,143311
7290014397774,false,רצפז פרש הום 2 ליטר,סנו ריצפז,,רצפז פרש הום 2 ליטר,ליטרים,2.00,ליטר,false,,21.90,10.9500,false,1,143312
7290014397781,false,רצפז פרש הום 2 ליטר,סנו ריצפז,,רצפז פרש הום 2 ליטר,ליטרים,2.00,ליטר,false,,21.90,10.9500,false,1,143313
7290014397835,false,סנומט סמארט 45 לילות,סנומט,,סנומט סמארט 45 לילות,יחידה,0.00,יחידה,false,,29.90,0.0000,true,1,151506
7290014397873,false,מרכך כביסה סנו מקסימ,סנו מקסימה,,מרכך כביסה סנו מקסימ,ליטרים,4.00,ליטר,false,,21.90,5.4750,false,1,209642
7290014397903,false,מבשם אריגים סופט,סנו,,מבשם אריגים סופט,יחידה,0.00,יחידה,false,,20.00,0.0000,true,1,144261
7290014426061,false,משחת שיניים הלו קיטי,,,משחת שיניים הלו קיטי,מיליליטרים,50.00,"100 מ""ל",false,,10.90,0.2180,true,1,139450
7290014426597,false,משחת שיניים הלו קיטי,,,משחת שיניים הלו קיטי,יחידה,0.00,יחידה,false,,10.90,0.0000,true,1,185314
7290014435704,false,שמיר-סלמון מעושן 100,,,שמיר-סלמון מעושן 100,גרמים,100.00,100 גרם,false,,18.90,0.1890,true,1,257408
7290014435803,false,מטיאס הולנדי עם בצל,,,מטיאס הולנדי עם בצל,גרמים,180.00,100 גרם,false,,18.90,0.1050,true,1,146135
7290014435810,false,הרינג כבוש עם בצל במ,,,הרינג כבוש עם בצל במ,גרמים,180.00,100 גרם,false,,18.90,0.1050,true,1,146148
7290014435827,false,פילה מקרל מעושן בשמן,,,פילה מקרל מעושן בשמן,גרמים,180.00,100 גרם,false,,24.90,0.1383,true,1,146136
7290014435834,false,מקרל מעושן בשמן,,,מקרל מעושן בשמן,גרמים,180.00,100 גרם,false,,24.90,0.1383,true,1,146137
7290014435841,false,פילה מטיאס הולנדי בש,,,פילה מטיאס הולנדי בש,גרמים,180.00,100 גרם,false,,18.90,0.1050,true,1,146149
7290014435872,false,סלט הרינג עם מיונז,,,סלט הרינג עם מיונז,גרמים,180.00,100 גרם,false,,18.90,0.1050,true,1,146151
7290014435889,false,סלט מטיאס עם מיונז,,,סלט מטיאס עם מיונז,גרמים,180.00,100 גרם,false,,18.90,0.1050,true,1,146152
7290014441149,false,לזניה פטריות,,,לזניה פטריות,יחידה,0.00,יחידה,false,,49.90,0.0000,true,1,141701
7290014451018,false,ספוג כלים אקולוגי,,,ספוג כלים אקולוגי,יחידה,0.00,יחידה,false,,14.90,0.0000,true,1,201614
7290014451230,false,נייר אפייה טבעי 30 ד,,,נייר אפייה טבעי 30 ד,יחידה,0.00,יחידה,false,,16.90,0.0000,true,1,209361
7290014454132,false,דאודורנט ספריי,,,דאודורנט ספריי,מיליליטרים,187.00,"100 מ""ל",false,,18.90,0.1011,true,1,143151
7290014454200,false,קרם גוף,,,קרם גוף,מיליליטרים,275.00,"100 מ""ל",false,,28.90,0.1051,true,1,143153
7290014455245,false,גבינת גרנה פדנו משול,,,גבינת גרנה פדנו משול,גרמים,200.00,100 גרם,false,,24.90,0.1245,true,1,189320
7290014455252,false,גבינת גרנה פדנו מגור,,,גבינת גרנה פדנו מגור,גרמים,100.00,100 גרם,false,,11.80,0.1180,true,1,189321
7290014455320,false,מוצרלה פרסקה כדור -,מגד,,מוצרלה פרסקה כדור -,גרמים,100.00,100 גרם,false,,9.20,0.0920,true,1,185648
7290014455467,false,מעדן שיבולת שועל וחל,,,מעדן שיבולת שועל וחל,גרמים,150.00,100 גרם,false,,5.40,0.0360,true,1,189984
7290014455627,false,יוגורט עיזים עם דבדב,,,יוגורט עיזים עם דבדב,גרמים,125.00,100 גרם,false,,5.60,0.0448,true,1,193828
7290014459373,false,תפוגן צ'יפס קראנצ'י,,,תפוגן צ'יפס קראנצ'י,קילוגרמים,1.50,"ק""ג",false,,24.90,16.6000,true,1,189882
7290014459472,false,צ'יפס קלאסי תפוגן 2,,,צ'יפס קלאסי תפוגן 2,קילוגרמים,2.00,"ק""ג",false,,29.90,14.9500,true,1,194648
7290014466128,false,הר חרמון אינדיגו 201,,,הר חרמון אינדיגו 201,מיליליטרים,750.00,"100 מ""ל",false,,29.90,0.0399,false,1,140235
7290014466463,false,ירדן הר חרמון מוסקטו,,,ירדן הר חרמון מוסקטו,מיליליטרים,750.00,"100 מ""ל",false,,29.90,0.0399,false,1,144709
7290014466609,false,יין גמלא מרלו 2012,,,יין גמלא מרלו 2012,מיליליטרים,750.00,"100 מ""ל",false,,50.00,0.0667,true,1,192756
7290014466890,false,יין גמלא השמורה קברנ,,,יין גמלא השמורה קברנ,מיליליטרים,750.00,"100 מ""ל",false,,49.90,0.0665,true,1,218915
7290014471412,false,מיזלי בוטנים אגוזים,,,מיזלי בוטנים אגוזים,קילוגרמים,1.00,"ק""ג",false,,18.90,18.9000,true,1,143951
7290014471429,false,מיזלי פירות שקדיה 1,,,מיזלי פירות שקדיה 1,קילוגרמים,1.00,"ק""ג",false,,18.90,18.9000,true,1,143952
7290014471436,false,מיזלי צימוקים תפוח ק,,,מיזלי צימוקים תפוח ק,קילוגרמים,1.00,"ק""ג",false,,19.90,19.9000,true,1,143953
7290014471443,false,גרנולה צימוקים ואגוז,,,גרנולה צימוקים ואגוז,קילוגרמים,1.00,"ק""ג",false,,19.90,19.9000,true,1,144611
7290014472433,false,קונפיטורה תות שדה שק,,,קונפיטורה תות שדה שק,גרמים,450.00,100 גרם,false,,13.90,0.0309,true,1,260954
7290014472990,false,ממרח שקדים 100%,,,ממרח שקדים 100%,גרמים,300.00,100 גרם,false,,27.90,0.0930,true,1,147049
7290014501232,false,הר גליל לבן 2017,,,הר גליל לבן 2017,מיליליטרים,750.00,"100 מ""ל",false,,31.90,0.0425,true,1,202333
7290014503137,false,יובלים דלתון אדום,,,יובלים דלתון אדום,מיליליטרים,750.00,"100 מ""ל",false,,37.50,0.0500,true,1,194967
7290014503144,false,יין יבולים דלתון לבן,,,יין יבולים דלתון לבן,מיליליטרים,750.00,"100 מ""ל",false,,37.50,0.0500,true,1,195781
7290014525177,false,חטיף דגנים יוגורט ופ,,,חטיף דגנים יוגורט ופ,יחידה,0.00,יחידה,false,,10.90,0.0000,true,1,145041
7290014525290,false,מרבה סלים דליס קריספ,,,מרבה סלים דליס קריספ,גרמים,125.00,100 גרם,false,,10.90,0.0872,true,1,191567
7290014525306,false,מרבה סלים דליס קריספ,,,מרבה סלים דליס קריספ,גרמים,125.00,100 גרם,false,,10.90,0.0872,true,1,191568
7290014525313,false,סלים דליס קריספי שוק,,,סלים דליס קריספי שוק,גרמים,125.00,100 גרם,false,,10.90,0.0872,true,1,192199
7290014525665,false,מרבה על חלל עוגיות ק,,,מרבה על חלל עוגיות ק,גרמים,140.00,100 גרם,false,,9.90,0.0707,true,1,217794
7290014525672,false,מרבה על חלל עוגיות ע,,,מרבה על חלל עוגיות ע,גרמים,140.00,100 גרם,false,,9.90,0.0707,true,1,217795
7290014547322,false,זוג מברשות סנסודיין,סנסודיין,,זוג מברשות סנסודיין,יחידה,0.00,יחידה,false,,29.90,0.0000,true,1,204575
7290014547353,false,זוג מברשות שיניים סנ,סנסודיין,,זוג מברשות שיניים סנ,יחידה,0.00,יחידה,false,,19.90,0.0000,true,1,204576
7290014562394,false,תה נמס בטעם שומר,,,תה נמס בטעם שומר,יחידה,0.00,יחידה,false,,18.90,0.0000,true,1,210678
7290014562509,false,"סוכר דמררה 1 ק""ג",,,"סוכר דמררה 1 ק""ג",קילוגרמים,1.00,"ק""ג",false,,7.40,7.4000,true,1,210669
7290014562868,false,סילאן טבעי 900 גר',,,סילאן טבעי 900 גר',גרמים,900.00,100 גרם,false,,22.90,0.0254,true,1,211592
7290014562981,false,אבקת קקאו 21% שומן 4,,,אבקת קקאו 21% שומן 4,גרמים,400.00,100 גרם,false,,17.90,0.0447,true,1,213333
7290014648081,false,סכיני גילוח לה בלה ע,,,סכיני גילוח לה בלה ע,יחידה,0.00,יחידה,false,,9.90,0.0000,true,1,186299
7290014648098,false,סכיני גילוח לה בלה ח,,,סכיני גילוח לה בלה ח,יחידה,0.00,יחידה,false,,9.90,0.0000,true,1,186300
7290014648142,false,אלכוהול 70%,,,אלכוהול 70%,מיליליטרים,100.00,"100 מ""ל",false,,7.50,0.0750,true,1,201549
7290014648371,false,פלסטר שקוף 40 יח,,,פלסטר שקוף 40 יח,יחידה,0.00,יחידה,false,,8.90,0.0000,true,1,204569
7290014648388,false,פלסטרים לילדים 25 יח,,,פלסטרים לילדים 25 יח,יחידה,0.00,יחידה,false,,8.90,0.0000,true,1,207340
7290014648579,false,פד דביק סטרילי,,,פד דביק סטרילי,יחידה,0.00,יחידה,false,,9.90,0.0000,true,1,208222
7290014648692,false,צמר גפן כדורים אריזת,,,צמר גפן כדורים אריזת,יחידה,0.00,יחידה,false,,7.50,0.0000,true,1,263944
7290014648845,false,ספוג רחצה,,,ספוג רחצה,יחידה,0.00,יחידה,false,,12.90,0.0000,true,1,207815
7290014648906,false,מסיר לק מהציפורניים,,,מסיר לק מהציפורניים,מיליליטרים,100.00,"100 מ""ל",false,,4.90,0.0490,true,1,206245
7290014649002,false,רצועות רחצה לגב,,,רצועות רחצה לגב,יחידה,0.00,יחידה,false,,12.90,0.0000,true,1,207813
7290014649033,false,שלישיית ספוגי רחצה ע,,,שלישיית ספוגי רחצה ע,יחידה,0.00,יחידה,false,,9.90,0.0000,true,1,208108
7290014673021,false,פלפל שחור שלם 100 גר,,,פלפל שחור שלם 100 גר,גרמים,100.00,100 גרם,false,,13.90,0.1390,true,1,217447
7290014673045,false,תערובת תיבול לצ'יפס,,,תערובת תיבול לצ'יפס,גרמים,100.00,100 גרם,false,,11.50,0.1150,true,1,219348
7290014673106,false,פפריקה אדומה גרוסה ב,,,פפריקה אדומה גרוסה ב,גרמים,400.00,100 גרם,false,,25.90,0.0647,true,1,219351
7290014673137,false,תערובת תיבול לפיצה 1,,,תערובת תיבול לפיצה 1,גרמים,100.00,100 גרם,false,,11.50,0.1150,true,1,219347
7290014673359,false,מלח לימון 400 גרם,,,מלח לימון 400 גרם,גרמים,400.00,100 גרם,false,,25.90,0.0647,true,1,217448
7290014673366,false,כורכום טחון 250 גרם,,,כורכום טחון 250 גרם,גרמים,250.00,100 גרם,false,,21.90,0.0876,true,1,217449
7290014673373,false,פפריקה הונגרית חריפה,,,פפריקה הונגרית חריפה,גרמים,250.00,100 גרם,false,,21.90,0.0876,true,1,217450
7290014673397,false,תיבול לגריל עוף 250,,,תיבול לגריל עוף 250,גרמים,250.00,100 גרם,false,,21.90,0.0876,true,1,217452
7290014673403,false,פלפל שחור טחון 250 ג,,,פלפל שחור טחון 250 ג,גרמים,250.00,100 גרם,false,,29.90,0.1196,true,1,217464
7290014673410,false,פלפל שחור גרוס דק 25,,,פלפל שחור גרוס דק 25,גרמים,250.00,100 גרם,false,,29.90,0.1196,true,1,217705
7290014673434,false,פלפל שחור גרוס דק 80,,,פלפל שחור גרוס דק 80,גרמים,80.00,100 גרם,false,,9.90,0.1238,true,1,217454
7290014673557,false,זעפרן 0.5 גרם,,,זעפרן 0.5 גרם,גרמים,0.50,100 גרם,false,,21.90,43.8000,true,1,217455
7290014673618,false,זנגביל 30 גרם,,,זנגביל 30 גרם,גרמים,30.00,100 גרם,false,,11.50,0.3833,true,1,218563
7290014692299,false,CASTELLO-גבינת ברי,,,CASTELLO-גבינת ברי,גרמים,125.00,100 גרם,false,,20.00,0.1600,true,1,143441
7290014692305,false,CASTELLO-גבינת קממבר,,,CASTELLO-גבינת קממבר,גרמים,125.00,100 גרם,false,,20.00,0.1600,true,1,143434
7290014692749,false,שמן זית כתית מעולה ו,,,שמן זית כתית מעולה ו,מיליליטרים,750.00,"100 מ""ל",false,,29.90,0.0399,true,1,143628
7290014692817,false,מוצרלה מגורדת 200 גר,וילי פוד,,מוצרלה מגורדת 200 גר,גרמים,200.00,100 גרם,false,,14.50,0.0725,true,1,149594
7290014748613,false,מקלוני דגים בציפוי ד,,,מקלוני דגים בציפוי ד,גרמים,600.00,100 גרם,false,,29.90,0.0498,true,1,203606
7290014748651,false,דג טוב פילה אמנון מצ,,,דג טוב פילה אמנון מצ,גרמים,360.00,100 גרם,false,,32.90,0.0914,true,1,203607
7290014748675,false,קציצות דגים דג טוב,,,קציצות דגים דג טוב,גרמים,600.00,100 גרם,false,,29.90,0.0498,true,1,203608
7290014749078,false,מקלוני קבנוס 200 גר,,,מקלוני קבנוס 200 גר,גרמים,200.00,100 גרם,false,,14.90,0.0745,true,1,208100
7290014749245,false,עוף טוב צונגו רצועות,,,עוף טוב צונגו רצועות,גרמים,600.00,100 גרם,false,,34.90,0.0582,true,1,210149
7290014749740,false,עוף טוב שניצל עוף בי,,,עוף טוב שניצל עוף בי,גרמים,600.00,100 גרם,false,,36.90,0.0615,true,1,211821
7290014749764,false,עוף טוב שניצל עוף בי,עוף טוב,,עוף טוב שניצל עוף בי,גרמים,700.00,100 גרם,false,,41.90,0.0599,true,1,211819
7290014749849,false,עוף טוב שניצל דק ענק,,,עוף טוב שניצל דק ענק,גרמים,720.00,100 גרם,false,,37.90,0.0526,true,1,218022
7290014749887,false,עוף טוב שניצל דק ענק,,,עוף טוב שניצל דק ענק,גרמים,720.00,100 גרם,false,,37.90,0.0526,true,1,218023
7290014758100,false,מאגדת יוגורט ביו 3%,תנובה חלב,,מאגדת יוגורט ביו 3%,גרמים,1200.00,100 גרם,false,,16.50,0.0138,true,1,141024
7290014758117,false,מאגדת יוגורט ביו שמי,תנובה חלב,,מאגדת יוגורט ביו שמי,גרמים,1200.00,100 גרם,false,,16.50,0.0138,true,1,141025
7290014758162,false,חלב עיזים מלא 3.6%,תנובה חלב,,חלב עיזים מלא 3.6%,ליטרים,1.00,ליטר,false,,16.00,16.0000,true,1,143050
7290014759084,false,נפוליאון טבעי 16%,תנובה חלב,,נפוליאון טבעי 16%,גרמים,225.00,100 גרם,false,,14.50,0.0644,false,1,144669
7290014759534,false,בולגרית למריחה טבעי,תנובה חלב,,בולגרית למריחה טבעי,גרמים,200.00,100 גרם,false,,14.90,0.0745,true,1,145635
7290014759909,false,פטה עיזים 5%,תנובה חלב,,פטה עיזים 5%,גרמים,250.00,100 גרם,false,,29.50,0.1180,false,1,146594
7290014759978,false,גבינת גלעד קשקבל,תנובה חלב,,גבינת גלעד קשקבל,גרמים,200.00,100 גרם,false,,26.90,0.1345,false,1,145452
7290014759985,false,גבינת פרמזן 200 גר,תנובה חלב,,גבינת פרמזן 200 גר,גרמים,200.00,100 גרם,false,,24.90,0.1245,false,1,145453
7290014759992,false,גבינת רוקפור 140 גר,תנובה חלב,,גבינת רוקפור 140 גר,גרמים,140.00,100 גרם,false,,19.90,0.1421,true,1,145454
7290014760134,false,מעדן סויה וניל 1.5%,,,מעדן סויה וניל 1.5%,גרמים,125.00,100 גרם,false,,4.10,0.0328,true,1,201116
7290014760141,false,משקה שקדים טרי 1 ליט,תנובה חלב,,משקה שקדים טרי 1 ליט,ליטרים,1.00,ליטר,false,,12.60,12.6000,true,1,186677
7290014760448,false,גלבוע 400 גר 22%,תנובה חלב,,גלבוע 400 גר 22%,גרמים,400.00,100 גרם,false,,24.50,0.0613,false,1,147960
7290014760912,false,גוש חלב מהדרין 400 ג,תנובה חלב,,גוש חלב מהדרין 400 ג,גרמים,400.00,100 גרם,false,,25.90,0.0647,false,1,147961
7290014761049,false,שמנית תנובה 15%,,,שמנית תנובה 15%,מיליליטרים,100.00,"100 מ""ל",false,,1.70,0.0170,false,1,259590
7290014761056,false,מעדן שוקולד חלב YOLO,תנובה חלב,,מעדן שוקולד חלב YOLO,גרמים,123.00,100 גרם,false,,4.60,0.0374,false,1,150430
7290014761063,false,מעדן שוקולד מריר YOL,תנובה חלב,,מעדן שוקולד מריר YOL,גרמים,123.00,100 גרם,false,,4.60,0.0374,false,1,150431
7290014761070,false,מעדן שוקולד לבן מעול,,,מעדן שוקולד לבן מעול,גרמים,123.00,100 גרם,false,,4.60,0.0374,false,1,150432
7290014761193,false,פרילי פירות יער 125,תנובה חלב,,פרילי פירות יער 125,גרמים,125.00,100 גרם,false,,3.60,0.0288,true,1,150909
7290014761414,false,מעדן שכבות שןקולד חל,תנובה חלב,,מעדן שכבות שןקולד חל,גרמים,123.00,100 גרם,false,,4.60,0.0374,true,1,186322
7290014761438,false,בולגרית 24% תנובה -,תנובה חלב,,בולגרית 24% תנובה -,גרמים,400.00,100 גרם,false,,27.90,0.0697,true,1,214726
7290014761612,false,יולו שכבות שוקולד מר,תנובה חלב,,יולו שכבות שוקולד מר,גרמים,120.00,100 גרם,false,,4.60,0.0383,false,1,186323
7290014761698,false,עמק משפחתי 600 גר,,,עמק משפחתי 600 גר,גרמים,600.00,100 גרם,false,,32.90,0.0548,false,1,205154
7290014762756,false,נפוליאון בצל 16%,,,נפוליאון בצל 16%,גרמים,225.00,100 גרם,false,,14.50,0.0644,false,1,190185
7290014762800,false,גביע מעדן סויה בטעם,,,גביע מעדן סויה בטעם,גרמים,125.00,100 גרם,false,,4.10,0.0328,true,1,198601
7290014762831,false,נפוליאון חלפיניו,,,נפוליאון חלפיניו,גרמים,225.00,100 גרם,false,,14.50,0.0644,false,1,191691
7290014762848,false,פתיתי גלבוע 500 גר,,,פתיתי גלבוע 500 גר,גרמים,500.00,100 גרם,false,,32.90,0.0658,false,1,200415
7290014762909,false,פתיתי מוצרלה,,,פתיתי מוצרלה,גרמים,200.00,100 גרם,false,,17.90,0.0895,false,1,191641
7290014763098,false,קרם גבינת שמנת בניחו,,,קרם גבינת שמנת בניחו,גרמים,200.00,100 גרם,false,,11.90,0.0595,true,1,191617
7290014763272,false,משקה סויה ביו עם תות,,,משקה סויה ביו עם תות,מיליליטרים,250.00,"100 מ""ל",false,,5.80,0.0232,true,1,192660
7290014763418,false,יוגורט 1.5 ליטר תנו,,,יוגורט 1.5 ליטר תנו,ליטרים,1.50,ליטר,false,,17.50,11.6667,true,1,193544
7290014785007,false,פניני טפיוקה קטן,,,פניני טפיוקה קטן,גרמים,400.00,100 גרם,false,,8.90,0.0223,true,1,141607
7290014785052,false,רוטב פטריות צמחוני ל,,,רוטב פטריות צמחוני ל,מיליליטרים,500.00,"100 מ""ל",false,,11.90,0.0238,true,1,149844
7290014785069,false,"חומץ מירין 250 מ""ל",,,"חומץ מירין 250 מ""ל",מיליליטרים,250.00,"100 מ""ל",false,,11.90,0.0476,true,1,149163
7290014785076,false,קרם קוקוס ללא חומר מ,,,קרם קוקוס ללא חומר מ,מיליליטרים,400.00,"100 מ""ל",false,,8.90,0.0223,true,1,145682
7290014785113,false,"רוטב טריאקי 500 מ""ל",,,"רוטב טריאקי 500 מ""ל",מיליליטרים,500.00,"100 מ""ל",false,,11.90,0.0238,true,1,194421
7290014785441,false,אטריות ביצים מקצועי,,,אטריות ביצים מקצועי,גרמים,450.00,100 גרם,false,,7.90,0.0176,true,1,198479
7290014785465,false,שורש גלנגל מיובש,,,שורש גלנגל מיובש,גרמים,100.00,100 גרם,false,,11.90,0.1190,true,1,262364
7290014785564,false,אטריות מוכנות אודון,,,אטריות מוכנות אודון,גרמים,200.00,100 גרם,false,,2.90,0.0145,true,1,207503
7290014785571,false,אטריות מוכנות להקפצה,,,אטריות מוכנות להקפצה,גרמים,200.00,100 גרם,false,,2.90,0.0145,true,1,207504
7290014785588,false,אטריות מוכנות ראמן,,,אטריות מוכנות ראמן,גרמים,180.00,100 גרם,false,,2.90,0.0161,true,1,207505
7290014785915,false,ממרח קארי מאסאמן,,,ממרח קארי מאסאמן,גרמים,400.00,100 גרם,false,,18.90,0.0472,true,1,215594
7290014785922,false,מחית טום יאם 400 גר',,,מחית טום יאם 400 גר',גרמים,400.00,100 גרם,false,,18.90,0.0472,true,1,213494
7290014785991,false,רוטב סויה ללא גלוטן,,,רוטב סויה ללא גלוטן,מיליליטרים,500.00,"100 מ""ל",false,,12.90,0.0258,true,1,202655
7290014789913,false,מארז שלישיית עוגיות,אוראו,,מארז שלישיית עוגיות,גרמים,528.00,100 גרם,false,,21.90,0.0415,true,1,144707
7290014791091,false,שוופס לימונייד 500 מ,,,שוופס לימונייד 500 מ,מיליליטרים,500.00,"100 מ""ל",false,,4.90,0.0098,true,1,164673
7290014791725,false,שוופס מוגז תפוח 0.5,שוופס,,שוופס מוגז תפוח 0.5,מיליליטרים,500.00,"100 מ""ל",false,,4.90,0.0098,true,1,187370
7290014791848,false,מים פרוט אננס 0.5 לי,שוופס,,מים פרוט אננס 0.5 לי,מיליליטרים,500.00,"100 מ""ל",false,,5.50,0.0110,true,1,203380
7290014803565,false,צנימים עם חיטה מלאה,,,צנימים עם חיטה מלאה,גרמים,300.00,100 גרם,false,,11.90,0.0397,true,1,149552
7290014803732,false,ניוקי מתפוחי אדמה 50,,,ניוקי מתפוחי אדמה 50,גרמים,500.00,100 גרם,false,,8.90,0.0178,true,1,208634
7290014855434,false,מגבונים בייביסיטר רב,,,מגבונים בייביסיטר רב,יחידה,0.00,יחידה,false,,14.90,0.0000,true,1,187921
7290014855458,false,מגבונים בייביסיטר רב,,,מגבונים בייביסיטר רב,יחידה,0.00,יחידה,false,,14.90,0.0000,true,1,187922
7290014860070,false,מקלוני אורז ללא גלוט,,,מקלוני אורז ללא גלוט,גרמים,454.00,100 גרם,false,,11.90,0.0262,true,1,207613
7290014860155,false,מחצלת מקצועית שטוחה,,,מחצלת מקצועית שטוחה,יחידה,0.00,יחידה,false,,6.00,0.0000,true,1,203281
7290014890145,false,גבינת שמנת טבעית,משק יעקבס,,גבינת שמנת טבעית,גרמים,225.00,100 גרם,false,,12.90,0.0573,true,1,198801
7290014890152,false,גבינת שמנת זיתים 225,משק יעקבס,,גבינת שמנת זיתים 225,גרמים,225.00,100 גרם,false,,12.90,0.0573,true,1,199354
7290014890169,false,גבינת שמנת שום שמיר,משק יעקבס,,גבינת שמנת שום שמיר,גרמים,225.00,100 גרם,false,,12.90,0.0573,true,1,199355
7290014890176,false,ריקוטה 250 גר' יעקבס,משק יעקבס,,ריקוטה 250 גר' יעקבס,גרמים,250.00,100 גרם,false,,11.90,0.0476,false,1,208131
7290014890190,false,מוצרלה כדור יעקבס 10,משק יעקבס,,מוצרלה כדור יעקבס 10,גרמים,100.00,100 גרם,false,,10.00,0.1000,false,1,208974
7290014890206,false,קרם פרש 250 גר' יעקב,משק יעקבס,,קרם פרש 250 גר' יעקב,גרמים,250.00,100 גרם,false,,13.90,0.0556,true,1,207204
7290014890237,false,קממברט 125 גר',משק יעקבס,,קממברט 125 גר',גרמים,125.00,100 גרם,false,,17.90,0.1432,true,1,196855
7290014890572,false,יוגורט עיזים יעקבס,,,יוגורט עיזים יעקבס,מיליליטרים,850.00,"100 מ""ל",false,,22.90,0.0269,false,1,261490
7290014890589,false,יוגורט יווני יעקבס,,,יוגורט יווני יעקבס,מיליליטרים,850.00,"100 מ""ל",false,,19.90,0.0234,false,1,261491
7290014890602,false,קממבר בקר אגוזים יע,,,קממבר בקר אגוזים יע,גרמים,125.00,100 גרם,false,,17.90,0.1432,false,1,261487
7290014901308,false,סנסודיין הגנה מלאה,סנסודיין,,סנסודיין הגנה מלאה,מיליליטרים,75.00,"100 מ""ל",false,,25.90,0.3453,true,1,149105
7290014901315,false,סנסודיין הגנה מלאה פ,סנסודיין,,סנסודיין הגנה מלאה פ,מיליליטרים,75.00,"100 מ""ל",false,,25.90,0.3453,true,1,149106
7290014901605,false,אקווה פרש מברשת שיני,אקווה פרש,,אקווה פרש מברשת שיני,יחידה,0.00,יחידה,false,,15.90,0.0000,true,1,208902
7290014905368,false,הפי עוד ועוד מטלית ד,יעקובי הפי,,הפי עוד ועוד מטלית ד,יחידה,0.00,יחידה,false,,8.50,0.0000,true,1,147499
7290014905498,false,הפי גם וגם מטלית דו,יעקובי הפי,,הפי גם וגם מטלית דו,יחידה,0.00,יחידה,false,,12.90,0.0000,true,1,147500
7290014905689,false,"הפי כלים 750 מ""ל ירו",יעקובי הפי,,"הפי כלים 750 מ""ל ירו",מיליליטרים,750.00,"100 מ""ל",false,,7.90,0.0105,true,1,149680
7290014905696,false,"הפי כלים 750 מ""ל צהו",יעקובי הפי,,"הפי כלים 750 מ""ל צהו",מיליליטרים,750.00,"100 מ""ל",false,,7.90,0.0105,true,1,149681
7290014905719,false,הפי לימונית למדיח,יעקובי הפי,,הפי לימונית למדיח,יחידה,0.00,יחידה,false,,13.90,0.0000,true,1,150302
7290014905733,false,"הפי לחלונות 750 מ""ל",יעקובי הפי,,"הפי לחלונות 750 מ""ל",מיליליטרים,750.00,"100 מ""ל",false,,7.90,0.0105,true,1,149682
7290014905962,false,סבון אסלה 5 טיפות בו,,,סבון אסלה 5 טיפות בו,יחידה,0.00,יחידה,false,,7.90,0.0000,true,1,185180
7290014910386,false,קורנישון במלח 690 גר,,,קורנישון במלח 690 גר,גרמים,690.00,100 גרם,false,,9.90,0.0143,true,1,197926
7290014910461,false,ערק יודה,,,ערק יודה,מיליליטרים,700.00,"100 מ""ל",false,,59.90,0.0856,true,1,204712
7290014910515,false,שימורי דגים שפרוטים,,,שימורי דגים שפרוטים,גרמים,250.00,100 גרם,false,,11.90,0.0476,true,1,199507
7290014931008,false,פטרוזיליה,,,פטרוזיליה,יחידה,0.00,יחידה,false,,7.90,0.0000,true,1,146834
7290014931015,false,כוסברה,,,כוסברה,יחידה,0.00,יחידה,false,,7.90,0.0000,true,1,146835
7290014931053,false,בזיליקום,,,בזיליקום,יחידה,0.00,יחידה,false,,7.90,0.0000,true,1,146836
7290014931077,false,עירית,,,עירית,יחידה,0.00,יחידה,false,,7.90,0.0000,true,1,146838
7290014931084,false,אורגנו,,,אורגנו,יחידה,0.00,יחידה,false,,7.90,0.0000,true,1,146839
7290014931107,false,עלי מנטה,,,עלי מנטה,יחידה,0.00,יחידה,false,,7.90,0.0000,true,1,146841
7290014931176,false,עלי חסה רומית,,,עלי חסה רומית,יחידה,0.00,יחידה,false,,8.90,0.0000,true,1,148042
7290014931206,false,גרגר הנחלים,,,גרגר הנחלים,יחידה,0.00,יחידה,false,,8.50,0.0000,true,1,148043
7290014940901,false,לחם פשוט מלא אנג'ל,אנג'ל,,לחם פשוט מלא אנג'ל,מיליליטרים,750.00,"100 מ""ל",false,,13.90,0.0185,true,1,185843
7290014945050,false,צמרוני עץ בקופסה 300,,,צמרוני עץ בקופסה 300,יחידה,0.00,יחידה,false,,4.50,0.0000,true,1,195353
7290014945197,false,שטיח מיקרופייבר,,,שטיח מיקרופייבר,יחידה,0.00,יחידה,false,,26.90,0.0000,true,1,187489
7290014945203,false,שטיחון מיקרופייבר מפ,,,שטיחון מיקרופייבר מפ,יחידה,0.00,יחידה,false,,35.90,0.0000,true,1,188885
7290014947047,false,זן-בר- פריכיות כוסמת,,,זן-בר- פריכיות כוסמת,גרמים,160.00,100 גרם,false,,9.90,0.0619,true,1,186374
7290014949744,false,אוטן טרופי ספריי יבש,,,אוטן טרופי ספריי יבש,מיליליטרים,100.00,"100 מ""ל",false,,19.90,0.1990,true,1,146533
7290014949751,false,אוטן פמלי קייר ג'ל ד,,,אוטן פמלי קייר ג'ל ד,יחידה,0.00,יחידה,false,,19.90,0.0000,true,1,146393
7290014949768,false,"אוטן אפטר בייט 25 מ""",,,"אוטן אפטר בייט 25 מ""",מיליליטרים,25.00,"100 מ""ל",false,,26.90,1.0760,true,1,146534
7290014962521,false,משחת שיניים טפטפים,,,משחת שיניים טפטפים,מיליליטרים,50.00,"100 מ""ל",false,,11.50,0.2300,true,1,208274
7290014962538,false,משחת שיניים טפטפים,,,משחת שיניים טפטפים,מיליליטרים,50.00,"100 מ""ל",false,,11.50,0.2300,true,1,208275
7290014973411,false,סלמון מעושן 100 גר',,,סלמון מעושן 100 גר',גרמים,100.00,100 גרם,false,,19.90,0.1990,true,1,219056
7290014974562,false,גביעים לגלידה גילרו,,,גביעים לגלידה גילרו,גרמים,120.00,100 גרם,false,,6.90,0.0575,true,1,197451
7290014974593,false,גביעי גלידה ללא גלוט,,,גביעי גלידה ללא גלוט,גרמים,132.00,100 גרם,false,,13.50,0.1023,true,1,197874
7290014974647,false,גילרו בצק סוכר אדום,,,גילרו בצק סוכר אדום,גרמים,150.00,100 גרם,false,,5.90,0.0393,true,1,202669
7290014974746,false,גילרו בצק סוכר לבן,,,גילרו בצק סוכר לבן,גרמים,150.00,100 גרם,false,,5.90,0.0393,true,1,202660
7290015025959,false,מגבונים פרש וואנס קש,פרש-וואנס,,מגבונים פרש וואנס קש,יחידה,0.00,יחידה,false,,15.90,0.0000,false,1,208049
7290015039246,false,רביעיה טונה ויליפוד,,,רביעיה טונה ויליפוד,גרמים,640.00,100 גרם,false,,19.90,0.0311,false,1,148617
7290015039338,false,רביעיה טונה במים ויל,,,רביעיה טונה במים ויל,גרמים,640.00,100 גרם,false,,19.90,0.0311,false,1,148622
7290015039482,false,גבינת אדם 235 גר,וילי פוד,,גבינת אדם 235 גר,גרמים,235.00,100 גרם,false,,21.90,0.0932,true,1,186277
7290015039499,false,עוגיות איטלקיות מובח,,,עוגיות איטלקיות מובח,קילוגרמים,1.00,"ק""ג",false,,10.90,10.9000,true,1,185845
7290015127530,false,זיתים סורי נאות סמדר,,,זיתים סורי נאות סמדר,גרמים,180.00,100 גרם,false,,13.90,0.0772,true,1,215942
7290015129121,false,סקיני פסטה נודלס,,,סקיני פסטה נודלס,גרמים,270.00,100 גרם,false,,10.90,0.0404,true,1,149317
7290015129145,false,סקיני פסטה ספגטי,,,סקיני פסטה ספגטי,גרמים,270.00,100 גרם,false,,10.90,0.0404,true,1,149239
7290015129220,false,סקיני פסטה בצורת קוס,,,סקיני פסטה בצורת קוס,גרמים,270.00,100 גרם,false,,10.90,0.0404,true,1,185727
7290015129251,false,סקיני פסטה בצורת פטו,,,סקיני פסטה בצורת פטו,יחידה,270.00,יחידה,false,,10.90,0.0404,true,1,187383
7290015129657,false,סקיני פסטה פנה,,,סקיני פסטה פנה,גרמים,270.00,100 גרם,false,,10.90,0.0404,true,1,262622
7290015129749,false,אברמסון סקיני פסטה נ,,,אברמסון סקיני פסטה נ,גרמים,200.00,100 גרם,false,,10.90,0.0545,true,1,206698
7290015129756,false,אברמסון סקיני פסטה פ,,,אברמסון סקיני פסטה פ,גרמים,200.00,100 גרם,false,,10.90,0.0545,true,1,206699
7290015139250,false,שוקולד מריר עם פצפוצ,,,שוקולד מריר עם פצפוצ,גרמים,85.00,100 גרם,false,,5.90,0.0694,true,1,187568
7290015139267,false,כרמית שוקולד מריר עם,,,כרמית שוקולד מריר עם,גרמים,85.00,100 גרם,false,,5.90,0.0694,true,1,187106
7290015139519,false,מיקסים קוביות וופל,,,מיקסים קוביות וופל,גרמים,55.00,100 גרם,false,,3.50,0.0636,true,1,189630
7290015139533,false,חופשי ופל לימון כרמי,,,חופשי ופל לימון כרמי,גרמים,200.00,100 גרם,false,,9.90,0.0495,true,1,189631
7290015139557,false,חופשי ופל שוקו כרמי,כרמית,,חופשי ופל שוקו כרמי,גרמים,200.00,100 גרם,false,,9.90,0.0495,true,1,189633
7290015139571,false,חופשי ופל מצופה ללא,,,חופשי ופל מצופה ללא,גרמים,125.00,100 גרם,false,,9.90,0.0792,true,1,189635
7290015150088,false,מיץ עגבניות 700 גרם,,,מיץ עגבניות 700 גרם,גרמים,700.00,100 גרם,false,,12.90,0.0184,true,1,185294
7290015150118,false,עגבניות חתוכות דק של,,,עגבניות חתוכות דק של,גרמים,1200.00,100 גרם,false,,13.90,0.0116,true,1,185295
7290015150200,false,עגבניות חתוכות דק 40,,,עגבניות חתוכות דק 40,גרמים,400.00,100 גרם,false,,5.90,0.0148,true,1,212211
7290015150361,false,תה ירוק נענע סטיביה,ויסוצקי,,תה ירוק נענע סטיביה,גרמים,37.50,100 גרם,false,,24.90,0.6640,false,1,185816
7290015150583,false,תה ירוק לימון ודבש ו,ויסוצקי,,תה ירוק לימון ודבש ו,מיליליטרים,37.50,"100 מ""ל",false,,24.90,0.6640,false,1,188154
7290015150590,false,תה ירוק ג'ינג'ר חריף,ויסוצקי,,תה ירוק ג'ינג'ר חריף,גרמים,37.50,100 גרם,false,,24.90,0.6640,false,1,188155
7290015150903,false,תה ירוק קינמון ודבש,ויסוצקי,,תה ירוק קינמון ודבש,יחידה,0.00,יחידה,false,,24.90,0.0000,false,1,193386
7290015155021,false,פרמיו לכלב דנטל מיני,,,פרמיו לכלב דנטל מיני,גרמים,110.00,100 גרם,false,,10.00,0.0909,true,1,200637
7290015155243,false,פרמיו כריות אנטי היי,,,פרמיו כריות אנטי היי,גרמים,60.00,100 גרם,false,,10.00,0.1667,true,1,263144
7290015155250,false,פרמיו כריות סלמון 60,,,פרמיו כריות סלמון 60,גרמים,60.00,100 גרם,false,,10.00,0.1667,true,1,263145
7290015155274,false,כריות עור ופרווה פרמ,,,כריות עור ופרווה פרמ,גרמים,60.00,100 גרם,false,,10.00,0.1667,true,1,263854
7290015155410,false,פרמיו כריות דנטל עוף,,,פרמיו כריות דנטל עוף,גרמים,60.00,100 גרם,false,,10.00,0.1667,true,1,263148
7290015155427,false,פרמיו עוף וכבד 15 גר,,,פרמיו עוף וכבד 15 גר,גרמים,15.00,100 גרם,false,,7.00,0.4667,true,1,263146
7290015155434,false,פרמיו סלומון ופורל 1,,,פרמיו סלומון ופורל 1,גרמים,15.00,100 גרם,false,,7.00,0.4667,true,1,263147
7290015155823,false,מחית תפוחי עץ פרינוק,פרינוק,,מחית תפוחי עץ פרינוק,גרמים,120.00,100 גרם,false,,5.90,0.0492,true,1,198489
7290015155830,false,מחית תפוחי עץ ובננה,פרינוק,,מחית תפוחי עץ ובננה,גרמים,120.00,100 גרם,false,,5.90,0.0492,true,1,198490
7290015155847,false,מחית סלט פירות פרינו,פרינוק,,מחית סלט פירות פרינו,גרמים,120.00,100 גרם,false,,5.90,0.0492,true,1,198491
7290015155878,false,חטיפטף חטיף אורז אפו,,,חטיפטף חטיף אורז אפו,גרמים,28.00,100 גרם,false,,8.50,0.3036,true,1,263772
7290015155892,false,חטיפטף בטעם בננה 28,,,חטיפטף בטעם בננה 28,גרמים,28.00,100 גרם,false,,8.50,0.3036,true,1,216920
7290015156790,false,מחית לפתן פירות פרינ,פרינוק,,מחית לפתן פירות פרינ,גרמים,120.00,100 גרם,false,,5.90,0.0492,true,1,203284
7290015156813,false,מחית פירות מעורבים פ,פרינוק,,מחית פירות מעורבים פ,גרמים,120.00,100 גרם,false,,5.90,0.0492,true,1,203285
7290015161114,false,פסטה ספגטי כוסמין או,,,פסטה ספגטי כוסמין או,גרמים,500.00,100 גרם,false,,16.90,0.0338,true,1,219720
7290015161169,false,גרנולה כוסמין קלאסית,,,גרנולה כוסמין קלאסית,גרמים,300.00,100 גרם,false,,26.90,0.0897,true,1,215070
7290015161534,false,קוואקר עבה ללא גלוטן,,,קוואקר עבה ללא גלוטן,גרמים,400.00,100 גרם,false,,21.90,0.0547,true,1,215153
7290015161558,false,קמח שיבולת שועל מלאה,,,קמח שיבולת שועל מלאה,גרמים,500.00,100 גרם,false,,26.90,0.0538,true,1,215071
7290015161848,false,פת פריכה אורגנית ללא,,,פת פריכה אורגנית ללא,גרמים,100.00,100 גרם,false,,13.90,0.1390,true,1,215157
7290015161862,false,פת פריכה אורגנית ללא,,,פת פריכה אורגנית ללא,גרמים,100.00,100 גרם,false,,13.90,0.1390,true,1,215158
7290015161930,false,פסטה פרו עדשים צהובו,,,פסטה פרו עדשים צהובו,גרמים,250.00,100 גרם,false,,16.90,0.0676,true,1,215143
7290015172011,false,דים סאם גיוזה עוף,,,דים סאם גיוזה עוף,גרמים,300.00,100 גרם,false,,29.90,0.0997,true,1,189667
7290015172028,false,דים סאם גיוזה בטטה,,,דים סאם גיוזה בטטה,גרמים,300.00,100 גרם,false,,29.90,0.0997,true,1,189668
7290015172073,false,דים סאם גיוזה פטריות,,,דים סאם גיוזה פטריות,גרמים,300.00,100 גרם,false,,29.90,0.0997,true,1,189670
7290015172202,false,דים סאם -גויזה אדממה,,,דים סאם -גויזה אדממה,גרמים,300.00,100 גרם,false,,29.90,0.0997,true,1,219240
7290015172219,false,דים סאם -גיוזה עוף פ,,,דים סאם -גיוזה עוף פ,גרמים,300.00,100 גרם,false,,29.90,0.0997,true,1,219717
7290015172264,false,לחמניות באן מאודות,,,לחמניות באן מאודות,גרמים,400.00,100 גרם,false,,31.90,0.0797,true,1,261500
7290015178273,false,רוטב מרינדה על האש א,אוליביה,,רוטב מרינדה על האש א,גרמים,320.00,100 גרם,false,,13.90,0.0434,true,1,264004
7290015282000,false,איקרה אדומה 200 גר',,,איקרה אדומה 200 גר',גרמים,200.00,100 גרם,false,,12.90,0.0645,true,1,212820
7290015282024,false,איקרה לבנה 200 גר',,,איקרה לבנה 200 גר',גרמים,200.00,100 גרם,false,,12.90,0.0645,true,1,212821
7290015282390,false,סלט תורכי 200 גרם גו,,,סלט תורכי 200 גרם גו,גרמים,200.00,100 גרם,false,,11.90,0.0595,true,1,260596
7290015282581,false,חומוס אבו גוש עם חרי,,,חומוס אבו גוש עם חרי,גרמים,200.00,100 גרם,false,,9.90,0.0495,true,1,260581
7290015282598,false,חומוס מסעדות 200 גרם,,,חומוס מסעדות 200 גרם,גרמים,200.00,100 גרם,false,,9.90,0.0495,true,1,260582
7290015282604,false,טחינה מיוחדת 200 גרם,,,טחינה מיוחדת 200 גרם,גרמים,200.00,100 גרם,false,,9.90,0.0495,true,1,260584
7290015282628,false,חציל בטעם כבד 200 גר,,,חציל בטעם כבד 200 גר,גרמים,200.00,100 גרם,false,,11.90,0.0595,true,1,260592
7290015282635,false,חומוס מסבחה 200 גרם,,,חומוס מסבחה 200 גרם,גרמים,200.00,100 גרם,false,,9.90,0.0495,true,1,260583
7290015282642,false,חומוס אבו גוש 200 גר,,,חומוס אבו גוש 200 גר,גרמים,200.00,100 גרם,false,,9.90,0.0495,true,1,260585
7290015282666,false,סלט טונה עם ירקות 20,,,סלט טונה עם ירקות 20,גרמים,200.00,100 גרם,false,,16.90,0.0845,true,1,260602
7290015282673,false,חציל במיונז ביתי 200,,,חציל במיונז ביתי 200,גרמים,200.00,100 גרם,false,,9.90,0.0495,true,1,260580
7290015282697,false,כרוב אדום 200 גרם,,,כרוב אדום 200 גרם,גרמים,200.00,100 גרם,false,,11.90,0.0595,true,1,260598
7290015282727,false,סלט גזר מרוקאי פיקנט,,,סלט גזר מרוקאי פיקנט,גרמים,200.00,100 גרם,false,,11.90,0.0595,true,1,260599
7290015282734,false,מטבוחה ביתית 200 גרם,,,מטבוחה ביתית 200 גרם,גרמים,200.00,100 גרם,false,,11.90,0.0595,true,1,260593
7290015282741,false,חציל תאילנדי 200 גרם,,,חציל תאילנדי 200 גרם,גרמים,200.00,100 גרם,false,,11.90,0.0595,true,1,260590
7290015282772,false,פלפל רצועות קלוי / מ,,,פלפל רצועות קלוי / מ,גרמים,200.00,100 גרם,false,,11.90,0.0595,true,1,260591
7290015282796,false,סלט תפוח אדמה 200 גר,,,סלט תפוח אדמה 200 גר,גרמים,200.00,100 גרם,false,,11.90,0.0595,true,1,260600
7290015284004,false,שמפו משפחתי לכל סוגי,,,שמפו משפחתי לכל סוגי,מיליליטרים,500.00,"100 מ""ל",false,,32.90,0.0658,true,1,148307
7290015284028,false,סבון גוף משפחתי,,,סבון גוף משפחתי,מיליליטרים,500.00,"100 מ""ל",false,,32.90,0.0658,true,1,148309
7290015284035,false,סבון ידיים,,,סבון ידיים,מיליליטרים,500.00,"100 מ""ל",false,,25.90,0.0518,true,1,148310
7290015284042,false,שמפו לשיער רגיל ושמן,,,שמפו לשיער רגיל ושמן,מיליליטרים,500.00,"100 מ""ל",false,,32.90,0.0658,true,1,148311
7290015284066,false,סבון גוף,,,סבון גוף,מיליליטרים,500.00,"100 מ""ל",false,,32.90,0.0658,true,1,148313
7290015284073,false,סבון ידיים,,,סבון ידיים,מיליליטרים,500.00,"100 מ""ל",false,,25.90,0.0518,true,1,148314
7290015284080,false,שמפו לשיער רגיל ויבש,,,שמפו לשיער רגיל ויבש,מיליליטרים,500.00,"100 מ""ל",false,,32.90,0.0658,true,1,148315
7290015284097,false,מרכך לשיער רגיל ויבש,,,מרכך לשיער רגיל ויבש,מיליליטרים,500.00,"100 מ""ל",false,,32.90,0.0658,true,1,148316
7290015284110,false,סבון ידיים,,,סבון ידיים,מיליליטרים,500.00,"100 מ""ל",false,,25.90,0.0518,true,1,148318
7290015284134,false,מסיכה לשיער רגיל-יבש,,,מסיכה לשיער רגיל-יבש,מיליליטרים,350.00,"100 מ""ל",false,,44.90,0.1283,true,1,185471
7290015284189,false,שמפו משפחתי לכל סוגי,,,שמפו משפחתי לכל סוגי,ליטרים,1.00,ליטר,false,,52.90,52.9000,true,1,210158
7290015284196,false,סבון גוף משפחתי מגיל,,,סבון גוף משפחתי מגיל,ליטרים,1.00,ליטר,false,,52.90,52.9000,true,1,210159
7290015284202,false,שמפו לשיער ecolove,,,שמפו לשיער ecolove,מיליליטרים,500.00,"100 מ""ל",false,,32.90,0.0658,true,1,190294
7290015284219,false,מרכך שיער ecolove,,,מרכך שיער ecolove,מיליליטרים,500.00,"100 מ""ל",false,,32.90,0.0658,true,1,190295
7290015284233,false,סבון ידיים פירות סגו,,,סבון ידיים פירות סגו,מיליליטרים,500.00,"100 מ""ל",false,,25.90,0.0518,true,1,192242
7290015284257,false,שמפו לשיער צבוע ויבש,,,שמפו לשיער צבוע ויבש,ליטרים,1.00,ליטר,false,,52.90,52.9000,true,1,215600
7290015284271,false,מרכך טבעי לשיער צבוע,,,מרכך טבעי לשיער צבוע,ליטרים,1.00,ליטר,false,,52.90,52.9000,true,1,215679
7290015284646,false,סבון גוף ecoLove להז,,,סבון גוף ecoLove להז,מיליליטרים,500.00,"100 מ""ל",false,,32.90,0.0658,true,1,262242
7290015284660,false,שמפו לאחר החלקה ללא,,,שמפו לאחר החלקה ללא,מיליליטרים,500.00,"100 מ""ל",false,,36.90,0.0738,true,1,196943
7290015284677,false,מרכך לאחר החלקה ללא,,,מרכך לאחר החלקה ללא,מיליליטרים,500.00,"100 מ""ל",false,,36.90,0.0738,true,1,196944
7290015306751,false,קמח עדשים אדומות 500,,,קמח עדשים אדומות 500,גרמים,500.00,100 גרם,false,,14.90,0.0298,true,1,198661
7290015324007,false,פלפל שחור גרוס 80 גר,תבליני טעם וריח,,פלפל שחור גרוס 80 גר,גרמים,80.00,100 גרם,false,,9.50,0.1188,true,1,146553
7290015324014,false,פלפל שחור טחון 80 גר,תבליני טעם וריח,,פלפל שחור טחון 80 גר,גרמים,80.00,100 גרם,false,,9.50,0.1188,true,1,146554
7290015324038,false,פפריקה בשמן 80 גר שק,תבליני טעם וריח,,פפריקה בשמן 80 גר שק,גרמים,80.00,100 גרם,false,,5.90,0.0738,true,1,146555
7290015324045,false,פפריקה חריפה שקית 80,תבליני טעם וריח,,פפריקה חריפה שקית 80,גרמים,80.00,100 גרם,false,,5.90,0.0738,true,1,146556
7290015324052,false,פפריקה מתוקה שקית 80,תבליני טעם וריח,,פפריקה מתוקה שקית 80,גרמים,80.00,100 גרם,false,,5.90,0.0738,true,1,146557
7290015324069,false,גריל עוף שקית 80 גר,תבליני טעם וריח,,גריל עוף שקית 80 גר,גרמים,80.00,100 גרם,false,,5.90,0.0738,true,1,146558
7290015324076,false,זעתר שקית 80 גר,תבליני טעם וריח,,זעתר שקית 80 גר,גרמים,80.00,100 גרם,false,,5.90,0.0738,true,1,146559
7290015324083,false,מלח לימון שקית 80 גר,תבליני טעם וריח,,מלח לימון שקית 80 גר,גרמים,80.00,100 גרם,false,,5.90,0.0738,true,1,146560
7290015324090,false,כמון שקית 80 גר,תבליני טעם וריח,,כמון שקית 80 גר,גרמים,80.00,100 גרם,false,,5.90,0.0738,true,1,146561
7290015324106,false,כורכום שקית 80 גר,תבליני טעם וריח,,כורכום שקית 80 גר,גרמים,80.00,100 גרם,false,,5.90,0.0738,true,1,146562
7290015324113,false,בהרט שקית 80 גר,תבליני טעם וריח,,בהרט שקית 80 גר,גרמים,80.00,100 גרם,false,,5.90,0.0738,true,1,146563
7290015324120,false,שום גבישי שקית 80 גר,תבליני טעם וריח,,שום גבישי שקית 80 גר,גרמים,80.00,100 גרם,false,,5.90,0.0738,true,1,146564
7290015324151,false,חוויאג למרק 80 גר שק,תבליני טעם וריח,,חוויאג למרק 80 גר שק,גרמים,80.00,100 גרם,false,,5.90,0.0738,true,1,146565
7290015324168,false,תבלין על האש שקית 80,תבליני טעם וריח,,תבלין על האש שקית 80,גרמים,80.00,100 גרם,false,,5.90,0.0738,true,1,146566
7290015324175,false,תבלין לשווארמה 80 גר,תבליני טעם וריח,,תבלין לשווארמה 80 גר,גרמים,80.00,100 גרם,false,,5.90,0.0738,true,1,146567
7290015324281,false,בצל מטוגן שקית 200,,,בצל מטוגן שקית 200,גרמים,200.00,100 גרם,false,,9.50,0.0475,true,1,196505
7290015324519,false,תערובת לפיצה שקית 80,תבליני טעם וריח,,תערובת לפיצה שקית 80,גרמים,80.00,100 גרם,false,,5.90,0.0738,true,1,208357
7290015324526,false,תערובת תיבול לפרגיות,תבליני טעם וריח,,תערובת תיבול לפרגיות,גרמים,80.00,100 גרם,false,,5.90,0.0738,true,1,208358
7290015324533,false,רוזמרין מיכל גדול 5,תבליני טעם וריח,,רוזמרין מיכל גדול 5,גרמים,55.00,100 גרם,false,,9.50,0.1727,true,1,208369
7290015324540,false,טימין מיכל גדול 30 ג,תבליני טעם וריח,,טימין מיכל גדול 30 ג,גרמים,30.00,100 גרם,false,,9.50,0.3167,true,1,208370
7290015324557,false,בהרט לבישול מיכל גדו,תבליני טעם וריח,,בהרט לבישול מיכל גדו,גרמים,80.00,100 גרם,false,,9.50,0.1188,true,1,208371
7290015324564,false,כוסברה טחונה מיכל גד,תבליני טעם וריח,,כוסברה טחונה מיכל גד,גרמים,70.00,100 גרם,false,,9.50,0.1357,true,1,208372
7290015324571,false,פפריקה מתוקה בשמן בס,,,פפריקה מתוקה בשמן בס,גרמים,400.00,100 גרם,false,,18.90,0.0472,true,1,210180
7290015324588,false,פלפל לבן טחון 100 גר,,,פלפל לבן טחון 100 גר,גרמים,100.00,100 גרם,false,,12.90,0.1290,true,1,217679
7290015324595,false,פלפל שחור גרוס 400 ג,,,פלפל שחור גרוס 400 ג,גרמים,400.00,100 גרם,false,,25.90,0.0647,true,1,212816
7290015324656,false,תבלין זעפרן 0.5 גרם,,,תבלין זעפרן 0.5 גרם,גרמים,0.50,100 גרם,false,,19.90,39.8000,true,1,214658
7290015324663,false,צ'ילי גרוס חריף במיכ,,,צ'ילי גרוס חריף במיכ,גרמים,70.00,100 גרם,false,,9.50,0.1357,true,1,216293
7290015324670,false,מטחנת פלפל שחור שלם,,,מטחנת פלפל שחור שלם,גרמים,50.00,100 גרם,false,,12.90,0.2580,true,1,261611
7290015324687,false,מטחנת לקט פלפל,,,מטחנת לקט פלפל,גרמים,50.00,100 גרם,false,,12.90,0.2580,true,1,261612
7290015324694,false,מטחנת מלח ים,,,מטחנת מלח ים,גרמים,100.00,100 גרם,false,,12.90,0.1290,true,1,261613
7290015324700,false,מטחנת מלח הימלאיה,,,מטחנת מלח הימלאיה,גרמים,100.00,100 גרם,false,,12.90,0.1290,true,1,261614
7290015324717,false,מחית שום טעם וריח,,,מחית שום טעם וריח,גרמים,210.00,100 גרם,false,,13.90,0.0662,true,1,261615
7290015324724,false,מחית צ'ילי חריף טעם,,,מחית צ'ילי חריף טעם,גרמים,230.00,100 גרם,false,,13.90,0.0604,true,1,261616
7290015335607,false,יוגונאט טבעי 150 גר',,,יוגונאט טבעי 150 גר',גרמים,150.00,100 גרם,false,,7.40,0.0493,true,1,208639
7290015335614,false,יוגונאט תות 150 גר',,,יוגונאט תות 150 גר',גרמים,150.00,100 גרם,false,,7.40,0.0493,true,1,208641
7290015335621,false,יוגונאט פירות יער 15,,,יוגונאט פירות יער 15,גרמים,150.00,100 גרם,false,,7.40,0.0493,true,1,216223
7290015335638,false,יוגונאט דובדבן 150 ג,,,יוגונאט דובדבן 150 ג,גרמים,150.00,100 גרם,false,,7.40,0.0493,true,1,208642
7290015340199,false,ארץ- רכז רימונים 250,,,ארץ- רכז רימונים 250,מיליליטרים,250.00,"100 מ""ל",false,,16.90,0.0676,true,1,195019
7290015340236,false,ממרח שקד ללא סוכר 30,,,ממרח שקד ללא סוכר 30,גרמים,300.00,100 גרם,false,,31.90,0.1063,true,1,149598
7290015340281,false,קמח שקדים ללא גלוטן,,,קמח שקדים ללא גלוטן,גרמים,400.00,100 גרם,false,,26.90,0.0672,true,1,149848
7290015340304,false,סילאן טבעי 900 גר' ל,,,סילאן טבעי 900 גר' ל,גרמים,900.00,100 גרם,false,,21.90,0.0243,true,1,150114
7290015340427,false,ממרח חרובים ללא סוכר,,,ממרח חרובים ללא סוכר,יחידה,0.00,יחידה,false,,21.90,0.0000,true,1,187842
7290015340434,false,"שמן אבוקדו 500 מ""ל",,,"שמן אבוקדו 500 מ""ל",מיליליטרים,500.00,"100 מ""ל",false,,49.90,0.0998,true,1,188153
7290015340656,false,חמאת פיסטוק 250ג'- ה,,,חמאת פיסטוק 250ג'- ה,גרמים,250.00,100 גרם,false,,59.90,0.2396,true,1,195462
7290015350150,false,סגל אדום חצי יבש,של סגל,,סגל אדום חצי יבש,מיליליטרים,750.00,"100 מ""ל",false,,19.90,0.0265,false,1,214131
7290015350242,false,ברנדי שטוק 84,,,ברנדי שטוק 84,מיליליטרים,750.00,"100 מ""ל",false,,74.90,0.0999,true,1,201326
7290015350402,false,רזרב מוסקט ורוד 750,ברקן רזרב,,רזרב מוסקט ורוד 750,מיליליטרים,750.00,"100 מ""ל",false,,34.90,0.0465,false,1,216537
7290015354899,false,חרדל דיז'ון מעודן 35,,,חרדל דיז'ון מעודן 35,גרמים,350.00,100 גרם,false,,11.90,0.0340,true,1,203348
7290015366663,false,משחת שיניים אקווה פר,אקווה פרש,,משחת שיניים אקווה פר,מיליליטרים,100.00,"100 מ""ל",false,,6.90,0.0690,true,1,190599
7290015375696,false,פרורי לחם עם שומשום,,,פרורי לחם עם שומשום,גרמים,400.00,100 גרם,false,,11.90,0.0298,true,1,200526
7290015395045,false,קינואה 400 גרם שקדיה,,,קינואה 400 גרם שקדיה,גרמים,400.00,100 גרם,false,,9.90,0.0248,true,1,185285
7290015424882,false,פמינה TO GO מגבונים,פמינה,,פמינה TO GO מגבונים,יחידה,0.00,יחידה,false,,13.90,0.0000,true,1,192852
7290015437431,false,רכז רימונים 420 גר',,,רכז רימונים 420 גר',גרמים,420.00,100 גרם,false,,19.90,0.0474,true,1,218115
7290015470094,false,טוסו שוקולד מריר תפו,,,טוסו שוקולד מריר תפו,גרמים,100.00,100 גרם,false,,12.90,0.1290,true,1,192745
7290015596831,false,קרם גוף מועשר בשמן א,"ד""ר פישר",,קרם גוף מועשר בשמן א,מיליליטרים,450.00,"100 מ""ל",false,,23.90,0.0531,true,1,213194
7290015597210,false,מאגדת טילון קורנטו ט,,,מאגדת טילון קורנטו ט,יחידה,0.00,יחידה,false,,34.90,0.0000,true,1,201593
7290015597326,false,מאגדת שלגונים אסקימו,שטראוס,,מאגדת שלגונים אסקימו,יחידה,0.00,יחידה,false,,25.90,0.0000,true,1,190075
7290015597937,false,קורנטו קלאסיק,שטראוס,,קורנטו קלאסיק,גרמים,70.00,100 גרם,false,,6.90,0.0986,true,1,201594
7290015599016,false,צהובה טבעונית עם זית,,,צהובה טבעונית עם זית,גרמים,200.00,100 גרם,false,,21.90,0.1095,true,1,195819
7290015599023,false,צהובה טבעונית בטעם ק,,,צהובה טבעונית בטעם ק,גרמים,200.00,100 גרם,false,,21.90,0.1095,true,1,195821
7290015599030,false,צהובה טבעונית בטעם פ,,,צהובה טבעונית בטעם פ,יחידה,0.00,יחידה,false,,21.90,0.0000,true,1,195338
7290015599047,false,בלוק צהובה טבעונית ל,,,בלוק צהובה טבעונית ל,יחידה,0.00,יחידה,false,,15.90,0.0000,true,1,195339
7290015599061,false,גבינה צהובה טבעונית,,,גבינה צהובה טבעונית,גרמים,200.00,100 גרם,false,,21.90,0.1095,true,1,195765
7290015599191,false,ממרח טבעוני בטעם גב,,,ממרח טבעוני בטעם גב,יחידה,0.00,יחידה,false,,16.90,0.0000,true,1,195342
7290015599306,false,גבינת שמנת טבעונית ע,,,גבינת שמנת טבעונית ע,יחידה,0.00,יחידה,false,,16.90,0.0000,true,1,195344
7290015599504,false,ממרח בטעם חמאה אורגנ,,,ממרח בטעם חמאה אורגנ,גרמים,225.00,100 גרם,false,,16.90,0.0751,true,1,203344
7290015642170,false,חציל במיונז 400 ג' א,,,חציל במיונז 400 ג' א,גרמים,400.00,100 גרם,false,,7.90,0.0198,true,1,150248
7290015652254,false,גרעינים שחורים ששון,,,גרעינים שחורים ששון,גרמים,400.00,100 גרם,false,,10.00,0.0250,true,1,186558
7290015652261,false,בוטנים קלויים ששון ה,,,בוטנים קלויים ששון ה,גרמים,300.00,100 גרם,false,,10.00,0.0333,true,1,186550
7290015652278,false,תערובת פיצוחים ששון,,,תערובת פיצוחים ששון,גרמים,250.00,100 גרם,false,,20.00,0.0800,true,1,187743
7290015652285,false,אגוזים קלופים ששון ה,,,אגוזים קלופים ששון ה,גרמים,250.00,100 גרם,false,,20.00,0.0800,true,1,260424
7290015652292,false,קבוקים 400 גרם,,,קבוקים 400 גרם,גרמים,400.00,100 גרם,false,,10.00,0.0250,true,1,187965
7290015652308,false,מנצ'ס ששון הקולה,,,מנצ'ס ששון הקולה,גרמים,300.00,100 גרם,false,,10.00,0.0333,true,1,186559
7290015652322,false,בוטן אמריקאי 400 גר',,,בוטן אמריקאי 400 גר',גרמים,400.00,100 גרם,false,,10.00,0.0250,true,1,187966
7290015652407,false,פיסטוק 250 גרם,,,פיסטוק 250 גרם,גרמים,250.00,100 גרם,false,,20.00,0.0800,true,1,191186
7290015652605,false,פיסטוק קלוף 100 גרם,,,פיסטוק קלוף 100 גרם,גרמים,100.00,100 גרם,false,,22.90,0.2290,true,1,190478
7290015673181,false,המבורגר קליפורניה קל,,,המבורגר קליפורניה קל,גרמים,400.00,100 גרם,false,,24.90,0.0622,true,1,205397
7290015673198,false,המבורגר טקסס עם פטרי,,,המבורגר טקסס עם פטרי,גרמים,400.00,100 גרם,false,,24.90,0.0622,true,1,191649
7290015673570,false,קריספי טופו מוכן 350,,,קריספי טופו מוכן 350,גרמים,350.00,100 גרם,false,,25.90,0.0740,true,1,206604
7290015673587,false,קריספי טופו אסייתי 3,,,קריספי טופו אסייתי 3,גרמים,350.00,100 גרם,false,,25.90,0.0740,true,1,205400
7290015673594,false,קריספי טופו בוטנים 3,,,קריספי טופו בוטנים 3,גרמים,350.00,100 גרם,false,,22.90,0.0654,true,1,207008
7290015695800,false,נבטי ברוקולי,,,נבטי ברוקולי,גרמים,120.00,100 גרם,false,,11.90,0.0992,true,1,188357
7290015695817,false,נבטי קייל,,,נבטי קייל,גרמים,120.00,100 גרם,false,,11.90,0.0992,true,1,188358
7290015695824,false,נבטי חרדל,,,נבטי חרדל,גרמים,120.00,100 גרם,false,,11.90,0.0992,true,1,188359
7290015695831,false,נבטי צנונית,,,נבטי צנונית,גרמים,120.00,100 גרם,false,,11.90,0.0992,true,1,188360
7290015695848,false,נבטי אלפלפא,,,נבטי אלפלפא,גרמים,100.00,100 גרם,false,,11.90,0.1190,true,1,188361
7290015695886,false,מיקס נבטים,,,מיקס נבטים,גרמים,200.00,100 גרם,false,,11.90,0.0595,true,1,188365
7290015695916,false,מיקס נבטים ענק,,,מיקס נבטים ענק,גרמים,200.00,100 גרם,false,,19.90,0.0995,true,1,188732
7290015695923,false,נבטים סיניים,,,נבטים סיניים,יחידה,0.00,יחידה,false,,9.90,0.0000,true,1,192357
7290015695947,false,נבטי אפונה,,,נבטי אפונה,יחידה,0.00,יחידה,false,,10.90,0.0000,true,1,196749
7290015699730,false,סבון רצפות דה מרסיי,יעקובי הפי,,סבון רצפות דה מרסיי,ליטרים,1.50,ליטר,false,,11.90,7.9333,true,1,191179
7290015733120,false,מטרנה גולד שלב 1 700,,,מטרנה גולד שלב 1 700,גרמים,700.00,100 גרם,false,,75.90,0.1084,false,1,202341
7290015733168,false,מטרנה גולד שלב 3 700,,,מטרנה גולד שלב 3 700,גרמים,700.00,100 גרם,false,,75.90,0.1084,false,1,202343
7290015733427,false,מטרנה דייסת גם וגם ו,מטרנה,,מטרנה דייסת גם וגם ו,גרמים,300.00,100 גרם,false,,24.00,0.0800,false,1,210142
7290015733441,false,מטרנה דייסת גם וגם ד,מטרנה,,מטרנה דייסת גם וגם ד,גרמים,300.00,100 גרם,false,,24.00,0.0800,false,1,210143
7290015733977,false,מטרנה קומפורט 700 גר,,,מטרנה קומפורט 700 גר,גרמים,700.00,100 גרם,false,,75.90,0.1084,false,1,216461
7290015753173,false,אטבי כביסה סומו,,,אטבי כביסה סומו,יחידה,0.00,יחידה,false,,4.90,0.0000,true,1,188945
7290015753203,false,סומו- מטליות לניקוי,,,סומו- מטליות לניקוי,יחידה,0.00,יחידה,false,,6.90,0.0000,true,1,195090
7290015753210,false,סומו- מטליות לרצפה 3,,,סומו- מטליות לרצפה 3,יחידה,0.00,יחידה,false,,13.90,0.0000,true,1,195091
7290015753227,false,מגב קליק 50+מקל,,,מגב קליק 50+מקל,יחידה,0.00,יחידה,false,,28.90,0.0000,true,1,194052
7290015753234,false,מגב קליק 60+מקל,,,מגב קליק 60+מקל,יחידה,0.00,יחידה,false,,32.90,0.0000,true,1,194140
7290015753456,false,כרית יפנית קוצים 3'ח,,,כרית יפנית קוצים 3'ח,יחידה,0.00,יחידה,false,,7.90,0.0000,true,1,213850
7290015753463,false,נופר ספוג קרצוף 10 י,,,נופר ספוג קרצוף 10 י,יחידה,0.00,יחידה,false,,3.90,0.0000,true,1,206240
7290015775632,false,חמאת בוטנים,,,חמאת בוטנים,גרמים,350.00,100 גרם,false,,13.90,0.0397,true,1,213752
7290015781015,false,יין מלבק VISION טפרב,,,יין מלבק VISION טפרב,מיליליטרים,750.00,"100 מ""ל",false,,39.90,0.0532,true,1,186897
7290015781046,false,יין לבן חצי יבש VISI,,,יין לבן חצי יבש VISI,מיליליטרים,750.00,"100 מ""ל",false,,39.90,0.0532,true,1,186898
7290015781053,false,יין לבן יבש VISION ט,,,יין לבן יבש VISION ט,מיליליטרים,750.00,"100 מ""ל",false,,39.90,0.0532,true,1,186899
7290015781091,false,יין קברנה סוביניון V,,,יין קברנה סוביניון V,מיליליטרים,750.00,"100 מ""ל",false,,39.90,0.0532,true,1,186900
7290015781107,false,יין סנגובזה אימפרייש,,,יין סנגובזה אימפרייש,מיליליטרים,750.00,"100 מ""ל",false,,49.90,0.0665,true,1,186806
7290015781114,false,יין מרלו אימפריישן ט,,,יין מרלו אימפריישן ט,מיליליטרים,750.00,"100 מ""ל",false,,49.90,0.0665,true,1,186807
7290015781121,false,יין קברנה סוביניון א,,,יין קברנה סוביניון א,מיליליטרים,750.00,"100 מ""ל",false,,49.90,0.0665,true,1,186808
7290015781152,false,יין רוזה אימפריישן ט,,,יין רוזה אימפריישן ט,מיליליטרים,750.00,"100 מ""ל",false,,49.90,0.0665,true,1,186810
7290015781169,false,יין קברנה סוביניון ח,,,יין קברנה סוביניון ח,מיליליטרים,750.00,"100 מ""ל",false,,49.90,0.0665,true,1,186811
7290015781282,false,יין גוורצטמינר אימפר,,,יין גוורצטמינר אימפר,מיליליטרים,750.00,"100 מ""ל",false,,49.90,0.0665,true,1,186812
7290015781299,false,יין שיראז VISION טפר,,,יין שיראז VISION טפר,מיליליטרים,750.00,"100 מ""ל",false,,39.90,0.0532,true,1,186901
7290015781305,false,יין סירה אימפריישן ט,,,יין סירה אימפריישן ט,מיליליטרים,750.00,"100 מ""ל",false,,49.90,0.0665,true,1,186813
7290015790000,false,גרעיני רימון,,,גרעיני רימון,גרמים,250.00,100 גרם,false,,14.90,0.0596,true,1,187231
7290015793469,false,קרם לתינוק 90 גר' שפ,,,קרם לתינוק 90 גר' שפ,גרמים,90.00,100 גרם,false,,17.90,0.1989,true,1,214713
7290015804400,false,עגבניות מרוסקות 250,טל,,עגבניות מרוסקות 250,גרמים,250.00,100 גרם,false,,3.20,0.0128,false,1,190464
7290015804417,false,עגבניות מרוסקות עם ש,טל,,עגבניות מרוסקות עם ש,גרמים,250.00,100 גרם,false,,3.20,0.0128,false,1,190465
7290015804424,false,עגבניות מרוסקות בזיל,טל,,עגבניות מרוסקות בזיל,גרמים,250.00,100 גרם,false,,3.20,0.0128,false,1,190466
7290015804486,false,עגבניות מרוסקות בטעם,טל,,עגבניות מרוסקות בטעם,גרמים,250.00,100 גרם,false,,3.20,0.0128,false,1,190467
7290015809214,false,דגש פלאפל ללא גלוטן,,,דגש פלאפל ללא גלוטן,גרמים,180.00,100 גרם,false,,10.90,0.0606,true,1,262387
7290015821582,false,מארז נרות נשמה 4 יח',,,מארז נרות נשמה 4 יח',יחידה,0.00,יחידה,false,,8.90,0.0000,true,1,215058
7290015856546,false,ביסקויט גן חיות הדר,,,ביסקויט גן חיות הדר,גרמים,180.00,100 גרם,false,,3.90,0.0217,true,1,215511
7290015856607,false,עוגיות תירוש מלוח מת,,,עוגיות תירוש מלוח מת,גרמים,175.00,100 גרם,false,,5.90,0.0337,true,1,215512
7290015856621,false,עוגיות תירוש קרמל חצ,,,עוגיות תירוש קרמל חצ,גרמים,175.00,100 גרם,false,,5.90,0.0337,true,1,215513
7290015856935,false,ביסקוויט extra בטעם,,,ביסקוויט extra בטעם,גרמים,400.00,100 גרם,false,,7.50,0.0188,true,1,219109
7290015858106,false,פסטו ביתי מצונן,,,פסטו ביתי מצונן,גרמים,180.00,100 גרם,false,,15.90,0.0883,true,1,198388
7290015858113,false,ממרח עגבניות מיובשות,,,ממרח עגבניות מיובשות,גרמים,180.00,100 גרם,false,,15.90,0.0883,true,1,198389
7290015858144,false,ממרח ארטישוק מצונן,,,ממרח ארטישוק מצונן,גרמים,180.00,100 גרם,false,,15.90,0.0883,true,1,198392
7290015858151,false,ממרח שום מצונן,,,ממרח שום מצונן,גרמים,180.00,100 גרם,false,,15.90,0.0883,true,1,198393
7290015858175,false,ממרח פלפלים קלויים מ,,,ממרח פלפלים קלויים מ,גרמים,180.00,100 גרם,false,,15.90,0.0883,true,1,198395
7290015858229,false,טפנד זיתי קלמטה מצונ,,,טפנד זיתי קלמטה מצונ,גרמים,180.00,100 גרם,false,,15.90,0.0883,true,1,198398
7290015858328,false,איולי פסטו,,,איולי פסטו,גרמים,295.00,100 גרם,false,,15.90,0.0539,true,1,264524
7290015858427,false,מארז עללחם,,,מארז עללחם,גרמים,240.00,100 גרם,false,,21.90,0.0912,true,1,263345
7290015858434,false,שום כתוש 250 גר על ה,,,שום כתוש 250 גר על ה,גרמים,250.00,100 גרם,false,,14.50,0.0580,true,1,208577
7290015858441,false,איולי פלפלים,,,איולי פלפלים,גרמים,295.00,100 גרם,false,,15.90,0.0539,true,1,264522
7290015858687,false,איולי שום,,,איולי שום,גרמים,295.00,100 גרם,false,,15.90,0.0539,true,1,264523
7290015858694,false,איולי שום לימון,,,איולי שום לימון,גרמים,295.00,100 גרם,false,,15.90,0.0539,true,1,264525
7290015859004,false,עירית,,,עירית,יחידה,0.00,יחידה,false,,5.50,0.0000,true,1,188908
7290015859028,false,תרד ניו זילנד,,,תרד ניו זילנד,יחידה,0.00,יחידה,false,,11.90,0.0000,true,1,188897
7290015859042,false,לבבות קיסר,,,לבבות קיסר,יחידה,0.00,יחידה,false,,11.90,0.0000,true,1,188899
7290015859059,false,עלי רומית,,,עלי רומית,יחידה,0.00,יחידה,false,,9.90,0.0000,true,1,188900
7290015859066,false,אורגנו,,,אורגנו,יחידה,0.00,יחידה,false,,5.50,0.0000,true,1,188909
7290015859073,false,רוזמרין,,,רוזמרין,יחידה,0.00,יחידה,false,,5.50,0.0000,true,1,188910
7290015859080,false,קורנית,,,קורנית,יחידה,0.00,יחידה,false,,5.50,0.0000,true,1,188911
7290015859103,false,מרווה,,,מרווה,יחידה,0.00,יחידה,false,,5.50,0.0000,true,1,188913
7290015859127,false,רוקולה,,,רוקולה,יחידה,0.00,יחידה,false,,10.90,0.0000,true,1,188915
7290015859202,false,בזיליקום,,,בזיליקום,יחידה,0.00,יחידה,false,,5.50,0.0000,true,1,188918
7290015859219,false,בזיליקום,,,בזיליקום,יחידה,0.00,יחידה,false,,10.90,0.0000,true,1,188919
7290015859233,false,קייל ירוק,,,קייל ירוק,יחידה,0.00,יחידה,false,,10.90,0.0000,true,1,188920
7290015859257,false,תרד תורכי,,,תרד תורכי,יחידה,0.00,יחידה,false,,9.90,0.0000,true,1,188905
7290015859271,false,עלי רוקט,,,עלי רוקט,יחידה,0.00,יחידה,false,,9.90,0.0000,true,1,188922
7290015859288,false,עלי בייבי,,,עלי בייבי,יחידה,0.00,יחידה,false,,9.90,0.0000,true,1,188923
7290015859301,false,חסה מסולסלת/משי,,,חסה מסולסלת/משי,יחידה,0.00,יחידה,false,,10.90,0.0000,true,1,188906
7290015859325,false,פקצ'וי,,,פקצ'וי,יחידה,0.00,יחידה,false,,12.90,0.0000,true,1,189478
7290015859356,false,פטריות שמפניון משק ב,,,פטריות שמפניון משק ב,גרמים,250.00,100 גרם,false,,8.90,0.0356,true,1,212319
7290015859394,false,אנדיב לבן,,,אנדיב לבן,יחידה,0.00,יחידה,false,,15.90,0.0000,true,1,217165
7290015859455,false,נבטי אלפלפא,,,נבטי אלפלפא,יחידה,0.00,יחידה,false,,6.90,0.0000,true,1,193259
7290015859462,false,נבטי חמניה,,,נבטי חמניה,יחידה,0.00,יחידה,false,,8.90,0.0000,true,1,193102
7290015859479,false,נבטים סיניים,,,נבטים סיניים,יחידה,0.00,יחידה,false,,6.90,0.0000,true,1,193103
7290015859493,false,חסה באטר קראנץ 300 ג,,,חסה באטר קראנץ 300 ג,גרמים,300.00,100 גרם,false,,9.90,0.0330,true,1,195942
7290015859509,false,חסה סלנובה,,,חסה סלנובה,יחידה,0.00,יחידה,false,,10.90,0.0000,true,1,195496
7290015859806,false,חסה לאליק,,,חסה לאליק,יחידה,0.00,יחידה,false,,10.90,0.0000,true,1,217476
7290015888301,false,שמן חמניות שוקחה 3 ל,,,שמן חמניות שוקחה 3 ל,ליטרים,3.00,ליטר,false,,34.90,11.6333,true,1,218347
7290015946001,false,מאסטר ספירולינה,,,מאסטר ספירולינה,גרמים,200.00,100 גרם,false,,59.90,0.2995,true,1,216512
7290015951227,false,יין גמלא סירה 2017,,,יין גמלא סירה 2017,100 מל,750.00,100 מל,false,,59.90,0.0799,true,1,213999
7290015951463,false,יין ירדן 2T,,,יין ירדן 2T,מיליליטרים,750.00,"100 מ""ל",false,,90.00,0.1200,true,1,204840
7290015951616,false,גמלא סנג'ובזה 2015,,,גמלא סנג'ובזה 2015,מיליליטרים,750.00,"100 מ""ל",false,,54.90,0.0732,true,1,199641
7290015951890,false,יין הר חרמון קברנה ס,,,יין הר חרמון קברנה ס,מיליליטרים,750.00,"100 מ""ל",false,,29.90,0.0399,true,1,202606
7290015968393,false,נשכן בננה מברשת שיני,,,נשכן בננה מברשת שיני,יחידה,0.00,יחידה,false,,36.90,0.0000,true,1,198071
7290015983006,false,חסה רומית שדות בר,,,חסה רומית שדות בר,קילוגרמים,1.00,"ק""ג",true,,30.00,30.0000,true,1,185498
7290015983075,false,בצל ירוק שטוף שדות ב,,,בצל ירוק שטוף שדות ב,קילוגרמים,1.00,"ק""ג",true,,30.00,30.0000,true,1,187173
7290015983082,false,ירק שטוף שדות בר,,,ירק שטוף שדות בר,קילוגרמים,1.00,"ק""ג",true,,30.00,30.0000,true,1,187174
7290015983129,false,פלפל סווויט בייט,,,פלפל סווויט בייט,קילוגרמים,1.00,"ק""ג",true,,30.00,30.0000,true,1,204333
7290015983136,false,עגבניות שרי בלינדה,,,עגבניות שרי בלינדה,קילוגרמים,1.00,"ק""ג",true,,30.00,30.0000,true,1,204554
7290015983143,false,מלפפון בייבי שדות בר,,,מלפפון בייבי שדות בר,קילוגרמים,1.00,"ק""ג",true,,30.00,30.0000,true,1,204343
7290015996983,false,סוכרלוז ממתיק 100 שק,,,סוכרלוז ממתיק 100 שק,גרמים,100.00,100 גרם,false,,27.90,0.2790,true,1,202306
7290016006025,false,שוופס סודה 0.5 ליטר,,,שוופס סודה 0.5 ליטר,מיליליטרים,500.00,"100 מ""ל",false,,3.00,0.0060,true,1,192599
7290016006292,false,ספרינג מנגו בננה מלו,ספרינג,,ספרינג מנגו בננה מלו,ליטרים,1.00,ליטר,false,,6.90,6.9000,false,1,191431
7290016006339,false,רביעייה מי עדן 1 ליט,מי עדן,,רביעייה מי עדן 1 ליט,ליטרים,4.00,ליטר,false,,10.00,2.5000,false,1,192095
7290016006346,false,שישייה סודה שוופס 0.,שוופס,,שישייה סודה שוופס 0.,ליטרים,3.00,ליטר,false,,14.90,4.9667,true,1,190727
7290016047301,false,קמח רב תכליתי 500 גר,,,קמח רב תכליתי 500 גר,גרמים,500.00,100 גרם,false,,24.90,0.0498,true,1,202158
7290016077759,false,רוטב ברבקיו קלאסי הי,,,רוטב ברבקיו קלאסי הי,גרמים,480.00,100 גרם,false,,15.90,0.0331,true,1,199419
7290016077766,false,שעועית אפויה היינץ,,,שעועית אפויה היינץ,גרמים,228.00,100 גרם,false,,8.90,0.0390,true,1,200268
7290016082203,false,בירת הגיבור בסגנון א,,,בירת הגיבור בסגנון א,מיליליטרים,330.00,"100 מ""ל",false,,12.90,0.0391,true,1,214627
7290016082210,false,בירת חיטה בווארית הג,,,בירת חיטה בווארית הג,מיליליטרים,330.00,"100 מ""ל",false,,12.90,0.0391,true,1,214624
7290016082234,false,בירת הגיבור בסגנון ס,,,בירת הגיבור בסגנון ס,מיליליטרים,330.00,"100 מ""ל",false,,12.90,0.0391,true,1,214628
7290016082241,false,בירת הגיבור בסגנון I,,,בירת הגיבור בסגנון I,מיליליטרים,330.00,"100 מ""ל",false,,12.90,0.0391,true,1,214625
7290016082333,false,בירת אייל זהובה קלאס,,,בירת אייל זהובה קלאס,מיליליטרים,330.00,"100 מ""ל",false,,12.90,0.0391,true,1,214626
7290016082418,false,"בירה הגיבור 330 מ""ל",,,"בירה הגיבור 330 מ""ל",מיליליטרים,330.00,"100 מ""ל",false,,12.90,0.0391,true,1,261115
7290016094039,false,אולטרסול ספריי שקוף,,,אולטרסול ספריי שקוף,יחידה,0.00,יחידה,false,,44.90,0.0000,true,1,195958
7290016096491,false,שלישיית פיל טונה בשמ,,,שלישיית פיל טונה בשמ,גרמים,168.00,100 גרם,false,,10.90,0.0649,true,1,198790
7290016096675,false,שלישיה פיל טונה בשמן,,,שלישיה פיל טונה בשמן,גרמים,168.00,100 גרם,false,,12.90,0.0768,false,1,207320
7290016114300,false,נייר טואלט לילי לבן,,,נייר טואלט לילי לבן,יחידה,0.00,יחידה,false,,37.90,0.0000,false,1,193872
7290016136142,false,תערובת להכנת פנקייק,,,תערובת להכנת פנקייק,גרמים,400.00,100 גרם,false,,19.90,0.0497,true,1,192152
7290016136692,false,משחת שיניים אקווה פר,אקווה פרש,,משחת שיניים אקווה פר,מיליליטרים,300.00,"100 מ""ל",false,,19.90,0.0663,true,1,193196
7290016136708,false,משחת שיניים אקווה פר,אקווה פרש,,משחת שיניים אקווה פר,מיליליטרים,300.00,"100 מ""ל",false,,19.90,0.0663,true,1,193197
7290016136739,false,פסטה פוזילי ללא גלוט,,,פסטה פוזילי ללא גלוט,גרמים,340.00,100 גרם,false,,10.90,0.0321,true,1,199830
7290016144000,false,קמח חיטה 80% נפלאות,,,קמח חיטה 80% נפלאות,קילוגרמים,1.00,"ק""ג",false,,8.90,8.9000,true,1,216450
7290016144017,false,קמח חיטה מלא 100% נפ,,,קמח חיטה מלא 100% נפ,קילוגרמים,1.00,"ק""ג",false,,8.90,8.9000,true,1,216275
7290016144024,false,קמח נפלאות כוסמין מל,,,קמח נפלאות כוסמין מל,קילוגרמים,1.00,"ק""ג",false,,14.90,14.9000,true,1,215719
7290016144031,false,קמח חיטה לבן מנופה 1,,,קמח חיטה לבן מנופה 1,קילוגרמים,1.00,"ק""ג",false,,6.90,6.9000,true,1,216449
7290016144048,false,קמח נפלאות כוסמין לב,,,קמח נפלאות כוסמין לב,קילוגרמים,1.00,"ק""ג",false,,14.90,14.9000,true,1,215720
7290016144055,false,קמח נפלאות כוסמין בה,,,קמח נפלאות כוסמין בה,קילוגרמים,1.00,"ק""ג",false,,14.90,14.9000,true,1,215721
7290016144086,false,קמח חלה מנופה נפלאות,,,קמח חלה מנופה נפלאות,קילוגרמים,1.00,"ק""ג",false,,7.90,7.9000,true,1,261654
7290016144093,false,קמח לחם מנופה נפלאות,,,קמח לחם מנופה נפלאות,קילוגרמים,1.00,"ק""ג",false,,7.90,7.9000,true,1,261655
7290016144109,false,קמח פיצה נפלאות,,,קמח פיצה נפלאות,קילוגרמים,1.00,"ק""ג",false,,14.90,14.9000,true,1,261656
7290016144116,false,קמח חיטה תופח נפלאות,,,קמח חיטה תופח נפלאות,קילוגרמים,1.00,"ק""ג",false,,8.90,8.9000,true,1,261657
7290016146004,false,קמח שקד מולבן 300 גר,,,קמח שקד מולבן 300 גר,גרמים,300.00,100 גרם,false,,24.90,0.0830,true,1,194652
7290016146066,false,מחית 100% תמרים 500,,,מחית 100% תמרים 500,גרמים,500.00,100 גרם,false,,12.90,0.0258,true,1,210953
7290016146141,false,סירופ מייפל אורגני,,,סירופ מייפל אורגני,מיליליטרים,250.00,"100 מ""ל",false,,23.90,0.0956,true,1,198258
7290016146301,false,"שמן בוטנים 250 מ""ל",,,"שמן בוטנים 250 מ""ל",מיליליטרים,250.00,"100 מ""ל",false,,14.90,0.0596,true,1,213411
7290016146400,false,שוקולד תבור 60% 100,,,שוקולד תבור 60% 100,גרמים,100.00,100 גרם,false,,15.90,0.1590,true,1,210942
7290016146424,false,שוקולד תבור 70% 100,,,שוקולד תבור 70% 100,גרמים,100.00,100 גרם,false,,15.90,0.1590,true,1,210943
7290016146455,false,שוקולד תבור 100% 100,,,שוקולד תבור 100% 100,גרמים,100.00,100 גרם,false,,15.90,0.1590,true,1,210946
7290016146509,false,גרנולה עשירה 500 גרם,,,גרנולה עשירה 500 גרם,גרמים,500.00,100 גרם,false,,19.90,0.0398,true,1,210955
7290016146523,false,גרנולה הבית 500 ג',,,גרנולה הבית 500 ג',גרמים,500.00,100 גרם,false,,16.90,0.0338,true,1,210956
7290016146929,false,ג'עלה ביתי צנצנת 500,,,ג'עלה ביתי צנצנת 500,גרמים,500.00,100 גרם,false,,21.90,0.0438,true,1,210962
7290016150865,false,"מיזלי בננה ותמר 1 ק""",,,"מיזלי בננה ותמר 1 ק""",קילוגרמים,1.00,"ק""ג",false,,24.90,24.9000,true,1,263208
7290016197488,false,מטליות לשיש מיקרו פי,,,מטליות לשיש מיקרו פי,יחידה,0.00,יחידה,false,,10.90,0.0000,true,1,190587
7290016197495,false,זוג מטליות מיקרופייב,,,זוג מטליות מיקרופייב,יחידה,0.00,יחידה,false,,16.90,0.0000,true,1,190588
7290016197600,false,תחבושת דיפנד לנשים נ,,,תחבושת דיפנד לנשים נ,יחידה,0.00,יחידה,false,,19.90,0.0000,true,1,192747
7290016197617,false,תחבושת דיפנד לנשים א,,,תחבושת דיפנד לנשים א,יחידה,0.00,יחידה,false,,19.90,0.0000,true,1,192728
7290016197624,false,תחבושות דיפנד לנשים,,,תחבושות דיפנד לנשים,יחידה,0.00,יחידה,false,,19.90,0.0000,true,1,192748
7290016197839,false,השקית החזקה 20 יח XL,,,השקית החזקה 20 יח XL,יחידה,0.00,יחידה,false,,21.90,0.0000,true,1,190589
7290016197877,false,שקית ניקול לפח מטבח,,,שקית ניקול לפח מטבח,יחידה,0.00,יחידה,false,,21.00,0.0000,true,1,191188
7290016217742,false,חציל בטחינה 200 גרם,,,חציל בטחינה 200 גרם,גרמים,200.00,100 גרם,false,,9.90,0.0495,true,1,260587
7290016217759,false,חציל מרוקאי 200 גרם,,,חציל מרוקאי 200 גרם,גרמים,200.00,100 גרם,false,,11.90,0.0595,true,1,260595
7290016246018,false,בארכה מיקס פינוקיות,,,בארכה מיקס פינוקיות,גרמים,200.00,100 גרם,false,,12.90,0.0645,true,1,190377
7290016246025,false,בארכה פינוקיות חלבה,,,בארכה פינוקיות חלבה,גרמים,200.00,100 גרם,false,,12.90,0.0645,true,1,190539
7290016246209,false,חלבה בארכה וניל 100,,,חלבה בארכה וניל 100,גרמים,100.00,100 גרם,false,,3.20,0.0320,false,1,195774
7290016246292,false,חלבה בארכה וניל לוז,,,חלבה בארכה וניל לוז,גרמים,126.00,100 גרם,false,,11.90,0.0944,true,1,199738
7290016246711,false,בארכה טחינה גולמית מ,,,בארכה טחינה גולמית מ,גרמים,310.00,100 גרם,false,,12.90,0.0416,true,1,209218
7290016246773,false,בארכה טחינה גולמית מ,,,בארכה טחינה גולמית מ,גרמים,310.00,100 גרם,false,,12.90,0.0416,false,1,215188
7290016248371,false,פטיט סירה ויתקין 201,,,פטיט סירה ויתקין 201,מיליליטרים,750.00,"100 מ""ל",false,,95.00,0.1267,true,1,213571
7290016276756,false,מעדן 4 פירות 100% רכ,,,מעדן 4 פירות 100% רכ,גרמים,284.00,100 גרם,false,,10.00,0.0352,true,1,193351
7290016276787,false,מעדן אננס ללא סוכר ש,,,מעדן אננס ללא סוכר ש,גרמים,284.00,100 גרם,false,,10.00,0.0352,true,1,196773
7290016284003,false,חסה הידרופונית רומית,,,חסה הידרופונית רומית,יחידה,0.00,יחידה,false,,8.90,0.0000,true,1,195542
7290016304596,false,מארז 10 לחמניות לסנד,מאפיית דוידוביץ ובני,,מארז 10 לחמניות לסנד,גרמים,750.00,100 גרם,false,,12.90,0.0172,true,1,212954
7290016306002,false,גלידת וניל קוקוס,,,גלידת וניל קוקוס,מיליליטרים,473.00,"100 מ""ל",false,,34.90,0.0738,true,1,211027
7290016306026,false,גלידת שוקולד עם פצפו,,,גלידת שוקולד עם פצפו,מיליליטרים,473.00,"100 מ""ל",false,,34.90,0.0738,true,1,211025
7290016306040,false,גלידת קרמל עם פקאן ק,,,גלידת קרמל עם פקאן ק,מיליליטרים,473.00,"100 מ""ל",false,,34.90,0.0738,true,1,211028
7290016306101,false,גלידת קפוצינו עם שבר,,,גלידת קפוצינו עם שבר,מיליליטרים,473.00,"100 מ""ל",false,,34.90,0.0738,true,1,211030
7290016306132,false,גלידת פיסטוק עם קרנצ,,,גלידת פיסטוק עם קרנצ,מיליליטרים,473.00,"100 מ""ל",false,,34.90,0.0738,true,1,211031
7290016306149,false,גלידת תותים בשמנת,,,גלידת תותים בשמנת,מיליליטרים,473.00,"100 מ""ל",false,,34.90,0.0738,true,1,211032
7290016306217,false,גלידת שוקולד עם אגוז,,,גלידת שוקולד עם אגוז,מיליליטרים,473.00,"100 מ""ל",false,,34.90,0.0738,true,1,213114
7290016306224,false,גלידת קוקו וניל פצפו,,,גלידת קוקו וניל פצפו,מיליליטרים,473.00,"100 מ""ל",false,,34.90,0.0738,true,1,219655
7290016306323,false,גלידה אילו שוקו בננה,,,גלידה אילו שוקו בננה,מיליליטרים,473.00,"100 מ""ל",false,,34.90,0.0738,true,1,219656
7290016308365,false,בוטיק גביעי תפוח+מכס,,,בוטיק גביעי תפוח+מכס,יחידה,0.00,יחידה,false,,14.90,0.0000,true,1,219859
7290016320343,false,"דאק ג'ל נוזל 750 מ""ל",טואלט דאק (ג'ונסון),,"דאק ג'ל נוזל 750 מ""ל",מיליליטרים,1500.00,"100 מ""ל",false,,17.90,0.0119,true,1,199701
7290016321548,false,מגע הדבש רצועות שעוו,,,מגע הדבש רצועות שעוו,יחידה,0.00,יחידה,false,,19.90,0.0000,true,1,212699
7290016321661,false,מגבונים פרש וואנס לל,פרש-וואנס,,מגבונים פרש וואנס לל,יחידה,0.00,יחידה,false,,15.90,0.0000,false,1,207556
7290016321678,false,מגבונים פרש וואנס עם,פרש-וואנס,,מגבונים פרש וואנס עם,יחידה,0.00,יחידה,false,,15.90,0.0000,false,1,207557
7290016321883,false,פרש וואנס נייר טואלט,פרש-וואנס,,פרש וואנס נייר טואלט,יחידה,0.00,יחידה,false,,12.90,0.0000,true,1,206004
7290016321890,false,פרש וואנס נייר טואלט,פרש-וואנס,,פרש וואנס נייר טואלט,יחידה,0.00,יחידה,false,,12.90,0.0000,true,1,206005
7290016329278,false,מגבונים לחים קמיל רב,"ד""ר פישר",,מגבונים לחים קמיל רב,יחידה,0.00,יחידה,false,,19.90,0.0000,false,1,198720
7290016329315,false,סרקל מתיר קשרים לשיע,"ד""ר פישר",,סרקל מתיר קשרים לשיע,מיליליטרים,300.00,"100 מ""ל",false,,31.90,0.1063,true,1,196356
7290016329674,false,קמיל בלו סנסיטיב קרם,"ד""ר פישר",,קמיל בלו סנסיטיב קרם,מיליליטרים,75.00,"100 מ""ל",false,,22.90,0.3053,true,1,197932
7290016334296,false,ברוקולי,,,ברוקולי,יחידה,0.00,יחידה,false,,10.90,0.0000,true,1,193140
7290016370300,false,קלמטה עם גלעין צינצנ,קבוצת יבנה,,קלמטה עם גלעין צינצנ,גרמים,320.00,100 גרם,false,,14.90,0.0466,true,1,215891
7290016370317,false,קלמטה ללא גלעין צינצ,קבוצת יבנה,,קלמטה ללא גלעין צינצ,גרמים,300.00,100 גרם,false,,14.90,0.0497,true,1,215892
7290016370973,false,פלפל אדום קלוי על הא,קבוצת יבנה,,פלפל אדום קלוי על הא,גרמים,390.00,100 גרם,false,,10.00,0.0256,true,1,194540
7290016372373,false,רסק עגבניות זוגות בל,,,רסק עגבניות זוגות בל,גרמים,280.00,100 גרם,false,,7.90,0.0282,true,1,199358
7290016372397,false,תה ירוק תפוז ג'נג'ר,ויסוצקי,,תה ירוק תפוז ג'נג'ר,יחידה,0.00,יחידה,false,,24.90,0.0000,false,1,199299
7290016372458,false,חליטת גן קסום לימוני,ויסוצקי,,חליטת גן קסום לימוני,גרמים,75.00,100 גרם,false,,34.90,0.4653,true,1,199379
7290016372489,false,חליטת ג'ינג'ר לימון,ויסוצקי,,חליטת ג'ינג'ר לימון,גרמים,40.00,100 גרם,false,,18.90,0.4725,true,1,199305
7290016387841,false,אטבי כביסה איכותיים,,,אטבי כביסה איכותיים,יחידה,0.00,יחידה,false,,10.90,0.0000,true,1,204577
7290016387926,false,מפה נצמדת עם גומי,,,מפה נצמדת עם גומי,יחידה,0.00,יחידה,false,,16.90,0.0000,true,1,261242
7290016408119,false,טרליני כעכים בטעם קל,,,טרליני כעכים בטעם קל,גרמים,225.00,100 גרם,false,,6.90,0.0307,true,1,193097
7290016408133,false,טרליני מיני כעכים אי,,,טרליני מיני כעכים אי,גרמים,225.00,100 גרם,false,,6.90,0.0307,true,1,192977
7290016408140,false,טרליני כעכים בטעם רו,,,טרליני כעכים בטעם רו,גרמים,225.00,100 גרם,false,,6.90,0.0307,true,1,193099
7290016408157,false,טרליני כעכים עם קמח,,,טרליני כעכים עם קמח,גרמים,225.00,100 גרם,false,,6.90,0.0307,true,1,193100
7290016408164,false,טרליני כעכים בטעם שו,,,טרליני כעכים בטעם שו,גרמים,225.00,100 גרם,false,,6.90,0.0307,true,1,193128
7290016408294,false,מרשמלו כרמית 150 גרם,,,מרשמלו כרמית 150 גרם,גרמים,150.00,100 גרם,false,,4.90,0.0327,true,1,196389
7290016408393,false,חטיף קרקר עם שומשום,,,חטיף קרקר עם שומשום,גרמים,130.00,100 גרם,false,,5.90,0.0454,true,1,194226
7290016408416,false,חטיף קרקר עם צ'ילי פ,,,חטיף קרקר עם צ'ילי פ,גרמים,130.00,100 גרם,false,,5.90,0.0454,true,1,194228
7290016408423,false,חטיף קרקר עם זיתים ש,,,חטיף קרקר עם זיתים ש,גרמים,130.00,100 גרם,false,,5.90,0.0454,true,1,194229
7290016408447,false,חטיף קרקר עם עגבניות,,,חטיף קרקר עם עגבניות,גרמים,130.00,100 גרם,false,,5.90,0.0454,true,1,194231
7290016408980,false,מטבעות שוקולד ללא גל,,,מטבעות שוקולד ללא גל,יחידה,0.00,יחידה,false,,3.90,0.0000,true,1,199582
7290016437591,false,קוטקס תחתונים סופגים,,,קוטקס תחתונים סופגים,יחידה,0.00,יחידה,false,,33.90,0.0000,false,1,200667
7290016437621,false,האגיס פנטס מידה 4,,,האגיס פנטס מידה 4,יחידה,0.00,יחידה,false,,44.90,0.0000,false,1,196579
7290016437645,false,האגיס פנטס מידה 5,,,האגיס פנטס מידה 5,יחידה,0.00,יחידה,false,,44.90,0.0000,false,1,196580
7290016437652,false,האגיס פנטס מידה 6,,,האגיס פנטס מידה 6,יחידה,0.00,יחידה,false,,44.90,0.0000,false,1,196581
7290016440652,false,תערובת ירקות חמוצים,,,תערובת ירקות חמוצים,יחידה,0.00,יחידה,false,,18.90,0.0000,true,1,212736
7290016440881,false,תערובת ירקות חמוצים,,,תערובת ירקות חמוצים,יחידה,0.00,יחידה,false,,18.90,0.0000,true,1,212734
7290016440911,false,מלפפונים כבושים,,,מלפפונים כבושים,גרמים,500.00,100 גרם,false,,19.90,0.0398,true,1,212732
7290016440928,false,ירקות כבושים חמוץ מת,,,ירקות כבושים חמוץ מת,גרמים,500.00,100 גרם,false,,19.90,0.0398,true,1,213071
7290016496208,false,פתיל צף מוכן,,,פתיל צף מוכן,יחידה,0.00,יחידה,false,,4.90,0.0000,true,1,215052
7290016509342,false,סוד כדוריות לאסלה של,,,סוד כדוריות לאסלה של,גרמים,150.00,100 גרם,false,,19.90,0.1327,true,1,209624
7290016509786,false,פרסיל ג'ל 2.5 ליטר י,פרסיל,,פרסיל ג'ל 2.5 ליטר י,ליטרים,2.50,ליטר,false,,34.90,13.9600,true,1,202727
7290016509793,false,פרסיל ג'ל 4 ליטר ירו,פרסיל,,פרסיל ג'ל 4 ליטר ירו,ליטרים,4.00,ליטר,false,,44.90,11.2250,true,1,202728
7290016509809,false,פרסיל ג'ל 2.5 ליטר ק,פרסיל,,פרסיל ג'ל 2.5 ליטר ק,ליטרים,2.50,ליטר,false,,34.90,13.9600,true,1,202729
7290016509816,false,פרסיל ג'ל 4 ליטר קול,פרסיל,,פרסיל ג'ל 4 ליטר קול,ליטרים,4.00,ליטר,false,,44.90,11.2250,true,1,202730
7290016509830,false,פרסיל ג'ל 2.5 ליטר ב,פרסיל,,פרסיל ג'ל 2.5 ליטר ב,ליטרים,2.50,ליטר,false,,34.90,13.9600,true,1,202732
7290016510232,false,הוואי תחליב רחצה יוג,,,הוואי תחליב רחצה יוג,מיליליטרים,700.00,"100 מ""ל",false,,8.90,0.0127,false,1,202851
7290016510249,false,הוואי תחליב רחצה יוג,,,הוואי תחליב רחצה יוג,מיליליטרים,700.00,"100 מ""ל",false,,8.90,0.0127,false,1,202852
7290016510317,false,הוואי ג'ל רחצה 700 מ,,,הוואי ג'ל רחצה 700 מ,מיליליטרים,700.00,"100 מ""ל",false,,8.90,0.0127,false,1,202938
7290016510768,false,תחליב רחצה הוואי יוג,,,תחליב רחצה הוואי יוג,מיליליטרים,700.00,"100 מ""ל",false,,8.90,0.0127,false,1,206690
7290016510898,false,שמפו הוואי תמצית דוב,הוואי,,שמפו הוואי תמצית דוב,מיליליטרים,700.00,"100 מ""ל",false,,8.90,0.0127,false,1,206349
7290016510904,false,מרכך הוואי תמצית דוב,הוואי,,מרכך הוואי תמצית דוב,מיליליטרים,700.00,"100 מ""ל",false,,8.90,0.0127,false,1,206340
7290016537000,false,במיה הודית,,,במיה הודית,יחידה,0.00,יחידה,false,,23.90,0.0000,true,1,203679
7290016537017,false,תרד גוליבר,,,תרד גוליבר,יחידה,0.00,יחידה,false,,14.90,0.0000,true,1,212057
7290016537031,false,אפונת שלג כפרי חן,,,אפונת שלג כפרי חן,יחידה,0.00,יחידה,false,,23.90,0.0000,true,1,204334
7290016564006,false,מבריקל הפלא,,,מבריקל הפלא,יחידה,0.00,יחידה,false,,9.90,0.0000,true,1,196317
7290016564235,false,מבריקל הפלא מארז זוג,,,מבריקל הפלא מארז זוג,יחידה,0.00,יחידה,false,,19.90,0.0000,true,1,206427
7290016564266,false,כיסוי הפלא מבריקל,,,כיסוי הפלא מבריקל,יחידה,0.00,יחידה,false,,9.90,0.0000,true,1,208293
7290016564402,false,מבריקל הפלא מטליות מ,,,מבריקל הפלא מטליות מ,יחידה,0.00,יחידה,false,,9.90,0.0000,true,1,261580
7290016565027,false,בזיליקום,,,בזיליקום,יחידה,0.00,יחידה,false,,7.50,0.0000,true,1,213564
7290016565065,false,מנגולד,,,מנגולד,יחידה,0.00,יחידה,false,,8.90,0.0000,true,1,214644
7290016565126,false,חסה משי אדומה,,,חסה משי אדומה,יחידה,0.00,יחידה,false,,11.50,0.0000,true,1,213844
7290016565133,false,מלפפון בייבי 400 גרם,,,מלפפון בייבי 400 גרם,גרמים,400.00,100 גרם,false,,9.50,0.0238,true,1,215336
7290016565164,false,מיקס ירוקים,,,מיקס ירוקים,יחידה,0.00,יחידה,false,,11.90,0.0000,true,1,213845
7290016565201,false,פלפל בייבי,,,פלפל בייבי,גרמים,300.00,100 גרם,false,,8.90,0.0297,true,1,263237
7290016565348,false,לימון ליים 400 גרם,,,לימון ליים 400 גרם,גרמים,400.00,100 גרם,false,,7.50,0.0188,true,1,260937
7290016565416,false,חסה לליק,,,חסה לליק,יחידה,0.00,יחידה,false,,11.50,0.0000,true,1,262011
7290016584004,false,חטיפוני גזר 130 גר',מרינה,,חטיפוני גזר 130 גר',גרמים,130.00,100 גרם,false,,5.90,0.0454,true,1,194640
7290016584011,false,חטיפוני גזר 350 גר',מרינה,,חטיפוני גזר 350 גר',גרמים,350.00,100 גרם,false,,11.90,0.0340,true,1,194619
7290016584219,false,שעועית ירוקה שלמה טר,מרינה,,שעועית ירוקה שלמה טר,גרמים,410.00,100 גרם,false,,14.90,0.0363,true,1,213467
7290016624717,false,כוסות יין עם רגל 8 י,,,כוסות יין עם רגל 8 י,יחידה,0.00,יחידה,false,,18.90,0.0000,true,1,219583
7290016634884,false,זרעים ארטישוק,,,זרעים ארטישוק,יחידה,0.00,יחידה,false,,5.90,0.0000,true,1,260393
7290016634907,false,זרעים מיקס צנונית,,,זרעים מיקס צנונית,יחידה,0.00,יחידה,false,,5.90,0.0000,true,1,260380
7290016634938,false,זרעים קולורבי,,,זרעים קולורבי,יחידה,0.00,יחידה,false,,5.90,0.0000,true,1,260397
7290016646078,false,היילה טחינה אתיופית,,,היילה טחינה אתיופית,גרמים,700.00,100 גרם,false,,23.90,0.0341,true,1,217837
7290016646177,false,היילה טחינה אתיופית,,,היילה טחינה אתיופית,גרמים,350.00,100 גרם,false,,16.90,0.0483,true,1,263552
7290016651355,false,מראת הגדלה,,,מראת הגדלה,יחידה,0.00,יחידה,false,,19.90,0.0000,true,1,207728
7290016651362,false,קיסמי שיניים עם חוט,,,קיסמי שיניים עם חוט,יחידה,0.00,יחידה,false,,11.90,0.0000,true,1,198164
7290016651379,false,מקלוני אוזניים עץ 30,,,מקלוני אוזניים עץ 30,יחידה,0.00,יחידה,false,,3.90,0.0000,true,1,264209
7290016651522,false,מקלונים לאוזניים פלס,,,מקלונים לאוזניים פלס,יחידה,0.00,יחידה,false,,5.90,0.0000,true,1,263574
7290016651980,false,מטליות ריצפה אנטיבקט,,,מטליות ריצפה אנטיבקט,יחידה,0.00,יחידה,false,,9.90,0.0000,true,1,263571
7290016652116,false,מטליות ריצפה פרימיום,,,מטליות ריצפה פרימיום,יחידה,0.00,יחידה,false,,16.90,0.0000,true,1,263572
7290016667097,false,חטיף צ'יפס טורטיה מל,נאמן,,חטיף צ'יפס טורטיה מל,גרמים,250.00,100 גרם,false,,9.90,0.0396,true,1,194151
7290016667271,false,"מסיר לק משאבה 150 מ""",,,"מסיר לק משאבה 150 מ""",מיליליטרים,150.00,"100 מ""ל",false,,11.90,0.0793,true,1,198309
7290016682243,false,מיץ אשכולית אדומה 1,,,מיץ אשכולית אדומה 1,ליטרים,1.00,ליטר,false,,14.90,14.9000,true,1,204079
7290016682328,false,מיץ תפוזים מרכז 2 לי,,,מיץ תפוזים מרכז 2 לי,ליטרים,2.00,ליטר,false,,17.20,8.6000,true,1,260071
7290016682335,false,מיץ תפוזים סחוט 2 לי,,,מיץ תפוזים סחוט 2 לי,ליטרים,2.00,ליטר,false,,22.00,11.0000,true,1,260072
7290016682366,false,מיץ תפוח צלול 2 ליטר,,,מיץ תפוח צלול 2 ליטר,ליטרים,2.00,ליטר,false,,19.90,9.9500,true,1,260075
7290016682380,false,מיץ לימונדה לואיזה 2,,,מיץ לימונדה לואיזה 2,ליטרים,2.00,ליטר,false,,19.90,9.9500,true,1,260077
7290016682397,false,מיץ חמוציות 2 ליטר,,,מיץ חמוציות 2 ליטר,ליטרים,2.00,ליטר,false,,19.90,9.9500,true,1,260078
7290016717235,false,קינג דיויד קונקורד 1,,,קינג דיויד קונקורד 1,מיליליטרים,187.00,"100 מ""ל",false,,5.50,0.0294,true,1,205443
7290016717631,false,מוסקטו פרייבט קולקשן,,,מוסקטו פרייבט קולקשן,מיליליטרים,750.00,"100 מ""ל",false,,34.90,0.0465,false,1,201659
7290016717754,false,יין ישן נושן,,,יין ישן נושן,מיליליטרים,750.00,"100 מ""ל",false,,17.90,0.0239,true,1,202803
7290016717976,false,באז ספרקלינג אפרסק 7,,,באז ספרקלינג אפרסק 7,מיליליטרים,750.00,"100 מ""ל",false,,23.90,0.0319,true,1,212320
7290016823004,false,בזיליקום,מרינה,,בזיליקום,יחידה,0.00,יחידה,false,,5.90,0.0000,true,1,196780
7290016823028,false,עירית,מרינה,,עירית,יחידה,0.00,יחידה,false,,5.90,0.0000,true,1,196782
7290016823042,false,אורגנו,מרינה,,אורגנו,יחידה,0.00,יחידה,false,,5.90,0.0000,true,1,196784
7290016823059,false,טימין,מרינה,,טימין,יחידה,0.00,יחידה,false,,4.90,0.0000,true,1,196785
7290016823066,false,רוזמרין,מרינה,,רוזמרין,יחידה,0.00,יחידה,false,,4.90,0.0000,true,1,196786
7290016823073,false,מרווה,מרינה,,מרווה,יחידה,0.00,יחידה,false,,5.90,0.0000,true,1,196787
7290016823257,false,חסה סלנובה מרינה,מרינה,,חסה סלנובה מרינה,יחידה,0.00,יחידה,false,,11.90,0.0000,true,1,203697
7290016823349,false,סלק בוואקום,,,סלק בוואקום,יחידה,0.00,יחידה,false,,6.90,0.0000,true,1,204976
7290016823448,false,ברוקולי 350 גר' מרינ,מרינה,,ברוקולי 350 גר' מרינ,גרמים,350.00,100 גרם,false,,9.90,0.0283,true,1,201134
7290016823523,false,צנונית 500 גר' מרינה,מרינה,,צנונית 500 גר' מרינה,גרמים,500.00,100 גרם,false,,5.90,0.0118,true,1,199909
7290016865943,false,איטריות ביצים פטוצ'י,,,איטריות ביצים פטוצ'י,גרמים,400.00,100 גרם,false,,13.90,0.0348,true,1,198888
7290016866643,false,משחת שיניים פרדונטקס,,,משחת שיניים פרדונטקס,מיליליטרים,75.00,"100 מ""ל",false,,30.90,0.4120,true,1,203132
7290016866650,false,משחת שיניים פרודונטק,,,משחת שיניים פרודונטק,מיליליטרים,75.00,"100 מ""ל",false,,30.90,0.4120,true,1,203133
7290016866667,false,משחת שיניים פרדונטקס,,,משחת שיניים פרדונטקס,מיליליטרים,75.00,"100 מ""ל",false,,30.90,0.4120,true,1,203267
7290016866674,false,משחת שיניים פרודונטק,,,משחת שיניים פרודונטק,מיליליטרים,75.00,"100 מ""ל",false,,30.90,0.4120,true,1,203134
7290016866704,false,סטייל שמפו קרטין E,,,סטייל שמפו קרטין E,מיליליטרים,750.00,"100 מ""ל",false,,29.90,0.0399,true,1,199920
7290016866711,false,סטייל מרכך קרטין E,,,סטייל מרכך קרטין E,מיליליטרים,750.00,"100 מ""ל",false,,29.90,0.0399,true,1,199921
7290016866728,false,סטייל מסכה קרטין E,,,סטייל מסכה קרטין E,מיליליטרים,500.00,"100 מ""ל",false,,39.90,0.0798,true,1,199922
7290016866902,false,סבון ידיים זוג משאבה,,,סבון ידיים זוג משאבה,ליטרים,1.00,ליטר,false,,9.90,9.9000,true,1,259982
7290016883176,false,מוזלי עם שוקולד מריר,,,מוזלי עם שוקולד מריר,קילוגרמים,1.00,"ק""ג",false,,19.90,19.9000,true,1,200818
7290016912494,false,אפקטיב קר תרחיץ פנים,"ד""ר פישר",,אפקטיב קר תרחיץ פנים,מיליליטרים,180.00,"100 מ""ל",false,,16.90,0.0939,true,1,199309
7290016967074,false,לחם אנג'ל חיטה מלאה,אנג'ל,,לחם אנג'ל חיטה מלאה,מיליליטרים,750.00,"100 מ""ל",false,,14.90,0.0199,true,1,195714
7290016988017,false,קרקר כוסמין מלא עם ק,,,קרקר כוסמין מלא עם ק,גרמים,150.00,100 גרם,false,,23.90,0.1593,true,1,197955
7290016988024,false,קרקר כוסמין מלא עם ק,,,קרקר כוסמין מלא עם ק,גרמים,150.00,100 גרם,false,,23.90,0.1593,true,1,198294
7290016988031,false,קרקר פרג,,,קרקר פרג,גרמים,150.00,100 גרם,false,,23.90,0.1593,true,1,198657
7290016988055,false,קרקר כוסמין מלא עם פ,,,קרקר כוסמין מלא עם פ,גרמים,150.00,100 גרם,false,,26.90,0.1793,true,1,197237
7290016988062,false,קרקר ללא קמח חיטה,,,קרקר ללא קמח חיטה,גרמים,150.00,100 גרם,false,,26.90,0.1793,true,1,197956
7290016988079,false,קרקר טף ושיבולת שועל,,,קרקר טף ושיבולת שועל,גרמים,150.00,100 גרם,false,,26.90,0.1793,true,1,197957
7290016988086,false,קרקר מקמח חומוס,,,קרקר מקמח חומוס,גרמים,150.00,100 גרם,false,,26.90,0.1793,true,1,206145
7290016988093,false,קרקר סלק וכוסמין,,,קרקר סלק וכוסמין,גרמים,150.00,100 גרם,false,,26.90,0.1793,true,1,195520
7290016988116,false,קרקר עדשים כתומות 15,,,קרקר עדשים כתומות 15,גרמים,150.00,100 גרם,false,,26.90,0.1793,true,1,208095
7290016988635,false,קרקר כוסמת ירוקה וטף,,,קרקר כוסמת ירוקה וטף,גרמים,150.00,100 גרם,false,,26.90,0.1793,true,1,260757
7290016995008,false,פופקורן אורגני 500 ג,תבואות,,פופקורן אורגני 500 ג,גרמים,500.00,100 גרם,false,,10.40,0.0208,true,1,198561
7290016995046,false,"קמח טף טבעי 1 ק""ג תב",תבואות,,"קמח טף טבעי 1 ק""ג תב",קילוגרמים,1.00,"ק""ג",false,,18.90,18.9000,true,1,209775
7290016995053,false,קמח טפיוקה 500 גר' ת,תבואות,,קמח טפיוקה 500 גר' ת,גרמים,500.00,100 גרם,false,,8.90,0.0178,true,1,197661
7290016995329,false,מלחיה הימליה גס 250,,,מלחיה הימליה גס 250,גרמים,250.00,100 גרם,false,,10.90,0.0436,true,1,213369
7290016995398,false,חומץ תפוח אורגני 1 ל,תבואות,,חומץ תפוח אורגני 1 ל,ליטרים,1.00,ליטר,false,,21.90,21.9000,true,1,210623
7290016995404,false,חומץ תפוח אורגני 1 ל,תבואות,,חומץ תפוח אורגני 1 ל,ליטרים,1.00,ליטר,false,,21.90,21.9000,true,1,210624
7290016995435,false,חומץ בלסמי אורגני תב,,,חומץ בלסמי אורגני תב,מיליליטרים,500.00,"100 מ""ל",false,,21.90,0.0438,true,1,206168
7290016995480,false,פסטה ניוקי מקמח כוסמ,תבואות,,פסטה ניוקי מקמח כוסמ,גרמים,500.00,100 גרם,false,,18.90,0.0378,true,1,216396
7290016995503,false,חמאת בוטנים קראנצ'י,תבואות,,חמאת בוטנים קראנצ'י,גרמים,510.00,100 גרם,false,,19.90,0.0390,true,1,205365
7290016995510,false,חמאת בוטנים אורגנית,תבואות,,חמאת בוטנים אורגנית,גרמים,510.00,100 גרם,false,,19.90,0.0390,true,1,205166
7290016995657,false,מלפפון במלח אורגני 6,תבואות,,מלפפון במלח אורגני 6,גרמים,670.00,100 גרם,false,,16.90,0.0252,true,1,207065
7290016995701,false,מחית בננה תפוח אורגנ,תבואות,,מחית בננה תפוח אורגנ,גרמים,100.00,100 גרם,false,,4.90,0.0490,true,1,210327
7290016995718,false,מחית אגס ותפוח אורגנ,תבואות,,מחית אגס ותפוח אורגנ,גרמים,100.00,100 גרם,false,,4.90,0.0490,true,1,210328
7290016995725,false,מחית מנגו תפוח אפרסק,תבואות,,מחית מנגו תפוח אפרסק,גרמים,100.00,100 גרם,false,,4.90,0.0490,true,1,210329
7290016995800,false,זיתים שחור קלמאטה או,תבואות,,זיתים שחור קלמאטה או,גרמים,370.00,100 גרם,false,,14.50,0.0392,true,1,213598
7290016995930,false,אבקת קקאו אורגנית 20,תבואות,,אבקת קקאו אורגנית 20,גרמים,200.00,100 גרם,false,,19.90,0.0995,true,1,210800
7290016995985,false,אבקת פסיליום אורגני,תבואות,,אבקת פסיליום אורגני,גרמים,300.00,100 גרם,false,,32.90,0.1097,true,1,216391
7290017008721,false,צלעות צרכני מס' 2,,,צלעות צרכני מס' 2,קילוגרמים,1.00,"ק""ג",true,,42.90,42.9000,false,1,216691
7290017023212,false,רביעיית פחיות שוופס,שוופס,,רביעיית פחיות שוופס,מיליליטרים,1320.00,"100 מ""ל",false,,12.50,0.0095,true,1,201672
7290017023229,false,רביעיית פחיות שוופס,שוופס,,רביעיית פחיות שוופס,מיליליטרים,1320.00,"100 מ""ל",false,,12.50,0.0095,true,1,201673
7290017023236,false,רביעיית פחיות שוופס,שוופס,,רביעיית פחיות שוופס,מיליליטרים,1320.00,"100 מ""ל",false,,12.50,0.0095,true,1,201674
7290017023663,false,רביעיית פחיות שוופס,שוופס,,רביעיית פחיות שוופס,מיליליטרים,1320.00,"100 מ""ל",false,,12.50,0.0095,true,1,203233
7290017023816,false,רביעיית ספרינג 250 מ,ספרינג,,רביעיית ספרינג 250 מ,ליטרים,1.00,ליטר,false,,12.00,12.0000,false,1,207025
7290017023823,false,רביעיית ספרינג 250 מ,ספרינג,,רביעיית ספרינג 250 מ,ליטרים,1.00,ליטר,false,,12.00,12.0000,false,1,207026
7290017023854,false,"שוופס סודה 250 מ""ל ר",שוופס,,"שוופס סודה 250 מ""ל ר",ליטרים,1.00,ליטר,false,,10.90,10.9000,true,1,205427
7290017023861,false,שוופס סודה לימון 250,שוופס,,שוופס סודה לימון 250,ליטרים,1.00,ליטר,false,,10.90,10.9000,true,1,205428
7290017023878,false,שוופס סודה נענע ליים,שוופס,,שוופס סודה נענע ליים,ליטרים,1.00,ליטר,false,,10.90,10.9000,true,1,205429
7290017031477,false,משחת שיניים סנסודיין,סנסודיין,,משחת שיניים סנסודיין,מיליליטרים,75.00,"100 מ""ל",false,,25.90,0.3453,true,1,207393
7290017031705,false,משחת שיניים סנסודיין,סנסודיין,,משחת שיניים סנסודיין,מיליליטרים,75.00,"100 מ""ל",false,,21.90,0.2920,true,1,205319
7290017031811,false,זוג מברשות שיניים פר,,,זוג מברשות שיניים פר,יחידה,0.00,יחידה,false,,19.90,0.0000,true,1,208245
7290017031859,false,משחת שיניים פרדונטקס,,,משחת שיניים פרדונטקס,מיליליטרים,75.00,"100 מ""ל",false,,30.90,0.4120,true,1,205438
7290017065007,false,מוצרלה פרוסה גד,,,מוצרלה פרוסה גד,גרמים,200.00,100 גרם,false,,17.50,0.0875,true,1,196661
7290017065137,false,ריקוטה למריחה 5% עם,,,ריקוטה למריחה 5% עם,גרמים,200.00,100 גרם,false,,9.70,0.0485,true,1,200556
7290017065144,false,ריקוטה למריחה 5% עם,,,ריקוטה למריחה 5% עם,גרמים,200.00,100 גרם,false,,9.70,0.0485,true,1,200563
7290017065168,false,גבינה כחולה גד,,,גבינה כחולה גד,גרמים,300.00,100 גרם,false,,16.50,0.0550,true,1,201864
7290017065212,false,קרם מסקרפונה גד,,,קרם מסקרפונה גד,גרמים,250.00,100 גרם,false,,19.10,0.0764,true,1,201869
7290017065236,false,בולגרית מעודנת 24% ג,,,בולגרית מעודנת 24% ג,גרמים,250.00,100 גרם,false,,23.20,0.0928,true,1,201870
7290017065380,false,גבינת גרנה פדנו שבבי,,,גבינת גרנה פדנו שבבי,גרמים,100.00,100 גרם,false,,13.90,0.1390,true,1,205817
7290017065434,false,פרוסות גאודה בקר גד,,,פרוסות גאודה בקר גד,גרמים,200.00,100 גרם,false,,21.00,0.1050,true,1,206148
7290017065441,false,פרוסות גאודה עיזים ג,,,פרוסות גאודה עיזים ג,גרמים,200.00,100 גרם,false,,31.90,0.1595,true,1,206149
7290017065526,false,קוואטרו פורמאג'י,,,קוואטרו פורמאג'י,גרמים,300.00,100 גרם,false,,27.90,0.0930,true,1,206155
7290017065588,false,יוגורט יווני,,,יוגורט יווני,גרמים,600.00,100 גרם,false,,16.50,0.0275,true,1,211604
7290017065649,false,קרם פטיסייר,,,קרם פטיסייר,גרמים,250.00,100 גרם,false,,19.90,0.0796,true,1,211607
7290017065663,false,פטה עיזים מעודנת 16%,,,פטה עיזים מעודנת 16%,גרמים,250.00,100 גרם,false,,29.90,0.1196,true,1,214441
7290017065731,false,גבינת שמנת ניו יורק,,,גבינת שמנת ניו יורק,גרמים,200.00,100 גרם,false,,13.20,0.0660,true,1,217626
7290017065786,false,גבינת צ'דר מחלבת גד,,,גבינת צ'דר מחלבת גד,גרמים,210.00,100 גרם,false,,19.90,0.0948,true,1,260612
7290017065861,false,רוטב קאצי'ו אה פפה,,,רוטב קאצי'ו אה פפה,גרמים,200.00,100 גרם,false,,14.90,0.0745,true,1,262442
7290017065878,false,רוטב מק אנד צ'יז גד,,,רוטב מק אנד צ'יז גד,גרמים,200.00,100 גרם,false,,14.90,0.0745,true,1,262444
7290017088068,false,בייביסיטר סטנדרט מיד,,,בייביסיטר סטנדרט מיד,יחידה,0.00,יחידה,false,,29.90,0.0000,false,1,204042
7290017088075,false,בייבי סיטר 4+,,,בייבי סיטר 4+,יחידה,0.00,יחידה,false,,29.90,0.0000,false,1,205073
7290017088099,false,בייביסיטר סטנדרט מיד,,,בייביסיטר סטנדרט מיד,יחידה,0.00,יחידה,false,,29.90,0.0000,false,1,204044
7290017094199,false,מעדן חצילים 200 גרם,,,מעדן חצילים 200 גרם,גרמים,200.00,100 גרם,false,,9.90,0.0495,true,1,260589
7290017105062,false,חומוס OZ6 יכין,יכין,,חומוס OZ6 יכין,גרמים,105.00,100 גרם,false,,3.90,0.0371,true,1,202912
7290017105079,false,שעועית לבנה ברוטב עג,יכין,,שעועית לבנה ברוטב עג,גרמים,128.00,100 גרם,false,,3.90,0.0305,true,1,202657
7290017105123,false,פול מצרי יכין,יכין,,פול מצרי יכין,יחידה,0.00,יחידה,false,,3.90,0.0000,true,1,204278
7290017105468,false,שלישיית אפונה יכין,יכין,,שלישיית אפונה יכין,גרמים,600.00,100 גרם,false,,13.90,0.0232,true,1,210323
7290017105550,false,רסק עגבניות 100 גר',יכין,,רסק עגבניות 100 גר',גרמים,400.00,100 גרם,false,,11.90,0.0298,true,1,209561
7290017105895,false,גרגירי חומוס להכנת ח,יכין,,גרגירי חומוס להכנת ח,גרמים,560.00,100 גרם,false,,8.90,0.0159,true,1,213877
7290017106069,false,קוביות סלק יכין,יכין,,קוביות סלק יכין,גרמים,290.00,100 גרם,false,,8.90,0.0307,true,1,205999
7290017121048,false,פלפל צ'ומה על הלחם,,,פלפל צ'ומה על הלחם,גרמים,250.00,100 גרם,false,,13.90,0.0556,true,1,206960
7290017121093,false,אריסה חריפה על הלחם,,,אריסה חריפה על הלחם,גרמים,250.00,100 גרם,false,,13.90,0.0556,true,1,206961
7290017129617,false,לקקן קולה לימונה 50,,,לקקן קולה לימונה 50,יחידה,0.00,יחידה,false,,14.90,0.0000,true,1,203362
7290017129754,false,שוקולד פרימיום 70% כ,,,שוקולד פרימיום 70% כ,גרמים,100.00,100 גרם,false,,7.90,0.0790,true,1,203096
7290017129761,false,שוקולד פרימיום 70% ב,,,שוקולד פרימיום 70% ב,גרמים,100.00,100 גרם,false,,7.90,0.0790,true,1,203097
7290017129778,false,שוקולד פרימיום 70% ב,,,שוקולד פרימיום 70% ב,גרמים,100.00,100 גרם,false,,7.90,0.0790,true,1,203098
7290017129839,false,שוקולד פרימיום 70% ב,,,שוקולד פרימיום 70% ב,גרמים,100.00,100 גרם,false,,7.90,0.0790,true,1,203099
7290017129877,false,מיקס לקקנים שטוחים כ,,,מיקס לקקנים שטוחים כ,גרמים,300.00,100 גרם,false,,9.90,0.0330,true,1,203652
7290017129884,false,חמישיות שוקולד מריר,,,חמישיות שוקולד מריר,גרמים,425.00,100 גרם,false,,15.90,0.0374,true,1,203396
7290017140056,false,קמח חומוס-שי של הטבע,,,קמח חומוס-שי של הטבע,גרמים,500.00,100 גרם,false,,15.90,0.0318,true,1,208216
7290017140063,false,קמח עדשים אדומות 500,,,קמח עדשים אדומות 500,גרמים,500.00,100 גרם,false,,15.90,0.0318,true,1,216917
7290017140308,false,קמח שקדים-שי של הטבע,,,קמח שקדים-שי של הטבע,גרמים,250.00,100 גרם,false,,24.90,0.0996,true,1,208217
7290017142005,false,שמן קוקוס אורגני 320,עץ הזית,,שמן קוקוס אורגני 320,מיליליטרים,320.00,"100 מ""ל",false,,25.90,0.0809,true,1,197828
7290017142111,false,פתיתי טונה בהירה בשמ,עץ הזית,,פתיתי טונה בהירה בשמ,גרמים,85.00,100 גרם,false,,9.90,0.1165,false,1,202490
7290017142128,false,"שמן זית 750 מ""ל קלאס",עץ הזית,,"שמן זית 750 מ""ל קלאס",מיליליטרים,750.00,"100 מ""ל",false,,29.90,0.0399,false,1,201428
7290017142159,false,נתחי טונה בהירה בשמן,עץ הזית,,נתחי טונה בהירה בשמן,גרמים,168.00,100 גרם,false,,22.90,0.1363,false,1,202491
7290017142180,false,פילה טונה פרוס עם שמ,עץ הזית,,פילה טונה פרוס עם שמ,גרמים,120.00,100 גרם,false,,14.90,0.1242,true,1,206395
7290017142203,false,פילה טונה פרוס עם שמ,עץ הזית,,פילה טונה פרוס עם שמ,גרמים,120.00,100 גרם,false,,14.90,0.1242,true,1,206396
7290017142234,false,טונה TO GO מעושן 85,עץ הזית,,טונה TO GO מעושן 85,גרמים,85.00,100 גרם,false,,9.90,0.1165,false,1,208717
7290017142289,false,תרסיס שמן חמניות מזו,עץ הזית,,תרסיס שמן חמניות מזו,מיליליטרים,200.00,"100 מ""ל",false,,14.90,0.0745,false,1,206689
7290017142340,false,שמן זרעי ענבים מזוכך,עץ הזית,,שמן זרעי ענבים מזוכך,ליטרים,1.00,ליטר,false,,24.90,24.9000,true,1,210241
7290017142371,false,שמן שומשום לא מזוכך,עץ הזית,,שמן שומשום לא מזוכך,מיליליטרים,250.00,"100 מ""ל",false,,28.90,0.1156,true,1,210243
7290017142388,false,שמן חמניות פלוס אומג,עץ הזית,,שמן חמניות פלוס אומג,ליטרים,1.00,ליטר,false,,14.90,14.9000,false,1,208177
7290017142395,false,LUNCH TO GO פסטה עם,עץ הזית,,LUNCH TO GO פסטה עם,גרמים,160.00,100 גרם,false,,13.90,0.0869,true,1,210649
7290017142456,false,נתחי טונה בהירה בשמן,עץ הזית,,נתחי טונה בהירה בשמן,גרמים,224.00,100 גרם,false,,19.90,0.0888,true,1,210799
7290017142487,false,טונה בורגול וחומוס ע,עץ הזית,,טונה בורגול וחומוס ע,גרמים,160.00,100 גרם,false,,13.90,0.0869,true,1,217905
7290017142500,false,תרסיס שמן זית בטעם ש,,,תרסיס שמן זית בטעם ש,מיליליטרים,150.00,"100 מ""ל",false,,18.90,0.1260,true,1,263302
7290017189192,false,אדממה פולי סויה 1 קג,,,אדממה פולי סויה 1 קג,קילוגרמים,1.00,"ק""ג",false,,14.90,14.9000,true,1,212748
7290017189413,false,טבעות בצל 600 גר קפו,,,טבעות בצל 600 גר קפו,גרמים,600.00,100 גרם,false,,14.90,0.0248,true,1,217091
7290017232218,false,לחם מופחת פחמימות,,,לחם מופחת פחמימות,גרמים,430.00,100 גרם,false,,24.90,0.0579,true,1,259565
7290017232225,false,לחם איטסיין גלילי,,,לחם איטסיין גלילי,גרמים,450.00,100 גרם,false,,24.90,0.0553,true,1,262562
7290017247007,false,מלפפון בייבי,,,מלפפון בייבי,יחידה,0.00,יחידה,false,,8.90,0.0000,true,1,197854
7290017247014,false,פלפלונים,,,פלפלונים,יחידה,0.00,יחידה,false,,8.90,0.0000,true,1,197855
7290017253084,false,פרשיס מגבונים לחים 7,,,פרשיס מגבונים לחים 7,יחידה,0.00,יחידה,false,,5.50,0.0000,true,1,203943
7290017253213,false,פרשיס שלישייה מגבוני,,,פרשיס שלישייה מגבוני,יחידה,0.00,יחידה,false,,19.90,0.0000,true,1,218751
7290017260006,false,שמן פארפין למאור,,,שמן פארפין למאור,ליטרים,1.00,ליטר,false,,22.90,22.9000,true,1,215059
7290017266046,false,ופל קראנצ' 30 יח עלמ,,,ופל קראנצ' 30 יח עלמ,גרמים,600.00,100 גרם,false,,14.50,0.0242,true,1,201089
7290017266053,false,וופל לימון בלגי ללא,,,וופל לימון בלגי ללא,גרמים,200.00,100 גרם,false,,6.70,0.0335,true,1,200732
7290017266060,false,וופל שוקולד בלגי ללא,,,וופל שוקולד בלגי ללא,גרמים,175.00,100 גרם,false,,6.70,0.0383,true,1,201171
7290017266312,false,וופל עלמה במילוי קרם,,,וופל עלמה במילוי קרם,גרמים,150.00,100 גרם,false,,2.90,0.0193,true,1,213084
7290017266343,false,וופל עלמה במילוי קרם,,,וופל עלמה במילוי קרם,גרמים,150.00,100 גרם,false,,2.90,0.0193,true,1,213085
7290017266398,false,גלילי ופל למילוי 15,,,גלילי ופל למילוי 15,גרמים,150.00,100 גרם,false,,17.90,0.1193,true,1,207389
7290017266725,false,מארז 40 יח' וופל קרא,,,מארז 40 יח' וופל קרא,גרמים,480.00,100 גרם,false,,14.50,0.0302,true,1,214460
7290017266862,false,גילרו וופל מיקס 200,,,גילרו וופל מיקס 200,גרמים,200.00,100 גרם,false,,3.20,0.0160,true,1,261660
7290017275086,false,עוגיות אחוה בטעם תות,אחוה,,עוגיות אחוה בטעם תות,גרמים,350.00,100 גרם,false,,9.90,0.0283,true,1,215675
7290017275413,false,מיני קצפיות וניל 140,,,מיני קצפיות וניל 140,יחידה,0.00,יחידה,false,,8.90,0.0000,true,1,261672
7290017275420,false,מיני קצפיות בטעם תות,,,מיני קצפיות בטעם תות,גרמים,140.00,100 גרם,false,,9.90,0.0707,true,1,261624
7290017275444,false,מיני קצפיות ענבים 14,אחוה,,מיני קצפיות ענבים 14,גרמים,140.00,100 גרם,false,,9.90,0.0707,true,1,262936
7290017289618,false,IMPRESSION פטיט סירה,,,IMPRESSION פטיט סירה,מיליליטרים,750.00,"750 מ""ל",false,,49.90,0.0665,true,1,212678
7290017297149,false,גרגירי חומוס להכנת ח,פרי הגליל,,גרגירי חומוס להכנת ח,גרמים,290.00,100 גרם,false,,6.50,0.0224,true,1,215418
7290017297163,false,צ'יפס עם קליפה 800 ג,פרי הגליל,,צ'יפס עם קליפה 800 ג,גרמים,800.00,100 גרם,false,,9.90,0.0124,true,1,215415
7290017297194,false,לקט ירקות לתנור 800,פרי הגליל,,לקט ירקות לתנור 800,גרמים,800.00,100 גרם,false,,15.90,0.0199,true,1,215417
7290017297217,false,עדשים ירוקות מושרות,פרי הגליל,,עדשים ירוקות מושרות,גרמים,800.00,100 גרם,false,,12.90,0.0161,true,1,216224
7290017297224,false,שעועית אדומה מבושלת,פרי הגליל,,שעועית אדומה מבושלת,גרמים,800.00,100 גרם,false,,11.50,0.0144,true,1,215983
7290017297323,false,רוטב עגבניות מרוכז 1,טל,,רוטב עגבניות מרוכז 1,גרמים,100.00,100 גרם,false,,1.70,0.0170,false,1,219839
7290017297330,false,רוטב עגבניות 240 גר',טל,,רוטב עגבניות 240 גר',גרמים,240.00,100 גרם,false,,3.20,0.0133,false,1,264512
7290017297620,false,רוטב עגבניות מרוכז ט,טל,,רוטב עגבניות מרוכז ט,גרמים,570.00,100 גרם,false,,5.50,0.0096,true,1,260873
7290017297637,false,רוטב עגבניות A2 טל ו,טל,,רוטב עגבניות A2 טל ו,גרמים,580.00,100 גרם,false,,6.50,0.0112,true,1,260724
7290017297644,false,ברוקולי green & fres,,,ברוקולי green & fres,גרמים,800.00,100 גרם,false,,14.90,0.0186,true,1,260725
7290017297682,false,כרובית 800 גר' green,,,כרובית 800 גר' green,גרמים,800.00,100 גרם,false,,12.90,0.0161,true,1,260929
7290017304885,false,לחם אנג'ל שיפון וחיט,אנג'ל,,לחם אנג'ל שיפון וחיט,גרמים,750.00,100 גרם,false,,12.90,0.0172,true,1,207943
7290017313009,false,פיתות אופרה עשירייה,,,פיתות אופרה עשירייה,יחידה,0.00,יחידה,false,,14.90,0.0000,true,1,198869
7290017313030,false,פיתות חיטה מלאה חמיש,,,פיתות חיטה מלאה חמיש,יחידה,0.00,יחידה,false,,11.90,0.0000,true,1,215874
7290017313054,false,נקניקיות עטופות בבצק,אופרה,,נקניקיות עטופות בבצק,גרמים,500.00,100 גרם,false,,16.90,0.0338,true,1,219256
7290017325316,false,מיקס אורז מלא אפונה,הרדוף,,מיקס אורז מלא אפונה,גרמים,250.00,100 גרם,false,,12.90,0.0516,true,1,211942
7290017325378,false,מיקס בורגול דוחן ואר,הרדוף,,מיקס בורגול דוחן ואר,גרמים,250.00,100 גרם,false,,12.90,0.0516,true,1,214198
7290017325385,false,חמאה אורגנית 200 גר',,,חמאה אורגנית 200 גר',גרמים,200.00,100 גרם,false,,14.90,0.0745,true,1,218382
7290017325422,false,פריכיות דקות מאורז מ,,,פריכיות דקות מאורז מ,גרמים,100.00,100 גרם,false,,11.90,0.1190,true,1,207973
7290017325453,false,משקה שקדים אורגני 1,הרדוף,,משקה שקדים אורגני 1,ליטרים,1.00,ליטר,false,,14.50,14.5000,true,1,211511
7290017325460,false,משקה שקדים אורגני 1,הרדוף,,משקה שקדים אורגני 1,ליטרים,1.00,ליטר,false,,14.50,14.5000,true,1,211512
7290017325477,false,רסק עגבניות אורגני 1,הרדוף,,רסק עגבניות אורגני 1,גרמים,100.00,100 גרם,false,,3.40,0.0340,true,1,216306
7290017325583,false,קוסקוס כוסמין מלא או,הרדוף,,קוסקוס כוסמין מלא או,גרמים,350.00,100 גרם,false,,14.50,0.0414,true,1,261349
7290017325613,false,משקה שיבולת שועל אור,הרדוף,,משקה שיבולת שועל אור,ליטרים,1.00,ליטר,false,,11.90,11.9000,true,1,213376
7290017325620,false,משקה אורז ושקדים אור,הרדוף,,משקה אורז ושקדים אור,ליטרים,1.00,ליטר,false,,11.90,11.9000,true,1,213377
7290017325682,false,פריכיות כוסמת אוגני,הרדוף,,פריכיות כוסמת אוגני,גרמים,160.00,100 גרם,false,,11.90,0.0744,true,1,263582
7290017325804,false,קוואקר עדין אורגני 5,הרדוף,,קוואקר עדין אורגני 5,גרמים,500.00,100 גרם,false,,15.90,0.0318,true,1,263210
7290017325811,false,שעועית בובס אורגני 4,הרדוף,,שעועית בובס אורגני 4,גרמים,400.00,100 גרם,false,,12.90,0.0323,true,1,261308
7290017325842,false,פריכיות אורז מלא אור,הרדוף,,פריכיות אורז מלא אור,גרמים,110.00,100 גרם,false,,9.40,0.0855,true,1,217168
7290017325897,false,משקה סויה במתיקות מע,הרדוף,,משקה סויה במתיקות מע,ליטרים,1.00,ליטר,false,,10.90,10.9000,true,1,262772
7290017325934,false,טחינה מלאה אורגנית ה,הרדוף,,טחינה מלאה אורגנית ה,גרמים,450.00,100 גרם,false,,16.90,0.0376,true,1,262115
7290017440286,false,"מרכך קידס 750 מ""ל","ד""ר פישר",,"מרכך קידס 750 מ""ל",מיליליטרים,750.00,"100 מ""ל",false,,15.90,0.0212,true,1,207961
7290017440309,false,"שמפו קידס 750 מ""ל","ד""ר פישר",,"שמפו קידס 750 מ""ל",מיליליטרים,750.00,"100 מ""ל",false,,15.90,0.0212,true,1,207962
7290017457574,false,סוד כדוריות לאסלה של,,,סוד כדוריות לאסלה של,גרמים,150.00,100 גרם,false,,19.90,0.1327,true,1,209625
7290017457581,false,סוד מרכך מרוכז 900 מ,סוד,,סוד מרכך מרוכז 900 מ,מיליליטרים,900.00,"100 מ""ל",false,,11.90,0.0132,true,1,208540
7290017457598,false,סוד מרכך כביסה 900 מ,סוד,,סוד מרכך כביסה 900 מ,מיליליטרים,900.00,"100 מ""ל",false,,11.90,0.0132,true,1,208541
7290017457703,false,סוד מרכך מרוכז ארומת,סוד,,סוד מרכך מרוכז ארומת,מיליליטרים,900.00,"100 מ""ל",false,,11.90,0.0132,true,1,207237
7290017457727,false,סוד מרכך מרוכז כחול,סוד,,סוד מרכך מרוכז כחול,מיליליטרים,900.00,"100 מ""ל",false,,11.90,0.0132,true,1,207239
7290017457819,false,פרסיל קפסולות ג'ל 28,פרסיל,,פרסיל קפסולות ג'ל 28,יחידה,0.00,יחידה,false,,32.90,0.0000,true,1,211129
7290017457871,false,סוד ג'ל לכביסה ירוק,סוד,,סוד ג'ל לכביסה ירוק,ליטרים,4.00,ליטר,false,,32.90,8.2250,true,1,213202
7290017457888,false,סוד ג'ל לכביסה כחול,סוד,,סוד ג'ל לכביסה כחול,ליטרים,4.00,ליטר,false,,32.90,8.2250,true,1,213203
7290017457932,false,סוד מרכך מרוכז 900 מ,סוד,,סוד מרכך מרוכז 900 מ,מיליליטרים,900.00,"100 מ""ל",false,,11.90,0.0132,true,1,216227
7290017457949,false,פרסיל אבקת כביסה קול,פרסיל,,פרסיל אבקת כביסה קול,קילוגרמים,2.50,"ק""ג",false,,24.90,9.9600,true,1,214813
7290017477169,false,קשיו קלוי ששון הקולה,,,קשיו קלוי ששון הקולה,גרמים,250.00,100 גרם,false,,20.00,0.0800,true,1,263467
7290017477305,false,זרעי צ'יה 250 גרם שק,,,זרעי צ'יה 250 גרם שק,גרמים,250.00,100 גרם,false,,8.90,0.0356,true,1,203358
7290017477367,false,טבעות שוקולד לבן לאפ,,,טבעות שוקולד לבן לאפ,גרמים,300.00,100 גרם,false,,13.90,0.0463,true,1,212290
7290017477374,false,טבעות שוקולד חלב לאפ,,,טבעות שוקולד חלב לאפ,גרמים,300.00,100 גרם,false,,13.90,0.0463,true,1,212291
7290017477381,false,טבעות שוקולד מריר 45,,,טבעות שוקולד מריר 45,גרמים,300.00,100 גרם,false,,13.90,0.0463,true,1,212292
7290017513393,false,תה ירוק סופר גרין 25,ויסוצקי,,תה ירוק סופר גרין 25,גרמים,37.50,100 גרם,false,,24.90,0.6640,false,1,209266
7290017513409,false,תה ירוק סופר פרפל 25,ויסוצקי,,תה ירוק סופר פרפל 25,גרמים,37.50,100 גרם,false,,24.90,0.6640,false,1,209267
7290017513485,false,מחית עגבניות רוסטיקה,,,מחית עגבניות רוסטיקה,גרמים,680.00,100 גרם,false,,12.90,0.0190,true,1,209820
7290017513775,false,פליפז בייגלה מצופה ש,,,פליפז בייגלה מצופה ש,גרמים,140.00,100 גרם,false,,8.90,0.0636,true,1,210719
7290017513782,false,פליפז בייגלה מצופה ש,,,פליפז בייגלה מצופה ש,גרמים,140.00,100 גרם,false,,8.90,0.0636,true,1,210720
7290017513829,false,תה ירוק לימונית ג'ינ,ויסוצקי,,תה ירוק לימונית ג'ינ,גרמים,37.50,100 גרם,false,,24.90,0.6640,false,1,214908
7290017513850,false,תה ירוק נענע בתוספת,ויסוצקי,,תה ירוק נענע בתוספת,גרמים,37.50,100 גרם,false,,24.90,0.6640,false,1,214639
7290017513867,false,תה ירוק לימונית לואי,ויסוצקי,,תה ירוק לימונית לואי,גרמים,37.50,100 גרם,false,,24.90,0.6640,false,1,214640
7290017521152,false,סט שרותים רטן אובלי,,,סט שרותים רטן אובלי,יחידה,0.00,יחידה,false,,25.90,0.0000,true,1,204351
7290017521404,false,נופר שקיות אשפה עם י,,,נופר שקיות אשפה עם י,יחידה,0.00,יחידה,false,,10.90,0.0000,true,1,261226
7290017521527,false,כפפות ניילון 500 יח',,,כפפות ניילון 500 יח',יחידה,0.00,יחידה,false,,13.90,0.0000,true,1,215089
7290017521596,false,מגבונים לניקוי כללי,,,מגבונים לניקוי כללי,יחידה,0.00,יחידה,false,,19.90,0.0000,true,1,264141
7290017529011,false,בירה שבט ווי לאדי 33,,,בירה שבט ווי לאדי 33,מיליליטרים,330.00,"100 מ""ל",false,,13.50,0.0409,true,1,212950
7290017529233,false,"בירה שבט 330 מ""ל HOP",,,"בירה שבט 330 מ""ל HOP",מיליליטרים,330.00,"100 מ""ל",false,,13.50,0.0409,true,1,262933
7290017529240,false,"בירה שבט 330 מ""ל RED",,,"בירה שבט 330 מ""ל RED",מיליליטרים,330.00,"100 מ""ל",false,,13.50,0.0409,true,1,263001
7290017529301,false,"בירה שבט 330 מ""ל",,,"בירה שבט 330 מ""ל",מיליליטרים,330.00,"100 מ""ל",false,,13.50,0.0409,true,1,262931
7290017589565,false,יין קלאסיק גוורצטרמי,ברקן קלאסיק,,יין קלאסיק גוורצטרמי,מיליליטרים,750.00,"100 מ""ל",false,,24.90,0.0332,false,1,211346
7290017589633,false,יין רזרב קברנה GOLD,ברקן רזרב,,יין רזרב קברנה GOLD,מיליליטרים,750.00,"100 מ""ל",false,,34.90,0.0465,false,1,206686
7290017595047,false,זוג כוסיות קריסטל,,,זוג כוסיות קריסטל,יחידה,0.00,יחידה,false,,13.50,0.0000,true,1,215047
7290017595061,false,זוג כוסיות לנרונים,,,זוג כוסיות לנרונים,יחידה,0.00,יחידה,false,,5.00,0.0000,true,1,216483
7290017599229,false,סוכרזית סוכרלוז 200,,,סוכרזית סוכרלוז 200,גרמים,17.00,100 גרם,false,,22.90,1.3471,true,1,260113
7290017599236,false,סוכרזית סטיוויה 200,,,סוכרזית סטיוויה 200,גרמים,17.00,100 גרם,false,,24.90,1.4647,true,1,260114
7290017599250,false,סוכרזית קלאסי 120 שק,,,סוכרזית קלאסי 120 שק,גרמים,120.00,100 גרם,false,,17.90,0.1492,true,1,263682
7290017617046,false,רביעיה טונה סטאר קיס,,,רביעיה טונה סטאר קיס,גרמים,560.00,100 גרם,false,,26.90,0.0480,false,1,210494
7290017617084,false,סטארקיסט מיקס טונה ט,,,סטארקיסט מיקס טונה ט,גרמים,185.00,100 גרם,false,,12.50,0.0676,true,1,216555
7290017617091,false,סטארקיסט מיקס טונה ט,,,סטארקיסט מיקס טונה ט,גרמים,185.00,100 גרם,false,,12.50,0.0676,true,1,216556
7290017617107,false,סטארקיסט מיקס טונה ע,,,סטארקיסט מיקס טונה ע,גרמים,185.00,100 גרם,false,,12.50,0.0676,true,1,216683
7290017617268,false,טונה סטאר קיסט מעושנ,,,טונה סטאר קיסט מעושנ,גרמים,120.00,100 גרם,false,,15.90,0.1325,true,1,260738
7290017617411,false,סטארקיסט מיקס סלמון,,,סטארקיסט מיקס סלמון,גרמים,160.00,100 גרם,false,,13.90,0.0869,true,1,262529
7290017641102,false,שוקולד פרימיום 70% ל,,,שוקולד פרימיום 70% ל,גרמים,100.00,100 גרם,false,,8.50,0.0850,true,1,206563
7290017641119,false,שוקולד מריר פרימיום,,,שוקולד מריר פרימיום,גרמים,100.00,100 גרם,false,,7.90,0.0790,true,1,205475
7290017641188,false,קרקר עם שיפון מלא וס,,,קרקר עם שיפון מלא וס,גרמים,130.00,100 גרם,false,,5.90,0.0454,true,1,206287
7290017641720,false,שוקולד 70% שברי שקד,,,שוקולד 70% שברי שקד,גרמים,100.00,100 גרם,false,,7.90,0.0790,true,1,211199
7290017641737,false,שוקולד 70% שברי אגוז,,,שוקולד 70% שברי אגוז,גרמים,100.00,100 גרם,false,,7.90,0.0790,true,1,211200
7290017641997,false,"שוקולד אגו 70% לל""ס",,,"שוקולד אגו 70% לל""ס",גרמים,100.00,100 גרם,false,,8.50,0.0850,true,1,217102
7290017647425,false,גמלא קברנה סוביניון,,,גמלא קברנה סוביניון,מיליליטרים,750.00,"100 מ""ל",false,,59.90,0.0799,true,1,214024
7290017647760,false,יין ירדן סירה 2019,,,יין ירדן סירה 2019,מיליליטרים,750.00,"100 מ""ל",false,,89.90,0.1199,true,1,264178
7290017647791,false,ירדן קברנה סוביניון,,,ירדן קברנה סוביניון,מיליליטרים,750.00,"100 מ""ל",false,,120.00,0.1600,true,1,263466
7290017677804,false,רוטב סויה קיקומן 444,,,רוטב סויה קיקומן 444,מיליליטרים,444.00,"100 מ""ל",false,,19.90,0.0448,true,1,208289
7290017677811,false,רוטב סויה קיקומן 296,,,רוטב סויה קיקומן 296,מיליליטרים,296.00,"100 מ""ל",false,,13.90,0.0470,true,1,208175
7290017682549,false,שיפודי במבוק 100 יח',,,שיפודי במבוק 100 יח',יחידה,0.00,יחידה,false,,2.50,0.0000,true,1,262341
7290017696393,false,בורגר פטריות מן הצומ,מרינה,,בורגר פטריות מן הצומ,גרמים,520.00,100 גרם,false,,34.90,0.0671,true,1,212851
7290017712239,false,פרמיו פטה עוף לכלב 1,,,פרמיו פטה עוף לכלב 1,גרמים,150.00,100 גרם,false,,4.00,0.0267,true,1,263163
7290017712260,false,פרמיו פטה סלמון לכלב,,,פרמיו פטה סלמון לכלב,גרמים,150.00,100 גרם,false,,4.00,0.0267,true,1,263164
7290017712277,false,פרמיו פטה כבש לכלב 1,,,פרמיו פטה כבש לכלב 1,גרמים,150.00,100 גרם,false,,4.00,0.0267,true,1,263165
7290017712550,false,גוסטו מרק כתום 300 מ,,,גוסטו מרק כתום 300 מ,מיליליטרים,300.00,"100 מ""ל",false,,8.50,0.0283,true,1,216085
7290017712727,false,פרמיו גור בקר וכבד 1,,,פרמיו גור בקר וכבד 1,גרמים,100.00,100 גרם,false,,4.00,0.0400,true,1,263153
7290017712765,false,פרמיו סלמון ופורל לח,,,פרמיו סלמון ופורל לח,גרמים,100.00,100 גרם,false,,4.00,0.0400,true,1,263868
7290017712864,false,פרמיו מקלות סלמון 10,,,פרמיו מקלות סלמון 10,גרמים,100.00,100 גרם,false,,15.00,0.1500,true,1,263166
7290017712949,false,כריות סטרילייז פרמיו,,,כריות סטרילייז פרמיו,גרמים,60.00,100 גרם,false,,10.00,0.1667,true,1,263855
7290017746128,false,מארז 10 יח' פיתות בי,מאפיית דוידוביץ ובני,,מארז 10 יח' פיתות בי,גרמים,500.00,100 גרם,false,,8.40,0.0168,true,1,214718
7290017746135,false,מיני פיתות כוסמין 10,מאפיית דוידוביץ ובני,,מיני פיתות כוסמין 10,גרמים,500.00,100 גרם,false,,13.50,0.0270,true,1,214782
7290017746159,false,לחם 100% קמח חיטה מל,,,לחם 100% קמח חיטה מל,גרמים,750.00,100 גרם,false,,14.50,0.0193,true,1,214135
7290017746272,false,פיתה בצל 4 יח',,,פיתה בצל 4 יח',גרמים,480.00,100 גרם,false,,13.50,0.0281,true,1,217271
7290017746289,false,פיתה זעתר 4 יח',,,פיתה זעתר 4 יח',גרמים,480.00,100 גרם,false,,13.50,0.0281,true,1,217272
7290017746326,false,חלה מפוארת קלועה דוי,מאפיית דוידוביץ ובני,,חלה מפוארת קלועה דוי,גרמים,750.00,100 גרם,false,,14.90,0.0199,true,1,217603
7290017746708,false,מארז 4 לחמניות שמיני,מאפיית דוידוביץ ובני,,מארז 4 לחמניות שמיני,גרמים,480.00,100 גרם,false,,12.90,0.0269,true,1,264526
7290017786001,false,תות שדה מוקפא,,,תות שדה מוקפא,גרמים,500.00,100 גרם,false,,21.90,0.0438,true,1,207208
7290017786018,false,מנגו חתוך מוקפא,,,מנגו חתוך מוקפא,גרמים,500.00,100 גרם,false,,21.90,0.0438,true,1,207209
7290017786025,false,תמר לח מוקפא,,,תמר לח מוקפא,גרמים,500.00,100 גרם,false,,14.50,0.0290,true,1,207211
7290017786032,false,אננס חתוך מוקפא,,,אננס חתוך מוקפא,גרמים,500.00,100 גרם,false,,21.90,0.0438,true,1,207212
7290017786049,false,אוכמניות כחולות מוקפ,,,אוכמניות כחולות מוקפ,גרמים,500.00,100 גרם,false,,23.90,0.0478,true,1,207210
7290017786056,false,פירות יער מוקפאים,,,פירות יער מוקפאים,גרמים,500.00,100 גרם,false,,21.90,0.0438,true,1,207213
7290017786063,false,מחית אסאי קפואה,,,מחית אסאי קפואה,גרמים,200.00,100 גרם,false,,18.90,0.0945,true,1,217789
7290017786094,false,קוביות פסיפלורה מוקפ,,,קוביות פסיפלורה מוקפ,גרמים,500.00,100 גרם,false,,23.90,0.0478,true,1,217788
7290017791142,false,קרקר כוסמין מלא פת ב,,,קרקר כוסמין מלא פת ב,גרמים,225.00,100 גרם,false,,21.90,0.0973,true,1,208769
7290017791203,false,קרקר כוסמין מלא סלק,,,קרקר כוסמין מלא סלק,גרמים,225.00,100 גרם,false,,21.90,0.0973,true,1,214563
7290017812052,false,אקסלנס שיראז-קברנה ס,,,אקסלנס שיראז-קברנה ס,מיליליטרים,750.00,"100 מ""ל",false,,24.90,0.0332,true,1,204742
7290017812571,false,מיץ ענבים תירוש אדום,יקבי כרמל,,מיץ ענבים תירוש אדום,ליטרים,1.00,ליטר,false,,19.90,19.9000,false,1,211166
7290017812588,false,תירוש לבן 1 ל' 100%,,,תירוש לבן 1 ל' 100%,מיליליטרים,1000.00,"100 מ""ל",false,,19.90,0.0199,true,1,211608
7290017812618,false,תירוש רוזה 100% ענבי,,,תירוש רוזה 100% ענבי,מיליליטרים,1000.00,"100 מ""ל",false,,19.90,0.0199,true,1,210889
7290017812656,false,תירוש אדום מבעבע 750,,,תירוש אדום מבעבע 750,מיליליטרים,750.00,"100 מ""ל",false,,19.90,0.0265,true,1,216578
7290017812663,false,תירוש לבן מבעבע 750,,,תירוש לבן מבעבע 750,מיליליטרים,750.00,"100 מ""ל",false,,19.90,0.0265,true,1,216579
7290017812830,false,פ. קולקשיין רוזה,,,פ. קולקשיין רוזה,מיליליטרים,750.00,"100 מ""ל",false,,34.90,0.0465,true,1,216627
7290017812861,false,וינו יין לבן יבש,,,וינו יין לבן יבש,מיליליטרים,750.00,"100 מ""ל",false,,19.90,0.0265,true,1,216043
7290017812977,false,באז ספרקלינג אננס,,,באז ספרקלינג אננס,מיליליטרים,750.00,"100 מ""ל",false,,23.90,0.0319,true,1,218127
7290017816005,false,בייגלה כוסמין שמיניו,,,בייגלה כוסמין שמיניו,גרמים,300.00,100 גרם,false,,17.90,0.0597,true,1,207739
7290017816111,false,פתי בר כוסמין 220 גר,,,פתי בר כוסמין 220 גר,גרמים,220.00,100 גרם,false,,13.90,0.0632,true,1,213277
7290017816128,false,קרקר כוסמין,,,קרקר כוסמין,יחידה,0.00,יחידה,false,,18.90,0.0000,true,1,214780
7290017816135,false,פריכיות כוסמין 90 גר,,,פריכיות כוסמין 90 גר,גרמים,90.00,100 גרם,false,,10.90,0.1211,true,1,213538
7290017871363,false,פמלי יהלום סבון ידיי,פמלי,,פמלי יהלום סבון ידיי,מיליליטרים,500.00,"100 מ""ל",false,,10.00,0.0200,true,1,211758
7290017871370,false,פמלי יהלום סבון ידיי,פמלי,,פמלי יהלום סבון ידיי,מיליליטרים,500.00,"100 מ""ל",false,,10.00,0.0200,true,1,211759
7290017871431,false,טוסו חטיף תמרים אגוז,,,טוסו חטיף תמרים אגוז,גרמים,140.00,100 גרם,false,,16.90,0.1207,true,1,209089
7290017871707,false,טוסו חטיף פצפוצי אור,,,טוסו חטיף פצפוצי אור,גרמים,105.00,100 גרם,false,,16.90,0.1610,true,1,209199
7290017871950,false,פרש וואנס נייר טואלט,פרש-וואנס,,פרש וואנס נייר טואלט,יחידה,0.00,יחידה,false,,12.90,0.0000,true,1,216403
7290017871998,false,פודינג אינסטנט בטעם,טוסו,,פודינג אינסטנט בטעם,גרמים,30.00,100 גרם,false,,9.90,0.3300,true,1,213054
7290017872049,false,פמלי אל סבון בניחוח,פמלי,,פמלי אל סבון בניחוח,מיליליטרים,1500.00,"100 מ""ל",false,,15.00,0.0100,true,1,213426
7290017872056,false,פמלי אל סבון סדרה לב,פמלי,,פמלי אל סבון סדרה לב,מיליליטרים,1500.00,"100 מ""ל",false,,15.00,0.0100,true,1,213427
7290017872063,false,פמלי אל סבון ארומתרפ,פמלי,,פמלי אל סבון ארומתרפ,מיליליטרים,1500.00,"100 מ""ל",false,,15.00,0.0100,true,1,213428
7290017872162,false,טוסו עוגיות אגוזי לו,,,טוסו עוגיות אגוזי לו,גרמים,200.00,100 גרם,false,,18.90,0.0945,true,1,212184
7290017872650,false,פמלי יהלום סבון ידיי,פמלי,,פמלי יהלום סבון ידיי,מיליליטרים,500.00,"100 מ""ל",false,,10.00,0.0200,true,1,213982
7290017872865,false,בייביביס חטיפי דגנים,,,בייביביס חטיפי דגנים,גרמים,40.00,100 גרם,false,,14.50,0.3625,true,1,261066
7290017872889,false,גלילונית שקיות אשפה,גלילונית,,גלילונית שקיות אשפה,יחידה,0.00,יחידה,false,,21.90,0.0000,true,1,259908
7290017872896,false,גלילונית שקיות אשפה,גלילונית,,גלילונית שקיות אשפה,יחידה,0.00,יחידה,false,,21.90,0.0000,true,1,260327
7290017872940,false,רצועות שעווה טבעיות,,,רצועות שעווה טבעיות,יחידה,0.00,יחידה,false,,19.90,0.0000,true,1,218927
7290017873008,false,גלילונית שקיות להקפא,גלילונית,,גלילונית שקיות להקפא,יחידה,0.00,יחידה,false,,14.90,0.0000,true,1,260127
7290017873015,false,גלילונית שקיות אשפה,גלילונית,,גלילונית שקיות אשפה,יחידה,0.00,יחידה,false,,19.90,0.0000,true,1,259743
7290017873039,false,גלילונית שקיות אוכל,גלילונית,,גלילונית שקיות אוכל,יחידה,0.00,יחידה,false,,15.90,0.0000,true,1,260371
7290017888019,false,FRUIT&VEG תפוח רימון,,,FRUIT&VEG תפוח רימון,גרמים,350.00,100 גרם,false,,6.90,0.0197,true,1,206403
7290017888095,false,רביעיית פחיות שוופס,שוופס,,רביעיית פחיות שוופס,מיליליטרים,1320.00,"100 מ""ל",false,,11.90,0.0090,false,1,207398
7290017888101,false,רביעיית פחיות שוופס,שוופס,,רביעיית פחיות שוופס,מיליליטרים,1320.00,"100 מ""ל",false,,11.90,0.0090,false,1,207399
7290017888729,false,שוופס סודה 1 ליטר,שוופס,,שוופס סודה 1 ליטר,ליטרים,1.00,ליטר,false,,3.90,3.9000,false,1,212605
7290017888972,false,מי עדן פקק ספורט 1,מי עדן,,מי עדן פקק ספורט 1,ליטרים,1.00,ליטר,false,,3.50,3.5000,true,1,213095
7290017894010,false,גרין קוקו מי קוקוס א,,,גרין קוקו מי קוקוס א,ליטרים,1.00,ליטר,false,,18.90,18.9000,true,1,211303
7290017894089,false,דגש קמח שיבולת שועל,,,דגש קמח שיבולת שועל,גרמים,500.00,100 גרם,false,,19.90,0.0398,true,1,215619
7290017894096,false,ממרח בטעם מיונז טבעו,,,ממרח בטעם מיונז טבעו,גרמים,350.00,100 גרם,false,,19.90,0.0569,true,1,215023
7290017894201,false,דגש סודה לשתיה ללא א,,,דגש סודה לשתיה ללא א,גרמים,500.00,100 גרם,false,,15.90,0.0318,true,1,262388
7290017894256,false,דגש פריכיות מאורז מל,,,דגש פריכיות מאורז מל,גרמים,230.00,100 גרם,false,,11.90,0.0517,true,1,262389
7290017894270,false,דגש אבקת אפייה ללא א,,,דגש אבקת אפייה ללא א,גרמים,500.00,100 גרם,false,,15.90,0.0318,true,1,262390
7290017894324,false,חמאת אגוזי נמר קשיו,,,חמאת אגוזי נמר קשיו,גרמים,350.00,100 גרם,false,,31.00,0.0886,true,1,263793
7290017894331,false,חמאת אגוזי נמר לוז ו,,,חמאת אגוזי נמר לוז ו,גרמים,350.00,100 גרם,false,,31.00,0.0886,true,1,263794
7290017894348,false,חמאת אגוזי נמר שקדים,,,חמאת אגוזי נמר שקדים,גרמים,350.00,100 גרם,false,,31.00,0.0886,true,1,263795
7290017907208,false,קמח תמי רב תכליתי לל,,,קמח תמי רב תכליתי לל,גרמים,500.00,100 גרם,false,,18.90,0.0378,true,1,216941
7290017907222,false,קמח תמי תופח ללא גלו,,,קמח תמי תופח ללא גלו,גרמים,500.00,100 גרם,false,,18.90,0.0378,true,1,216943
7290017917283,false,רביעיית מגבוני קמיל,"ד""ר פישר",,רביעיית מגבוני קמיל,יחידה,0.00,יחידה,false,,19.90,0.0000,true,1,210352
7290017917382,false,אל סבון נוזלי להרגעת,"ד""ר פישר",,אל סבון נוזלי להרגעת,ליטרים,1.00,ליטר,false,,15.90,15.9000,true,1,208132
7290017917405,false,קמיל בלו מגבוני שבת,"ד""ר פישר",,קמיל בלו מגבוני שבת,יחידה,0.00,יחידה,false,,9.90,0.0000,true,1,212491
7290017917467,false,קמיל בלו אל סבון שיב,"ד""ר פישר",,קמיל בלו אל סבון שיב,ליטרים,1.00,ליטר,false,,29.90,29.9000,true,1,208153
7290017917764,false,קרם גוף מועשר בשמן א,"ד""ר פישר",,קרם גוף מועשר בשמן א,מיליליטרים,450.00,"100 מ""ל",false,,23.90,0.0531,true,1,213196
7290017928036,false,מקלות גריסיני שומשום,מאיר בייגל,,מקלות גריסיני שומשום,גרמים,175.00,100 גרם,false,,10.90,0.0623,true,1,209934
7290017928043,false,גריסיני קראנץ' מלח 1,מאיר בייגל,,גריסיני קראנץ' מלח 1,גרמים,175.00,100 גרם,false,,10.90,0.0623,true,1,209935
7290017928098,false,שטוחל'ה עם מלח 330 ג,מאיר בייגל,,שטוחל'ה עם מלח 330 ג,גרמים,330.00,100 גרם,false,,10.90,0.0330,true,1,260611
7290017928227,false,שטוחלה פינוקים מאיר,מאיר בייגל,,שטוחלה פינוקים מאיר,גרמים,300.00,100 גרם,false,,10.90,0.0363,true,1,209930
7290017928432,false,גריסיני קראנץ' פרג 1,מאיר בייגל,,גריסיני קראנץ' פרג 1,גרמים,175.00,100 גרם,false,,10.90,0.0623,true,1,209939
7290017928463,false,סמאש שברי בייגלה בטע,מאיר בייגל,,סמאש שברי בייגלה בטע,גרמים,300.00,100 גרם,false,,13.90,0.0463,true,1,216486
7290017928524,false,בייגלה שטוח ניגובים,מאיר בייגל,,בייגלה שטוח ניגובים,גרמים,330.00,100 גרם,false,,10.90,0.0330,true,1,260125
7290017928609,false,טבעות שומשום מאיר בי,מאיר בייגל,,טבעות שומשום מאיר בי,גרמים,300.00,100 גרם,false,,10.90,0.0363,true,1,209941
7290017928616,false,שטוחלה שומשום מאיר ב,מאיר בייגל,,שטוחלה שומשום מאיר ב,גרמים,300.00,100 גרם,false,,10.90,0.0363,true,1,209932
7290017928661,false,סמאש שברי בייגלה בטע,מאיר בייגל,,סמאש שברי בייגלה בטע,גרמים,300.00,100 גרם,false,,13.90,0.0463,true,1,216487
7290017928685,false,בייגלה שמיניות עם מל,מאיר בייגל,,בייגלה שמיניות עם מל,גרמים,400.00,100 גרם,false,,10.90,0.0273,true,1,261620
7290017928807,false,אצבעות שומשום מאיר ב,מאיר בייגל,,אצבעות שומשום מאיר ב,גרמים,300.00,100 גרם,false,,10.90,0.0363,true,1,209943
7290017928821,false,מקלות גריסיני קלאסי,מאיר בייגל,,מקלות גריסיני קלאסי,גרמים,200.00,100 גרם,false,,10.90,0.0545,true,1,209944
7290017932088,false,תחתית אפויה לפאי,,,תחתית אפויה לפאי,גרמים,170.00,100 גרם,false,,12.90,0.0759,true,1,214636
7290017932231,false,מייפל אמיתי טהור גאל,,,מייפל אמיתי טהור גאל,מיליליטרים,250.00,"100 מ""ל",false,,23.90,0.0956,true,1,261662
7290017946368,false,סוד מארז כדוריות שלי,סוד,,סוד מארז כדוריות שלי,גרמים,150.00,100 גרם,false,,19.90,0.1327,true,1,215270
7290017946382,false,סוד קפסולות ג'ל לכבי,סוד,,סוד קפסולות ג'ל לכבי,יחידה,0.00,יחידה,false,,29.90,0.0000,true,1,260499
7290017946399,false,סוד מרכך מרוכז אורמת,סוד,,סוד מרכך מרוכז אורמת,מיליליטרים,900.00,"100 מ""ל",false,,11.90,0.0132,true,1,260648
7290017947105,false,לחם בסגנון אמריקה אנ,אנג'ל,,לחם בסגנון אמריקה אנ,גרמים,500.00,100 גרם,false,,13.50,0.0270,true,1,210881
7290017947457,false,חלה קלועה כוסמין אנג,אנג'ל,,חלה קלועה כוסמין אנג,גרמים,500.00,100 גרם,false,,16.90,0.0338,true,1,259509
7290017947464,false,פיתות כוסמין 8 יח' א,אנג'ל,,פיתות כוסמין 8 יח' א,גרמים,400.00,100 גרם,false,,12.90,0.0323,true,1,214305
7290017947495,false,לחמניות כוסמין שישיי,אנג'ל,,לחמניות כוסמין שישיי,גרמים,450.00,100 גרם,false,,14.90,0.0331,true,1,215036
7290017947891,false,לחם אנג'ל כוסמין וחי,אנג'ל,,לחם אנג'ל כוסמין וחי,גרמים,750.00,100 גרם,false,,12.90,0.0172,true,1,210827
7290017947921,false,שש לחמניות המבורגר א,,,שש לחמניות המבורגר א,גרמים,450.00,100 גרם,false,,12.50,0.0278,true,1,211024
7290017947938,false,לחמניות המבורגר 8 יח,אנג'ל,,לחמניות המבורגר 8 יח,גרמים,400.00,100 גרם,false,,13.90,0.0348,true,1,214307
7290017962146,false,עוגיות כוסמין קוקוס,,,עוגיות כוסמין קוקוס,גרמים,230.00,100 גרם,false,,22.90,0.0996,true,1,261540
7290017962160,false,עוגיות כוסמין אוכמני,,,עוגיות כוסמין אוכמני,גרמים,230.00,100 גרם,false,,22.90,0.0996,true,1,261541
7290017993775,false,מקלות וניל 2 יח',,,מקלות וניל 2 יח',יחידה,0.00,יחידה,false,,24.90,0.0000,true,1,217690
7290018043189,false,חטיף חלבון בטעם קשיו,,,חטיף חלבון בטעם קשיו,גרמים,60.00,100 גרם,false,,11.90,0.1983,true,1,259979
7290018043196,false,חטיף חלבון בטעם שוקו,,,חטיף חלבון בטעם שוקו,גרמים,60.00,100 גרם,false,,11.90,0.1983,true,1,259980
7290018043844,false,פראוד חטיף חלבון בוט,,,פראוד חטיף חלבון בוט,גרמים,60.00,100 גרם,false,,11.90,0.1983,true,1,262869
7290018045893,false,דגנים בון בון במילוי,,,דגנים בון בון במילוי,גרמים,480.00,100 גרם,false,,21.90,0.0456,true,1,261054
7290018050064,false,חמאת שקד מולבן,,,חמאת שקד מולבן,גרמים,300.00,100 גרם,false,,27.90,0.0930,true,1,213753
7290018050071,false,תערובת בוטנים מצופים,,,תערובת בוטנים מצופים,גרמים,180.00,100 גרם,false,,14.90,0.0828,true,1,214543
7290018050088,false,מיקס אגוזים וקרמל,,,מיקס אגוזים וקרמל,גרמים,180.00,100 גרם,false,,17.90,0.0994,true,1,214544
7290018050408,false,אגוזי פיסטוק קלויים,,,אגוזי פיסטוק קלויים,גרמים,160.00,100 גרם,false,,16.90,0.1056,true,1,214550
7290018050422,false,פקאן סיני,,,פקאן סיני,גרמים,160.00,100 גרם,false,,18.90,0.1181,true,1,214552
7290018050439,false,אגוזי פקאן קלויים ומ,,,אגוזי פקאן קלויים ומ,גרמים,140.00,100 גרם,false,,16.90,0.1207,true,1,214553
7290018050460,false,קשיו קלוי,,,קשיו קלוי,גרמים,200.00,100 גרם,false,,16.00,0.0800,true,1,214556
7290018050491,false,אלמנדס,,,אלמנדס,גרמים,220.00,100 גרם,false,,10.00,0.0455,true,1,214571
7290018050514,false,בוטן מטוגן,,,בוטן מטוגן,גרמים,240.00,100 גרם,false,,10.00,0.0417,true,1,214572
7290018050545,false,גרעיני אבטיח קלויים,,,גרעיני אבטיח קלויים,גרמים,140.00,100 גרם,false,,10.00,0.0714,true,1,214573
7290018050637,false,בוטנים אמריקאים -בוט,,,בוטנים אמריקאים -בוט,גרמים,300.00,100 גרם,false,,10.00,0.0333,true,1,214575
7290018050675,false,שקד קלוי,,,שקד קלוי,גרמים,210.00,100 גרם,false,,16.90,0.0805,true,1,214554
7290018050736,false,תערובת אגוזים ושקדים,,,תערובת אגוזים ושקדים,גרמים,150.00,100 גרם,false,,12.90,0.0860,true,1,214577
7290018050750,false,מיקס אגוזים וחמוצים,,,מיקס אגוזים וחמוצים,גרמים,130.00,100 גרם,false,,10.90,0.0838,true,1,214578
7290018050767,false,מיקס מקס -חטיפי אורז,,,מיקס מקס -חטיפי אורז,גרמים,300.00,100 גרם,false,,11.90,0.0397,true,1,214579
7290018050774,false,מיאסי - בוטנים מצופי,,,מיאסי - בוטנים מצופי,גרמים,270.00,100 גרם,false,,11.50,0.0426,true,1,214580
7290018050781,false,אפונה מטוגנת,,,אפונה מטוגנת,גרמים,320.00,100 גרם,false,,12.90,0.0403,true,1,214581
7290018050811,false,חטיף תירס ברביקיו,,,חטיף תירס ברביקיו,גרמים,220.00,100 גרם,false,,10.00,0.0455,true,1,214582
7290018050828,false,חטיף חטיפול,,,חטיף חטיפול,גרמים,220.00,100 גרם,false,,10.00,0.0455,true,1,214583
7290018050835,false,בוטנים קלויים ומומלח,,,בוטנים קלויים ומומלח,גרמים,250.00,100 גרם,false,,10.00,0.0400,true,1,214584
7290018050842,false,שקדים בקרמל,,,שקדים בקרמל,גרמים,200.00,100 גרם,false,,15.00,0.0750,true,1,214557
7290018050859,false,אגוזי קשיו בקרמל,,,אגוזי קשיו בקרמל,גרמים,200.00,100 גרם,false,,15.00,0.0750,true,1,214555
7290018050866,false,בוטנים בקרמל,,,בוטנים בקרמל,גרמים,200.00,100 גרם,false,,10.00,0.0500,true,1,214585
7290018063330,false,מגבונים 400 יח' בדלי,קלין,,מגבונים 400 יח' בדלי,יחידה,0.00,יחידה,false,,24.90,0.0000,true,1,213689
7290018091029,false,"מקלות פילו תפו""א מעד",מעדנות,,"מקלות פילו תפו""א מעד",גרמים,450.00,100 גרם,false,,17.90,0.0398,true,1,213470
7290018091074,false,בצק עוגיות שוקולד צ',,,בצק עוגיות שוקולד צ',גרמים,300.00,100 גרם,false,,16.90,0.0563,true,1,263713
7290018091081,false,מאפה פילו תרד וגבינו,,,מאפה פילו תרד וגבינו,גרמים,320.00,100 גרם,false,,19.90,0.0622,true,1,262673
7290018091234,false,פיצה מקסיקנית מעדנות,מעדנות,,פיצה מקסיקנית מעדנות,גרמים,270.00,100 גרם,false,,14.90,0.0552,false,1,214593
7290018091258,false,חטיפי פיצה עם גרעיני,,,חטיפי פיצה עם גרעיני,גרמים,730.00,100 גרם,false,,26.90,0.0368,true,1,218805
7290018091470,false,גלילת ביסקוויטים בטע,,,גלילת ביסקוויטים בטע,גרמים,300.00,100 גרם,false,,16.90,0.0563,true,1,263715
7290018091616,false,מקלות פילו גבינה מעד,מעדנות,,מקלות פילו גבינה מעד,גרמים,450.00,100 גרם,false,,17.90,0.0398,true,1,213472
7290018091838,false,חטיפי פילאס גבינה מע,מעדנות,,חטיפי פילאס גבינה מע,גרמים,600.00,100 גרם,false,,19.90,0.0332,true,1,216420
7290018091876,false,מאפה פילו גבינה,,,מאפה פילו גבינה,גרמים,320.00,100 גרם,false,,19.90,0.0622,true,1,262674
7290018098486,false,פיצה משפחתית מרגריטה,,,פיצה משפחתית מרגריטה,גרמים,350.00,100 גרם,false,,21.90,0.0626,true,1,262819
7290018098578,false,המבורגר 230 גר' BEEF,,,המבורגר 230 גר' BEEF,גרמים,230.00,100 גרם,false,,21.90,0.0952,true,1,262915
7290018098585,false,קציצות 230 גר' BEEF,,,קציצות 230 גר' BEEF,גרמים,230.00,100 גרם,false,,21.90,0.0952,true,1,262916
7290018131534,false,מאגדת מיני בייטס מיל,,,מאגדת מיני בייטס מיל,גרמים,250.00,100 גרם,false,,18.90,0.0756,true,1,214218
7290018131831,false,מאגדת שלגונים מילקה,נסטלה גלידות,,מאגדת שלגונים מילקה,גרמים,284.00,100 גרם,false,,31.90,0.1123,true,1,216752
7290018131855,false,מאגדת אקסטרים בראוני,,,מאגדת אקסטרים בראוני,גרמים,432.00,100 גרם,false,,32.00,0.0741,true,1,216951
7290018131954,false,מאגדת שלגונים לה פרו,נסטלה גלידות,,מאגדת שלגונים לה פרו,גרמים,350.00,100 גרם,false,,27.90,0.0797,true,1,216754
7290018132388,false,מטרנה גולד שלב 2 700,,,מטרנה גולד שלב 2 700,גרמים,700.00,100 גרם,false,,75.90,0.1084,false,1,263500
7290018156124,false,אל סבון קמיל שלישייה,"ד""ר פישר",,אל סבון קמיל שלישייה,מיליליטרים,1500.00,"100 מ""ל",false,,18.90,0.0126,true,1,210475
7290018165447,false,רזרב גולד מרלו 750 מ,ברקן רזרב,,רזרב גולד מרלו 750 מ,מיליליטרים,750.00,"100 מ""ל",false,,34.90,0.0465,false,1,216323
7290018192023,false,מקלות סלרי,מרינה,,מקלות סלרי,יחידה,0.00,יחידה,false,,6.90,0.0000,true,1,209391
7290018192658,false,צמד חמד שמפניון מרינ,מרינה,,צמד חמד שמפניון מרינ,יחידה,0.00,יחידה,false,,15.90,0.0000,true,1,213789
7290018198056,false,תפוגן קוביות תפוחי א,תפוגן,,תפוגן קוביות תפוחי א,קילוגרמים,1.50,"ק""ג",false,,25.90,17.2667,true,1,212321
7290018198148,false,תפוגן קריספי צ'יפס ק,,,תפוגן קריספי צ'יפס ק,קילוגרמים,1.25,"ק""ג",false,,25.90,20.7200,true,1,217755
7290018198209,false,תפוגן צ'יפס בטטה קרא,,,תפוגן צ'יפס בטטה קרא,גרמים,500.00,100 גרם,false,,19.90,0.0398,true,1,215628
7290018198254,false,תפוגן קריספי צ'יפס פ,,,תפוגן קריספי צ'יפס פ,קילוגרמים,1.25,"ק""ג",false,,25.90,20.7200,true,1,217756
7290018213100,false,דלי מגבונים לניקוי כ,,,דלי מגבונים לניקוי כ,יחידה,0.00,יחידה,false,,19.90,0.0000,true,1,213055
7290018213148,false,גליל מפה מהודרת 15 מ,,,גליל מפה מהודרת 15 מ,יחידה,0.00,יחידה,false,,34.90,0.0000,true,1,218958
7290018219317,false,קאשיו קלוי גדול,זארובי,,קאשיו קלוי גדול,גרמים,350.00,100 גרם,false,,29.90,0.0854,true,1,214026
7290018219331,false,פיסטוק קלוי 150 גר',זארובי,,פיסטוק קלוי 150 גר',גרמים,150.00,100 גרם,false,,10.00,0.0667,true,1,260121
7290018219584,false,ערמונים אורגניים קלו,זארובי,,ערמונים אורגניים קלו,גרמים,100.00,100 גרם,false,,5.00,0.0500,false,1,261753
7290018219829,false,"פולי קפה 1 ק""ג finzi",,,"פולי קפה 1 ק""ג finzi",קילוגרמים,1.00,"ק""ג",false,,49.90,49.9000,true,1,218789
7290018236635,false,עוף טוב צונג'ו פופקו,,,עוף טוב צונג'ו פופקו,גרמים,600.00,100 גרם,false,,34.90,0.0582,true,1,215808
7290018237281,false,סלמי ירדן 550 גר,,,סלמי ירדן 550 גר,גרמים,550.00,100 גרם,false,,24.90,0.0453,true,1,219128
7290018237373,false,עוף טוב פסטרמה צרובה,,,עוף טוב פסטרמה צרובה,גרמים,300.00,100 גרם,false,,26.90,0.0897,true,1,218847
7290018237397,false,עוף טוב פסטרמה מקורמ,,,עוף טוב פסטרמה מקורמ,גרמים,300.00,100 גרם,false,,26.90,0.0897,true,1,218848
7290018237410,false,עוף טוב פסטרמה במעשנ,,,עוף טוב פסטרמה במעשנ,גרמים,300.00,100 גרם,false,,26.90,0.0897,true,1,218849
7290018237489,false,עוף טוב דק דק פסטרמה,,,עוף טוב דק דק פסטרמה,גרמים,220.00,100 גרם,false,,21.00,0.0955,true,1,260913
7290018237496,false,עוף טוב דק דק פסטרמה,,,עוף טוב דק דק פסטרמה,גרמים,220.00,100 גרם,false,,21.00,0.0955,true,1,260914
7290018237502,false,עוף טוב דק דק כתף בק,,,עוף טוב דק דק כתף בק,גרמים,200.00,100 גרם,false,,19.90,0.0995,true,1,260912
7290018237885,false,נקנקיות אקסטרא לאר'ג,,,נקנקיות אקסטרא לאר'ג,גרמים,370.00,100 גרם,false,,12.90,0.0349,true,1,262411
7290018237922,false,שניצלונים בציפוי צ'י,,,שניצלונים בציפוי צ'י,גרמים,700.00,100 גרם,false,,18.90,0.0270,true,1,262404
7290018237960,false,עוף טוב כתף בקר עסיס,,,עוף טוב כתף בקר עסיס,גרמים,265.00,100 גרם,false,,24.90,0.0940,true,1,263297
7290018245378,false,קישקה ביתי אסלי,,,קישקה ביתי אסלי,קילוגרמים,1.00,"ק""ג",true,,49.90,49.9000,true,1,214849
7290018249086,false,ממרח בטעם חלווה פיסט,,,ממרח בטעם חלווה פיסט,גרמים,350.00,100 גרם,false,,34.90,0.0997,true,1,264293
7290018249123,false,אינסטנט פודינג וניל,,,אינסטנט פודינג וניל,גרמים,50.00,100 גרם,false,,12.50,0.2500,true,1,214366
7290018249154,false,ממרח קקאו עם אגוזי ס,,,ממרח קקאו עם אגוזי ס,גרמים,350.00,100 גרם,false,,31.90,0.0911,true,1,263091
7290018249550,false,אינסטנט פודינג בטעם,,,אינסטנט פודינג בטעם,גרמים,55.00,100 גרם,false,,12.50,0.2273,true,1,215676
7290018249802,false,סווינטגו ממתיק 280 ג,,,סווינטגו ממתיק 280 ג,גרמים,280.00,100 גרם,false,,28.90,0.1032,true,1,213022
7290018249994,false,ממתיק סווינאנגו 700,,,ממתיק סווינאנגו 700,גרמים,700.00,100 גרם,false,,56.90,0.0813,true,1,212212
7290018293454,false,"עלי טורטייה 25 ס""מ 6",,,"עלי טורטייה 25 ס""מ 6",גרמים,370.00,100 גרם,false,,9.90,0.0268,true,1,263640
7290018294000,false,קינג דיוויד רוזה 750,,,קינג דיוויד רוזה 750,מיליליטרים,750.00,"100 מ""ל",false,,19.90,0.0265,true,1,218128
7290018294352,false,"ערק כרמל 700 מ""ל",,,"ערק כרמל 700 מ""ל",מיליליטרים,700.00,"100 מ""ל",false,,49.90,0.0713,true,1,260920
7290018294895,false,יין כרמל MOONLIGHT ל,,,יין כרמל MOONLIGHT ל,מיליליטרים,750.00,"100 מ""ל",false,,34.90,0.0465,true,1,263084
7290018294901,false,יין כרמל MOONLIGHT א,,,יין כרמל MOONLIGHT א,מיליליטרים,750.00,"100 מ""ל",false,,34.90,0.0465,true,1,263085
7290018294918,false,יין כרמל MOONLIGHT מ,,,יין כרמל MOONLIGHT מ,מיליליטרים,750.00,"100 מ""ל",false,,34.90,0.0465,true,1,263086
7290018296004,false,לחם מלא מלא דגנים קל,,,לחם מלא מלא דגנים קל,גרמים,750.00,100 גרם,false,,13.90,0.0185,true,1,210249
7290018296042,false,לחם טוסט אמריקה אגמי,,,לחם טוסט אמריקה אגמי,גרמים,500.00,100 גרם,false,,12.50,0.0250,true,1,219663
7290018296202,false,לחם אחיד פלוס כוסמין,,,לחם אחיד פלוס כוסמין,גרמים,650.00,100 גרם,false,,13.90,0.0214,true,1,210250
7290018296455,false,לחם דגנים קל מרובע ח,,,לחם דגנים קל מרובע ח,גרמים,750.00,100 גרם,false,,16.90,0.0225,true,1,262767
7290018296462,false,חליות במתיקות מעודנת,,,חליות במתיקות מעודנת,גרמים,510.00,100 גרם,false,,18.50,0.0363,true,1,262565
7290018296608,false,לחם בריאות ושובע 9 ד,,,לחם בריאות ושובע 9 ד,גרמים,600.00,100 גרם,false,,13.90,0.0232,true,1,210252
7290018296615,false,פיתה ביס כוסמין מלא,,,פיתה ביס כוסמין מלא,גרמים,450.00,100 גרם,false,,16.60,0.0369,true,1,210254
7290018296646,false,חלת כוסמין אגמי,,,חלת כוסמין אגמי,גרמים,400.00,100 גרם,false,,17.50,0.0438,true,1,214978
7290018296653,false,לחם אחיד פלוס כוסמין,,,לחם אחיד פלוס כוסמין,גרמים,700.00,100 גרם,false,,16.90,0.0241,true,1,262768
7290018296806,false,לחם בריאות ושובע מוע,,,לחם בריאות ושובע מוע,גרמים,600.00,100 גרם,false,,13.90,0.0232,true,1,210248
7290018296813,false,פיתה קלה ביס 10 יח',,,פיתה קלה ביס 10 יח',גרמים,450.00,100 גרם,false,,13.90,0.0309,true,1,210253
7290018333006,false,"שוקולד אגו 70% לל""ס",,,"שוקולד אגו 70% לל""ס",גרמים,100.00,100 גרם,false,,8.50,0.0850,true,1,217103
7290018333020,false,שלוקים בטעם ענבים עם,,,שלוקים בטעם ענבים עם,ליטרים,8.00,ליטר,false,,32.90,4.1125,true,1,215626
7290018333112,false,אריזת טופי אצבעות מי,,,אריזת טופי אצבעות מי,גרמים,402.00,100 גרם,false,,9.90,0.0246,true,1,261190
7290018333686,false,גרנולה פרו פקאן חמוצ,,,גרנולה פרו פקאן חמוצ,גרמים,250.00,100 גרם,false,,14.90,0.0596,true,1,262201
7290018333693,false,גרנולה רפאל 600 גר',,,גרנולה רפאל 600 גר',גרמים,600.00,100 גרם,false,,22.90,0.0382,true,1,219278
7290018333945,false,חטיף אגוזים רפאלס שק,,,חטיף אגוזים רפאלס שק,גרמים,150.00,100 גרם,false,,14.90,0.0993,true,1,218532
7290018333952,false,חטיף אגוזים וחמוציות,,,חטיף אגוזים וחמוציות,גרמים,150.00,100 גרם,false,,14.90,0.0993,true,1,218533
7290018333969,false,חטיף גרנולה שקדים וט,,,חטיף גרנולה שקדים וט,גרמים,150.00,100 גרם,false,,14.90,0.0993,true,1,218534
7290018333976,false,חטיף גרנולה קשיו וקו,,,חטיף גרנולה קשיו וקו,גרמים,150.00,100 גרם,false,,14.90,0.0993,true,1,218535
7290018338070,false,חיטת פריקי 500 גר' ת,תבואות,,חיטת פריקי 500 גר' ת,גרמים,500.00,100 גרם,false,,12.90,0.0258,true,1,215283
7290018338117,false,טחינה אורגנית משומשו,תבואות,,טחינה אורגנית משומשו,גרמים,500.00,100 גרם,false,,15.90,0.0318,true,1,216393
7290018338605,false,אטריות עדשים כתומות,,,אטריות עדשים כתומות,גרמים,250.00,100 גרם,false,,14.90,0.0596,true,1,259768
7290018338612,false,אטריות קטניות אורגני,,,אטריות קטניות אורגני,גרמים,250.00,100 גרם,false,,14.90,0.0596,true,1,259769
7290018338629,false,פנה חומוס וכורכום או,,,פנה חומוס וכורכום או,גרמים,250.00,100 גרם,false,,14.90,0.0596,true,1,259770
7290018338643,false,פוסיליני עדשים צהובו,,,פוסיליני עדשים צהובו,גרמים,250.00,100 גרם,false,,14.90,0.0596,true,1,259772
7290018338681,false,ספגטי מקמח דורום אור,תבואות,,ספגטי מקמח דורום אור,גרמים,500.00,100 גרם,false,,8.40,0.0168,true,1,261551
7290018338698,false,פנה מקמח דורום אורגנ,תבואות,,פנה מקמח דורום אורגנ,גרמים,500.00,100 גרם,false,,8.40,0.0168,true,1,261552
7290018338780,false,פוניו אורגני 500 גר',תבואות,,פוניו אורגני 500 גר',גרמים,500.00,100 גרם,false,,18.90,0.0378,true,1,261577
7290018338827,false,פוזילי כוסמין עדשים,תבואות,,פוזילי כוסמין עדשים,גרמים,400.00,100 גרם,false,,19.90,0.0497,true,1,260368
7290018338957,false,מחית תפוח אוכמניות ר,תבואות,,מחית תפוח אוכמניות ר,גרמים,100.00,100 גרם,false,,4.90,0.0490,true,1,264585
7290018338964,false,מחית תפוח אורגני 100,תבואות,,מחית תפוח אורגני 100,גרמים,100.00,100 גרם,false,,4.90,0.0490,true,1,264586
7290018338971,false,מחית שזיפים אורגני 1,תבואות,,מחית שזיפים אורגני 1,גרמים,100.00,100 גרם,false,,4.90,0.0490,true,1,264583
7290018338988,false,מחית תפוח אננס קרם ק,תבואות,,מחית תפוח אננס קרם ק,גרמים,100.00,100 גרם,false,,4.90,0.0490,true,1,264584
7290018339091,false,אניולוטי ראגו מכסה א,,,אניולוטי ראגו מכסה א,גרמים,300.00,100 גרם,false,,31.90,0.1063,true,1,261370
7290018343364,false,מסכת הזנה לאחר החלקה,"ד""ר פישר",,מסכת הזנה לאחר החלקה,מיליליטרים,300.00,"100 מ""ל",false,,36.90,0.1230,true,1,216402
7290018343487,false,"אלכו ג'ל 75 מ""ל דר'","ד""ר פישר",,"אלכו ג'ל 75 מ""ל דר'",מיליליטרים,75.00,"100 מ""ל",false,,9.90,0.1320,true,1,211745
7290018343630,false,אפקטיב קר קרם גוף מו,"ד""ר פישר",,אפקטיב קר קרם גוף מו,מיליליטרים,450.00,"100 מ""ל",false,,23.90,0.0531,true,1,216429
7290018359082,false,מחית תפוחי עץ לאפיה,יכין,,מחית תפוחי עץ לאפיה,גרמים,560.00,100 גרם,false,,7.50,0.0134,true,1,212718
7290018359358,false,פריכוז יכין שלישייה,יכין,,פריכוז יכין שלישייה,גרמים,600.00,100 גרם,false,,10.90,0.0182,true,1,217344
7290018359464,false,קראנץ תירס טבעי יכין,יכין,,קראנץ תירס טבעי יכין,גרמים,27.00,100 גרם,false,,5.90,0.2185,true,1,259555
7290018359488,false,קראנץ דובדבן טבעי יכ,יכין,,קראנץ דובדבן טבעי יכ,גרמים,21.00,100 גרם,false,,5.90,0.2810,true,1,259586
7290018359495,false,תירס מהשדה ללא תוספת,יכין,,תירס מהשדה ללא תוספת,גרמים,335.00,100 גרם,false,,8.90,0.0266,true,1,214675
7290018359518,false,שלישיית תירס מהשדה ל,יכין,,שלישיית תירס מהשדה ל,גרמים,600.00,100 גרם,false,,13.90,0.0232,true,1,215671
7290018359556,false,תירס מהשדה ללא סוכר,יכין,,תירס מהשדה ללא סוכר,גרמים,400.00,100 גרם,false,,6.90,0.0173,true,1,215785
7290018359570,false,שעועית צ'ילי מארז של,יכין,,שעועית צ'ילי מארז של,גרמים,600.00,100 גרם,false,,12.90,0.0215,true,1,216644
7290018359587,false,חומוס מארז שלישייה ה,יכין,,חומוס מארז שלישייה ה,גרמים,600.00,100 גרם,false,,12.90,0.0215,true,1,216645
7290018359662,false,קוביות סלק יכין שליש,יכין,,קוביות סלק יכין שליש,גרמים,600.00,100 גרם,false,,13.90,0.0232,true,1,217345
7290018359686,false,חומוס ענק יכין,יכין,,חומוס ענק יכין,גרמים,290.00,100 גרם,false,,8.50,0.0293,true,1,219593
7290018371114,false,ניוקי אורגני עם קמח,השדה מוצרים טבעיים ו,,ניוקי אורגני עם קמח,גרמים,400.00,100 גרם,false,,17.90,0.0447,true,1,262580
7290018371121,false,ניוקי תרד כוסמין אור,השדה מוצרים טבעיים ו,,ניוקי תרד כוסמין אור,גרמים,400.00,100 גרם,false,,17.90,0.0447,true,1,216603
7290018371213,false,מחית תפוחי עץ ואפרסק,השדה מוצרים טבעיים ו,,מחית תפוחי עץ ואפרסק,גרמים,100.00,100 גרם,false,,4.40,0.0440,true,1,215506
7290018371275,false,מיני פריכיות כוסמת 8,השדה מוצרים טבעיים ו,,מיני פריכיות כוסמת 8,גרמים,80.00,100 גרם,false,,10.90,0.1363,true,1,217035
7290018371299,false,אובלטים אורגניים מקמ,השדה מוצרים טבעיים ו,,אובלטים אורגניים מקמ,גרמים,100.00,100 גרם,false,,11.90,0.1190,true,1,217657
7290018371305,false,אובלטים אורגניים מקמ,השדה מוצרים טבעיים ו,,אובלטים אורגניים מקמ,גרמים,100.00,100 גרם,false,,11.90,0.1190,true,1,217658
7290018371466,false,וופל קמח מלא חרובים,השדה מוצרים טבעיים ו,,וופל קמח מלא חרובים,גרמים,200.00,100 גרם,false,,11.90,0.0595,true,1,261837
7290018394021,false,פטריות מלך היער,,,פטריות מלך היער,יחידה,0.00,יחידה,false,,13.90,0.0000,true,1,218228
7290018394038,false,פטריות שיטאקי מיובשו,,,פטריות שיטאקי מיובשו,גרמים,25.00,100 גרם,false,,8.40,0.3360,true,1,215484
7290018394069,false,ביצי שליו 12 יח',,,ביצי שליו 12 יח',יחידה,0.00,יחידה,false,,16.90,0.0000,true,1,217612
7290018394083,false,שום פנינה 250 גר' חו,,,שום פנינה 250 גר' חו,גרמים,250.00,100 גרם,false,,12.90,0.0516,true,1,219280
7290018394113,false,דואט פטריות שי-מג'י,,,דואט פטריות שי-מג'י,גרמים,300.00,100 גרם,false,,21.50,0.0717,true,1,263003
7290018394144,false,איזי שאלוט,,,איזי שאלוט,גרמים,350.00,100 גרם,false,,9.50,0.0271,true,1,262590
7290018394151,false,מיקס פטריות אקזוטי,,,מיקס פטריות אקזוטי,גרמים,400.00,100 גרם,false,,24.90,0.0622,true,1,262591
7290018394199,false,שום קלוף 170 גר' חוו,,,שום קלוף 170 גר' חוו,גרמים,170.00,100 גרם,false,,8.90,0.0524,true,1,264546
7290018400036,false,חגיגית טעמים כתומים,סנפרוסט,,חגיגית טעמים כתומים,גרמים,800.00,100 גרם,false,,21.00,0.0263,true,1,218401
7290018400456,false,פטאיה סנפרוסט 300 גר,סנפרוסט,,פטאיה סנפרוסט 300 גר,גרמים,300.00,100 גרם,false,,14.90,0.0497,true,1,261689
7290018400647,false,SMOOTHIE בננה תמר,סנפרוסט,,SMOOTHIE בננה תמר,גרמים,300.00,100 גרם,false,,14.90,0.0497,true,1,217776
7290018400661,false,לקט פאייה בסגנון ספר,סנפרוסט,,לקט פאייה בסגנון ספר,גרמים,800.00,100 גרם,false,,21.00,0.0263,true,1,219588
7290018423028,false,יערת דבש 500 גר',,,יערת דבש 500 גר',גרמים,500.00,100 גרם,false,,36.90,0.0738,true,1,215677
7290018440070,false,תרכיז עגבניות בשפורפ,,,תרכיז עגבניות בשפורפ,יחידה,0.00,יחידה,false,,8.90,0.0000,true,1,215550
7290018440193,false,פליפז בייגלה בציפוי,,,פליפז בייגלה בציפוי,גרמים,140.00,100 גרם,false,,8.90,0.0636,true,1,216804
7290018440223,false,צ'אי מסאלה,ויסוצקי,,צ'אי מסאלה,גרמים,50.00,100 גרם,false,,19.90,0.3980,true,1,260017
7290018440230,false,צ'אי ורדים,ויסוצקי,,צ'אי ורדים,גרמים,50.00,100 גרם,false,,19.90,0.3980,true,1,260019
7290018440247,false,צ'אי שקדים,ויסוצקי,,צ'אי שקדים,גרמים,50.00,100 גרם,false,,19.90,0.3980,true,1,260018
7290018440254,false,צ'אי קרמל מלוח,ויסוצקי,,צ'אי קרמל מלוח,גרמים,50.00,100 גרם,false,,19.90,0.3980,true,1,260020
7290018440407,false,תה ירוק מאטה קקאו לו,ויסוצקי,,תה ירוק מאטה קקאו לו,גרמים,37.50,100 גרם,false,,24.90,0.6640,false,1,259999
7290018440483,false,בייגלה מצופה בקרמל מ,,,בייגלה מצופה בקרמל מ,גרמים,140.00,100 גרם,false,,8.90,0.0636,true,1,259824
7290018440896,false,חליטת ג'ינג'ר וכורכו,ויסוצקי,,חליטת ג'ינג'ר וכורכו,גרמים,50.00,100 גרם,false,,18.90,0.3780,false,1,261310
7290018468302,false,נקניקיה צמחית בסגנון,,,נקניקיה צמחית בסגנון,גרמים,400.00,100 גרם,false,,32.90,0.0822,true,1,262586
7290018468319,false,נקניקיה צמחית בסגנון,טירת צבי,,נקניקיה צמחית בסגנון,גרמים,400.00,100 גרם,false,,32.90,0.0822,true,1,262587
7290018468326,false,נקניקיה צמחונית בסגנ,טירת צבי,,נקניקיה צמחונית בסגנ,גרמים,400.00,100 גרם,false,,32.90,0.0822,true,1,262588
7290018468432,false,נקניק טבעוני בטעם מע,טירת צבי,,נקניק טבעוני בטעם מע,גרמים,100.00,100 גרם,false,,14.90,0.1490,true,1,264340
7290018471029,false,שישייה סודה שוופס לי,שוופס,,שישייה סודה שוופס לי,ליטרים,3.00,ליטר,false,,14.90,4.9667,true,1,215119
7290018471180,false,פרוט & ווג' אננס תפו,,,פרוט & ווג' אננס תפו,ליטרים,1.00,ליטר,false,,11.90,11.9000,true,1,217768
7290018471197,false,פרוט & ווג' תפוח בננ,,,פרוט & ווג' תפוח בננ,ליטרים,1.00,ליטר,false,,11.90,11.9000,true,1,217769
7290018471210,false,ספרינג קרטונית אגס ת,ספרינג,,ספרינג קרטונית אגס ת,ליטרים,1.00,ליטר,false,,6.90,6.9000,false,1,217774
7290018471302,false,"שוופס טוניק 250 מ""ל",שוופס,,"שוופס טוניק 250 מ""ל",ליטרים,1.00,ליטר,false,,21.00,21.0000,true,1,216301
7290018471319,false,שוופס ביטר למון 250,שוופס,,שוופס ביטר למון 250,ליטרים,1.00,ליטר,false,,21.00,21.0000,true,1,216299
7290018471395,false,פרוט & ווג' תפוח רימ,,,פרוט & ווג' תפוח רימ,ליטרים,1.00,ליטר,false,,11.90,11.9000,true,1,217767
7290018471401,false,פרוט & ווג' אננס בננ,,,פרוט & ווג' אננס בננ,ליטרים,1.00,ליטר,false,,11.90,11.9000,true,1,217770
7290018471463,false,תפוזינה נקטר תפוז מנ,ספרינג,,תפוזינה נקטר תפוז מנ,ליטרים,1.00,ליטר,false,,6.90,6.9000,false,1,218089
7290018471470,false,תפוזינה נקטר תפוז פס,ספרינג,,תפוזינה נקטר תפוז פס,ליטרים,1.00,ליטר,false,,6.90,6.9000,false,1,218090
7290018471494,false,תפוזינה משקה תפוז גז,ספרינג,,תפוזינה משקה תפוז גז,ליטרים,1.00,ליטר,false,,6.90,6.9000,false,1,218092
7290018471548,false,"ספרינג ענבים 250 מ""ל",ספרינג,,"ספרינג ענבים 250 מ""ל",ליטרים,1.00,ליטר,false,,12.00,12.0000,false,1,217426
7290018471616,false,שוופס טוניק קלאסי 1,שוופס,,שוופס טוניק קלאסי 1,ליטרים,1.00,ליטר,false,,9.00,9.0000,false,1,218555
7290018471630,false,שוופס טוניק מלפפון ל,שוופס,,שוופס טוניק מלפפון ל,ליטרים,1.00,ליטר,false,,9.00,9.0000,false,1,218556
7290018471678,false,תפוזינה תפוזים 0.5 ל,תפוזינה,,תפוזינה תפוזים 0.5 ל,ליטרים,2.00,ליטר,false,,13.90,6.9500,true,1,261765
7290018471685,false,תפוזינה לימונענע 0.5,תפוזינה,,תפוזינה לימונענע 0.5,ליטרים,2.00,ליטר,false,,13.00,6.5000,true,1,261766
7290018471906,false,שוופס מוגז פירות לימ,,,שוופס מוגז פירות לימ,ליטרים,1.50,ליטר,false,,8.90,5.9333,false,1,260356
7290018471913,false,שוופס מוגז פירות תפו,,,שוופס מוגז פירות תפו,ליטרים,1.50,ליטר,false,,8.90,5.9333,false,1,260357
7290018471920,false,שוופס מוגז פירות ענב,,,שוופס מוגז פירות ענב,ליטרים,1.50,ליטר,false,,8.90,5.9333,false,1,260358
7290018471937,false,שוופס מוגז פירות תות,,,שוופס מוגז פירות תות,ליטרים,1.50,ליטר,false,,8.90,5.9333,false,1,260359
7290018471944,false,שוופס מוגז פירות לימ,,,שוופס מוגז פירות לימ,ליטרים,1.50,ליטר,false,,8.90,5.9333,false,1,260360
7290018471951,false,שוופס מוגז פירות אשכ,,,שוופס מוגז פירות אשכ,ליטרים,1.50,ליטר,false,,8.90,5.9333,false,1,260361
7290018493144,false,קמיל אל סבון מועשר ב,"ד""ר פישר",,קמיל אל סבון מועשר ב,ליטרים,1.00,ליטר,false,,15.90,15.9000,true,1,216430
7290018493359,false,קרם גוף מועשר בשמן ה,"ד""ר פישר",,קרם גוף מועשר בשמן ה,מיליליטרים,450.00,"100 מ""ל",false,,23.90,0.0531,true,1,216707
7290018493403,false,קידס קצף אמבט ויטמינ,"ד""ר פישר",,קידס קצף אמבט ויטמינ,מיליליטרים,750.00,"100 מ""ל",false,,15.90,0.0212,true,1,218779
7290018493700,false,קידס אל סבון ויטמיני,"ד""ר פישר",,קידס אל סבון ויטמיני,מיליליטרים,500.00,"100 מ""ל",false,,12.90,0.0258,true,1,259524
7290018500361,false,לחם אחיד פרוס אנג'ל,אנג'ל,,לחם אחיד פרוס אנג'ל,גרמים,900.00,100 גרם,false,,8.53,0.0095,false,1,263087
7290018500392,false,חלה קלועה אנג'ל 650,אנג'ל,,חלה קלועה אנג'ל 650,גרמים,650.00,100 גרם,false,,7.90,0.0122,false,1,263089
7290018516041,false,פרמיו דליקט עוף 56 ג,,,פרמיו דליקט עוף 56 ג,גרמים,56.00,100 גרם,false,,10.00,0.1786,true,1,263159
7290018516065,false,פרמיו דליקט טונה וסל,,,פרמיו דליקט טונה וסל,גרמים,56.00,100 גרם,false,,10.00,0.1786,true,1,263160
7290018516324,false,מחית תפוח ושיבולת שו,,,מחית תפוח ושיבולת שו,גרמים,120.00,100 גרם,false,,5.90,0.0492,true,1,219738
7290018516331,false,מחית תפוח בננה ושבול,,,מחית תפוח בננה ושבול,גרמים,120.00,100 גרם,false,,5.90,0.0492,true,1,219739
7290018516379,false,ג'וניור סלט פירות וש,,,ג'וניור סלט פירות וש,גרמים,190.00,100 גרם,false,,6.50,0.0342,true,1,261194
7290018516393,false,פרמיו סופרים מיקס 3,,,פרמיו סופרים מיקס 3,קילוגרמים,3.00,"ק""ג",false,,59.90,19.9667,true,1,263143
7290018516447,false,גוסטו מקרוני עם גבינ,,,גוסטו מקרוני עם גבינ,גרמים,206.00,100 גרם,false,,12.90,0.0626,true,1,264358
7290018516546,false,פרמיו דליקט טונה לחת,,,פרמיו דליקט טונה לחת,גרמים,56.00,100 גרם,false,,10.00,0.1786,true,1,263870
7290018516560,false,פרמיו דליקט עוף וסרט,,,פרמיו דליקט עוף וסרט,גרמים,56.00,100 גרם,false,,10.00,0.1786,true,1,263871
7290018516577,false,פרמיו דליקט עוף לחתל,,,פרמיו דליקט עוף לחתל,גרמים,56.00,100 גרם,false,,10.00,0.1786,true,1,263872
7290018516584,false,פרמיו דליקט טונה לחת,,,פרמיו דליקט טונה לחת,גרמים,56.00,100 גרם,false,,10.00,0.1786,true,1,263873
7290018516591,false,מחית בשר עוף הורייזן,,,מחית בשר עוף הורייזן,גרמים,90.00,100 גרם,false,,10.00,0.1111,true,1,263876
7290018516621,false,מחית בשר דג זהבון הו,,,מחית בשר דג זהבון הו,גרמים,90.00,100 גרם,false,,10.00,0.1111,true,1,263879
7290018516768,false,פרמיו עוף לחתלתול במ,,,פרמיו עוף לחתלתול במ,גרמים,400.00,100 גרם,false,,5.90,0.0148,true,1,263882
7290018516799,false,פרמיו פטה עוף וכבד ל,,,פרמיו פטה עוף וכבד ל,גרמים,400.00,100 גרם,false,,5.90,0.0148,true,1,263883
7290018516805,false,פרמיו פטה עוף לחתול,,,פרמיו פטה עוף לחתול,גרמים,400.00,100 גרם,false,,5.90,0.0148,true,1,263884
7290018516836,false,פרמיו סטרילייז סלמון,,,פרמיו סטרילייז סלמון,גרמים,400.00,100 גרם,false,,5.90,0.0148,true,1,263885
7290018517024,false,בסיס לפיצה בנוסח איט,,,בסיס לפיצה בנוסח איט,גרמים,440.00,100 גרם,false,,10.90,0.0248,true,1,216488
7290018517086,false,מעדן פרי דובדבן ללא,,,מעדן פרי דובדבן ללא,גרמים,280.00,100 גרם,false,,11.50,0.0411,true,1,261529
7290018517109,false,מעדן פרי אפרסק ללא ת,,,מעדן פרי אפרסק ללא ת,גרמים,280.00,100 גרם,false,,11.50,0.0411,true,1,261531
7290018517215,false,רסק תפוחי עץ ללא תוס,,,רסק תפוחי עץ ללא תוס,גרמים,710.00,100 גרם,false,,9.90,0.0139,true,1,219680
7290018540329,false,פיתות אנג'ל 8 יח',אנג'ל,,פיתות אנג'ל 8 יח',גרמים,880.00,100 גרם,false,,11.50,0.0131,true,1,216974
7290018540817,false,ארטיזנל לחם מחמצת כו,אנג'ל,,ארטיזנל לחם מחמצת כו,גרמים,500.00,100 גרם,false,,14.90,0.0298,true,1,260563
7290018540824,false,ארטיזנל לחם מחמצת כפ,אנג'ל,,ארטיזנל לחם מחמצת כפ,גרמים,500.00,100 גרם,false,,14.90,0.0298,true,1,260564
7290018540831,false,ארטיזנל לחם מחמצת חי,אנג'ל,,ארטיזנל לחם מחמצת חי,גרמים,500.00,100 גרם,false,,14.90,0.0298,true,1,260565
7290018652039,false,לה קרמריה קרמל מלוח,,,לה קרמריה קרמל מלוח,ליטרים,1.40,ליטר,false,,22.90,16.3571,true,1,216986
7290018652213,false,נסטלה מאגדת קראנץ בר,,,נסטלה מאגדת קראנץ בר,גרמים,246.00,100 גרם,false,,22.90,0.0931,true,1,261398
7290018652671,false,לה קרמריה שוקו וניל,,,לה קרמריה שוקו וניל,ליטרים,1.40,ליטר,false,,22.90,16.3571,false,1,261470
7290018652688,false,לה קרמריה פירות טרופ,,,לה קרמריה פירות טרופ,ליטרים,1.40,ליטר,false,,22.90,16.3571,false,1,261471
7290018652886,false,מאגדת שלגונים מצופים,,,מאגדת שלגונים מצופים,גרמים,476.00,100 גרם,false,,26.90,0.0565,true,1,263712
7290018652909,false,מאגדת אספרסו שוקולד,,,מאגדת אספרסו שוקולד,גרמים,225.00,100 גרם,false,,27.90,0.1240,true,1,261400
7290018652923,false,מאגדת תות עוגת גבינה,,,מאגדת תות עוגת גבינה,גרמים,225.00,100 גרם,false,,27.90,0.1240,true,1,261401
7290018654477,false,צו'רוס אורגינל ביתי,,,צו'רוס אורגינל ביתי,גרמים,300.00,100 גרם,false,,16.90,0.0563,true,1,216733
7290018684238,false,קמח אורז 500 גר',,,קמח אורז 500 גר',גרמים,500.00,100 גרם,false,,12.00,0.0240,true,1,262606
7290018684412,false,חלווה משומשום מלא לל,,,חלווה משומשום מלא לל,גרמים,400.00,100 גרם,false,,23.90,0.0597,true,1,262248
7290018684818,false,חלווה משומשום מלא לל,,,חלווה משומשום מלא לל,גרמים,400.00,100 גרם,false,,23.90,0.0597,true,1,262251
7290018693056,false,סומו שקיות אשפה עם י,,,סומו שקיות אשפה עם י,יחידה,0.00,יחידה,false,,9.90,0.0000,true,1,259946
7290018693285,false,מפיות נייר 100 יח',,,מפיות נייר 100 יח',יחידה,0.00,יחידה,false,,4.90,0.0000,true,1,262346
7290018703229,false,פראוד - חטיף חלבון ט,,,פראוד - חטיף חלבון ט,גרמים,60.00,100 גרם,false,,11.90,0.1983,true,1,262545
7290018703496,false,פראוד חטיף חלבון בננ,,,פראוד חטיף חלבון בננ,גרמים,60.00,100 גרם,false,,11.90,0.1983,true,1,262813
7290018708118,false,בארכה חלבה וניל פיסט,,,בארכה חלבה וניל פיסט,גרמים,350.00,100 גרם,false,,15.90,0.0454,true,1,260688
7290018708125,false,חלבה בארכה מסולסלת ו,,,חלבה בארכה מסולסלת ו,גרמים,250.00,100 גרם,false,,15.90,0.0636,true,1,261085
7290018708132,false,חלבה בארכה מסולסלת ש,,,חלבה בארכה מסולסלת ש,גרמים,250.00,100 גרם,false,,15.90,0.0636,true,1,261086
7290018724804,false,זרעי צ'יה נטורלה,,,זרעי צ'יה נטורלה,גרמים,230.00,100 גרם,false,,12.90,0.0561,true,1,215723
7290018724897,false,פירורי מאפה ללא גלוט,,,פירורי מאפה ללא גלוט,גרמים,300.00,100 גרם,false,,15.90,0.0530,true,1,217101
7290018770023,false,שמן זית ג'השאן קורני,,,שמן זית ג'השאן קורני,מיליליטרים,750.00,"100 מ""ל",false,,36.90,0.0492,true,1,216939
7290018770344,false,טחינה משומשום אתיופי,,,טחינה משומשום אתיופי,גרמים,500.00,100 גרם,false,,13.90,0.0278,true,1,263577
7290018770351,false,טחינה משומשום אתיופי,,,טחינה משומשום אתיופי,גרמים,500.00,100 גרם,false,,12.90,0.0258,true,1,263578
7290018792841,false,אבקת קקאו טבעי 150 ג,,,אבקת קקאו טבעי 150 ג,גרמים,150.00,100 גרם,false,,10.90,0.0727,true,1,263039
7290018792858,false,אבקת קקאו טבעי 500 ג,,,אבקת קקאו טבעי 500 ג,גרמים,500.00,100 גרם,false,,24.90,0.0498,true,1,263040
7290018795842,false,שיני שום קלופות 500,מרינה,,שיני שום קלופות 500,גרמים,500.00,100 גרם,false,,18.90,0.0378,true,1,263521
7290018835005,false,אקסטרה צ'יפס אורז חו,,,אקסטרה צ'יפס אורז חו,גרמים,60.00,100 גרם,false,,6.90,0.1150,true,1,262661
7290018874004,false,יין יראון 2019,,,יין יראון 2019,מיליליטרים,750.00,"100 מ""ל",false,,109.90,0.1465,true,1,262928
7290018878170,false,זוג שוקולד מריר אגו,,,זוג שוקולד מריר אגו,גרמים,200.00,100 גרם,false,,9.90,0.0495,true,1,263077
7290018878224,false,מיני קוקיס בטעם שוקו,,,מיני קוקיס בטעם שוקו,גרמים,600.00,100 גרם,false,,15.90,0.0265,true,1,264223
7290018878231,false,"מיני קוקיס לל""ס בטעם",,,"מיני קוקיס לל""ס בטעם",גרמים,600.00,100 גרם,false,,21.90,0.0365,true,1,264222
7290018879658,false,שוקולד צ'יפס מריר 45,,,שוקולד צ'יפס מריר 45,גרמים,250.00,100 גרם,false,,9.90,0.0396,true,1,261100
7290018889305,false,קינוח לב אדום נטלי,,,קינוח לב אדום נטלי,יחידה,0.00,יחידה,false,,19.90,0.0000,true,1,262885
7290018889473,false,קינוח מוס גבינה נטלי,,,קינוח מוס גבינה נטלי,יחידה,0.00,יחידה,false,,19.90,0.0000,true,1,262886
7290018893005,false,צ'וקטה בייגלה בטעם ח,צ'וקטה,,צ'וקטה בייגלה בטעם ח,גרמים,200.00,100 גרם,false,,6.90,0.0345,true,1,259795
7290018893036,false,צ'וקטה ביסקויט שוקול,,,צ'וקטה ביסקויט שוקול,גרמים,176.00,100 גרם,false,,6.90,0.0392,true,1,260775
7290018893098,false,צ'וקטה עוגיות מצופות,צ'וקטה,,צ'וקטה עוגיות מצופות,גרמים,100.00,100 גרם,false,,6.90,0.0690,true,1,261201
7290018893104,false,צ'וקטה עוגיות מצופות,,,צ'וקטה עוגיות מצופות,גרמים,100.00,100 גרם,false,,6.90,0.0690,true,1,261202
7290018893128,false,צ'וקטה שוקולד חלב בל,,,צ'וקטה שוקולד חלב בל,גרמים,100.00,100 גרם,false,,7.90,0.0790,true,1,261061
7290018893142,false,צ'וקטה גריסיני שמן ז,,,צ'וקטה גריסיני שמן ז,גרמים,120.00,100 גרם,false,,7.90,0.0658,true,1,263217
7290018893258,false,צ'וקטה עוגות אישיות,,,צ'וקטה עוגות אישיות,גרמים,300.00,100 גרם,false,,11.90,0.0397,true,1,219503
7290018893272,false,צ'וקטה צדפות שוקולד,,,צ'וקטה צדפות שוקולד,גרמים,125.00,100 גרם,false,,12.90,0.1032,true,1,262051
7290018893296,false,צ'וקטה עוגיות חמאה מ,צ'וקטה,,צ'וקטה עוגיות חמאה מ,גרמים,100.00,100 גרם,false,,9.90,0.0990,true,1,261573
7290018893319,false,צ'וקטה שוקולד מריר ב,,,צ'וקטה שוקולד מריר ב,גרמים,100.00,100 גרם,false,,7.90,0.0790,true,1,261091
7290018893333,false,צ'וקטה קרקרים במליחו,,,צ'וקטה קרקרים במליחו,גרמים,500.00,100 גרם,false,,12.90,0.0258,true,1,264183
7290018893340,false,צ'וקטה גריסיני שומשו,,,צ'וקטה גריסיני שומשו,גרמים,120.00,100 גרם,false,,7.90,0.0658,true,1,263218
7290018893418,false,צ'וקטה שוקולד מריר 6,,,צ'וקטה שוקולד מריר 6,גרמים,600.00,100 גרם,false,,21.90,0.0365,true,1,260853
7290018893456,false,צ'וקטה עוגות אישיות,,,צ'וקטה עוגות אישיות,גרמים,300.00,100 גרם,false,,11.90,0.0397,true,1,219502
7290018893494,false,צ'וקטה עלי וופל חמאה,,,צ'וקטה עלי וופל חמאה,גרמים,100.00,100 גרם,false,,9.90,0.0990,true,1,260668
7290018893517,false,צ'וקטה בייגלה מצופה,,,צ'וקטה בייגלה מצופה,גרמים,80.00,100 גרם,false,,6.90,0.0863,true,1,261058
7290018893531,false,צ'וקטה קרקרים מלוחים,,,צ'וקטה קרקרים מלוחים,גרמים,500.00,100 גרם,false,,12.90,0.0258,true,1,264184
7290018893647,false,צ'וקטה עוגיות סנדביץ,,,צ'וקטה עוגיות סנדביץ,גרמים,150.00,100 גרם,false,,8.90,0.0593,true,1,260730
7290018893753,false,צ'וקטה וופל חמאה בטע,,,צ'וקטה וופל חמאה בטע,גרמים,100.00,100 גרם,false,,9.90,0.0990,true,1,263519
7290018893807,false,שוקולד צ'וקטה מריר 6,,,שוקולד צ'וקטה מריר 6,גרמים,300.00,100 גרם,false,,10.90,0.0363,true,1,259995
7290018893814,false,שוקולד מריר 48% חמיש,צ'וקטה,,שוקולד מריר 48% חמיש,גרמים,500.00,100 גרם,false,,15.90,0.0318,true,1,259804
7290018893845,false,צ'וקטה פתי בר,צ'וקטה,,צ'וקטה פתי בר,גרמים,400.00,100 גרם,false,,7.90,0.0198,true,1,260878
7290018893852,false,צ'וקטה בייגלה בתוספת,צ'וקטה,,צ'וקטה בייגלה בתוספת,גרמים,200.00,100 גרם,false,,6.90,0.0345,true,1,259793
7290018893906,false,צ'וקטה עוגיות סנדויץ,צ'וקטה,,צ'וקטה עוגיות סנדויץ,גרמים,250.00,100 גרם,false,,6.90,0.0276,true,1,261187
7290018893913,false,צוקטה מקלות גריסיני,,,צוקטה מקלות גריסיני,גרמים,52.00,100 גרם,false,,6.50,0.1250,true,1,261364
7290018893920,false,לוקיטוס סוכריות ג'לי,,,לוקיטוס סוכריות ג'לי,גרמים,700.00,100 גרם,false,,18.90,0.0270,true,1,264181
7290018893937,false,לוקיטוס סוכריות ג'לי,,,לוקיטוס סוכריות ג'לי,גרמים,300.00,100 גרם,false,,9.90,0.0330,true,1,264182
7290018893951,false,צ'וקטה וופל חמאה בטע,,,צ'וקטה וופל חמאה בטע,גרמים,100.00,100 גרם,false,,9.90,0.0990,true,1,263788
7290018894002,false,בלקוני וופל קוביות ק,,,בלקוני וופל קוביות ק,גרמים,250.00,100 גרם,false,,10.90,0.0436,true,1,261574
7290018894040,false,צ'וקטה שוקולד חלב 1/,,,צ'וקטה שוקולד חלב 1/,גרמים,500.00,100 גרם,false,,19.90,0.0398,true,1,264285
7290018894248,false,צ'וקטה שוקולד חלב 1/,,,צ'וקטה שוקולד חלב 1/,גרמים,300.00,100 גרם,false,,12.90,0.0430,true,1,264185
7290018894606,false,בלקוני וופל קקאו,,,בלקוני וופל קקאו,גרמים,175.00,100 גרם,false,,7.90,0.0451,true,1,261362
7290018894804,false,בלקוני וופל אגוזי לו,,,בלקוני וופל אגוזי לו,גרמים,175.00,100 גרם,false,,7.90,0.0451,true,1,261363
7290018921029,false,רביעיית מגבוני קמיל,"ד""ר פישר",,רביעיית מגבוני קמיל,יחידה,0.00,יחידה,false,,21.90,0.0000,true,1,260528
7290018921166,false,אל סבון מועשר בתמציו,"ד""ר פישר",,אל סבון מועשר בתמציו,ליטרים,1.00,ליטר,false,,15.90,15.9000,true,1,260895
7290018921616,false,רביעיית מגבוני שיבול,"ד""ר פישר",,רביעיית מגבוני שיבול,יחידה,0.00,יחידה,false,,22.90,0.0000,true,1,260530
7290018921654,false,אפקטיב קר תחליב רחצה,"ד""ר פישר",,אפקטיב קר תחליב רחצה,מיליליטרים,700.00,"100 מ""ל",false,,16.90,0.0241,true,1,261168
7290018921753,false,אל סבון מועשר בתמציו,"ד""ר פישר",,אל סבון מועשר בתמציו,ליטרים,1.00,ליטר,false,,15.90,15.9000,true,1,260896
7290018921807,false,קמיל בלו משחת החתלה,"ד""ר פישר",,קמיל בלו משחת החתלה,גרמים,120.00,100 גרם,false,,19.90,0.1658,true,1,263677
7290018925065,false,מיץ תפוזים סחוט פרימ,,,מיץ תפוזים סחוט פרימ,ליטרים,2.00,ליטר,false,,26.90,13.4500,false,1,260684
7290018925072,false,משקה קל לימונים ונענ,,,משקה קל לימונים ונענ,ליטרים,2.00,ליטר,false,,27.90,13.9500,false,1,260685
7290018925089,false,מיץ תפוחים צלול 100%,,,מיץ תפוחים צלול 100%,ליטרים,2.00,ליטר,false,,26.90,13.4500,false,1,260686
7290018925409,false,מיץ לימון ואננס 400,,,מיץ לימון ואננס 400,מיליליטרים,400.00,"100 מ""ל",false,,8.70,0.0218,true,1,263575
7290018989128,false,סירופ בטעם פטל ענבים,יכין,,סירופ בטעם פטל ענבים,ליטרים,1.00,ליטר,false,,18.90,18.9000,true,1,263175
7290018989135,false,סירופ בטעם פטל יכין,יכין,,סירופ בטעם פטל יכין,ליטרים,1.00,ליטר,false,,18.90,18.9000,true,1,263176
7290019035329,false,מיקס פירות תות מלון,,,מיקס פירות תות מלון,גרמים,600.00,100 גרם,false,,24.90,0.0415,true,1,263432
7290019041740,false,קשיו קלוי מלוח על הד,,,קשיו קלוי מלוח על הד,גרמים,70.00,100 גרם,false,,7.90,0.1129,true,1,263095
7290019041801,false,מיקס אגוזים וחמוציות,,,מיקס אגוזים וחמוציות,גרמים,70.00,100 גרם,false,,7.90,0.1129,true,1,263093
7290019041825,false,לקט פיצוחים 70 גר' ע,,,לקט פיצוחים 70 גר' ע,גרמים,70.00,100 גרם,false,,7.90,0.1129,true,1,263092
7290019056027,false,שוופס מוגז פירות תפו,,,שוופס מוגז פירות תפו,ליטרים,1.50,ליטר,false,,8.90,5.9333,false,1,260362
7290019056034,false,שוופס מוגז פירות אננ,,,שוופס מוגז פירות אננ,ליטרים,1.50,ליטר,false,,8.90,5.9333,false,1,260363
7290019056041,false,שוופס מוגז פירות לימ,,,שוופס מוגז פירות לימ,ליטרים,1.50,ליטר,false,,8.90,5.9333,false,1,260364
7290019056058,false,שוופס מוגז עדין תפוח,,,שוופס מוגז עדין תפוח,ליטרים,1.50,ליטר,false,,8.90,5.9333,false,1,260350
7290019056065,false,שוופס מוגז עדין פירו,,,שוופס מוגז עדין פירו,ליטרים,1.50,ליטר,false,,8.90,5.9333,false,1,260351
7290019056072,false,שוופס מוגז עדין אננס,,,שוופס מוגז עדין אננס,ליטרים,1.50,ליטר,false,,8.90,5.9333,false,1,260352
7290019056089,false,שוופס מוגז עדין ענבי,,,שוופס מוגז עדין ענבי,ליטרים,1.50,ליטר,false,,8.90,5.9333,false,1,260353
7290019056096,false,שוופס מוגז עדין אפרס,,,שוופס מוגז עדין אפרס,ליטרים,1.50,ליטר,false,,8.90,5.9333,false,1,260354
7290019056119,false,שוופס סודה 1.5 ל',,,שוופס סודה 1.5 ל',ליטרים,1.50,ליטר,false,,3.90,2.6000,false,1,260340
7290019056126,false,שוופס סודה לימון 1.5,,,שוופס סודה לימון 1.5,ליטרים,1.50,ליטר,false,,3.90,2.6000,false,1,260343
7290019056164,false,שוופס סודה 1.5 ל' רב,,,שוופס סודה 1.5 ל' רב,ליטרים,6.00,ליטר,false,,12.50,2.0833,false,1,260341
7290019056171,false,שוופס סודה לימון 1.5,,,שוופס סודה לימון 1.5,ליטרים,6.00,ליטר,false,,12.50,2.0833,false,1,260342
7290019056188,false,שוופס סודה נענע ליים,,,שוופס סודה נענע ליים,ליטרים,6.00,ליטר,false,,12.50,2.0833,false,1,260345
7290019056201,false,שוופס סודה פירות יער,,,שוופס סודה פירות יער,ליטרים,6.00,ליטר,false,,12.50,2.0833,false,1,260349
7290019056232,false,שוופס ליים מוחיטו 1.,,,שוופס ליים מוחיטו 1.,ליטרים,1.50,ליטר,false,,8.90,5.9333,false,1,260355
7290019056249,false,שוופס מים בטעמים ענב,,,שוופס מים בטעמים ענב,ליטרים,1.50,ליטר,false,,7.50,5.0000,false,1,260335
7290019056256,false,שוופס מים בטעמים תפו,,,שוופס מים בטעמים תפו,ליטרים,1.50,ליטר,false,,7.50,5.0000,false,1,260336
7290019056263,false,שוופס מים בטעמים אפר,,,שוופס מים בטעמים אפר,ליטרים,1.50,ליטר,false,,7.50,5.0000,false,1,260337
7290019056270,false,שוופס מים בטעמים פיר,,,שוופס מים בטעמים פיר,ליטרים,1.50,ליטר,false,,7.50,5.0000,false,1,260338
7290019056287,false,שוופס מים בטעמים אפר,,,שוופס מים בטעמים אפר,ליטרים,1.50,ליטר,false,,7.50,5.0000,false,1,260339
7290019056294,false,שוופס ג'ינג'ר אייל 1,,,שוופס ג'ינג'ר אייל 1,ליטרים,1.50,ליטר,false,,12.50,8.3333,false,1,260251
7290019056300,false,שוופס ביטר למון 1.5,,,שוופס ביטר למון 1.5,ליטרים,1.50,ליטר,false,,12.50,8.3333,false,1,260252
7290019056317,false,שוופס ראשן 1.5 ל',,,שוופס ראשן 1.5 ל',ליטרים,1.50,ליטר,false,,12.50,8.3333,false,1,260253
7290019056324,false,שוופס טוניק 1.5 ל',,,שוופס טוניק 1.5 ל',ליטרים,1.50,ליטר,false,,12.50,8.3333,false,1,260254
7290019056331,false,שוופס טוניק ללא סוכר,,,שוופס טוניק ללא סוכר,ליטרים,1.50,ליטר,false,,12.50,8.3333,false,1,260255
7290019056355,false,תפוזינה לימונענע 1.5,,,תפוזינה לימונענע 1.5,ליטרים,1.50,ליטר,false,,8.90,5.9333,false,1,260256
7290019056362,false,תפוזינה ענבים 1.5 ל',,,תפוזינה ענבים 1.5 ל',ליטרים,1.50,ליטר,false,,8.90,5.9333,false,1,260257
7290019056379,false,תפוזינה תפוזים 1.5 ל,,,תפוזינה תפוזים 1.5 ל,ליטרים,1.50,ליטר,false,,8.90,5.9333,false,1,260258
7290019056386,false,תפוזינה אשכוליות 1.5,,,תפוזינה אשכוליות 1.5,ליטרים,1.50,ליטר,false,,8.90,5.9333,false,1,260259
7290019056393,false,תפוזינה תות בננה 1.5,,,תפוזינה תות בננה 1.5,ליטרים,1.50,ליטר,false,,8.90,5.9333,false,1,260260
7290019056409,false,תפוזינה מנגו 1.5 ל',,,תפוזינה מנגו 1.5 ל',ליטרים,1.50,ליטר,false,,8.90,5.9333,false,1,260261
7290019056416,false,תפוזינה לימונדה ורוד,,,תפוזינה לימונדה ורוד,ליטרים,1.50,ליטר,false,,8.90,5.9333,false,1,260262
7290019056423,false,תפוזינה תפוחים 1.5 ל,,,תפוזינה תפוחים 1.5 ל,ליטרים,1.50,ליטר,false,,8.90,5.9333,false,1,260263
7290019056430,false,תפוזינה תפוזים לייט,,,תפוזינה תפוזים לייט,ליטרים,1.50,ליטר,false,,8.90,5.9333,false,1,260264
7290019056447,false,תפוזינה אשכוליות ליי,,,תפוזינה אשכוליות ליי,ליטרים,1.50,ליטר,false,,8.90,5.9333,false,1,260265
7290019056478,false,ספרינג תה אפרסק 1.5,,,ספרינג תה אפרסק 1.5,ליטרים,1.50,ליטר,false,,7.00,4.6667,false,1,260281
7290019056508,false,פרוט ווטר ענבים 1.5,,,פרוט ווטר ענבים 1.5,ליטרים,1.50,ליטר,false,,8.90,5.9333,false,1,260300
7290019056515,false,פרוט ווטר אננס 1.5 ל,,,פרוט ווטר אננס 1.5 ל,ליטרים,1.50,ליטר,false,,8.90,5.9333,false,1,260301
7290019056522,false,פרוט ווטר תות 1.5 ל',,,פרוט ווטר תות 1.5 ל',ליטרים,1.50,ליטר,false,,8.90,5.9333,false,1,260302
7290019056539,false,פרוט ווטר אפרסק 1.5,,,פרוט ווטר אפרסק 1.5,ליטרים,1.50,ליטר,false,,8.90,5.9333,false,1,260303
7290019056546,false,פרוט ווטר אבטיח 1.5,,,פרוט ווטר אבטיח 1.5,ליטרים,1.50,ליטר,false,,8.90,5.9333,false,1,260304
7290019056553,false,עין גדי 2 ל' שישיות,,,עין גדי 2 ל' שישיות,ליטרים,12.00,ליטר,false,,13.80,1.1500,false,1,260879
7290019056560,false,עין גדי 2 ל' בק' בוד,,,עין גדי 2 ל' בק' בוד,ליטרים,2.00,ליטר,false,,3.80,1.9000,false,1,260367
7290019056577,false,ספרינג מנגו 1.5 ל',,,ספרינג מנגו 1.5 ל',ליטרים,1.50,ליטר,false,,8.90,5.9333,false,1,260285
7290019056584,false,ספרינג תפוזים 1.5 ל',,,ספרינג תפוזים 1.5 ל',ליטרים,1.50,ליטר,false,,8.90,5.9333,false,1,260286
7290019056591,false,ספרינג ענבים 1.5 ל',,,ספרינג ענבים 1.5 ל',ליטרים,1.50,ליטר,false,,8.90,5.9333,false,1,260287
7290019056614,false,ספרינג אפרסק 1.5 ל',,,ספרינג אפרסק 1.5 ל',ליטרים,1.50,ליטר,false,,8.90,5.9333,false,1,260289
7290019056621,false,ספרינג פירות טרופיים,,,ספרינג פירות טרופיים,ליטרים,1.50,ליטר,false,,8.90,5.9333,false,1,260290
7290019056638,false,ספרינג תות בננה 1.5,,,ספרינג תות בננה 1.5,ליטרים,1.50,ליטר,false,,8.90,5.9333,false,1,260291
7290019056645,false,ספרינג אגס תפוח סברס,,,ספרינג אגס תפוח סברס,ליטרים,1.50,ליטר,false,,8.90,5.9333,false,1,260292
7290019056652,false,ספרינג אננס בננה 1.5,,,ספרינג אננס בננה 1.5,ליטרים,1.50,ליטר,false,,8.90,5.9333,false,1,260293
7290019056669,false,ספרינג תפוחים דיאט 1,,,ספרינג תפוחים דיאט 1,ליטרים,1.50,ליטר,false,,8.90,5.9333,false,1,260294
7290019056720,false,קריסטל מיץ ענבים 2 ל,,,קריסטל מיץ ענבים 2 ל,ליטרים,2.00,ליטר,false,,7.50,3.7500,false,1,260268
7290019056737,false,קריסטל מיץ אשכוליות,,,קריסטל מיץ אשכוליות,ליטרים,2.00,ליטר,false,,7.50,3.7500,false,1,260269
7290019056744,false,קריסטל מיץ תפוזים 2,,,קריסטל מיץ תפוזים 2,ליטרים,2.00,ליטר,false,,7.50,3.7500,false,1,260270
7290019056751,false,קריסטל מיץ אשכוליות,,,קריסטל מיץ אשכוליות,ליטרים,2.00,ליטר,false,,7.50,3.7500,false,1,260271
7290019056768,false,קריסטל מיץ מנגו 2 ל',,,קריסטל מיץ מנגו 2 ל',ליטרים,2.00,ליטר,false,,7.50,3.7500,false,1,260272
7290019056775,false,קריסטל מוגז ענבים 2,,,קריסטל מוגז ענבים 2,ליטרים,2.00,ליטר,false,,7.50,3.7500,false,1,260273
7290019056799,false,קריסטל מוגז אקזוטי 2,,,קריסטל מוגז אקזוטי 2,ליטרים,2.00,ליטר,false,,7.50,3.7500,false,1,260275
7290019056812,false,קריסטל מוגז מנטה 2 ל,,,קריסטל מוגז מנטה 2 ל,ליטרים,2.00,ליטר,false,,7.50,3.7500,false,1,260277
7290019056829,false,קריסטל מוגז תפוזים 2,,,קריסטל מוגז תפוזים 2,ליטרים,2.00,ליטר,false,,7.50,3.7500,false,1,260278
7290019056836,false,קריסטל מוגז תות 2 ל',,,קריסטל מוגז תות 2 ל',ליטרים,2.00,ליטר,false,,7.50,3.7500,false,1,260279
7290019056843,false,קריסטל מוגז קולה 2 ל,,,קריסטל מוגז קולה 2 ל,ליטרים,2.00,ליטר,false,,7.50,3.7500,false,1,260280
7290019056850,false,ספרינג תה אפרסק דיאט,,,ספרינג תה אפרסק דיאט,ליטרים,1.50,ליטר,false,,7.00,4.6667,false,1,260284
7290019056959,false,מי עדן 1.5 ל' בק' בו,,,מי עדן 1.5 ל' בק' בו,ליטרים,1.50,ליטר,false,,3.60,2.4000,false,1,260366
7290019056973,false,מי עדן 1.5 ל' שישייה,,,מי עדן 1.5 ל' שישייה,ליטרים,9.00,ליטר,false,,13.90,1.5444,false,1,260365
7290019068006,false,המבורגר אנגוס 880 גר,,,המבורגר אנגוס 880 גר,גרמים,880.00,100 גרם,false,,69.90,0.0794,true,1,219418
7290019068013,false,קבב רומני ביתי 12 יח,,,קבב רומני ביתי 12 יח,גרמים,840.00,100 גרם,false,,65.90,0.0785,true,1,219419
7290019068037,false,המבורגר אנגוס 600 גר,,,המבורגר אנגוס 600 גר,גרמים,600.00,100 גרם,false,,48.90,0.0815,true,1,219421
7290019068044,false,קציצות עירקיות 800 ג,,,קציצות עירקיות 800 ג,גרמים,800.00,100 גרם,false,,62.90,0.0786,true,1,219422
7290019068082,false,קבב קינמון 600 גר',,,קבב קינמון 600 גר',גרמים,600.00,100 גרם,false,,71.90,0.1198,true,1,219426
7290019068099,false,קציצות עגל טלה 800 ג,,,קציצות עגל טלה 800 ג,גרמים,800.00,100 גרם,false,,62.90,0.0786,true,1,219427
7290019068105,false,צ'וריסיס עגל 900 גר',,,צ'וריסיס עגל 900 גר',גרמים,900.00,100 גרם,false,,75.90,0.0843,true,1,219429
7290019068129,false,קבב עגל טלה 650 גר',,,קבב עגל טלה 650 גר',גרמים,650.00,100 גרם,false,,51.90,0.0798,true,1,219430
7290019074090,false,קמיל בלו אקסטרה סופט,"ד""ר פישר",,קמיל בלו אקסטרה סופט,מיליליטרים,500.00,"100 מ""ל",false,,22.90,0.0458,true,1,263993
7290019074298,false,קמיל בלו אקסטרה סופט,"ד""ר פישר",,קמיל בלו אקסטרה סופט,מיליליטרים,500.00,"100 מ""ל",false,,22.90,0.0458,true,1,263994
7290019074366,false,אפקטיב קר תחליב רחצה,"ד""ר פישר",,אפקטיב קר תחליב רחצה,מיליליטרים,450.00,"100 מ""ל",false,,14.90,0.0331,true,1,263408
7290019074762,false,אפקטיב קר תחליב רחצה,"ד""ר פישר",,אפקטיב קר תחליב רחצה,מיליליטרים,450.00,"100 מ""ל",false,,14.90,0.0331,true,1,263409
7290019074885,false,קמיל בלו אקסטרה סופט,"ד""ר פישר",,קמיל בלו אקסטרה סופט,מיליליטרים,500.00,"100 מ""ל",false,,29.90,0.0598,true,1,263997
7290019074953,false,אפקטיב קר תחליב רחצה,"ד""ר פישר",,אפקטיב קר תחליב רחצה,מיליליטרים,450.00,"100 מ""ל",false,,14.90,0.0331,true,1,263410
7290019075103,false,קמיל בלו אקסטרה סופט,"ד""ר פישר",,קמיל בלו אקסטרה סופט,ליטרים,1.00,ליטר,false,,32.90,32.9000,true,1,263998
7290019075400,false,אפקטיב קר תחליב רחצה,"ד""ר פישר",,אפקטיב קר תחליב רחצה,מיליליטרים,700.00,"100 מ""ל",false,,16.90,0.0241,true,1,264355
7290019075479,false,קמיל בלו קלאסיק שמפו,"ד""ר פישר",,קמיל בלו קלאסיק שמפו,ליטרים,1.00,ליטר,false,,29.90,29.9000,true,1,264447
7290019075608,false,אפקטיב קר תחליב רחצה,"ד""ר פישר",,אפקטיב קר תחליב רחצה,מיליליטרים,700.00,"100 מ""ל",false,,16.90,0.0241,true,1,264356
7290019075899,false,קמיל בלו אקסטרה סופט,"ד""ר פישר",,קמיל בלו אקסטרה סופט,ליטרים,1.00,ליטר,false,,32.90,32.9000,true,1,263996
7290019078722,false,מארז חטיפי מרציפן במ,,,מארז חטיפי מרציפן במ,גרמים,180.00,100 גרם,false,,29.90,0.1661,true,1,264448
7290019137092,false,סירופ מייפל קנדי אור,תבואות,,סירופ מייפל קנדי אור,מיליליטרים,250.00,"100 מ""ל",false,,21.90,0.0876,true,1,262920
7290019153078,false,שוופס ביטר למון לייט,שוופס,,שוופס ביטר למון לייט,ליטרים,1.50,ליטר,false,,12.50,8.3333,false,1,261563
7290019153252,false,שוופס סודה תפוח 1.5,שוופס,,שוופס סודה תפוח 1.5,ליטרים,6.00,ליטר,false,,12.50,2.0833,false,1,262640
7290019153269,false,שוופס סודה אננס 1.5,שוופס,,שוופס סודה אננס 1.5,ליטרים,6.00,ליטר,false,,12.50,2.0833,false,1,262641
7290019153344,false,תפוזינה סנגרייה 1.5,תפוזינה,,תפוזינה סנגרייה 1.5,ליטרים,1.50,ליטר,false,,8.90,5.9333,false,1,262798
7290019153351,false,תפוזינה פינק אוזו 1.,תפוזינה,,תפוזינה פינק אוזו 1.,ליטרים,1.50,ליטר,false,,8.90,5.9333,false,1,262799
7290019153375,false,תפוזינה מוחיטו 1.5 ל,תפוזינה,,תפוזינה מוחיטו 1.5 ל,ליטרים,1.50,ליטר,false,,8.90,5.9333,false,1,262800
7290019153535,false,שוופס מוגז פירות למו,שוופס,,שוופס מוגז פירות למו,מיליליטרים,1320.00,"100 מ""ל",false,,12.50,0.0095,true,1,263489
7290019167020,false,קינוח עוגת גבינה עם,,,קינוח עוגת גבינה עם,גרמים,82.00,100 גרם,false,,6.60,0.0805,true,1,264496
7290019167037,false,תותים בקצפת עדן קינו,,,תותים בקצפת עדן קינו,גרמים,82.00,100 גרם,false,,6.60,0.0805,true,1,264498
7290019167044,false,קצפת עם קרם בייגלה מ,,,קצפת עם קרם בייגלה מ,גרמים,82.00,100 גרם,false,,6.60,0.0805,true,1,264497
7290019204008,false,עוף טוב פסטרמה ארבעה,,,עוף טוב פסטרמה ארבעה,גרמים,350.00,100 גרם,false,,24.90,0.0711,true,1,263294
7290019204206,false,עוף טוב פסטרמה בסגנו,,,עוף טוב פסטרמה בסגנו,גרמים,320.00,100 גרם,false,,24.90,0.0778,true,1,263296
7290019204305,false,עוף טוב פסטרמה ברביק,,,עוף טוב פסטרמה ברביק,גרמים,350.00,100 גרם,false,,24.90,0.0711,true,1,263293
7290019232162,false,חליטת לילה טוב קמומי,ויסוצקי,,חליטת לילה טוב קמומי,גרמים,37.50,100 גרם,false,,24.90,0.6640,true,1,264581
7290019232186,false,תה ירוק לימונית ולוא,ויסוצקי,,תה ירוק לימונית ולוא,גרמים,37.50,100 גרם,false,,24.90,0.6640,true,1,264578
7290019232353,false,תה ירוק סיני 50 שקיק,ויסוצקי,,תה ירוק סיני 50 שקיק,גרמים,75.00,100 גרם,false,,45.90,0.6120,false,1,264127
7290019232803,false,הולגריין ביסקוויט עם,,,הולגריין ביסקוויט עם,גרמים,300.00,100 גרם,false,,10.90,0.0363,true,1,264371
7290019232827,false,הולגריין ביסקוויט במ,,,הולגריין ביסקוויט במ,גרמים,300.00,100 גרם,false,,10.90,0.0363,true,1,264372
7290019232834,false,FLIPZ בייגלה מצופה ק,,,FLIPZ בייגלה מצופה ק,גרמים,140.00,100 גרם,false,,8.90,0.0636,true,1,262876
7290019233008,false,רוטב שקשוקה ארטישוק,זיתא,,רוטב שקשוקה ארטישוק,גרמים,420.00,100 גרם,false,,13.90,0.0331,true,1,263035
7290019233015,false,רוטב שקשוקה ירוקה זי,זיתא,,רוטב שקשוקה ירוקה זי,גרמים,420.00,100 גרם,false,,13.90,0.0331,true,1,263036
7290019233046,false,זית קלמטה בלונדי זית,זיתא,,זית קלמטה בלונדי זית,גרמים,215.00,100 גרם,false,,12.90,0.0600,true,1,261410
7290019297161,false,טורטיות ראפ מקמח תיר,,,טורטיות ראפ מקמח תיר,גרמים,540.00,100 גרם,false,,9.90,0.0183,true,1,177798
7290019297420,false,מעדן תות שדה שקדיה,,,מעדן תות שדה שקדיה,גרמים,284.00,100 גרם,false,,10.00,0.0352,true,1,186552
7290019297550,false,בוטנים מטוגנים בקופס,,,בוטנים מטוגנים בקופס,גרמים,185.00,100 גרם,false,,10.90,0.0589,true,1,192721
7290022005555,false,תבלין פילדלפיה 120 ג,,,תבלין פילדלפיה 120 ג,גרמים,120.00,100 גרם,false,,11.50,0.0958,true,1,217465
7290055090702,false,איגלו שלוקים כרמית 7,,,איגלו שלוקים כרמית 7,ליטרים,2.03,ליטר,false,,12.90,6.3547,true,1,141283
7290055090801,false,כרמית שוקולד לבן ללא,,,כרמית שוקולד לבן ללא,גרמים,85.00,100 גרם,false,,5.90,0.0694,true,1,142203
7290100240137,false,תרסיס בדין למייבש כח,בדין,,תרסיס בדין למייבש כח,מיליליטרים,500.00,"100 מ""ל",false,,19.00,0.0380,true,1,113048
7290100240144,false,תרסיס בדין למייבש,בדין,,תרסיס בדין למייבש,מיליליטרים,500.00,"100 מ""ל",false,,19.00,0.0380,true,1,113049
7290100240632,false,פתית שישה דגנים 250,פתית,,פתית שישה דגנים 250,גרמים,250.00,100 גרם,false,,18.50,0.0740,true,1,126999
7290100240656,false,פתית שיפון 300ג' בדץ,,,פתית שיפון 300ג' בדץ,גרמים,300.00,100 גרם,false,,18.50,0.0617,true,1,128652
7290100243084,false,מיונז אמיתי הלמנס 78,הלמנ'ס,,מיונז אמיתי הלמנס 78,גרמים,789.00,100 גרם,false,,26.50,0.0336,false,1,120659
7290100243671,false,בדין אקסטרא כחול 960,בדין,,בדין אקסטרא כחול 960,מיליליטרים,960.00,"100 מ""ל",false,,14.90,0.0155,false,1,119157
7290100245231,false,נמס בכוס ועוד טעם עו,קנור,,נמס בכוס ועוד טעם עו,גרמים,50.00,100 גרם,false,,7.00,0.1400,true,1,121774
7290100249598,false,רוטב שום ודבש קנור 3,קנור,,רוטב שום ודבש קנור 3,גרמים,310.00,100 גרם,false,,14.90,0.0481,true,1,127409
7290100249659,false,רוטב לעוף צ'ילי שום,קנור,,רוטב לעוף צ'ילי שום,גרמים,310.00,100 גרם,false,,14.90,0.0481,true,1,127449
7290100341803,false,חטיף בונזו רצועות עו,בונזו,,חטיף בונזו רצועות עו,גרמים,20.00,100 גרם,false,,4.90,0.2450,true,1,186071
7290100412343,false,מגבונים קוויק לניקוי,,,מגבונים קוויק לניקוי,יחידה,0.00,יחידה,false,,7.90,0.0000,true,1,201861
7290100412459,false,מגבונים קוויק לניקוי,,,מגבונים קוויק לניקוי,יחידה,0.00,יחידה,false,,7.90,0.0000,true,1,201862
7290100412770,false,תחליב רחצה קלאסי מאס,,,תחליב רחצה קלאסי מאס,מיליליטרים,700.00,"100 מ""ל",false,,14.90,0.0213,true,1,202060
7290100412787,false,תחליב רחצה קלאסי כות,,,תחליב רחצה קלאסי כות,מיליליטרים,700.00,"100 מ""ל",false,,14.90,0.0213,true,1,208795
7290100412800,false,תחליב רחצה לעור יבש,,,תחליב רחצה לעור יבש,מיליליטרים,700.00,"100 מ""ל",false,,14.90,0.0213,true,1,202061
7290100653463,false,פלמוליב ספא מסג',פלמוליב,,פלמוליב ספא מסג',מיליליטרים,500.00,"100 מ""ל",false,,14.90,0.0298,true,1,96502
7290100653586,false,ליידי ספיד סטיק 24/7,ספיד סטיק,,ליידי ספיד סטיק 24/7,גרמים,50.00,100 גרם,false,,19.90,0.3980,true,1,96507
7290100658338,false,פלמוליב אוקסי,פלמוליב,,פלמוליב אוקסי,מיליליטרים,750.00,"100 מ""ל",false,,9.90,0.0132,false,1,96534
7290100659090,false,חטיף דגנים תמרים וקי,Free,,חטיף דגנים תמרים וקי,גרמים,100.00,100 גרם,false,,16.50,0.1650,true,1,96546
7290100680650,false,מנה חמה נודלס איטריו,אסם,,מנה חמה נודלס איטריו,גרמים,76.00,100 גרם,false,,7.20,0.0947,false,1,94366
7290100680711,false,פירורית זהב 350גר',אסם,,פירורית זהב 350גר',גרמים,350.00,100 גרם,false,,8.80,0.0251,false,1,94369
7290100680728,false,פירורית 350גר',אסם,,פירורית 350גר',גרמים,350.00,100 גרם,false,,7.00,0.0200,true,1,94370
7290100681015,false,אינסטנט פודינג ריבת,אסם,,אינסטנט פודינג ריבת,גרמים,84.00,100 גרם,false,,5.80,0.0690,false,1,94378
7290100681138,false,מארז אפרופו שלישיה,אסם,,מארז אפרופו שלישיה,גרמים,150.00,100 גרם,false,,12.50,0.0833,false,1,94381
7290100681503,false,עסיס סירופ לימונענע,עסיס,,עסיס סירופ לימונענע,ליטרים,1.00,ליטר,false,,17.90,17.9000,false,1,94393
7290100681510,false,עסיס סירופ אשכולית א,עסיס,,עסיס סירופ אשכולית א,ליטרים,1.00,ליטר,false,,17.90,17.9000,false,1,94394
7290100683880,false,פירה אסם,אסם,,פירה אסם,גרמים,260.00,100 גרם,false,,14.50,0.0558,true,1,94475
7290100684139,false,מיני מקרוני אסם,אסם,,מיני מקרוני אסם,גרמים,500.00,100 גרם,false,,5.90,0.0118,false,1,94481
7290100684306,false,רוטב צ'ילי מתוק 600מ,אסם,,רוטב צ'ילי מתוק 600מ,יחידה,760.00,יחידה,false,,18.00,0.0237,true,1,94486
7290100685068,false,פודינג וניל עם פצםוצ,אסם,,פודינג וניל עם פצםוצ,גרמים,110.00,100 גרם,false,,7.00,0.0636,false,1,94504
7290100685334,false,אבקת מרק עוף רכיבים,אסם,,אבקת מרק עוף רכיבים,גרמים,400.00,100 גרם,false,,19.90,0.0497,false,1,94517
7290100685341,false,אבקת מרק טעם עוף זך,אסם,,אבקת מרק טעם עוף זך,גרמים,400.00,100 גרם,false,,16.90,0.0422,false,1,94518
7290100685563,false,מארז פירורית זהב אסם,,,מארז פירורית זהב אסם,גרמים,400.00,100 גרם,false,,8.90,0.0223,true,1,192136
7290100685600,false,פירורית זהב חיטה מלא,אסם,,פירורית זהב חיטה מלא,גרמים,200.00,100 גרם,false,,7.00,0.0350,true,1,94536
7290100685938,false,עוגת דבש ותפוח עץ עם,אסם,,עוגת דבש ותפוח עץ עם,גרמים,400.00,100 גרם,false,,12.90,0.0323,false,1,153800
7290100686171,false,מארז ביסלי גריל,אסם,,מארז ביסלי גריל,גרמים,210.00,100 גרם,false,,14.00,0.0667,false,1,94558
7290100687109,false,במבה במילוי קרם נוגט,אסם,,במבה במילוי קרם נוגט,גרמים,60.00,100 גרם,false,,5.30,0.0883,true,1,115288
7290100688618,false,גביעי גלידה טעם שוקו,אסם,,גביעי גלידה טעם שוקו,יחידה,0.00,יחידה,false,,15.50,0.0000,true,1,94617
7290100689301,false,אבקת מרק טעם עוף זך-,אסם,,אבקת מרק טעם עוף זך-,גרמים,400.00,100 גרם,false,,13.90,0.0348,false,1,113292
7290100700006,false,חיטה 1קג סוגת,סוגת,,חיטה 1קג סוגת,יחידה,1.00,יחידה,false,,7.90,7.9000,true,1,120513
7290100700020,false,גריסי פנינה,סוגת,,גריסי פנינה,גרמים,200.00,100 גרם,false,,4.90,0.0245,true,1,98660
7290100700068,false,שעועית צבעונית,סוגת,,שעועית צבעונית,גרמים,500.00,100 גרם,false,,7.90,0.0158,true,1,112054
7290100700075,false,פרורי לחם מוזהבים 20,סוגת,,פרורי לחם מוזהבים 20,גרמים,200.00,100 גרם,false,,4.00,0.0200,false,1,126641
7290100700242,false,אורז מלא עגול 1 קג,סוגת,,אורז מלא עגול 1 קג,יחידה,1.00,יחידה,false,,12.90,12.9000,true,1,98667
7290100700273,false,קינואה 500 גר סוגת,סוגת,,קינואה 500 גר סוגת,גרמים,500.00,100 גרם,false,,12.90,0.0258,true,1,98668
7290100700310,false,כוסמת 1קג סוגת,סוגת,,כוסמת 1קג סוגת,יחידה,1.00,יחידה,false,,13.90,13.9000,true,1,134232
7290100700327,false,גריסי פנינה 1 קג,סוגת,,גריסי פנינה 1 קג,קילוגרמים,1.00,"ק""ג",false,,7.90,7.9000,true,1,149976
7290100700334,false,קינואה לבנה 1 קג סוג,,,קינואה לבנה 1 קג סוג,קילוגרמים,1.00,"ק""ג",false,,21.90,21.9000,true,1,200346
7290100700365,false,שעועית אדומה 1 קג סו,סוגת,,שעועית אדומה 1 קג סו,קילוגרמים,1.00,"ק""ג",false,,21.90,21.9000,true,1,187909
7290100700372,false,אורז בסמטי מלא 1קג',סוגת,,אורז בסמטי מלא 1קג',קילוגרמים,1.00,"ק""ג",false,,13.90,13.9000,false,1,98671
7290100700389,false,אורז אדום סוגת,סוגת,,אורז אדום סוגת,קילוגרמים,1.00,"ק""ג",false,,13.90,13.9000,true,1,98672
7290100700396,false,אורז יסמין קלאסי 1קג,סוגת,,אורז יסמין קלאסי 1קג,יחידה,1.00,יחידה,false,,11.90,11.9000,false,1,98673
7290100700402,false,חומוס ענק 1קג סוגת,,,חומוס ענק 1קג סוגת,קילוגרמים,1.00,"ק""ג",false,,19.90,19.9000,true,1,150038
7290100700419,false,בורגול 1קג סוגת,סוגת,,בורגול 1קג סוגת,יחידה,1.00,יחידה,false,,7.90,7.9000,true,1,147574
7290100700587,false,בורגול סוגת 500גר,סוגת,,בורגול סוגת 500גר,גרמים,500.00,100 גרם,false,,4.90,0.0098,false,1,123955
7290100701126,false,שעועית מש 500גר סוגת,סוגת,,שעועית מש 500גר סוגת,יחידה,500.00,יחידה,false,,10.90,0.0218,true,1,125587
7290100701140,false,אורז ריזוטו ארבוריו,סוגת,,אורז ריזוטו ארבוריו,יחידה,1.00,יחידה,false,,13.90,13.9000,true,1,122712
7290100701157,false,אורז סושי 1קג סוגת,סוגת,,אורז סושי 1קג סוגת,יחידה,1.00,יחידה,false,,12.90,12.9000,true,1,122713
7290100701300,false,קינואה אדומה סוגת,סוגת,,קינואה אדומה סוגת,גרמים,500.00,100 גרם,false,,12.90,0.0258,true,1,193924
7290100701331,false,"קמח רב תכליתי 1 ק""ג",סוגת,,"קמח רב תכליתי 1 ק""ג",קילוגרמים,1.00,"ק""ג",false,,6.90,6.9000,false,1,134977
7290100701348,false,"קמח שיפון מלא 1 ק""ג",סוגת,,"קמח שיפון מלא 1 ק""ג",קילוגרמים,1.00,"ק""ג",false,,6.90,6.9000,false,1,134970
7290100701409,false,קמח תירס 500 גר סוגת,סוגת,,קמח תירס 500 גר סוגת,גרמים,500.00,100 גרם,false,,6.20,0.0124,false,1,146049
7290100701454,false,גרישה 500גר סוגת,סוגת,,גרישה 500גר סוגת,גרמים,500.00,100 גרם,false,,4.90,0.0098,false,1,125745
7290100701577,false,"קמח לחם 1 ק""ג סוגת",סוגת,,"קמח לחם 1 ק""ג סוגת",קילוגרמים,1.00,"ק""ג",false,,6.90,6.9000,false,1,134973
7290100701874,false,קמח כוסמין 1 קג - סו,סוגת,,קמח כוסמין 1 קג - סו,קילוגרמים,1.00,"ק""ג",false,,15.90,15.9000,false,1,142783
7290100701881,false,קמח פיצה ופוקצ'ה סוג,סוגת,,קמח פיצה ופוקצ'ה סוג,קילוגרמים,1.00,"ק""ג",false,,6.90,6.9000,false,1,134976
7290100701966,false,אפונה צהובה 500 גר ס,,,אפונה צהובה 500 גר ס,גרמים,500.00,100 גרם,false,,6.50,0.0130,true,1,195712
7290100702260,false,קוסקוס דק סוגת,סוגת,,קוסקוס דק סוגת,גרמים,350.00,100 גרם,false,,4.90,0.0140,false,1,139608
7290100702277,false,קוסקוס עבה סוגת,סוגת,,קוסקוס עבה סוגת,גרמים,350.00,100 גרם,false,,4.90,0.0140,false,1,139609
7290100702284,false,קוסקוס מלא סוגת,סוגת,,קוסקוס מלא סוגת,גרמים,350.00,100 גרם,false,,4.90,0.0140,false,1,139610
7290100702314,false,שעועית שחורה 500 גר,סוגת,,שעועית שחורה 500 גר,גרמים,500.00,100 גרם,false,,7.90,0.0158,true,1,140660
7290100702383,false,קמח תופח מס' 13 סוגת,סוגת,,קמח תופח מס' 13 סוגת,קילוגרמים,1.00,"ק""ג",false,,6.90,6.9000,false,1,140232
7290100702611,false,פתיתים אפויים אורז -,סוגת,,פתיתים אפויים אורז -,גרמים,500.00,100 גרם,false,,5.90,0.0118,false,1,142696
7290100702628,false,פתיתים אפויים קוסקוס,סוגת,,פתיתים אפויים קוסקוס,גרמים,500.00,100 גרם,false,,5.90,0.0118,false,1,142697
7290100702635,false,פתיתים אפויים כוכבים,סוגת,,פתיתים אפויים כוכבים,גרמים,500.00,100 גרם,false,,5.90,0.0118,false,1,142698
7290100702642,false,פתיתים אפויים טבעות,סוגת,,פתיתים אפויים טבעות,גרמים,500.00,100 גרם,false,,5.90,0.0118,false,1,142699
7290100702659,false,פתיתים אפויים מקמח מ,סוגת,,פתיתים אפויים מקמח מ,גרמים,500.00,100 גרם,false,,5.90,0.0118,false,1,186492
7290100702666,false,פתיתים אפויים עם בצל,סוגת,,פתיתים אפויים עם בצל,גרמים,500.00,100 גרם,false,,5.90,0.0118,false,1,186493
7290100702673,false,פתיתים אפויים 3 צבעי,סוגת,,פתיתים אפויים 3 צבעי,גרמים,500.00,100 גרם,false,,5.90,0.0118,false,1,186805
7290100702741,false,סוכר חום בהיר צנצנת,סוגת,,סוכר חום בהיר צנצנת,קילוגרמים,1.00,"ק""ג",false,,11.90,11.9000,true,1,146782
7290100702987,false,שיבולת שועל 500 גר,,,שיבולת שועל 500 גר,גרמים,500.00,100 גרם,false,,4.90,0.0098,true,1,190398
7290100702994,false,סוכר דמררה 500 גר,סוגת,,סוכר דמררה 500 גר,גרמים,500.00,100 גרם,false,,5.90,0.0118,true,1,188272
7290100703007,false,עדשים שחורים בלוגה 5,סוגת,,עדשים שחורים בלוגה 5,גרמים,500.00,100 גרם,false,,7.90,0.0158,true,1,187910
7290100703434,false,בורגול חום סוגת,,,בורגול חום סוגת,גרמים,500.00,100 גרם,false,,4.90,0.0098,false,1,192917
7290100703458,false,כוסמת לא קלוי,,,כוסמת לא קלוי,גרמים,500.00,100 גרם,false,,7.90,0.0158,true,1,195079
7290100703533,false,קמח קסם סוגת 1 קג,,,קמח קסם סוגת 1 קג,קילוגרמים,1.00,"ק""ג",false,,8.50,8.5000,true,1,195713
7290100703564,false,שיבולת שועל עבה 500,,,שיבולת שועל עבה 500,גרמים,500.00,100 גרם,false,,4.90,0.0098,true,1,194906
7290100703625,false,קמח לבן ללא ניפוי סו,,,קמח לבן ללא ניפוי סו,קילוגרמים,1.00,"ק""ג",false,,7.90,7.9000,true,1,197271
7290100703632,false,קמח מלא ללא ניפוי,,,קמח מלא ללא ניפוי,קילוגרמים,1.00,"ק""ג",false,,7.90,7.9000,true,1,197274
7290100703670,false,קמח כוסמין מלא ללא נ,,,קמח כוסמין מלא ללא נ,קילוגרמים,1.00,"ק""ג",false,,15.90,15.9000,true,1,197277
7290100703854,false,קוביות סוכר דמררה 50,,,קוביות סוכר דמררה 50,גרמים,500.00,100 גרם,false,,9.90,0.0198,true,1,200171
7290100703908,false,סוכר דמררה 1 קג,,,סוכר דמררה 1 קג,קילוגרמים,1.00,"ק""ג",false,,11.90,11.9000,true,1,198889
7290100703953,false,קוקוס 500 גר סוגת,,,קוקוס 500 גר סוגת,גרמים,500.00,100 גרם,false,,10.90,0.0218,true,1,200271
7290100703960,false,שומשום 500 גר סוגת,,,שומשום 500 גר סוגת,גרמים,500.00,100 גרם,false,,10.90,0.0218,true,1,200272
7290100704141,false,סודה לשתיה 100 גר סו,,,סודה לשתיה 100 גר סו,גרמים,100.00,100 גרם,false,,2.50,0.0250,true,1,204951
7290100704264,false,עדשים שחורות בלוגה 1,,,עדשים שחורות בלוגה 1,קילוגרמים,1.00,"ק""ג",false,,13.90,13.9000,true,1,207895
7290100704493,false,קמח שמרים פיצה 1 קג,,,קמח שמרים פיצה 1 קג,קילוגרמים,1.00,"ק""ג",false,,8.50,8.5000,true,1,215735
7290100704516,false,חומוס מיני 500 גר,,,חומוס מיני 500 גר,גרמים,500.00,100 גרם,false,,6.50,0.0130,true,1,216861
7290100704530,false,קמח כוסמין לבן ללא נ,,,קמח כוסמין לבן ללא נ,קילוגרמים,1.00,"ק""ג",false,,16.90,16.9000,true,1,217260
7290100704578,false,קמח כוסמין לבן 1 קג,,,קמח כוסמין לבן 1 קג,קילוגרמים,1.00,"ק""ג",false,,14.90,14.9000,true,1,217261
7290100704660,false,קינואה מיקס 500 גר,,,קינואה מיקס 500 גר,גרמים,500.00,100 גרם,false,,12.90,0.0258,true,1,217675
7290100704684,false,קמח שמרים כוסמין רב,,,קמח שמרים כוסמין רב,קילוגרמים,1.00,"ק""ג",false,,19.90,19.9000,true,1,261847
7290100704707,false,אורז מיקס 500 גר - ס,,,אורז מיקס 500 גר - ס,גרמים,500.00,100 גרם,false,,9.90,0.0198,true,1,264600
7290100858592,false,קקאו עלית 150 גר,עלית,,קקאו עלית 150 גר,גרמים,150.00,100 גרם,false,,10.50,0.0700,true,1,99335
7290100858608,false,קקאו עלית 500 גר,עלית,,קקאו עלית 500 גר,גרמים,500.00,100 גרם,false,,26.90,0.0538,true,1,99336
7290100921401,false,שמפו הוואי קרטין מחז,הוואי,,שמפו הוואי קרטין מחז,מיליליטרים,700.00,"100 מ""ל",false,,8.90,0.0127,false,1,147456
7290100921418,false,הוואי מרכך שיער קרטי,הוואי,,הוואי מרכך שיער קרטי,מיליליטרים,700.00,"100 מ""ל",false,,8.90,0.0127,false,1,147177
7290100921760,false,הוואי שמפו ספורט לשי,הוואי,,הוואי שמפו ספורט לשי,מיליליטרים,700.00,"100 מ""ל",false,,8.90,0.0127,false,1,147178
7290100922569,false,מארז שלישיה ולווטה,,,מארז שלישיה ולווטה,מיליליטרים,300.00,"100 מ""ל",false,,17.90,0.0597,true,1,149878
7290100922637,false,שלישיה אל סבון הוואי,,,שלישיה אל סבון הוואי,ליטרים,1.50,ליטר,false,,15.90,10.6000,true,1,191774
7290100922651,false,הוואי סבון מוצק רביע,,,הוואי סבון מוצק רביע,גרמים,400.00,100 גרם,false,,12.90,0.0323,true,1,197721
7290100924204,false,אבקת כביסה פרסיל 8 ק,פרסיל,,אבקת כביסה פרסיל 8 ק,קילוגרמים,8.00,"ק""ג",false,,54.90,6.8625,true,1,187421
7290100924457,false,סוד מארז כדוריות לאס,סוד,,סוד מארז כדוריות לאס,גרמים,150.00,100 גרם,false,,19.90,0.1327,true,1,185987
7290100924464,false,סוד מארז כדוריות שלי,סוד,,סוד מארז כדוריות שלי,יחידה,0.00,יחידה,false,,19.90,0.0000,true,1,210363
7290100924631,false,מרכך כביסה מרוכז סוד,סוד,,מרכך כביסה מרוכז סוד,מיליליטרים,900.00,"100 מ""ל",false,,11.90,0.0132,true,1,189755
7290100925676,false,קולור קאצ'ר 20 דפים,,,קולור קאצ'ר 20 דפים,יחידה,0.00,יחידה,false,,21.90,0.0000,true,1,192766
7290100925751,false,"סוד נוזל כלים 650 מ""",סוד,,"סוד נוזל כלים 650 מ""",מיליליטרים,650.00,"100 מ""ל",false,,6.90,0.0106,true,1,194016
7290100926109,false,מרכך כביסה סוד צהוב,סוד,,מרכך כביסה סוד צהוב,ליטרים,4.00,ליטר,false,,18.90,4.7250,false,1,117680
7290100926147,false,פרסיל קולור שקית 2.5,פרסיל,,פרסיל קולור שקית 2.5,קילוגרמים,2.50,"ק""ג",false,,24.90,9.9600,true,1,194716
7290100928516,false,סוד ג'ל שמפו לכביסה,סוד,,סוד ג'ל שמפו לכביסה,ליטרים,1.00,ליטר,false,,13.90,13.9000,true,1,137466
7290100947883,false,יין דרך ארץ גוורצטרמ,,,יין דרך ארץ גוורצטרמ,מיליליטרים,750.00,"100 מ""ל",false,,29.90,0.0399,true,1,215631
7290101110811,false,מאגדת גלידל דיאט שלג,גלידות פלדמן,,מאגדת גלידל דיאט שלג,גרמים,600.00,100 גרם,false,,29.90,0.0498,true,1,115960
7290101112228,false,מאגדת שלגונים גלידל,גלידות פלדמן,,מאגדת שלגונים גלידל,גרמים,640.00,100 גרם,false,,24.90,0.0389,true,1,150804
7290101112921,false,גלידל פרי פירות טרופ,,,גלידל פרי פירות טרופ,גרמים,640.00,100 גרם,false,,24.90,0.0389,true,1,202052
7290101113157,false,גלידל שישייה וניל עו,,,גלידל שישייה וניל עו,גרמים,312.00,100 גרם,false,,27.90,0.0894,true,1,207328
7290101113447,false,גלידל מיני סנדוויץ ב,גלידות פלדמן,,גלידל מיני סנדוויץ ב,גרמים,270.00,100 גרם,false,,29.90,0.1107,true,1,260087
7290101453871,false,נר מספר 0,,,נר מספר 0,יחידה,0.00,יחידה,false,,3.90,0.0000,true,1,151046
7290101453888,false,נר מספר 1,,,נר מספר 1,יחידה,0.00,יחידה,false,,3.90,0.0000,true,1,151034
7290101453895,false,נר מספר 2,,,נר מספר 2,יחידה,0.00,יחידה,false,,3.90,0.0000,true,1,151047
7290101453901,false,נר מספר 3,,,נר מספר 3,יחידה,0.00,יחידה,false,,3.90,0.0000,true,1,151035
7290101453918,false,נר מספר 4,,,נר מספר 4,יחידה,0.00,יחידה,false,,3.90,0.0000,true,1,151036
7290101453925,false,נר מספר- 5,,,נר מספר- 5,יחידה,0.00,יחידה,false,,3.90,0.0000,true,1,151135
7290101453932,false,נר מספר 6,,,נר מספר 6,יחידה,0.00,יחידה,false,,3.90,0.0000,true,1,151037
7290101453949,false,נר מספר 7,,,נר מספר 7,יחידה,0.00,יחידה,false,,3.90,0.0000,true,1,151038
7290101453956,false,נר מספר 8,,,נר מספר 8,יחידה,0.00,יחידה,false,,3.90,0.0000,true,1,151039
7290101453963,false,נר מספר 9,,,נר מספר 9,יחידה,0.00,יחידה,false,,3.90,0.0000,true,1,151040
7290101455387,false,ביצת הפתעה עם ממתק,,,ביצת הפתעה עם ממתק,יחידה,0.00,יחידה,false,,8.00,0.0000,true,1,194822
7290101486688,false,פרי חטיפי דגנים עם ש,Free,,פרי חטיפי דגנים עם ש,גרמים,90.00,100 גרם,false,,16.50,0.1833,true,1,111722
7290101501138,false,כרובית ארוזה,,,כרובית ארוזה,יחידה,0.00,יחידה,false,,9.90,0.0000,true,1,263556
7290101503507,false,מיני בטטה למיקרו נוף,,,מיני בטטה למיקרו נוף,קילוגרמים,1.30,"ק""ג",false,,12.90,9.9231,true,1,208396
7290101551027,false,קפסולות 14 למכונת נס,עלית,,קפסולות 14 למכונת נס,גרמים,50.00,100 גרם,false,,16.90,0.3380,true,1,205208
7290101551263,false,סילאן טבעי יד מרדכי,,,סילאן טבעי יד מרדכי,גרמים,700.00,100 גרם,false,,22.90,0.0327,true,1,203974
7290101551300,false,סילאן טבעי לחיץ 380,,,סילאן טבעי לחיץ 380,גרמים,380.00,100 גרם,false,,14.90,0.0392,true,1,203975
7290101551539,false,דנונה פרו 20 אפרסק,,,דנונה פרו 20 אפרסק,גרמים,200.00,100 גרם,false,,5.90,0.0295,false,1,204226
7290101551584,false,מארז תפוצ'יפס קידס 9,עלית,,מארז תפוצ'יפס קידס 9,גרמים,180.00,100 גרם,false,,13.90,0.0772,false,1,204500
7290101551614,false,צ'יטוס גבינה מארז,עלית,,צ'יטוס גבינה מארז,גרמים,240.00,100 גרם,false,,14.50,0.0604,false,1,204711
7290101551638,false,מארז צ'יטוס כאפה 9 י,עלית,,מארז צ'יטוס כאפה 9 י,גרמים,180.00,100 גרם,false,,12.90,0.0717,false,1,204503
7290101580089,false,יוגב קברנה סוביניון,יקבי בנימינה,,יוגב קברנה סוביניון,יחידה,750.00,יחידה,false,,36.90,0.0492,true,1,128308
7290101581208,false,יין רזרב קברנה סובינ,יקבי בנימינה,,יין רזרב קברנה סובינ,מיליליטרים,750.00,"100 מ""ל",false,,49.90,0.0665,true,1,214181
7290101581710,false,יין רזרב שיראז BINYA,יקבי בנימינה,,יין רזרב שיראז BINYA,מיליליטרים,750.00,"100 מ""ל",false,,49.90,0.0665,true,1,216891
7290101582359,false,יין המושבה שרדונה,,,יין המושבה שרדונה,מיליליטרים,750.00,"100 מ""ל",false,,27.90,0.0372,true,1,202505
7290101582366,false,יין המושבה קברנה סוב,,,יין המושבה קברנה סוב,מיליליטרים,750.00,"100 מ""ל",false,,27.90,0.0372,true,1,202502
7290101582373,false,יין המושבה גראנש בלא,,,יין המושבה גראנש בלא,מיליליטרים,750.00,"100 מ""ל",false,,27.90,0.0372,true,1,202503
7290101582380,false,יין המושבה גוורצטרמי,,,יין המושבה גוורצטרמי,מיליליטרים,750.00,"100 מ""ל",false,,27.90,0.0372,true,1,202506
7290101828792,false,כפפות ניטריל ללא אבק,,,כפפות ניטריל ללא אבק,יחידה,0.00,יחידה,false,,19.90,0.0000,true,1,260617
7290101828808,false,כפפות ניטריל ללא אבק,,,כפפות ניטריל ללא אבק,יחידה,0.00,יחידה,false,,19.90,0.0000,true,1,260618
7290101828815,false,כפפות ניטריל ללא אבק,,,כפפות ניטריל ללא אבק,יחידה,0.00,יחידה,false,,19.90,0.0000,true,1,260619
7290101828822,false,כפפות ניטריל ללא אבק,,,כפפות ניטריל ללא אבק,יחידה,0.00,יחידה,false,,19.90,0.0000,true,1,260620
7290101863410,false,סיליט באנג ספריי אקו,סיליט,,סיליט באנג ספריי אקו,מיליליטרים,750.00,"100 מ""ל",false,,14.90,0.0199,false,1,118926
7290101864127,false,קליה אוקסי ספריי,קליה,,קליה אוקסי ספריי,יחידה,750.00,יחידה,false,,16.90,0.0225,true,1,137801
7290101865261,false,פיניש נוזל הברקה 800,פיניש,,פיניש נוזל הברקה 800,מיליליטרים,800.00,"100 מ""ל",false,,19.90,0.0249,true,1,125626
7290101866633,false,קליה וניש ג'ל 3 ליטר,קליה,,קליה וניש ג'ל 3 ליטר,ליטרים,3.00,ליטר,false,,29.90,9.9667,false,1,133758
7290101866787,false,קליה 3 ליטר,קליה,,קליה 3 ליטר,ליטרים,3.00,ליטר,false,,29.90,9.9667,false,1,135401
7290101868460,false,"קולון 8 ק""ג 101 אבקת",קולון,,"קולון 8 ק""ג 101 אבקת",קילוגרמים,8.00,"ק""ג",false,,49.90,6.2375,true,1,143994
7290101868958,false,פיניש נוזל הברקה לימ,פיניש,,פיניש נוזל הברקה לימ,מיליליטרים,800.00,"100 מ""ל",false,,19.90,0.0249,true,1,149729
7290101869726,false,פיניש ג'ל 1 ליטר,פיניש,,פיניש ג'ל 1 ליטר,ליטרים,1.00,ליטר,false,,39.90,39.9000,true,1,186319
7290101869733,false,פיניש ג'ל לימון 1 לי,פיניש,,פיניש ג'ל לימון 1 לי,ליטרים,1.00,ליטר,false,,39.90,39.9000,true,1,186320
7290101869764,false,מבשם אויר מכשיר אוטו,איירוויק,,מבשם אויר מכשיר אוטו,מיליליטרים,250.00,"100 מ""ל",false,,44.90,0.1796,true,1,186041
7290101869788,false,מילוי מבשם אויר אטומ,איירוויק,,מילוי מבשם אויר אטומ,מיליליטרים,250.00,"100 מ""ל",false,,14.90,0.0596,true,1,186042
7290101869795,false,מילוי מבשם אויר אטומ,איירוויק,,מילוי מבשם אויר אטומ,מיליליטרים,250.00,"100 מ""ל",false,,14.90,0.0596,true,1,186043
7290101869801,false,מבשם אויר חשמלי מכשי,איירוויק,,מבשם אויר חשמלי מכשי,מיליליטרים,19.00,"100 מ""ל",false,,29.90,1.5737,true,1,186044
7290101869818,false,מבשם אוויר חשמלי מכש,איירוויק,,מבשם אוויר חשמלי מכש,מיליליטרים,19.00,"100 מ""ל",false,,29.90,1.5737,true,1,186045
7290101869825,false,מילוי מבשם אויר חשמל,איירוויק,,מילוי מבשם אויר חשמל,מיליליטרים,19.00,"100 מ""ל",false,,14.90,0.7842,true,1,186046
7290101869917,false,מילוי מבשם אויר אטומ,איירוויק,,מילוי מבשם אויר אטומ,מיליליטרים,250.00,"100 מ""ל",false,,14.90,0.0596,true,1,186050
7290101869962,false,מקלות ריחניים חלום ל,איירוויק,,מקלות ריחניים חלום ל,מיליליטרים,30.00,"100 מ""ל",false,,14.90,0.4967,true,1,186052
7290101869979,false,מקלות ריחניים אואזיס,איירוויק,,מקלות ריחניים אואזיס,מיליליטרים,30.00,"100 מ""ל",false,,14.90,0.4967,true,1,186053
7290101985365,false,בקבוק גדול ממותג,,,בקבוק גדול ממותג,יחידה,0.00,יחידה,false,,28.90,0.0000,true,1,148333
7290101985433,false,הפתעות לילדים,,,הפתעות לילדים,יחידה,0.00,יחידה,false,,6.40,0.0000,true,1,185158
7290101999652,false,נרות מטה כוכבים מיקי,,,נרות מטה כוכבים מיקי,יחידה,0.00,יחידה,false,,6.40,0.0000,true,1,151041
7290101999676,false,נרות מטה כוכבים מכונ,,,נרות מטה כוכבים מכונ,יחידה,0.00,יחידה,false,,6.40,0.0000,true,1,151020
7290101999737,false,נרות מטה לבבות מיני,,,נרות מטה לבבות מיני,יחידה,0.00,יחידה,false,,6.40,0.0000,true,1,151024
7290102003778,false,נרות ג'מבו מאויירים,,,נרות ג'מבו מאויירים,יחידה,0.00,יחידה,false,,6.40,0.0000,true,1,189837
7290102003815,false,נרות ג'מבו מאויירים,,,נרות ג'מבו מאויירים,יחידה,0.00,יחידה,false,,6.40,0.0000,true,1,151028
7290102003853,false,נרות מטה כוכבים מיני,,,נרות מטה כוכבים מיני,יחידה,0.00,יחידה,false,,6.40,0.0000,true,1,185304
7290102006441,false,זר יום הולדת לראש עם,,,זר יום הולדת לראש עם,יחידה,0.00,יחידה,false,,13.80,0.0000,true,1,151017
7290102030330,false,תפוצ'יפס קראנצ' מקסי,עלית,,תפוצ'יפס קראנצ' מקסי,גרמים,200.00,100 גרם,false,,10.90,0.0545,false,1,99484
7290102031276,false,אקטימל תות 1.5% שמינ,שטראוס דנונה,,אקטימל תות 1.5% שמינ,מיליליטרים,800.00,"100 מ""ל",false,,21.10,0.0264,true,1,95938
7290102032334,false,קפה נמס בטעם וניל 20,עלית,,קפה נמס בטעם וניל 20,גרמים,200.00,100 גרם,false,,23.90,0.1195,false,1,114103
7290102060764,false,מרידול מברשת שיניים,מרידול,,מרידול מברשת שיניים,יחידה,0.00,יחידה,false,,34.90,0.0000,true,1,134389
7290102060979,false,אלמקס משחת שיניים מש,אלמקס,,אלמקס משחת שיניים מש,גרמים,100.00,100 גרם,false,,15.90,0.1590,false,1,117383
7290102300822,false,גבינת צ'דר אנגלי כתו,,,גבינת צ'דר אנגלי כתו,גרמים,200.00,100 גרם,false,,22.90,0.1145,true,1,194011
7290102300860,false,גבינת צ'דר אנגלי,,,גבינת צ'דר אנגלי,גרמים,200.00,100 גרם,false,,22.90,0.1145,true,1,194012
7290102302246,false,גבינת גאודה 200 גר,,,גבינת גאודה 200 גר,גרמים,200.00,100 גרם,false,,22.90,0.1145,true,1,196488
7290102302253,false,גאודה עיזים 200 גר,,,גאודה עיזים 200 גר,גרמים,200.00,100 גרם,false,,31.90,0.1595,true,1,196489
7290102302260,false,גבינת גרנה פדנו 200,,,גבינת גרנה פדנו 200,גרמים,200.00,100 גרם,false,,32.90,0.1645,true,1,196111
7290102302819,false,גושי טונה בהירה בשמן,,,גושי טונה בהירה בשמן,גרמים,120.00,100 גרם,false,,14.90,0.1242,true,1,213015
7290102302826,false,פילה דג סרדין בשמן ז,,,פילה דג סרדין בשמן ז,גרמים,120.00,100 גרם,false,,13.90,0.1158,true,1,213016
7290102302833,false,גאודה פרוסה 150 גר,,,גאודה פרוסה 150 גר,גרמים,150.00,100 גרם,false,,21.90,0.1460,true,1,212241
7290102302840,false,גאודה עיזים 150 גר,,,גאודה עיזים 150 גר,גרמים,150.00,100 גרם,false,,26.90,0.1793,true,1,212242
7290102302864,false,גאודה פסטו ירוק,,,גאודה פסטו ירוק,גרמים,200.00,100 גרם,false,,34.90,0.1745,true,1,211863
7290102302888,false,גאודה כמון 200 גר,,,גאודה כמון 200 גר,גרמים,200.00,100 גרם,false,,29.90,0.1495,true,1,210514
7290102303878,false,חמאת אלוויר נורמדי,,,חמאת אלוויר נורמדי,גרמים,200.00,100 גרם,false,,17.90,0.0895,true,1,219270
7290102303977,false,גוש טונה בשמן זית,,,גוש טונה בשמן זית,גרמים,140.00,100 גרם,false,,11.90,0.0850,true,1,263814
7290102390427,false,יוגורט תות 3% מולר 1,מולר,,יוגורט תות 3% מולר 1,מיליליטרים,150.00,"100 מ""ל",false,,5.30,0.0353,true,1,114267
7290102390465,false,יוגורט אפרסק ופסיפלו,מולר,,יוגורט אפרסק ופסיפלו,מיליליטרים,150.00,"100 מ""ל",false,,5.30,0.0353,false,1,114269
7290102390489,false,יוגורט לימון 3% - 15,מולר,,יוגורט לימון 3% - 15,מיליליטרים,150.00,"100 מ""ל",false,,5.30,0.0353,true,1,114270
7290102391844,false,יוגורט מולר פרופ פיר,מולר,,יוגורט מולר פרופ פיר,מיליליטרים,150.00,"100 מ""ל",false,,5.30,0.0353,true,1,117427
7290102392049,false,תבור גבינה לאפיה 5%,משק צוריאל,,תבור גבינה לאפיה 5%,גרמים,500.00,100 גרם,false,,25.90,0.0518,true,1,119546
7290102392094,false,חלב עיזים בקרטון 3.7,משק צוריאל,,חלב עיזים בקרטון 3.7,ליטרים,1.00,ליטר,false,,16.50,16.5000,true,1,119414
7290102392254,false,חלב 2 ליטר 1% בקרטון,טרה,,חלב 2 ליטר 1% בקרטון,ליטרים,2.00,ליטר,false,,11.72,5.8600,false,1,119419
7290102392728,false,מולר ביאנקו נטורל 2.,מולר,,מולר ביאנקו נטורל 2.,יחידה,200.00,יחידה,false,,3.90,0.0195,true,1,122217
7290102393039,false,מולר מיקס יוגורט עם,מולר,,מולר מיקס יוגורט עם,גרמים,170.00,100 גרם,false,,6.20,0.0365,false,1,123455
7290102393060,false,מולר מיקס יוגורט עם,מולר,,מולר מיקס יוגורט עם,גרמים,170.00,100 גרם,false,,6.20,0.0365,true,1,123456
7290102393169,false,מולר סימפלי פרויט תו,מולר,,מולר סימפלי פרויט תו,מיליליטרים,150.00,"100 מ""ל",false,,5.30,0.0353,false,1,126901
7290102393176,false,מולר סימפלי פרויט אפ,מולר,,מולר סימפלי פרויט אפ,מיליליטרים,150.00,"100 מ""ל",false,,5.30,0.0353,false,1,126902
7290102393190,false,מולר סימפלי פרויט פי,מולר,,מולר סימפלי פרויט פי,מיליליטרים,150.00,"100 מ""ל",false,,5.30,0.0353,false,1,126904
7290102393268,false,גבינה לבנה 750 גר' ט,טרה,,גבינה לבנה 750 גר' ט,גרמים,750.00,100 גרם,false,,14.94,0.0199,false,1,123724
7290102393299,false,יוגורט עיזים לשתיה 3,משק צוריאל,,יוגורט עיזים לשתיה 3,גרמים,500.00,100 גרם,false,,12.90,0.0258,true,1,124917
7290102393848,false,יוגורט עיזים תות 2.5,משק צוריאל,,יוגורט עיזים תות 2.5,גרמים,140.00,100 גרם,false,,6.20,0.0443,true,1,128645
7290102393855,false,יוגורט עיזים אפרסק 2,משק צוריאל,,יוגורט עיזים אפרסק 2,גרמים,140.00,100 גרם,false,,6.20,0.0443,true,1,128607
7290102393947,false,מולר סימפלי פרוט קיו,מולר,,מולר סימפלי פרוט קיו,מיליליטרים,150.00,"100 מ""ל",false,,5.30,0.0353,false,1,133150
7290102394081,false,מולר מיקס יוגורט קרמ,מולר,,מולר מיקס יוגורט קרמ,גרמים,170.00,100 גרם,false,,6.20,0.0365,false,1,133192
7290102394258,false,עז מה 180 גר' 9%,משק צוריאל,,עז מה 180 גר' 9%,גרמים,180.00,100 גרם,false,,23.90,0.1328,true,1,133814
7290102394463,false,גבינה צהובה 28% וואק,,,גבינה צהובה 28% וואק,גרמים,500.00,100 גרם,false,,29.90,0.0598,true,1,142494
7290102394821,false,גבינה צהובה טרה דק ד,טרה,,גבינה צהובה טרה דק ד,גרמים,200.00,100 גרם,false,,16.90,0.0845,false,1,136597
7290102394845,false,גבינה צהובה לייט דק,טרה,,גבינה צהובה לייט דק,גרמים,200.00,100 גרם,false,,17.50,0.0875,false,1,136611
7290102395217,false,מאגדת יוגורט מולר שמ,מולר,,מאגדת יוגורט מולר שמ,גרמים,1200.00,100 גרם,false,,21.00,0.0175,true,1,140514
7290102395224,false,מאגדת מולר לבן ביו 1,מולר,,מאגדת מולר לבן ביו 1,גרמים,1200.00,100 גרם,false,,18.50,0.0154,false,1,140449
7290102395231,false,מאגדת יוגורט מולר בי,מולר,,מאגדת יוגורט מולר בי,גרמים,1200.00,100 גרם,false,,18.50,0.0154,false,1,140222
7290102395378,false,גבינה צהובה נעם 28%,,,גבינה צהובה נעם 28%,גרמים,360.00,100 גרם,false,,21.50,0.0597,true,1,142432
7290102395439,false,מאגדת שמינייה סימפלי,מולר,,מאגדת שמינייה סימפלי,יחידה,0.00,יחידה,false,,31.90,0.0000,true,1,143808
7290102395446,false,מוו מעדן וניל קצפת,טרה,,מוו מעדן וניל קצפת,גרמים,123.00,100 גרם,false,,2.90,0.0236,true,1,140625
7290102395477,false,מו מעדן שוקולד קצפת,טרה,,מו מעדן שוקולד קצפת,גרמים,123.00,100 גרם,false,,2.90,0.0236,true,1,140442
7290102395521,false,שמנת לבישול 15% + פק,טרה,,שמנת לבישול 15% + פק,מיליליטרים,500.00,"100 מ""ל",false,,16.90,0.0338,true,1,147069
7290102395958,false,יוגורט 3 ליטר טרה 4%,טרה,,יוגורט 3 ליטר טרה 4%,ליטרים,3.00,ליטר,false,,29.90,9.9667,true,1,201391
7290102396405,false,מאגדת שמינייה מעדן ו,טרה,,מאגדת שמינייה מעדן ו,גרמים,800.00,100 גרם,false,,13.90,0.0174,true,1,148626
7290102396580,false,מעדן מוו שוקולד ומוס,טרה,,מעדן מוו שוקולד ומוס,גרמים,123.00,100 גרם,false,,2.90,0.0236,true,1,148627
7290102396672,false,גבינה צהובה נעם 9%,טרה,,גבינה צהובה נעם 9%,גרמים,360.00,100 גרם,false,,28.50,0.0792,true,1,188112
7290102396719,false,יוגורט סימפלי תות 0%,מולר,,יוגורט סימפלי תות 0%,גרמים,150.00,100 גרם,false,,5.30,0.0353,false,1,150204
7290102397075,false,יוגורט 4% בקרטון 1.5,טרה,,יוגורט 4% בקרטון 1.5,ליטרים,1.50,ליטר,false,,14.50,9.6667,true,1,186398
7290102397204,false,גבינה צהובה נעם דק ד,טרה,,גבינה צהובה נעם דק ד,גרמים,200.00,100 גרם,false,,16.90,0.0845,true,1,188105
7290102397310,false,מארז 8 גביעי מעדן מי,טרה,,מארז 8 גביעי מעדן מי,יחידה,0.00,יחידה,false,,12.50,0.0000,true,1,191579
7290102397464,false,יוגורט מולר נטורל+גר,מולר,,יוגורט מולר נטורל+גר,גרמים,170.00,100 גרם,false,,6.20,0.0365,true,1,196672
7290102397600,false,מולר מיקס בתוספת שקד,מולר,,מולר מיקס בתוספת שקד,גרמים,170.00,100 גרם,false,,6.20,0.0365,true,1,192845
7290102397617,false,מולר מיקס בתוספת קלי,מולר,,מולר מיקס בתוספת קלי,גרמים,170.00,100 גרם,false,,6.20,0.0365,true,1,192846
7290102397679,false,קוטג' 375 גר' טרה,טרה,,קוטג' 375 גר' טרה,גרמים,375.00,100 גרם,false,,8.30,0.0221,true,1,200545
7290102397730,false,נעם אמנטל 100% רכיבי,טרה,,נעם אמנטל 100% רכיבי,גרמים,200.00,100 גרם,false,,17.50,0.0875,true,1,197747
7290102397747,false,מוצרלה 200 גר' נעם,טרה,,מוצרלה 200 גר' נעם,גרמים,200.00,100 גרם,false,,18.90,0.0945,true,1,200461
7290102398065,false,חלב בקרטון 3% טרה 2,טרה,,חלב בקרטון 3% טרה 2,ליטרים,2.00,ליטר,false,,12.46,6.2300,false,1,198734
7290102398072,false,חלב טרה 3% בקרטון 1,טרה,,חלב טרה 3% בקרטון 1,ליטרים,1.00,ליטר,false,,6.23,6.2300,false,1,198254
7290102398331,false,חלב מועשר דל לקטוז 1,טרה,,חלב מועשר דל לקטוז 1,ליטרים,1.00,ליטר,false,,7.80,7.8000,false,1,200530
7290102398553,false,שוקו 1.5 ליטר טרה,טרה,,שוקו 1.5 ליטר טרה,ליטרים,1.50,ליטר,false,,16.90,11.2667,true,1,211311
7290102398560,false,שוקו טרה מועשר בקבוק,טרה,,שוקו טרה מועשר בקבוק,ליטרים,1.00,ליטר,false,,12.50,12.5000,true,1,203989
7290102398577,false,שוקו טרה מועשר בקבוק,טרה,,שוקו טרה מועשר בקבוק,מיליליטרים,250.00,"100 מ""ל",false,,5.50,0.0220,true,1,203990
7290102398614,false,משקה חלב בטעם בננה 1,טרה,,משקה חלב בטעם בננה 1,ליטרים,1.00,ליטר,false,,12.50,12.5000,true,1,204321
7290102399635,false,יוגורט Bio עם קציפת,,,יוגורט Bio עם קציפת,גרמים,150.00,100 גרם,false,,5.30,0.0353,true,1,213152
7290102399772,false,ממרח חמאה במליחות עד,,,ממרח חמאה במליחות עד,גרמים,250.00,100 גרם,false,,18.90,0.0756,true,1,213151
7290102399789,false,ממרח חמאה ללא מלח 25,,,ממרח חמאה ללא מלח 25,גרמים,250.00,100 גרם,false,,18.90,0.0756,true,1,213147
7290102399796,false,מולר אקטיב יוגורט 25,,,מולר אקטיב יוגורט 25,גרמים,200.00,100 גרם,false,,5.80,0.0290,true,1,212860
7290102399819,false,מולר אקטיב יוגורט פי,,,מולר אקטיב יוגורט פי,גרמים,200.00,100 גרם,false,,6.20,0.0310,true,1,212862
7290102399857,false,מולר אקטיב לייט עם ת,מולר,,מולר אקטיב לייט עם ת,גרמים,200.00,100 גרם,false,,6.20,0.0310,true,1,213409
7290102841127,false,אבקה להכנת עוגת פרג,,,אבקה להכנת עוגת פרג,גרמים,600.00,100 גרם,false,,14.00,0.0233,true,1,121051
7290102841899,false,אבקת פלאפל,,,אבקת פלאפל,גרמים,180.00,100 גרם,false,,10.90,0.0606,true,1,213266
7290102842360,false,תערובת להכנת סופלה ש,,,תערובת להכנת סופלה ש,יחידה,0.00,יחידה,false,,14.50,0.0000,true,1,134873
7290102844364,false,תערובת להכנת עוגת שי,,,תערובת להכנת עוגת שי,גרמים,560.00,100 גרם,false,,13.90,0.0248,true,1,193791
7290103120658,false,ספיד סטיק 24/7 ג'ל ש,ספיד סטיק,,ספיד סטיק 24/7 ג'ל ש,גרמים,85.00,100 גרם,false,,19.90,0.2341,true,1,118646
7290103126797,false,קולגייט סנסטיב פרו ר,קולגייט,,קולגייט סנסטיב פרו ר,מיליליטרים,75.00,"100 מ""ל",false,,19.90,0.2653,false,1,127802
7290103128739,false,בלונס מקלות אזניים ל,,,בלונס מקלות אזניים ל,יחידה,0.00,יחידה,false,,5.90,0.0000,true,1,137137
7290103129378,false,ספיד סטיק 24/7 ג'ל X,,,ספיד סטיק 24/7 ג'ל X,יחידה,0.00,יחידה,false,,19.90,0.0000,true,1,139809
7290103400194,false,כרוב לבן שטראוס 400ג,שטראוס,,כרוב לבן שטראוס 400ג,גרמים,400.00,100 גרם,false,,8.90,0.0223,true,1,124253
7290103400231,false,"גזר שטראוס 400ג' בד""",שטראוס,,"גזר שטראוס 400ג' בד""",גרמים,400.00,100 גרם,false,,8.90,0.0223,true,1,124254
7290103400255,false,סלט קולסלאו 400ג' בד,שטראוס,,סלט קולסלאו 400ג' בד,גרמים,400.00,100 גרם,false,,8.90,0.0223,true,1,124255
7290103401429,false,קפה נמס קצב ברזילאי,עלית,,קפה נמס קצב ברזילאי,גרמים,200.00,100 גרם,false,,24.90,0.1245,false,1,120634
7290103404758,false,סלט כרוב 120 גר,אחלה,,סלט כרוב 120 גר,גרמים,120.00,100 גרם,false,,5.00,0.0417,true,1,119483
7290103408206,false,עלי חסה בקופסא שטראו,שטראוס,,עלי חסה בקופסא שטראו,גרמים,250.00,100 גרם,false,,9.90,0.0396,true,1,121446
7290103681173,false,הר TABOR קברנה סובני,,,הר TABOR קברנה סובני,מיליליטרים,750.00,"100 מ""ל",false,,29.90,0.0399,true,1,205852
7290103681180,false,"הר TABOR מרלו 750 מ""",,,"הר TABOR מרלו 750 מ""",מיליליטרים,750.00,"100 מ""ל",false,,29.90,0.0399,true,1,205853
7290103681197,false,הר TABOR שיראז 750 מ,,,הר TABOR שיראז 750 מ,מיליליטרים,750.00,"100 מ""ל",false,,29.90,0.0399,true,1,205854
7290103681227,false,הר TABOR גיוורצטרמינ,,,הר TABOR גיוורצטרמינ,מיליליטרים,750.00,"100 מ""ל",false,,29.90,0.0399,true,1,205855
7290103681241,false,יין תבור הר מוסקטו,,,יין תבור הר מוסקטו,מיליליטרים,750.00,"100 מ""ל",false,,29.90,0.0399,true,1,206221
7290104061417,false,חומוס טחינה אחלה 400,אחלה,,חומוס טחינה אחלה 400,גרמים,400.00,100 גרם,false,,10.50,0.0263,true,1,122051
7290104061424,false,חומוס אחלה זעתר 400,אחלה,,חומוס אחלה זעתר 400,גרמים,400.00,100 גרם,false,,10.50,0.0263,true,1,122049
7290104061431,false,חומוס אחלה צנובר 400,אחלה,,חומוס אחלה צנובר 400,גרמים,400.00,100 גרם,false,,10.50,0.0263,true,1,122052
7290104061448,false,חומוס אחלה חריף 400,אחלה,,חומוס אחלה חריף 400,גרמים,400.00,100 גרם,false,,10.50,0.0263,true,1,122050
7290104062599,false,מארז סופר גמדים תות,שטראוס דנונה,,מארז סופר גמדים תות,גרמים,800.00,100 גרם,false,,18.90,0.0236,true,1,122257
7290104063732,false,רביעיות נס קפה 50 גר,,,רביעיות נס קפה 50 גר,גרמים,200.00,100 גרם,false,,26.90,0.1345,false,1,249325
7290104065187,false,קפה נמס בטעם מוקה 20,עלית,,קפה נמס בטעם מוקה 20,גרמים,200.00,100 גרם,false,,23.90,0.1195,false,1,124096
7290104065934,false,עלי רוקט שטראוס 150,שטראוס,,עלי רוקט שטראוס 150,גרמים,150.00,100 גרם,false,,9.90,0.0660,true,1,123544
7290104067679,false,טחינה אחלה 400 גר,אחלה,,טחינה אחלה 400 גר,גרמים,400.00,100 גרם,false,,10.90,0.0273,true,1,144602
7290104067693,false,חומוס 150 גר עם חריף,אחלה,,חומוס 150 גר עם חריף,גרמים,150.00,100 גרם,false,,5.50,0.0367,true,1,145195
7290104068539,false,מסטיק מאסט בטעם מלון,עלית,,מסטיק מאסט בטעם מלון,גרמים,28.00,100 גרם,false,,4.40,0.1571,true,1,124440
7290104068546,false,מסטיק מאסט קולה ולימ,עלית,,מסטיק מאסט קולה ולימ,גרמים,28.00,100 גרם,false,,4.40,0.1571,true,1,125509
7290104228292,false,בקבוק למים חמים,,,בקבוק למים חמים,יחידה,0.00,יחידה,false,,15.90,0.0000,true,1,264440
7290104284663,false,שרוך נעליים שחור,,,שרוך נעליים שחור,יחידה,0.00,יחידה,false,,4.90,0.0000,true,1,263965
7290104500572,false,אפרופו איטליאנו 50 ג,אסם,,אפרופו איטליאנו 50 ג,גרמים,50.00,100 גרם,false,,5.20,0.1040,false,1,128810
7290104501661,false,פודינג טעם וניל צרפת,אסם,,פודינג טעם וניל צרפת,גרמים,80.00,100 גרם,false,,5.80,0.0725,false,1,126812
7290104504228,false,מארז דובונים 5*20,אסם,,מארז דובונים 5*20,גרמים,100.00,100 גרם,false,,13.00,0.1300,false,1,133730
7290104508189,false,גביעי גלידה ממותקים,אסם,,גביעי גלידה ממותקים,יחידה,0.00,יחידה,false,,12.50,0.0000,true,1,133566
7290104508202,false,גביעי גלידה אמריקאים,אסם,,גביעי גלידה אמריקאים,יחידה,0.00,יחידה,false,,12.50,0.0000,true,1,133012
7290104508943,false,במבה קלאסי 200גר אסם,אסם,,במבה קלאסי 200גר אסם,גרמים,200.00,100 גרם,false,,9.70,0.0485,false,1,135281
7290104570162,false,תמרים כבושים 500גר,,,תמרים כבושים 500גר,גרמים,500.00,100 גרם,false,,9.90,0.0198,true,1,141851
7290104570292,false,תמר מג'הול 1 קג,,,תמר מג'הול 1 קג,קילוגרמים,1.00,"ק""ג",false,,19.90,19.9000,true,1,262637
7290104570629,false,ממרח תמרים 450 גר,,,ממרח תמרים 450 גר,גרמים,450.00,100 גרם,false,,4.90,0.0109,false,1,189475
7290104720499,false,מארז 8 דני וניל,שטראוס,,מארז 8 דני וניל,ליטרים,1.00,ליטר,false,,16.40,16.4000,false,1,124410
7290104721953,false,לקט מסולסלים שטראוס,שטראוס,,לקט מסולסלים שטראוס,גרמים,350.00,100 גרם,false,,12.90,0.0369,true,1,125332
7290104722530,false,תפוצ'יפס שמנת בצל 20,עלית,,תפוצ'יפס שמנת בצל 20,גרמים,200.00,100 גרם,false,,10.90,0.0545,true,1,125523
7290104726262,false,מארז רביעיה דני לשתי,שטראוס,,מארז רביעיה דני לשתי,יחידה,500.00,יחידה,false,,11.00,0.0220,true,1,127896
7290104726712,false,מארז מילקי שמיניה,שטראוס,,מארז מילקי שמיניה,גרמים,1064.00,100 גרם,false,,19.90,0.0187,false,1,135390
7290104728310,false,שמנת מתוקה עמידה 38%,שטראוס,,שמנת מתוקה עמידה 38%,מיליליטרים,250.00,"100 מ""ל",false,,6.47,0.0259,false,1,130309
7290104729003,false,שמן זית יד מרדכי,יד מרדכי,,שמן זית יד מרדכי,מיליליטרים,750.00,"100 מ""ל",false,,32.90,0.0439,false,1,128480
7290104729010,false,לבן תות 3%,,,לבן תות 3%,יחידה,100.00,יחידה,false,,1.40,0.0140,true,1,128903
7290104850660,false,מגש אובלי קרם אלגנט,,,מגש אובלי קרם אלגנט,יחידה,0.00,יחידה,false,,24.90,0.0000,true,1,137970
7290104850868,false,צלחות 10 אלגנט קרם,,,צלחות 10 אלגנט קרם,יחידה,0.00,יחידה,false,,21.90,0.0000,true,1,134734
7290104851223,false,צלחות מרק אלגנט קרם-,,,צלחות מרק אלגנט קרם-,יחידה,0.00,יחידה,false,,9.90,0.0000,true,1,133839
7290104851612,false,ליפתנית קרם אלגנט,,,ליפתנית קרם אלגנט,יחידה,0.00,יחידה,false,,5.90,0.0000,true,1,138966
7290104851674,false,קעריות אובליות קרם א,,,קעריות אובליות קרם א,יחידה,0.00,יחידה,false,,7.50,0.0000,true,1,176752
7290104852176,false,נר נשמה,,,נר נשמה,יחידה,0.00,יחידה,false,,1.90,0.0000,true,1,141374
7290104852459,false,נרות שבת מס' 12,,,נרות שבת מס' 12,יחידה,0.00,יחידה,false,,2.90,0.0000,true,1,143675
7290104852473,false,נר שבת 20,,,נר שבת 20,יחידה,0.00,יחידה,false,,2.90,0.0000,true,1,140816
7290104852794,false,תבניות פאלאס 13 יח',,,תבניות פאלאס 13 יח',יחידה,0.00,יחידה,false,,7.90,0.0000,true,1,198068
7290104859786,false,תבנית אלומיניום בינו,,,תבנית אלומיניום בינו,יחידה,0.00,יחידה,false,,7.90,0.0000,true,1,203126
7290104859793,false,תבנית אלומיניום ענקי,,,תבנית אלומיניום ענקי,יחידה,0.00,יחידה,false,,7.90,0.0000,true,1,203127
7290104859809,false,תבנית אלומיניום ארוכ,,,תבנית אלומיניום ארוכ,יחידה,0.00,יחידה,false,,7.90,0.0000,true,1,203194
7290104859816,false,תבנית אלומיניום בינו,,,תבנית אלומיניום בינו,יחידה,0.00,יחידה,false,,7.90,0.0000,true,1,203128
7290104859823,false,תבנית אלומיניום עמוק,,,תבנית אלומיניום עמוק,יחידה,0.00,יחידה,false,,7.90,0.0000,true,1,203195
7290104859830,false,תבנית אלומיניום עגול,,,תבנית אלומיניום עגול,יחידה,0.00,יחידה,false,,7.90,0.0000,true,1,203781
7290104961878,false,שמפו קרטין טהור 400,נטורל פורמולה,,שמפו קרטין טהור 400,מיליליטרים,400.00,"100 מ""ל",false,,29.90,0.0747,true,1,140341
7290104961885,false,מרכך קרטין טהור 400,נטורל פורמולה,,מרכך קרטין טהור 400,מיליליטרים,400.00,"100 מ""ל",false,,30.00,0.0750,true,1,140342
7290104961892,false,מסכה לשיער קרטין,נטורל פורמולה,,מסכה לשיער קרטין,יחידה,0.00,יחידה,false,,39.90,0.0000,true,1,140528
7290104962073,false,דאודורנט ספריי טיטני,טיטניום,,דאודורנט ספריי טיטני,יחידה,0.00,יחידה,false,,15.90,0.0000,true,1,144575
7290104962509,false,קרם קרטין טהור,,,קרם קרטין טהור,מיליליטרים,145.00,"100 מ""ל",false,,31.90,0.2200,true,1,195674
7290104962844,false,שמפו אמפולה אינטנס נ,נטורל פורמולה,,שמפו אמפולה אינטנס נ,יחידה,0.00,יחידה,false,,29.90,0.0000,true,1,186744
7290104963001,false,מגבונים סופטקר מבושם,,,מגבונים סופטקר מבושם,יחידה,0.00,יחידה,false,,18.90,0.0000,true,1,191625
7290104963940,false,קרליין מגבונים להסרת,קרליין,,קרליין מגבונים להסרת,יחידה,0.00,יחידה,false,,10.00,0.0000,true,1,217223
7290104964756,false,תיאדנט מי פה ענבים 1,,,תיאדנט מי פה ענבים 1,מיליליטרים,150.00,"100 מ""ל",false,,17.90,0.1193,true,1,205587
7290105360250,false,קפסולות מקיאטו למכונ,עלית,,קפסולות מקיאטו למכונ,גרמים,50.00,100 גרם,false,,16.90,0.3380,false,1,140673
7290105360328,false,אספרסו חזק קפסולות,עלית,,אספרסו חזק קפסולות,גרמים,50.00,100 גרם,false,,16.90,0.3380,false,1,140729
7290105360335,false,קפסולות אספרסו,עלית,,קפסולות אספרסו,גרמים,50.00,100 גרם,false,,16.90,0.3380,false,1,140261
7290105360878,false,מארז תפוצ'יפס רביעיי,עלית,,מארז תפוצ'יפס רביעיי,גרמים,200.00,100 גרם,false,,11.50,0.0575,true,1,149343
7290105362339,false,שמנת לבישול 15%,יטבתה,,שמנת לבישול 15%,מיליליטרים,250.00,"100 מ""ל",false,,8.10,0.0324,true,1,137040
7290105363602,false,כיף כף מקלות,עלית,,כיף כף מקלות,גרמים,40.00,100 גרם,false,,5.20,0.1300,true,1,139948
7290105364289,false,כיף כף מקלות פצפוצים,עלית,,כיף כף מקלות פצפוצים,גרמים,40.00,100 גרם,false,,5.20,0.1300,true,1,139917
7290105364302,false,כיף כף מקלות אגוזים,עלית,,כיף כף מקלות אגוזים,גרמים,42.00,100 גרם,false,,5.20,0.1238,true,1,139918
7290105364678,false,משקה אקטיביה אפרסק,שטראוס דנונה,,משקה אקטיביה אפרסק,מיליליטרים,250.00,"100 מ""ל",false,,4.90,0.0196,true,1,133981
7290105366023,false,"חציל בטעם כבד 400 ג""",אחלה,,"חציל בטעם כבד 400 ג""",גרמים,400.00,100 גרם,false,,15.00,0.0375,true,1,134321
7290105366993,false,גבינת סימפוניה עם פל,שטראוס,,גבינת סימפוניה עם פל,גרמים,200.00,100 גרם,false,,11.20,0.0560,false,1,144991
7290105368331,false,מילקי תות 8%,שטראוס,,מילקי תות 8%,גרמים,133.00,100 גרם,false,,2.80,0.0211,true,1,137873
7290105368904,false,שמנת עמידה לקצפת 32%,יטבתה,,שמנת עמידה לקצפת 32%,מיליליטרים,250.00,"100 מ""ל",false,,7.30,0.0292,false,1,141613
7290105368928,false,שמנת 9% יטבתה,יטבתה,,שמנת 9% יטבתה,מיליליטרים,200.00,"100 מ""ל",false,,3.10,0.0155,true,1,137072
7290105369130,false,סימפוניה בצל ירוק 5%,שטראוס,,סימפוניה בצל ירוק 5%,גרמים,200.00,100 גרם,false,,11.20,0.0560,false,1,140744
7290105369451,false,צ'יטוס דולפינים 55 ג,עלית,,צ'יטוס דולפינים 55 ג,גרמים,55.00,100 גרם,false,,3.40,0.0618,true,1,135078
7290105431516,false,פרי חטיפי תמרים בוטנ,,,פרי חטיפי תמרים בוטנ,יחידה,0.00,יחידה,false,,16.50,0.0000,true,1,142181
7290105431868,false,פלמוליב ספא קוקוס גר,,,פלמוליב ספא קוקוס גר,מיליליטרים,500.00,"100 מ""ל",false,,14.90,0.0298,true,1,144757
7290105436382,false,חטיף פרי תמרים ואגוז,,,חטיף פרי תמרים ואגוז,גרמים,125.00,100 גרם,false,,16.50,0.1320,true,1,149090
7290105438539,false,קוקי נייר אפייה 40יח,,,קוקי נייר אפייה 40יח,יחידה,0.00,יחידה,false,,9.90,0.0000,true,1,151308
7290105438546,false,קוקי נייר אפיה אקולו,,,קוקי נייר אפיה אקולו,יחידה,0.00,יחידה,false,,9.90,0.0000,true,1,182182
7290105439499,false,מיונז מאסטר שף,,,מיונז מאסטר שף,גרמים,481.00,100 גרם,false,,10.90,0.0227,true,1,190580
7290105439505,false,מנה מאסטר שף קרם בטע,,,מנה מאסטר שף קרם בטע,גרמים,479.00,100 גרם,false,,11.90,0.0248,true,1,195135
7290105439581,false,חרדל דיז'ון מאסטר שף,,,חרדל דיז'ון מאסטר שף,גרמים,370.00,100 גרם,false,,10.90,0.0295,true,1,190874
7290105473950,false,חול מתגבש יורוקיטי 5,,,חול מתגבש יורוקיטי 5,קילוגרמים,5.00,"ק""ג",false,,39.90,7.9800,true,1,148051
7290105474049,false,לה קט מוס עוף 155 גר,,,לה קט מוס עוף 155 גר,גרמים,155.00,100 גרם,false,,5.90,0.0381,true,1,149517
7290105474056,false,לה קט מוס סלמון 155,,,לה קט מוס סלמון 155,גרמים,155.00,100 גרם,false,,5.90,0.0381,true,1,149518
7290105474063,false,לה קט מוס כבד 155 גר,,,לה קט מוס כבד 155 גר,גרמים,155.00,100 גרם,false,,5.90,0.0381,true,1,149519
7290105474070,false,לה קט מוס טונה 155 ג,,,לה קט מוס טונה 155 ג,גרמים,155.00,100 גרם,false,,5.90,0.0381,true,1,148948
7290105474179,false,לה קט מעדן פטה מולטי,,,לה קט מעדן פטה מולטי,גרמים,400.00,100 גרם,false,,15.90,0.0398,true,1,149991
7290105475787,false,לה קט שלישיה,,,לה קט שלישיה,קילוגרמים,1.20,"ק""ג",false,,19.90,16.5833,true,1,196994
7290105479679,false,בונזו בקר וכבד 12 קג,,,בונזו בקר וכבד 12 קג,קילוגרמים,12.00,"ק""ג",false,,129.90,10.8250,false,1,203846
7290105500151,false,וודקה פינלנדיה 700מל,,,וודקה פינלנדיה 700מל,מיליליטרים,700.00,"100 מ""ל",false,,59.90,0.0856,false,1,140083
7290105691224,false,חטיפי פריכונים טורטי,אסם,,חטיפי פריכונים טורטי,גרמים,60.00,100 גרם,false,,7.70,0.1283,false,1,135576
7290105691248,false,חטיפי טורטיות,אסם,,חטיפי טורטיות,גרמים,60.00,100 גרם,false,,7.70,0.1283,false,1,135482
7290105691712,false,עוגיות הפסקת קפה חיט,אסם,,עוגיות הפסקת קפה חיט,גרמים,230.00,100 גרם,false,,10.90,0.0474,true,1,137426
7290105691897,false,קוסקוס חיטה מלאה,אסם,,קוסקוס חיטה מלאה,גרמים,350.00,100 גרם,false,,8.90,0.0254,true,1,136990
7290105691934,false,קמח שמרים אסם 1 קג,אסם,,קמח שמרים אסם 1 קג,קילוגרמים,1.00,"ק""ג",false,,10.90,10.9000,false,1,139216
7290105693341,false,במבה אסם מאגדת 25*10,אסם,,במבה אסם מאגדת 25*10,גרמים,250.00,100 גרם,false,,14.90,0.0596,false,1,145783
7290105693457,false,עוגת הבית דמקה שוקו,אסם,,עוגת הבית דמקה שוקו,גרמים,320.00,100 גרם,false,,13.90,0.0434,false,1,137429
7290105694614,false,ספגטי מהיר הכנה אסם,אסם,,ספגטי מהיר הכנה אסם,גרמים,500.00,100 גרם,false,,7.60,0.0152,false,1,138389
7290105694928,false,אבקת מרק בצל רכיבים,אסם,,אבקת מרק בצל רכיבים,גרמים,220.00,100 גרם,false,,16.00,0.0727,true,1,139264
7290105695024,false,פתיתים אפויים אורז ע,אסם,,פתיתים אפויים אורז ע,גרמים,500.00,100 גרם,false,,7.50,0.0150,false,1,140196
7290105695321,false,עוגת בראוניס פאדג' א,אסם,,עוגת בראוניס פאדג' א,גרמים,380.00,100 גרם,false,,18.00,0.0474,false,1,140034
7290105695536,false,אבקת מרק ירקות שורש,אסם,,אבקת מרק ירקות שורש,גרמים,220.00,100 גרם,false,,14.90,0.0677,true,1,143955
7290105695895,false,עוגת דבש דמקה אסם,,,עוגת דבש דמקה אסם,גרמים,320.00,100 גרם,false,,9.90,0.0309,false,1,138645
7290105962331,false,סחוג חריף מאוד זהבי,,,סחוג חריף מאוד זהבי,גרמים,220.00,100 גרם,false,,12.50,0.0568,true,1,137408
7290105962980,false,כרוב אדום 400 גר אחל,אחלה,,כרוב אדום 400 גר אחל,גרמים,400.00,100 גרם,false,,10.90,0.0273,true,1,137953
7290105962997,false,חציל מיונז אחלה 400,אחלה,,חציל מיונז אחלה 400,גרמים,400.00,100 גרם,false,,10.90,0.0273,true,1,137954
7290105963000,false,מטבוחה אחלה 400 גר,אחלה,,מטבוחה אחלה 400 גר,גרמים,400.00,100 גרם,false,,10.90,0.0273,true,1,137992
7290105964564,false,חומוס אחלה 400 ג',,,חומוס אחלה 400 ג',גרמים,400.00,100 גרם,false,,7.90,0.0198,true,1,139138
7290105965738,false,דנונה לשתיה תות בננה,שטראוס דנונה,,דנונה לשתיה תות בננה,גרמים,267.00,100 גרם,false,,4.80,0.0180,true,1,146599
7290105966469,false,"חומץ בלסמי 250 מ""ל",יד מרדכי,,"חומץ בלסמי 250 מ""ל",מיליליטרים,250.00,"100 מ""ל",false,,15.90,0.0636,true,1,141163
7290105968654,false,רביולי בטטה פרווה 40,שטראוס,,רביולי בטטה פרווה 40,גרמים,400.00,100 גרם,false,,19.90,0.0497,true,1,139452
7290105968777,false,פרכיות אנרג'י תחתית,עלית,,פרכיות אנרג'י תחתית,גרמים,70.00,100 גרם,false,,7.90,0.1129,true,1,142001
7290106520066,false,רבע לשבע גלילי וופל,עלית,,רבע לשבע גלילי וופל,גרמים,160.00,100 גרם,false,,12.00,0.0750,false,1,139919
7290106520288,false,דנונה פרו תות,,,דנונה פרו תות,גרמים,150.00,100 גרם,false,,4.50,0.0300,true,1,190370
7290106520905,false,סלט טורקי אחלה 400ג',אחלה,,סלט טורקי אחלה 400ג',גרמים,400.00,100 גרם,false,,15.00,0.0375,true,1,141062
7290106520912,false,שמנת לבישול 9%,יטבתה,,שמנת לבישול 9%,גרמים,258.00,100 גרם,false,,8.10,0.0314,false,1,142255
7290106521049,false,קוביות סלק אחלה 400,אחלה,,קוביות סלק אחלה 400,גרמים,400.00,100 גרם,false,,15.00,0.0375,true,1,144282
7290106524439,false,תפוצ'יפס פופס 60 גר',עלית,,תפוצ'יפס פופס 60 גר',גרמים,60.00,100 גרם,false,,3.90,0.0650,false,1,200619
7290106525320,false,שוקולית לאפיה 500 גר,עלית,,שוקולית לאפיה 500 גר,גרמים,500.00,100 גרם,false,,17.50,0.0350,false,1,149405
7290106525368,false,רבע לשבע אין סייד אא,עלית,,רבע לשבע אין סייד אא,גרמים,125.00,100 גרם,false,,12.00,0.0960,true,1,144673
7290106525399,false,קפסולות קפה למכונת נ,,,קפסולות קפה למכונת נ,גרמים,50.00,100 גרם,false,,16.90,0.3380,false,1,192431
7290106525405,false,קפסולות קפה נטול למכ,עלית,,קפסולות קפה נטול למכ,גרמים,50.00,100 גרם,false,,16.90,0.3380,false,1,148567
7290106526822,false,פריכיות עם תחתית שוק,עלית,,פריכיות עם תחתית שוק,גרמים,80.00,100 גרם,false,,7.90,0.0988,true,1,146090
7290106528567,false,דוריטוס גריל 185 גר',עלית,,דוריטוס גריל 185 גר',גרמים,185.00,100 גרם,false,,7.50,0.0405,true,1,191852
7290106528628,false,דוריטוס 185 גר' DiPP,עלית,,דוריטוס 185 גר' DiPP,גרמים,185.00,100 גרם,false,,7.50,0.0405,true,1,192182
7290106528949,false,לקט ערוגות 450 גר,שטראוס,,לקט ערוגות 450 גר,גרמים,450.00,100 גרם,false,,11.90,0.0264,true,1,147676
7290106571921,false,עוגיות פיטנס חמוציות,נסטלה,,עוגיות פיטנס חמוציות,גרמים,180.00,100 גרם,false,,11.50,0.0639,true,1,147583
7290106572027,false,לחמית חמישה דגנים,אסם,,לחמית חמישה דגנים,גרמים,190.00,100 גרם,false,,8.70,0.0458,true,1,140267
7290106572065,false,חטיפי טורטיה חמוץ מת,אסם,,חטיפי טורטיה חמוץ מת,גרמים,60.00,100 גרם,false,,7.70,0.1283,false,1,140280
7290106572997,false,קמח שמרים לפיצה,אסם,,קמח שמרים לפיצה,קילוגרמים,1.00,"ק""ג",false,,10.90,10.9000,false,1,141480
7290106573024,false,סירופ עסיס דיאט אננס,עסיס,,סירופ עסיס דיאט אננס,ליטרים,1.00,ליטר,false,,17.90,17.9000,false,1,185917
7290106573277,false,קריספי טאפאס זיתים,,,קריספי טאפאס זיתים,גרמים,150.00,100 גרם,false,,11.70,0.0780,true,1,145108
7290106573314,false,קריספי טאפאס כפרי,אסם,,קריספי טאפאס כפרי,גרמים,150.00,100 גרם,false,,11.70,0.0780,true,1,145110
7290106573598,false,חומוס לבנוני 400 גר,צבר,,חומוס לבנוני 400 גר,גרמים,400.00,100 גרם,false,,12.00,0.0300,true,1,142440
7290106573628,false,חומוס עם טחינה 400 ג,צבר,,חומוס עם טחינה 400 ג,גרמים,400.00,100 גרם,false,,12.00,0.0300,true,1,142441
7290106574953,false,בייגלה שטוחים שומשום,אסם,,בייגלה שטוחים שומשום,גרמים,300.00,100 גרם,false,,11.90,0.0397,true,1,143995
7290106574977,false,בייגלה שטוחים עם מלח,אסם,,בייגלה שטוחים עם מלח,גרמים,300.00,100 גרם,false,,11.90,0.0397,true,1,143996
7290106575011,false,פתיתים אפויים קוסקוס,אסם,,פתיתים אפויים קוסקוס,גרמים,400.00,100 גרם,false,,6.90,0.0173,false,1,144161
7290106575257,false,עוגת סופלה שוקולד,אסם,,עוגת סופלה שוקולד,גרמים,340.00,100 גרם,false,,13.90,0.0409,false,1,144961
7290106575332,false,פתיתים אפויים פלוס ב,אסם,,פתיתים אפויים פלוס ב,גרמים,400.00,100 גרם,false,,7.50,0.0188,false,1,144163
7290106575431,false,עוגת סופלה בטעם שוקו,,,עוגת סופלה בטעם שוקו,גרמים,340.00,100 גרם,false,,13.90,0.0409,false,1,144962
7290106576513,false,חומוס 400 גר צבר,צבר,,חומוס 400 גר צבר,גרמים,400.00,100 גרם,false,,9.90,0.0248,true,1,146277
7290106576537,false,חומוס מסעדות 700 ג',צבר,,חומוס מסעדות 700 ג',גרמים,700.00,100 גרם,false,,10.90,0.0156,false,1,144364
7290106576834,false,לה קרמריה פונטש בננה,לה קרמריה- נסטלה,,לה קרמריה פונטש בננה,ליטרים,1.40,ליטר,false,,22.90,16.3571,false,1,146064
7290106576858,false,לה קרמריה תותים בשמנ,לה קרמריה- נסטלה,,לה קרמריה תותים בשמנ,ליטרים,1.40,ליטר,false,,22.90,16.3571,false,1,146065
7290106576919,false,לה קרמריה סורבה תות,לה קרמריה- נסטלה,,לה קרמריה סורבה תות,ליטרים,1.40,ליטר,false,,22.90,16.3571,false,1,146067
7290106576971,false,לה קרמריה שוקולד בלג,לה קרמריה- נסטלה,,לה קרמריה שוקולד בלג,ליטרים,1.40,ליטר,false,,22.90,16.3571,false,1,146070
7290106576995,false,לה קרמריה לייט סורבה,לה קרמריה- נסטלה,,לה קרמריה לייט סורבה,ליטרים,1.40,ליטר,false,,22.90,16.3571,false,1,146071
7290106577039,false,לה קרמריה שוקו וניל,לה קרמריה- נסטלה,,לה קרמריה שוקו וניל,ליטרים,1.40,ליטר,false,,22.90,16.3571,false,1,146072
7290106577282,false,טחינה צבר 400 גר,צבר,,טחינה צבר 400 גר,גרמים,400.00,100 גרם,false,,11.90,0.0298,true,1,144826
7290106577541,false,כרוב אדום צבר 400 גר,צבר,,כרוב אדום צבר 400 גר,גרמים,400.00,100 גרם,false,,11.90,0.0298,true,1,144832
7290106577572,false,מטבוחה צבר 400 גר,צבר,,מטבוחה צבר 400 גר,גרמים,400.00,100 גרם,false,,11.90,0.0298,true,1,144903
7290106578692,false,ביסלי -במבה מיקס 80,,,ביסלי -במבה מיקס 80,יחידה,0.00,יחידה,false,,4.90,0.0000,false,1,147567
7290106578821,false,עוגת שמרים שוקולד קל,אסם,,עוגת שמרים שוקולד קל,גרמים,350.00,100 גרם,false,,18.00,0.0514,false,1,146758
7290106652996,false,כיף כף מקלות קוקוס,עלית,,כיף כף מקלות קוקוס,גרמים,40.00,100 גרם,false,,5.20,0.1300,true,1,249668
7290106653689,false,לקט אסיאתי 350 גר,,,לקט אסיאתי 350 גר,גרמים,350.00,100 גרם,false,,10.90,0.0311,true,1,196568
7290106654099,false,מארז מילקי CAKE שמינ,,,מארז מילקי CAKE שמינ,גרמים,272.00,100 גרם,false,,19.90,0.0732,true,1,190343
7290106662025,false,תפוצ'יפס 50 גר' מלח,עלית,,תפוצ'יפס 50 גר' מלח,גרמים,50.00,100 גרם,false,,3.90,0.0780,false,1,187605
7290106663091,false,לאבנה טבעי 9% שטראוס,,,לאבנה טבעי 9% שטראוס,גרמים,500.00,100 גרם,false,,17.90,0.0358,true,1,189419
7290106663183,false,צ'יטוס גבינה 65 גר',עלית,,צ'יטוס גבינה 65 גר',גרמים,65.00,100 גרם,false,,3.50,0.0538,true,1,197358
7290106663503,false,קונפיטורה לייט תות,יד מרדכי,,קונפיטורה לייט תות,גרמים,230.00,100 גרם,false,,12.90,0.0561,true,1,150142
7290106663558,false,רוטב טריאקי,יד מרדכי,,רוטב טריאקי,מיליליטרים,320.00,"100 מ""ל",false,,13.90,0.0434,true,1,187008
7290106664067,false,לאבנה עם שמן זית וזע,,,לאבנה עם שמן זית וזע,גרמים,400.00,100 גרם,false,,14.50,0.0363,true,1,189560
7290106664555,false,רוטב שמנת עגבניות 9%,,,רוטב שמנת עגבניות 9%,גרמים,250.00,100 גרם,false,,10.50,0.0420,true,1,189162
7290106664562,false,רוטב שמנת פטריות 9%,יטבתה,,רוטב שמנת פטריות 9%,גרמים,250.00,100 גרם,false,,10.50,0.0420,true,1,185613
7290106666788,false,סוכריות דבש עלית,עלית,,סוכריות דבש עלית,גרמים,80.00,100 גרם,false,,5.50,0.0688,true,1,186537
7290106667266,false,דוריטוס חמוץ חריף 18,עלית,,דוריטוס חמוץ חריף 18,גרמים,185.00,100 גרם,false,,7.50,0.0405,true,1,192184
7290106668577,false,מיץ לימון טבעי 250 מ,יד מרדכי,,מיץ לימון טבעי 250 מ,מיליליטרים,250.00,"100 מ""ל",false,,8.50,0.0340,true,1,187268
7290106668713,false,דנונה פירות יער 3%,שטראוס דנונה,,דנונה פירות יער 3%,גרמים,150.00,100 גרם,false,,3.60,0.0240,true,1,187483
7290106669857,false,קפסולות קפה עלית בטע,,,קפסולות קפה עלית בטע,גרמים,50.00,100 גרם,false,,16.90,0.3380,false,1,197163
7290106721807,false,חציל פיקנטי אחלה 400,,,חציל פיקנטי אחלה 400,גרמים,400.00,100 גרם,false,,10.90,0.0273,true,1,190891
7290106721913,false,מאסט צנצנת פפרמינט צ,עלית,,מאסט צנצנת פפרמינט צ,גרמים,66.00,100 גרם,false,,9.90,0.1500,true,1,187000
7290106721920,false,מאסט צנצנת ספירמנט צ,עלית,,מאסט צנצנת ספירמנט צ,גרמים,66.00,100 גרם,false,,9.90,0.1500,true,1,187001
7290106723689,false,עלי תרד בייבי - שטרא,שטראוס,,עלי תרד בייבי - שטרא,גרמים,200.00,100 גרם,false,,10.90,0.0545,true,1,150150
7290106725874,false,סירופ מייפל טבעי 236,,,סירופ מייפל טבעי 236,מיליליטרים,236.00,"100 מ""ל",false,,39.90,0.1691,true,1,189489
7290106726178,false,דנונה פרו פירות יער,,,דנונה פרו פירות יער,גרמים,150.00,100 גרם,false,,4.50,0.0300,true,1,189424
7290106727984,false,כיף כף פצפצים בגביע,,,כיף כף פצפצים בגביע,גרמים,135.00,100 גרם,false,,10.90,0.0807,true,1,193626
7290106729650,false,מארז דנונה שמיניה תו,,,מארז דנונה שמיניה תו,גרמים,1200.00,100 גרם,false,,23.90,0.0199,true,1,191553
7290106770577,false,ממרח חלבה 350 גרם,,,ממרח חלבה 350 גרם,גרמים,350.00,100 גרם,false,,11.90,0.0340,true,1,215604
7290106772472,false,ממרח BELGA,,,ממרח BELGA,גרמים,350.00,100 גרם,false,,11.90,0.0340,true,1,210969
7290106774018,false,אבקת קקאו 400 גר',,,אבקת קקאו 400 גר',גרמים,400.00,100 גרם,false,,29.90,0.0747,true,1,212756
7290106774087,false,דובדבן אמרנה,,,דובדבן אמרנה,גרמים,350.00,100 גרם,false,,32.90,0.0940,true,1,212761
7290106774292,false,שוקולד מריר 70%,,,שוקולד מריר 70%,גרמים,500.00,100 גרם,false,,39.90,0.0798,true,1,212781
7290106774308,false,שוקולד חלב,,,שוקולד חלב,גרמים,500.00,100 גרם,false,,35.90,0.0718,true,1,212782
7290106774315,false,שוקולד לבן,,,שוקולד לבן,גרמים,500.00,100 גרם,false,,35.90,0.0718,true,1,212783
7290106774339,false,שוקולד ציפס מריר,,,שוקולד ציפס מריר,גרמים,500.00,100 גרם,false,,31.90,0.0638,true,1,212785
7290106775053,false,מחית נוגט פרווה,,,מחית נוגט פרווה,גרמים,400.00,100 גרם,false,,24.90,0.0622,true,1,212788
7290106775091,false,מחית פיסטוק 200 ג',,,מחית פיסטוק 200 ג',גרמים,200.00,100 גרם,false,,32.90,0.1645,true,1,262080
7290107280013,false,מגבונים ליטופים חמיש,ליטופים,,מגבונים ליטופים חמיש,יחידה,0.00,יחידה,false,,18.90,0.0000,false,1,144146
7290107280020,false,מטליות לחות שלישייה,סנו סושי,,מטליות לחות שלישייה,יחידה,0.00,יחידה,false,,19.90,0.0000,false,1,143452
7290107280037,false,מטליות לחות בודדים,,,מטליות לחות בודדים,יחידה,0.00,יחידה,false,,9.90,0.0000,false,1,143930
7290107280068,false,תבניות אלומיניום 2 י,סנו סושי,,תבניות אלומיניום 2 י,יחידה,0.00,יחידה,false,,9.90,0.0000,true,1,151836
7290107280075,false,תבניות אלומיניום,סנו סושי,,תבניות אלומיניום,יחידה,0.00,יחידה,false,,9.90,0.0000,true,1,169228
7290107280082,false,תבניות אינגליש אלומי,סנו סושי,,תבניות אינגליש אלומי,יחידה,0.00,יחידה,false,,9.90,0.0000,true,1,151837
7290107280099,false,מגבונים נשטפים באסלה,סנו סופט,,מגבונים נשטפים באסלה,יחידה,0.00,יחידה,false,,15.90,0.0000,true,1,149158
7290107280129,false,סנו סושי 20 שקיות אש,סנו סושי,,סנו סושי 20 שקיות אש,יחידה,0.00,יחידה,false,,22.90,0.0000,true,1,151838
7290107280341,false,ריצפז מטליות לחות לנ,סנו ריצפז,,ריצפז מטליות לחות לנ,יחידה,0.00,יחידה,false,,12.90,0.0000,true,1,210490
7290107280563,false,סנו אוקסיג'ן בייבי 3,סנו אוקסיג'ן,,סנו אוקסיג'ן בייבי 3,ליטרים,3.00,ליטר,false,,31.90,10.6333,true,1,150054
7290107280570,false,ג'ל כביסה מקסימה מיק,סנו מקסימה,,ג'ל כביסה מקסימה מיק,ליטרים,3.00,ליטר,false,,31.90,10.6333,true,1,150815
7290107280587,false,סנובון דאבל אקשן שלי,סנו סנובון,,סנובון דאבל אקשן שלי,גרמים,165.00,100 גרם,false,,11.90,0.0721,true,1,189472
7290107280600,false,ספארק 100 טבליות למד,סנו,,ספארק 100 טבליות למד,יחידה,0.00,יחידה,false,,49.90,0.0000,true,1,201469
7290107280655,false,אבקת כביסה סנו מקסימ,סנו מקסימה,,אבקת כביסה סנו מקסימ,קילוגרמים,3.25,"ק""ג",false,,29.90,9.2000,true,1,151839
7290107280709,false,סנו ספארק נוזל הברקה,סנו,,סנו ספארק נוזל הברקה,מיליליטרים,900.00,"100 מ""ל",false,,14.90,0.0166,true,1,186438
7290107280716,false,סנו ספארק מלח למדיח,סנו,,סנו ספארק מלח למדיח,קילוגרמים,2.00,"ק""ג",false,,12.90,6.4500,true,1,186439
7290107280723,false,סנו ספארק נוזל כלים,סנו,,סנו ספארק נוזל כלים,מיליליטרים,700.00,"100 מ""ל",false,,9.90,0.0141,true,1,150629
7290107280730,false,סנו ספארק נוזל כלים,סנו,,סנו ספארק נוזל כלים,מיליליטרים,700.00,"100 מ""ל",false,,9.90,0.0141,true,1,150816
7290107280747,false,סנו ספארק נוזל לניקו,סנו,,סנו ספארק נוזל לניקו,מיליליטרים,700.00,"100 מ""ל",false,,9.90,0.0141,true,1,150630
7290107280754,false,סנו ספארק נוזל כלים,סנו,,סנו ספארק נוזל כלים,מיליליטרים,700.00,"100 מ""ל",false,,9.90,0.0141,true,1,150817
7290107280761,false,סנו ספארק נוזל כלים,סנו,,סנו ספארק נוזל כלים,ליטרים,1.00,ליטר,false,,11.90,11.9000,true,1,182286
7290107602099,false,כובע סרוג,,,כובע סרוג,יחידה,0.00,יחידה,false,,16.90,0.0000,true,1,194615
7290107644488,false,בייגלה שמיניות מלח 2,בייגל בייגל,,בייגלה שמיניות מלח 2,גרמים,255.00,100 גרם,false,,6.50,0.0255,true,1,201638
7290107645584,false,קנור מרק עוף אמיתי ר,קנור,,קנור מרק עוף אמיתי ר,גרמים,400.00,100 גרם,false,,19.90,0.0497,false,1,209628
7290107645591,false,קנור מרק טעם עוף רכי,קנור,,קנור מרק טעם עוף רכי,גרמים,400.00,100 גרם,false,,14.90,0.0373,false,1,203461
7290107646062,false,מרק קנור בצל רכיבים,קנור,,מרק קנור בצל רכיבים,גרמים,400.00,100 גרם,false,,19.90,0.0497,false,1,204032
7290107646147,false,חטיפי שוגי קורנפלקס,תלמה,,חטיפי שוגי קורנפלקס,גרמים,156.00,100 גרם,false,,12.90,0.0827,false,1,199400
7290107646154,false,חטיפי קוקומן פצפוצים,תלמה,,חטיפי קוקומן פצפוצים,גרמים,126.00,100 גרם,false,,12.90,0.1024,false,1,199401
7290107646383,false,סיף מטליות לחות לניק,סיף פנטסטיק,,סיף מטליות לחות לניק,יחידה,0.00,יחידה,false,,12.90,0.0000,true,1,198009
7290107646826,false,מאגדת חטיפי שוגי שוק,תלמה,,מאגדת חטיפי שוגי שוק,גרמים,138.00,100 גרם,false,,12.90,0.0935,false,1,201816
7290107646833,false,מאגדת חטיפי שוגי פצפ,תלמה,,מאגדת חטיפי שוגי פצפ,גרמים,138.00,100 גרם,false,,12.90,0.0935,false,1,201814
7290107646918,false,קנור רוטב שקשוקה 415,קנור,,קנור רוטב שקשוקה 415,גרמים,415.00,100 גרם,false,,11.90,0.0287,true,1,199632
7290107646925,false,ברנפלקס אקסטרה פייבר,תלמה,,ברנפלקס אקסטרה פייבר,גרמים,410.00,100 גרם,false,,21.90,0.0534,false,1,199945
7290107646963,false,תלמה ספייסי מיו 250,תלמה,,תלמה ספייסי מיו 250,גרמים,250.00,100 גרם,false,,8.90,0.0356,true,1,263195
7290107646970,false,תלמה איולי שום 250 ג,תלמה,,תלמה איולי שום 250 ג,גרמים,250.00,100 גרם,false,,8.90,0.0356,true,1,263196
7290107647359,false,דומסטוס סבון אסלה או,,,דומסטוס סבון אסלה או,גרמים,165.00,100 גרם,false,,14.90,0.0903,true,1,201083
7290107647366,false,דומסטוס סבון אסלה לי,,,דומסטוס סבון אסלה לי,גרמים,165.00,100 גרם,false,,14.90,0.0903,true,1,201084
7290107647656,false,מאגדת מיני סולרו קוק,,,מאגדת מיני סולרו קוק,גרמים,245.00,100 גרם,false,,25.90,0.1057,true,1,206454
7290107647731,false,קוקומן חום לבן 375 ג,תלמה,,קוקומן חום לבן 375 ג,גרמים,375.00,100 גרם,false,,19.90,0.0531,false,1,199693
7290107647823,false,"ברנפלקס בד""צ 500 גר'",תלמה,,"ברנפלקס בד""צ 500 גר'",גרמים,500.00,100 גרם,false,,19.90,0.0398,false,1,200112
7290107647854,false,שוגי 500 גר',תלמה,,שוגי 500 גר',גרמים,500.00,100 גרם,false,,19.90,0.0398,false,1,199475
7290107648974,false,קנור רוטב לפסטה בזיל,קנור,,קנור רוטב לפסטה בזיל,גרמים,415.00,100 גרם,false,,11.90,0.0287,true,1,204588
7290107648981,false,קנור רוטב פומודורו ל,קנור,,קנור רוטב פומודורו ל,גרמים,415.00,100 גרם,false,,11.90,0.0287,true,1,201737
7290107649100,false,טבעות שומשום 300 גר',בייגל בייגל,,טבעות שומשום 300 גר',גרמים,300.00,100 גרם,false,,8.90,0.0297,true,1,204807
7290107649605,false,קליק קורנפלקס חלב טב,קליק,,קליק קורנפלקס חלב טב,גרמים,85.00,100 גרם,false,,7.00,0.0824,false,1,202591
7290107649728,false,גלידה משפחתית 2 ליטר,,,גלידה משפחתית 2 ליטר,גרמים,1204.00,100 גרם,false,,26.90,0.0223,true,1,205790
7290107649735,false,גלידה משפחתית 2 ליטר,,,גלידה משפחתית 2 ליטר,גרמים,1204.00,100 גרם,false,,26.90,0.0223,true,1,205791
7290107649780,false,שוקובו שוקו,,,שוקובו שוקו,גרמים,85.00,100 גרם,false,,8.90,0.1047,true,1,205801
7290107871297,false,פריכונים מיני עשבי ת,אסם,,פריכונים מיני עשבי ת,גרמים,25.00,100 גרם,false,,4.20,0.1680,false,1,185495
7290107871532,false,מאגדת קרחונים דובדבן,נסטלה גלידות,,מאגדת קרחונים דובדבן,גרמים,750.00,100 גרם,false,,16.50,0.0220,true,1,185450
7290107871990,false,פסטה צינורות 500 גר,,,פסטה צינורות 500 גר,גרמים,500.00,100 גרם,false,,5.90,0.0118,false,1,149055
7290107874427,false,פריכונים מיני זעתר 2,אסם,,פריכונים מיני זעתר 2,גרמים,25.00,100 גרם,false,,4.20,0.1680,false,1,185589
7290107874441,false,פריכונים מיני בצל מק,אסם,,פריכונים מיני בצל מק,גרמים,25.00,100 גרם,false,,4.20,0.1680,false,1,185496
7290107874502,false,מארז ביסלי גריל,,,מארז ביסלי גריל,גרמים,220.00,100 גרם,false,,11.90,0.0541,false,1,192680
7290107875271,false,מארז ביסלי ברבקיו,,,מארז ביסלי ברבקיו,גרמים,220.00,100 גרם,false,,11.90,0.0541,false,1,192803
7290107875400,false,לה קרמריה מוקה פיסטו,לה קרמריה- נסטלה,,לה קרמריה מוקה פיסטו,ליטרים,1.40,ליטר,false,,22.90,16.3571,false,1,150658
7290107875820,false,קרוטונים אפויים בתיב,אסם,,קרוטונים אפויים בתיב,גרמים,180.00,100 גרם,false,,11.90,0.0661,true,1,185459
7290107877619,false,מארז במבה נוגט 5*30,,,מארז במבה נוגט 5*30,גרמים,150.00,100 גרם,false,,13.50,0.0900,true,1,196318
7290107879132,false,פיטנס מיני פריכיות,,,פיטנס מיני פריכיות,גרמים,22.00,100 גרם,false,,4.90,0.2227,true,1,195427
7290107879569,false,מאגדת שלגונים לה פרו,נסטלה גלידות,,מאגדת שלגונים לה פרו,גרמים,350.00,100 גרם,false,,23.90,0.0683,true,1,191387
7290107930321,false,קונפיטורה דבדבן יד מ,יד מרדכי,,קונפיטורה דבדבן יד מ,גרמים,340.00,100 גרם,false,,13.50,0.0397,true,1,188827
7290107931397,false,כיף כף פיצפצים,,,כיף כף פיצפצים,גרמים,40.00,100 גרם,false,,5.20,0.1300,true,1,191868
7290107932080,false,חלב בקבוק 3% מועשר,יטבתה,,חלב בקבוק 3% מועשר,ליטרים,1.00,ליטר,false,,7.50,7.5000,false,1,189397
7290107932134,false,חלב בקבוק 1% מועשר,יטבתה,,חלב בקבוק 1% מועשר,ליטרים,1.00,ליטר,false,,7.50,7.5000,false,1,189399
7290107933155,false,לקט סלנובה 200 גר,,,לקט סלנובה 200 גר,גרמים,200.00,100 גרם,false,,12.90,0.0645,true,1,190504
7290107933193,false,סלק מבושל 500 גר שטר,,,סלק מבושל 500 גר שטר,גרמים,500.00,100 גרם,false,,7.90,0.0158,true,1,190084
7290107934473,false,אקטיביה שמיניה 1.5%,,,אקטיביה שמיניה 1.5%,גרמים,1200.00,100 גרם,false,,19.90,0.0166,true,1,188934
7290107936309,false,דנונה יווני לבן 7%,,,דנונה יווני לבן 7%,גרמים,130.00,100 גרם,false,,3.40,0.0262,true,1,194797
7290107936965,false,עד חצות עיגולים,,,עד חצות עיגולים,גרמים,225.00,100 גרם,false,,13.90,0.0618,true,1,199828
7290107937542,false,משקה אקטיביה תות,,,משקה אקטיביה תות,גרמים,265.00,100 גרם,false,,4.90,0.0185,true,1,192473
7290107937627,false,מסטיק מאסט קוביות ספ,,,מסטיק מאסט קוביות ספ,גרמים,58.00,100 גרם,false,,9.90,0.1707,true,1,194779
7290107937634,false,מסטיק מאסט קוביות צנ,,,מסטיק מאסט קוביות צנ,גרמים,58.00,100 גרם,false,,9.90,0.1707,true,1,194780
7290107937641,false,צנצנת בזוקה קוביות,,,צנצנת בזוקה קוביות,גרמים,58.00,100 גרם,false,,9.90,0.1707,true,1,194781
7290107937856,false,קפסולות קפה למכונות,,,קפסולות קפה למכונות,גרמים,50.00,100 גרם,false,,16.90,0.3380,false,1,194389
7290107938396,false,אקטימל תות שמיניה,,,אקטימל תות שמיניה,גרמים,864.00,100 גרם,false,,21.10,0.0244,true,1,193238
7290107939027,false,גזר חתוך דק דק 250 ג,,,גזר חתוך דק דק 250 ג,גרמים,250.00,100 גרם,false,,6.90,0.0276,true,1,194895
7290107940030,false,חומוס אחלה 650 גר,,,חומוס אחלה 650 גר,גרמים,650.00,100 גרם,false,,8.90,0.0137,false,1,202324
7290107940467,false,אקטיביה 200 גר 1.5%,,,אקטיביה 200 גר 1.5%,גרמים,200.00,100 גרם,false,,3.80,0.0190,true,1,193247
7290107941259,false,עדשים ירוקות מבושלות,,,עדשים ירוקות מבושלות,גרמים,475.00,100 גרם,false,,11.90,0.0251,true,1,195652
7290107941266,false,שעועית אדומה מבושלת,,,שעועית אדומה מבושלת,גרמים,475.00,100 גרם,false,,13.90,0.0293,true,1,195653
7290107941273,false,חומוס מבושל -שטראוס,,,חומוס מבושל -שטראוס,גרמים,475.00,100 גרם,false,,11.90,0.0251,true,1,195654
7290107942355,false,תפוצ'יפס מקלות בטעם,עלית,,תפוצ'יפס מקלות בטעם,גרמים,60.00,100 גרם,false,,3.90,0.0650,false,1,195305
7290107943192,false,שמנת חמוצה מהערבה 27,,,שמנת חמוצה מהערבה 27,גרמים,390.00,100 גרם,false,,4.00,0.0103,false,1,199826
7290107943369,false,קוואקר שיבולת שועל ל,קוואקר,,קוואקר שיבולת שועל ל,גרמים,511.00,100 גרם,false,,17.90,0.0350,true,1,199203
7290107944243,false,אפיפית עלית 200 גר,,,אפיפית עלית 200 גר,גרמים,200.00,100 גרם,false,,7.90,0.0395,true,1,199071
7290107944472,false,סימפוניה שום שמיר 5%,,,סימפוניה שום שמיר 5%,גרמים,200.00,100 גרם,false,,11.20,0.0560,true,1,195315
7290107945165,false,קונפיטורה משמש יד מר,,,קונפיטורה משמש יד מר,גרמים,340.00,100 גרם,false,,13.50,0.0397,true,1,196624
7290107950190,false,מעדן שטראוס דיאט שוק,,,מעדן שטראוס דיאט שוק,גרמים,130.00,100 גרם,false,,3.30,0.0254,true,1,194820
7290107950206,false,מעדן שטראוס דיאט שוק,,,מעדן שטראוס דיאט שוק,גרמים,130.00,100 גרם,false,,3.30,0.0254,true,1,194821
7290107951104,false,בפלות שוקולד 200 גר,,,בפלות שוקולד 200 גר,גרמים,200.00,100 גרם,false,,4.30,0.0215,true,1,195297
7290107951111,false,בפלות לימון 200 גר,,,בפלות לימון 200 גר,גרמים,200.00,100 גרם,false,,4.30,0.0215,true,1,195298
7290107951715,false,צנצנת מסטיק מאסט קוב,,,צנצנת מסטיק מאסט קוב,גרמים,58.00,100 גרם,false,,9.90,0.1707,true,1,196585
7290107953559,false,מארז קפה טורקי לדרך,,,מארז קפה טורקי לדרך,גרמים,168.00,100 גרם,false,,19.90,0.1185,false,1,196028
7290107954709,false,קונפיטורה פירות יער,,,קונפיטורה פירות יער,גרמים,340.00,100 גרם,false,,13.50,0.0397,true,1,197950
7290107954976,false,משקה יטבתה פרו קפה 3,,,משקה יטבתה פרו קפה 3,מיליליטרים,350.00,"100 מ""ל",false,,6.30,0.0180,true,1,198332
7290107956543,false,דבש יד מרדכי 900 גר,,,דבש יד מרדכי 900 גר,גרמים,900.00,100 גרם,false,,39.90,0.0443,false,1,202804
7290107956642,false,"תרסיס שמן זית 150 מ""",,,"תרסיס שמן זית 150 מ""",מיליליטרים,150.00,"100 מ""ל",false,,17.90,0.1193,true,1,201545
7290107956895,false,קפסולות אספרסו בטעם,,,קפסולות אספרסו בטעם,גרמים,50.00,100 גרם,false,,16.90,0.3380,true,1,201836
7290107956901,false,קפסולות אספרסו בטעם,,,קפסולות אספרסו בטעם,גרמים,150.00,100 גרם,false,,16.90,0.1127,true,1,200100
7290107956925,false,קפסולות קפה אוגנדה 1,,,קפסולות קפה אוגנדה 1,גרמים,50.00,100 גרם,false,,16.90,0.3380,false,1,204217
7290107956932,false,קפסולות קפה עלית אינ,,,קפסולות קפה עלית אינ,גרמים,100.00,100 גרם,false,,16.90,0.1690,false,1,199690
7290107957069,false,צנצנת מסטיק עלמה אוכ,,,צנצנת מסטיק עלמה אוכ,גרמים,66.00,100 גרם,false,,9.90,0.1500,true,1,199685
7290107957076,false,צנצנת מסטיק עלמה בטע,,,צנצנת מסטיק עלמה בטע,גרמים,66.00,100 גרם,false,,9.90,0.1500,true,1,199686
7290107957229,false,נטיפי שוקולד צ'יפס מ,,,נטיפי שוקולד צ'יפס מ,גרמים,250.00,100 גרם,false,,11.90,0.0476,true,1,201776
7290107957991,false,מילקי קייק מיניס,,,מילקי קייק מיניס,גרמים,144.00,100 גרם,false,,13.90,0.0965,true,1,203486
7290107958035,false,מארז דנונה מתיקות מע,,,מארז דנונה מתיקות מע,גרמים,960.00,100 גרם,false,,18.50,0.0193,true,1,200026
7290107971744,false,קולגייט מי פה טוטל י,,,קולגייט מי פה טוטל י,מיליליטרים,500.00,"100 מ""ל",false,,29.90,0.0598,true,1,192341
7290107973014,false,פלמוליב סבון ידיים ח,,,פלמוליב סבון ידיים ח,מיליליטרים,300.00,"100 מ""ל",false,,10.90,0.0363,true,1,193149
7290107973038,false,פלמוליב סבון ידיים א,,,פלמוליב סבון ידיים א,מיליליטרים,300.00,"100 מ""ל",false,,10.90,0.0363,true,1,193151
7290107973311,false,זוג מברשות קולגייט 3,,,זוג מברשות קולגייט 3,יחידה,0.00,יחידה,false,,24.90,0.0000,true,1,192343
7290107973793,false,מנה עגבניות שלמות 40,,,מנה עגבניות שלמות 40,גרמים,400.00,100 גרם,false,,6.00,0.0150,true,1,194246
7290107973809,false,מנה קוביות עגבניות 4,,,מנה קוביות עגבניות 4,גרמים,400.00,100 גרם,false,,6.00,0.0150,true,1,194247
7290107973861,false,עגבניות קצוצות שלישי,,,עגבניות קצוצות שלישי,גרמים,1200.00,100 גרם,false,,15.90,0.0133,true,1,193830
7290107974066,false,עלי טורטיה קמח מלא 2,,,עלי טורטיה קמח מלא 2,גרמים,320.00,100 גרם,false,,9.90,0.0309,true,1,192799
7290107974073,false,עלי טורטיה קמח לבן 2,,,עלי טורטיה קמח לבן 2,גרמים,320.00,100 גרם,false,,9.90,0.0309,true,1,192800
7290107974080,false,עלי טורטיה קמח לבן 2,,,עלי טורטיה קמח לבן 2,גרמים,840.00,100 גרם,false,,16.90,0.0201,true,1,192801
7290107974301,false,ליידי ספיד סטיק אלוו,,,ליידי ספיד סטיק אלוו,יחידה,0.00,יחידה,false,,19.90,0.0000,true,1,197613
7290107974646,false,מי פה מרידול נשימה ר,,,מי פה מרידול נשימה ר,מיליליטרים,400.00,"100 מ""ל",false,,29.90,0.0747,true,1,194401
7290107974806,false,אורז בסמטי מנה 1 קג,,,אורז בסמטי מנה 1 קג,קילוגרמים,1.00,"100 ק""ג",false,,11.90,11.9000,true,1,196473
7290107974813,false,אורז יסמין 1 קג מנה,,,אורז יסמין 1 קג מנה,קילוגרמים,1.00,"ק""ג",false,,10.90,10.9000,true,1,195903
7290107974820,false,ממרח מתובל ספייסי,,,ממרח מתובל ספייסי,גרמים,250.00,100 גרם,false,,7.90,0.0316,true,1,195136
7290107974837,false,ממרח מתובל שום מנה,,,ממרח מתובל שום מנה,גרמים,250.00,100 גרם,false,,7.90,0.0316,true,1,195137
7290107975360,false,ליידי ספיד סטיק ג'ל,,,ליידי ספיד סטיק ג'ל,יחידה,0.00,יחידה,false,,19.90,0.0000,true,1,198003
7290107975544,false,קולגייט סמיילס ברבי,,,קולגייט סמיילס ברבי,מיליליטרים,50.00,"100 מ""ל",false,,10.90,0.2180,true,1,197346
7290107976589,false,קולגייט מי פה אופטיק,,,קולגייט מי פה אופטיק,מיליליטרים,250.00,"100 מ""ל",false,,13.90,0.0556,true,1,259905
7290107976848,false,פלמוליב סבון מוצק קמ,,,פלמוליב סבון מוצק קמ,גרמים,360.00,100 גרם,false,,17.00,0.0472,true,1,201934
7290107976916,false,פלמוליב סבון ידיים ח,,,פלמוליב סבון ידיים ח,מיליליטרים,30.00,"100 מ""ל",false,,10.90,0.3633,true,1,198496
7290107977456,false,פלמוליב לגבר ג'ל רחצ,,,פלמוליב לגבר ג'ל רחצ,מיליליטרים,750.00,"100 מ""ל",false,,19.90,0.0265,true,1,209353
7290107977753,false,מרידול משחת שיניים פ,,,מרידול משחת שיניים פ,מיליליטרים,75.00,"100 מ""ל",false,,24.90,0.3320,true,1,199859
7290107978101,false,קולגייט אופטיק וייט,,,קולגייט אופטיק וייט,מיליליטרים,75.00,"100 מ""ל",false,,25.90,0.3453,true,1,201933
7290107978323,false,איטריות דקיקות מאסטר,,,איטריות דקיקות מאסטר,גרמים,400.00,100 גרם,false,,5.90,0.0148,true,1,198250
7290107978330,false,איטריות דקות מאסטר ש,,,איטריות דקות מאסטר ש,גרמים,400.00,100 גרם,false,,5.90,0.0148,true,1,198251
7290107978347,false,איטריות בינוניות מאס,,,איטריות בינוניות מאס,גרמים,400.00,100 גרם,false,,5.90,0.0148,true,1,198252
7290107978453,false,קראנצוס גריל 70 גרם,,,קראנצוס גריל 70 גרם,יחידה,0.00,יחידה,false,,3.90,0.0000,true,1,199096
7290107978460,false,קראנצוס פלאפל 70 גרם,,,קראנצוס פלאפל 70 גרם,יחידה,0.00,יחידה,false,,3.90,0.0000,true,1,199097
7290107978637,false,מרידול משחת שיניים,,,מרידול משחת שיניים,מיליליטרים,75.00,"100 מ""ל",false,,19.90,0.2653,true,1,197675
7290107979191,false,תבנית אלומיניום קוקי,,,תבנית אלומיניום קוקי,יחידה,0.00,יחידה,false,,9.90,0.0000,true,1,198717
7290108070316,false,בלונים איכותיים 50'ח,,,בלונים איכותיים 50'ח,יחידה,0.00,יחידה,false,,10.90,0.0000,true,1,194170
7290108074895,false,נרות ג'מבו כוכבים פר,,,נרות ג'מבו כוכבים פר,יחידה,0.00,יחידה,false,,6.40,0.0000,true,1,192773
7290108079357,false,מארז בלונים על מקל ל,,,מארז בלונים על מקל ל,יחידה,0.00,יחידה,false,,20.00,0.0000,true,1,199564
7290108201284,false,אירוויק מקלות לבנדר,איירוויק,,אירוויק מקלות לבנדר,מיליליטרים,30.00,"100 מ""ל",false,,14.90,0.4967,true,1,196896
7290108201437,false,אבקת כביסה קולון 2.5,קולון,,אבקת כביסה קולון 2.5,קילוגרמים,2.50,"ק""ג",false,,19.90,7.9600,true,1,196894
7290108201871,false,קולון קפסולות לכביסה,,,קולון קפסולות לכביסה,יחידה,0.00,יחידה,false,,39.90,0.0000,true,1,202258
7290108350128,false,סנו סושי 40 שקיות אש,סנו סושי,,סנו סושי 40 שקיות אש,יחידה,0.00,יחידה,false,,24.90,0.0000,true,1,151840
7290108350142,false,סנו סושי שקיות רב שי,סנו סושי,,סנו סושי שקיות רב שי,יחידה,0.00,יחידה,false,,13.90,0.0000,true,1,151841
7290108350180,false,סנו סושי מפיות אירוח,סנו סושי,,סנו סושי מפיות אירוח,יחידה,0.00,יחידה,false,,8.90,0.0000,true,1,187096
7290108350203,false,סקוטש+ספוג EXTRA,סנו,,סקוטש+ספוג EXTRA,יחידה,0.00,יחידה,false,,10.00,0.0000,true,1,192855
7290108350210,false,שקיות XL חזקות 30 יח,סנו סושי,,שקיות XL חזקות 30 יח,יחידה,0.00,יחידה,false,,24.90,0.0000,true,1,189261
7290108350531,false,נוזל לכלים ספארק משא,סנו,,נוזל לכלים ספארק משא,ליטרים,1.00,ליטר,false,,11.90,11.9000,true,1,187091
7290108350548,false,נוזל כלים ספארק משאב,סנו,,נוזל כלים ספארק משאב,ליטרים,1.00,ליטר,false,,11.90,11.9000,true,1,187092
7290108350555,false,נוזל כלים ספארק משאב,סנו,,נוזל כלים ספארק משאב,ליטרים,1.00,ליטר,false,,11.90,11.9000,true,1,187093
7290108350586,false,סנו ספארק נוזל כלים,סנו,,סנו ספארק נוזל כלים,ליטרים,1.50,ליטר,false,,14.90,9.9333,true,1,188826
7290108350616,false,מרכך מרוכז מקסימה 1,סנו מקסימה,,מרכך מרוכז מקסימה 1,ליטרים,1.00,ליטר,false,,16.90,16.9000,true,1,193038
7290108350623,false,מרכך מרוכז מקסימה 1,סנו מקסימה,,מרכך מרוכז מקסימה 1,ליטרים,1.00,ליטר,false,,16.90,16.9000,true,1,193039
7290108350685,false,ספארק מנקה למדיח 250,סנו,,ספארק מנקה למדיח 250,מיליליטרים,250.00,"100 מ""ל",false,,12.90,0.0516,true,1,201098
7290108350722,false,משחת שיניים אורביטול,אורביטול,,משחת שיניים אורביטול,גרמים,70.00,100 גרם,false,,9.90,0.1414,true,1,216302
7290108350739,false,משחת שיניים אורביטול,אורביטול,,משחת שיניים אורביטול,גרמים,70.00,100 גרם,false,,9.90,0.1414,true,1,204814
7290108350777,false,אל סבון קידס נקה 7 ש,נקה 7,,אל סבון קידס נקה 7 ש,מיליליטרים,1500.00,"100 מ""ל",false,,18.90,0.0126,true,1,203135
7290108351149,false,סנו ג'ל לניקוי כללי,סנו,,סנו ג'ל לניקוי כללי,ליטרים,1.50,ליטר,false,,13.90,9.2667,true,1,195901
7290108351156,false,סנו ג'ל לניקוי כללי,סנו,,סנו ג'ל לניקוי כללי,ליטרים,1.50,ליטר,false,,13.90,9.2667,true,1,195902
7290108351507,false,מרכך כביסה אינספרישי,,,מרכך כביסה אינספרישי,ליטרים,4.00,ליטר,false,,21.90,5.4750,false,1,195597
7290108351514,false,מרכך כביסה פריחה כחו,,,מרכך כביסה פריחה כחו,ליטרים,4.00,ליטר,false,,21.90,5.4750,false,1,195598
7290108351552,false,סנו ג'ט פלוס לניקוי,סנו,,סנו ג'ט פלוס לניקוי,מיליליטרים,750.00,"100 מ""ל",false,,12.90,0.0172,true,1,200410
7290108351569,false,מקסימה למייבש בייבי,סנו מקסימה,,מקסימה למייבש בייבי,מיליליטרים,750.00,"100 מ""ל",false,,19.90,0.0265,true,1,198169
7290108351590,false,סנו פרש מבשם לבית נט,סנו fresh,,סנו פרש מבשם לבית נט,מיליליטרים,350.00,"100 מ""ל",false,,12.90,0.0369,true,1,198078
7290108351613,false,ריצפז פרש הום מלון 2,סנו ריצפז,,ריצפז פרש הום מלון 2,ליטרים,2.00,ליטר,false,,21.90,10.9500,false,1,197554
7290108351668,false,מטליות לחות לניקוי כ,סנו,,מטליות לחות לניקוי כ,יחידה,0.00,יחידה,false,,9.90,0.0000,true,1,202977
7290108351675,false,ג'ל כביסה 5 ליטר מיק,סנו,,ג'ל כביסה 5 ליטר מיק,ליטרים,5.00,ליטר,false,,44.90,8.9800,true,1,203327
7290108351699,false,מגבונים ג'ט+חומץ מאר,סנו,,מגבונים ג'ט+חומץ מאר,יחידה,0.00,יחידה,false,,19.90,0.0000,true,1,203500
7290108351705,false,פניני בישום לכביסה F,סנו מקסימה,,פניני בישום לכביסה F,גרמים,275.00,100 גרם,false,,29.90,0.1087,true,1,209179
7290108351729,false,נוזל לניקוי אסלות אק,סנו,,נוזל לניקוי אסלות אק,מיליליטרים,750.00,"100 מ""ל",false,,12.90,0.0172,true,1,211910
7290108351736,false,נוזל לניקוי חלונות א,סנו,,נוזל לניקוי חלונות א,מיליליטרים,750.00,"100 מ""ל",false,,12.90,0.0172,true,1,211911
7290108351743,false,נוזל לניקוי כללי אקו,סנו,,נוזל לניקוי כללי אקו,מיליליטרים,750.00,"100 מ""ל",false,,14.90,0.0199,true,1,211907
7290108351774,false,סנו לניקוי וטיפול במ,סנו,,סנו לניקוי וטיפול במ,מיליליטרים,500.00,"100 מ""ל",false,,29.90,0.0598,true,1,204754
7290108351781,false,סנו ג'ט לניקוי אסלות,סנו,,סנו ג'ט לניקוי אסלות,מיליליטרים,750.00,"100 מ""ל",false,,11.90,0.0159,true,1,204755
7290108351804,false,מרכך כביסה מקסימה סו,סנו מקסימה,,מרכך כביסה מקסימה סו,ליטרים,1.00,ליטר,false,,16.90,16.9000,false,1,208398
7290108351811,false,מרכך כביסה מקסימה סו,סנו מקסימה,,מרכך כביסה מקסימה סו,ליטרים,1.00,ליטר,false,,16.90,16.9000,false,1,208399
7290108351835,false,מרכך כביסה סנו מקסימ,סנו מקסימה,,מרכך כביסה סנו מקסימ,ליטרים,4.00,ליטר,false,,21.90,5.4750,false,1,209643
7290108351842,false,מקסימה בושם מרוכז לכ,סנו מקסימה,,מקסימה בושם מרוכז לכ,מיליליטרים,600.00,"100 מ""ל",false,,21.90,0.0365,true,1,205156
7290108351859,false,מקסימה בושם מרוכז לכ,סנו מקסימה,,מקסימה בושם מרוכז לכ,מיליליטרים,600.00,"100 מ""ל",false,,21.90,0.0365,true,1,205157
7290108351866,false,מקסימה בושם מרוכז לכ,סנו מקסימה,,מקסימה בושם מרוכז לכ,מיליליטרים,600.00,"100 מ""ל",false,,21.90,0.0365,true,1,205158
7290108351910,false,טבליות למדיח ספארק 3,סנו,,טבליות למדיח ספארק 3,יחידה,0.00,יחידה,false,,21.90,0.0000,true,1,205511
7290108351927,false,טבליות למדיח ספארק 7,סנו,,טבליות למדיח ספארק 7,יחידה,0.00,יחידה,false,,39.90,0.0000,true,1,205512
7290108351934,false,סבון אסלה מוצק RINGS,סנו,,סבון אסלה מוצק RINGS,יחידה,0.00,יחידה,false,,14.90,0.0000,true,1,208137
7290108351941,false,סבון אסלה מוצק RINGS,סנו,,סבון אסלה מוצק RINGS,יחידה,0.00,יחידה,false,,14.90,0.0000,true,1,208071
7290108352016,false,סבון מוצק DESIGN שלי,סנו,,סבון מוצק DESIGN שלי,יחידה,0.00,יחידה,false,,14.90,0.0000,true,1,218808
7290108352078,false,אורביטול מי פה מלח 5,אורביטול,,אורביטול מי פה מלח 5,מיליליטרים,500.00,"100 מ""ל",false,,24.90,0.0498,true,1,213583
7290108352108,false,אורביטול משחת שיניים,אורביטול,,אורביטול משחת שיניים,גרמים,145.00,100 גרם,false,,14.90,0.1028,true,1,213586
7290108352139,false,ג'ל כביסה אקולוגי סנ,סנו,,ג'ל כביסה אקולוגי סנ,ליטרים,3.00,ליטר,false,,32.90,10.9667,true,1,211909
7290108352146,false,סנובון נוזלי בניחוח,סנו סנובון,,סנובון נוזלי בניחוח,מיליליטרים,750.00,"100 מ""ל",false,,11.90,0.0159,true,1,212590
7290108352153,false,סנובון נוזלי בניחוח,סנו סנובון,,סנובון נוזלי בניחוח,מיליליטרים,750.00,"100 מ""ל",false,,11.90,0.0159,true,1,212591
7290108352207,false,קפסולות לכביסה 40 יח,סנו מקסימה,,קפסולות לכביסה 40 יח,יחידה,0.00,יחידה,false,,31.90,0.0000,true,1,212585
7290108352214,false,קפסולות לכביסה 40 יח,סנו מקסימה,,קפסולות לכביסה 40 יח,יחידה,0.00,יחידה,false,,31.90,0.0000,true,1,212586
7290108352252,false,ספארק נוזל כלים משאב,סנו,,ספארק נוזל כלים משאב,ליטרים,1.00,ליטר,false,,11.90,11.9000,true,1,213677
7290108352269,false,מטליות לחיטוי וניקוי,סנו,,מטליות לחיטוי וניקוי,יחידה,0.00,יחידה,false,,29.90,0.0000,false,1,212568
7290108352276,false,סנו מטליות לניקוי רצ,סנו,,סנו מטליות לניקוי רצ,יחידה,0.00,יחידה,false,,15.90,0.0000,true,1,212036
7290108352290,false,מטליות לחות שלישייה,סנו,,מטליות לחות שלישייה,יחידה,0.00,יחידה,false,,21.90,0.0000,true,1,214725
7290108352337,false,סנו פרש הום אוטומטיק,סנו fresh,,סנו פרש הום אוטומטיק,מיליליטרים,250.00,"100 מ""ל",false,,14.90,0.0596,true,1,213326
7290108352344,false,סנו פרש הום אוטומטיק,סנו fresh,,סנו פרש הום אוטומטיק,מיליליטרים,250.00,"100 מ""ל",false,,14.90,0.0596,true,1,213327
7290108352368,false,תוסף לחיטוי כביסה 3,סנו,,תוסף לחיטוי כביסה 3,ליטרים,3.00,ליטר,false,,29.90,9.9667,true,1,219019
7290108352412,false,פרש הום מבשם אוויר א,סנו fresh,,פרש הום מבשם אוויר א,מיליליטרים,300.00,"100 מ""ל",false,,12.90,0.0430,true,1,213994
7290108352429,false,פרש הום מבשם אוויר א,סנו fresh,,פרש הום מבשם אוויר א,מיליליטרים,300.00,"100 מ""ל",false,,12.90,0.0430,true,1,213995
7290108352450,false,ריצפז פרש הום בניחוח,סנו ריצפז,,ריצפז פרש הום בניחוח,ליטרים,2.00,ליטר,false,,21.90,10.9500,false,1,215655
7290108352528,false,תרסיס לחיטוי וניקוי,סנו,,תרסיס לחיטוי וניקוי,מיליליטרים,750.00,"100 מ""ל",false,,14.90,0.0199,true,1,217911
7290108352566,false,מרכך כביסה 4 ליטר סנ,סנו מקסימה,,מרכך כביסה 4 ליטר סנ,ליטרים,4.00,ליטר,false,,21.90,5.4750,false,1,260997
7290108352573,false,מרכך כביסה סנו מקסימ,סנו,,מרכך כביסה סנו מקסימ,ליטרים,4.00,ליטר,false,,21.90,5.4750,false,1,262624
7290108352597,false,מגבונים בדלי 400 יח',סנו,,מגבונים בדלי 400 יח',יחידה,0.00,יחידה,false,,28.90,0.0000,true,1,193659
7290108352641,false,סנו סושי מטלית הפלא,סנו סושי,,סנו סושי מטלית הפלא,יחידה,0.00,יחידה,false,,14.90,0.0000,true,1,198033
7290108352672,false,סנו סושי מטליות הפלא,סנו סושי,,סנו סושי מטליות הפלא,יחידה,0.00,יחידה,false,,19.90,0.0000,true,1,198060
7290108352689,false,סקוטש 9 יח',סנו,,סקוטש 9 יח',יחידה,0.00,יחידה,false,,10.00,0.0000,true,1,192856
7290108352696,false,"ניילון נצמד 45 ס""מ ס",סנו סושי,,"ניילון נצמד 45 ס""מ ס",יחידה,0.00,יחידה,false,,28.90,0.0000,true,1,203987
7290108352702,false,מגבונים בוב ספוג שלי,סנו,,מגבונים בוב ספוג שלי,יחידה,0.00,יחידה,false,,15.90,0.0000,true,1,191858
7290108352788,false,סושי שקיות זיפר 20 י,סנו סושי,,סושי שקיות זיפר 20 י,יחידה,0.00,יחידה,false,,12.90,0.0000,true,1,206668
7290108352801,false,שקיות אשפה לפח קטן,סנו סושי,,שקיות אשפה לפח קטן,יחידה,0.00,יחידה,false,,19.90,0.0000,true,1,202340
7290108352818,false,סנו מטלית במבוק לניק,סנו,,סנו מטלית במבוק לניק,יחידה,0.00,יחידה,false,,7.90,0.0000,true,1,205278
7290108352825,false,סושי ספוג הפלא לניקו,סנו סושי,,סושי ספוג הפלא לניקו,יחידה,0.00,יחידה,false,,10.00,0.0000,true,1,203061
7290108352863,false,סנו סושי 20 שקיות צל,סנו סושי,,סנו סושי 20 שקיות צל,יחידה,0.00,יחידה,false,,7.90,0.0000,true,1,204089
7290108352870,false,סנו סושי 10 שקיות צל,סנו סושי,,סנו סושי 10 שקיות צל,יחידה,0.00,יחידה,false,,7.90,0.0000,true,1,204090
7290108352894,false,סנו סושי מפת שולחן ח,סנו סושי,,סנו סושי מפת שולחן ח,יחידה,0.00,יחידה,false,,8.50,0.0000,true,1,205871
7290108352900,false,מגבות הפלא גליל כפול,סנו,,מגבות הפלא גליל כפול,יחידה,0.00,יחידה,false,,22.90,0.0000,true,1,207783
7290108353006,false,שקיות אוכל סנו,סנו,,שקיות אוכל סנו,יחידה,0.00,יחידה,false,,12.90,0.0000,true,1,207409
7290108353068,false,סנו סושי כרית קרצוף,סנו סושי,,סנו סושי כרית קרצוף,יחידה,0.00,יחידה,false,,10.00,0.0000,true,1,208431
7290108353075,false,סנו סושי 50 מפיות אי,סנו סושי,,סנו סושי 50 מפיות אי,יחידה,0.00,יחידה,false,,14.90,0.0000,true,1,207177
7290108353099,false,סנו soft ממחטות אף ב,סנו סופט,,סנו soft ממחטות אף ב,יחידה,0.00,יחידה,false,,13.90,0.0000,true,1,208543
7290108353334,false,כיף שמפו למניעת קשקש,כיף,,כיף שמפו למניעת קשקש,מיליליטרים,700.00,"100 מ""ל",false,,10.90,0.0156,true,1,209834
7290108353341,false,כיף מרכך למניעת קשקש,כיף,,כיף מרכך למניעת קשקש,מיליליטרים,700.00,"100 מ""ל",false,,10.90,0.0156,true,1,209835
7290108353471,false,סנובון DESIGN בניחוח,סנו סנובון,,סנובון DESIGN בניחוח,יחידה,0.00,יחידה,false,,6.90,0.0000,true,1,209084
7290108353488,false,סנובון DESIGN בניחוח,סנו סנובון,,סנובון DESIGN בניחוח,יחידה,0.00,יחידה,false,,6.90,0.0000,true,1,209085
7290108353532,false,סנו סושי 100 שקיות א,סנו סושי,,סנו סושי 100 שקיות א,יחידה,0.00,יחידה,false,,29.90,0.0000,true,1,210833
7290108353549,false,נייר אפייה 100 יח' ס,סנו סושי,,נייר אפייה 100 יח' ס,יחידה,0.00,יחידה,false,,19.90,0.0000,true,1,210232
7290108353556,false,נייר טואלט סנו soft,סנו סופט,,נייר טואלט סנו soft,יחידה,0.00,יחידה,false,,44.90,0.0000,false,1,212294
7290108353563,false,צלחות ענקיות מקנה סו,,,צלחות ענקיות מקנה סו,יחידה,0.00,יחידה,false,,21.90,0.0000,true,1,212557
7290108353587,false,קעריות מקנה סוכר טבע,,,קעריות מקנה סוכר טבע,יחידה,0.00,יחידה,false,,14.90,0.0000,true,1,212559
7290108353648,false,שקיות אוכל מנייר 70,סנו,,שקיות אוכל מנייר 70,יחידה,0.00,יחידה,false,,10.90,0.0000,true,1,214403
7290108353662,false,סנו סושי מפת שולחן מ,סנו סושי,,סנו סושי מפת שולחן מ,יחידה,0.00,יחידה,false,,8.50,0.0000,true,1,262100
7290108353679,false,סנו סושי 10 מפות ניי,סנו סושי,,סנו סושי 10 מפות ניי,יחידה,0.00,יחידה,false,,19.90,0.0000,true,1,211656
7290108353686,false,סנו סושי מטלית חלומי,סנו סושי,,סנו סושי מטלית חלומי,יחידה,0.00,יחידה,false,,11.90,0.0000,true,1,215658
7290108353693,false,צלחות גדולות מקנה סו,,,צלחות גדולות מקנה סו,יחידה,0.00,יחידה,false,,14.90,0.0000,true,1,212560
7290108353723,false,תחליב רחצה חימר תה י,קרמה,,תחליב רחצה חימר תה י,מיליליטרים,500.00,"100 מ""ל",false,,12.90,0.0258,true,1,261897
7290108353730,false,תחליב רחצה חימר אוכמ,קרמה,,תחליב רחצה חימר אוכמ,מיליליטרים,500.00,"100 מ""ל",false,,12.90,0.0258,true,1,261898
7290108353983,false,קרם גוף קרמה קלאסי 5,קרמה,,קרם גוף קרמה קלאסי 5,מיליליטרים,500.00,"100 מ""ל",false,,23.90,0.0478,true,1,214728
7290108353990,false,קרם גוף קרמה מאסק 50,קרמה,,קרם גוף קרמה מאסק 50,מיליליטרים,500.00,"100 מ""ל",false,,23.90,0.0478,true,1,214729
7290108354065,false,קרמה מן ג'ל רחצה פלי,קרמה,,קרמה מן ג'ל רחצה פלי,מיליליטרים,700.00,"100 מ""ל",false,,17.90,0.0256,true,1,261788
7290108354263,false,משחת שיניים אורביטול,אורביטול,,משחת שיניים אורביטול,גרמים,70.00,100 גרם,false,,9.90,0.1414,true,1,216303
7290108354270,false,מרכך מרוכז 1 ליטר CA,סנו מקסימה,,מרכך מרוכז 1 ליטר CA,ליטרים,1.00,ליטר,false,,16.90,16.9000,false,1,260495
7290108354430,false,כיף שמפו לשיקום והזנ,כיף,,כיף שמפו לשיקום והזנ,מיליליטרים,700.00,"100 מ""ל",false,,10.90,0.0156,true,1,216580
7290108354447,false,כיף מרכך לשיקום והזנ,כיף,,כיף מרכך לשיקום והזנ,מיליליטרים,700.00,"100 מ""ל",false,,10.90,0.0156,true,1,216581
7290108354492,false,קרליין שמפו 10 שמן א,קרליין,,קרליין שמפו 10 שמן א,מיליליטרים,700.00,"100 מ""ל",false,,12.90,0.0184,true,1,261903
7290108354607,false,שמפו ביו נקה 7,נקה 7,,שמפו ביו נקה 7,מיליליטרים,750.00,"100 מ""ל",false,,11.90,0.0159,true,1,263011
7290108354614,false,מרכך ביו נקה 7,נקה 7,,מרכך ביו נקה 7,מיליליטרים,750.00,"100 מ""ל",false,,11.90,0.0159,true,1,263013
7290108354621,false,כיף מסיכה לשיער לחות,כיף,,כיף מסיכה לשיער לחות,מיליליטרים,500.00,"100 מ""ל",false,,25.90,0.0518,true,1,263520
7290108354751,false,"ג'ט חומץ+סודה 750 מ""",סנו,,"ג'ט חומץ+סודה 750 מ""",מיליליטרים,750.00,"100 מ""ל",false,,12.90,0.0172,true,1,204990
7290108355000,false,שמפו נקה 7 מיניונים,נקה 7,,שמפו נקה 7 מיניונים,מיליליטרים,750.00,"100 מ""ל",false,,11.90,0.0159,true,1,191138
7290108355024,false,שמפו+מרכך נקה 7 קידס,נקה 7,,שמפו+מרכך נקה 7 קידס,מיליליטרים,750.00,"100 מ""ל",false,,11.90,0.0159,true,1,191140
7290108355079,false,לחות מקצועית עם קוקו,נטורל פורמולה,,לחות מקצועית עם קוקו,מיליליטרים,400.00,"100 מ""ל",false,,28.90,0.0722,true,1,197938
7290108355154,false,"נקה 7 שמפו 750 מ""ל",נקה 7,,"נקה 7 שמפו 750 מ""ל",מיליליטרים,750.00,"100 מ""ל",false,,11.90,0.0159,true,1,202690
7290108355161,false,"נקה 7 מרכך 750 מ""ל",נקה 7,,"נקה 7 מרכך 750 מ""ל",מיליליטרים,750.00,"100 מ""ל",false,,11.90,0.0159,true,1,202691
7290108355253,false,ג'ל רחצה לגבר נקה 7,נקה 7,,ג'ל רחצה לגבר נקה 7,מיליליטרים,750.00,"100 מ""ל",false,,11.90,0.0159,true,1,204091
7290108355260,false,שמפו+ג'ל רחצה+סבון פ,נקה 7,,שמפו+ג'ל רחצה+סבון פ,מיליליטרים,750.00,"100 מ""ל",false,,11.90,0.0159,true,1,204092
7290108355277,false,שמפו ומרכך 2-ב-1 נקה,נקה 7,,שמפו ומרכך 2-ב-1 נקה,מיליליטרים,750.00,"100 מ""ל",false,,11.90,0.0159,true,1,204093
7290108355314,false,מרכך לסירוק קל נקה,נקה 7,,מרכך לסירוק קל נקה,מיליליטרים,750.00,"100 מ""ל",false,,12.90,0.0172,true,1,207408
7290108356021,false,כיף תחליב רחצה בניחו,כיף,,כיף תחליב רחצה בניחו,מיליליטרים,700.00,"100 מ""ל",false,,12.90,0.0184,true,1,205392
7290108356038,false,כיף תחליב רחצה בניחו,כיף,,כיף תחליב רחצה בניחו,מיליליטרים,700.00,"100 מ""ל",false,,12.90,0.0184,true,1,205393
7290108356045,false,כיף תחליב רחצה בניחו,כיף,,כיף תחליב רחצה בניחו,מיליליטרים,700.00,"100 מ""ל",false,,12.90,0.0184,true,1,205394
7290108356113,false,כיף תחליב רחצה דבש 7,כיף,,כיף תחליב רחצה דבש 7,מיליליטרים,700.00,"100 מ""ל",false,,11.90,0.0170,true,1,204733
7290108356137,false,כיף תחליב רחצה לבנדר,כיף,,כיף תחליב רחצה לבנדר,מיליליטרים,700.00,"100 מ""ל",false,,11.90,0.0170,true,1,204735
7290108356151,false,כיף תחליב רחצה מאסק,כיף,,כיף תחליב רחצה מאסק,מיליליטרים,700.00,"100 מ""ל",false,,11.90,0.0170,true,1,204736
7290108356168,false,כיף תחליב רחצה אוקיי,כיף,,כיף תחליב רחצה אוקיי,מיליליטרים,700.00,"100 מ""ל",false,,11.90,0.0170,true,1,204737
7290108356274,false,מוס רחצה בניחוח תותי,כיף,,מוס רחצה בניחוח תותי,מיליליטרים,200.00,"100 מ""ל",false,,12.90,0.0645,true,1,259724
7290108356298,false,מוס רחצה בניחוח קרם,כיף,,מוס רחצה בניחוח קרם,מיליליטרים,200.00,"100 מ""ל",false,,12.90,0.0645,true,1,259725
7290108356373,false,סנו ג'ל ניקוי עם דמו,סנו,,סנו ג'ל ניקוי עם דמו,גרמים,30.00,100 גרם,false,,9.90,0.3300,true,1,214224
7290108356519,false,קרליין שמפו לשיער רג,קרליין,,קרליין שמפו לשיער רג,מיליליטרים,700.00,"100 מ""ל",false,,12.90,0.0184,true,1,261254
7290108356526,false,קרליין שמפו לשיער יב,קרליין,,קרליין שמפו לשיער יב,מיליליטרים,700.00,"100 מ""ל",false,,12.90,0.0184,true,1,261255
7290108356540,false,קרליין שמפו לשיער צב,קרליין,,קרליין שמפו לשיער צב,מיליליטרים,700.00,"100 מ""ל",false,,12.90,0.0184,true,1,261257
7290108356854,false,מגבונים בייבי כיף חמ,כיף,,מגבונים בייבי כיף חמ,יחידה,0.00,יחידה,false,,19.90,0.0000,true,1,216330
7290108356861,false,מגבוני בייבי כיף חמי,כיף,,מגבוני בייבי כיף חמי,יחידה,0.00,יחידה,false,,19.90,0.0000,true,1,216331
7290108357004,false,כיף שמפו ורד ושמן קו,כיף,,כיף שמפו ורד ושמן קו,מיליליטרים,700.00,"100 מ""ל",false,,10.90,0.0156,true,1,210488
7290108357028,false,כיף תחליב רחצה ורד ו,כיף,,כיף תחליב רחצה ורד ו,מיליליטרים,700.00,"100 מ""ל",false,,11.90,0.0170,true,1,210492
7290108357042,false,קרליין נושם BIO דאוד,קרליין,,קרליין נושם BIO דאוד,מיליליטרים,75.00,"100 מ""ל",false,,12.90,0.1720,true,1,261899
7290108357080,false,קרליין נושם BIO דאוד,קרליין,,קרליין נושם BIO דאוד,מיליליטרים,150.00,"100 מ""ל",false,,12.90,0.0860,true,1,262979
7290108357110,false,קרליין נושם BIO דאוד,קרליין,,קרליין נושם BIO דאוד,מיליליטרים,75.00,"100 מ""ל",false,,12.90,0.1720,true,1,261901
7290108357189,false,מקסימה למייבש פלורל,סנו מקסימה,,מקסימה למייבש פלורל,מיליליטרים,750.00,"100 מ""ל",false,,19.90,0.0265,true,1,210998
7290108357196,false,מתז JET לניקוי וחיטו,סנו,,מתז JET לניקוי וחיטו,מיליליטרים,750.00,"100 מ""ל",false,,12.90,0.0172,true,1,219013
7290108357202,false,סנו קליר 1 ליטר,סנו,,סנו קליר 1 ליטר,ליטרים,1.00,ליטר,false,,11.90,11.9000,true,1,217051
7290108357226,false,אוקסיג'ן POWER לכביס,סנו אוקסיג'ן,,אוקסיג'ן POWER לכביס,קילוגרמים,1.40,"ק""ג",false,,29.90,21.3571,true,1,261461
7290108357233,false,סנו קליר מטליות לחות,סנו,,סנו קליר מטליות לחות,יחידה,0.00,יחידה,false,,10.90,0.0000,true,1,261904
7290108357257,false,מכשיר אוטומטי מעוצב,סנו fresh,,מכשיר אוטומטי מעוצב,יחידה,0.00,יחידה,false,,44.90,0.0000,true,1,263010
7290108357264,false,סנו פרש אוטומטי מילו,סנו fresh,,סנו פרש אוטומטי מילו,מיליליטרים,250.00,"100 מ""ל",false,,14.90,0.0596,true,1,262906
7290108357271,false,סנובון נוזלי אוקסי 7,סנו סנובון,,סנובון נוזלי אוקסי 7,מיליליטרים,750.00,"100 מ""ל",false,,11.90,0.0159,true,1,262553
7290108357295,false,סנו אוקסיג'ן POWER ל,סנו אוקסיג'ן,,סנו אוקסיג'ן POWER ל,מיליליטרים,750.00,"100 מ""ל",false,,19.90,0.0265,true,1,263376
7290108357394,false,תחליב רחצה קרמה חלב,קרמה,,תחליב רחצה קרמה חלב,מיליליטרים,700.00,"100 מ""ל",false,,17.90,0.0256,true,1,259516
7290108357431,false,קרם גוף קרמה בריזת י,קרמה,,קרם גוף קרמה בריזת י,מיליליטרים,500.00,"100 מ""ל",false,,23.90,0.0478,true,1,214268
7290108357578,false,קרם ידיים קרמה וניל,קרמה,,קרם ידיים קרמה וניל,מיליליטרים,100.00,"100 מ""ל",false,,9.90,0.0990,true,1,259996
7290108357653,false,סנובון Bubbles שלישי,סנו סנובון,,סנובון Bubbles שלישי,יחידה,0.00,יחידה,false,,14.90,0.0000,true,1,264587
7290108357660,false,סנובון Bubbles שלישי,סנו סנובון,,סנובון Bubbles שלישי,יחידה,0.00,יחידה,false,,14.90,0.0000,true,1,264588
7290108357707,false,כיף שמפו רגיל תפוח ז,כיף,,כיף שמפו רגיל תפוח ז,מיליליטרים,700.00,"100 מ""ל",false,,10.90,0.0156,true,1,205534
7290108357714,false,כיף שמפו יבש רימונים,כיף,,כיף שמפו יבש רימונים,מיליליטרים,700.00,"100 מ""ל",false,,10.90,0.0156,true,1,205535
7290108357745,false,כיף שמפו + מרכך תאנה,כיף,,כיף שמפו + מרכך תאנה,מיליליטרים,700.00,"100 מ""ל",false,,10.90,0.0156,true,1,206671
7290108357769,false,כיף מרכך רגיל תפוח ז,כיף,,כיף מרכך רגיל תפוח ז,מיליליטרים,700.00,"100 מ""ל",false,,10.90,0.0156,true,1,205529
7290108357844,false,כיף אל סבון שקית מיל,כיף,,כיף אל סבון שקית מיל,ליטרים,1.00,ליטר,false,,8.90,8.9000,true,1,262386
7290108357875,false,כיף שמפו לחות מוגברת,כיף,,כיף שמפו לחות מוגברת,מיליליטרים,700.00,"100 מ""ל",false,,10.90,0.0156,true,1,262413
7290108357882,false,כיף מרכך לחות מוגברת,כיף,,כיף מרכך לחות מוגברת,מיליליטרים,700.00,"100 מ""ל",false,,10.90,0.0156,true,1,262415
7290108358070,false,תחליב רחצה קרמה קלאס,קרמה,,תחליב רחצה קרמה קלאס,מיליליטרים,700.00,"100 מ""ל",false,,17.90,0.0256,true,1,214399
7290108358087,false,תחליב רחצה קרמה מאסק,קרמה,,תחליב רחצה קרמה מאסק,מיליליטרים,700.00,"100 מ""ל",false,,17.90,0.0256,true,1,214398
7290108358100,false,סנו פרש הום מקלות רי,סנו fresh,,סנו פרש הום מקלות רי,מיליליטרים,100.00,"100 מ""ל",false,,19.90,0.1990,true,1,261507
7290108358124,false,מקסימה דפי בישום לחי,סנו,,מקסימה דפי בישום לחי,יחידה,0.00,יחידה,false,,12.90,0.0000,true,1,264342
7290108359008,false,סנו סושי שקיות זיפר,סנו סושי,,סנו סושי שקיות זיפר,יחידה,0.00,יחידה,false,,14.90,0.0000,true,1,260894
7290108359015,false,סנו סושי שקיות זיפר,סנו סושי,,סנו סושי שקיות זיפר,יחידה,0.00,יחידה,false,,14.90,0.0000,true,1,260893
7290108359039,false,סנו סושי שקית אשפה ע,סנו סושי,,סנו סושי שקית אשפה ע,יחידה,0.00,יחידה,false,,19.90,0.0000,true,1,217490
7290108359060,false,כריות ניקוי לשבת רבי,סנו סושי,,כריות ניקוי לשבת רבי,יחידה,0.00,יחידה,false,,11.50,0.0000,true,1,259723
7290108359077,false,ממחטות אף 3 שכבות סנ,סנו סופט,,ממחטות אף 3 שכבות סנ,יחידה,0.00,יחידה,false,,10.90,0.0000,true,1,261145
7290108359084,false,כיסוי ניילון עם גומי,סנו סושי,,כיסוי ניילון עם גומי,יחידה,0.00,יחידה,false,,10.90,0.0000,true,1,264251
7290108359091,false,כיסוי ניילון+גומי L,סנו סושי,,כיסוי ניילון+גומי L,יחידה,0.00,יחידה,false,,10.90,0.0000,true,1,264252
7290108359145,false,סנו סושי דפי ספוג הפ,סנו סושי,,סנו סושי דפי ספוג הפ,יחידה,0.00,יחידה,false,,11.50,0.0000,true,1,264672
7290108359152,false,תבניות אלומיניום עגו,סנו סושי,,תבניות אלומיניום עגו,יחידה,0.00,יחידה,false,,10.90,0.0000,true,1,263687
7290108359176,false,ממחטות אף 3 שכבות בת,סנו סופט,,ממחטות אף 3 שכבות בת,יחידה,0.00,יחידה,false,,12.90,0.0000,true,1,264675
7290108359183,false,סנו סושי 60 שקיות אש,סנו סושי,,סנו סושי 60 שקיות אש,יחידה,0.00,יחידה,false,,24.90,0.0000,true,1,264253
7290108359831,false,שמן גוף בייבי כיף,כיף,,שמן גוף בייבי כיף,מיליליטרים,500.00,"100 מ""ל",false,,22.90,0.0458,true,1,204459
7290108359855,false,בייבי כיף שמפו 750 מ,כיף,,בייבי כיף שמפו 750 מ,מיליליטרים,750.00,"100 מ""ל",false,,15.90,0.0212,true,1,204592
7290108359879,false,אל סבון בייבי כיף 75,כיף,,אל סבון בייבי כיף 75,מיליליטרים,750.00,"100 מ""ל",false,,15.90,0.0212,true,1,204460
7290108359893,false,תחליב רחצה בייבי כיף,כיף,,תחליב רחצה בייבי כיף,מיליליטרים,750.00,"100 מ""ל",false,,15.90,0.0212,true,1,204461
7290108359985,false,ז'אוול קצף ניקוי בתו,סנו JAVEL,,ז'אוול קצף ניקוי בתו,ליטרים,1.00,ליטר,false,,18.90,18.9000,true,1,261632
7290108500677,false,כבד דג שיבוט מעושן,,,כבד דג שיבוט מעושן,גרמים,115.00,100 גרם,false,,9.90,0.0861,true,1,196053
7290108501346,false,גאודה מגורדת 500 גר,,,גאודה מגורדת 500 גר,גרמים,500.00,100 גרם,false,,24.90,0.0498,true,1,199541
7290108501353,false,אנשובי ארוך בשמן 45,,,אנשובי ארוך בשמן 45,גרמים,45.00,100 גרם,false,,7.00,0.1556,true,1,201009
7290108501360,false,גבינת צ'דר בשלה 200,,,גבינת צ'דר בשלה 200,גרמים,200.00,100 גרם,false,,18.90,0.0945,true,1,201519
7290108501391,false,גבינה חצי קשה מחלב ע,,,גבינה חצי קשה מחלב ע,גרמים,150.00,100 גרם,false,,21.90,0.1460,true,1,201119
7290108501490,false,גבינת מוצרלה חצי קשה,,,גבינת מוצרלה חצי קשה,גרמים,150.00,100 גרם,false,,14.50,0.0967,true,1,201125
7290108501964,false,חטיף בוטנים צימוקים,,,חטיף בוטנים צימוקים,גרמים,140.00,100 גרם,false,,9.90,0.0707,true,1,203088
7290108501971,false,חטיף בוטנים ומשמש,,,חטיף בוטנים ומשמש,גרמים,140.00,100 גרם,false,,9.90,0.0707,true,1,203092
7290108501988,false,חטיף שקדים וחמוציות,,,חטיף שקדים וחמוציות,גרמים,140.00,100 גרם,false,,9.90,0.0707,true,1,203089
7290108502305,false,גבינת גרנה פדנו משול,,,גבינת גרנה פדנו משול,גרמים,150.00,100 גרם,false,,22.90,0.1527,true,1,203896
7290108502329,false,טונה ויליפוד בשמן זי,,,טונה ויליפוד בשמן זי,גרמים,640.00,100 גרם,false,,27.90,0.0436,true,1,203934
7290108502381,false,בסיס לפיצה 4 יח,,,בסיס לפיצה 4 יח,גרמים,480.00,100 גרם,false,,11.90,0.0248,true,1,204920
7290108502541,false,גבינת שמנת טבעי 200,,,גבינת שמנת טבעי 200,גרמים,200.00,100 גרם,false,,12.90,0.0645,true,1,204296
7290108502725,false,גבינת גאודה פרוסות 4,,,גבינת גאודה פרוסות 4,גרמים,400.00,100 גרם,false,,19.90,0.0497,true,1,203898
7290108502862,false,מלפפונים כבושים במלח,,,מלפפונים כבושים במלח,גרמים,600.00,100 גרם,false,,9.50,0.0158,true,1,205015
7290108503043,false,מארז חטיף תפוחונים,,,מארז חטיף תפוחונים,גרמים,88.00,100 גרם,false,,14.90,0.1693,true,1,206650
7290108503159,false,גבינת דנבלו,,,גבינת דנבלו,גרמים,100.00,100 גרם,false,,13.90,0.1390,true,1,204424
7290108503982,false,פרוסות גבינה בטעם צ',,,פרוסות גבינה בטעם צ',גרמים,150.00,100 גרם,false,,10.90,0.0727,true,1,208062
7290108503999,false,פרוסות גבינה בטעם גא,,,פרוסות גבינה בטעם גא,גרמים,150.00,100 גרם,false,,10.90,0.0727,true,1,208063
7290108504279,false,קשקבל צ'אנק 150 גר,,,קשקבל צ'אנק 150 גר,גרמים,150.00,100 גרם,false,,19.90,0.1327,true,1,208068
7290108504293,false,מנצ'גו צ'אנק 150 גר,,,מנצ'גו צ'אנק 150 גר,גרמים,150.00,100 גרם,false,,19.90,0.1327,true,1,208070
7290108504699,false,רביעיה נתחי טונה בשמ,,,רביעיה נתחי טונה בשמ,גרמים,640.00,100 גרם,false,,19.90,0.0311,false,1,209560
7290108505153,false,יוגורט בטעם טבעי 10%,,,יוגורט בטעם טבעי 10%,גרמים,150.00,100 גרם,false,,4.90,0.0327,true,1,213036
7290108505160,false,יוגורט עם אגסים 4%,,,יוגורט עם אגסים 4%,גרמים,150.00,100 גרם,false,,4.90,0.0327,true,1,213037
7290108505184,false,יוגורט עם קוקוס 5%,,,יוגורט עם קוקוס 5%,גרמים,150.00,100 גרם,false,,4.90,0.0327,true,1,213039
7290108505191,false,יוגורט עם פצפוצי שוק,,,יוגורט עם פצפוצי שוק,גרמים,150.00,100 גרם,false,,4.90,0.0327,true,1,213040
7290108505207,false,יוגורט עם אוכמניות,,,יוגורט עם אוכמניות,גרמים,150.00,100 גרם,false,,4.90,0.0327,true,1,213041
7290108505375,false,צהובה פרוסות 400 גר',,,צהובה פרוסות 400 גר',גרמים,400.00,100 גרם,false,,13.90,0.0348,false,1,211314
7290108505740,false,גבינת קשקבל חצי קשה,,,גבינת קשקבל חצי קשה,גרמים,200.00,100 גרם,false,,13.90,0.0695,true,1,212565
7290108506709,false,גבינת פרמג'אנו רג'יא,,,גבינת פרמג'אנו רג'יא,גרמים,150.00,100 גרם,false,,17.90,0.1193,true,1,212269
7290108507065,false,גבינת פרמג'יאנו רג'י,,,גבינת פרמג'יאנו רג'י,גרמים,100.00,100 גרם,false,,12.50,0.1250,true,1,216946
7290108508499,false,איירן משקה יוגורט בס,,,איירן משקה יוגורט בס,מיליליטרים,293.00,"100 מ""ל",false,,4.90,0.0167,true,1,217190
7290108509090,false,גבינה מותכת משולשים,,,גבינה מותכת משולשים,גרמים,200.00,100 גרם,false,,13.90,0.0695,true,1,218818
7290108509113,false,גבינה בולגרית מעודנת,,,גבינה בולגרית מעודנת,גרמים,250.00,100 גרם,false,,11.90,0.0476,true,1,218820
7290108509137,false,גבינה בולגרית מעודנת,,,גבינה בולגרית מעודנת,גרמים,250.00,100 גרם,false,,11.90,0.0476,true,1,218822
7290108509182,false,גבינה פטה 17% שומן,,,גבינה פטה 17% שומן,גרמים,250.00,100 גרם,false,,12.90,0.0516,true,1,218823
7290108509199,false,גבינה פטה 17% שומן 5,,,גבינה פטה 17% שומן 5,גרמים,500.00,100 גרם,false,,22.90,0.0458,true,1,218824
7290108509250,false,אנטיפסטי ארטישוק צנצ,,,אנטיפסטי ארטישוק צנצ,גרמים,310.00,100 גרם,false,,22.90,0.0739,true,1,217979
7290108509434,false,טחינה 500 גרם וילי פ,,,טחינה 500 גרם וילי פ,גרמים,500.00,100 גרם,false,,9.90,0.0198,true,1,218516
7290108509700,false,אורז פרסי DAAWAT,,,אורז פרסי DAAWAT,קילוגרמים,1.00,"ק""ג",false,,9.90,9.9000,true,1,260638
7290108509731,false,משקה איירן 1 ליטר,,,משקה איירן 1 ליטר,ליטרים,1.00,ליטר,false,,14.90,14.9000,true,1,260655
7290108509908,false,מנת השף איטריות בשקי,,,מנת השף איטריות בשקי,גרמים,85.00,100 גרם,false,,3.90,0.0459,true,1,260652
7290108509915,false,מנת השף איטריות בשקי,,,מנת השף איטריות בשקי,גרמים,85.00,100 גרם,false,,3.90,0.0459,true,1,260651
7290108509922,false,מנת השף איטריות בשקי,,,מנת השף איטריות בשקי,גרמים,85.00,100 גרם,false,,3.90,0.0459,true,1,260653
7290108890402,false,כובע לונג נשים,,,כובע לונג נשים,יחידה,0.00,יחידה,false,,29.90,0.0000,true,1,189095
7290108894301,false,סט חרוזים פרפר,,,סט חרוזים פרפר,יחידה,0.00,יחידה,false,,9.90,0.0000,true,1,191096
7290108894349,false,סט 3 צמידי יד,,,סט 3 צמידי יד,יחידה,0.00,יחידה,false,,9.90,0.0000,true,1,190416
7290108896145,false,נעלי גרב תינוקות,,,נעלי גרב תינוקות,יחידה,0.00,יחידה,false,,12.90,0.0000,true,1,199521
7290108896350,false,כובע שחור לגבר,,,כובע שחור לגבר,יחידה,0.00,יחידה,false,,15.90,0.0000,true,1,194317
7290108896947,false,מטריה מיני אוטומט,,,מטריה מיני אוטומט,יחידה,0.00,יחידה,false,,39.90,0.0000,true,1,194622
7290109207827,false,מברשת צבע לשיער,,,מברשת צבע לשיער,יחידה,0.00,יחידה,false,,4.90,0.0000,true,1,263967
7290109209616,false,פצירה לכף רגל,,,פצירה לכף רגל,יחידה,0.00,יחידה,false,,7.90,0.0000,true,1,263966
7290109351025,false,צבר חומוסטחינה 400 ג,,,צבר חומוסטחינה 400 ג,גרמים,400.00,100 גרם,false,,13.90,0.0348,true,1,189847
7290109351957,false,פיטנס פריכיות גדולות,,,פיטנס פריכיות גדולות,גרמים,100.00,100 גרם,false,,7.90,0.0790,true,1,194972
7290109351971,false,פיטנס בר פריכיות שוק,,,פיטנס בר פריכיות שוק,גרמים,84.00,100 גרם,false,,12.90,0.1536,true,1,193299
7290109352916,false,פיטנס בר פריכיות מצו,,,פיטנס בר פריכיות מצו,גרמים,84.00,100 גרם,false,,12.90,0.1536,true,1,193300
7290109354057,false,מאגדת שלגונים לה פרו,נסטלה גלידות,,מאגדת שלגונים לה פרו,גרמים,350.00,100 גרם,false,,23.90,0.0683,true,1,192850
7290109354996,false,פתיבר ללא גלוטן בטעם,,,פתיבר ללא גלוטן בטעם,גרמים,200.00,100 גרם,false,,9.90,0.0495,true,1,194221
7290109358482,false,קרמוגית במילוי חלווה,אסם,,קרמוגית במילוי חלווה,גרמים,200.00,100 גרם,false,,11.50,0.0575,true,1,205259
7290109358567,false,ספגטי פלוס אסם,,,ספגטי פלוס אסם,גרמים,400.00,100 גרם,false,,5.90,0.0148,false,1,197110
7290109580043,false,"שניצל תירס 1.75 ק""ג",זוגלובק,,"שניצל תירס 1.75 ק""ג",קילוגרמים,1.75,"ק""ג",false,,49.90,28.5143,true,1,215138
7290109580050,false,נקניקיות צ'וריסוס 22,זוגלובק,,נקניקיות צ'וריסוס 22,גרמים,226.00,100 גרם,false,,29.90,0.1323,true,1,261838
7290109580098,false,קבנוס בטעם סרירצ'ה 1,זוגלובק,,קבנוס בטעם סרירצ'ה 1,גרמים,135.00,100 גרם,false,,10.00,0.0741,true,1,262062
7290109580104,false,רוסטביף 150 גר' פרמי,זוגלובק,,רוסטביף 150 גר' פרמי,גרמים,150.00,100 גרם,false,,25.90,0.1727,true,1,259599
7290109580111,false,צלעות אסאדו מעושנת פ,זוגלובק,,צלעות אסאדו מעושנת פ,גרמים,120.00,100 גרם,false,,25.90,0.2158,true,1,261666
7290109580128,false,קונפי הודו ואווז 100,זוגלובק,,קונפי הודו ואווז 100,גרמים,100.00,100 גרם,false,,25.90,0.2590,true,1,259600
7290109580135,false,קורנביף 180 גר' פרימ,זוגלובק,,קורנביף 180 גר' פרימ,גרמים,180.00,100 גרם,false,,25.90,0.1439,true,1,218620
7290109580166,false,סרוולד קלאסי 150 גר',זוגלובק,,סרוולד קלאסי 150 גר',גרמים,150.00,100 גרם,false,,25.90,0.1727,true,1,259601
7290109580210,false,נקניקיות ריינהולד'ס,זוגלובק,,נקניקיות ריינהולד'ס,גרמים,300.00,100 גרם,false,,19.90,0.0663,true,1,261230
7290109580227,false,נקניקיות ריינהולד'ס,זוגלובק,,נקניקיות ריינהולד'ס,גרמים,300.00,100 גרם,false,,19.90,0.0663,true,1,261231
7290109580234,false,נקניקיות מרגז 226 גר,זוגלובק,,נקניקיות מרגז 226 גר,גרמים,226.00,100 גרם,false,,29.90,0.1323,true,1,261840
7290109580241,false,נאגטס מן הצומח 500 ג,זוגלובק,,נאגטס מן הצומח 500 ג,גרמים,500.00,100 גרם,false,,22.90,0.0458,true,1,263168
7290109580319,false,בורגר 280 גר' WONDER,זוגלובק,,בורגר 280 גר' WONDER,גרמים,280.00,100 גרם,false,,29.90,0.1068,true,1,261841
7290109580432,false,פסטרמה חזה הודו מעוש,זוגלובק,,פסטרמה חזה הודו מעוש,גרמים,120.00,100 גרם,false,,13.90,0.1158,true,1,263362
7290109640372,false,משומשו ממרח עם זיתים,,,משומשו ממרח עם זיתים,גרמים,200.00,100 גרם,false,,16.90,0.0845,true,1,217696
7290109640396,false,משומשו ממרח שום שמיר,,,משומשו ממרח שום שמיר,גרמים,200.00,100 גרם,false,,16.90,0.0845,true,1,217660
7290109640402,false,משומשו ממרח בטעם טבע,,,משומשו ממרח בטעם טבע,גרמים,200.00,100 גרם,false,,16.90,0.0845,true,1,217661
7290109640631,false,משומשו לאבנה טבעונית,,,משומשו לאבנה טבעונית,גרמים,200.00,100 גרם,false,,16.90,0.0845,true,1,217662
7290109640648,false,משומשו ממרח בטעם חמא,,,משומשו ממרח בטעם חמא,גרמים,150.00,100 גרם,false,,13.90,0.0927,true,1,217659
7290109920153,false,לובן צח לכביסה לבנה,יעקובי,,לובן צח לכביסה לבנה,גרמים,790.00,100 גרם,false,,25.90,0.0328,true,1,196092
7290109920313,false,אסטוניש מרסס מבריק ח,יעקובי אסטוניש,,אסטוניש מרסס מבריק ח,מיליליטרים,750.00,"100 מ""ל",false,,11.90,0.0159,true,1,200239
7290109920580,false,אסטוניש מרסס אקונומי,יעקובי אסטוניש,,אסטוניש מרסס אקונומי,מיליליטרים,750.00,"100 מ""ל",false,,11.90,0.0159,true,1,200241
7290109920597,false,אסטוניש מרסס למקלחון,יעקובי אסטוניש,,אסטוניש מרסס למקלחון,מיליליטרים,750.00,"100 מ""ל",false,,11.90,0.0159,true,1,200242
7290109920603,false,אסטוניש קרם לניקוי ה,יעקובי אסטוניש,,אסטוניש קרם לניקוי ה,מיליליטרים,500.00,"100 מ""ל",false,,12.90,0.0258,true,1,201770
7290109920627,false,אסטוניש קרם אמבט עם,יעקובי אסטוניש,,אסטוניש קרם אמבט עם,מיליליטרים,500.00,"100 מ""ל",false,,9.90,0.0198,true,1,201135
7290109920658,false,אסטוניש מרסס אנטי בק,יעקובי אסטוניש,,אסטוניש מרסס אנטי בק,מיליליטרים,750.00,"100 מ""ל",false,,11.90,0.0159,true,1,200243
7290109920665,false,אסטוניש מרסס מסיר או,יעקובי אסטוניש,,אסטוניש מרסס מסיר או,מיליליטרים,750.00,"100 מ""ל",false,,11.90,0.0159,true,1,200244
7290109920740,false,הפי מרכך מרוכז לכביס,יעקובי הפי,,הפי מרכך מרוכז לכביס,ליטרים,1.00,ליטר,false,,14.90,14.9000,true,1,200926
7290109920757,false,הפי מרכך מרוכז לכביס,יעקובי הפי,,הפי מרכך מרוכז לכביס,ליטרים,1.00,ליטר,false,,14.90,14.9000,true,1,200762
7290109920795,false,אסטוניש רב תכליתי לב,יעקובי אסטוניש,,אסטוניש רב תכליתי לב,ליטרים,1.00,ליטר,false,,9.90,9.9000,true,1,201136
7290109920825,false,דורגול אספרסו,יעקובי דורגול,,דורגול אספרסו,מיליליטרים,500.00,"100 מ""ל",false,,26.90,0.0538,true,1,205022
7290109920849,false,אסטוניש מרסס תפוז לנ,יעקובי אסטוניש,,אסטוניש מרסס תפוז לנ,מיליליטרים,750.00,"100 מ""ל",false,,11.90,0.0159,true,1,200245
7290109920870,false,הפי ג'ל לכביסה שחורה,יעקובי הפי,,הפי ג'ל לכביסה שחורה,ליטרים,1.00,ליטר,false,,14.90,14.9000,true,1,203036
7290109920887,false,הפי לכביסה עדינה 1 ל,יעקובי הפי,,הפי לכביסה עדינה 1 ל,ליטרים,1.00,ליטר,false,,14.90,14.9000,true,1,202871
7290109920917,false,הפי לניקוי האסלה עם,,,הפי לניקוי האסלה עם,מיליליטרים,750.00,"100 מ""ל",false,,9.90,0.0132,true,1,203201
7290109921129,false,הפי מרכך כביסה כחול,יעקובי הפי,,הפי מרכך כביסה כחול,ליטרים,1.00,ליטר,false,,14.90,14.9000,true,1,203093
7290109921303,false,טורבול סופג לחות יעק,יעקובי,,טורבול סופג לחות יעק,גרמים,200.00,100 גרם,false,,26.90,0.1345,true,1,205174
7290109921334,false,אדיאל פרוטקט מונע הע,יעקובי,,אדיאל פרוטקט מונע הע,יחידה,0.00,יחידה,false,,17.90,0.0000,true,1,206617
7290109921372,false,משחת אסטוניש+ספוג לנ,יעקובי אסטוניש,,משחת אסטוניש+ספוג לנ,גרמים,250.00,100 גרם,false,,17.90,0.0716,true,1,207006
7290109921389,false,השיפוצניק שטיפת רצפו,יעקובי,,השיפוצניק שטיפת רצפו,מיליליטרים,900.00,"100 מ""ל",false,,19.90,0.0221,true,1,207007
7290109921488,false,דורגול למכונת כביסה,יעקובי דורגול,,דורגול למכונת כביסה,מיליליטרים,500.00,"100 מ""ל",false,,27.90,0.0558,true,1,208720
7290109921563,false,יעקובי רצפות שיש 1.2,יעקובי,,יעקובי רצפות שיש 1.2,ליטרים,1.25,ליטר,false,,15.90,12.7200,true,1,209122
7290109921570,false,יעקובי לניקוי פרקט 1,יעקובי,,יעקובי לניקוי פרקט 1,ליטרים,1.25,ליטר,false,,15.90,12.7200,true,1,209123
7290109921686,false,פוליבוי 24 מטליות לח,יעקובי,,פוליבוי 24 מטליות לח,יחידה,0.00,יחידה,false,,11.90,0.0000,true,1,211208
7290109921723,false,דורגול ג'ל לאסלה 750,יעקובי דורגול,,דורגול ג'ל לאסלה 750,מיליליטרים,750.00,"100 מ""ל",false,,17.90,0.0239,true,1,217618
7290109921853,false,אסטוניש משחת פרימיום,יעקובי אסטוניש,,אסטוניש משחת פרימיום,גרמים,150.00,100 גרם,false,,17.90,0.1193,true,1,215001
7290109921952,false,ג'ל כביסה מרוכז לכבי,יעקובי,,ג'ל כביסה מרוכז לכבי,ליטרים,2.50,ליטר,false,,28.90,11.5600,true,1,217115
7290109921969,false,ג'ל כביסה מרוכז לכבי,יעקובי,,ג'ל כביסה מרוכז לכבי,ליטרים,2.50,ליטר,false,,28.90,11.5600,true,1,217116
7290109921976,false,ג'ל כביסה מרוכז לתינ,יעקובי,,ג'ל כביסה מרוכז לתינ,ליטרים,2.50,ליטר,false,,28.90,11.5600,true,1,217117
7290109922010,false,אטאק ספריי מחטא אווי,יעקובי,,אטאק ספריי מחטא אווי,מיליליטרים,500.00,"100 מ""ל",false,,9.90,0.0198,true,1,217619
7290109922843,false,אקונומיקה 2 ליטר יעק,,,אקונומיקה 2 ליטר יעק,ליטרים,2.00,ליטר,false,,9.90,4.9500,true,1,262297
7290109922881,false,דורגול מרסס למטבח 60,יעקובי דורגול,,דורגול מרסס למטבח 60,מיליליטרים,600.00,"100 מ""ל",false,,19.90,0.0332,true,1,262385
7290109922898,false,דזיטול ספריי רב תכלי,,,דזיטול ספריי רב תכלי,מיליליטרים,400.00,"100 מ""ל",false,,12.90,0.0323,true,1,260948
7290109923024,false,אסטוניש מרסס פרימיום,יעקובי אסטוניש,,אסטוניש מרסס פרימיום,מיליליטרים,750.00,"100 מ""ל",false,,13.90,0.0185,true,1,261761
7290109923031,false,אסטוניש מרסס פרימיום,יעקובי אסטוניש,,אסטוניש מרסס פרימיום,מיליליטרים,750.00,"100 מ""ל",false,,13.90,0.0185,true,1,261762
7290109923048,false,אסטוניש מרסס פרימיום,יעקובי אסטוניש,,אסטוניש מרסס פרימיום,מיליליטרים,750.00,"100 מ""ל",false,,13.90,0.0185,true,1,261763
7290109923079,false,דזיטול נוזל מרוכז לח,,,דזיטול נוזל מרוכז לח,ליטרים,2.00,ליטר,false,,19.90,9.9500,true,1,262925
7290109923109,false,סבון אסלה 5 צדפות+אק,יעקובי,,סבון אסלה 5 צדפות+אק,יחידה,0.00,יחידה,false,,12.90,0.0000,true,1,262919
7290109923147,false,אסטוניש פלא של אקונו,יעקובי אסטוניש,,אסטוניש פלא של אקונו,מיליליטרים,750.00,"100 מ""ל",false,,13.90,0.0185,true,1,262926
7290110000066,false,דבש מגובש פרחי דרדר,,,דבש מגובש פרחי דרדר,גרמים,500.00,100 גרם,false,,27.90,0.0558,true,1,211307
7290110000301,false,דבש מגובש פרחי אבוקד,,,דבש מגובש פרחי אבוקד,גרמים,500.00,100 גרם,false,,27.90,0.0558,true,1,210656
7290110000424,false,"שיבולת שועל 1 ק""ג",,,"שיבולת שועל 1 ק""ג",קילוגרמים,1.00,"ק""ג",false,,7.50,7.5000,true,1,212113
7290110000431,false,שיבולת שועל אינסטנט,,,שיבולת שועל אינסטנט,קילוגרמים,1.00,"100 ק""ג",false,,7.50,7.5000,true,1,212948
7290110000462,false,דבש מגובש פרחי אקליפ,,,דבש מגובש פרחי אקליפ,גרמים,500.00,100 גרם,false,,27.90,0.0558,true,1,214072
7290110000493,false,חמאת בוטנים טבעית קר,,,חמאת בוטנים טבעית קר,גרמים,350.00,100 גרם,false,,12.90,0.0369,true,1,210674
7290110000714,false,תרכיז חמוציות 250 גר,,,תרכיז חמוציות 250 גר,מיליליטרים,250.00,"100 מ""ל",false,,31.90,0.1276,true,1,212451
7290110001773,false,טחינולינה ממרח שומשו,,,טחינולינה ממרח שומשו,גרמים,350.00,100 גרם,false,,14.90,0.0426,true,1,261180
7290110001827,false,ממרח בוטנים עם קקאו,,,ממרח בוטנים עם קקאו,גרמים,350.00,100 גרם,false,,12.90,0.0369,true,1,261178
7290110002152,false,דבש לחיץ מפרחי בר 25,,,דבש לחיץ מפרחי בר 25,גרמים,250.00,100 גרם,false,,16.90,0.0676,true,1,262189
7290110110277,false,סומרסבי רביעייה סייד,,,סומרסבי רביעייה סייד,מיליליטרים,1320.00,"100 מ""ל",false,,35.90,0.0272,true,1,202817
7290110110369,false,שישיה קרלסברג לומה ל,,,שישיה קרלסברג לומה ל,מיליליטרים,1980.00,"100 מ""ל",false,,37.90,0.0191,false,1,213380
7290110110659,false,ספרייט ליים פחית 330,,,ספרייט ליים פחית 330,מיליליטרים,330.00,"100 מ""ל",false,,4.90,0.0148,true,1,201961
7290110110703,false,מארז ספרייט ליים פחי,,,מארז ספרייט ליים פחי,ליטרים,1.98,ליטר,false,,22.00,11.1111,false,1,201958
7290110111809,false,מארז פאנטה פחיות שיש,,,מארז פאנטה פחיות שיש,ליטרים,1980.00,100 ליטר,false,,22.00,0.0111,false,1,206867
7290110113261,false,חמוציות אושן ספריי 1,פריגת,,חמוציות אושן ספריי 1,ליטרים,1.00,ליטר,false,,12.90,12.9000,false,1,219821
7290110113377,false,מארז רביעיה קוקה קול,,,מארז רביעיה קוקה קול,ליטרים,4.00,ליטר,false,,27.00,6.7500,false,1,263396
7290110113384,false,מארז רביעיה קולה זיר,,,מארז רביעיה קולה זיר,ליטרים,4.00,ליטר,false,,25.90,6.4750,false,1,263397
7290110113452,false,קולה זירו מנגו 1.5 ל,,,קולה זירו מנגו 1.5 ל,ליטרים,1.50,ליטר,false,,6.70,4.4667,false,1,212858
7290110113476,false,שישיה קרלסברג 0% אלכ,,,שישיה קרלסברג 0% אלכ,מיליליטרים,1980.00,"100 מ""ל",false,,31.90,0.0161,false,1,211110
7290110114787,false,נביעות + תפוח 1.5 לי,,,נביעות + תפוח 1.5 לי,ליטרים,1.50,ליטר,false,,8.90,5.9333,false,1,260038
7290110114794,false,נביעות + אפרסק 1.5 ל,,,נביעות + אפרסק 1.5 ל,ליטרים,1.50,ליטר,false,,8.90,5.9333,false,1,260039
7290110114800,false,נביעות + ענבים 1.5 ל,,,נביעות + ענבים 1.5 ל,ליטרים,1.50,ליטר,false,,8.90,5.9333,false,1,260040
7290110114855,false,שישיה נביעות 1.5 ליט,,,שישיה נביעות 1.5 ליט,ליטרים,9.00,ליטר,false,,12.90,1.4333,false,1,260045
7290110114893,false,סחוט תפוז 2 ליטר פרי,,,סחוט תפוז 2 ליטר פרי,ליטרים,2.00,ליטר,false,,29.90,14.9500,false,1,260745
7290110114954,false,תפוזים מתקתק 100% 2,,,תפוזים מתקתק 100% 2,ליטרים,2.00,ליטר,false,,22.90,11.4500,false,1,260749
7290110114961,false,פריגת תפוז 1.5 ליטר,,,פריגת תפוז 1.5 ליטר,ליטרים,1.50,ליטר,false,,9.00,6.0000,false,1,260047
7290110114985,false,פריגת אשכולית 1.5 לי,,,פריגת אשכולית 1.5 לי,ליטרים,1.50,ליטר,false,,9.00,6.0000,false,1,260049
7290110114992,false,פריגת Light אשכולית,,,פריגת Light אשכולית,ליטרים,1.50,ליטר,false,,8.60,5.7333,false,1,260050
7290110115005,false,פריגת ענבים 1.5 ליטר,,,פריגת ענבים 1.5 ליטר,ליטרים,1.50,ליטר,false,,9.00,6.0000,false,1,260051
7290110115036,false,פריגת מנגו 1.5 ליטר,,,פריגת מנגו 1.5 ליטר,ליטרים,1.50,ליטר,false,,9.00,6.0000,false,1,260054
7290110115043,false,פריגת לימונענע 1.5 ל,,,פריגת לימונענע 1.5 ל,ליטרים,1.50,ליטר,false,,9.00,6.0000,false,1,260055
7290110115050,false,פריגת מיקס תות בננה,,,פריגת מיקס תות בננה,ליטרים,1.50,ליטר,false,,9.00,6.0000,false,1,260056
7290110115081,false,פריגת צלול ענבים 1.5,,,פריגת צלול ענבים 1.5,ליטרים,1.50,ליטר,false,,8.60,5.7333,false,1,260059
7290110115104,false,פריגת צלול אפרסק 1.5,,,פריגת צלול אפרסק 1.5,ליטרים,1.50,ליטר,false,,8.60,5.7333,false,1,260061
7290110115111,false,פריגת צלול אננס 1.5,,,פריגת צלול אננס 1.5,ליטרים,1.50,ליטר,false,,8.60,5.7333,false,1,260062
7290110115128,false,פריגת צלול בטעם לימו,,,פריגת צלול בטעם לימו,ליטרים,1.50,ליטר,false,,8.60,5.7333,false,1,260063
7290110115203,false,קוקה קולה 1.5 ליטר פ,,,קוקה קולה 1.5 ליטר פ,ליטרים,1.50,ליטר,false,,8.90,5.9333,false,1,260196
7290110115227,false,קולה זירו 1.5 ליטר פ,,,קולה זירו 1.5 ליטר פ,ליטרים,1.50,ליטר,false,,8.50,5.6667,false,1,260198
7290110115234,false,קולה זירו נטול 1.5 ל,,,קולה זירו נטול 1.5 ל,ליטרים,1.50,ליטר,false,,8.50,5.6667,false,1,260199
7290110115241,false,קולה זירו לימון 1.5,,,קולה זירו לימון 1.5,ליטרים,1.50,ליטר,false,,8.50,5.6667,false,1,260200
7290110115258,false,קולה זירו מנגו 1.5 ל,,,קולה זירו מנגו 1.5 ל,ליטרים,1.50,ליטר,false,,8.50,5.6667,false,1,260201
7290110115265,false,ספרייט 1.5 ליטר LIM,,,ספרייט 1.5 ליטר LIM,ליטרים,1.50,ליטר,false,,8.90,5.9333,false,1,260211
7290110115272,false,ZERO ספרייט 1.5 ליטר,,,ZERO ספרייט 1.5 ליטר,ליטרים,1.50,ליטר,false,,8.50,5.6667,false,1,260212
7290110115289,false,ספרייט 19 קל' לימון-,,,ספרייט 19 קל' לימון-,ליטרים,1.50,ליטר,false,,8.50,5.6667,false,1,260213
7290110115296,false,פאנטה אורנג' 1.5 ליט,,,פאנטה אורנג' 1.5 ליט,ליטרים,1.50,ליטר,false,,8.90,5.9333,false,1,260214
7290110115302,false,פאנטה ZERO אורנג' 1.,,,פאנטה ZERO אורנג' 1.,ליטרים,1.50,ליטר,false,,8.50,5.6667,false,1,260215
7290110115319,false,פאנטה אקזוטיק 1.5 לי,,,פאנטה אקזוטיק 1.5 לי,ליטרים,1.50,ליטר,false,,8.90,5.9333,false,1,260216
7290110115333,false,פאנטה תות 1.5 ליטר פ,,,פאנטה תות 1.5 ליטר פ,ליטרים,1.50,ליטר,false,,8.90,5.9333,false,1,260218
7290110115357,false,קינלי סודה 1.5 ליטר,,,קינלי סודה 1.5 ליטר,ליטרים,1.50,ליטר,false,,4.20,2.8000,false,1,260226
7290110115364,false,קוקה קולה שישיות 1.5,,,קוקה קולה שישיות 1.5,ליטרים,9.00,ליטר,false,,51.00,5.6667,false,1,260202
7290110115371,false,דיאט קוקה קולה שישיו,,,דיאט קוקה קולה שישיו,ליטרים,9.00,ליטר,false,,47.80,5.3111,false,1,260203
7290110115388,false,ספרייט LIME שישיות 1,,,ספרייט LIME שישיות 1,ליטרים,9.00,ליטר,false,,51.00,5.6667,false,1,260221
7290110115395,false,ZERO ספרייט שישיות 1,,,ZERO ספרייט שישיות 1,ליטרים,9.00,ליטר,false,,47.80,5.3111,false,1,260222
7290110115401,false,קינלי סודה שישייה 1.,,,קינלי סודה שישייה 1.,ליטרים,9.00,ליטר,false,,15.70,1.7444,false,1,260227
7290110115418,false,קולה זירו שישיות 1.5,,,קולה זירו שישיות 1.5,ליטרים,9.00,ליטר,false,,47.80,5.3111,false,1,260204
7290110115425,false,FUZE tea גרין לימון-,,,FUZE tea גרין לימון-,ליטרים,1.50,ליטר,false,,8.90,5.9333,false,1,260228
7290110115449,false,FUZE tea מנגו אננס 1,,,FUZE tea מנגו אננס 1,ליטרים,1.50,ליטר,false,,9.50,6.3333,false,1,260230
7290110115456,false,FUZE tea אפרסק 19 קל,,,FUZE tea אפרסק 19 קל,ליטרים,1.50,ליטר,false,,8.90,5.9333,false,1,260231
7290110115463,false,FUZE tea אפרסק 1.5 ל,,,FUZE tea אפרסק 1.5 ל,ליטרים,1.50,ליטר,false,,9.50,6.3333,false,1,260232
7290110115494,false,FUZE tea ענבים 1.5 ל,,,FUZE tea ענבים 1.5 ל,ליטרים,1.50,ליטר,false,,9.50,6.3333,false,1,260235
7290110115531,false,פאנטה ZERO תפוח 1.5,,,פאנטה ZERO תפוח 1.5,ליטרים,1.50,ליטר,false,,8.50,5.6667,false,1,260220
7290110115586,false,פריגת תפוזים 40% פחו,,,פריגת תפוזים 40% פחו,ליטרים,1.50,ליטר,false,,8.60,5.7333,true,1,260064
7290110115593,false,פריגת אשכוליות 40% פ,,,פריגת אשכוליות 40% פ,ליטרים,1.50,ליטר,false,,8.60,5.7333,true,1,260065
7290110115616,false,פיוז טי זירו גרין אנ,,,פיוז טי זירו גרין אנ,ליטרים,1.50,ליטר,false,,8.90,5.9333,false,1,260871
7290110115623,false,פיוז טי זירו אפרסק 1,,,פיוז טי זירו אפרסק 1,מיליליטרים,1.50,"מ""ל",false,,8.90,5.9333,false,1,260868
7290110115777,false,בק' נביעות 1.5 ליטר,,,בק' נביעות 1.5 ליטר,ליטרים,1.50,ליטר,false,,3.60,2.4000,false,1,260941
7290110115845,false,קוקה קולה רגיל 1.5 ל,,,קוקה קולה רגיל 1.5 ל,ליטרים,1.50,ליטר,false,,8.90,5.9333,false,1,260967
7290110115852,false,קוקה קולה דיאט 1.5 ל,,,קוקה קולה דיאט 1.5 ל,ליטרים,1.50,ליטר,false,,8.50,5.6667,false,1,260964
7290110115869,false,קולה זירו 1.5 ליטר פ,,,קולה זירו 1.5 ליטר פ,ליטרים,1.50,ליטר,false,,8.50,5.6667,false,1,260919
7290110115920,false,מארז קוקה קולה שישיה,,,מארז קוקה קולה שישיה,ליטרים,6.00,ליטר,false,,41.40,6.9000,false,1,261240
7290110116040,false,פאנטה זירו פירות כחו,,,פאנטה זירו פירות כחו,ליטרים,1.50,ליטר,false,,8.50,5.6667,false,1,262849
7290110116064,false,פאנטה זירו פירות ירו,,,פאנטה זירו פירות ירו,ליטרים,1.50,ליטר,false,,8.50,5.6667,false,1,262848
7290110116132,false,סירופ בטעם לימון,פריגת,,סירופ בטעם לימון,מיליליטרים,750.00,"100 מ""ל",false,,22.90,0.0305,true,1,263393
7290110116194,false,נביעות+ לימון-ליים 1,,,נביעות+ לימון-ליים 1,ליטרים,1.50,ליטר,false,,9.50,6.3333,false,1,263385
7290110116217,false,נביעות+ אשכוליות 1.5,,,נביעות+ אשכוליות 1.5,ליטרים,1.50,ליטר,false,,9.50,6.3333,false,1,263384
7290110116323,false,קוקה-קולה זירו שישיי,,,קוקה-קולה זירו שישיי,ליטרים,9.00,ליטר,false,,44.90,4.9889,true,1,262099
7290110116392,false,סירופ בטעם תפוזים,פריגת,,סירופ בטעם תפוזים,מיליליטרים,750.00,"100 מ""ל",false,,22.90,0.0305,true,1,263395
7290110116552,false,ספרייט למון היט 1.5,,,ספרייט למון היט 1.5,ליטרים,1.50,ליטר,false,,8.90,5.9333,false,1,264433
7290110116569,false,זירו ספרייט למון היט,,,זירו ספרייט למון היט,ליטרים,1.50,ליטר,false,,8.50,5.6667,false,1,264432
7290110320591,false,בולגרית 16% פיראוס ב,תנובה חלב,,בולגרית 16% פיראוס ב,גרמים,250.00,100 גרם,false,,23.90,0.0956,true,1,197315
7290110320683,false,משקה יופלה תות שמיני,,,משקה יופלה תות שמיני,גרמים,856.00,100 גרם,false,,17.90,0.0209,true,1,199240
7290110320850,false,פתיתי עמק 200 גר,,,פתיתי עמק 200 גר,גרמים,200.00,100 גרם,false,,15.90,0.0795,false,1,199849
7290110320867,false,פתיתי עמק לאפיה 28%,,,פתיתי עמק לאפיה 28%,גרמים,500.00,100 גרם,false,,36.90,0.0738,false,1,199629
7290110320935,false,פרוסות מוצרלה 150 גר,,,פרוסות מוצרלה 150 גר,גרמים,150.00,100 גרם,false,,16.90,0.1127,true,1,199628
7290110321031,false,יופלה GO,,,יופלה GO,גרמים,200.00,100 גרם,false,,5.80,0.0290,true,1,199172
7290110321277,false,קוט'ג בקטנה 5% מהדרי,,,קוט'ג בקטנה 5% מהדרי,גרמים,100.00,100 גרם,false,,2.60,0.0260,false,1,200108
7290110321284,false,קוט'ג בקטנה 9% מהדרי,,,קוט'ג בקטנה 9% מהדרי,גרמים,100.00,100 גרם,false,,2.60,0.0260,false,1,200109
7290110321604,false,קוביית בולגרית מעודנ,,,קוביית בולגרית מעודנ,גרמים,230.00,100 גרם,false,,21.90,0.0952,true,1,202805
7290110321680,false,יופלה גו בטעמי פירות,,,יופלה גו בטעמי פירות,גרמים,200.00,100 גרם,false,,6.20,0.0310,true,1,200723
7290110321697,false,יופלה גו אפרסק,,,יופלה גו אפרסק,גרמים,200.00,100 גרם,false,,6.20,0.0310,true,1,200724
7290110321703,false,יופלה גו פירות יער,,,יופלה גו פירות יער,גרמים,200.00,100 גרם,false,,6.20,0.0310,true,1,202445
7290110321789,false,גבינת מסקרפונה 38% ה,,,גבינת מסקרפונה 38% ה,גרמים,250.00,100 גרם,false,,20.50,0.0820,true,1,201832
7290110322014,false,טופו טבעי 300 גר,,,טופו טבעי 300 גר,גרמים,300.00,100 גרם,false,,12.90,0.0430,true,1,202574
7290110322021,false,טופו בזיליקום 300 גר,,,טופו בזיליקום 300 גר,גרמים,300.00,100 גרם,false,,12.90,0.0430,true,1,202599
7290110322038,false,טופו פיקנטי 300 גר,,,טופו פיקנטי 300 גר,גרמים,300.00,100 גרם,false,,12.90,0.0430,true,1,202575
7290110322946,false,יופלה טיוב תות בננה,,,יופלה טיוב תות בננה,גרמים,348.00,100 גרם,false,,12.60,0.0362,false,1,204598
7290110323073,false,משקה יוגורט יופלה תו,,,משקה יוגורט יופלה תו,מיליליטרים,250.00,"100 מ""ל",false,,6.70,0.0268,true,1,204325
7290110323301,false,גבינת טל העמק 32% שו,,,גבינת טל העמק 32% שו,גרמים,200.00,100 גרם,false,,19.90,0.0995,true,1,206490
7290110323585,false,יוגורט עם דבדבן מופח,,,יוגורט עם דבדבן מופח,גרמים,200.00,100 גרם,false,,6.20,0.0310,true,1,204899
7290110323592,false,יוגורט עם אפרסק מופח,,,יוגורט עם אפרסק מופח,גרמים,200.00,100 גרם,false,,6.20,0.0310,true,1,204900
7290110323714,false,משקה קוקוס שקדים 1 ל,,,משקה קוקוס שקדים 1 ל,מיליליטרים,1000.00,"100 מ""ל",false,,12.60,0.0126,true,1,205474
7290110324070,false,גבינת חלומי 200 גר ת,,,גבינת חלומי 200 גר ת,גרמים,200.00,100 גרם,false,,19.90,0.0995,true,1,206497
7290110324353,false,יופלה GO לייט אננס,,,יופלה GO לייט אננס,מיליליטרים,200.00,"100 מ""ל",false,,6.20,0.0310,true,1,207450
7290110324551,false,יופלה טיוב תות,,,יופלה טיוב תות,גרמים,348.00,100 גרם,false,,12.60,0.0362,false,1,205897
7290110324711,false,ממרח סויה 9% בטעם טב,,,ממרח סויה 9% בטעם טב,גרמים,250.00,100 גרם,false,,8.90,0.0356,true,1,207491
7290110324728,false,ממרח סויה 9% עם שום,,,ממרח סויה 9% עם שום,גרמים,250.00,100 גרם,false,,8.90,0.0356,true,1,207492
7290110324841,false,מעדן שקדים עם שוקולד,,,מעדן שקדים עם שוקולד,גרמים,125.00,100 גרם,false,,4.40,0.0352,false,1,209474
7290110324858,false,מעדן שקדים בטעם אגוז,,,מעדן שקדים בטעם אגוז,גרמים,125.00,100 גרם,false,,4.40,0.0352,true,1,209477
7290110324872,false,גבינת גלבוע 200ר,,,גבינת גלבוע 200ר,גרמים,200.00,100 גרם,false,,18.90,0.0945,false,1,209759
7290110324926,false,משקה סויה ללא תוספת,,,משקה סויה ללא תוספת,מיליליטרים,1000.00,"100 מ""ל",false,,10.60,0.0106,false,1,209724
7290110325114,false,משקה יוגורט גו לייט,,,משקה יוגורט גו לייט,גרמים,250.00,100 גרם,false,,6.70,0.0268,true,1,208168
7290110325169,false,גאודה פרוסות,,,גאודה פרוסות,גרמים,170.00,100 גרם,false,,19.50,0.1147,true,1,211756
7290110325305,false,מעדן סויה גו 20 גרם,,,מעדן סויה גו 20 גרם,גרמים,200.00,100 גרם,false,,6.10,0.0305,true,1,209465
7290110325312,false,מעדן סויה גו 20 גרם,,,מעדן סויה גו 20 גרם,גרמים,200.00,100 גרם,false,,6.10,0.0305,true,1,209466
7290110325510,false,יופלה טיוב וניל,,,יופלה טיוב וניל,גרמים,348.00,100 גרם,false,,12.60,0.0362,false,1,209910
7290110325619,false,משקה שיבולת שועל 1 ל,תנובה חלב,,משקה שיבולת שועל 1 ל,ליטרים,1.00,ליטר,false,,12.60,12.6000,true,1,210394
7290110325701,false,פיראוס צזיקי יווני 9,,,פיראוס צזיקי יווני 9,גרמים,250.00,100 גרם,false,,12.90,0.0516,true,1,210871
7290110325879,false,פתיתי גאודה 200 גר',,,פתיתי גאודה 200 גר',גרמים,200.00,100 גרם,false,,17.90,0.0895,true,1,211956
7290110325893,false,תנובה GO אייס קפה 34,,,תנובה GO אייס קפה 34,מיליליטרים,340.00,"100 מ""ל",false,,8.00,0.0235,true,1,210393
7290110326210,false,יופלה און טופ פצפוצי,,,יופלה און טופ פצפוצי,גרמים,157.00,100 גרם,false,,5.10,0.0325,true,1,211957
7290110326227,false,יופלה און טופ קורנפל,,,יופלה און טופ קורנפל,גרמים,157.00,100 גרם,false,,5.10,0.0325,true,1,211958
7290110326234,false,יופלה און טופ כוכבים,,,יופלה און טופ כוכבים,גרמים,157.00,100 גרם,false,,5.10,0.0325,true,1,211959
7290110326241,false,יופלה און טופ גרנולה,,,יופלה און טופ גרנולה,גרמים,157.00,100 גרם,false,,5.10,0.0325,true,1,211960
7290110326333,false,פרוסות גבינה סקנדינב,,,פרוסות גבינה סקנדינב,גרמים,170.00,100 גרם,false,,19.50,0.1147,false,1,214888
7290110327033,false,משקה סויה תנובה גו מ,,,משקה סויה תנובה גו מ,מיליליטרים,1000.00,"100 מ""ל",false,,12.60,0.0126,true,1,214166
7290110327064,false,אייס קפה שיבולת שועל,,,אייס קפה שיבולת שועל,ליטרים,1.00,ליטר,false,,11.90,11.9000,true,1,213302
7290110327514,false,משקה שיבולת שועל בטע,תנובה חלב,,משקה שיבולת שועל בטע,ליטרים,1.00,ליטר,false,,12.60,12.6000,true,1,260567
7290110327545,false,יופלה און טופ בטעם ת,,,יופלה און טופ בטעם ת,גרמים,150.00,100 גרם,false,,4.90,0.0327,true,1,215244
7290110327798,false,חטיף חלבון GO בטעם ש,,,חטיף חלבון GO בטעם ש,גרמים,60.00,100 גרם,false,,11.90,0.1983,true,1,219147
7290110327804,false,חטיף חלבון GO בצק עו,,,חטיף חלבון GO בצק עו,יחידה,0.00,יחידה,false,,11.90,0.0000,true,1,259742
7290110327811,false,חטיף חלבון GO בטעם ק,,,חטיף חלבון GO בטעם ק,גרמים,60.00,100 גרם,false,,11.90,0.1983,true,1,219149
7290110327828,false,חטיף חלבון GO בטעם ח,,,חטיף חלבון GO בטעם ח,גרמים,60.00,100 גרם,false,,11.90,0.1983,true,1,219148
7290110328474,false,פלח פרמג'אנו רג'יאנו,,,פלח פרמג'אנו רג'יאנו,גרמים,150.00,100 גרם,false,,29.90,0.1993,true,1,217523
7290110328481,false,פתיתי פרמג'אנו רג'יא,,,פתיתי פרמג'אנו רג'יא,גרמים,100.00,100 גרם,false,,15.90,0.1590,true,1,217524
7290110328504,false,מיקס גבינות מוצרלה ס,,,מיקס גבינות מוצרלה ס,גרמים,300.00,100 גרם,false,,26.50,0.0883,true,1,217509
7290110328610,false,משקה אורז ושקדים ברי,תנובה חלב,,משקה אורז ושקדים ברי,ליטרים,1000.00,ליטר,false,,11.90,0.0119,true,1,262955
7290110328627,false,יוגורט גו סמיך 0% בנ,,,יוגורט גו סמיך 0% בנ,גרמים,200.00,100 גרם,false,,6.20,0.0310,true,1,218492
7290110328641,false,טופו טבעי 500 גר אלט,,,טופו טבעי 500 גר אלט,גרמים,500.00,100 גרם,false,,18.90,0.0378,false,1,219205
7290110328764,false,יוגורט גו סמיך 0% תו,,,יוגורט גו סמיך 0% תו,גרמים,200.00,100 גרם,false,,6.20,0.0310,true,1,218491
7290110328771,false,יוגורט גו סמיך 0% פי,,,יוגורט גו סמיך 0% פי,גרמים,200.00,100 גרם,false,,6.20,0.0310,true,1,218494
7290110328788,false,יוגורט גו סמיך 0% אפ,,,יוגורט גו סמיך 0% אפ,גרמים,200.00,100 גרם,false,,6.20,0.0310,true,1,218493
7290110328887,false,חלב תנובה 3% מהדרין,,,חלב תנובה 3% מהדרין,ליטרים,1.00,ליטר,false,,6.23,6.2300,false,1,261132
7290110328955,false,קוביות גבינת עזים בש,,,קוביות גבינת עזים בש,גרמים,350.00,100 גרם,false,,26.50,0.0757,true,1,261858
7290110329136,false,מעדן חלב גו בטעם שוק,,,מעדן חלב גו בטעם שוק,גרמים,120.00,100 גרם,false,,4.90,0.0408,true,1,260452
7290110329143,false,מעדן חלב גו בטעם וני,,,מעדן חלב גו בטעם וני,גרמים,120.00,100 גרם,false,,4.90,0.0408,true,1,260445
7290110329211,false,מאגדת דיאט יופלה תות,,,מאגדת דיאט יופלה תות,גרמים,1200.00,100 גרם,false,,28.90,0.0241,true,1,259527
7290110329266,false,יוגורט מחלב עיזים מל,,,יוגורט מחלב עיזים מל,גרמים,140.00,100 גרם,false,,6.20,0.0443,true,1,219393
7290110329273,false,יוגורט מחלב עיזים מל,,,יוגורט מחלב עיזים מל,גרמים,750.00,100 גרם,false,,21.00,0.0280,true,1,219392
7290110329303,false,פרוסות גבינה בטעם צה,,,פרוסות גבינה בטעם צה,גרמים,200.00,100 גרם,false,,21.90,0.1095,false,1,260782
7290110329426,false,טופו אלטרנטיב עם רוט,,,טופו אלטרנטיב עם רוט,גרמים,250.00,100 גרם,false,,13.50,0.0540,true,1,262694
7290110329686,false,משקה חלב GO בטעם עוג,,,משקה חלב GO בטעם עוג,מיליליטרים,340.00,"100 מ""ל",false,,8.00,0.0235,true,1,260314
7290110329716,false,משקה קפה קר בטעם קפו,,,משקה קפה קר בטעם קפו,מיליליטרים,230.00,"100 מ""ל",false,,6.90,0.0300,true,1,262683
7290110329723,false,משקה קפה קר בטעם לאט,,,משקה קפה קר בטעם לאט,מיליליטרים,230.00,"100 מ""ל",false,,6.90,0.0300,true,1,262684
7290110329730,false,משקה חלב עם שוקולד ו,,,משקה חלב עם שוקולד ו,מיליליטרים,230.00,"100 מ""ל",false,,6.90,0.0300,true,1,262685
7290110329792,false,סויה ביו אפרסק Alter,,,סויה ביו אפרסק Alter,גרמים,150.00,100 גרם,false,,4.60,0.0307,true,1,260925
7290110329808,false,סויה ביו תות Alterna,,,סויה ביו תות Alterna,גרמים,150.00,100 גרם,false,,4.60,0.0307,true,1,260922
7290110329815,false,סויה ביו מתיקות מעוד,,,סויה ביו מתיקות מעוד,גרמים,150.00,100 גרם,false,,4.60,0.0307,true,1,260923
7290110329822,false,סויה ביו פירות יער A,,,סויה ביו פירות יער A,גרמים,150.00,100 גרם,false,,4.60,0.0307,true,1,260924
7290110329839,false,פרוסות צהובה בטעם זי,,,פרוסות צהובה בטעם זי,גרמים,200.00,100 גרם,false,,21.90,0.1095,false,1,260783
7290110329846,false,סויה ביו טבעי Alter,,,סויה ביו טבעי Alter,גרמים,150.00,100 גרם,false,,4.60,0.0307,true,1,260926
7290110329914,false,מאגדת משקה שיבולת שו,,,מאגדת משקה שיבולת שו,גרמים,600.00,100 גרם,false,,18.90,0.0315,true,1,262971
7290110421694,false,פצירה מקצועית,,,פצירה מקצועית,יחידה,0.00,יחידה,false,,15.90,0.0000,true,1,196834
7290110421953,false,מברשת שיער צבעונית,,,מברשת שיער צבעונית,יחידה,0.00,יחידה,false,,16.90,0.0000,true,1,196843
7290110423476,false,סיכות סבתא,,,סיכות סבתא,יחידה,0.00,יחידה,false,,3.90,0.0000,true,1,199108
7290110423520,false,גומיות שיער צבעוני ס,,,גומיות שיער צבעוני ס,יחידה,0.00,יחידה,false,,7.90,0.0000,true,1,198370
7290110423537,false,גומיות שיער צבעוני 1,,,גומיות שיער צבעוני 1,יחידה,0.00,יחידה,false,,7.90,0.0000,true,1,198371
7290110423681,false,רשת צליה,,,רשת צליה,יחידה,0.00,יחידה,false,,15.90,0.0000,true,1,208563
7290110424015,false,חם צוואר נשים,,,חם צוואר נשים,יחידה,0.00,יחידה,false,,19.90,0.0000,true,1,198965
7290110424053,false,מטריה ילדים,,,מטריה ילדים,יחידה,0.00,יחידה,false,,19.90,0.0000,true,1,198977
7290110424411,false,כובע תינוקות כלב,,,כובע תינוקות כלב,יחידה,0.00,יחידה,false,,21.90,0.0000,true,1,198956
7290110424619,false,צעיף נשים פתוח,,,צעיף נשים פתוח,יחידה,0.00,יחידה,false,,29.90,0.0000,true,1,199936
7290110424992,false,סיכות תינוקות 12 יח,,,סיכות תינוקות 12 יח,יחידה,0.00,יחידה,false,,5.90,0.0000,true,1,199495
7290110425128,false,מברשת פן,,,מברשת פן,יחידה,0.00,יחידה,false,,19.90,0.0000,true,1,202695
7290110426279,false,גומיות בשקית 40 יח',,,גומיות בשקית 40 יח',יחידה,0.00,יחידה,false,,3.50,0.0000,true,1,213160
7290110426439,false,כובע סרוג נשים,,,כובע סרוג נשים,יחידה,0.00,יחידה,false,,29.90,0.0000,true,1,209498
7290110427900,false,כפכף קיץ לגבר,,,כפכף קיץ לגבר,יחידה,0.00,יחידה,false,,29.90,0.0000,true,1,211248
7290110428044,false,זר פרחים לראש,,,זר פרחים לראש,יחידה,0.00,יחידה,false,,29.90,0.0000,true,1,218039
7290110428204,false,מברשת שיער צבעונית,,,מברשת שיער צבעונית,יחידה,0.00,יחידה,false,,9.90,0.0000,true,1,213554
7290110428211,false,מברשת שיער אובלית,,,מברשת שיער אובלית,יחידה,0.00,יחידה,false,,12.90,0.0000,true,1,213817
7290110428273,false,מלקחיים נירוסטה,,,מלקחיים נירוסטה,יחידה,0.00,יחידה,false,,9.90,0.0000,true,1,213168
7290110550226,false,מטבעות שוקולד מריר ל,,,מטבעות שוקולד מריר ל,גרמים,400.00,100 גרם,false,,31.90,0.0797,true,1,263778
7290110550363,false,פריכיות משולשות קינו,,,פריכיות משולשות קינו,גרמים,65.00,100 גרם,false,,10.60,0.1631,true,1,261403
7290110550370,false,משולשות קינואה ופלפל,,,משולשות קינואה ופלפל,גרמים,65.00,100 גרם,false,,10.60,0.1631,true,1,263936
7290110551254,false,נשנושי תירס 600 גר ש,,,נשנושי תירס 600 גר ש,גרמים,600.00,100 גרם,false,,14.90,0.0248,true,1,263957
7290110552121,false,היוגורט הראשון שלי 1,,,היוגורט הראשון שלי 1,גרמים,100.00,100 גרם,false,,2.20,0.0220,true,1,262506
7290110552220,false,דנונה פרו תות ללא סו,,,דנונה פרו תות ללא סו,גרמים,200.00,100 גרם,false,,5.90,0.0295,true,1,261023
7290110552237,false,דנונה פרו אפרסק מנגו,,,דנונה פרו אפרסק מנגו,גרמים,200.00,100 גרם,false,,5.90,0.0295,true,1,261024
7290110553029,false,פריכיות חלבון קייל,,,פריכיות חלבון קייל,גרמים,60.00,100 גרם,false,,10.60,0.1767,true,1,261405
7290110553036,false,פריכיות חלבון בטטה ס,,,פריכיות חלבון בטטה ס,גרמים,60.00,100 גרם,false,,10.60,0.1767,true,1,261404
7290110553098,false,אנרג'י מיקס צימוקים,,,אנרג'י מיקס צימוקים,גרמים,100.00,100 גרם,false,,14.90,0.1490,true,1,263617
7290110553173,false,אנרגי פריכיות בטעם ק,,,אנרגי פריכיות בטעם ק,גרמים,40.00,100 גרם,false,,6.50,0.1625,true,1,263937
7290110553180,false,אנרגי פריכיות בטעם ת,,,אנרגי פריכיות בטעם ת,גרמים,40.00,100 גרם,false,,6.50,0.1625,true,1,263938
7290110553425,false,קפה נמס 200 גר +20%ת,,,קפה נמס 200 גר +20%ת,גרמים,240.00,100 גרם,false,,19.90,0.0829,false,1,261131
7290110554101,false,"מייפל בפאוץ' 125 מ""ל",,,"מייפל בפאוץ' 125 מ""ל",מיליליטרים,125.00,"100 מ""ל",false,,17.90,0.1432,true,1,262499
7290110554118,false,נודלס מלזי חריף דליש,,,נודלס מלזי חריף דליש,גרמים,350.00,100 גרם,false,,23.90,0.0683,true,1,259776
7290110554125,false,נודלס סצ'ואן חריף דל,,,נודלס סצ'ואן חריף דל,גרמים,350.00,100 גרם,false,,23.90,0.0683,true,1,259774
7290110554262,false,חלבית 350 גרם,,,חלבית 350 גרם,גרמים,350.00,100 גרם,false,,22.90,0.0654,true,1,261770
7290110554422,false,רוטב עגבניות ופלפלים,,,רוטב עגבניות ופלפלים,גרמים,350.00,100 גרם,false,,11.90,0.0340,true,1,261423
7290110554460,false,צ'יטוס צ'דר חלפיניו,עלית,,צ'יטוס צ'דר חלפיניו,גרמים,65.00,100 גרם,false,,3.50,0.0538,true,1,263404
7290110554583,false,צ'יטוס פאפס גבינה 10,עלית,,צ'יטוס פאפס גבינה 10,גרמים,200.00,100 גרם,false,,12.90,0.0645,true,1,261117
7290110554699,false,קפסולות קפה בתי קליה,,,קפסולות קפה בתי קליה,גרמים,50.00,100 גרם,false,,18.90,0.3780,true,1,263939
7290110554705,false,קפסולות קפה בתי קליה,,,קפסולות קפה בתי קליה,גרמים,50.00,100 גרם,false,,18.90,0.3780,true,1,263940
7290110554712,false,קפסולות קפה בתי קליה,,,קפסולות קפה בתי קליה,גרמים,50.00,100 גרם,false,,18.90,0.3780,true,1,263941
7290110554729,false,קפסולות קפה למכונת נ,,,קפסולות קפה למכונת נ,גרמים,55.00,100 גרם,false,,16.90,0.3073,false,1,261918
7290110555009,false,פסאטה זוגות 700 גרם,,,פסאטה זוגות 700 גרם,גרמים,700.00,100 גרם,false,,11.90,0.0170,true,1,262500
7290110555078,false,לאבנה עם שמן זית ועש,,,לאבנה עם שמן זית ועש,גרמים,250.00,100 גרם,false,,10.90,0.0436,true,1,262501
7290110555092,false,לאבנה עם שמן זית וצ',,,לאבנה עם שמן זית וצ',גרמים,250.00,100 גרם,false,,10.90,0.0436,true,1,262502
7290110555306,false,רבע לשבע טבעוני סינמ,עלית,,רבע לשבע טבעוני סינמ,גרמים,125.00,100 גרם,false,,12.00,0.0960,false,1,262949
7290110555603,false,אבקה להכנת משקה בטעם,,,אבקה להכנת משקה בטעם,גרמים,360.00,100 גרם,false,,21.90,0.0608,true,1,264519
7290110555665,false,קקאו דל שומן בקופסא,,,קקאו דל שומן בקופסא,גרמים,220.00,100 גרם,false,,18.90,0.0859,true,1,264516
7290110556242,false,שוקולד מריר פרווה על,,,שוקולד מריר פרווה על,גרמים,100.00,100 גרם,false,,6.00,0.0600,false,1,263950
7290110557027,false,חומוס עשיר ב-50% טחי,,,חומוס עשיר ב-50% טחי,גרמים,400.00,100 גרם,false,,12.90,0.0323,true,1,260718
7290110557102,false,מעדן חלב עם שוקולד מ,,,מעדן חלב עם שוקולד מ,גרמים,150.00,100 גרם,false,,4.90,0.0327,true,1,259588
7290110557119,false,גמדים סקוויז פירות י,,,גמדים סקוויז פירות י,גרמים,100.00,100 גרם,false,,5.70,0.0570,true,1,261018
7290110557133,false,מעדן הגולן וניל,,,מעדן הגולן וניל,גרמים,125.00,100 גרם,false,,2.80,0.0224,false,1,260032
7290110557317,false,היוגורט הראשון שלי ש,,,היוגורט הראשון שלי ש,גרמים,100.00,100 גרם,false,,2.20,0.0220,true,1,262507
7290110557478,false,חומוס גלילי,,,חומוס גלילי,גרמים,600.00,100 גרם,false,,12.90,0.0215,true,1,261767
7290110557645,false,אנרג'י מיקס צימוקים,,,אנרג'י מיקס צימוקים,גרמים,100.00,100 גרם,false,,14.90,0.1490,true,1,263618
7290110558130,false,אקטיביה עם שיבולת שו,,,אקטיביה עם שיבולת שו,גרמים,150.00,100 גרם,false,,4.60,0.0307,true,1,262951
7290110558154,false,דנונה לייט אנד פרי ע,,,דנונה לייט אנד פרי ע,גרמים,150.00,100 גרם,false,,4.60,0.0307,true,1,263606
7290110558222,false,דנונה WOW בנופי,,,דנונה WOW בנופי,גרמים,150.00,100 גרם,false,,4.50,0.0300,true,1,263601
7290110558239,false,דנונה WOW קראק פאי,,,דנונה WOW קראק פאי,גרמים,150.00,100 גרם,false,,4.50,0.0300,true,1,263602
7290110558253,false,דנונה ריפרש בננה אננ,,,דנונה ריפרש בננה אננ,גרמים,250.00,100 גרם,false,,5.50,0.0220,true,1,262959
7290110558284,false,דנונה ביו מולטי 200,,,דנונה ביו מולטי 200,גרמים,200.00,100 גרם,false,,3.90,0.0195,false,1,263329
7290110558307,false,דנונה פרו 20 גרם חלב,,,דנונה פרו 20 גרם חלב,גרמים,200.00,100 גרם,false,,6.20,0.0310,false,1,262475
7290110558314,false,דנונה פרו 20 גר' ללא,,,דנונה פרו 20 גר' ללא,גרמים,200.00,100 גרם,false,,5.90,0.0295,false,1,263604
7290110558338,false,דנונה פרו 25 גרם חל,,,דנונה פרו 25 גרם חל,גרמים,200.00,100 גרם,false,,6.20,0.0310,true,1,262476
7290110558666,false,דניאלה בטעם תפוח,מגנום- שטראוס,,דניאלה בטעם תפוח,גרמים,88.00,100 גרם,false,,4.10,0.0466,true,1,264538
7290110558918,false,עלי חסה קראנצ' שטופי,,,עלי חסה קראנצ' שטופי,גרמים,150.00,100 גרם,false,,9.90,0.0660,true,1,263548
7290110559007,false,שעועית חומה טעם הטבע,,,שעועית חומה טעם הטבע,גרמים,380.00,100 גרם,false,,6.50,0.0171,true,1,263622
7290110559014,false,שעועית שחורה טעם הטב,,,שעועית שחורה טעם הטב,גרמים,380.00,100 גרם,false,,6.50,0.0171,true,1,263623
7290110559748,false,מאגדת ריל שקדים קוקו,,,מאגדת ריל שקדים קוקו,גרמים,105.00,100 גרם,false,,14.90,0.1419,true,1,263364
7290110559755,false,מאגדת ריל בוטנים פיס,,,מאגדת ריל בוטנים פיס,גרמים,105.00,100 גרם,false,,14.90,0.1419,true,1,263365
7290110559762,false,מאגדת ריל אגוזים תמר,,,מאגדת ריל אגוזים תמר,גרמים,105.00,100 גרם,false,,14.90,0.1419,true,1,263363
7290110559939,false,נתחי סויה בסגנון שוו,,,נתחי סויה בסגנון שוו,גרמים,350.00,100 גרם,false,,23.90,0.0683,true,1,262447
7290110560300,false,פריכיות משולשות פלפל,,,פריכיות משולשות פלפל,גרמים,30.00,100 גרם,false,,5.50,0.1833,true,1,204904
7290110560317,false,פריכיות משולשות מלח,,,פריכיות משולשות מלח,גרמים,30.00,100 גרם,false,,5.50,0.1833,true,1,204905
7290110560324,false,פריכיות משולשות אפונ,,,פריכיות משולשות אפונ,גרמים,30.00,100 גרם,false,,5.50,0.1833,true,1,204906
7290110561352,false,דנונה דל לקטוז,,,דנונה דל לקטוז,גרמים,200.00,100 גרם,false,,3.50,0.0175,true,1,202378
7290110561604,false,שמיניה גמדים תות בננ,,,שמיניה גמדים תות בננ,גרמים,800.00,100 גרם,false,,18.90,0.0236,true,1,201272
7290110563431,false,משקה קפה קר בסגנון ק,,,משקה קפה קר בסגנון ק,מיליליטרים,230.00,"100 מ""ל",false,,7.50,0.0326,true,1,206720
7290110563448,false,משקה קפה קר בסגנון מ,,,משקה קפה קר בסגנון מ,מיליליטרים,230.00,"100 מ""ל",false,,7.50,0.0326,true,1,206721
7290110563462,false,חלב נטול לקטוז 2%,,,חלב נטול לקטוז 2%,ליטרים,1.00,ליטר,false,,8.00,8.0000,false,1,205837
7290110563820,false,סלק מבושל 1 קג שטראו,,,סלק מבושל 1 קג שטראו,גרמים,1000.00,100 גרם,false,,10.90,0.0109,true,1,201234
7290110564339,false,חומוס אחלה עשיר 30%,,,חומוס אחלה עשיר 30%,גרמים,400.00,100 גרם,false,,12.90,0.0323,true,1,201196
7290110564360,false,חומוס אחלה שיר 40% ט,,,חומוס אחלה שיר 40% ט,גרמים,400.00,100 גרם,false,,12.90,0.0323,true,1,201197
7290110564414,false,חומוס אחלה עשיר 30%,,,חומוס אחלה עשיר 30%,גרמים,600.00,100 גרם,false,,14.90,0.0248,true,1,201200
7290110564742,false,משקה קפה קר בסגנון ח,,,משקה קפה קר בסגנון ח,מיליליטרים,230.00,"100 מ""ל",false,,7.50,0.0326,true,1,206722
7290110564919,false,דנונה מתיקות מעודנת,שטראוס דנונה,,דנונה מתיקות מעודנת,גרמים,150.00,100 גרם,false,,3.60,0.0240,false,1,210406
7290110565435,false,לימבו פטל חלבי,,,לימבו פטל חלבי,גרמים,125.00,100 גרם,false,,2.00,0.0160,true,1,200642
7290110565527,false,דנונה פרו 20 גר חלב,,,דנונה פרו 20 גר חלב,גרמים,200.00,100 גרם,false,,5.90,0.0295,false,1,200022
7290110565572,false,מארז טורקי לדרך עם ה,,,מארז טורקי לדרך עם ה,גרמים,168.00,100 גרם,false,,19.90,0.1185,false,1,208043
7290110566579,false,דבש לחיץ 200 גר,,,דבש לחיץ 200 גר,גרמים,200.00,100 גרם,false,,11.90,0.0595,false,1,202068
7290110566623,false,קפסולות קפה קולומביה,,,קפסולות קפה קולומביה,גרמים,50.00,100 גרם,false,,16.90,0.3380,false,1,203174
7290110566975,false,דנונה פרו תות 20 גר,,,דנונה פרו תות 20 גר,גרמים,200.00,100 גרם,false,,5.90,0.0295,false,1,201888
7290110567057,false,בוקסי מנטה אקליפטוס,,,בוקסי מנטה אקליפטוס,גרמים,64.00,100 גרם,false,,9.90,0.1547,true,1,204620
7290110568238,false,קצפת צמחית יטבתה,,,קצפת צמחית יטבתה,גרמים,250.00,100 גרם,false,,7.90,0.0316,false,1,203228
7290110568276,false,משקה יטבתה פרו וניל,,,משקה יטבתה פרו וניל,גרמים,350.00,100 גרם,false,,6.30,0.0180,true,1,202840
7290110568511,false,קונפיטורת פירות יער,,,קונפיטורת פירות יער,גרמים,265.00,100 גרם,false,,13.50,0.0509,true,1,206200
7290110568559,false,מארז דוריטוס חמוץ עש,עלית,,מארז דוריטוס חמוץ עש,גרמים,250.00,100 גרם,false,,14.90,0.0596,false,1,203502
7290110570224,false,משקה קפה קר בטעם עוג,,,משקה קפה קר בטעם עוג,מיליליטרים,230.00,"100 מ""ל",false,,7.50,0.0326,true,1,263607
7290110570583,false,פולי אספרסו עשירים ו,,,פולי אספרסו עשירים ו,קילוגרמים,1.00,"ק""ג",false,,76.90,76.9000,false,1,261775
7290110570880,false,פולי אספרסו עשירים ו,,,פולי אספרסו עשירים ו,גרמים,250.00,100 גרם,false,,21.90,0.0876,true,1,262503
7290110571184,false,עדשים חומות טעם הטבע,,,עדשים חומות טעם הטבע,גרמים,380.00,100 גרם,false,,6.50,0.0171,true,1,263624
7290110571375,false,אנרג'י צימוקים תמרים,,,אנרג'י צימוקים תמרים,גרמים,100.00,100 גרם,false,,14.90,0.1490,true,1,263619
7290110571382,false,מעדן חלב בטעם וניל מ,,,מעדן חלב בטעם וניל מ,גרמים,150.00,100 גרם,false,,4.90,0.0327,true,1,261735
7290110571405,false,מיני פינוקיות בגביע,,,מיני פינוקיות בגביע,גרמים,180.00,100 גרם,false,,11.50,0.0639,true,1,264503
7290110571412,false,מיני פינוקיות בגביע,,,מיני פינוקיות בגביע,גרמים,180.00,100 גרם,false,,11.50,0.0639,true,1,264513
7290110571474,false,רבע לשבע טבעוני פופק,עלית,,רבע לשבע טבעוני פופק,גרמים,125.00,100 גרם,false,,12.00,0.0960,false,1,263348
7290110572129,false,כיף כף מקלות שוקולד,,,כיף כף מקלות שוקולד,גרמים,40.00,100 גרם,false,,5.20,0.1300,true,1,264505
7290110572884,false,קפסולות קפה חזק ועוצ,עלית,,קפסולות קפה חזק ועוצ,גרמים,50.00,100 גרם,false,,16.90,0.3380,false,1,264506
7290110572969,false,כיף כף פצפצים קרם לב,,,כיף כף פצפצים קרם לב,גרמים,40.00,100 גרם,false,,5.20,0.1300,true,1,263620
7290110572976,false,כיף כף פצפצים קרם לב,,,כיף כף פצפצים קרם לב,גרמים,135.00,100 גרם,false,,10.90,0.0807,true,1,263621
7290110576318,false,מארז שלישיית אגוז לב,,,מארז שלישיית אגוז לב,גרמים,300.00,100 גרם,false,,24.90,0.0830,false,1,263926
7290110576356,false,ספלנדיד שוקולד מריר,,,ספלנדיד שוקולד מריר,גרמים,100.00,100 גרם,false,,8.50,0.0850,true,1,263378
7290110576363,false,ספלנדיד שוקולד מריר,,,ספלנדיד שוקולד מריר,גרמים,100.00,100 גרם,false,,8.50,0.0850,true,1,263379
7290110576370,false,מארז שלישיית אגוז מר,,,מארז שלישיית אגוז מר,גרמים,300.00,100 גרם,false,,24.90,0.0830,false,1,263924
7290110576387,false,מארז שלישיית אגוז חל,,,מארז שלישיית אגוז חל,גרמים,300.00,100 גרם,false,,24.90,0.0830,false,1,263925
7290110576752,false,ספלנדיד מריר 70%,,,ספלנדיד מריר 70%,גרמים,100.00,100 גרם,false,,10.90,0.1090,true,1,264510
7290110576776,false,ספלנדיד מריר 85%,,,ספלנדיד מריר 85%,גרמים,100.00,100 גרם,false,,10.90,0.1090,true,1,264511
7290110576868,false,גמדים רביעיית סלט פי,שטראוס,,גמדים רביעיית סלט פי,מיליליטרים,400.00,"100 מ""ל",false,,11.10,0.0277,true,1,264541
7290110577230,false,משקה חלב בטעם פיסטוק,,,משקה חלב בטעם פיסטוק,ליטרים,1.00,ליטר,false,,11.80,11.8000,false,1,264533
7290111091520,false,תחליב רחצה קלאסי קוק,,,תחליב רחצה קלאסי קוק,מיליליטרים,700.00,"100 מ""ל",false,,14.90,0.0213,true,1,206163
7290111096921,false,קוויק מגבונים לניקוי,,,קוויק מגבונים לניקוי,יחידה,0.00,יחידה,false,,7.90,0.0000,true,1,259844
7290111097546,false,מגבונים קוויק לניקוי,,,מגבונים קוויק לניקוי,יחידה,0.00,יחידה,false,,7.90,0.0000,true,1,263279
7290111285318,false,צלחת במבוק מיקי מאוס,,,צלחת במבוק מיקי מאוס,יחידה,0.00,יחידה,false,,12.90,0.0000,true,1,207625
7290111285325,false,צלחת במבוק מיני מאוס,,,צלחת במבוק מיני מאוס,יחידה,0.00,יחידה,false,,12.90,0.0000,true,1,207620
7290111285349,false,צלחת במבוק מפרץ ההרפ,,,צלחת במבוק מפרץ ההרפ,יחידה,0.00,יחידה,false,,12.90,0.0000,true,1,207626
7290111285356,false,צלחת במבוק סמי הכבאי,,,צלחת במבוק סמי הכבאי,יחידה,0.00,יחידה,false,,12.90,0.0000,true,1,207627
7290111285417,false,קערה במבוק מיני מאוס,,,קערה במבוק מיני מאוס,יחידה,0.00,יחידה,false,,8.90,0.0000,true,1,207636
7290111285431,false,קערה במבוק מפרץ ההרפ,,,קערה במבוק מפרץ ההרפ,יחידה,0.00,יחידה,false,,8.90,0.0000,true,1,207641
7290111285455,false,קערה במבוק מיניונים,,,קערה במבוק מיניונים,יחידה,0.00,יחידה,false,,8.90,0.0000,true,1,207637
7290111285462,false,כוס במבוק ספיידרמן,,,כוס במבוק ספיידרמן,יחידה,0.00,יחידה,false,,7.90,0.0000,true,1,207658
7290111285493,false,כוס במבוק מיקי מאוס,,,כוס במבוק מיקי מאוס,יחידה,0.00,יחידה,false,,7.90,0.0000,true,1,207648
7290111285509,false,כוס במבוק מיני מאוס,,,כוס במבוק מיני מאוס,יחידה,0.00,יחידה,false,,7.90,0.0000,true,1,207649
7290111285523,false,כוס במבוק מפרץ ההרפת,,,כוס במבוק מפרץ ההרפת,יחידה,0.00,יחידה,false,,7.90,0.0000,true,1,207651
7290111285530,false,כוס במבוק סמי הכבאי,,,כוס במבוק סמי הכבאי,יחידה,0.00,יחידה,false,,7.90,0.0000,true,1,207652
7290111340109,false,דיפנד מגן תחתון,,,דיפנד מגן תחתון,יחידה,0.00,יחידה,false,,19.90,0.0000,true,1,210706
7290111340178,false,מטליות ניקוי כללי בר,,,מטליות ניקוי כללי בר,יחידה,0.00,יחידה,false,,10.90,0.0000,false,1,198385
7290111340185,false,מטליות לחות לריצפה נ,,,מטליות לחות לריצפה נ,יחידה,0.00,יחידה,false,,10.90,0.0000,false,1,198386
7290111340888,false,דיפנד תחתוני גברים M,,,דיפנד תחתוני גברים M,יחידה,0.00,יחידה,false,,48.90,0.0000,false,1,202859
7290111340895,false,דיפנד תחתוני גברים L,,,דיפנד תחתוני גברים L,יחידה,0.00,יחידה,false,,48.90,0.0000,false,1,202860
7290111340925,false,מטליות לחות XL ניקו,,,מטליות לחות XL ניקו,יחידה,0.00,יחידה,false,,10.90,0.0000,false,1,201151
7290111340956,false,מטליות לחות לניקוי ר,,,מטליות לחות לניקוי ר,יחידה,0.00,יחידה,false,,10.90,0.0000,false,1,201152
7290111341359,false,רדיד אלומיניום 60 מט,,,רדיד אלומיניום 60 מט,יחידה,0.00,יחידה,false,,39.90,0.0000,false,1,203252
7290111341434,false,תחבושות דיפנד נורמל,,,תחבושות דיפנד נורמל,יחידה,0.00,יחידה,false,,19.90,0.0000,true,1,205405
7290111341557,false,טמפונים קוטקס אקטיב,,,טמפונים קוטקס אקטיב,יחידה,0.00,יחידה,false,,22.90,0.0000,true,1,207574
7290111341816,false,נייר אפיה עם מתקן לח,,,נייר אפיה עם מתקן לח,יחידה,0.00,יחידה,false,,21.90,0.0000,false,1,205569
7290111341984,false,מארז רביעיה לילי לח,,,מארז רביעיה לילי לח,יחידה,0.00,יחידה,false,,21.90,0.0000,true,1,208580
7290111341991,false,לילי ספא בודד 48 יח,,,לילי ספא בודד 48 יח,יחידה,0.00,יחידה,false,,8.90,0.0000,true,1,209043
7290111342004,false,לילי לח מגבונים בודד,,,לילי לח מגבונים בודד,יחידה,0.00,יחידה,false,,8.90,0.0000,true,1,207429
7290111342042,false,כריות יפניות אנטיבקט,,,כריות יפניות אנטיבקט,יחידה,0.00,יחידה,false,,10.90,0.0000,true,1,210812
7290111342059,false,מטליות לחות אנטיבקטר,,,מטליות לחות אנטיבקטר,יחידה,0.00,יחידה,false,,10.90,0.0000,true,1,210842
7290111342073,false,מיקרופייבר מטלית אנט,,,מיקרופייבר מטלית אנט,יחידה,0.00,יחידה,false,,12.90,0.0000,true,1,211141
7290111342189,false,מפיות אירוח צבעוני,,,מפיות אירוח צבעוני,יחידה,0.00,יחידה,false,,8.50,0.0000,true,1,210209
7290111342523,false,מפיות אירוח ניקול,,,מפיות אירוח ניקול,יחידה,0.00,יחידה,false,,6.90,0.0000,true,1,210470
7290111343117,false,קלינקס לושן אריזת ני,,,קלינקס לושן אריזת ני,יחידה,0.00,יחידה,false,,13.90,0.0000,false,1,214985
7290111343797,false,מטליות לחות לניקוי ח,,,מטליות לחות לניקוי ח,יחידה,0.00,יחידה,false,,10.90,0.0000,false,1,214156
7290111343841,false,ספוגית הקסם נירוסטה,,,ספוגית הקסם נירוסטה,יחידה,0.00,יחידה,false,,11.50,0.0000,true,1,214440
7290111343858,false,מטליות לחות לריצפה א,,,מטליות לחות לריצפה א,יחידה,0.00,יחידה,false,,10.90,0.0000,false,1,213299
7290111344145,false,מטלית ריצפה אנטיבקטר,,,מטלית ריצפה אנטיבקטר,יחידה,0.00,יחידה,false,,21.90,0.0000,true,1,214215
7290111344206,false,מגבוני האגיס נטורל ק,,,מגבוני האגיס נטורל ק,יחידה,0.00,יחידה,false,,19.90,0.0000,false,1,260306
7290111344459,false,תחבושות נייט אקסטרא,,,תחבושות נייט אקסטרא,יחידה,0.00,יחידה,false,,17.90,0.0000,true,1,217879
7290111344503,false,האגיס אקסטרא קייר 4,,,האגיס אקסטרא קייר 4,יחידה,0.00,יחידה,false,,49.90,0.0000,false,1,217903
7290111344510,false,ניירות אפיה נשלפים א,,,ניירות אפיה נשלפים א,יחידה,0.00,יחידה,false,,23.90,0.0000,true,1,217416
7290111344527,false,שקיות אשפה לפח ענק X,,,שקיות אשפה לפח ענק X,יחידה,0.00,יחידה,false,,24.90,0.0000,true,1,216424
7290111344572,false,שקיות אשפה עם ידיות,,,שקיות אשפה עם ידיות,יחידה,0.00,יחידה,false,,19.90,0.0000,true,1,260885
7290111344701,false,ניקול סנדוויצ'ון מהד,,,ניקול סנדוויצ'ון מהד,יחידה,0.00,יחידה,false,,14.90,0.0000,false,1,263710
7290111344732,false,קלינקס אלרג'י קומפור,,,קלינקס אלרג'י קומפור,יחידה,0.00,יחידה,false,,13.90,0.0000,true,1,217878
7290111344824,false,מגן תחתון קוטקס אנטי,,,מגן תחתון קוטקס אנטי,יחידה,0.00,יחידה,false,,17.90,0.0000,true,1,260887
7290111344831,false,מגן תחתון קוטקס אקסט,,,מגן תחתון קוטקס אקסט,יחידה,0.00,יחידה,false,,17.90,0.0000,true,1,260886
7290111344855,false,מגן תחתון קוטקס אקסט,,,מגן תחתון קוטקס אקסט,יחידה,0.00,יחידה,false,,17.90,0.0000,true,1,260888
7290111344879,false,מגן תחתון קוטקס 2 ב-,,,מגן תחתון קוטקס 2 ב-,יחידה,0.00,יחידה,false,,17.90,0.0000,true,1,260889
7290111344916,false,ניקול כריות יפניות א,,,ניקול כריות יפניות א,יחידה,0.00,יחידה,false,,10.90,0.0000,true,1,217876
7290111344930,false,ניקול מטליות לחות לר,,,ניקול מטליות לחות לר,יחידה,0.00,יחידה,false,,10.90,0.0000,true,1,260780
7290111344978,false,ניקול רדיד אלומיניום,,,ניקול רדיד אלומיניום,יחידה,0.00,יחידה,false,,39.90,0.0000,true,1,217877
7290111345050,false,כריות ניקול מיקרופיי,,,כריות ניקול מיקרופיי,יחידה,0.00,יחידה,false,,10.90,0.0000,true,1,260765
7290111345722,false,שקיות ניקול לשמירת ה,,,שקיות ניקול לשמירת ה,יחידה,0.00,יחידה,false,,14.90,0.0000,false,1,263609
7290111345982,false,דפי ספוגית הקסם ניק,,,דפי ספוגית הקסם ניק,יחידה,0.00,יחידה,false,,10.90,0.0000,false,1,261846
7290111346293,false,שישיה נייר מגבת ניקו,,,שישיה נייר מגבת ניקו,יחידה,0.00,יחידה,false,,10.90,0.0000,false,1,262703
7290111346347,false,טישו קלינקס אורגינל,,,טישו קלינקס אורגינל,יחידה,0.00,יחידה,false,,15.90,0.0000,false,1,263549
7290111346453,false,ניקול כרית קירצוף ני,,,ניקול כרית קירצוף ני,יחידה,0.00,יחידה,false,,10.90,0.0000,false,1,264390
7290111350047,false,תמרים מג'הול ללא חרצ,קליית גת,,תמרים מג'הול ללא חרצ,גרמים,500.00,100 גרם,false,,11.50,0.0230,true,1,196394
7290111350665,false,דבש לחיץ 350 גר' קלי,קליית גת,,דבש לחיץ 350 גר' קלי,גרמים,350.00,100 גרם,false,,21.90,0.0626,true,1,203200
7290111350672,false,דבש צנצנת 700 גר' קל,קליית גת,,דבש צנצנת 700 גר' קל,גרמים,700.00,100 גרם,false,,32.90,0.0470,true,1,203198
7290111350719,false,נאצ'וס הוטפופ בסגנון,,,נאצ'וס הוטפופ בסגנון,גרמים,322.00,100 גרם,false,,15.90,0.0494,true,1,206281
7290111350726,false,נאצ'וס בסגנון מקסיקנ,,,נאצ'וס בסגנון מקסיקנ,גרמים,322.00,100 גרם,false,,15.90,0.0494,true,1,206282
7290111351280,false,תערובת אגוזים קלויים,קליית גת,,תערובת אגוזים קלויים,גרמים,150.00,100 גרם,false,,16.50,0.1100,true,1,205375
7290111351334,false,תמרים 650 גר',קליית גת,,תמרים 650 גר',גרמים,650.00,100 גרם,false,,18.90,0.0291,true,1,206376
7290111351747,false,"טורטייה 20 ס""מ מקמח",,,"טורטייה 20 ס""מ מקמח",גרמים,320.00,100 גרם,false,,9.90,0.0309,true,1,212815
7290111352140,false,חמוציות מיובשות ברכז,קליית גת,,חמוציות מיובשות ברכז,גרמים,150.00,100 גרם,false,,11.50,0.0767,true,1,209957
7290111352508,false,סילאן 840 גר' קליית,קליית גת,,סילאן 840 גר' קליית,גרמים,840.00,100 גרם,false,,21.90,0.0261,true,1,211513
7290111352935,false,יוגטה סוכריות טופי מ,יוגטה,,יוגטה סוכריות טופי מ,גרמים,600.00,100 גרם,false,,14.90,0.0248,true,1,213668
7290111352942,false,יוגטה סוכריות טופי 8,יוגטה,,יוגטה סוכריות טופי 8,גרמים,850.00,100 גרם,false,,19.90,0.0234,true,1,259757
7290111352959,false,מקלות חמוצים סוכריות,יוגטה,,מקלות חמוצים סוכריות,גרמים,80.00,100 גרם,false,,8.00,0.1000,true,1,215943
7290111352966,false,יוגטה סוכריות ממולאו,יוגטה,,יוגטה סוכריות ממולאו,גרמים,250.00,100 גרם,false,,7.90,0.0316,true,1,213816
7290111352973,false,קוביות חמוצות 220 גר,יוגטה,,קוביות חמוצות 220 גר,גרמים,220.00,100 גרם,false,,7.90,0.0359,true,1,215497
7290111353055,false,סוכריות גומי דובונים,יוגטה,,סוכריות גומי דובונים,גרמים,200.00,100 גרם,false,,9.90,0.0495,true,1,215589
7290111353079,false,סוכריות גומי דובונים,יוגטה,,סוכריות גומי דובונים,גרמים,180.00,100 גרם,false,,9.90,0.0550,true,1,215585
7290111353093,false,סוכריות טופי בטעמי פ,יוגטה,,סוכריות טופי בטעמי פ,גרמים,600.00,100 גרם,false,,14.90,0.0248,true,1,216899
7290111353123,false,סוכריות גומי נחשים מ,יוגטה,,סוכריות גומי נחשים מ,גרמים,200.00,100 גרם,false,,9.90,0.0495,true,1,215590
7290111353246,false,סוכריות גומי יין 800,יוגטה,,סוכריות גומי יין 800,גרמים,800.00,100 גרם,false,,20.00,0.0250,true,1,215653
7290111353437,false,צ'יפס חטיף בטטה ומלח,הוט פופ,,צ'יפס חטיף בטטה ומלח,גרמים,120.00,100 גרם,false,,13.90,0.1158,true,1,216574
7290111353444,false,צ'יפס חטיף ירקות הוט,הוט פופ,,צ'יפס חטיף ירקות הוט,גרמים,120.00,100 גרם,false,,13.90,0.1158,true,1,216575
7290111353451,false,צ'יפס חטיף ירקות שור,הוט פופ,,צ'יפס חטיף ירקות שור,גרמים,120.00,100 גרם,false,,13.90,0.1158,true,1,216576
7290111353468,false,סוכריות טופי במילוי,יוגטה,,סוכריות טופי במילוי,גרמים,600.00,100 גרם,false,,14.90,0.0248,true,1,216900
7290111353567,false,ממרח שקדים טבעי 300,קליית גת,,ממרח שקדים טבעי 300,גרמים,300.00,100 גרם,false,,31.90,0.1063,true,1,216634
7290111353680,false,גרעיני חמנייה 350 גר,קליית גת,,גרעיני חמנייה 350 גר,גרמים,350.00,100 גרם,false,,11.50,0.0329,true,1,217167
7290111354106,false,תערובת אגוזים ושוקול,קליית גת,,תערובת אגוזים ושוקול,גרמים,50.00,100 גרם,false,,6.90,0.1380,true,1,263856
7290111354120,false,ממרח חלווה 300 גר' ק,קליית גת,,ממרח חלווה 300 גר' ק,גרמים,300.00,100 גרם,false,,15.90,0.0530,true,1,262808
7290111354236,false,"טורטייה גודל 25 ס""מ",,,"טורטייה גודל 25 ס""מ",גרמים,420.00,100 גרם,false,,9.90,0.0236,true,1,263319
7290111354243,false,"טורטייה 30 ס""מ מקמח",,,"טורטייה 30 ס""מ מקמח",גרמים,540.00,100 גרם,false,,10.90,0.0202,true,1,263320
7290111563492,false,סלטי צבר מטבוחה חרי,,,סלטי צבר מטבוחה חרי,גרמים,400.00,100 גרם,false,,11.90,0.0298,true,1,202019
7290111564277,false,פיטנס פריכיות 3 דגני,,,פיטנס פריכיות 3 דגני,גרמים,120.00,100 גרם,false,,10.90,0.0908,true,1,198666
7290111564291,false,פיטנס פריכיות דקות ע,,,פיטנס פריכיות דקות ע,גרמים,120.00,100 גרם,false,,10.90,0.0908,true,1,198667
7290111565038,false,גלידת קרמריה וניל קו,לה קרמריה- נסטלה,,גלידת קרמריה וניל קו,יחידה,0.00,יחידה,false,,22.90,0.0000,false,1,202206
7290111566103,false,טבעול פלאפל מרכיבים,,,טבעול פלאפל מרכיבים,גרמים,590.00,100 גרם,false,,31.00,0.0525,true,1,201340
7290111566226,false,שניצל ברוקולי 664 גר,,,שניצל ברוקולי 664 גר,גרמים,664.00,100 גרם,false,,31.00,0.0467,true,1,201341
7290111566240,false,שניצל דק בטעם צ'ילי,,,שניצל דק בטעם צ'ילי,גרמים,564.00,100 גרם,false,,31.00,0.0550,true,1,201352
7290111566271,false,טבעול חטיפי תירס 657,,,טבעול חטיפי תירס 657,גרמים,657.00,100 גרם,false,,28.90,0.0440,false,1,200866
7290111566318,false,טבעול שניצל דק מהצומ,,,טבעול שניצל דק מהצומ,גרמים,564.00,100 גרם,false,,31.00,0.0550,true,1,201494
7290111566332,false,טבעול נקנקיות וינר צ,,,טבעול נקנקיות וינר צ,גרמים,680.00,100 גרם,false,,31.00,0.0456,true,1,200774
7290111566417,false,טבעול טחון צמחוני,,,טבעול טחון צמחוני,גרמים,500.00,100 גרם,false,,29.90,0.0598,false,1,201710
7290111566547,false,חזה בגריל צמחוני טבע,,,חזה בגריל צמחוני טבע,גרמים,560.00,100 גרם,false,,31.00,0.0554,true,1,201067
7290111566561,false,טבעול שניצל ברוקולי,,,טבעול שניצל ברוקולי,גרמים,560.00,100 גרם,false,,31.00,0.0554,true,1,201068
7290111566585,false,טבעול שניצל צמחוני 9,,,טבעול שניצל צמחוני 9,גרמים,650.00,100 גרם,false,,31.00,0.0477,true,1,201069
7290111566691,false,טבעול שניצל תרד 99 ק,,,טבעול שניצל תרד 99 ק,גרמים,560.00,100 גרם,false,,31.00,0.0554,true,1,201070
7290111566714,false,טבעול המבורגר צמחוני,,,טבעול המבורגר צמחוני,גרמים,600.00,100 גרם,false,,31.00,0.0517,true,1,201071
7290111566752,false,טבעול שניצל תירס 99,,,טבעול שניצל תירס 99,גרמים,693.00,100 גרם,false,,31.00,0.0447,true,1,201072
7290111566776,false,טבעול נקנקיות קוקטיי,,,טבעול נקנקיות קוקטיי,גרמים,680.00,100 גרם,false,,31.00,0.0456,true,1,200775
7290111568206,false,ביסלי פארטי מיקס,,,ביסלי פארטי מיקס,גרמים,150.00,100 גרם,false,,9.00,0.0600,false,1,202483
7290111568299,false,נודלס איטריות עם תרד,,,נודלס איטריות עם תרד,גרמים,300.00,100 גרם,false,,9.90,0.0330,true,1,203139
7290111568466,false,רוטב אסייתי למוקפץ 2,,,רוטב אסייתי למוקפץ 2,מיליליטרים,290.00,"100 מ""ל",false,,13.90,0.0479,true,1,202640
7290111568961,false,בייגלה טבעות מלח אסם,,,בייגלה טבעות מלח אסם,גרמים,400.00,100 גרם,false,,11.00,0.0275,true,1,203010
7290111664441,false,כוסות יין קטנות פסים,,,כוסות יין קטנות פסים,יחידה,0.00,יחידה,false,,11.90,0.0000,true,1,217056
7290111664908,false,כוסות במבוק בינוניות,,,כוסות במבוק בינוניות,יחידה,0.00,יחידה,false,,9.90,0.0000,true,1,218142
7290111665622,false,כפות הגשה ורסאי זוג,,,כפות הגשה ורסאי זוג,יחידה,0.00,יחידה,false,,2.90,0.0000,true,1,262494
7290111665929,false,גביע לגלידה מנייר 14,,,גביע לגלידה מנייר 14,יחידה,0.00,יחידה,false,,8.50,0.0000,true,1,262291
7290111873041,false,אצבעות שוקולד ממולא,,,אצבעות שוקולד ממולא,גרמים,50.00,100 גרם,false,,4.90,0.0980,true,1,216604
7290111930799,false,קראנצוס בצל 70 גרם,,,קראנצוס בצל 70 גרם,יחידה,0.00,יחידה,false,,3.90,0.0000,true,1,199098
7290111930805,false,קראנצוס ברביקיו 70 ג,,,קראנצוס ברביקיו 70 ג,יחידה,0.00,יחידה,false,,3.90,0.0000,true,1,199099
7290111930850,false,קראנצוס פיצה 70 גרם,,,קראנצוס פיצה 70 גרם,יחידה,0.00,יחידה,false,,3.90,0.0000,true,1,199095
7290111930898,false,פוף כוכבים גריל אמרי,,,פוף כוכבים גריל אמרי,יחידה,0.00,יחידה,false,,3.90,0.0000,true,1,200001
7290111930904,false,פוף כוכבים 40 גרם,,,פוף כוכבים 40 גרם,יחידה,0.00,יחידה,false,,3.90,0.0000,true,1,199999
7290111930911,false,פוף לבבות קלאסי 40 ג,,,פוף לבבות קלאסי 40 ג,יחידה,0.00,יחידה,false,,3.90,0.0000,true,1,200000
7290111930928,false,פוף כוכבים גריל 40 ג,,,פוף כוכבים גריל 40 ג,יחידה,0.00,יחידה,false,,3.90,0.0000,true,1,200002
7290111930935,false,פוף טבעות קלאסי 40 ג,,,פוף טבעות קלאסי 40 ג,יחידה,0.00,יחידה,false,,3.90,0.0000,true,1,200003
7290111932502,false,קולגייט משחת אופטיק,,,קולגייט משחת אופטיק,מיליליטרים,75.00,"100 מ""ל",false,,25.90,0.3453,true,1,203946
7290111933462,false,רוטב צ'ילי מתוק מאסט,,,רוטב צ'ילי מתוק מאסט,מיליליטרים,300.00,"100 מ""ל",false,,7.90,0.0263,true,1,201965
7290111933554,false,מאסטר שף עגבניות קוב,,,מאסטר שף עגבניות קוב,קילוגרמים,1.20,"ק""ג",false,,15.90,13.2500,true,1,204279
7290111933561,false,תערובת ציפוי נאגטס,,,תערובת ציפוי נאגטס,גרמים,250.00,100 גרם,false,,7.90,0.0316,true,1,207979
7290111933998,false,קוקי תבנית אינגליש ק,,,קוקי תבנית אינגליש ק,יחידה,0.00,יחידה,false,,9.90,0.0000,true,1,206324
7290111934827,false,פלמוליב סבון ידיים ה,,,פלמוליב סבון ידיים ה,מיליליטרים,300.00,"100 מ""ל",false,,10.90,0.0363,true,1,206371
7290111935800,false,ליידי ספיד סטיק דרמה,,,ליידי ספיד סטיק דרמה,יחידה,0.00,יחידה,false,,19.90,0.0000,true,1,207448
7290111935923,false,מאסטר שף זיתים חרוזי,,,מאסטר שף זיתים חרוזי,גרמים,370.00,100 גרם,false,,8.90,0.0241,true,1,207537
7290111935961,false,מאסטר שף מחית עגבניו,,,מאסטר שף מחית עגבניו,גרמים,690.00,100 גרם,false,,11.90,0.0172,true,1,207185
7290111936296,false,פלמוליב ארומה סנסייש,,,פלמוליב ארומה סנסייש,מיליליטרים,750.00,"100 מ""ל",false,,19.90,0.0265,true,1,206977
7290111938481,false,מאסטר שף רוטב סויה ב,,,מאסטר שף רוטב סויה ב,מיליליטרים,300.00,"100 מ""ל",false,,8.90,0.0297,true,1,211765
7290111938498,false,מאסטר שף רוטב סויה ב,,,מאסטר שף רוטב סויה ב,מיליליטרים,700.00,"100 מ""ל",false,,12.90,0.0184,true,1,210809
7290111939143,false,קוקי נייר אפייה עגול,,,קוקי נייר אפייה עגול,יחידה,0.00,יחידה,false,,7.90,0.0000,true,1,210739
7290111939174,false,קוקי ניילון נצמד עם,,,קוקי ניילון נצמד עם,יחידה,0.00,יחידה,false,,9.90,0.0000,true,1,210740
7290111939181,false,קוקי ניילון נצמד עם,,,קוקי ניילון נצמד עם,יחידה,0.00,יחידה,false,,9.90,0.0000,true,1,210741
7290112000163,false,אירוויק מילוי מפיץ א,איירוויק,,אירוויק מילוי מפיץ א,מיליליטרים,20.00,"100 מ""ל",false,,19.90,0.9950,true,1,202755
7290112000293,false,סיליט ג'ל אסלות פרש,סיליט,,סיליט ג'ל אסלות פרש,מיליליטרים,750.00,"100 מ""ל",false,,9.90,0.0132,true,1,200634
7290112000385,false,דטול תרסיס למטבח 750,,,דטול תרסיס למטבח 750,יחידה,0.00,יחידה,false,,14.90,0.0000,true,1,204097
7290112000392,false,דטול תרסיס לאמבטיה 7,,,דטול תרסיס לאמבטיה 7,יחידה,0.00,יחידה,false,,14.90,0.0000,true,1,204098
7290112000408,false,דטול תרסיס לניקוי כל,,,דטול תרסיס לניקוי כל,מיליליטרים,750.00,"100 מ""ל",false,,14.90,0.0199,true,1,204099
7290112000736,false,פיניש 80 טבליות,פיניש,,פיניש 80 טבליות,יחידה,0.00,יחידה,false,,59.90,0.0000,true,1,202867
7290112000798,false,דטול תרסיס חיטוי וני,,,דטול תרסיס חיטוי וני,יחידה,0.00,יחידה,false,,14.90,0.0000,true,1,204100
7290112000880,false,דטול מגבונים למטבח 6,,,דטול מגבונים למטבח 6,יחידה,0.00,יחידה,false,,14.90,0.0000,true,1,204104
7290112001030,false,איירוויק מילוי אוטומ,איירוויק,,איירוויק מילוי אוטומ,יחידה,0.00,יחידה,false,,14.90,0.0000,true,1,204469
7290112001221,false,קולון מנקה מכונת כבי,קולון,,קולון מנקה מכונת כבי,מיליליטרים,250.00,"100 מ""ל",false,,19.90,0.0796,true,1,204771
7290112001436,false,פיניש מנקה מדיח בניח,פיניש,,פיניש מנקה מדיח בניח,יחידה,0.00,יחידה,false,,14.90,0.0000,true,1,210440
7290112001870,false,סיליט טריגר אמבטיה,סיליט,,סיליט טריגר אמבטיה,מיליליטרים,750.00,"100 מ""ל",false,,14.90,0.0199,true,1,209617
7290112001900,false,פיניש ג'ל 1 ליטר אקו,פיניש,,פיניש ג'ל 1 ליטר אקו,ליטרים,1.00,ליטר,false,,39.90,39.9000,true,1,209290
7290112001917,false,פיניש ג'ל 1 ליטר בני,פיניש,,פיניש ג'ל 1 ליטר בני,ליטרים,1.00,ליטר,false,,39.90,39.9000,true,1,209615
7290112002099,false,קולון ג'ל כביסה 2.5,קולון,,קולון ג'ל כביסה 2.5,ליטרים,2.50,ליטר,false,,24.90,9.9600,true,1,209175
7290112002105,false,קולון ג'ל כביסה מרוכ,קולון,,קולון ג'ל כביסה מרוכ,ליטרים,2.50,ליטר,false,,24.90,9.9600,true,1,209176
7290112002112,false,קולון ג'ל כביסה 2.5,קולון,,קולון ג'ל כביסה 2.5,ליטרים,2.50,ליטר,false,,24.90,9.9600,true,1,209177
7290112002129,false,קולון ג'ל כביסה 2.5,קולון,,קולון ג'ל כביסה 2.5,ליטרים,2.50,ליטר,false,,24.90,9.9600,true,1,209178
7290112002136,false,קולון ג'ל כביסה 4 לי,קולון,,קולון ג'ל כביסה 4 לי,ליטרים,4.00,ליטר,false,,34.90,8.7250,true,1,209172
7290112002150,false,קולון ג'ל כביסה 4 לי,קולון,,קולון ג'ל כביסה 4 לי,ליטרים,4.00,ליטר,false,,34.90,8.7250,true,1,209170
7290112002167,false,קולון ג'ל כביסה 4 לי,קולון,,קולון ג'ל כביסה 4 לי,ליטרים,4.00,ליטר,false,,34.90,8.7250,true,1,209174
7290112002235,false,איירוויק פחית ג'ל ור,איירוויק,,איירוויק פחית ג'ל ור,גרמים,70.00,100 גרם,false,,9.90,0.1414,true,1,209281
7290112003140,false,אירוויק פרשמטיק מילו,איירוויק,,אירוויק פרשמטיק מילו,מיליליטרים,250.00,"100 מ""ל",false,,14.90,0.0596,true,1,212707
7290112003188,false,קולון קפסולות 60 יח',קולון,,קולון קפסולות 60 יח',יחידה,0.00,יחידה,false,,49.90,0.0000,true,1,214906
7290112003423,false,איירוויק מקלות ריחני,איירוויק,,איירוויק מקלות ריחני,מיליליטרים,80.00,"100 מ""ל",false,,29.90,0.3737,true,1,215897
7290112003454,false,איירוויק מקלות ריחני,איירוויק,,איירוויק מקלות ריחני,מיליליטרים,80.00,"100 מ""ל",false,,29.90,0.3737,true,1,215898
7290112003478,false,איירוויק ספריי אננס,איירוויק,,איירוויק ספריי אננס,מיליליטרים,236.00,"100 מ""ל",false,,19.90,0.0843,true,1,215900
7290112003515,false,איירוויק ספריי ורדים,איירוויק,,איירוויק ספריי ורדים,מיליליטרים,236.00,"100 מ""ל",false,,19.90,0.0843,true,1,216305
7290112003522,false,איירוויק נר ריחני אנ,איירוויק,,איירוויק נר ריחני אנ,גרמים,205.00,100 גרם,false,,29.90,0.1459,true,1,215902
7290112003553,false,איירוויק נר ריחני יע,איירוויק,,איירוויק נר ריחני יע,גרמים,205.00,100 גרם,false,,29.90,0.1459,true,1,215903
7290112003843,false,קלגון ג'ל אנטיבקטריא,,,קלגון ג'ל אנטיבקטריא,מיליליטרים,750.00,"100 מ""ל",false,,29.90,0.0399,true,1,218021
7290112003959,false,וניש מסיר כתמים אבקה,,,וניש מסיר כתמים אבקה,גרמים,470.00,100 גרם,false,,16.90,0.0360,true,1,219696
7290112004024,false,"וניש גולד ג'ל 940 מ""",,,"וניש גולד ג'ל 940 מ""",מיליליטרים,940.00,"100 מ""ל",false,,19.90,0.0212,true,1,260658
7290112004086,false,ג'ל לשמירה על היגיינ,,,ג'ל לשמירה על היגיינ,מיליליטרים,200.00,"100 מ""ל",false,,11.90,0.0595,true,1,215904
7290112004109,false,דטול מגבונים שלישייה,,,דטול מגבונים שלישייה,יחידה,0.00,יחידה,false,,24.90,0.0000,true,1,215905
7290112004314,false,דטול תרסיס מנקה ומחט,,,דטול תרסיס מנקה ומחט,מיליליטרים,750.00,"100 מ""ל",false,,14.90,0.0199,true,1,219693
7290112004413,false,וניש ספריי הסרת כתמי,,,וניש ספריי הסרת כתמי,מיליליטרים,750.00,"100 מ""ל",false,,16.90,0.0225,true,1,262528
7290112004604,false,דטול מארז שלישייה מט,,,דטול מארז שלישייה מט,יחידה,0.00,יחידה,false,,24.90,0.0000,true,1,219695
7290112004772,false,מילוי מבשם אוויר חשמ,איירוויק,,מילוי מבשם אוויר חשמ,יחידה,0.00,יחידה,false,,14.90,0.0000,true,1,263637
7290112004994,false,איירוויק מילוי אוטומ,איירוויק,,איירוויק מילוי אוטומ,מיליליטרים,250.00,"100 מ""ל",false,,14.90,0.0596,true,1,263015
7290112005045,false,וניש אבקה לכביסה לבנ,,,וניש אבקה לכביסה לבנ,גרמים,480.00,100 גרם,false,,16.90,0.0352,true,1,263512
7290112005052,false,וניש אבקה לכביסה לבנ,,,וניש אבקה לכביסה לבנ,גרמים,1500.00,100 גרם,false,,39.90,0.0266,true,1,263435
7290112005076,false,וניש אבקה לכביסה צבע,,,וניש אבקה לכביסה צבע,גרמים,480.00,100 גרם,false,,16.90,0.0352,true,1,263513
7290112005083,false,וניש אבקה לכביסה צבע,,,וניש אבקה לכביסה צבע,גרמים,1500.00,100 גרם,false,,39.90,0.0266,true,1,263511
7290112005168,false,פיניש קוואנטום לימון,פיניש,,פיניש קוואנטום לימון,יחידה,0.00,יחידה,false,,59.90,0.0000,true,1,263638
7290112191120,false,פסטה ביצים אותיות ומ,,,פסטה ביצים אותיות ומ,גרמים,400.00,100 גרם,false,,12.90,0.0323,true,1,204844
7290112192158,false,"ניוקי תפו""א ללא גלוט",,,"ניוקי תפו""א ללא גלוט",גרמים,500.00,100 גרם,false,,11.90,0.0238,true,1,207969
7290112192509,false,פרורי לחם 250 גר' GF,,,פרורי לחם 250 גר' GF,גרמים,250.00,100 גרם,false,,18.90,0.0756,true,1,205786
7290112192561,false,פרדונטקס משחה הגנה מ,,,פרדונטקס משחה הגנה מ,מיליליטרים,75.00,"100 מ""ל",false,,34.90,0.4653,true,1,209388
7290112192578,false,פרדונטקס משחת שיניים,,,פרדונטקס משחת שיניים,מיליליטרים,75.00,"100 מ""ל",false,,34.90,0.4653,true,1,209389
7290112192585,false,מברשת שיניים פרדונטק,,,מברשת שיניים פרדונטק,יחידה,0.00,יחידה,false,,29.90,0.0000,true,1,262185
7290112192875,false,משחת שיניים סנסודיין,סנסודיין,,משחת שיניים סנסודיין,יחידה,0.00,יחידה,false,,34.90,0.0000,true,1,210416
7290112192882,false,משחת שיניים סנסודיין,סנסודיין,,משחת שיניים סנסודיין,יחידה,0.00,יחידה,false,,34.90,0.0000,true,1,210417
7290112193582,false,תערובת לעוגת שוקולד,,,תערובת לעוגת שוקולד,גרמים,500.00,100 גרם,false,,22.90,0.0458,true,1,215822
7290112193896,false,"סבון ידיים 500 מ""ל ת",,,"סבון ידיים 500 מ""ל ת",מיליליטרים,500.00,"100 מ""ל",false,,7.90,0.0158,true,1,218095
7290112194251,false,אטריות ביצים קונכיות,,,אטריות ביצים קונכיות,גרמים,400.00,100 גרם,false,,12.90,0.0323,true,1,211542
7290112196408,false,פסטה קונכיות כוסמין,,,פסטה קונכיות כוסמין,גרמים,400.00,100 גרם,false,,15.90,0.0398,true,1,216340
7290112196521,false,חטיפי קרקר כוסמין שו,,,חטיפי קרקר כוסמין שו,גרמים,180.00,100 גרם,false,,9.90,0.0550,true,1,219307
7290112196576,false,שקדי מרק מקמח כוסמין,,,שקדי מרק מקמח כוסמין,גרמים,400.00,100 גרם,false,,17.90,0.0447,true,1,219308
7290112196774,false,ביסקוויט מקמח כוסמין,,,ביסקוויט מקמח כוסמין,גרמים,175.00,100 גרם,false,,11.90,0.0680,true,1,260760
7290112197023,false,אגוזי לוז מצופים שוק,,,אגוזי לוז מצופים שוק,יחידה,0.00,יחידה,false,,19.90,0.0000,true,1,262777
7290112197030,false,שקדים מצופים שוקולד,,,שקדים מצופים שוקולד,יחידה,0.00,יחידה,false,,19.90,0.0000,true,1,262779
7290112197054,false,כדורי אנרגיה עם תמרי,,,כדורי אנרגיה עם תמרי,גרמים,100.00,100 גרם,false,,19.90,0.1990,true,1,262780
7290112197061,false,תחליב רחצה לניקוי וט,,,תחליב רחצה לניקוי וט,מיליליטרים,500.00,"100 מ""ל",false,,12.90,0.0258,true,1,262212
7290112330352,false,דנונה פרו 20 גר וניל,,,דנונה פרו 20 גר וניל,גרמים,200.00,100 גרם,false,,5.90,0.0295,false,1,207107
7290112330390,false,דנונה פרו 20 גר פירו,,,דנונה פרו 20 גר פירו,גרמים,200.00,100 גרם,false,,5.90,0.0295,false,1,207104
7290112330420,false,דנונה פרו לבן 2.9% ש,,,דנונה פרו לבן 2.9% ש,גרמים,150.00,100 גרם,false,,4.50,0.0300,true,1,205597
7290112332585,false,"פריכיות תפו""א אורז ב",,,"פריכיות תפו""א אורז ב",גרמים,30.00,100 גרם,false,,5.50,0.1833,true,1,207295
7290112332691,false,עוגיית קרם פסק זמן א,,,עוגיית קרם פסק זמן א,גרמים,200.00,100 גרם,false,,11.50,0.0575,true,1,208040
7290112332875,false,מאסט קוביות מנטה עדי,,,מאסט קוביות מנטה עדי,גרמים,86.00,100 גרם,false,,14.90,0.1733,true,1,207143
7290112332899,false,בזוקה פופים קלאסי,,,בזוקה פופים קלאסי,גרמים,58.00,100 גרם,false,,9.90,0.1707,true,1,207297
7290112334749,false,קפה טורקי עלית 200 ג,,,קפה טורקי עלית 200 ג,גרמים,220.00,100 גרם,false,,14.90,0.0677,false,1,208538
7290112335111,false,מאסט קוביות בטעם בזו,,,מאסט קוביות בטעם בזו,גרמים,86.00,100 גרם,false,,14.90,0.1733,true,1,207144
7290112335487,false,הפריכיות הטעימות קצח,,,הפריכיות הטעימות קצח,גרמים,135.00,100 גרם,false,,12.90,0.0956,true,1,207138
7290112335494,false,הפריכיות הטעימות פוט,,,הפריכיות הטעימות פוט,גרמים,135.00,100 גרם,false,,12.90,0.0956,true,1,207139
7290112335500,false,הפריכיות הטעימות חלב,,,הפריכיות הטעימות חלב,גרמים,135.00,100 גרם,false,,12.90,0.0956,true,1,207140
7290112336613,false,עד חצות סנדוויץ,,,עד חצות סנדוויץ,גרמים,135.00,100 גרם,false,,10.90,0.0807,true,1,210088
7290112336637,false,סוכריות יוגורט תות א,עלית,,סוכריות יוגורט תות א,גרמים,80.00,100 גרם,false,,8.50,0.1063,false,1,208998
7290112336644,false,סוכריות לימון ללא סו,עלית,,סוכריות לימון ללא סו,גרמים,80.00,100 גרם,false,,8.50,0.1063,false,1,208999
7290112336651,false,סוכריות ריבת חלב ללא,עלית,,סוכריות ריבת חלב ללא,גרמים,80.00,100 גרם,false,,8.50,0.1063,false,1,209000
7290112336712,false,דנונה פרו 21 0%,,,דנונה פרו 21 0%,גרמים,200.00,100 גרם,false,,5.90,0.0295,false,1,205709
7290112337474,false,סוכריות פטל לימון לל,עלית,,סוכריות פטל לימון לל,גרמים,80.00,100 גרם,false,,8.50,0.1063,false,1,209001
7290112338877,false,סקי תות,שטראוס,,סקי תות,גרמים,125.00,100 גרם,false,,3.70,0.0296,false,1,205190
7290112339362,false,דנונה לייט אנד פריי,,,דנונה לייט אנד פריי,גרמים,150.00,100 גרם,false,,4.60,0.0307,true,1,209479
7290112339867,false,גמדים סקוויז בודד תו,,,גמדים סקוויז בודד תו,גרמים,100.00,100 גרם,false,,5.70,0.0570,true,1,206734
7290112339874,false,גמדים סקוויז בודד תו,,,גמדים סקוויז בודד תו,גרמים,100.00,100 גרם,false,,5.70,0.0570,true,1,206735
7290112340122,false,הפריכיות הטעימות 3 ד,,,הפריכיות הטעימות 3 ד,גרמים,135.00,100 גרם,false,,12.90,0.0956,true,1,207142
7290112340245,false,צנצנת מאסט בטעם דובד,,,צנצנת מאסט בטעם דובד,גרמים,66.00,100 גרם,false,,9.90,0.1500,true,1,206183
7290112340252,false,צנצנת מאסט בטעם אבטי,,,צנצנת מאסט בטעם אבטי,גרמים,66.00,100 גרם,false,,9.90,0.1500,true,1,206184
7290112340276,false,עוגיות קרם קפה נמס,,,עוגיות קרם קפה נמס,גרמים,200.00,100 גרם,false,,11.50,0.0575,true,1,208046
7290112340900,false,קפה טורקי האג,,,קפה טורקי האג,גרמים,200.00,100 גרם,false,,25.90,0.1295,true,1,214202
7290112341556,false,אקטיביה עם צ'יה ותות,,,אקטיביה עם צ'יה ותות,גרמים,150.00,100 גרם,false,,4.60,0.0307,true,1,209209
7290112341679,false,אקטיביה 3%,,,אקטיביה 3%,גרמים,200.00,100 גרם,false,,3.80,0.0190,true,1,208981
7290112341686,false,מארז אקטיביה 3%,,,מארז אקטיביה 3%,גרמים,1200.00,100 גרם,false,,19.90,0.0166,true,1,208982
7290112342102,false,סימפוניה בצל מקורמל,,,סימפוניה בצל מקורמל,גרמים,200.00,100 גרם,false,,11.20,0.0560,true,1,210405
7290112342515,false,דוריטוס צ'יזי טוויסט,עלית,,דוריטוס צ'יזי טוויסט,גרמים,55.00,100 גרם,false,,2.90,0.0527,true,1,210428
7290112343260,false,רוטב שמנת קלאסי 260,יטבתה,,רוטב שמנת קלאסי 260,גרמים,260.00,100 גרם,false,,10.50,0.0404,true,1,210106
7290112343420,false,יטבתה פרו ארוחת בוקר,,,יטבתה פרו ארוחת בוקר,מיליליטרים,350.00,"100 מ""ל",false,,7.40,0.0211,true,1,210103
7290112343499,false,צ'יטוס 55 גר' puffs,עלית,,צ'יטוס 55 גר' puffs,גרמים,55.00,100 גרם,false,,3.40,0.0618,true,1,259790
7290112343512,false,צ'יטוס 160 גר' puffs,עלית,,צ'יטוס 160 גר' puffs,גרמים,160.00,100 גרם,false,,7.90,0.0494,true,1,259791
7290112344564,false,רביולי גבינה 400 גר',,,רביולי גבינה 400 גר',גרמים,400.00,100 גרם,false,,19.90,0.0497,true,1,209242
7290112344724,false,מילקי בטעם שוקולד בל,,,מילקי בטעם שוקולד בל,גרמים,133.00,100 גרם,false,,3.30,0.0248,true,1,210094
7290112344755,false,מילקי מופחת סוכר,,,מילקי מופחת סוכר,גרמים,135.00,100 גרם,false,,2.80,0.0207,false,1,215847
7290112344786,false,פלטינום קלאסיק 200 ג,עלית,,פלטינום קלאסיק 200 ג,גרמים,200.00,100 גרם,false,,24.90,0.1245,false,1,211058
7290112344953,false,סימפוניה חציל קלוי,,,סימפוניה חציל קלוי,גרמים,200.00,100 גרם,false,,11.20,0.0560,true,1,216764
7290112346360,false,בפלות אחת אחת בציפוי,,,בפלות אחת אחת בציפוי,גרמים,180.00,100 גרם,false,,13.90,0.0772,true,1,211107
7290112346537,false,פינוקיות בטעם טורטית,,,פינוקיות בטעם טורטית,גרמים,200.00,100 גרם,false,,11.50,0.0575,true,1,210092
7290112346629,false,דנונה קראנצ עם קורנפ,שטראוס דנונה,,דנונה קראנצ עם קורנפ,גרמים,172.00,100 גרם,false,,4.60,0.0267,false,1,212833
7290112346773,false,דנונה לייט אנד פריי,,,דנונה לייט אנד פריי,גרמים,150.00,100 גרם,false,,4.60,0.0307,true,1,216494
7290112346797,false,אקטיביה שיבולת שועל,,,אקטיביה שיבולת שועל,גרמים,150.00,100 גרם,false,,4.60,0.0307,true,1,211877
7290112346827,false,אקטימל ויטמין סי פטל,,,אקטימל ויטמין סי פטל,גרמים,864.00,100 גרם,false,,21.10,0.0244,false,1,215237
7290112347008,false,גמדים ארוחת בוקר תות,,,גמדים ארוחת בוקר תות,גרמים,100.00,100 גרם,false,,5.70,0.0570,true,1,210097
7290112347473,false,מארז לייט אנד פריי ת,,,מארז לייט אנד פריי ת,גרמים,1200.00,100 גרם,false,,27.50,0.0229,true,1,209483
7290112348142,false,שעועית לבנה טעם הטבע,,,שעועית לבנה טעם הטבע,גרמים,230.00,100 גרם,false,,6.50,0.0283,true,1,212511
7290112348616,false,קפה נמס אגוזי לוז,,,קפה נמס אגוזי לוז,גרמים,100.00,100 גרם,false,,15.90,0.1590,false,1,214768
7290112348999,false,פריכיות טעימות תירס,,,פריכיות טעימות תירס,גרמים,135.00,100 גרם,false,,12.90,0.0956,true,1,215859
7290112349316,false,בזוקה בטעם תות,,,בזוקה בטעם תות,גרמים,86.00,100 גרם,false,,14.90,0.1733,true,1,211871
7290112349606,false,דניאלה תות בננה,,,דניאלה תות בננה,גרמים,88.00,100 גרם,false,,4.10,0.0466,true,1,261019
7290112349705,false,פומודורו רוטב עגבניו,,,פומודורו רוטב עגבניו,גרמים,350.00,100 גרם,false,,11.90,0.0340,true,1,210483
7290112349736,false,בזיליקום רוטב עגבניו,,,בזיליקום רוטב עגבניו,גרמים,350.00,100 גרם,false,,11.90,0.0340,true,1,210484
7290112349743,false,ארביאטה רוטב עגבניות,,,ארביאטה רוטב עגבניות,גרמים,350.00,100 גרם,false,,11.90,0.0340,true,1,210485
7290112349750,false,רוטב עגבניות לפיצה,,,רוטב עגבניות לפיצה,גרמים,350.00,100 גרם,false,,11.90,0.0340,true,1,210486
7290112349897,false,מאסט קוביות מנטה,,,מאסט קוביות מנטה,גרמים,86.00,100 גרם,false,,14.90,0.1733,true,1,211966
7290112349903,false,רוטב שמנת עם גרגירי,יטבתה,,רוטב שמנת עם גרגירי,מיליליטרים,260.00,"100 מ""ל",false,,10.50,0.0404,true,1,262481
7290112350312,false,קפסולות 15 למכונות נ,,,קפסולות 15 למכונות נ,גרמים,50.00,100 גרם,false,,16.90,0.3380,false,1,213902
7290112350589,false,אבקת צ'יקו 65 גר,,,אבקת צ'יקו 65 גר,גרמים,65.00,100 גרם,false,,11.50,0.1769,false,1,214328
7290112351067,false,סילאן טבעי לחיץ 630,,,סילאן טבעי לחיץ 630,גרמים,630.00,100 גרם,false,,25.90,0.0411,true,1,211967
7290112351258,false,פינוקיות שחור לבן,,,פינוקיות שחור לבן,גרמים,200.00,100 גרם,false,,11.50,0.0575,true,1,213900
7290112351463,false,סוכריות FRESH פטל לי,,,סוכריות FRESH פטל לי,גרמים,45.00,100 גרם,false,,9.50,0.2111,true,1,212986
7290112351470,false,סוכריות FRESH בטעם ר,,,סוכריות FRESH בטעם ר,גרמים,45.00,100 גרם,false,,9.50,0.2111,true,1,212987
7290112351524,false,עלי סלנובה 200 גר ש,,,עלי סלנובה 200 גר ש,גרמים,200.00,100 גרם,false,,10.90,0.0545,true,1,213879
7290112353412,false,פריכיות משולשות-תפוא,,,פריכיות משולשות-תפוא,גרמים,30.00,100 גרם,false,,5.50,0.1833,true,1,213901
7290112353887,false,משקה קפה קר בטעם אגו,,,משקה קפה קר בטעם אגו,מיליליטרים,230.00,"100 מ""ל",false,,7.50,0.0326,true,1,213382
7290112354211,false,פיצה מרגריטה דלישס,,,פיצה מרגריטה דלישס,גרמים,400.00,100 גרם,false,,22.90,0.0572,true,1,259779
7290112354228,false,פיצה מרגריטה עם זיתי,,,פיצה מרגריטה עם זיתי,גרמים,400.00,100 גרם,false,,22.90,0.0572,true,1,259780
7290112354242,false,קונוס פיצה דלישס,,,קונוס פיצה דלישס,גרמים,280.00,100 גרם,false,,22.90,0.0818,true,1,259782
7290112354945,false,תפוצ'יפס בטעם טבעי 5,עלית,,תפוצ'יפס בטעם טבעי 5,גרמים,50.00,100 גרם,false,,3.90,0.0780,false,1,264596
7290112354952,false,תפוצ'יפס בטעם פפריקה,עלית,,תפוצ'יפס בטעם פפריקה,גרמים,50.00,100 גרם,false,,3.90,0.0780,false,1,264595
7290112354969,false,תפוצ'יפס טבעי 200 גר,עלית,,תפוצ'יפס טבעי 200 גר,גרמים,200.00,100 גרם,false,,10.90,0.0545,false,1,264597
7290112355027,false,דנונה פרו 20 גר קרמל,,,דנונה פרו 20 גר קרמל,גרמים,200.00,100 גרם,false,,5.90,0.0295,false,1,215849
7290112355102,false,גמדים פאו'ץ סלט פירו,,,גמדים פאו'ץ סלט פירו,גרמים,100.00,100 גרם,false,,5.70,0.0570,true,1,216536
7290112355263,false,רוטב שמנת עם שוקולד,יטבתה,,רוטב שמנת עם שוקולד,מיליליטרים,260.00,"100 מ""ל",false,,10.50,0.0404,true,1,262482
7290112355775,false,סימפוניה עירית 5%,שטראוס,,סימפוניה עירית 5%,גרמים,200.00,100 גרם,false,,11.20,0.0560,false,1,263600
7290112357045,false,עגבניות איטלקיות מרו,,,עגבניות איטלקיות מרו,גרמים,390.00,100 גרם,false,,6.50,0.0167,true,1,212515
7290112357069,false,מחית עגבניות איטלקיו,,,מחית עגבניות איטלקיו,גרמים,500.00,100 גרם,false,,6.90,0.0138,true,1,212516
7290112357083,false,אפונת גינה טעם הטבע,,,אפונת גינה טעם הטבע,גרמים,250.00,100 גרם,false,,6.50,0.0260,true,1,212512
7290112357106,false,שעועית אדומה טעם הטב,,,שעועית אדומה טעם הטב,גרמים,230.00,100 גרם,false,,6.50,0.0283,true,1,212517
7290112357113,false,גרגרי חומוס טעם הטבע,,,גרגרי חומוס טעם הטבע,גרמים,230.00,100 גרם,false,,6.50,0.0283,true,1,212513
7290112357175,false,קפסולות BOOST למכונת,,,קפסולות BOOST למכונת,גרמים,50.00,100 גרם,false,,16.90,0.3380,false,1,211124
7290112357892,false,סוכריות FRESH מנטה,,,סוכריות FRESH מנטה,גרמים,45.00,100 גרם,false,,9.50,0.2111,true,1,212988
7290112358004,false,פסק זמן קראנץ',,,פסק זמן קראנץ',גרמים,32.00,100 גרם,false,,5.00,0.1563,false,1,215238
7290112358127,false,דנונה פרו עם מגנזיום,,,דנונה פרו עם מגנזיום,גרמים,200.00,100 גרם,false,,6.20,0.0310,false,1,215322
7290112358219,false,רוטב צ'ילי מתוק 300,,,רוטב צ'ילי מתוק 300,גרמים,300.00,100 גרם,false,,13.90,0.0463,true,1,213392
7290112358233,false,רוטב צילי חריף,,,רוטב צילי חריף,גרמים,300.00,100 גרם,false,,13.90,0.0463,true,1,213904
7290112358240,false,רוטב גריל,יד מרדכי,,רוטב גריל,גרמים,300.00,100 גרם,false,,13.90,0.0463,true,1,212306
7290112358257,false,רוטב לעוף עם שזיפים,יד מרדכי,,רוטב לעוף עם שזיפים,גרמים,300.00,100 גרם,false,,13.90,0.0463,true,1,212307
7290112358431,false,עד חצות דאבל 200 גרם,עלית,,עד חצות דאבל 200 גרם,גרמים,200.00,100 גרם,false,,13.90,0.0695,false,1,217853
7290112358561,false,קפה פלטינום קלאסיק,,,קפה פלטינום קלאסיק,גרמים,47.00,100 גרם,false,,6.90,0.1468,true,1,260719
7290112359353,false,קפה טורקי אלדין 200,עלית,,קפה טורקי אלדין 200,גרמים,200.00,100 גרם,false,,18.90,0.0945,false,1,263325
7290112359384,false,קפה נמס אלפחורס ריבת,,,קפה נמס אלפחורס ריבת,גרמים,100.00,100 גרם,false,,15.90,0.1590,false,1,214770
7290112359902,false,קפה פלטינום ברזיל 47,,,קפה פלטינום ברזיל 47,גרמים,47.00,100 גרם,false,,6.90,0.1468,true,1,260979
7290112486455,false,צלחת קטנה אלגנט 20 י,,,צלחת קטנה אלגנט 20 י,יחידה,0.00,יחידה,false,,7.90,0.0000,true,1,263803
7290112486462,false,צלחת גדולה אלגנט 20,,,צלחת גדולה אלגנט 20,יחידה,0.00,יחידה,false,,12.90,0.0000,true,1,263802
7290112486479,false,צלחת ענק אלגנט 20 יח,,,צלחת ענק אלגנט 20 יח,יחידה,0.00,יחידה,false,,19.90,0.0000,true,1,263905
7290112490117,false,קליק טבלה וופל ואגוז,קליק,,קליק טבלה וופל ואגוז,גרמים,85.00,100 גרם,false,,7.00,0.0824,false,1,203723
7290112490209,false,נמס בכוס עגבניות קרו,קנור,,נמס בכוס עגבניות קרו,גרמים,56.00,100 גרם,false,,7.00,0.1250,true,1,203616
7290112490216,false,נמס בכוס טעם עוף קרט,קנור,,נמס בכוס טעם עוף קרט,גרמים,48.00,100 גרם,false,,7.00,0.1458,true,1,203617
7290112490230,false,נמס בכוס אפונה רכיבי,קנור,,נמס בכוס אפונה רכיבי,גרמים,50.00,100 גרם,false,,7.00,0.1400,true,1,203618
7290112490582,false,חרדל דיז'ון צרפתי,הלמנ'ס,,חרדל דיז'ון צרפתי,גרמים,350.00,100 גרם,false,,13.90,0.0397,true,1,203639
7290112490599,false,חרדל צרפתי עם גרגירי,הלמנ'ס,,חרדל צרפתי עם גרגירי,גרמים,350.00,100 גרם,false,,13.90,0.0397,true,1,203640
7290112490650,false,קונפיטורת תות שדה 77,,,קונפיטורת תות שדה 77,גרמים,340.00,100 גרם,false,,14.40,0.0424,true,1,203719
7290112490667,false,קונפיטורת משמשים 778,,,קונפיטורת משמשים 778,גרמים,340.00,100 גרם,false,,14.40,0.0424,true,1,203720
7290112490674,false,קונפיטורת דובדבנים,,,קונפיטורת דובדבנים,גרמים,340.00,100 גרם,false,,14.40,0.0424,true,1,203721
7290112490698,false,קונפיטורת תות לייט 7,,,קונפיטורת תות לייט 7,גרמים,260.00,100 גרם,false,,15.90,0.0612,true,1,205250
7290112490728,false,מרק היום ירקות בורגו,קנור,,מרק היום ירקות בורגו,גרמים,95.00,100 גרם,false,,12.90,0.1358,true,1,204450
7290112490735,false,מרק היום עגבניות ופס,קנור,,מרק היום עגבניות ופס,גרמים,105.00,100 גרם,false,,12.90,0.1229,true,1,204413
7290112490742,false,מרק עשיר פטריות גריס,קנור,,מרק עשיר פטריות גריס,גרמים,104.00,100 גרם,false,,12.90,0.1240,true,1,204106
7290112490759,false,מרק היום עוף אטריות,קנור,,מרק היום עוף אטריות,גרמים,74.00,100 גרם,false,,12.90,0.1743,true,1,204414
7290112490896,false,רוטב צ'ילי חריף קנור,קנור,,רוטב צ'ילי חריף קנור,גרמים,370.00,100 גרם,false,,12.90,0.0349,true,1,204893
7290112491701,false,ברנפלקס אקסטרה פייבר,תלמה,,ברנפלקס אקסטרה פייבר,גרמים,375.00,100 גרם,false,,21.90,0.0584,false,1,206188
7290112491770,false,בייגלה דקים דקים מלח,בייגל בייגל,,בייגלה דקים דקים מלח,גרמים,300.00,100 גרם,false,,8.90,0.0297,true,1,205368
7290112491787,false,בייגלה דקים דקים שומ,בייגל בייגל,,בייגלה דקים דקים שומ,גרמים,300.00,100 גרם,false,,8.90,0.0297,true,1,205369
7290112491794,false,בייגלה דקים דקים שמנ,בייגל בייגל,,בייגלה דקים דקים שמנ,גרמים,300.00,100 גרם,false,,8.90,0.0297,true,1,205370
7290112492449,false,פינוק שמפו לשיער רגי,פינוק,,פינוק שמפו לשיער רגי,מיליליטרים,700.00,"100 מ""ל",false,,11.90,0.0170,false,1,212154
7290112492456,false,פינוק שמפו שיער יבש,פינוק,,פינוק שמפו שיער יבש,מיליליטרים,700.00,"100 מ""ל",false,,11.90,0.0170,false,1,212156
7290112492463,false,שמפו פינוק 2-ב-1 רגי,פינוק,,שמפו פינוק 2-ב-1 רגי,מיליליטרים,700.00,"100 מ""ל",false,,11.90,0.0170,false,1,212869
7290112492470,false,פינוק 2-ב-1 יבש 700,פינוק,,פינוק 2-ב-1 יבש 700,מיליליטרים,700.00,"100 מ""ל",false,,11.90,0.0170,false,1,216381
7290112492500,false,שמפו פינוק שמן קוקוס,פינוק,,שמפו פינוק שמן קוקוס,מיליליטרים,700.00,"100 מ""ל",false,,11.90,0.0170,false,1,212170
7290112492531,false,פינוק מרכך לשיער רגי,פינוק,,פינוק מרכך לשיער רגי,מיליליטרים,700.00,"100 מ""ל",false,,11.90,0.0170,false,1,209862
7290112492548,false,פינוק מרכך לשיער יבש,פינוק,,פינוק מרכך לשיער יבש,מיליליטרים,700.00,"100 מ""ל",false,,11.90,0.0170,false,1,209863
7290112492593,false,פינוק תחליב רחצה קלא,פינוק,,פינוק תחליב רחצה קלא,מיליליטרים,700.00,"100 מ""ל",false,,11.90,0.0170,false,1,209856
7290112492609,false,פינוק תחליב רחצה לבנ,פינוק,,פינוק תחליב רחצה לבנ,מיליליטרים,700.00,"100 מ""ל",false,,11.90,0.0170,false,1,209857
7290112492630,false,פינוק 3 ב-1 לגבר 700,פינוק,,פינוק 3 ב-1 לגבר 700,מיליליטרים,700.00,"100 מ""ל",false,,11.90,0.0170,false,1,209867
7290112492647,false,פינוק לגבר 3-ב-1 ספו,פינוק,,פינוק לגבר 3-ב-1 ספו,מיליליטרים,700.00,"100 מ""ל",false,,11.90,0.0170,false,1,216987
7290112492722,false,פינוק שמפו ומרכך 2-ב,פינוק,,פינוק שמפו ומרכך 2-ב,מיליליטרים,700.00,"100 מ""ל",false,,12.90,0.0184,true,1,213073
7290112492982,false,קנור מרק פטריות רכיב,קנור,,קנור מרק פטריות רכיב,גרמים,400.00,100 גרם,false,,19.90,0.0497,false,1,209830
7290112492999,false,מרק טעם עוף קנור 400,קנור,,מרק טעם עוף קנור 400,גרמים,400.00,100 גרם,false,,13.90,0.0348,false,1,209831
7290112493064,false,קנור רוטב שזיפים 320,קנור,,קנור רוטב שזיפים 320,גרמים,320.00,100 גרם,false,,14.90,0.0466,true,1,209828
7290112493088,false,קנור מרק נמס בכוס עד,קנור,,קנור מרק נמס בכוס עד,גרמים,54.00,100 גרם,false,,7.00,0.1296,false,1,208679
7290112493095,false,קנור מרק נמס בכוס עג,קנור,,קנור מרק נמס בכוס עג,גרמים,85.00,100 גרם,false,,7.00,0.0824,false,1,208308
7290112493293,false,קנור מרק נמס בכוס יר,קנור,,קנור מרק נמס בכוס יר,גרמים,0.00,100 גרם,false,,7.00,0.0000,false,1,208309
7290112493316,false,מרק היום אפונה 100%,קנור,,מרק היום אפונה 100%,גרמים,117.00,100 גרם,false,,12.90,0.1103,true,1,208678
7290112493927,false,גלידה קרמיסימו ריבת,קרמיסימו- שטראוס,,גלידה קרמיסימו ריבת,ליטרים,1.33,ליטר,false,,24.90,18.7218,false,1,209872
7290112493934,false,גלידה קרמיסימו וניל,קרמיסימו- שטראוס,,גלידה קרמיסימו וניל,ליטרים,1.33,ליטר,false,,24.90,18.7218,false,1,209873
7290112493965,false,גלידה קרמיסימו מסטיג,קרמיסימו- שטראוס,,גלידה קרמיסימו מסטיג,ליטרים,1.33,ליטר,false,,24.90,18.7218,false,1,209874
7290112494016,false,מיונז מופחת שומן 500,תלמה,,מיונז מופחת שומן 500,גרמים,500.00,100 גרם,false,,10.00,0.0200,false,1,208078
7290112494153,false,קנור תיבולית בניחוח,קנור,,קנור תיבולית בניחוח,גרמים,72.00,100 גרם,false,,10.00,0.1389,true,1,210557
7290112494221,false,קליק ביסקויט,קליק,,קליק ביסקויט,גרמים,65.00,100 גרם,false,,7.00,0.1077,false,1,209544
7290112494238,false,קליק כדורים 65 גר',קליק,,קליק כדורים 65 גר',גרמים,65.00,100 גרם,false,,7.00,0.1077,false,1,209545
7290112494276,false,קליק כריות,קליק,,קליק כריות,גרמים,65.00,100 גרם,false,,7.00,0.1077,false,1,209547
7290112494283,false,קליק חום לבן,קליק,,קליק חום לבן,גרמים,65.00,100 גרם,false,,7.00,0.1077,false,1,209548
7290112494313,false,קליק קורנפלקס,קליק,,קליק קורנפלקס,גרמים,65.00,100 גרם,false,,7.00,0.1077,false,1,209550
7290112494344,false,קורנפלקס אלופים 850,תלמה,,קורנפלקס אלופים 850,גרמים,850.00,100 גרם,false,,18.90,0.0222,false,1,211347
7290112494351,false,קורנפלקס אלופים 850,תלמה,,קורנפלקס אלופים 850,גרמים,850.00,100 גרם,false,,18.90,0.0222,false,1,211570
7290112494382,false,קנור פירה ביתי 260 ג,קנור,,קנור פירה ביתי 260 ג,גרמים,260.00,100 גרם,false,,13.90,0.0535,true,1,210064
7290112494580,false,דומסטוס ג'ל אסלה פרח,,,דומסטוס ג'ל אסלה פרח,מיליליטרים,750.00,"100 מ""ל",false,,8.90,0.0119,true,1,208330
7290112494610,false,קנור רוטב פיקנטי לדג,קנור,,קנור רוטב פיקנטי לדג,גרמים,415.00,100 גרם,false,,11.90,0.0287,true,1,209978
7290112494795,false,בדין ג'ל לכביסה כחול,בדין,,בדין ג'ל לכביסה כחול,ליטרים,2.50,ליטר,false,,29.90,11.9600,true,1,209657
7290112494801,false,בדין ג'ל לכביסה וורו,בדין,,בדין ג'ל לכביסה וורו,ליטרים,2.50,ליטר,false,,29.90,11.9600,true,1,209658
7290112494825,false,דאב תרחיץ פנים לעור,דאב,,דאב תרחיץ פנים לעור,מיליליטרים,180.00,"100 מ""ל",false,,12.90,0.0717,true,1,215558
7290112494832,false,דאב תרחיץ פנים לעור,דאב,,דאב תרחיץ פנים לעור,מיליליטרים,180.00,"100 מ""ל",false,,12.90,0.0717,true,1,214727
7290112494993,false,כריות וניל תלמה 686,תלמה,,כריות וניל תלמה 686,גרמים,686.00,100 גרם,false,,24.90,0.0363,false,1,209531
7290112495006,false,כריות נוגט תלמה 686,תלמה,,כריות נוגט תלמה 686,גרמים,686.00,100 גרם,false,,26.90,0.0392,false,1,209533
7290112495020,false,כריות צ'וקולדה תלמה,תלמה,,כריות צ'וקולדה תלמה,גרמים,686.00,100 גרם,false,,24.90,0.0363,false,1,209534
7290112495037,false,קוקומן כדורים תלמה ב,תלמה,,קוקומן כדורים תלמה ב,גרמים,375.00,100 גרם,false,,19.90,0.0531,false,1,209641
7290112495044,false,קוקומן פצפוצים תלמה,תלמה,,קוקומן פצפוצים תלמה,גרמים,375.00,100 גרם,false,,19.90,0.0531,false,1,209640
7290112495105,false,נשנושים שמנת בצל,בייגל בייגל,,נשנושים שמנת בצל,גרמים,260.00,100 גרם,false,,13.50,0.0519,false,1,209541
7290112495112,false,נשנושים זעתר,בייגל בייגל,,נשנושים זעתר,גרמים,260.00,100 גרם,false,,13.50,0.0519,false,1,209542
7290112495143,false,נשנושי קרקר קוקטייל,בייגל בייגל,,נשנושי קרקר קוקטייל,גרמים,300.00,100 גרם,false,,14.90,0.0497,true,1,209536
7290112495150,false,נשנושי קרקר עיגולים,בייגל בייגל,,נשנושי קרקר עיגולים,גרמים,300.00,100 גרם,false,,14.90,0.0497,true,1,209537
7290112495167,false,נשנושי קרקר משולשי ש,בייגל בייגל,,נשנושי קרקר משולשי ש,גרמים,300.00,100 גרם,false,,14.90,0.0497,true,1,209538
7290112495174,false,נשנושי קרקר קוקטייל,בייגל בייגל,,נשנושי קרקר קוקטייל,גרמים,300.00,100 גרם,false,,14.90,0.0497,true,1,209539
7290112495228,false,קורנפלקס דבש 448 גר',תלמה,,קורנפלקס דבש 448 גר',גרמים,448.00,100 גרם,false,,19.90,0.0444,false,1,209535
7290112495235,false,קורנפלקס וניל תלמה,,,קורנפלקס וניל תלמה,גרמים,448.00,100 גרם,false,,19.90,0.0444,false,1,209745
7290112495280,false,ברנפלקס ריבועי קינמו,תלמה,,ברנפלקס ריבועי קינמו,גרמים,400.00,100 גרם,false,,19.90,0.0497,false,1,211279
7290112495433,false,דליפקאן 400 גר' תלמה,תלמה,,דליפקאן 400 גר' תלמה,גרמים,400.00,100 גרם,false,,19.90,0.0497,false,1,208674
7290112495488,false,קורנפלקס ללא גלוטן 5,תלמה,,קורנפלקס ללא גלוטן 5,גרמים,500.00,100 גרם,false,,19.90,0.0398,false,1,212671
7290112495556,false,קליק שלישיית ברים נו,קליק,,קליק שלישיית ברים נו,גרמים,105.00,100 גרם,false,,14.90,0.1419,true,1,212870
7290112495594,false,בייגלה שמיניות גדולו,בייגל בייגל,,בייגלה שמיניות גדולו,גרמים,400.00,100 גרם,false,,13.90,0.0348,true,1,209829
7290112495662,false,קרקר חיטה מלאה עם פש,בייגל בייגל,,קרקר חיטה מלאה עם פש,גרמים,300.00,100 גרם,false,,9.90,0.0330,true,1,212932
7290112495754,false,הלמנס לסלט אלף האיים,הלמנ'ס,,הלמנס לסלט אלף האיים,גרמים,305.00,100 גרם,false,,12.90,0.0423,false,1,211281
7290112495785,false,רוטב שום לסלט הלמנס,הלמנ'ס,,רוטב שום לסלט הלמנס,גרמים,300.00,100 גרם,false,,12.90,0.0430,true,1,210831
7290112495792,false,רוטב שום לייט לסלט ה,הלמנ'ס,,רוטב שום לייט לסלט ה,גרמים,300.00,100 גרם,false,,12.90,0.0430,true,1,210832
7290112495808,false,הלמנס רוטב לסלט חרדל,הלמנ'ס,,הלמנס רוטב לסלט חרדל,גרמים,305.00,100 גרם,false,,12.90,0.0423,true,1,211841
7290112495815,false,הלמנס רוטב סלט חרדל,הלמנ'ס,,הלמנס רוטב סלט חרדל,גרמים,305.00,100 גרם,false,,12.90,0.0423,true,1,211842
7290112495822,false,כריות בלאק 686 גר',תלמה,,כריות בלאק 686 גר',גרמים,686.00,100 גרם,false,,24.90,0.0363,false,1,209832
7290112495938,false,קרקר משפחתי 6 דגנים,בייגל בייגל,,קרקר משפחתי 6 דגנים,גרמים,250.00,100 גרם,false,,9.90,0.0396,true,1,211954
7290112495976,false,פתית פריכיות תירס מצ,תלמה,,פתית פריכיות תירס מצ,גרמים,35.00,100 גרם,false,,5.40,0.1543,true,1,212384
7290112495983,false,פתית פריכיות תירס שו,תלמה,,פתית פריכיות תירס שו,גרמים,39.00,100 גרם,false,,5.40,0.1385,true,1,212385
7290112496027,false,אפיכל סירופ שוקולד 5,אפיכל,,אפיכל סירופ שוקולד 5,גרמים,580.00,100 גרם,false,,12.90,0.0222,true,1,211393
7290112496034,false,סירופ מייפל 580 גר',אפיכל,,סירופ מייפל 580 גר',גרמים,580.00,100 גרם,false,,12.90,0.0222,true,1,212150
7290112496218,false,רוטב טריאקי מופחת נת,קנור,,רוטב טריאקי מופחת נת,גרמים,340.00,100 גרם,false,,12.90,0.0379,true,1,211837
7290112496270,false,"פתית צ'יפס תפו""א עם",פתית,,"פתית צ'יפס תפו""א עם",גרמים,22.00,100 גרם,false,,4.90,0.2227,true,1,213261
7290112496287,false,פתית צ'יפס בטטה בטעם,פתית,,פתית צ'יפס בטטה בטעם,גרמים,21.00,100 גרם,false,,4.90,0.2333,true,1,213262
7290112496294,false,פתית צ'יפס עם אפונה,פתית,,פתית צ'יפס עם אפונה,גרמים,22.00,100 גרם,false,,4.90,0.2227,true,1,213263
7290112496430,false,נמס בכוס אקסטרה עגבנ,קנור,,נמס בכוס אקסטרה עגבנ,גרמים,37.00,100 גרם,false,,4.50,0.1216,false,1,261467
7290112496447,false,נמס בכוס אקסטרה טעם,קנור,,נמס בכוס אקסטרה טעם,גרמים,27.00,100 גרם,false,,4.50,0.1667,false,1,261468
7290112496461,false,נמס בכוס אקסטרה ירקו,קנור,,נמס בכוס אקסטרה ירקו,גרמים,32.00,100 גרם,false,,4.50,0.1406,false,1,261469
7290112497000,false,סיף ניקוי כללי לימון,סיף פנטסטיק,,סיף ניקוי כללי לימון,ליטרים,1.00,ליטר,false,,9.90,9.9000,true,1,212504
7290112497031,false,רוטב עגבניות לקציצות,קנור,,רוטב עגבניות לקציצות,גרמים,415.00,100 גרם,false,,11.90,0.0287,true,1,218386
7290112497123,false,סחלב קנור 112 גר',קנור,,סחלב קנור 112 גר',גרמים,112.00,100 גרם,false,,13.50,0.1205,true,1,215763
7290112497499,false,קליק שוקולד לבן עם ע,קליק,,קליק שוקולד לבן עם ע,גרמים,85.00,100 גרם,false,,7.00,0.0824,false,1,218894
7290112497505,false,וזלין תחליב גוף אלוו,וזלין,,וזלין תחליב גוף אלוו,מיליליטרים,600.00,"100 מ""ל",false,,27.90,0.0465,true,1,213264
7290112497710,false,פינוק שמפו אל דמע לת,פינוק,,פינוק שמפו אל דמע לת,מיליליטרים,700.00,"100 מ""ל",false,,14.90,0.0213,true,1,263663
7290112497864,false,מרק עוף רכיביים טבעי,קנור,,מרק עוף רכיביים טבעי,גרמים,400.00,100 גרם,false,,19.90,0.0497,true,1,216380
7290112498007,false,גרנולה פרוטאין בתוספ,תלמה,,גרנולה פרוטאין בתוספ,גרמים,300.00,100 גרם,false,,14.90,0.0497,true,1,217923
7290112498052,false,מאגדת פתית צ'יפס עם,תלמה,,מאגדת פתית צ'יפס עם,גרמים,84.00,100 גרם,false,,15.90,0.1893,true,1,218385
7290112498090,false,פינוק מרכך שמן חוחוב,פינוק,,פינוק מרכך שמן חוחוב,מיליליטרים,700.00,"100 מ""ל",false,,11.90,0.0170,false,1,215373
7290112498250,false,קורנפלקס של אלופים ת,,,קורנפלקס של אלופים ת,גרמים,410.00,100 גרם,false,,11.90,0.0290,true,1,219068
7290112498267,false,פינוק סבון ידיים נוז,,,פינוק סבון ידיים נוז,מיליליטרים,950.00,"100 מ""ל",false,,13.90,0.0146,true,1,218905
7290112498281,false,פינוק סבון ידיים נוז,,,פינוק סבון ידיים נוז,מיליליטרים,950.00,"100 מ""ל",false,,13.90,0.0146,true,1,218907
7290112498441,false,רוטב אסייתי למוקפץ ק,קנור,,רוטב אסייתי למוקפץ ק,גרמים,370.00,100 גרם,false,,12.90,0.0349,false,1,217838
7290112498526,false,פתית צ'יפס עם בטטה ס,פתית,,פתית צ'יפס עם בטטה ס,גרמים,22.00,100 גרם,false,,4.90,0.2227,true,1,218897
7290112498540,false,רקסונה ספריי מן ספור,רקסונה,,רקסונה ספריי מן ספור,מיליליטרים,150.00,"100 מ""ל",false,,14.90,0.0993,true,1,218480
7290112498748,false,מאגדת שלגונים מיני ס,שטראוס,,מאגדת שלגונים מיני ס,גרמים,350.00,100 גרם,false,,25.90,0.0740,true,1,216631
7290112498885,false,מאגדת גודי'ס תותים ו,,,מאגדת גודי'ס תותים ו,גרמים,235.00,100 גרם,false,,25.90,0.1102,true,1,216968
7290112498915,false,מאגדת מיני מגנום שקד,מגנום- שטראוס,,מאגדת מיני מגנום שקד,גרמים,250.00,100 גרם,false,,27.90,0.1116,true,1,218544
7290112498922,false,מאגדת מיני מגנום שוק,מגנום- שטראוס,,מאגדת מיני מגנום שוק,גרמים,250.00,100 גרם,false,,27.90,0.1116,true,1,218543
7290112498939,false,בומבה,,,בומבה,גרמים,84.00,100 גרם,false,,8.90,0.1060,true,1,216971
7290112499097,false,מיני מגנום מריר מאגד,,,מיני מגנום מריר מאגד,גרמים,240.00,100 גרם,false,,27.90,0.1162,true,1,261391
7290112499110,false,טילון קליק שוקולד,שטראוס,,טילון קליק שוקולד,גרמים,72.00,100 גרם,false,,6.90,0.0958,true,1,263411
7290112499127,false,מגנום שוקולד לבן תות,,,מגנום שוקולד לבן תות,גרמים,77.00,100 גרם,false,,11.00,0.1429,true,1,261392
7290112499141,false,שלגון סולרו וניל ותפ,שטראוס,,שלגון סולרו וניל ותפ,גרמים,76.00,100 גרם,false,,8.90,0.1171,true,1,262557
7290112499189,false,קרמיסימו חד קרן 1.33,קרמיסימו- שטראוס,,קרמיסימו חד קרן 1.33,ליטרים,1.33,ליטר,false,,22.90,17.2180,false,1,263403
7290112499196,false,קרמיסימו חלב קורנפלק,קרמיסימו- שטראוס,,קרמיסימו חלב קורנפלק,ליטרים,1.33,ליטר,false,,22.90,17.2180,false,1,263368
7290112499219,false,מאגדת שלגונים גודיס,שטראוס,,מאגדת שלגונים גודיס,גרמים,235.00,100 גרם,false,,25.90,0.1102,true,1,262705
7290112499226,false,גלידונית בננה פיסטוק,קרמיסימו- שטראוס,,גלידונית בננה פיסטוק,גרמים,630.00,100 גרם,false,,49.90,0.0792,false,1,264612
7290112499455,false,פינוק תחליב רחצה מרו,פינוק,,פינוק תחליב רחצה מרו,מיליליטרים,700.00,"100 מ""ל",false,,11.90,0.0170,false,1,218615
7290112499462,false,פינוק תחליב רחצה שמן,פינוק,,פינוק תחליב רחצה שמן,מיליליטרים,700.00,"100 מ""ל",false,,11.90,0.0170,false,1,218538
7290112499479,false,פינוק שמפו קרטין 700,פינוק,,פינוק שמפו קרטין 700,מיליליטרים,700.00,"100 מ""ל",false,,11.90,0.0170,false,1,216988
7290112499509,false,רקסונה דאודורנט אפרס,רקסונה,,רקסונה דאודורנט אפרס,מיליליטרים,150.00,"100 מ""ל",false,,14.90,0.0993,true,1,264242
7290112499516,false,רקסונה ספריי לגבר 15,רקסונה,,רקסונה ספריי לגבר 15,מיליליטרים,150.00,"100 מ""ל",false,,14.90,0.0993,true,1,262178
7290112499639,false,טילון סופר מגנום וני,מגנום- שטראוס,,טילון סופר מגנום וני,גרמים,110.00,100 גרם,false,,11.00,0.1000,true,1,210266
7290112499646,false,קורנטו סופר פקאן.,,,קורנטו סופר פקאן.,גרמים,108.00,100 גרם,false,,11.00,0.1019,true,1,211475
7290112499776,false,מאגדת גודיז,,,מאגדת גודיז,גרמים,297.00,100 גרם,false,,25.90,0.0872,true,1,211473
7290112499813,false,אסקימו אבטיח,,,אסקימו אבטיח,גרמים,75.00,100 גרם,false,,2.50,0.0333,true,1,210910
7290112499837,false,מגנום דואט שוקולד עם,מגנום- שטראוס,,מגנום דואט שוקולד עם,גרמים,90.00,100 גרם,false,,11.00,0.1222,true,1,210268
7290112499844,false,מאגדת מיני מגנום דוא,מגנום- שטראוס,,מאגדת מיני מגנום דוא,גרמים,310.00,100 גרם,false,,27.90,0.0900,true,1,210265
7290112499851,false,שלגון מגנום בטעם ברא,מגנום- שטראוס,,שלגון מגנום בטעם ברא,גרמים,58.00,100 גרם,false,,10.00,0.1724,true,1,212943
7290112499905,false,טילון קורנטו קליק בט,מגנום- שטראוס,,טילון קורנטו קליק בט,גרמים,72.00,100 גרם,false,,6.90,0.0958,true,1,212945
7290112499929,false,שלגון מגנום שוקולד,מגנום- שטראוס,,שלגון מגנום שוקולד,גרמים,85.00,100 גרם,false,,11.00,0.1294,true,1,210259
7290112499936,false,מגנום שקדים,מגנום- שטראוס,,מגנום שקדים,גרמים,85.00,100 גרם,false,,11.00,0.1294,true,1,210260
7290112499943,false,מאגדת מיני מגנום קלא,מגנום- שטראוס,,מאגדת מיני מגנום קלא,גרמים,250.00,100 גרם,false,,27.90,0.1116,true,1,210271
7290112705426,false,צלחת במבוק חד-קרן,,,צלחת במבוק חד-קרן,יחידה,0.00,יחידה,false,,12.90,0.0000,true,1,207624
7290112705488,false,כוס במבוק חד-קרן,,,כוס במבוק חד-קרן,יחידה,0.00,יחידה,false,,7.90,0.0000,true,1,207656
7290112937933,false,גרביי ספורט,,,גרביי ספורט,יחידה,0.00,יחידה,false,,12.90,0.0000,true,1,214925
7290112961266,false,אסם בייגלה כפיות פיז,,,אסם בייגלה כפיות פיז,גרמים,300.00,100 גרם,false,,11.90,0.0397,true,1,206178
7290112961372,false,פיטנס חטיפי פריכיות,,,פיטנס חטיפי פריכיות,גרמים,60.00,100 גרם,false,,8.50,0.1417,true,1,206440
7290112961440,false,פיטנס בר פריכיות שוק,,,פיטנס בר פריכיות שוק,גרמים,84.00,100 גרם,false,,12.90,0.1536,true,1,211226
7290112961464,false,חטיפי פריכיות פיטנס,,,חטיפי פריכיות פיטנס,גרמים,60.00,100 גרם,false,,8.50,0.1417,true,1,206441
7290112962287,false,טבעול שווארמה טבעוני,,,טבעול שווארמה טבעוני,גרמים,450.00,100 גרם,false,,31.00,0.0689,true,1,210444
7290112962652,false,מרק טעם עוף אסם כלפ,,,מרק טעם עוף אסם כלפ,גרמים,800.00,100 גרם,false,,10.90,0.0136,false,1,205607
7290112962737,false,שניצל טבעול מהצומח ע,,,שניצל טבעול מהצומח ע,גרמים,664.00,100 גרם,false,,28.90,0.0435,true,1,205012
7290112963321,false,בייגלה גרפיטי שטוח ל,,,בייגלה גרפיטי שטוח ל,גרמים,300.00,100 גרם,false,,12.90,0.0430,true,1,212222
7290112963918,false,פיטנס קרקר דק רוזמרי,,,פיטנס קרקר דק רוזמרי,גרמים,140.00,100 גרם,false,,11.90,0.0850,true,1,207489
7290112964052,false,פרפקטו פסטה וזוביוטו,,,פרפקטו פסטה וזוביוטו,גרמים,500.00,100 גרם,false,,11.50,0.0230,false,1,206446
7290112964410,false,רוטב אלף האיים לסלט,אסם,,רוטב אלף האיים לסלט,מיליליטרים,290.00,"100 מ""ל",false,,12.00,0.0414,false,1,207467
7290112964434,false,רוטב קיסר לסלט אסם 2,אסם,,רוטב קיסר לסלט אסם 2,מיליליטרים,295.00,"100 מ""ל",false,,12.00,0.0407,true,1,207468
7290112964458,false,רוטב ויניגרט לסלט אס,אסם,,רוטב ויניגרט לסלט אס,מיליליטרים,295.00,"100 מ""ל",false,,12.00,0.0407,false,1,207470
7290112964472,false,רוטב שום לסלט אסם 29,אסם,,רוטב שום לסלט אסם 29,מיליליטרים,290.00,"100 מ""ל",false,,12.00,0.0414,true,1,207469
7290112964502,false,רוטב אלף האיים לסלט,אסם,,רוטב אלף האיים לסלט,מיליליטרים,600.00,"100 מ""ל",false,,18.50,0.0308,true,1,207475
7290112964564,false,רוטב אלף האיים לייט,אסם,,רוטב אלף האיים לייט,מיליליטרים,295.00,"100 מ""ל",false,,12.00,0.0407,false,1,207471
7290112964601,false,רוטב בנוסח סצו'אן 29,,,רוטב בנוסח סצו'אן 29,מיליליטרים,290.00,"100 מ""ל",false,,13.90,0.0479,true,1,207347
7290112964625,false,רוטב שום לייט לסלט א,אסם,,רוטב שום לייט לסלט א,מיליליטרים,310.00,"100 מ""ל",false,,12.00,0.0387,false,1,207472
7290112964724,false,המבורגר טבעוני טבעול,,,המבורגר טבעוני טבעול,גרמים,580.00,100 גרם,false,,31.00,0.0534,true,1,208190
7290112965103,false,קוסקוס עם ירקות אסם,,,קוסקוס עם ירקות אסם,גרמים,146.00,100 גרם,false,,10.90,0.0747,true,1,210058
7290112965141,false,פתיתים אפויים עם ירק,אסם,,פתיתים אפויים עם ירק,גרמים,130.00,100 גרם,false,,10.90,0.0838,false,1,210059
7290112965165,false,זוג מרק נמס פטריות א,אסם,,זוג מרק נמס פטריות א,גרמים,34.00,100 גרם,false,,5.90,0.1735,true,1,208297
7290112965240,false,זוג מרק נמס עגבניות,אסם,,זוג מרק נמס עגבניות,גרמים,44.00,100 גרם,false,,5.90,0.1341,true,1,208299
7290112965264,false,זוג מרק נמס אפונה אס,אסם,,זוג מרק נמס אפונה אס,גרמים,30.00,100 גרם,false,,5.90,0.1967,true,1,208300
7290112965288,false,זוג מרק נמס ירקות אס,אסם,,זוג מרק נמס ירקות אס,גרמים,30.00,100 גרם,false,,5.90,0.1967,true,1,208301
7290112965301,false,זוג מרק נמס טעם עוף,אסם,,זוג מרק נמס טעם עוף,גרמים,38.00,100 גרם,false,,5.90,0.1553,true,1,208295
7290112965363,false,קציצת קינואה וברוקול,,,קציצת קינואה וברוקול,גרמים,525.00,100 גרם,false,,31.00,0.0590,false,1,209778
7290112965585,false,פסטה קסרצה פרפקטו,אסם פרפקטו,,פסטה קסרצה פרפקטו,גרמים,500.00,100 גרם,false,,7.70,0.0154,false,1,207780
7290112965660,false,פיטנס חטיף מולטיגריי,,,פיטנס חטיף מולטיגריי,גרמים,25.00,100 גרם,false,,4.90,0.1960,true,1,215189
7290112965707,false,פיטנס חטיף מולטיגריי,,,פיטנס חטיף מולטיגריי,גרמים,25.00,100 גרם,false,,4.90,0.1960,true,1,215191
7290112965868,false,קרם קרקר במליחות מעו,אסם,,קרם קרקר במליחות מעו,גרמים,250.00,100 גרם,false,,8.50,0.0340,true,1,210016
7290112965905,false,בייגלה אסם שמיניות ב,,,בייגלה אסם שמיניות ב,גרמים,400.00,100 גרם,false,,11.00,0.0275,true,1,210079
7290112965981,false,טבעול גורמה ארוחת דג,,,טבעול גורמה ארוחת דג,גרמים,450.00,100 גרם,false,,33.90,0.0753,true,1,261570
7290112966001,false,טבעול גורמה ארוחת יר,,,טבעול גורמה ארוחת יר,גרמים,450.00,100 גרם,false,,33.90,0.0753,true,1,261571
7290112966094,false,עוגת הבית תפוז מופחת,אסם,,עוגת הבית תפוז מופחת,גרמים,400.00,100 גרם,false,,13.90,0.0348,false,1,210019
7290112966445,false,במבה מתוקה 100 גר,,,במבה מתוקה 100 גר,גרמים,100.00,100 גרם,false,,8.00,0.0800,false,1,209200
7290112966728,false,טחינה בלאדי פלפלים ח,,,טחינה בלאדי פלפלים ח,גרמים,350.00,100 גרם,false,,15.90,0.0454,true,1,209220
7290112966803,false,אינסטנט פודינג שוקול,אסם,,אינסטנט פודינג שוקול,גרמים,88.00,100 גרם,false,,5.80,0.0659,false,1,210060
7290112966841,false,פודינג בטעם שוקולד מ,אסם,,פודינג בטעם שוקולד מ,גרמים,90.00,100 גרם,false,,5.80,0.0644,false,1,210061
7290112967114,false,פיטנס חטיפי פריכיות,,,פיטנס חטיפי פריכיות,גרמים,60.00,100 גרם,false,,8.50,0.1417,true,1,211227
7290112967138,false,בייגלה אסם שמיניות ל,אסם,,בייגלה אסם שמיניות ל,גרמים,250.00,100 גרם,false,,13.50,0.0540,true,1,210082
7290112967299,false,מרק ירקות 50 גר,,,מרק ירקות 50 גר,גרמים,50.00,100 גרם,false,,4.60,0.0920,true,1,212328
7290112967381,false,פיטנס חטיפי פריכיות,,,פיטנס חטיפי פריכיות,גרמים,60.00,100 גרם,false,,8.50,0.1417,true,1,211228
7290112967572,false,רוטב ברביקיו אסם 290,אסם,,רוטב ברביקיו אסם 290,מיליליטרים,290.00,"100 מ""ל",false,,12.00,0.0414,true,1,210055
7290112967848,false,ג'לי תות שדה מופחת ס,אסם,,ג'לי תות שדה מופחת ס,גרמים,90.00,100 גרם,false,,6.50,0.0722,true,1,210062
7290112968203,false,סלט טחינה בלאדי צבר,,,סלט טחינה בלאדי צבר,גרמים,250.00,100 גרם,false,,10.90,0.0436,true,1,211117
7290112968807,false,פיטנס קרקר דק סלק,,,פיטנס קרקר דק סלק,גרמים,140.00,100 גרם,false,,11.90,0.0850,true,1,215909
7290112968821,false,פיטנס קרקר דק בטטה,,,פיטנס קרקר דק בטטה,גרמים,140.00,100 גרם,false,,11.90,0.0850,true,1,215912
7290112969002,false,פודינג פיסטוק אסם,אסם,,פודינג פיסטוק אסם,גרמים,80.00,100 גרם,false,,5.80,0.0725,false,1,211795
7290112969248,false,אסם בישולים רוטב סיל,,,אסם בישולים רוטב סיל,גרמים,335.00,100 גרם,false,,15.90,0.0475,true,1,215581
7290113190771,false,חלבה תלתלים בטעם שוק,,,חלבה תלתלים בטעם שוק,גרמים,300.00,100 גרם,false,,13.90,0.0463,true,1,263459
7290113192300,false,זיתים חרוזית מושחר 2,בית השיטה,,זיתים חרוזית מושחר 2,גרמים,275.00,100 גרם,false,,9.90,0.0360,true,1,210272
7290113192317,false,טבעות זיתים מושחרים,בית השיטה,,טבעות זיתים מושחרים,גרמים,280.00,100 גרם,false,,10.90,0.0389,true,1,210273
7290113192324,false,זיתים ירוקים מנזנילו,בית השיטה,,זיתים ירוקים מנזנילו,גרמים,340.00,100 גרם,false,,8.90,0.0262,true,1,210274
7290113192331,false,זיתים ירוקים גדולים,בית השיטה,,זיתים ירוקים גדולים,גרמים,340.00,100 גרם,false,,9.90,0.0291,true,1,210275
7290113192348,false,זיתים ירוקים 17-19 ב,בית השיטה,,זיתים ירוקים 17-19 ב,גרמים,340.00,100 גרם,false,,9.90,0.0291,true,1,210277
7290113192355,false,זיתים ירוקים חרוזית,בית השיטה,,זיתים ירוקים חרוזית,גרמים,275.00,100 גרם,false,,9.90,0.0360,false,1,210278
7290113192362,false,זיתים ירוקים טבעות 2,בית השיטה,,זיתים ירוקים טבעות 2,גרמים,280.00,100 גרם,false,,10.90,0.0389,true,1,210279
7290113192379,false,זיתים ירוקים מבוקעים,בית השיטה,,זיתים ירוקים מבוקעים,גרמים,340.00,100 גרם,false,,9.90,0.0291,true,1,210290
7290113192386,false,זיתים סורי מבוקע 340,בית השיטה,,זיתים סורי מבוקע 340,גרמים,340.00,100 גרם,false,,10.90,0.0321,true,1,210291
7290113192393,false,קוקטייל זיתים 336 גר,בית השיטה,,קוקטייל זיתים 336 גר,גרמים,336.00,100 גרם,false,,11.90,0.0354,true,1,210292
7290113192478,false,מלפפון במלח 10-12 32,בית השיטה,,מלפפון במלח 10-12 32,גרמים,320.00,100 גרם,false,,7.90,0.0247,false,1,210300
7290113192485,false,מלפפון בחומץ 10-12 2,בית השיטה,,מלפפון בחומץ 10-12 2,גרמים,290.00,100 גרם,false,,7.90,0.0272,true,1,210301
7290113192492,false,מלפפון בחומץ 13-17 2,בית השיטה,,מלפפון בחומץ 13-17 2,גרמים,290.00,100 גרם,false,,10.90,0.0376,false,1,210302
7290113192508,false,מלפפון במלח 13-17 ב,בית השיטה,,מלפפון במלח 13-17 ב,גרמים,320.00,100 גרם,false,,10.90,0.0341,false,1,210303
7290113192515,false,מלפפון במלח 18-25 32,בית השיטה,,מלפפון במלח 18-25 32,גרמים,320.00,100 גרם,false,,12.90,0.0403,true,1,210308
7290113192522,false,מלפפון בחומץ 18-25 2,בית השיטה,,מלפפון בחומץ 18-25 2,גרמים,290.00,100 גרם,false,,12.90,0.0445,true,1,210309
7290113192539,false,מלפפון במלח 7-9 320,בית השיטה,,מלפפון במלח 7-9 320,גרמים,320.00,100 גרם,false,,6.50,0.0203,false,1,210310
7290113192546,false,מלפפון בחומץ 7-9 290,בית השיטה,,מלפפון בחומץ 7-9 290,גרמים,290.00,100 גרם,false,,6.50,0.0224,false,1,210311
7290113192553,false,מלפפון במלח בלדי 13-,בית השיטה,,מלפפון במלח בלדי 13-,גרמים,320.00,100 גרם,false,,10.90,0.0341,true,1,210312
7290113192560,false,פלפל שיפקה 230 גרם,בית השיטה,,פלפל שיפקה 230 גרם,גרמים,230.00,100 גרם,false,,6.90,0.0300,true,1,210313
7290113192577,false,כרוב כבוש 430 גרם,בית השיטה,,כרוב כבוש 430 גרם,גרמים,430.00,100 גרם,false,,7.90,0.0184,false,1,210314
7290113192881,false,טורטיה חיטה מופחת קל,,,טורטיה חיטה מופחת קל,גרמים,270.00,100 גרם,false,,9.90,0.0367,true,1,260854
7290113192997,false,בית השיטה זיתים מרוק,,,בית השיטה זיתים מרוק,גרמים,340.00,100 גרם,false,,12.90,0.0379,false,1,211214
7290113193000,false,פלפל שיפקונית בית הש,,,פלפל שיפקונית בית הש,גרמים,230.00,100 גרם,false,,11.90,0.0517,true,1,211218
7290113193017,false,קוקטייל זיתים בית הש,,,קוקטייל זיתים בית הש,גרמים,275.00,100 גרם,false,,12.90,0.0469,false,1,211215
7290113193031,false,חרוזית קלמטה בית השי,,,חרוזית קלמטה בית השי,גרמים,275.00,100 גרם,false,,12.90,0.0469,false,1,211212
7290113193321,false,שמן זית כתית מעולה 7,,,שמן זית כתית מעולה 7,מיליליטרים,750.00,"100 מ""ל",false,,29.90,0.0399,false,1,211725
7290113193369,false,תרסיס שמן קנולה בית,,,תרסיס שמן קנולה בית,מיליליטרים,150.00,"100 מ""ל",false,,13.90,0.0927,true,1,216703
7290113193406,false,טבעות קוקטייל זיתים,,,טבעות קוקטייל זיתים,גרמים,280.00,100 גרם,false,,12.90,0.0461,false,1,211707
7290113193888,false,בית השיטה חצילים מוח,,,בית השיטה חצילים מוח,גרמים,320.00,100 גרם,false,,11.90,0.0372,true,1,215936
7290113194090,false,טבעות זיתים קלמטה בי,,,טבעות זיתים קלמטה בי,גרמים,280.00,100 גרם,false,,12.90,0.0461,false,1,214927
7290113194298,false,בית השיטה רצועות סלק,,,בית השיטה רצועות סלק,גרמים,215.00,100 גרם,false,,8.90,0.0414,true,1,216253
7290113194649,false,מלפפונים במלח קוביות,,,מלפפונים במלח קוביות,גרמים,320.00,100 גרם,false,,9.90,0.0309,false,1,215327
7290113195042,false,בית השיטה מלפפון במל,,,בית השיטה מלפפון במל,גרמים,750.00,100 גרם,false,,26.90,0.0359,true,1,216271
7290113195356,false,שמן קנולה בית השיטה,,,שמן קנולה בית השיטה,ליטרים,1.00,ליטר,false,,12.90,12.9000,false,1,218547
7290113195363,false,שמן חמניות בית השיטה,,,שמן חמניות בית השיטה,ליטרים,1.00,ליטר,false,,13.90,13.9000,true,1,218552
7290113196414,false,"אורז בסמטי 1 ק""ג שקד",,,"אורז בסמטי 1 ק""ג שקד",קילוגרמים,1.00,"ק""ג",false,,9.90,9.9000,true,1,260427
7290113196490,false,פריכיות כוסמת בתוספת,,,פריכיות כוסמת בתוספת,גרמים,150.00,100 גרם,false,,9.90,0.0660,true,1,260425
7290113196506,false,פריכיות כוסמת ללא מל,,,פריכיות כוסמת ללא מל,גרמים,150.00,100 גרם,false,,9.90,0.0660,true,1,260550
7290113196520,false,פריכיות כוסמין ללא מ,,,פריכיות כוסמין ללא מ,גרמים,150.00,100 גרם,false,,9.90,0.0660,true,1,260426
7290113196759,false,בית השיטה ירקות מעור,,,בית השיטה ירקות מעור,גרמים,750.00,100 גרם,false,,26.90,0.0359,true,1,218967
7290113196896,false,תרסיס שמן זית שקדיה,,,תרסיס שמן זית שקדיה,מיליליטרים,170.00,"100 מ""ל",false,,11.90,0.0700,true,1,259899
7290113197800,false,פלפל קלוי בית השיטה,,,פלפל קלוי בית השיטה,גרמים,400.00,100 גרם,false,,11.90,0.0298,true,1,262752
7290113197817,false,חציל קלוי בית השיטה,,,חציל קלוי בית השיטה,גרמים,670.00,100 גרם,false,,11.90,0.0178,true,1,262753
7290113197824,false,בית השיטה לבבות דקל,,,בית השיטה לבבות דקל,גרמים,220.00,100 גרם,false,,9.90,0.0450,true,1,264039
7290113197855,false,בית השיטה תירס גמדי,,,בית השיטה תירס גמדי,גרמים,230.00,100 גרם,false,,9.90,0.0430,true,1,264040
7290113197923,false,בית השיטה טונה בשמן,,,בית השיטה טונה בשמן,גרמים,392.00,100 גרם,false,,24.90,0.0635,false,1,264124
7290113199323,false,מיני טורטיה 150 ג',,,מיני טורטיה 150 ג',גרמים,150.00,100 גרם,false,,4.90,0.0327,true,1,263460
7290113199767,false,ממרח 100% שקדים,,,ממרח 100% שקדים,גרמים,300.00,100 גרם,false,,26.90,0.0897,true,1,262909
7290113199774,false,ממרח 100% בוטנים,,,ממרח 100% בוטנים,גרמים,300.00,100 גרם,false,,13.90,0.0463,true,1,262911
7290113199880,false,טורטיה בתוספת קמח כו,,,טורטיה בתוספת קמח כו,מיליליטרים,360.00,"100 מ""ל",false,,9.90,0.0275,true,1,264224
7290113284999,false,מסכה לפנים חד פעמית,,,מסכה לפנים חד פעמית,יחידה,0.00,יחידה,false,,10.90,0.0000,true,1,214931
7290113300125,false,בונזו מקלות בקר,,,בונזו מקלות בקר,גרמים,50.00,100 גרם,false,,8.90,0.1780,true,1,214334
7290113300156,false,בונזו מקלות עוף,,,בונזו מקלות עוף,גרמים,50.00,100 גרם,false,,8.90,0.1780,true,1,214336
7290113300194,false,לה קט נתחוני עוף ברו,,,לה קט נתחוני עוף ברו,גרמים,85.00,100 גרם,false,,4.90,0.0576,true,1,214330
7290113300224,false,לה קט נתחוני סלמון ב,,,לה קט נתחוני סלמון ב,גרמים,85.00,100 גרם,false,,4.90,0.0576,true,1,214337
7290113300231,false,לה קט נתחוני בקר בג',,,לה קט נתחוני בקר בג',גרמים,85.00,100 גרם,false,,4.50,0.0529,true,1,214331
7290113300262,false,לה קט נתחונים עם טונ,,,לה קט נתחונים עם טונ,גרמים,85.00,100 גרם,false,,4.90,0.0576,true,1,214332
7290113318885,false,בקבוק שתייה מפלסטיק,,,בקבוק שתייה מפלסטיק,יחידה,0.00,יחידה,false,,24.90,0.0000,true,1,207677
7290113560055,false,פרדונטקס מי פה 500 מ,,,פרדונטקס מי פה 500 מ,מיליליטרים,500.00,"100 מ""ל",false,,29.90,0.0598,true,1,213984
7290113560062,false,סנסודיין משאבה 185 מ,סנסודיין,,סנסודיין משאבה 185 מ,מיליליטרים,185.00,"100 מ""ל",false,,24.90,0.1346,true,1,213186
7290113560109,false,פרדונטקס בטעם צמחי 7,,,פרדונטקס בטעם צמחי 7,מיליליטרים,75.00,"100 מ""ל",false,,30.90,0.4120,true,1,216233
7290113560277,false,מברשות שיניים סנסודי,סנסודיין,,מברשות שיניים סנסודי,יחידה,0.00,יחידה,false,,31.90,0.0000,true,1,264726
7290113594432,false,אצבעות שוקולד ממולא,,,אצבעות שוקולד ממולא,גרמים,50.00,100 גרם,false,,4.90,0.0980,true,1,216605
7290114151566,false,שמפו לכל סוגי השיער,,,שמפו לכל סוגי השיער,מיליליטרים,500.00,"100 מ""ל",false,,19.90,0.0398,true,1,215609
7290114151573,false,שמפו לשיער רגיל / שמ,,,שמפו לשיער רגיל / שמ,מיליליטרים,500.00,"100 מ""ל",false,,19.90,0.0398,true,1,215868
7290114151580,false,שמפו לשיער צבוע ויבש,,,שמפו לשיער צבוע ויבש,מיליליטרים,500.00,"100 מ""ל",false,,19.90,0.0398,true,1,215869
7290114151603,false,מרכך לכל סוגי השיער,,,מרכך לכל סוגי השיער,מיליליטרים,500.00,"100 מ""ל",false,,19.90,0.0398,true,1,215611
7290114151610,false,מרכך לשיער רגיל / שמ,,,מרכך לשיער רגיל / שמ,מיליליטרים,500.00,"100 מ""ל",false,,19.90,0.0398,true,1,215865
7290114151627,false,מרכך לשיער צבוע ויבש,,,מרכך לשיער צבוע ויבש,מיליליטרים,500.00,"100 מ""ל",false,,19.90,0.0398,true,1,215866
7290114151634,false,מרכך לשיער רגיל / יב,,,מרכך לשיער רגיל / יב,מיליליטרים,500.00,"100 מ""ל",false,,19.90,0.0398,true,1,215612
7290114151641,false,סבון גוף קוקוס אלוו,,,סבון גוף קוקוס אלוו,מיליליטרים,500.00,"100 מ""ל",false,,19.90,0.0398,true,1,215613
7290114151665,false,סבון ידיים קוקוס אלו,,,סבון ידיים קוקוס אלו,מיליליטרים,500.00,"100 מ""ל",false,,15.90,0.0318,true,1,215615
7290114151672,false,סבון ידיים לבנדר/ארג,,,סבון ידיים לבנדר/ארג,מיליליטרים,500.00,"100 מ""ל",false,,15.90,0.0318,true,1,215616
7290114152174,false,סבון ידיים תפוז מורי,,,סבון ידיים תפוז מורי,מיליליטרים,500.00,"100 מ""ל",false,,15.90,0.0318,true,1,215617
7290114152181,false,סבון גוף תפוז מורינג,,,סבון גוף תפוז מורינג,מיליליטרים,500.00,"100 מ""ל",false,,19.90,0.0398,true,1,215620
7290114154116,false,Botany מרכך ללא מלחי,,,Botany מרכך ללא מלחי,מיליליטרים,500.00,"100 מ""ל",false,,24.90,0.0498,true,1,218684
7290114154123,false,Botany מסיכה לשיער ר,,,Botany מסיכה לשיער ר,מיליליטרים,350.00,"100 מ""ל",false,,29.90,0.0854,true,1,218681
7290114154130,false,Botany שמפו ללא מלחי,,,Botany שמפו ללא מלחי,מיליליטרים,500.00,"100 מ""ל",false,,24.90,0.0498,true,1,218685
7290114154147,false,Botany מסיכה לשיער צ,,,Botany מסיכה לשיער צ,מיליליטרים,350.00,"100 מ""ל",false,,29.90,0.0854,true,1,218682
7290114310215,false,"שמנת מתוקה 250 מ""ל 3",טרה,,"שמנת מתוקה 250 מ""ל 3",מיליליטרים,250.00,"100 מ""ל",false,,6.47,0.0259,true,1,212464
7290114310222,false,חלב מועשר בסידן וויט,טרה,,חלב מועשר בסידן וויט,ליטרים,1.50,ליטר,false,,11.90,7.9333,true,1,213184
7290114310239,false,חלב 2% דל לקטוז 1.5,טרה,,חלב 2% דל לקטוז 1.5,ליטרים,1.50,ליטר,false,,11.90,7.9333,true,1,213178
7290114310246,false,גרנה פדנו צ'אנק 125,משק צוריאל,,גרנה פדנו צ'אנק 125,גרמים,125.00,100 גרם,false,,18.50,0.1480,true,1,216270
7290114310536,false,יוגורט לייט מועשר 25,מולר,,יוגורט לייט מועשר 25,גרמים,200.00,100 גרם,false,,6.20,0.0310,true,1,217281
7290114310550,false,פטה עיזים מעודנת 5%,משק צוריאל,,פטה עיזים מעודנת 5%,גרמים,200.00,100 גרם,false,,23.90,0.1195,true,1,217656
7290114310567,false,לאבנה עיזים 5% צוריא,משק צוריאל,,לאבנה עיזים 5% צוריא,גרמים,200.00,100 גרם,false,,14.90,0.0745,true,1,219494
7290114310611,false,משקה חלב בטעם בננה 2,טרה,,משקה חלב בטעם בננה 2,מיליליטרים,250.00,"100 מ""ל",false,,5.50,0.0220,true,1,218026
7290114310628,false,משקה חלב וניל עוגיות,טרה,,משקה חלב וניל עוגיות,ליטרים,1.00,ליטר,false,,12.50,12.5000,true,1,218484
7290114310673,false,לאבנה 9% טרה 250 גר',טרה,,לאבנה 9% טרה 250 גר',גרמים,250.00,100 גרם,false,,12.50,0.0500,true,1,217670
7290114310895,false,מאגדת שמינייה סימפלי,מולר,,מאגדת שמינייה סימפלי,גרמים,1200.00,100 גרם,false,,31.90,0.0266,true,1,260521
7290114310901,false,גבינה לבנה 250 גר' 5,טרה,,גבינה לבנה 250 גר' 5,גרמים,250.00,100 גרם,false,,4.98,0.0199,false,1,259608
7290114310963,false,יוגורט עיזים בדלי 3.,משק צוריאל,,יוגורט עיזים בדלי 3.,גרמים,500.00,100 גרם,false,,14.50,0.0290,true,1,262140
7290114311014,false,משקה חלב אייס קפוצ'י,טרה,,משקה חלב אייס קפוצ'י,מיליליטרים,250.00,"100 מ""ל",false,,5.50,0.0220,true,1,262631
7290114311038,false,שמנת מתוקה 32% בבקבו,טרה,,שמנת מתוקה 32% בבקבו,מיליליטרים,250.00,"100 מ""ל",false,,6.90,0.0276,true,1,262578
7290114311069,false,מולר אקטיב 25 גר' חל,מולר,,מולר אקטיב 25 גר' חל,גרמים,200.00,100 גרם,false,,5.80,0.0290,true,1,261888
7290114311076,false,חמאת מולר צהובה עם ש,מולר,,חמאת מולר צהובה עם ש,גרמים,200.00,100 גרם,false,,11.90,0.0595,true,1,262626
7290114311298,false,יוגורט מולר קציפת תו,,,יוגורט מולר קציפת תו,גרמים,150.00,100 גרם,false,,5.30,0.0353,true,1,263695
7290114311304,false,יוגורט מולר פרופ קצי,,,יוגורט מולר פרופ קצי,גרמים,150.00,100 גרם,false,,5.30,0.0353,true,1,263696
7290114311328,false,חלב נטול לקטוז מועשר,טרה,,חלב נטול לקטוז מועשר,ליטרים,1.00,ליטר,false,,7.80,7.8000,false,1,263612
7290114311359,false,יוגורט מולר קציפת מנ,,,יוגורט מולר קציפת מנ,גרמים,150.00,100 גרם,false,,5.30,0.0353,true,1,263694
7290114311458,false,חלב 3% מועשר 1 ליטר,טרה,,חלב 3% מועשר 1 ליטר,ליטרים,1.00,ליטר,false,,7.50,7.5000,false,1,264203
7290114320191,false,מאמא קיו קרמאמה שום,,,מאמא קיו קרמאמה שום,גרמים,240.00,100 גרם,false,,15.90,0.0663,true,1,263187
7290114320207,false,מאמא קיו קרמאמה זיתי,,,מאמא קיו קרמאמה זיתי,גרמים,240.00,100 גרם,false,,15.90,0.0663,true,1,263188
7290114320214,false,מאמא קיו קרמאמה מעוש,,,מאמא קיו קרמאמה מעוש,גרמים,240.00,100 גרם,false,,15.90,0.0663,true,1,263189
7290114320245,false,מאמא קיו גליל בטעם ט,,,מאמא קיו גליל בטעם ט,גרמים,160.00,100 גרם,false,,15.90,0.0994,true,1,263191
7290114402804,false,מברשת ציפורניים,,,מברשת ציפורניים,יחידה,0.00,יחידה,false,,4.90,0.0000,true,1,263972
7290114404372,false,מברשת שיער,,,מברשת שיער,יחידה,0.00,יחידה,false,,14.90,0.0000,true,1,263973
7290114600927,false,מאסטר שף עלי טורטיה,,,מאסטר שף עלי טורטיה,גרמים,320.00,100 גרם,false,,9.90,0.0309,true,1,215442
7290114600941,false,מאסטר שף מיונז לחיץ,,,מאסטר שף מיונז לחיץ,מיליליטרים,435.00,"100 מ""ל",false,,12.90,0.0297,true,1,213881
7290114600989,false,מאסטר שף רוטב אלף הא,,,מאסטר שף רוטב אלף הא,מיליליטרים,257.00,"100 מ""ל",false,,9.90,0.0385,true,1,214670
7290114600996,false,מאסטר שף רוטב שום,,,מאסטר שף רוטב שום,מיליליטרים,256.00,"100 מ""ל",false,,9.90,0.0387,true,1,214671
7290114602778,false,פרי סלייסים ירקות שו,,,פרי סלייסים ירקות שו,גרמים,90.00,100 גרם,false,,12.90,0.1433,true,1,218381
7290114602976,false,פרי מיניס קרקר חומוס,,,פרי מיניס קרקר חומוס,גרמים,120.00,100 גרם,false,,10.90,0.0908,true,1,215728
7290114603034,false,פרי גרנולה אגוזים צי,,,פרי גרנולה אגוזים צי,גרמים,300.00,100 גרם,false,,13.90,0.0463,true,1,215907
7290114603508,false,מאסטר שף רוטב להקפצה,,,מאסטר שף רוטב להקפצה,מיליליטרים,300.00,"100 מ""ל",false,,7.90,0.0263,true,1,215406
7290114603515,false,מאסטר שף רוטב קארי א,,,מאסטר שף רוטב קארי א,גרמים,340.00,100 גרם,false,,14.90,0.0438,true,1,216621
7290114603522,false,מאסטר שף רוטב קארי י,,,מאסטר שף רוטב קארי י,גרמים,340.00,100 גרם,false,,14.90,0.0438,true,1,216622
7290114603539,false,מאסטר שף קרוטונים למ,,,מאסטר שף קרוטונים למ,גרמים,350.00,100 גרם,false,,18.90,0.0540,true,1,215130
7290114603591,false,פוף PLAY בטעם קטשופ,,,פוף PLAY בטעם קטשופ,גרמים,40.00,100 גרם,false,,3.90,0.0975,true,1,213782
7290114603607,false,פוף PLAY בטעם חמוץ ח,,,פוף PLAY בטעם חמוץ ח,גרמים,40.00,100 גרם,false,,3.90,0.0975,true,1,213783
7290114603768,false,"אג'קס שירותים 750 מ""",,,"אג'קס שירותים 750 מ""",מיליליטרים,1500.00,"100 מ""ל",false,,24.90,0.0166,true,1,213605
7290114604840,false,מאסטר שף דפי אורז 16,,,מאסטר שף דפי אורז 16,גרמים,400.00,100 גרם,false,,12.90,0.0323,true,1,216679
7290114604864,false,מאסטר שף קוסקוס דק 3,,,מאסטר שף קוסקוס דק 3,גרמים,350.00,100 גרם,false,,5.90,0.0169,true,1,215817
7290114604871,false,מאסטר שף קוסקוס בינו,,,מאסטר שף קוסקוס בינו,גרמים,350.00,100 גרם,false,,5.90,0.0169,true,1,215818
7290114604895,false,מאסטר שף ממרח ספייסי,,,מאסטר שף ממרח ספייסי,גרמים,446.00,100 גרם,false,,12.90,0.0289,true,1,218599
7290114604901,false,מאסטר שף ממרח שום לח,,,מאסטר שף ממרח שום לח,גרמים,444.00,100 גרם,false,,12.90,0.0291,true,1,218598
7290114604932,false,מאסטר שף רוטב ברביקי,,,מאסטר שף רוטב ברביקי,גרמים,520.00,100 גרם,false,,12.90,0.0248,true,1,218239
7290114604949,false,מאסטר שף רוטב ברביקי,,,מאסטר שף רוטב ברביקי,גרמים,524.00,100 גרם,false,,12.90,0.0246,true,1,218238
7290114604963,false,מאסטר שף פירורים מתו,,,מאסטר שף פירורים מתו,גרמים,230.00,100 גרם,false,,6.90,0.0300,true,1,217942
7290114605533,false,משטח חיתוך חד פעמי ק,,,משטח חיתוך חד פעמי ק,יחידה,0.00,יחידה,false,,19.90,0.0000,true,1,261864
7290114606530,false,מאסטר שף רוטב בטעם מ,,,מאסטר שף רוטב בטעם מ,גרמים,515.00,100 גרם,false,,12.90,0.0250,true,1,218654
7290114606547,false,מיונז עם פטריות כמהי,,,מיונז עם פטריות כמהי,גרמים,242.00,100 גרם,false,,12.90,0.0533,true,1,218769
7290114606554,false,מאסטר שף ממרח ספייסי,,,מאסטר שף ממרח ספייסי,גרמים,470.00,100 גרם,false,,12.90,0.0274,true,1,218653
7290114606578,false,שקדי מרק מאסטר שף,,,שקדי מרק מאסטר שף,גרמים,400.00,100 גרם,false,,9.90,0.0248,true,1,259522
7290114606592,false,סויה מסורתית מאסטר ש,,,סויה מסורתית מאסטר ש,מיליליטרים,620.00,"100 מ""ל",false,,15.90,0.0256,true,1,259805
7290114606608,false,סויה דל נתרן מאסטר ש,,,סויה דל נתרן מאסטר ש,מיליליטרים,620.00,"100 מ""ל",false,,15.90,0.0256,true,1,259806
7290114608169,false,פרי גרנולה קפה וקקאו,,,פרי גרנולה קפה וקקאו,גרמים,300.00,100 גרם,false,,13.90,0.0463,true,1,260672
7290114608695,false,מיונז עם ווסאבי מאסט,,,מיונז עם ווסאבי מאסט,גרמים,241.00,100 גרם,false,,12.90,0.0535,true,1,260439
7290114750813,false,דאודורנט קליר ג'ל C,,,דאודורנט קליר ג'ל C,יחידה,0.00,יחידה,false,,28.90,0.0000,false,1,213695
7290115071481,false,מטבעות שוקולד ברשת L,,,מטבעות שוקולד ברשת L,גרמים,31.00,100 גרם,false,,3.90,0.1258,true,1,216599
7290115071498,false,מטבעות שוקולד ברשת כ,,,מטבעות שוקולד ברשת כ,גרמים,31.00,100 גרם,false,,3.90,0.1258,true,1,216607
7290115071504,false,מטבעות שוקולד ברשת ס,,,מטבעות שוקולד ברשת ס,גרמים,31.00,100 גרם,false,,3.90,0.1258,true,1,216608
7290115071535,false,מטבעות שוקולד ברשת מ,,,מטבעות שוקולד ברשת מ,גרמים,31.00,100 גרם,false,,3.90,0.1258,true,1,216611
7290115075182,false,מטבעות שוקולד ברשת ח,,,מטבעות שוקולד ברשת ח,גרמים,31.00,100 גרם,false,,3.90,0.1258,true,1,216602
7290115079371,false,בקבוק נירוסטה דופן כ,,,בקבוק נירוסטה דופן כ,יחידה,0.00,יחידה,false,,39.00,0.0000,true,1,260103
7290115079395,false,בקבוק נירוסטה דופן כ,,,בקבוק נירוסטה דופן כ,יחידה,0.00,יחידה,false,,39.00,0.0000,true,1,260105
7290115120714,false,חטיף באדי סנאק עוף,,,חטיף באדי סנאק עוף,גרמים,80.00,100 גרם,false,,12.90,0.1613,true,1,218455
7290115120769,false,חטיף באדי סנאק מקלות,,,חטיף באדי סנאק מקלות,גרמים,80.00,100 גרם,false,,12.90,0.1613,true,1,218454
7290115120813,false,חטיף באדי סנאק נתחי,,,חטיף באדי סנאק נתחי,גרמים,80.00,100 גרם,false,,12.90,0.1613,true,1,218698
7290115190014,false,מרלבורו רד PP חפיסה,,,מרלבורו רד PP חפיסה,יחידה,0.00,יחידה,false,,34.00,0.0000,false,1,214807
7290115190076,false,מרלבורו גולד 100 PP,,,מרלבורו גולד 100 PP,יחידה,0.00,יחידה,false,,34.00,0.0000,false,1,215578
7290115190083,false,פקט מרלבורו גולד PP,,,פקט מרלבורו גולד PP,יחידה,0.00,יחידה,false,,333.00,0.0000,false,1,214840
7290115190090,false,מרלבורו גולד PP חפיס,,,מרלבורו גולד PP חפיס,יחידה,0.00,יחידה,false,,34.00,0.0000,false,1,214804
7290115190137,false,מרלבורו פיין טאץ' P,,,מרלבורו פיין טאץ' P,יחידה,0.00,יחידה,false,,30.00,0.0000,false,1,214809
7290115190151,false,מרלבורו טאץ' PP חפיס,,,מרלבורו טאץ' PP חפיס,יחידה,0.00,יחידה,false,,30.00,0.0000,false,1,214810
7290115190175,false,פרלמנט סופר סלימס PP,,,פרלמנט סופר סלימס PP,יחידה,0.00,יחידה,false,,39.00,0.0000,false,1,214795
7290115190199,false,פרלמנט נייט 100PP,,,פרלמנט נייט 100PP,יחידה,0.00,יחידה,false,,39.00,0.0000,false,1,216342
7290115190212,false,פרלמנט בלו 100 PP חפ,,,פרלמנט בלו 100 PP חפ,יחידה,0.00,יחידה,false,,39.00,0.0000,false,1,214797
7290115190236,false,פרלמנט בלו PP חפיסה,,,פרלמנט בלו PP חפיסה,יחידה,0.00,יחידה,false,,39.00,0.0000,false,1,214798
7290115190250,false,פרלמנט נייט PP חפיסה,,,פרלמנט נייט PP חפיסה,יחידה,0.00,יחידה,false,,39.00,0.0000,false,1,214799
7290115190335,false,ל.מ בלו 100 PP,,,ל.מ בלו 100 PP,יחידה,0.00,יחידה,false,,30.00,0.0000,false,1,216348
7290115190359,false,ל.מ. בלו PP חפיסה,,,ל.מ. בלו PP חפיסה,יחידה,0.00,יחידה,false,,30.00,0.0000,false,1,214786
7290115190373,false,ל.מ. קפסולה PP חפיסה,,,ל.מ. קפסולה PP חפיסה,יחידה,0.00,יחידה,false,,30.00,0.0000,false,1,214790
7290115190397,false,ל.מ. רד PP חפיסה,,,ל.מ. רד PP חפיסה,יחידה,0.00,יחידה,false,,30.00,0.0000,false,1,214787
7290115190434,false,ל.מ. וייב PP חפיסה,,,ל.מ. וייב PP חפיסה,יחידה,0.00,יחידה,false,,30.00,0.0000,false,1,214788
7290115190458,false,נקסט אדג' חפיסה,,,נקסט אדג' חפיסה,יחידה,0.00,יחידה,false,,26.00,0.0000,false,1,215759
7290115190472,false,נקסט פיין אדג' חפיסה,,,נקסט פיין אדג' חפיסה,יחידה,0.00,יחידה,false,,26.00,0.0000,false,1,216251
7290115190496,false,נקסט פיין 100,,,נקסט פיין 100,יחידה,0.00,יחידה,false,,29.00,0.0000,false,1,216353
7290115190519,false,נקסט פיין PP חפיסה,,,נקסט פיין PP חפיסה,יחידה,0.00,יחידה,false,,29.00,0.0000,false,1,214792
7290115190571,false,נקסט לילך PP חפיסה,,,נקסט לילך PP חפיסה,יחידה,0.00,יחידה,false,,29.00,0.0000,false,1,214793
7290115190595,false,נקסט אוריג'ינל PP חפ,,,נקסט אוריג'ינל PP חפ,יחידה,0.00,יחידה,false,,29.00,0.0000,false,1,214794
7290115190632,false,טבק מרלבורו גולד,,,טבק מרלבורו גולד,יחידה,0.00,יחידה,false,,75.90,0.0000,false,1,216355
7290115200003,false,פתיבר פינוקי וניל אס,,,פתיבר פינוקי וניל אס,גרמים,220.00,100 גרם,false,,10.90,0.0495,true,1,213976
7290115200027,false,פתיבר פינוקי שוקו אס,,,פתיבר פינוקי שוקו אס,גרמים,220.00,100 גרם,false,,10.90,0.0495,true,1,213977
7290115200676,false,אסם קרמוגית קרמל מלו,,,אסם קרמוגית קרמל מלו,גרמים,200.00,100 גרם,false,,11.50,0.0575,true,1,215008
7290115200713,false,מארז במבה,,,מארז במבה,גרמים,250.00,100 גרם,false,,12.90,0.0516,true,1,213658
7290115201031,false,פתיבר דובי שוקולד,,,פתיבר דובי שוקולד,גרמים,175.00,100 גרם,false,,10.90,0.0623,true,1,217592
7290115201451,false,טבעול גורמה לביבות ב,,,טבעול גורמה לביבות ב,גרמים,455.00,100 גרם,false,,33.90,0.0745,true,1,261814
7290115201475,false,טבעול גורמה לביבות כ,,,טבעול גורמה לביבות כ,גרמים,434.00,100 גרם,false,,33.90,0.0781,true,1,261815
7290115201536,false,טבעול גורמה לביבות כ,,,טבעול גורמה לביבות כ,גרמים,442.00,100 גרם,false,,33.90,0.0767,true,1,261816
7290115201680,false,ביסלי ברביקיו 70 גרם,אסם,,ביסלי ברביקיו 70 גרם,גרמים,70.00,100 גרם,false,,4.70,0.0671,false,1,214997
7290115201703,false,ביסלי ברביקיו 200 גר,אסם,,ביסלי ברביקיו 200 גר,גרמים,200.00,100 גרם,false,,9.00,0.0450,false,1,214998
7290115201727,false,ביסלי בצל 200 גרם,אסם,,ביסלי בצל 200 גרם,גרמים,200.00,100 גרם,false,,9.00,0.0450,false,1,214999
7290115201741,false,ביסלי בצל 70 גרם,אסם,,ביסלי בצל 70 גרם,גרמים,70.00,100 גרם,false,,4.70,0.0671,false,1,215000
7290115202212,false,טבעול גורמה לביבות ס,,,טבעול גורמה לביבות ס,גרמים,434.00,100 גרם,false,,33.90,0.0781,true,1,261817
7290115202236,false,טבעול טופו קראנצ'ים,,,טבעול טופו קראנצ'ים,גרמים,470.00,100 גרם,false,,31.00,0.0660,false,1,219271
7290115202250,false,טבעול טופו קראנצ'ים,,,טבעול טופו קראנצ'ים,גרמים,470.00,100 גרם,false,,31.00,0.0660,false,1,219272
7290115202762,false,פרפקטו מיני ניוקי טר,,,פרפקטו מיני ניוקי טר,גרמים,500.00,100 גרם,false,,13.90,0.0278,true,1,217762
7290115202786,false,מנה חמה פאוצ' בקר,,,מנה חמה פאוצ' בקר,גרמים,70.00,100 גרם,false,,4.40,0.0629,true,1,217763
7290115202816,false,מנה חמה פאוצ' עוף,,,מנה חמה פאוצ' עוף,גרמים,70.00,100 גרם,false,,4.40,0.0629,true,1,217764
7290115202847,false,מנה חמה פאוצ' נודלס,,,מנה חמה פאוצ' נודלס,גרמים,70.00,100 גרם,false,,4.40,0.0629,true,1,217765
7290115203134,false,פופקו פופקורן במבה,,,פופקו פופקורן במבה,גרמים,80.00,100 גרם,false,,5.30,0.0662,false,1,218337
7290115203172,false,במבה פרו 80 גר',אסם,,במבה פרו 80 גר',גרמים,80.00,100 גרם,false,,5.00,0.0625,false,1,263349
7290115203295,false,פרפקטו פסטה ריציאולי,,,פרפקטו פסטה ריציאולי,גרמים,500.00,100 גרם,false,,11.50,0.0230,false,1,217757
7290115203806,false,רוטב בסיס לבישול אסם,,,רוטב בסיס לבישול אסם,מיליליטרים,290.00,"100 מ""ל",false,,13.90,0.0479,true,1,259594
7290115204056,false,קטשופ אסם מופחת סוכר,,,קטשופ אסם מופחת סוכר,גרמים,690.00,100 גרם,false,,9.90,0.0143,false,1,218737
7290115204131,false,צבר סחוג ירוק,,,צבר סחוג ירוק,גרמים,190.00,100 גרם,false,,12.90,0.0679,true,1,261107
7290115204155,false,צבר סחוג אדום,,,צבר סחוג אדום,גרמים,190.00,100 גרם,false,,12.90,0.0679,true,1,261108
7290115204186,false,צבר פסטו,,,צבר פסטו,גרמים,190.00,100 גרם,false,,16.90,0.0889,true,1,260973
7290115204247,false,צבר עגבניות מיובשות,,,צבר עגבניות מיובשות,גרמים,190.00,100 גרם,false,,16.90,0.0889,true,1,260974
7290115204261,false,צבר אריסה,,,צבר אריסה,גרמים,190.00,100 גרם,false,,12.90,0.0679,true,1,261140
7290115204957,false,לחמית איטלקית 160 גר,,,לחמית איטלקית 160 גר,גרמים,160.00,100 גרם,false,,10.50,0.0656,true,1,262592
7290115204995,false,לחמית ים תיכונית,,,לחמית ים תיכונית,גרמים,160.00,100 גרם,false,,10.50,0.0656,true,1,262593
7290115205176,false,פיטנס קרקר דק כפרי,,,פיטנס קרקר דק כפרי,גרמים,140.00,100 גרם,false,,11.90,0.0850,true,1,260023
7290115205251,false,פיטנס בר פריכיות קרמ,,,פיטנס בר פריכיות קרמ,גרמים,84.00,100 גרם,false,,12.90,0.1536,true,1,263927
7290115205312,false,פיטנס קרקר זיתים,,,פיטנס קרקר זיתים,גרמים,140.00,100 גרם,false,,11.90,0.0850,true,1,262594
7290115205527,false,פיטנס חטיף מולטגריין,,,פיטנס חטיף מולטגריין,גרמים,25.00,100 גרם,false,,4.90,0.1960,true,1,262745
7290115205541,false,פיטנס חטיף מולטיגריי,,,פיטנס חטיף מולטיגריי,גרמים,25.00,100 גרם,false,,4.90,0.1960,true,1,262746
7290115205633,false,טבעול סנסשיונל נקנקי,,,טבעול סנסשיונל נקנקי,גרמים,350.00,100 גרם,false,,33.90,0.0969,true,1,261569
7290115205695,false,בצק מצונן לפיצה בונז,,,בצק מצונן לפיצה בונז,גרמים,460.00,100 גרם,false,,17.90,0.0389,true,1,261288
7290115205718,false,בצק מצונן עלים בונז',,,בצק מצונן עלים בונז',גרמים,230.00,100 גרם,false,,13.90,0.0604,true,1,261289
7290115206135,false,טבעול גורמה ארוחת קי,,,טבעול גורמה ארוחת קי,גרמים,450.00,100 גרם,false,,33.90,0.0753,true,1,261572
7290115206173,false,פתי בר קרמל אסם,,,פתי בר קרמל אסם,גרמים,500.00,100 גרם,false,,13.90,0.0278,true,1,219384
7290115206890,false,ביסלי המבורגר,,,ביסלי המבורגר,גרמים,70.00,100 גרם,false,,4.70,0.0671,false,1,263498
7290115207163,false,פרפקטו ניוקי בזיליקו,,,פרפקטו ניוקי בזיליקו,גרמים,500.00,100 גרם,false,,14.90,0.0298,true,1,261134
7290115207347,false,אינסטנט פודינג פירות,,,אינסטנט פודינג פירות,גרמים,80.00,100 גרם,false,,5.80,0.0725,false,1,262595
7290115207361,false,פתיבר פיסטוק 500 גר,,,פתיבר פיסטוק 500 גר,גרמים,500.00,100 גרם,false,,13.90,0.0278,false,1,262598
7290115207484,false,צבר חציל על האש,,,צבר חציל על האש,גרמים,400.00,100 גרם,false,,15.90,0.0398,true,1,260977
7290115207507,false,צבר סלט טורקי,,,צבר סלט טורקי,גרמים,360.00,100 גרם,false,,15.90,0.0442,true,1,260976
7290115207620,false,רוטב בסגנון סויה קלא,,,רוטב בסגנון סויה קלא,מיליליטרים,290.00,"100 מ""ל",false,,13.90,0.0479,true,1,262402
7290115207668,false,רוטב סויה בסגנון סינ,,,רוטב סויה בסגנון סינ,מיליליטרים,600.00,"100 מ""ל",false,,17.00,0.0283,true,1,262401
7290115207682,false,רוטב סויה בסגנון סינ,,,רוטב סויה בסגנון סינ,מיליליטרים,290.00,"100 מ""ל",false,,12.00,0.0414,true,1,262400
7290115207880,false,ויטמינצ'יק פטל 2 ליט,,,ויטמינצ'יק פטל 2 ליט,ליטרים,2.00,ליטר,false,,39.90,19.9500,false,1,261159
7290115207903,false,ויטמינצ'יק תפוח 2 לי,,,ויטמינצ'יק תפוח 2 לי,ליטרים,2.00,ליטר,false,,39.90,19.9500,false,1,261160
7290115207941,false,ויטמינצ'יק אננס 1 לי,,,ויטמינצ'יק אננס 1 לי,ליטרים,1.00,ליטר,false,,21.90,21.9000,false,1,261153
7290115207989,false,ויטמינצ'יק לימון 1 ל,,,ויטמינצ'יק לימון 1 ל,ליטרים,1.00,ליטר,false,,21.90,21.9000,false,1,261268
7290115208009,false,ויטמינצ'יק ענבים 1 ל,,,ויטמינצ'יק ענבים 1 ל,ליטרים,1.00,ליטר,false,,21.90,21.9000,false,1,261162
7290115208023,false,ויטמינצ'יק ענבים 2 ל,,,ויטמינצ'יק ענבים 2 ל,ליטרים,2.00,ליטר,false,,39.90,19.9500,false,1,261163
7290115208047,false,ויטמינצ'יק פטל 1 ליט,,,ויטמינצ'יק פטל 1 ליט,ליטרים,1.00,ליטר,false,,21.90,21.9000,false,1,261154
7290115208061,false,ויטמינצ'יק תפוח 1 לי,,,ויטמינצ'יק תפוח 1 לי,ליטרים,1.00,ליטר,false,,21.90,21.9000,false,1,261156
7290115208320,false,אפרופו בטעם ביסלי בצ,,,אפרופו בטעם ביסלי בצ,גרמים,50.00,100 גרם,false,,5.20,0.1040,false,1,264553
7290115208344,false,בייגלה כפיות שמנת בצ,,,בייגלה כפיות שמנת בצ,גרמים,300.00,100 גרם,false,,11.90,0.0397,false,1,263497
7290115208566,false,אסם קרמוגית מיניס קר,,,אסם קרמוגית מיניס קר,גרמים,200.00,100 גרם,false,,11.50,0.0575,true,1,263353
7290115208597,false,אסם קרמוגית מיניס קר,,,אסם קרמוגית מיניס קר,גרמים,200.00,100 גרם,false,,11.50,0.0575,true,1,263354
7290115208801,false,לחמית דבש ואגוזים,,,לחמית דבש ואגוזים,גרמים,200.00,100 גרם,false,,10.50,0.0525,true,1,263496
7290115209198,false,במבה אוורירית 80 גר,,,במבה אוורירית 80 גר,גרמים,80.00,100 גרם,false,,5.00,0.0625,false,1,262742
7290115209235,false,אסם פתי בר קפה,,,אסם פתי בר קפה,גרמים,500.00,100 גרם,false,,13.90,0.0278,false,1,263930
7290115209358,false,במבה במילוי בראוניז,,,במבה במילוי בראוניז,גרמים,60.00,100 גרם,false,,5.30,0.0883,true,1,264550
7290115209372,false,במבה במילוי בראוניז,,,במבה במילוי בראוניז,גרמים,150.00,100 גרם,false,,9.60,0.0640,false,1,264551
7290115250527,false,קרקר חומוס פת במלח,,,קרקר חומוס פת במלח,גרמים,225.00,100 גרם,false,,21.90,0.0973,true,1,264383
7290115252330,false,וירו - מנת קינואה בס,,,וירו - מנת קינואה בס,מיליליטרים,470.00,"100 מ""ל",false,,11.90,0.0253,true,1,260420
7290115252354,false,וירו - מנת קינואה בס,,,וירו - מנת קינואה בס,גרמים,470.00,100 גרם,false,,11.90,0.0253,true,1,260418
7290115252460,false,מקלות כוסמין פתפותים,,,מקלות כוסמין פתפותים,גרמים,200.00,100 גרם,false,,19.90,0.0995,true,1,217751
7290115252545,false,עוגיות כוסמין מרוקאי,,,עוגיות כוסמין מרוקאי,גרמים,200.00,100 גרם,false,,18.90,0.0945,true,1,264294
7290115252798,false,עוגיות כוסמין חמאה פ,,,עוגיות כוסמין חמאה פ,גרמים,200.00,100 גרם,false,,18.90,0.0945,true,1,264296
7290115252927,false,דובשניות כוסמין פתפו,,,דובשניות כוסמין פתפו,גרמים,180.00,100 גרם,false,,15.90,0.0883,true,1,264295
7290115258998,false,מרציפן קלאסי fenster,,,מרציפן קלאסי fenster,גרמים,40.00,100 גרם,false,,9.90,0.2475,true,1,216049
7290115480023,false,סוד קפסולות ג'ל 45 י,סוד,,סוד קפסולות ג'ל 45 י,יחידה,0.00,יחידה,false,,39.90,0.0000,true,1,263019
7290115641028,false,"מארז מיכל 800 מ""ל",,,"מארז מיכל 800 מ""ל",יחידה,0.00,יחידה,false,,7.90,0.0000,true,1,263273
7290115641035,false,מארז מיכל 1 ליטר,,,מארז מיכל 1 ליטר,יחידה,0.00,יחידה,false,,8.90,0.0000,true,1,263445
7290115670677,false,גרנולה אנרג'י פירות,,,גרנולה אנרג'י פירות,גרמים,400.00,100 גרם,false,,14.90,0.0373,true,1,217929
7290115670684,false,גרנולה אנרג'י אגוזים,,,גרנולה אנרג'י אגוזים,גרמים,400.00,100 גרם,false,,14.90,0.0373,true,1,217930
7290115670691,false,גרנולה אנרג'י פירות,,,גרנולה אנרג'י פירות,גרמים,400.00,100 גרם,false,,14.90,0.0373,true,1,217932
7290115670707,false,גרנולה אנרג'י שוקול,,,גרנולה אנרג'י שוקול,גרמים,400.00,100 גרם,false,,14.90,0.0373,true,1,217931
7290115671155,false,שלישיית סוכריות פרש,,,שלישיית סוכריות פרש,גרמים,45.00,100 גרם,false,,9.50,0.2111,true,1,261035
7290115671223,false,מאסט פאן אבטיח מנגו,,,מאסט פאן אבטיח מנגו,גרמים,58.00,100 גרם,false,,9.90,0.1707,true,1,261033
7290115671308,false,מאסט פאן תות דובדבן,,,מאסט פאן תות דובדבן,גרמים,58.00,100 גרם,false,,9.90,0.1707,true,1,261034
7290115671339,false,מיני פינוקיות בראוני,,,מיני פינוקיות בראוני,גרמים,180.00,100 גרם,false,,11.50,0.0639,true,1,219411
7290115671346,false,מיני פינוקיות טופי ק,,,מיני פינוקיות טופי ק,גרמים,180.00,100 גרם,false,,11.50,0.0639,true,1,219412
7290115671353,false,מיני פינוקיות שחור ל,,,מיני פינוקיות שחור ל,גרמים,180.00,100 גרם,false,,11.50,0.0639,true,1,261040
7290115671421,false,פולי אספרסו עשירים ו,,,פולי אספרסו עשירים ו,גרמים,250.00,100 גרם,false,,21.90,0.0876,false,1,261776
7290115675559,false,מארז קפה טורקי לדרך,,,מארז קפה טורקי לדרך,גרמים,70.00,100 גרם,false,,8.50,0.1214,false,1,217641
7290115675696,false,קוואקר Cruesli אגוזי,קוואקר,,קוואקר Cruesli אגוזי,גרמים,375.00,100 גרם,false,,19.90,0.0531,true,1,219442
7290115675702,false,קוואקר Cruesli פירות,קוואקר,,קוואקר Cruesli פירות,גרמים,375.00,100 גרם,false,,19.90,0.0531,true,1,219443
7290115675986,false,דנונה קראנצ אגוזים מ,,,דנונה קראנצ אגוזים מ,גרמים,173.00,100 גרם,false,,4.60,0.0266,false,1,216535
7290115676037,false,דנונה ריפרש תות דומד,,,דנונה ריפרש תות דומד,גרמים,250.00,100 גרם,false,,5.50,0.0220,true,1,218442
7290115676051,false,משקה אקטיביה עם שיבו,,,משקה אקטיביה עם שיבו,גרמים,265.00,100 גרם,false,,4.90,0.0185,true,1,260031
7290115676082,false,משקה דנונה פרו תות,,,משקה דנונה פרו תות,גרמים,255.00,100 גרם,false,,6.90,0.0271,true,1,218445
7290115676099,false,משקה דנונה פרו וניל,,,משקה דנונה פרו וניל,גרמים,255.00,100 גרם,false,,6.90,0.0271,true,1,218446
7290115676273,false,קקאו 500 גרם +10% תו,עלית,,קקאו 500 גרם +10% תו,גרמים,550.00,100 גרם,false,,26.90,0.0489,true,1,217854
7290115676341,false,מארז דבש מנות אישיות,,,מארז דבש מנות אישיות,גרמים,162.00,100 גרם,false,,21.90,0.1352,true,1,263346
7290115677089,false,קונפיטורה תפוח וקינמ,,,קונפיטורה תפוח וקינמ,גרמים,340.00,100 גרם,false,,13.50,0.0397,true,1,219488
7290115677362,false,נודלס טריאקי דלישס,,,נודלס טריאקי דלישס,גרמים,350.00,100 גרם,false,,23.90,0.0683,true,1,259775
7290115677409,false,אורז קארי צהוב דלישס,,,אורז קארי צהוב דלישס,גרמים,350.00,100 גרם,false,,23.90,0.0683,true,1,259777
7290115677423,false,אורז קארי ירוק חריף,,,אורז קארי ירוק חריף,גרמים,350.00,100 גרם,false,,23.90,0.0683,true,1,259778
7290115677966,false,ממרח אבוקדו 200 גרם,,,ממרח אבוקדו 200 גרם,גרמים,200.00,100 גרם,false,,13.90,0.0695,true,1,259815
7290115678222,false,יוגורט יווני מארז שמ,,,יוגורט יווני מארז שמ,קילוגרמים,1.04,"ק""ג",false,,23.90,22.9808,true,1,218444
7290115678376,false,מעדן הגולן שוקולד,,,מעדן הגולן שוקולד,גרמים,125.00,100 גרם,false,,2.80,0.0224,false,1,219482
7290115678383,false,מעדן הגולן מריר,,,מעדן הגולן מריר,גרמים,125.00,100 גרם,false,,2.80,0.0224,false,1,219483
7290115678598,false,חסה אייסברג חיתוך גס,,,חסה אייסברג חיתוך גס,גרמים,300.00,100 גרם,false,,9.90,0.0330,true,1,260208
7290115678635,false,נשנושי גבינה 16% עם,,,נשנושי גבינה 16% עם,גרמים,67.00,100 גרם,false,,10.00,0.1493,false,1,263331
7290115678642,false,נשנושי גבינה 16% עם,,,נשנושי גבינה 16% עם,גרמים,67.00,100 גרם,false,,10.00,0.1493,false,1,263332
7290115678970,false,סוכריות FRESH בטעם ב,,,סוכריות FRESH בטעם ב,גרמים,45.00,100 גרם,false,,9.50,0.2111,true,1,219487
7290115679731,false,דלישס שייק פירות ירו,,,דלישס שייק פירות ירו,גרמים,300.00,100 גרם,false,,21.00,0.0700,true,1,264571
7290115679878,false,פיצה מבצק סלק,,,פיצה מבצק סלק,גרמים,320.00,100 גרם,false,,19.90,0.0622,true,1,261513
7290115679915,false,פיצה מבצק דלעת,,,פיצה מבצק דלעת,גרמים,320.00,100 גרם,false,,19.90,0.0622,true,1,261514
7290115730814,false,תבניות עגולות עם מכס,,,תבניות עגולות עם מכס,יחידה,0.00,יחידה,false,,10.90,0.0000,true,1,218576
7290115733020,false,צלחות גודל 7 קשתות ל,,,צלחות גודל 7 קשתות ל,יחידה,0.00,יחידה,false,,7.90,0.0000,true,1,259703
7290115733051,false,קסרול קשתות קרם,,,קסרול קשתות קרם,יחידה,0.00,יחידה,false,,5.90,0.0000,true,1,259705
7290115733433,false,קינוחי השף האגס,,,קינוחי השף האגס,יחידה,0.00,יחידה,false,,19.90,0.0000,true,1,262782
7290115733846,false,מגש גלים קטן כסף נצנ,,,מגש גלים קטן כסף נצנ,יחידה,0.00,יחידה,false,,5.90,0.0000,true,1,219770
7290115735000,false,צלחת 7 קיסר לבן כסף,,,צלחת 7 קיסר לבן כסף,יחידה,0.00,יחידה,false,,18.90,0.0000,true,1,219753
7290115735086,false,צלחת 8.5 קיסר לבן זה,,,צלחת 8.5 קיסר לבן זה,יחידה,0.00,יחידה,false,,24.90,0.0000,true,1,219750
7290115735093,false,צלחת 8.5 קיסר לבן כס,,,צלחת 8.5 קיסר לבן כס,יחידה,0.00,יחידה,false,,24.90,0.0000,true,1,219754
7290115735161,false,צלחת 10 קיסר לבן זהב,,,צלחת 10 קיסר לבן זהב,יחידה,0.00,יחידה,false,,34.90,0.0000,true,1,219748
7290115735178,false,צלחת 10 קיסר לבן כסף,,,צלחת 10 קיסר לבן כסף,יחידה,0.00,יחידה,false,,34.90,0.0000,true,1,219755
7290115735321,false,לפתניות קיסר לבן זהב,,,לפתניות קיסר לבן זהב,יחידה,0.00,יחידה,false,,12.90,0.0000,true,1,219752
7290115737288,false,"תבניות עגולות 18 ס""מ",,,"תבניות עגולות 18 ס""מ",יחידה,0.00,יחידה,false,,10.90,0.0000,true,1,262783
7290115737295,false,תבנית עגולה לפשטידה,,,תבנית עגולה לפשטידה,יחידה,0.00,יחידה,false,,10.90,0.0000,true,1,262784
7290115737325,false,תבנית בוטיק טארט מינ,,,תבנית בוטיק טארט מינ,יחידה,0.00,יחידה,false,,8.90,0.0000,true,1,262787
7290115737486,false,צלחת מרכזית ארוז 20,,,צלחת מרכזית ארוז 20,יחידה,0.00,יחידה,false,,10.00,0.0000,true,1,262521
7290115738865,false,ארגונית לאחסון עם יד,,,ארגונית לאחסון עם יד,יחידה,0.00,יחידה,false,,6.90,0.0000,true,1,264093
7290115738919,false,ארגונית לאחסון,,,ארגונית לאחסון,יחידה,0.00,יחידה,false,,6.90,0.0000,true,1,264091
7290115738926,false,ארגונית לאחסון,,,ארגונית לאחסון,יחידה,0.00,יחידה,false,,5.90,0.0000,true,1,264092
7290115738933,false,ארגונית לאחסון,,,ארגונית לאחסון,יחידה,0.00,יחידה,false,,6.90,0.0000,true,1,264095
7290115739060,false,מגש אירוח והגשה +ידי,,,מגש אירוח והגשה +ידי,יחידה,0.00,יחידה,false,,10.00,0.0000,true,1,264081
7290115739107,false,מגש אירוח והגשה מעץ,,,מגש אירוח והגשה מעץ,יחידה,0.00,יחידה,false,,11.90,0.0000,true,1,264083
7290116130750,false,אשכולות שוקולד מריר,,,אשכולות שוקולד מריר,גרמים,120.00,100 גרם,false,,12.90,0.1075,true,1,264555
7290116244037,false,אצבעות שוקולד חלב חד,,,אצבעות שוקולד חלב חד,גרמים,84.00,100 גרם,false,,7.90,0.0940,true,1,261699
7290116530062,false,הלמנס לסלט ויניגרט 2,הלמנ'ס,,הלמנס לסלט ויניגרט 2,גרמים,295.00,100 גרם,false,,12.90,0.0437,true,1,219343
7290116530116,false,קליק שלישיית ברים שו,,,קליק שלישיית ברים שו,גרמים,105.00,100 גרם,false,,14.90,0.1419,true,1,218893
7290116530161,false,פינוק תחליב רחצה אננ,פינוק,,פינוק תחליב רחצה אננ,מיליליטרים,700.00,"100 מ""ל",false,,11.90,0.0170,false,1,218475
7290116530185,false,דלישקד 400 גר' תלמה,תלמה,,דלישקד 400 גר' תלמה,גרמים,400.00,100 גרם,false,,19.90,0.0497,false,1,259863
7290116530482,false,מאגדת קורנפלקס אלופי,תלמה,,מאגדת קורנפלקס אלופי,גרמים,150.00,100 גרם,false,,11.90,0.0793,false,1,259864
7290116530871,false,נשנושים מיקס 240 גר',בייגל בייגל,,נשנושים מיקס 240 גר',גרמים,240.00,100 גרם,false,,13.50,0.0563,true,1,218611
7290116530888,false,בדין ג'ל לכביסה פינו,בדין,,בדין ג'ל לכביסה פינו,ליטרים,2.50,ליטר,false,,29.90,11.9600,true,1,219290
7290116530895,false,בדין תרסיס למייבש פי,בדין,,בדין תרסיס למייבש פי,מיליליטרים,500.00,"100 מ""ל",false,,19.00,0.0380,true,1,219283
7290116531021,false,שוקולד חלב 100 גר' ו,ורד הגליל,,שוקולד חלב 100 גר' ו,גרמים,100.00,100 גרם,false,,5.90,0.0590,true,1,260094
7290116531090,false,דגדג במליחות מעודנת,בייגל בייגל,,דגדג במליחות מעודנת,גרמים,250.00,100 גרם,false,,11.50,0.0460,true,1,261093
7290116531496,false,קינמונים 375 גר',תלמה,,קינמונים 375 גר',גרמים,375.00,100 גרם,false,,19.90,0.0531,false,1,262646
7290116531557,false,מאגדת פתית פריכיות ת,פתית,,מאגדת פתית פריכיות ת,גרמים,150.00,100 גרם,false,,13.90,0.0927,true,1,261965
7290116531564,false,מאגדת פתית פריכיות ק,פתית,,מאגדת פתית פריכיות ק,גרמים,150.00,100 גרם,false,,13.90,0.0927,true,1,261966
7290116531762,false,בדין דפים למייבש ורו,בדין,,בדין דפים למייבש ורו,יחידה,0.00,יחידה,false,,18.90,0.0000,true,1,262556
7290116531779,false,בדין דפי מרכך כחול 4,בדין,,בדין דפי מרכך כחול 4,יחידה,0.00,יחידה,false,,18.90,0.0000,true,1,262771
7290116531793,false,הלמנס רוטב לסלט קיסר,הלמנ'ס,,הלמנס רוטב לסלט קיסר,גרמים,295.00,100 גרם,false,,12.90,0.0437,true,1,260736
7290116531830,false,כריות קינמון 686 גר',תלמה,,כריות קינמון 686 גר',גרמים,686.00,100 גרם,false,,24.90,0.0363,false,1,261045
7290116531892,false,רוטב ברביקיו מעושן 3,קנור,,רוטב ברביקיו מעושן 3,גרמים,350.00,100 גרם,false,,12.50,0.0357,false,1,262555
7290116531908,false,רוטב מרינדה לעל האש,קנור,,רוטב מרינדה לעל האש,גרמים,340.00,100 גרם,false,,12.90,0.0379,true,1,262382
7290116531939,false,גלידונית תות שדה,שטראוס,,גלידונית תות שדה,מיליליטרים,955.00,"100 מ""ל",false,,49.90,0.0523,false,1,262559
7290116532011,false,קליק חטיף נוגט,קליק,,קליק חטיף נוגט,גרמים,35.00,100 גרם,false,,5.00,0.1429,false,1,261737
7290116532219,false,קורנפלקס תות 448 תלמ,תלמה,,קורנפלקס תות 448 תלמ,גרמים,500.00,100 גרם,false,,19.90,0.0398,false,1,262913
7290116532240,false,קליק טבלה שוקולד חלב,קליק,,קליק טבלה שוקולד חלב,גרמים,85.00,100 גרם,false,,7.00,0.0824,false,1,262937
7290116532264,false,מאגדת גודיז פרי אפרס,שטראוס,,מאגדת גודיז פרי אפרס,גרמים,300.00,100 גרם,false,,25.90,0.0863,true,1,262868
7290116532271,false,מאגדת גודיז סנדוויץ,שטראוס,,מאגדת גודיז סנדוויץ,גרמים,270.00,100 גרם,false,,29.90,0.1107,true,1,262867
7290116532387,false,פינוק סבון ידיים חמא,פינוק,,פינוק סבון ידיים חמא,מיליליטרים,950.00,"100 מ""ל",false,,13.90,0.0146,true,1,262644
7290116532479,false,גלידת שמנת פיינט קלי,שטראוס,,גלידת שמנת פיינט קלי,מיליליטרים,520.00,"100 מ""ל",false,,19.90,0.0383,true,1,262391
7290116532622,false,פינוק מרכך גוג'י ברי,פינוק,,פינוק מרכך גוג'י ברי,מיליליטרים,700.00,"100 מ""ל",false,,11.90,0.0170,false,1,263310
7290116532868,false,פינוק שמפו בייבי 900,פינוק,,פינוק שמפו בייבי 900,מיליליטרים,900.00,"100 מ""ל",false,,19.90,0.0221,true,1,263773
7290116532875,false,פינוק סבון נוזלי ביי,פינוק,,פינוק סבון נוזלי ביי,מיליליטרים,900.00,"100 מ""ל",false,,19.90,0.0221,true,1,263665
7290116532882,false,נשנושים איירביס בצל,בייגל בייגל,,נשנושים איירביס בצל,גרמים,155.00,100 גרם,false,,13.50,0.0871,false,1,264410
7290116532899,false,נשנושים איירביס פלאפ,בייגל בייגל,,נשנושים איירביס פלאפ,גרמים,155.00,100 גרם,false,,13.50,0.0871,false,1,264411
7290116532905,false,נשנושים איירביס ברבי,בייגל בייגל,,נשנושים איירביס ברבי,גרמים,155.00,100 גרם,false,,13.50,0.0871,false,1,264412
7290116533063,false,שוגי בטעם קרטיב ענבי,תלמה,,שוגי בטעם קרטיב ענבי,גרמים,400.00,100 גרם,false,,19.90,0.0497,false,1,263418
7290116930282,false,ארוחה בקטנה לאבנה עם,,,ארוחה בקטנה לאבנה עם,גרמים,150.00,100 גרם,false,,7.60,0.0507,true,1,263398
7290116930435,false,יוגורט גו סמיך 0% דו,,,יוגורט גו סמיך 0% דו,גרמים,200.00,100 גרם,false,,6.20,0.0310,true,1,262617
7290116930442,false,יופלה SHAKE בננה מנג,,,יופלה SHAKE בננה מנג,מיליליטרים,230.00,"100 מ""ל",false,,7.90,0.0343,false,1,262966
7290116930459,false,יופלה SHAKE בננה אננ,,,יופלה SHAKE בננה אננ,מיליליטרים,230.00,"100 מ""ל",false,,7.90,0.0343,false,1,262969
7290116930466,false,יופלה SHAKE מנגו בננ,,,יופלה SHAKE מנגו בננ,מיליליטרים,230.00,"100 מ""ל",false,,7.90,0.0343,false,1,262970
7290116930480,false,יופלה SHAKE בננה קיו,,,יופלה SHAKE בננה קיו,מיליליטרים,230.00,"100 מ""ל",false,,7.90,0.0343,false,1,262968
7290116930558,false,משקה תה קר עם חלב בט,,,משקה תה קר עם חלב בט,100 מל,230.00,100 מל,false,,6.90,0.0300,false,1,262956
7290116930565,false,משקה תה קר עם חלב בט,,,משקה תה קר עם חלב בט,מיליליטרים,230.00,"100 מ""ל",false,,6.90,0.0300,false,1,262957
7290116930626,false,ארוחה בקטנה צזיקי עם,,,ארוחה בקטנה צזיקי עם,גרמים,150.00,100 גרם,false,,7.60,0.0507,true,1,263399
7290116930701,false,מעדן חלב גו בטעם קרמ,,,מעדן חלב גו בטעם קרמ,גרמים,120.00,100 גרם,false,,4.70,0.0392,true,1,262967
7290116930725,false,סויה ביו קוקוס,,,סויה ביו קוקוס,גרמים,150.00,100 גרם,false,,4.40,0.0293,true,1,263400
7290116931074,false,פרוסות טל העמק 32% 3,,,פרוסות טל העמק 32% 3,גרמים,300.00,100 גרם,false,,25.90,0.0863,false,1,263986
7290116931081,false,מעדן סויה בטעם טופי,,,מעדן סויה בטעם טופי,גרמים,125.00,100 גרם,false,,3.90,0.0312,true,1,263401
7290116931104,false,יופלה גו במרקם סמיך,,,יופלה גו במרקם סמיך,גרמים,200.00,100 גרם,false,,5.80,0.0290,true,1,263402
7290117100004,false,לחם כוסמין 80%,,,לחם כוסמין 80%,גרמים,730.00,100 גרם,false,,26.90,0.0368,true,1,219046
7290117100011,false,לחם כוסמין מלא וצ'יה,,,לחם כוסמין מלא וצ'יה,גרמים,730.00,100 גרם,false,,26.90,0.0368,true,1,219047
7290117100059,false,לחמניות כוסמין שומשו,,,לחמניות כוסמין שומשו,גרמים,360.00,100 גרם,false,,14.50,0.0403,true,1,264139
7290117100110,false,לחמניות דגנים 4 יח',,,לחמניות דגנים 4 יח',גרמים,360.00,100 גרם,false,,11.90,0.0331,true,1,264137
7290117100127,false,לחמניות כוסמין רכות,,,לחמניות כוסמין רכות,גרמים,340.00,100 גרם,false,,14.50,0.0426,true,1,264138
7290117261354,false,גבינה ריקוטה 200גר 5,,,גבינה ריקוטה 200גר 5,גרמים,200.00,100 גרם,false,,9.90,0.0495,true,1,264058
7290117261378,false,גבינת קשקבל לייט 250,,,גבינת קשקבל לייט 250,גרמים,250.00,100 גרם,false,,15.50,0.0620,true,1,264060
7290117261415,false,יוגורט פרוביוטי 2.7%,,,יוגורט פרוביוטי 2.7%,גרמים,125.00,100 גרם,false,,2.90,0.0232,true,1,264499
7290117261422,false,יוגורט פרוביוטי עם ת,,,יוגורט פרוביוטי עם ת,גרמים,125.00,100 גרם,false,,2.90,0.0232,true,1,264500
7290117261439,false,יוגורט פרוביוטי עם פ,,,יוגורט פרוביוטי עם פ,גרמים,125.00,100 גרם,false,,2.90,0.0232,true,1,264501
7290117261613,false,מגורדת טבעונית טבעי2,,,מגורדת טבעונית טבעי2,גרמים,200.00,100 גרם,false,,14.90,0.0745,true,1,264122
7290117261620,false,פרוסות צהובה טבעונית,,,פרוסות צהובה טבעונית,גרמים,140.00,100 גרם,false,,13.90,0.0993,true,1,264063
7290117261651,false,מגורדת טבעונית טעם מ,,,מגורדת טבעונית טעם מ,גרמים,200.00,100 גרם,false,,14.90,0.0745,true,1,264121
7290117261668,false,לבנה טבעוני בסגנון י,,,לבנה טבעוני בסגנון י,גרמים,200.00,100 גרם,false,,13.90,0.0695,true,1,264066
7290117261675,false,מגורדת טבעונית צ'דר2,,,מגורדת טבעונית צ'דר2,גרמים,200.00,100 גרם,false,,14.90,0.0745,true,1,264123
7290117261774,false,כדורי גבינה בייבי מו,,,כדורי גבינה בייבי מו,גרמים,150.00,100 גרם,false,,14.90,0.0993,true,1,264057
7290117262221,false,משקה יוגורט פרוביוטי,,,משקה יוגורט פרוביוטי,מיליליטרים,200.00,"100 מ""ל",false,,4.90,0.0245,true,1,263678
7290117262238,false,משקה יוגורט פרוביוטי,,,משקה יוגורט פרוביוטי,מיליליטרים,200.00,"100 מ""ל",false,,4.90,0.0245,true,1,263679
7290117380154,false,מאסטר שף רוטב אסייתי,,,מאסטר שף רוטב אסייתי,גרמים,264.00,100 גרם,false,,9.90,0.0375,true,1,262725
7290117380178,false,סוויט פוף שוקולד חלב,,,סוויט פוף שוקולד חלב,גרמים,50.00,100 גרם,false,,4.90,0.0980,true,1,262871
7290117380192,false,פוף קראנצ בטעם גריל,,,פוף קראנצ בטעם גריל,גרמים,60.00,100 גרם,false,,3.90,0.0650,true,1,260875
7290117380208,false,פוף קראנצ בטעם חמוץ,,,פוף קראנצ בטעם חמוץ,גרמים,60.00,100 גרם,false,,3.90,0.0650,true,1,260876
7290117380215,false,פוף קראנצ בטעם טאקו,,,פוף קראנצ בטעם טאקו,גרמים,60.00,100 גרם,false,,3.90,0.0650,true,1,260877
7290117380857,false,סלים דליס פייבר-עוגו,,,סלים דליס פייבר-עוגו,גרמים,120.00,100 גרם,false,,10.90,0.0908,true,1,263334
7290117380871,false,מרבה סלים דליס פייבר,,,מרבה סלים דליס פייבר,גרמים,120.00,100 גרם,false,,10.90,0.0908,true,1,262988
7290117381182,false,רוטב סרירציה מאסטר ש,,,רוטב סרירציה מאסטר ש,מיליליטרים,360.00,"100 מ""ל",false,,14.90,0.0414,true,1,264422
7290117381236,false,פוף פריכיות מצופות ש,,,פוף פריכיות מצופות ש,גרמים,70.00,100 גרם,false,,7.90,0.1129,true,1,263700
7290117381243,false,פוף פריכיות מצופות ש,,,פוף פריכיות מצופות ש,גרמים,70.00,100 גרם,false,,7.90,0.1129,true,1,263701
7290117381250,false,פוף פריכיות מצופות ש,,,פוף פריכיות מצופות ש,גרמים,70.00,100 גרם,false,,7.90,0.1129,true,1,263702
7290117901205,false,טורטיה דגנים בתוספת,,,טורטיה דגנים בתוספת,גרמים,420.00,100 גרם,false,,9.90,0.0236,true,1,264225
7290118420071,false,במבה ביסלי ברבקיו מי,,,במבה ביסלי ברבקיו מי,גרמים,80.00,100 גרם,false,,4.90,0.0613,false,1,264552
7290118420378,false,אסם פתי בר פינוקים ת,,,אסם פתי בר פינוקים ת,גרמים,220.00,100 גרם,false,,10.90,0.0495,true,1,264549
7290118420514,false,אסם אינסטנט פודינג נ,,,אסם אינסטנט פודינג נ,גרמים,75.00,100 גרם,false,,5.80,0.0773,false,1,264548
7290118430445,false,מארז 6 מאג זכוכית,,,מארז 6 מאג זכוכית,יחידה,0.00,יחידה,false,,29.90,0.0000,true,1,264088
7290118430452,false,מאג זכוכית דגם פריז,,,מאג זכוכית דגם פריז,יחידה,0.00,יחידה,false,,5.90,0.0000,true,1,264173
7290118430469,false,מארז 2 מאג זכוכית,,,מארז 2 מאג זכוכית,יחידה,0.00,יחידה,false,,14.90,0.0000,true,1,264089
7291044048889,false,כבל מאריך 3*1.5,,,כבל מאריך 3*1.5,יחידה,0.00,יחידה,false,,27.00,0.0000,true,1,140308
7291044048896,false,כבל מאריך 5 3*1.5,,,כבל מאריך 5 3*1.5,יחידה,0.00,יחידה,false,,39.00,0.0000,true,1,140309
7291044066357,false,רב שקע 3 עד 1 מטר,,,רב שקע 3 עד 1 מטר,יחידה,0.00,יחידה,false,,16.90,0.0000,true,1,188963
7291044066371,false,רב שקע 5 עד 1 מטר,,,רב שקע 5 עד 1 מטר,יחידה,0.00,יחידה,false,,21.00,0.0000,true,1,188965
7291044081305,false,זוג נורות לד 12 וואט,,,זוג נורות לד 12 וואט,יחידה,0.00,יחידה,false,,13.90,0.0000,true,1,199652
7291044081312,false,זוג נורות לד 12 וואט,,,זוג נורות לד 12 וואט,יחידה,0.00,יחידה,false,,13.90,0.0000,true,1,199653
7291044094336,false,זוג נורות לד 27 15 ו,,,זוג נורות לד 27 15 ו,יחידה,0.00,יחידה,false,,16.90,0.0000,true,1,208353
7291044094343,false,זוג נורות לד 27 15 ו,,,זוג נורות לד 27 15 ו,יחידה,0.00,יחידה,false,,16.90,0.0000,true,1,208354
7291546455635,false,תירס לבן כפרי חן,,,תירס לבן כפרי חן,יחידה,0.00,יחידה,false,,20.00,0.0000,true,1,205388
7294034321184,false,חטיף דאמבל לכלב לבבו,,,חטיף דאמבל לכלב לבבו,גרמים,80.00,100 גרם,false,,11.00,0.1375,true,1,261451
7296021004711,false,שקית זילוף לעוגה,,,שקית זילוף לעוגה,יחידה,0.00,יחידה,false,,12.90,0.0000,true,1,207414
7296021023408,false,מיכל 1.6 ליטר,,,מיכל 1.6 ליטר,יחידה,0.00,יחידה,false,,23.90,0.0000,true,1,157972
7296021023460,false,מיכל מרובע 1.1 ליטר,,,מיכל מרובע 1.1 ליטר,יחידה,0.00,יחידה,false,,23.90,0.0000,true,1,157977
7296021040016,false,קולפן נעמן,,,קולפן נעמן,יחידה,0.00,יחידה,false,,16.90,0.0000,true,1,149520
7296021040023,false,לקקן פרפקטו,,,לקקן פרפקטו,יחידה,0.00,יחידה,false,,16.90,0.0000,true,1,195679
7296021040030,false,מברשת סיליקון,,,מברשת סיליקון,יחידה,0.00,יחידה,false,,14.90,0.0000,true,1,145516
7296021040047,false,מטרפה בדיספליי,,,מטרפה בדיספליי,יחידה,0.00,יחידה,false,,16.90,0.0000,true,1,149677
7296021040603,false,"קערה 34 ס""מ",,,"קערה 34 ס""מ",יחידה,0.00,יחידה,false,,44.90,0.0000,true,1,211595
7296021046889,false,מאג ידית אליפסה זכוכ,,,מאג ידית אליפסה זכוכ,יחידה,0.00,יחידה,false,,7.90,0.0000,true,1,158132
7296021047053,false,מצית גז,,,מצית גז,יחידה,0.00,יחידה,false,,8.90,0.0000,true,1,202053
7296021078187,false,קנקן תה 1.5 ליטר עם,,,קנקן תה 1.5 ליטר עם,יחידה,0.00,יחידה,false,,44.90,0.0000,true,1,261184
7296021107405,false,קלף בצק,,,קלף בצק,יחידה,0.00,יחידה,false,,6.90,0.0000,true,1,218059
7296021119736,false,תיון 1.5 עם מסננת ני,,,תיון 1.5 עם מסננת ני,יחידה,0.00,יחידה,false,,34.90,0.0000,true,1,149572
7296021121173,false,סכין מטבח רב שימושית,,,סכין מטבח רב שימושית,יחידה,0.00,יחידה,false,,79.90,0.0000,true,1,196890
7296021121555,false,"תבנית פאי 30 ס""מ",,,"תבנית פאי 30 ס""מ",יחידה,0.00,יחידה,false,,39.90,0.0000,true,1,191740
7296021124938,false,לוח חיתוך סט 2 יח',,,לוח חיתוך סט 2 יח',יחידה,0.00,יחידה,false,,37.90,0.0000,true,1,187663
7296021127090,false,תרמוס שתיה ליטר ניר,,,תרמוס שתיה ליטר ניר,יחידה,0.00,יחידה,false,,74.90,0.0000,true,1,204624
7296021127984,false,מגש במבוק,,,מגש במבוק,יחידה,0.00,יחידה,false,,69.90,0.0000,true,1,262298
7296021129940,false,צנצנות מלח ופלפל זכו,,,צנצנות מלח ופלפל זכו,יחידה,0.00,יחידה,false,,6.90,0.0000,true,1,190558
7296021133541,false,מצקת נירוסטה,,,מצקת נירוסטה,יחידה,0.00,יחידה,false,,21.90,0.0000,true,1,190831
7296021133558,false,כף מסננת ידית שחורה,,,כף מסננת ידית שחורה,יחידה,0.00,יחידה,false,,19.90,0.0000,true,1,194461
7296021133565,false,תרווד מחורץ ידית שחו,,,תרווד מחורץ ידית שחו,יחידה,0.00,יחידה,false,,15.90,0.0000,true,1,191748
7296021133589,false,כף מחורצת ידית שחורה,,,כף מחורצת ידית שחורה,יחידה,0.00,יחידה,false,,15.90,0.0000,true,1,194528
7296021133596,false,כף בישול ידית שחורה,,,כף בישול ידית שחורה,יחידה,0.00,יחידה,false,,15.90,0.0000,true,1,194529
7296021133602,false,"מועך תפ""א ידית שחורה",,,"מועך תפ""א ידית שחורה",יחידה,0.00,יחידה,false,,15.90,0.0000,true,1,193471
7296021133619,false,כף הגשה קטנה ידית שח,,,כף הגשה קטנה ידית שח,יחידה,0.00,יחידה,false,,15.90,0.0000,true,1,191749
7296021133626,false,כף מסננת קטנה ידית ש,,,כף מסננת קטנה ידית ש,יחידה,0.00,יחידה,false,,15.90,0.0000,true,1,191750
7296021133640,false,גלגלת פיצה גדולה ידי,,,גלגלת פיצה גדולה ידי,יחידה,0.00,יחידה,false,,14.90,0.0000,true,1,199745
7296021133657,false,גלגלת דו ראשית לפיצה,,,גלגלת דו ראשית לפיצה,יחידה,0.00,יחידה,false,,12.90,0.0000,true,1,204654
7296021133664,false,קולפן Y ידית שחורה,,,קולפן Y ידית שחורה,יחידה,0.00,יחידה,false,,9.90,0.0000,true,1,191751
7296021133671,false,סכין למריחה ידית שחו,,,סכין למריחה ידית שחו,יחידה,0.00,יחידה,false,,11.90,0.0000,true,1,191752
7296021133695,false,מגרדת ידית שחורה,,,מגרדת ידית שחורה,יחידה,0.00,יחידה,false,,9.90,0.0000,true,1,192139
7296021133749,false,מסננת קטנה ידית שחור,,,מסננת קטנה ידית שחור,יחידה,0.00,יחידה,false,,9.90,0.0000,true,1,199746
7296021136580,false,כף עץ עם ידית סיליקו,,,כף עץ עם ידית סיליקו,יחידה,0.00,יחידה,false,,19.90,0.0000,true,1,193529
7296021137259,false,בוצ'ר בלוק מקצועי,,,בוצ'ר בלוק מקצועי,יחידה,0.00,יחידה,false,,119.90,0.0000,true,1,212120
7296021137860,false,חותך רצועות כרוב,,,חותך רצועות כרוב,יחידה,0.00,יחידה,false,,19.90,0.0000,true,1,198443
7296021146442,false,תבנית לאפיה קפיץ 28,,,תבנית לאפיה קפיץ 28,יחידה,0.00,יחידה,false,,39.90,0.0000,true,1,197409
7296021147487,false,סיר נירוסטה מיני 16,,,סיר נירוסטה מיני 16,יחידה,0.00,יחידה,false,,69.90,0.0000,true,1,219450
7296021152221,false,סוחט לימון ידני פלסט,,,סוחט לימון ידני פלסט,יחידה,0.00,יחידה,false,,9.90,0.0000,true,1,198010
7296021160875,false,מספריים למטבח עם מגנ,,,מספריים למטבח עם מגנ,יחידה,0.00,יחידה,false,,21.90,0.0000,true,1,204631
7296021161285,false,סט כף תרווד כף מחורצ,,,סט כף תרווד כף מחורצ,יחידה,0.00,יחידה,false,,17.90,0.0000,true,1,210893
7296021161568,false,קופסה מלבן זכוכית,,,קופסה מלבן זכוכית,יחידה,0.00,יחידה,false,,16.90,0.0000,true,1,201486
7296021169311,false,פטיש לשניצל עץ,,,פטיש לשניצל עץ,יחידה,0.00,יחידה,false,,15.90,0.0000,true,1,204634
7296021170645,false,פותחן יין,,,פותחן יין,יחידה,0.00,יחידה,false,,19.90,0.0000,true,1,205625
7296021170652,false,פותחן שימורים,,,פותחן שימורים,יחידה,0.00,יחידה,false,,9.90,0.0000,true,1,207794
7296021170751,false,מגרדת 4 צדדים,,,מגרדת 4 צדדים,יחידה,0.00,יחידה,false,,19.90,0.0000,true,1,217360
7296021170775,false,מגרדת שטוחה,,,מגרדת שטוחה,יחידה,0.00,יחידה,false,,10.90,0.0000,true,1,207795
7296021170799,false,מסחטת לימון,,,מסחטת לימון,יחידה,0.00,יחידה,false,,28.90,0.0000,true,1,206516
7296021170805,false,מסחטת הדרים,,,מסחטת הדרים,יחידה,0.00,יחידה,false,,39.90,0.0000,true,1,206517
7296021170836,false,מערוך 30*50,,,מערוך 30*50,יחידה,0.00,יחידה,false,,39.90,0.0000,true,1,207163
7296021170881,false,מסננת תה רשת כפולה,,,מסננת תה רשת כפולה,יחידה,0.00,יחידה,false,,9.90,0.0000,true,1,207419
7296021170935,false,מטרפה עם לקקן סיליקו,,,מטרפה עם לקקן סיליקו,יחידה,0.00,יחידה,false,,18.90,0.0000,true,1,205952
7296021171185,false,"מועך תפו""א מתקפל",,,"מועך תפו""א מתקפל",יחידה,0.00,יחידה,false,,23.90,0.0000,true,1,207421
7296021171215,false,בול פרח,,,בול פרח,יחידה,0.00,יחידה,false,,9.90,0.0000,true,1,205629
7296021171222,false,"קערה פרח 17 ס""מ",,,"קערה פרח 17 ס""מ",יחידה,0.00,יחידה,false,,24.90,0.0000,true,1,205630
7296021171239,false,"קערה פרח 21 ס""מ",,,"קערה פרח 21 ס""מ",יחידה,0.00,יחידה,false,,34.90,0.0000,true,1,205631
7296021180095,false,הופכן סיליקון,,,הופכן סיליקון,יחידה,0.00,יחידה,false,,32.90,0.0000,true,1,208837
7296021180101,false,מצקת סיליקון,,,מצקת סיליקון,יחידה,0.00,יחידה,false,,32.90,0.0000,true,1,210896
7296021180118,false,"מועך תפו""א סיליקון",,,"מועך תפו""א סיליקון",יחידה,0.00,יחידה,false,,32.90,0.0000,true,1,208838
7296021184253,false,תבנית מלבנית 5 ליטר,,,תבנית מלבנית 5 ליטר,יחידה,0.00,יחידה,false,,44.90,0.0000,true,1,217205
7296021188176,false,סיר קוסקוס ואידוי 24,,,סיר קוסקוס ואידוי 24,יחידה,0.00,יחידה,false,,200.00,0.0000,true,1,262116
7296021191367,false,קרחון עם מכסה,,,קרחון עם מכסה,יחידה,0.00,יחידה,false,,9.90,0.0000,true,1,207796
7296021191831,false,"מחבת יציקה 30 ס""מ",,,"מחבת יציקה 30 ס""מ",יחידה,0.00,יחידה,false,,109.90,0.0000,true,1,218068
7296021230332,false,תבנית לבבות 12 שקעים,,,תבנית לבבות 12 שקעים,יחידה,0.00,יחידה,false,,39.90,0.0000,true,1,216979
7296021230363,false,סכין לעיצוב פירות וי,,,סכין לעיצוב פירות וי,יחידה,0.00,יחידה,false,,14.90,0.0000,true,1,218070
7296021230448,false,פורס תפוחים,,,פורס תפוחים,יחידה,0.00,יחידה,false,,14.90,0.0000,true,1,219456
7296021230493,false,בול 5.5*16.8,,,בול 5.5*16.8,יחידה,0.00,יחידה,false,,10.90,0.0000,true,1,219874
7296021230561,false,פלטת הגשה אובלית,,,פלטת הגשה אובלית,יחידה,0.00,יחידה,false,,11.90,0.0000,true,1,264155
7296021234231,false,"בקבוק מים 500 מ""ל 3",,,"בקבוק מים 500 מ""ל 3",יחידה,0.00,יחידה,false,,34.90,0.0000,true,1,219789
7296021256790,false,כף גלידה,,,כף גלידה,יחידה,0.00,יחידה,false,,12.90,0.0000,true,1,215292
7296021262586,false,"תרסיס שמן 150 מ""ל זכ",,,"תרסיס שמן 150 מ""ל זכ",יחידה,0.00,יחידה,false,,25.90,0.0000,true,1,264157
7296021262890,false,סכין,,,סכין,יחידה,0.00,יחידה,false,,10.90,0.0000,true,1,218076
7296021263163,false,גביע קידוש + תחתית,,,גביע קידוש + תחתית,יחידה,0.00,יחידה,false,,25.90,0.0000,true,1,217324
7296021266089,false,סכין סנטוקו,,,סכין סנטוקו,יחידה,0.00,יחידה,false,,39.90,0.0000,true,1,219887
7296021266102,false,סכין שף,,,סכין שף,יחידה,0.00,יחידה,false,,37.90,0.0000,true,1,219889
7296021266119,false,סכין לחם,,,סכין לחם,יחידה,0.00,יחידה,false,,34.90,0.0000,true,1,219890
7296021266690,false,"מסננת 15 ס""מ",,,"מסננת 15 ס""מ",יחידה,0.00,יחידה,false,,21.90,0.0000,true,1,219463
7296021266843,false,פטיש לשניצל,,,פטיש לשניצל,יחידה,0.00,יחידה,false,,19.90,0.0000,true,1,219467
7296021268861,false,כלי לששת נירוסטה,,,כלי לששת נירוסטה,יחידה,0.00,יחידה,false,,39.90,0.0000,true,1,219802
7296021269738,false,צלחת הגשה,,,צלחת הגשה,יחידה,0.00,יחידה,false,,11.90,0.0000,true,1,219891
7296021269745,false,צלחת עוגה,,,צלחת עוגה,יחידה,0.00,יחידה,false,,9.90,0.0000,true,1,219892
7296021273643,false,סט סכינים,,,סט סכינים,יחידה,0.00,יחידה,false,,16.90,0.0000,true,1,263454
7296021273650,false,סט סכינים,,,סט סכינים,יחידה,0.00,יחידה,false,,16.90,0.0000,true,1,263455
7296021275470,false,בול זכוכית,,,בול זכוכית,יחידה,0.00,יחידה,false,,11.90,0.0000,true,1,262312
7296021275494,false,"צלחת מרק 20.5 ס""מ",,,"צלחת מרק 20.5 ס""מ",יחידה,0.00,יחידה,false,,14.90,0.0000,true,1,262314
7296021282614,false,מסננת נירוסטה 28 סמ',,,מסננת נירוסטה 28 סמ',יחידה,0.00,יחידה,false,,35.90,0.0000,true,1,158224
7296021288203,false,מגש דג עמוק שנהב בינ,,,מגש דג עמוק שנהב בינ,יחידה,0.00,יחידה,false,,37.90,0.0000,true,1,219900
7296021393891,false,תרווד מיני נירוסטה,,,תרווד מיני נירוסטה,יחידה,0.00,יחידה,false,,10.90,0.0000,true,1,227706
7296021417023,false,סט סכינים,,,סט סכינים,יחידה,0.00,יחידה,false,,19.90,0.0000,true,1,145521
7296021417054,false,סט כפיות פרפקטו,,,סט כפיות פרפקטו,יחידה,0.00,יחידה,false,,17.90,0.0000,true,1,134405
7296021417061,false,סט מזלגות לעוגה,,,סט מזלגות לעוגה,יחידה,0.00,יחידה,false,,15.90,0.0000,true,1,145509
7296021417085,false,כפית לימונדה שלישיה,,,כפית לימונדה שלישיה,יחידה,0.00,יחידה,false,,17.90,0.0000,true,1,145493
7296021611940,false,פינג'אן נירוסטה מילנ,,,פינג'אן נירוסטה מילנ,יחידה,0.00,יחידה,false,,44.90,0.0000,true,1,189520
7296021625022,false,סט מזלגות שישיה,,,סט מזלגות שישיה,יחידה,0.00,יחידה,false,,28.90,0.0000,true,1,145511
7296021633621,false,קרש חיתוך בינוני ידי,,,קרש חיתוך בינוני ידי,יחידה,0.00,יחידה,false,,31.90,0.0000,true,1,141134
7296021633638,false,קרש חיתוך ידית מתכת,,,קרש חיתוך ידית מתכת,יחידה,0.00,יחידה,false,,44.90,0.0000,true,1,150827
7296021639944,false,צנצנת עגולה מיכסה זכ,,,צנצנת עגולה מיכסה זכ,יחידה,0.00,יחידה,false,,7.50,0.0000,true,1,212132
7296021639968,false,צנצנת עגולה מכסה זכו,,,צנצנת עגולה מכסה זכו,יחידה,0.00,יחידה,false,,10.90,0.0000,true,1,190486
7296021639982,false,צנצנת עגולה מיכסה זכ,,,צנצנת עגולה מיכסה זכ,יחידה,0.00,יחידה,false,,17.90,0.0000,true,1,203466
7296021667350,false,צלחת שטוחה רטרו זכוכ,,,צלחת שטוחה רטרו זכוכ,יחידה,0.00,יחידה,false,,8.90,0.0000,true,1,215293
7296021667374,false,צלחת שטוחה רטרו זכוכ,,,צלחת שטוחה רטרו זכוכ,יחידה,0.00,יחידה,false,,15.90,0.0000,true,1,215295
7296021667435,false,קערית רטרו זכוכית 17,,,קערית רטרו זכוכית 17,יחידה,0.00,יחידה,false,,10.90,0.0000,true,1,212136
7296051094782,false,זוג פמוטים זכוכית,,,זוג פמוטים זכוכית,יחידה,0.00,יחידה,false,,33.90,0.0000,true,1,208487
7296051099015,false,מצית לגז,,,מצית לגז,יחידה,0.00,יחידה,false,,6.90,0.0000,true,1,212578
7296058000526,false,פרכיות פרח כוסמת 130,,,פרכיות פרח כוסמת 130,גרמים,130.00,100 גרם,false,,7.90,0.0608,true,1,149648
7296058110010,false,פריכיות אורז פרח,,,פריכיות אורז פרח,גרמים,110.00,100 גרם,false,,4.90,0.0445,true,1,217129
7296082000035,false,ביצה פלוס 6 יח,,,ביצה פלוס 6 יח,יחידה,0.00,יחידה,false,,13.90,0.0000,true,1,104290
7296082000080,false,ביצי חופש תריסר,,,ביצי חופש תריסר,יחידה,0.00,יחידה,false,,22.90,0.0000,true,1,135804
7296082000127,false,ביצים ענק XL,,,ביצים ענק XL,יחידה,0.00,יחידה,false,,13.10,0.0000,false,1,119482
7296082000134,false,ביצים גדול L,,,ביצים גדול L,יחידה,0.00,יחידה,false,,12.05,0.0000,false,1,116761
7296082000141,false,ביצים בינוני M,,,ביצים בינוני M,יחידה,0.00,יחידה,false,,11.15,0.0000,false,1,121485
7296082000165,false,ביצים אורגניות תריסר,,,ביצים אורגניות תריסר,יחידה,0.00,יחידה,false,,22.90,0.0000,true,1,135805
7296082000172,false,ביצה פלוס 30 יח' M,,,ביצה פלוס 30 יח' M,יחידה,0.00,יחידה,false,,34.90,0.0000,false,1,190429
7296082000189,false,ביצה פלוס 30 יח' L,,,ביצה פלוס 30 יח' L,יחידה,0.00,יחידה,false,,37.90,0.0000,true,1,190532
7296082000202,false,ביצים סופר טריה 18 י,,,ביצים סופר טריה 18 י,יחידה,0.00,יחידה,false,,18.08,0.0000,false,1,150208
7296083000027,false,טרופית,,,טרופית,יחידה,200.00,יחידה,false,,1.50,0.0075,false,1,92937
7296168017117,false,פלסטר 100יח' פארמדוק,,,פלסטר 100יח' פארמדוק,יחידה,0.00,יחידה,false,,12.90,0.0000,true,1,172514
7296179006209,false,לק עמיד 246,,,לק עמיד 246,מיליליטרים,17.00,"מ""ל",false,,11.90,0.7000,true,1,186124
7296179006230,false,לק עמיד 303,,,לק עמיד 303,מיליליטרים,17.00,"מ""ל",false,,11.90,0.7000,true,1,186183
7296179006315,false,לק עמיד 469,,,לק עמיד 469,מיליליטרים,17.00,"מ""ל",false,,11.90,0.7000,true,1,186189
7296179007398,false,מסיר לק אלוורה,,,מסיר לק אלוורה,מיליליטרים,100.00,"100 מ""ל",false,,13.90,0.1390,true,1,109934
7296179007411,false,מסיר לק ללא אציטון,,,מסיר לק ללא אציטון,מיליליטרים,100.00,"100 מ""ל",false,,13.90,0.1390,true,1,109935
7296179008005,false,לק עמיד 505,,,לק עמיד 505,מיליליטרים,17.00,"מ""ל",false,,11.90,0.7000,true,1,186190
7296179008012,false,לק עמיד 463,,,לק עמיד 463,מיליליטרים,17.00,"מ""ל",false,,11.90,0.7000,true,1,186191
7296179008036,false,לק עמיד 456,,,לק עמיד 456,מיליליטרים,17.00,"מ""ל",false,,11.90,0.7000,true,1,186193
7296179008241,false,לק ג'ל טופ קוט,,,לק ג'ל טופ קוט,יחידה,0.00,יחידה,false,,26.90,0.0000,true,1,143105
7296179008883,false,לק עמיד 673,,,לק עמיד 673,מיליליטרים,17.00,"מ""ל",false,,11.90,0.7000,true,1,186203
7296179010046,false,לק עמיד 005,,,לק עמיד 005,מיליליטרים,17.00,"מ""ל",false,,11.90,0.7000,true,1,186110
7296179010077,false,לק עמיד 008,,,לק עמיד 008,מיליליטרים,17.00,"מ""ל",false,,11.90,0.7000,true,1,186111
7296179010213,false,לק עמיד 022,,,לק עמיד 022,מיליליטרים,17.00,"מ""ל",false,,11.90,0.7000,true,1,186115
7296179010305,false,לק עמיד 031,,,לק עמיד 031,מיליליטרים,17.00,"מ""ל",false,,11.90,0.7000,true,1,186117
7296179010312,false,לק עמיד 032,,,לק עמיד 032,מיליליטרים,17.00,"מ""ל",false,,11.90,0.7000,true,1,186118
7296179010398,false,לק עמיד 040,,,לק עמיד 040,מיליליטרים,17.00,"מ""ל",false,,11.90,0.7000,true,1,186131
7296179010404,false,לק עמיד 041,,,לק עמיד 041,מיליליטרים,17.00,"מ""ל",false,,11.90,0.7000,true,1,186132
7296179010701,false,לק עמיד 071,,,לק עמיד 071,מיליליטרים,17.00,"מ""ל",false,,11.90,0.7000,true,1,186139
7296179010930,false,לק עמיד 094,,,לק עמיד 094,מיליליטרים,17.00,"מ""ל",false,,11.90,0.7000,true,1,186144
7296179011142,false,לק עמיד 237,,,לק עמיד 237,מיליליטרים,17.00,"מ""ל",false,,11.90,0.7000,true,1,186146
7296179011234,false,לק עמיד 279,,,לק עמיד 279,מיליליטרים,17.00,"מ""ל",false,,11.90,0.7000,true,1,186208
7296179011524,false,לק עמיד 201,,,לק עמיד 201,מיליליטרים,17.00,"מ""ל",false,,11.90,0.7000,true,1,186155
7296179011654,false,לק עמיד 223,,,לק עמיד 223,מיליליטרים,17.00,"מ""ל",false,,11.90,0.7000,true,1,186159
7296179011685,false,לק עמיד 245,,,לק עמיד 245,מיליליטרים,17.00,"מ""ל",false,,11.90,0.7000,true,1,186160
7296179011784,false,לק טופ מט,,,לק טופ מט,מיליליטרים,0.00,"מ""ל",false,,25.90,0.0000,true,1,133905
7296179011814,false,לק שכבת הגנה,שיק,,לק שכבת הגנה,יחידה,0.00,יחידה,false,,16.90,0.0000,true,1,127642
7296179011968,false,לק עמיד 284,,,לק עמיד 284,מיליליטרים,17.00,"מ""ל",false,,11.90,0.7000,true,1,186212
7296179012002,false,לק עמיד 309,,,לק עמיד 309,מיליליטרים,17.00,"מ""ל",false,,11.90,0.7000,true,1,186213
7296179012064,false,לק עמיד 251,,,לק עמיד 251,מיליליטרים,17.00,"מ""ל",false,,11.90,0.7000,true,1,186166
7296179012071,false,לק עמיד 266,,,לק עמיד 266,מיליליטרים,17.00,"מ""ל",false,,11.90,0.7000,true,1,186218
7296179012088,false,לק עמיד 270,,,לק עמיד 270,מיליליטרים,17.00,"מ""ל",false,,11.90,0.7000,true,1,186219
7296179012095,false,לק עמיד 275,,,לק עמיד 275,מיליליטרים,17.00,"מ""ל",false,,11.90,0.7000,true,1,186220
7296179012149,false,לק עמיד 301,,,לק עמיד 301,מיליליטרים,17.00,"מ""ל",false,,11.90,0.7000,true,1,186224
7296179012156,false,לק עמיד 296,,,לק עמיד 296,מיליליטרים,17.00,"מ""ל",false,,11.90,0.7000,true,1,186225
7296179012217,false,לק עמיד 290,,,לק עמיד 290,מיליליטרים,17.00,"מ""ל",false,,11.90,0.7000,true,1,186227
7296179012309,false,לק עמיד 407,,,לק עמיד 407,מיליליטרים,17.00,"מ""ל",false,,11.90,0.7000,true,1,186231
7296179012347,false,לק עמיד 512,,,לק עמיד 512,מיליליטרים,17.00,"מ""ל",false,,11.90,0.7000,true,1,186232
7296179012354,false,לק עמיד 447,,,לק עמיד 447,מיליליטרים,17.00,"מ""ל",false,,11.90,0.7000,true,1,186233
7296179012606,false,מייבש לק וטופ,,,מייבש לק וטופ,יחידה,0.00,יחידה,false,,34.90,0.0000,true,1,197548
7296179014181,false,לק עמיד 250,,,לק עמיד 250,מיליליטרים,17.00,"מ""ל",false,,11.90,0.7000,true,1,186170
7296179014969,false,לק עמיד 255,,,לק עמיד 255,מיליליטרים,17.00,"מ""ל",false,,11.90,0.7000,true,1,186172
7296179014983,false,לק עמיד 059,,,לק עמיד 059,מיליליטרים,17.00,"מ""ל",false,,11.90,0.7000,true,1,186173
7296179021042,false,לק עמיד 111,,,לק עמיד 111,מיליליטרים,17.00,"100 מ""ל",false,,11.90,0.7000,true,1,186175
7296179021264,false,לק עמיד 802 קיץ,,,לק עמיד 802 קיץ,יחידה,0.00,יחידה,false,,11.90,0.0000,true,1,197043
7296179021738,false,דאודורנט רול און 80,,,דאודורנט רול און 80,מיליליטרים,80.00,"100 מ""ל",false,,16.90,0.2112,true,1,200313
7296179021769,false,דאודורנט ספריי,,,דאודורנט ספריי,מיליליטרים,150.00,"100 מ""ל",false,,18.90,0.1260,true,1,200432
7296179024579,false,"מסיק לק צהוב 100 מ""ל",,,"מסיק לק צהוב 100 מ""ל",מיליליטרים,100.00,"100 מ""ל",false,,9.90,0.0990,true,1,201841
7296179024593,false,"מסיק לק לבן 100 מ""ל",,,"מסיק לק לבן 100 מ""ל",מיליליטרים,100.00,"100 מ""ל",false,,9.90,0.0990,true,1,201847
7296179029642,false,דאודורנט רול און mid,,,דאודורנט רול און mid,מיליליטרים,80.00,"100 מ""ל",false,,16.90,0.2112,true,1,207459
7296179029659,false,קרם גוף mid night,,,קרם גוף mid night,מיליליטרים,275.00,"100 מ""ל",false,,28.90,0.1051,true,1,207460
7296179029666,false,קרם ידיים mid night,,,קרם ידיים mid night,מיליליטרים,100.00,"100 מ""ל",false,,10.90,0.1090,true,1,207461
7296179029673,false,דאודורנט ספריי mid n,,,דאודורנט ספריי mid n,מיליליטרים,187.00,"100 מ""ל",false,,18.90,0.1011,true,1,207462
7297028128721,false,תחתוני נשים,,,תחתוני נשים,יחידה,0.00,יחידה,false,,11.90,0.0000,true,1,200669
7297028160622,false,גרביים,,,גרביים,יחידה,0.00,יחידה,false,,15.90,0.0000,true,1,210686
7297028183102,false,גוזיה,,,גוזיה,יחידה,0.00,יחידה,false,,25.90,0.0000,true,1,263248
7297028185458,false,גוזיה,,,גוזיה,יחידה,0.00,יחידה,false,,25.90,0.0000,true,1,263491
7297028190469,false,קרסוליות נשים שלישיי,,,קרסוליות נשים שלישיי,יחידה,0.00,יחידה,false,,15.90,0.0000,true,1,263473
7297028190476,false,קרסוליות שלישייה,,,קרסוליות שלישייה,יחידה,0.00,יחידה,false,,15.90,0.0000,true,1,263474
7297028193064,false,גרבי שניל מחממות שלי,,,גרבי שניל מחממות שלי,יחידה,0.00,יחידה,false,,19.90,0.0000,true,1,264622
7297028193460,false,תחתון נשים,,,תחתון נשים,יחידה,0.00,יחידה,false,,15.90,0.0000,true,1,264399
7297028193484,false,תחתון נשים,,,תחתון נשים,יחידה,0.00,יחידה,false,,15.90,0.0000,true,1,264400
7297307070307,false,שלישית מגבות מטבח,,,שלישית מגבות מטבח,יחידה,0.00,יחידה,false,,24.90,0.0000,true,1,185449
7297478003982,false,עקביות,,,עקביות,יחידה,0.00,יחידה,false,,12.90,0.0000,true,1,213504
7297488040441,false,מטריה ג'מבו צבעונית,,,מטריה ג'מבו צבעונית,יחידה,0.00,יחידה,false,,39.90,0.0000,true,1,195109
7297488040762,false,מטריה שחורה גדולה,,,מטריה שחורה גדולה,יחידה,0.00,יחידה,false,,25.90,0.0000,true,1,187887
7297488097995,false,דגש גרנולה דבש 250 ג,,,דגש גרנולה דבש 250 ג,גרמים,250.00,100 גרם,false,,14.90,0.0596,true,1,206985
7297488098015,false,דגש גרנולה קרנצ'י שו,,,דגש גרנולה קרנצ'י שו,גרמים,250.00,100 גרם,false,,14.90,0.0596,true,1,205879
7297488098152,false,דגש קמח חומוס,,,דגש קמח חומוס,גרמים,500.00,100 גרם,false,,15.90,0.0318,true,1,205677
7297488098169,false,דגש קמח תירס 500 גר',,,דגש קמח תירס 500 גר',גרמים,500.00,100 גרם,false,,9.90,0.0198,true,1,206980
7297488098183,false,דגש קמח אורז 500 גר',,,דגש קמח אורז 500 גר',גרמים,500.00,100 גרם,false,,9.90,0.0198,true,1,206981
7297488098220,false,"דגש קמח תפו""א",,,"דגש קמח תפו""א",גרמים,500.00,100 גרם,false,,11.50,0.0230,true,1,206204
7297488098282,false,אבקת מרק עוף דגש 500,,,אבקת מרק עוף דגש 500,גרמים,500.00,100 גרם,false,,19.90,0.0398,true,1,206840
7297488098299,false,קמח טפיוקה דגש 500 ג,,,קמח טפיוקה דגש 500 ג,גרמים,500.00,100 גרם,false,,8.90,0.0178,true,1,204514
7297488098305,false,קמח שקדים דגש 250 גר,,,קמח שקדים דגש 250 גר,גרמים,250.00,100 גרם,false,,25.90,0.1036,true,1,204541
7297488098688,false,פצפוצי אורז מלא ללא,,,פצפוצי אורז מלא ללא,גרמים,450.00,100 גרם,false,,21.00,0.0467,true,1,205889
7297488099753,false,דגש עוגיות בטעם שוקו,,,דגש עוגיות בטעם שוקו,גרמים,250.00,100 גרם,false,,24.90,0.0996,true,1,205880
7297488099777,false,דגש עוגיות בטעם קאשי,,,דגש עוגיות בטעם קאשי,גרמים,250.00,100 גרם,false,,24.90,0.0996,true,1,206989
7297488099784,false,דגש עוגיות בטעם קינמ,,,דגש עוגיות בטעם קינמ,גרמים,250.00,100 גרם,false,,21.90,0.0876,true,1,205881
7297488099906,false,משומשו פרוסות בסגנון,,,משומשו פרוסות בסגנון,גרמים,200.00,100 גרם,false,,19.90,0.0995,true,1,259669
7297488199590,false,דגש פצפוצי אורז 450,,,דגש פצפוצי אורז 450,גרמים,450.00,100 גרם,false,,21.00,0.0467,true,1,205887
7297488199606,false,פצפוצי אורז מלא קל ל,,,פצפוצי אורז מלא קל ל,גרמים,450.00,100 גרם,false,,21.00,0.0467,true,1,205891
7297488199620,false,פצפוצי אורז מלא ללא,,,פצפוצי אורז מלא ללא,גרמים,450.00,100 גרם,false,,21.00,0.0467,true,1,205890
7312040017683,false,"וודקה אבסולוט 700 מ""",,,"וודקה אבסולוט 700 מ""",מיליליטרים,700.00,"100 מ""ל",false,,59.90,0.0856,false,1,142383
7321011040308,false,מפיות דוני 20 יח',,,מפיות דוני 20 יח',יחידה,0.00,יחידה,false,,7.00,0.0000,true,1,128793
7321011040315,false,דוני 12 מפיות תלת שכ,,,דוני 12 מפיות תלת שכ,יחידה,0.00,יחידה,false,,10.90,0.0000,true,1,206695
7321011040629,false,מפיות ניר תלת שכבתי,,,מפיות ניר תלת שכבתי,יחידה,0.00,יחידה,false,,7.00,0.0000,true,1,110926
7321011404070,false,מפיות ניר תלת שכבתי,,,מפיות ניר תלת שכבתי,יחידה,0.00,יחידה,false,,10.90,0.0000,true,1,115114
7321011550067,false,דוני 10 מפיות אלגנס,,,דוני 10 מפיות אלגנס,יחידה,0.00,יחידה,false,,22.90,0.0000,true,1,147091
7321011941162,false,דוני 50 מפיות תלת שכ,,,דוני 50 מפיות תלת שכ,יחידה,0.00,יחידה,false,,23.90,0.0000,true,1,264249
7321031857054,false,דוני מפת שולחן 118*1,,,דוני מפת שולחן 118*1,יחידה,0.00,יחידה,false,,17.90,0.0000,true,1,207392
7350022390386,false,קקאו ואן הוטן,,,קקאו ואן הוטן,גרמים,125.00,100 גרם,false,,13.50,0.1080,true,1,137269
7350075690044,false,מברשת שיניים למבוגרי,,,מברשת שיניים למבוגרי,יחידה,0.00,יחידה,false,,17.90,0.0000,true,1,203581
7350075690051,false,מברשת שיניים למבוגרי,,,מברשת שיניים למבוגרי,יחידה,0.00,יחידה,false,,17.90,0.0000,true,1,200820
7393714507020,false,קופרברג סיידר תות-לי,,,קופרברג סיידר תות-לי,מיליליטרים,330.00,"100 מ""ל",false,,8.90,0.0270,true,1,205549
7394376123337,false,אוטלי משקה שיבולת שו,,,אוטלי משקה שיבולת שו,מיליליטרים,1000.00,"100 מ""ל",false,,13.90,0.0139,true,1,213412
7394376615825,false,אוטלי משקה שיבולת שו,,,אוטלי משקה שיבולת שו,מיליליטרים,1000.00,"100 מ""ל",false,,13.90,0.0139,true,1,213413
7394376615832,false,אוטלי משקה שיבולת שו,,,אוטלי משקה שיבולת שו,מיליליטרים,1000.00,"100 מ""ל",false,,15.90,0.0159,true,1,213414
7394376616778,false,אוטלי משקה שיבולת שו,,,אוטלי משקה שיבולת שו,מיליליטרים,1000.00,"100 מ""ל",false,,15.90,0.0159,true,1,213415
7394376620294,false,משקה שיבולת שועל בטע,,,משקה שיבולת שועל בטע,ליטרים,1000.00,ליטר,false,,15.90,0.0159,true,1,264149
7501013101348,false,ג'ומקס מנגו בקבוק 47,,,ג'ומקס מנגו בקבוק 47,מיליליטרים,473.00,"100 מ""ל",false,,8.90,0.0188,true,1,208975
7501013101355,false,ג'ומקס אפרסק בקבוק 4,,,ג'ומקס אפרסק בקבוק 4,מיליליטרים,473.00,"100 מ""ל",false,,8.90,0.0188,true,1,208953
7501013101393,false,ג'ומקס משקה אננס 473,,,ג'ומקס משקה אננס 473,מיליליטרים,473.00,"100 מ""ל",false,,8.90,0.0188,true,1,209779
7501013122039,false,ג'ומקס נקטר מנגו קרט,,,ג'ומקס נקטר מנגו קרט,ליטרים,1.00,ליטר,false,,8.90,8.9000,true,1,209509
7501013122053,false,ג'ומקס נקטר אפרסק קר,,,ג'ומקס נקטר אפרסק קר,ליטרים,1.00,ליטר,false,,8.90,8.9000,true,1,209508
7501013122114,false,ג'ומקס אננס קרטונית,,,ג'ומקס אננס קרטונית,ליטרים,1.00,ליטר,false,,8.90,8.9000,true,1,209510
7501013122190,false,ג'ומקס תפוחים קרטוני,,,ג'ומקס תפוחים קרטוני,ליטרים,1.00,ליטר,false,,8.90,8.9000,true,1,209511
7501013122992,false,ג'ומקס קוקוס אננס קר,,,ג'ומקס קוקוס אננס קר,ליטרים,1.00,ליטר,false,,8.90,8.9000,true,1,209512
7501013138184,false,נקטר חמוציות יוניקו,,,נקטר חמוציות יוניקו,ליטרים,1.00,ליטר,false,,10.90,10.9000,false,1,149577
7501013138856,false,יוניקו 100% תפוזים ס,,,יוניקו 100% תפוזים ס,ליטרים,1.00,ליטר,false,,12.90,12.9000,true,1,216506
7501035042308,false,טקילה קוארבו סילבר 7,,,טקילה קוארבו סילבר 7,מיליליטרים,700.00,"100 מ""ל",false,,90.00,0.1286,true,1,189769
7501049936945,false,בירה סול שישייה 330,,,בירה סול שישייה 330,מיליליטרים,1980.00,"100 מ""ל",false,,32.90,0.0166,false,1,212493
7501064191398,false,שישיית בירה קורונה -,,,שישיית בירה קורונה -,ליטרים,2.13,ליטר,false,,34.90,16.3850,false,1,207064
7503012779306,false,סירופ אגבה 330מל,,,סירופ אגבה 330מל,מיליליטרים,330.00,"100 מ""ל",false,,17.90,0.0542,true,1,135667
7509546061160,false,קולגייט משחת ילדים מ,,,קולגייט משחת ילדים מ,מיליליטרים,75.00,"100 מ""ל",false,,15.90,0.2120,true,1,219366
7509546666846,false,קולגייט טוטאל משחת ש,,,קולגייט טוטאל משחת ש,מיליליטרים,75.00,"100 מ""ל",false,,19.90,0.2653,true,1,218344
7509546678702,false,קולגייט משחת שיניים,,,קולגייט משחת שיניים,מיליליטרים,100.00,"100 מ""ל",false,,16.90,0.1690,true,1,263597
7610023050215,false,"מיזלי ""קראנצ איקס 50",,,"מיזלי ""קראנצ איקס 50",גרמים,500.00,100 גרם,false,,26.90,0.0538,true,1,111291
7610023051212,false,"מיזלי ""שוקו איקס 500",,,"מיזלי ""שוקו איקס 500",גרמים,500.00,100 גרם,false,,26.90,0.0538,true,1,111296
7610100034084,false,מיונז טומי 265 גר',,,מיונז טומי 265 גר',גרמים,265.00,100 גרם,false,,12.90,0.0487,true,1,196765
7610113011652,false,בקרדי בריזר מוגז בטע,בקרדי בריזר,,בקרדי בריזר מוגז בטע,מיליליטרים,275.00,"100 מ""ל",false,,12.90,0.0469,false,1,213100
7610211130903,false,הרמזית 800 יח+ 200,,,הרמזית 800 יח+ 200,גרמים,11.80,100 גרם,false,,29.90,2.5339,true,1,261284
7610243004463,false,דורגול מרסס,יעקובי דורגול,,דורגול מרסס,מיליליטרים,500.00,"100 מ""ל",false,,21.90,0.0438,true,1,119509
7610400014632,false,שוקולד לינדט לבן,,,שוקולד לינדט לבן,גרמים,100.00,100 גרם,false,,15.00,0.1500,true,1,121297
7610400014649,false,שוקולד לינדט במילוי,לינדט,,שוקולד לינדט במילוי,גרמים,100.00,100 גרם,false,,15.00,0.1500,true,1,98550
7610400068369,false,שוקולד לינדור אגוזים,לינדור,,שוקולד לינדור אגוזים,גרמים,100.00,100 גרם,false,,15.00,0.1500,true,1,121298
7610400068505,false,לינדור בונבונירה חלב,לינדור,,לינדור בונבונירה חלב,גרמים,200.00,100 גרם,false,,29.90,0.1495,false,1,120556
7610400068529,false,לינדור בונבו' אסורטד,לינדור,,לינדור בונבו' אסורטד,גרמים,200.00,100 גרם,false,,29.90,0.1495,false,1,98554
7610400070577,false,שוקולד לינדט אקסלנס,לינדט,,שוקולד לינדט אקסלנס,גרמים,100.00,100 גרם,false,,15.00,0.1500,true,1,150633
7610400074155,false,שוקולד לינדור 60% קק,לינדור,,שוקולד לינדור 60% קק,גרמים,100.00,100 גרם,false,,15.00,0.1500,true,1,121299
7610400075770,false,לינדט מריר אגוזים 15,לינדט,,לינדט מריר אגוזים 15,גרמים,150.00,100 גרם,false,,23.90,0.1593,true,1,125409
7610400075787,false,שוקולד חלב עם אגוזים,לינדט,,שוקולד חלב עם אגוזים,גרמים,150.00,100 גרם,false,,23.90,0.1593,true,1,125410
7610400085946,false,שוקולד לינדט לגרנד ס,,,שוקולד לינדט לגרנד ס,גרמים,150.00,100 גרם,false,,23.90,0.1593,true,1,209384
7610400086202,false,שוקולד לינדט לגרנד 1,לינדט,,שוקולד לינדט לגרנד 1,גרמים,150.00,100 גרם,false,,23.90,0.1593,true,1,201550
7610400087537,false,לינדור בונבוניירה מנ,לינדור,,לינדור בונבוניירה מנ,גרמים,200.00,100 גרם,false,,29.90,0.1495,true,1,201174
7610400091060,false,שוקולד לינדט אקסלנס,לינדט,,שוקולד לינדט אקסלנס,גרמים,100.00,100 גרם,false,,15.00,0.1500,true,1,212448
7610700009956,false,סוכריות ריקולה סמבוק,,,סוכריות ריקולה סמבוק,גרמים,50.00,100 גרם,false,,11.90,0.2380,true,1,217136
7610700607046,false,סוכריות ריקולה דיאט,,,סוכריות ריקולה דיאט,גרמים,50.00,100 גרם,false,,11.90,0.2380,true,1,202807
7610700607077,false,ריקולה תפוז-מנטה,,,ריקולה תפוז-מנטה,גרמים,50.00,100 גרם,false,,11.90,0.2380,true,1,202808
7610700614914,false,ריקולה קרנברי צמחים,,,ריקולה קרנברי צמחים,גרמים,50.00,100 גרם,false,,11.90,0.2380,true,1,197262
7613030979647,false,טריקס 480 גר,,,טריקס 480 גר,גרמים,480.00,100 גרם,false,,19.90,0.0415,false,1,202362
7613031608850,false,פיטנס דגנים 625 גרם,נסטלה,,פיטנס דגנים 625 גרם,גרמים,625.00,100 גרם,false,,24.90,0.0398,false,1,113212
7613032045753,false,דגנים פיטנס שוקולד 3,נסטלה,,דגנים פיטנס שוקולד 3,גרמים,375.00,100 גרם,false,,21.90,0.0584,false,1,116084
7613033174728,false,קפסולות קפה דולצ'ה ג,,,קפסולות קפה דולצ'ה ג,גרמים,160.00,100 גרם,false,,26.90,0.1681,true,1,188691
7613033548192,false,פיטנס דגנים עם שוקול,נסטלה,,פיטנס דגנים עם שוקול,גרמים,375.00,100 גרם,false,,21.90,0.0584,false,1,134648
7613035622623,false,פיטנס גרנולה דבש,,,פיטנס גרנולה דבש,גרמים,300.00,100 גרם,false,,15.90,0.0530,true,1,192054
7613035635845,false,פיטנס גרנולה שוקולד,,,פיטנס גרנולה שוקולד,גרמים,300.00,100 גרם,false,,15.90,0.0530,true,1,191885
7613035690639,false,קפסולות קפה דולצ'ה ג,,,קפסולות קפה דולצ'ה ג,גרמים,256.00,100 גרם,false,,26.90,0.1051,true,1,213294
7613035758834,false,פיטנס גרנולה חמוציות,,,פיטנס גרנולה חמוציות,גרמים,300.00,100 גרם,false,,15.90,0.0530,true,1,194022
7613035807778,false,פרפקטו רוטב עגבניות,,,פרפקטו רוטב עגבניות,גרמים,400.00,100 גרם,false,,9.60,0.0240,true,1,193992
7613035809109,false,פרפקטו רוטב עגבניות,,,פרפקטו רוטב עגבניות,גרמים,400.00,100 גרם,false,,9.60,0.0240,true,1,193993
7613035809123,false,פרפקטו רוטב עגבניות,,,פרפקטו רוטב עגבניות,גרמים,400.00,100 גרם,false,,9.60,0.0240,true,1,193994
7613035809857,false,פרפקטו רוטב עגבניות,,,פרפקטו רוטב עגבניות,גרמים,400.00,100 גרם,false,,9.60,0.0240,true,1,193995
7613036105545,false,דוגלי גזע קטן 3קג,,,דוגלי גזע קטן 3קג,קילוגרמים,3.00,"ק""ג",false,,49.90,16.6333,false,1,199029
7613036105637,false,דוגלי בוגר עוף 12 קג,,,דוגלי בוגר עוף 12 קג,קילוגרמים,12.00,"ק""ג",false,,129.90,10.8250,false,1,199075
7613036105651,false,דוגלי בוגר בקר 12 קג,,,דוגלי בוגר בקר 12 קג,קילוגרמים,12.00,"ק""ג",false,,129.90,10.8250,false,1,199076
7613036286015,false,פרייה אנד ג'וס מארז,,,פרייה אנד ג'וס מארז,מיליליטרים,1000.00,"100 מ""ל",false,,22.90,0.0229,true,1,215439
7613036288026,false,דוגלי גורים 3 קג,,,דוגלי גורים 3 קג,קילוגרמים,3.00,"ק""ג",false,,54.90,18.3000,true,1,201358
7613036288958,false,דוגלי אקטיב 3 קג,,,דוגלי אקטיב 3 קג,קילוגרמים,3.00,"ק""ג",false,,54.90,18.3000,true,1,201359
7613036314114,false,נס קפה גולד 200 גר,,,נס קפה גולד 200 גר,יחידה,0.00,יחידה,false,,48.90,0.0000,false,1,203253
7613036520492,false,פרפקטו רוטב עגבניות,,,פרפקטו רוטב עגבניות,גרמים,400.00,100 גרם,false,,9.60,0.0240,true,1,201823
7613036710879,false,קיט קט צ'אנקי מיני,,,קיט קט צ'אנקי מיני,גרמים,194.00,100 גרם,false,,13.90,0.0716,true,1,204811
7613036737623,false,קראנץ מקס נסטלה,,,קראנץ מקס נסטלה,גרמים,410.00,100 גרם,false,,19.90,0.0485,false,1,203956
7613036760195,false,קפסולות קפה דולצה גו,,,קפסולות קפה דולצה גו,גרמים,112.00,100 גרם,false,,26.90,0.2402,true,1,205452
7613036867870,false,קפסולות קפה דולצה גו,,,קפסולות קפה דולצה גו,גרמים,112.00,100 גרם,false,,26.90,0.2402,true,1,205453
7613036880534,false,גרבר מחית מרק ירקות,,,גרבר מחית מרק ירקות,גרמים,190.00,100 גרם,false,,6.80,0.0358,true,1,209435
7613037204797,false,סטארבקס פולי קפה בלו,,,סטארבקס פולי קפה בלו,גרמים,450.00,100 גרם,false,,45.90,0.1020,false,1,217676
7613037204889,false,סטארבקס פולי קפה אספ,,,סטארבקס פולי קפה אספ,גרמים,450.00,100 גרם,false,,45.90,0.1020,false,1,217677
7613037686906,false,פיטנס שקדים ודבש 355,נסטלה,,פיטנס שקדים ודבש 355,גרמים,355.00,100 גרם,false,,21.90,0.0617,false,1,209439
7613037687132,false,פיטנס שקדים ודבש 585,נסטלה,,פיטנס שקדים ודבש 585,גרמים,585.00,100 גרם,false,,24.90,0.0426,false,1,209440
7613037811629,false,גו פרי קורנפלקס,,,גו פרי קורנפלקס,גרמים,500.00,100 גרם,false,,13.50,0.0270,false,1,211225
7613038268262,false,האני נאט ציריוס מופח,,,האני נאט ציריוס מופח,גרמים,410.00,100 גרם,false,,19.90,0.0485,true,1,210882
7613039547731,false,גרבר מחית תפוח משמש,מטרנה,,גרבר מחית תפוח משמש,גרמים,90.00,100 גרם,false,,5.90,0.0656,true,1,214110
7613039770450,false,טבעול בורגר צמחוני,,,טבעול בורגר צמחוני,גרמים,226.00,100 גרם,false,,33.90,0.1500,false,1,214377
7613039879382,false,"גרבר מחית תפ""ע 190 ג",,,"גרבר מחית תפ""ע 190 ג",גרמים,190.00,100 גרם,false,,6.80,0.0358,true,1,216462
7613039880807,false,גרבר מחית תפוח גזר 1,,,גרבר מחית תפוח גזר 1,גרמים,190.00,100 גרם,false,,6.80,0.0358,true,1,216090
7613039881521,false,גרבר מחית מנגו 190 ג,,,גרבר מחית מנגו 190 ג,גרמים,190.00,100 גרם,false,,6.80,0.0358,true,1,216350
7613039881965,false,גרבר מחית גזר תפוח מ,,,גרבר מחית גזר תפוח מ,גרמים,190.00,100 גרם,false,,6.80,0.0358,true,1,216351
7613287008497,false,סטארבקס פולי קפה פיי,,,סטארבקס פולי קפה פיי,גרמים,450.00,100 גרם,false,,45.90,0.1020,false,1,217678
7613287121783,false,סמארטיס מיני,,,סמארטיס מיני,גרמים,187.00,100 גרם,false,,13.90,0.0743,true,1,218328
7613287155863,false,גרבר מחית אגס פאו'ץ,,,גרבר מחית אגס פאו'ץ,גרמים,90.00,100 גרם,false,,5.90,0.0656,true,1,217193
7613287155894,false,גרבר מחית אפרסק פאוץ,,,גרבר מחית אפרסק פאוץ,גרמים,90.00,100 גרם,false,,5.90,0.0656,true,1,217194
7613287155924,false,גרבר מחית תפוח גזר פ,,,גרבר מחית תפוח גזר פ,גרמים,90.00,100 גרם,false,,5.90,0.0656,true,1,217195
7613287162281,false,נסקפה דולצה גוסטו גר,,,נסקפה דולצה גוסטו גר,גרמים,144.00,100 גרם,false,,26.90,0.1868,true,1,219269
7613287181411,false,ויטמינצ'יק מחית סלט,,,ויטמינצ'יק מחית סלט,גרמים,110.00,100 גרם,false,,5.50,0.0500,true,1,219575
7613287182357,false,ויטמינצ'יק מחית אגס,,,ויטמינצ'יק מחית אגס,גרמים,110.00,100 גרם,false,,5.50,0.0500,true,1,219572
7613287182456,false,ויטמינצ'יק מחית אגס,,,ויטמינצ'יק מחית אגס,גרמים,110.00,100 גרם,false,,5.50,0.0500,true,1,219570
7613287186928,false,סטארבקס קפסולות ברקפ,,,סטארבקס קפסולות ברקפ,יחידה,0.00,יחידה,false,,21.90,0.0000,true,1,219188
7613287302373,false,קפסולות סטארבקס סטיי,,,קפסולות סטארבקס סטיי,גרמים,56.00,100 גרם,false,,21.90,0.3911,true,1,216775
7613287325808,false,רוטב איולי שום אסם,,,רוטב איולי שום אסם,גרמים,295.00,100 גרם,false,,14.90,0.0505,true,1,259622
7613287325822,false,רוטב מיקס לחיץ אוסם,,,רוטב מיקס לחיץ אוסם,גרמים,295.00,100 גרם,false,,14.90,0.0505,true,1,259623
7613287325853,false,רוטב ספייסי איולי לח,,,רוטב ספייסי איולי לח,גרמים,295.00,100 גרם,false,,14.90,0.0505,true,1,259624
7613287325952,false,רוטב ברביקיו לחיץ או,,,רוטב ברביקיו לחיץ או,גרמים,345.00,100 גרם,false,,14.90,0.0432,true,1,259625
7613287325983,false,רוטב סלסה לחיץ אוסם,,,רוטב סלסה לחיץ אוסם,גרמים,335.00,100 גרם,false,,14.90,0.0445,true,1,259626
7613287394323,false,דגני צ'ריוס מולטי 60,,,דגני צ'ריוס מולטי 60,גרמים,600.00,100 גרם,false,,19.90,0.0332,false,1,218589
7613287476678,false,סינימיניס צו'רוס,,,סינימיניס צו'רוס,גרמים,360.00,100 גרם,false,,19.90,0.0553,false,1,259542
7613287821348,false,טבעול נתחוני עוף טבע,,,טבעול נתחוני עוף טבע,גרמים,350.00,100 גרם,false,,33.90,0.0969,true,1,260750
7613287855640,false,קפסולות סטארבקס גווא,,,קפסולות סטארבקס גווא,גרמים,55.00,100 גרם,false,,21.90,0.3982,true,1,263495
7614500035788,false,טובלרון שוקולד חלב 2,טובלרון,,טובלרון שוקולד חלב 2,גרמים,200.00,100 גרם,false,,14.90,0.0745,true,1,187221
7622010001858,false,עוגיות אוראו ממולאות,,,עוגיות אוראו ממולאות,גרמים,176.00,100 גרם,false,,8.90,0.0506,false,1,195134
7622201050757,false,שוקולד מילקה קרמל 10,לינדט,,שוקולד מילקה קרמל 10,גרמים,100.00,100 גרם,false,,5.90,0.0590,false,1,118321
7622201137052,false,מילקה מיני קוקיז,,,מילקה מיני קוקיז,גרמים,110.00,100 גרם,false,,8.50,0.0773,true,1,217282
7622201139278,false,גבינת פילדלפיה 150 ג,,,גבינת פילדלפיה 150 ג,גרמים,150.00,100 גרם,false,,13.90,0.0927,true,1,211251
7622201401900,false,עוגיות מילקה סנסיין,,,עוגיות מילקה סנסיין,גרמים,156.00,100 גרם,false,,12.90,0.0827,true,1,214764
7622201521493,false,פילדלפיה שום ועשבי ת,,,פילדלפיה שום ועשבי ת,גרמים,150.00,100 גרם,false,,13.90,0.0927,true,1,263416
7622201798154,false,גבינת פילדלפיה לייט,,,גבינת פילדלפיה לייט,גרמים,150.00,100 גרם,false,,13.90,0.0927,true,1,219915
7622201801809,false,מילקה שוקולד חלב עם,,,מילקה שוקולד חלב עם,גרמים,100.00,100 גרם,false,,5.90,0.0590,true,1,219587
7622201802363,false,מילקה שוקולד חלב צימ,,,מילקה שוקולד חלב צימ,גרמים,100.00,100 גרם,false,,5.90,0.0590,true,1,219586
7622201802394,false,מילקה שוקולד חלב 100,,,מילקה שוקולד חלב 100,גרמים,100.00,100 גרם,false,,5.90,0.0590,false,1,259949
7622201808631,false,אוראו מיני כוסות בטע,,,אוראו מיני כוסות בטע,גרמים,67.00,100 גרם,false,,6.90,0.1030,true,1,219597
7622201809188,false,מילקה ביסקביט 150 גר,,,מילקה ביסקביט 150 גר,גרמים,150.00,100 גרם,false,,12.90,0.0860,true,1,218003
7622201813390,false,מילקה וופל במילוי קר,,,מילקה וופל במילוי קר,גרמים,150.00,100 גרם,false,,12.90,0.0860,true,1,218004
7622201819170,false,מילקה דארק שקדים,,,מילקה דארק שקדים,גרמים,85.00,100 גרם,false,,6.90,0.0812,true,1,259798
7622201819408,false,מילקה דארק קרמל,,,מילקה דארק קרמל,גרמים,85.00,100 גרם,false,,6.90,0.0812,true,1,259799
7622201819552,false,שוקולד מילקה דארק,,,שוקולד מילקה דארק,גרמים,85.00,100 גרם,false,,6.90,0.0812,true,1,259800
7622210078131,false,שוקולד מילקה חלב שבר,,,שוקולד מילקה חלב שבר,גרמים,100.00,100 גרם,false,,5.90,0.0590,true,1,197635
7622210117762,false,קוטדור בושה 200 גר,,,קוטדור בושה 200 גר,גרמים,200.00,100 גרם,false,,17.90,0.0895,false,1,148799
7622210137234,false,אוראו דאבל,,,אוראו דאבל,גרמים,170.00,100 גרם,false,,7.90,0.0465,true,1,193382
7622210163899,false,שוקולד מילקה חלב עם,,,שוקולד מילקה חלב עם,גרמים,100.00,100 גרם,false,,5.90,0.0590,false,1,202637
7622210453327,false,עוגיות מילקה סנסיישן,,,עוגיות מילקה סנסיישן,גרמים,156.00,100 גרם,false,,12.90,0.0827,true,1,199958
7622210464729,false,אוראו וניל 154 גר,,,אוראו וניל 154 גר,גרמים,154.00,100 גרם,false,,6.40,0.0416,true,1,209722
7622210597915,false,מילקה לבבות פרלינים,,,מילקה לבבות פרלינים,מיליליטרים,110.00,"100 מ""ל",false,,9.90,0.0900,true,1,213791
7622210637994,false,אוראו ביס קראנצ'י או,,,אוראו ביס קראנצ'י או,גרמים,110.00,100 גרם,false,,8.50,0.0773,true,1,214848
7622210638021,false,אוראו ביס קראנצ'י בצ,,,אוראו ביס קראנצ'י בצ,גרמים,110.00,100 גרם,false,,8.50,0.0773,true,1,214865
7622210664150,false,עוגיות אוראו וניל 39,,,עוגיות אוראו וניל 39,גרמים,396.00,100 גרם,false,,14.90,0.0376,true,1,263041
7622210690852,false,שוקולד מילקה טריולד,,,שוקולד מילקה טריולד,גרמים,280.00,100 גרם,false,,14.90,0.0532,true,1,201361
7622210690883,false,מילקה מונדיאל 270 גר,,,מילקה מונדיאל 270 גר,גרמים,270.00,100 גרם,false,,12.90,0.0478,false,1,264610
7622210693266,false,מילקה אגוזים שלמים 2,,,מילקה אגוזים שלמים 2,גרמים,270.00,100 גרם,false,,14.90,0.0552,true,1,213803
7622210724519,false,קוטדור ביו 70% קקאו,,,קוטדור ביו 70% קקאו,גרמים,90.00,100 גרם,false,,15.90,0.1767,true,1,215958
7622210724557,false,קוטדור ביו מלוח,,,קוטדור ביו מלוח,גרמים,90.00,100 גרם,false,,15.90,0.1767,true,1,215959
7622210826053,false,שוקולד מילקה אוראו ס,,,שוקולד מילקה אוראו ס,גרמים,92.00,100 גרם,false,,5.90,0.0641,true,1,214958
7622210835338,false,אוראו בראוניז,,,אוראו בראוניז,גרמים,176.00,100 גרם,false,,7.90,0.0449,true,1,214762
7622210869616,false,קוטדור ביו 85% קקאו,,,קוטדור ביו 85% קקאו,גרמים,90.00,100 גרם,false,,15.90,0.1767,true,1,215960
7622300200237,false,מילקה שוקולד חלב 250,מילקה,,מילקה שוקולד חלב 250,גרמים,250.00,100 גרם,false,,12.90,0.0516,false,1,136454
7622300270506,false,עוגיות מילקה שוקו גר,מילקה,,עוגיות מילקה שוקו גר,גרמים,168.00,100 גרם,false,,12.90,0.0768,true,1,133789
7622300315283,false,אוראו וניל 154 גר,,,אוראו וניל 154 גר,גרמים,154.00,100 גרם,false,,6.40,0.0416,true,1,219647
7622300489427,false,עוגיות אוראו בציפוי,,,עוגיות אוראו בציפוי,גרמים,246.00,100 גרם,false,,16.90,0.0687,false,1,201697
7622300489434,false,עוגיות אוראו בציפוי,,,עוגיות אוראו בציפוי,יחידה,0.00,יחידה,false,,16.90,0.0000,false,1,201698
7622300495046,false,שוקולד מילקה אקסטרא,,,שוקולד מילקה אקסטרא,גרמים,100.00,100 גרם,false,,5.90,0.0590,false,1,140243
7622300503079,false,ביסקוויט מצופה שוקול,מילקה,,ביסקוויט מצופה שוקול,גרמים,200.00,100 גרם,false,,12.90,0.0645,true,1,133790
7622300617820,false,שוקולד מילקה אוראו 1,,,שוקולד מילקה אוראו 1,גרמים,100.00,100 גרם,false,,5.90,0.0590,false,1,140244
7622300756413,false,גבינת פילדלפיה 20% ש,,,גבינת פילדלפיה 20% ש,גרמים,175.00,100 גרם,false,,15.90,0.0909,true,1,202352
7622300761363,false,אוראו מיני כוסות שוק,,,אוראו מיני כוסות שוק,גרמים,67.00,100 גרם,false,,6.90,0.1030,true,1,207786
7622400005190,false,שוקולד מילקה חום לבן,מילקה,,שוקולד מילקה חום לבן,גרמים,100.00,100 גרם,false,,5.90,0.0590,false,1,150705
7630311507016,false,קפסולות סטארבקס סאני,,,קפסולות סטארבקס סאני,גרמים,57.00,100 גרם,false,,21.90,0.3842,true,1,261740
7630477891592,false,קפסולות סטארבקס האוס,,,קפסולות סטארבקס האוס,גרמים,57.00,100 גרם,false,,21.90,0.3842,true,1,213961
7630477891615,false,קפסולות סטארבקס סומט,,,קפסולות סטארבקס סומט,גרמים,55.00,100 גרם,false,,21.90,0.3982,true,1,213963
7630477891639,false,קפסולות סטארבקס ורונ,,,קפסולות סטארבקס ורונ,גרמים,55.00,100 גרם,false,,21.90,0.3982,true,1,213964
7630477891653,false,קפסולות סטארבקס אספר,,,קפסולות סטארבקס אספר,גרמים,57.00,100 גרם,false,,21.90,0.3842,true,1,213965
7630477891677,false,קפסולות סטארבקס פייק,,,קפסולות סטארבקס פייק,גרמים,53.00,100 גרם,false,,21.90,0.4132,true,1,213966
7630477891691,false,קפסולות סטארבקס קולו,,,קפסולות סטארבקס קולו,גרמים,57.00,100 גרם,false,,21.90,0.3842,true,1,213967
7630477891714,false,קפסולות סטארבקס אספר,,,קפסולות סטארבקס אספר,גרמים,57.00,100 גרם,false,,21.90,0.3842,true,1,213969
7630477891738,false,קפסולות סטארבקס אספר,,,קפסולות סטארבקס אספר,גרמים,53.00,100 גרם,false,,21.90,0.4132,true,1,213968
7638900083071,false,סוללות A76 זוג Energ,אנרג'ייזר,,סוללות A76 זוג Energ,יחידה,0.00,יחידה,false,,12.90,0.0000,true,1,204543
7638900248333,false,סוללות 2025 זוג Ener,אנרג'ייזר,,סוללות 2025 זוג Ener,יחידה,0.00,יחידה,false,,17.90,0.0000,true,1,204544
7702018069347,false,בלו 2 לנשים 10+5,,,בלו 2 לנשים 10+5,יחידה,0.00,יחידה,false,,29.90,0.0000,true,1,185325
7702018271788,false,ג'ילט פרו דאודורנט S,,,ג'ילט פרו דאודורנט S,מיליליטרים,70.00,"100 מ""ל",false,,15.90,0.2271,true,1,139883
7702018321582,false,ג'ילט דאודורנט סטיק,,,ג'ילט דאודורנט סטיק,יחידה,0.00,יחידה,false,,22.90,0.0000,true,1,142657
7702018357871,false,ג'ל גילוח פרוגלייד 2,,,ג'ל גילוח פרוגלייד 2,יחידה,0.00,יחידה,false,,24.00,0.0000,true,1,194235
7702018457762,false,גילט גל גילוח סירייס,,,גילט גל גילוח סירייס,גרמים,100.00,100 גרם,false,,13.90,0.1390,true,1,212751
7702018462032,false,ג'ילט מאך 3 רביעיה,,,ג'ילט מאך 3 רביעיה,יחידה,0.00,יחידה,false,,29.90,0.0000,false,1,209763
7702018465675,false,ג'ילט רביעיית חד פעמ,,,ג'ילט רביעיית חד פעמ,יחידה,0.00,יחידה,false,,22.90,0.0000,true,1,214392
7702018471423,false,ג'ילט פיוז'ן רביעיה,,,ג'ילט פיוז'ן רביעיה,יחידה,0.00,יחידה,false,,34.90,0.0000,false,1,209764
7702018487394,false,מכשיר גילוח רב פעמי,,,מכשיר גילוח רב פעמי,יחידה,0.00,יחידה,false,,59.90,0.0000,true,1,208112
7702018489619,false,ג'ילט סכיני גילוח חד,,,ג'ילט סכיני גילוח חד,יחידה,0.00,יחידה,false,,16.90,0.0000,true,1,213638
7702018978120,false,ג'לט קליר ג'ל דאודור,,,ג'לט קליר ג'ל דאודור,מיליליטרים,70.00,"100 מ""ל",false,,15.90,0.2271,true,1,120029
7702018980833,false,ג'ל גילוח סירייס מוע,,,ג'ל גילוח סירייס מוע,מיליליטרים,200.00,"100 מ""ל",false,,16.90,0.0845,true,1,194784
7702024074625,false,פיטנס חטיפי קרקר חיט,,,פיטנס חטיפי קרקר חיט,גרמים,234.00,100 גרם,false,,11.90,0.0509,true,1,203712
7702024258322,false,פיטנס חטיפי קרקר צ'י,,,פיטנס חטיפי קרקר צ'י,גרמים,234.00,100 גרם,false,,11.90,0.0509,true,1,213917
7702174066631,false,פין פופ לקקנים,טופס,,פין פופ לקקנים,גרמים,180.00,100 גרם,false,,9.90,0.0550,true,1,121815
7702174068826,false,לקקן יוגטה פירות 12,,,לקקן יוגטה פירות 12,יחידה,0.00,יחידה,false,,9.90,0.0000,true,1,139581
7702174068833,false,לקקן יוגטה גלידה 12,,,לקקן יוגטה גלידה 12,יחידה,0.00,יחידה,false,,9.90,0.0000,true,1,138723
7702174070201,false,יוגטה מג'יק לקקנים,,,יוגטה מג'יק לקקנים,גרמים,216.00,100 גרם,false,,9.90,0.0458,true,1,140759
7702174073783,false,לקקן פין פופ קולה,,,לקקן פין פופ קולה,גרמים,180.00,100 גרם,false,,9.90,0.0550,true,1,188859
7702174073844,false,לקקן פין פופ פירות 4,,,לקקן פין פופ פירות 4,גרמים,672.00,100 גרם,false,,19.90,0.0296,true,1,188860
7792860006218,false,בייבי דול לקקן,,,בייבי דול לקקן,גרמים,24.00,100 גרם,false,,2.20,0.0917,true,1,98570
7798304600011,false,אוכמניות טריות,,,אוכמניות טריות,יחידה,0.00,יחידה,false,,9.90,0.0000,true,1,214274
7804414000860,false,דון חוליו קברנה סובי,,,דון חוליו קברנה סובי,מיליליטרים,750.00,"100 מ""ל",false,,24.90,0.0332,true,1,124960
7804414000877,false,דון חוליו מרלו,,,דון חוליו מרלו,יחידה,750.00,יחידה,false,,24.90,0.0332,true,1,124961
7804414000884,false,יין דון חוליו שרדונה,,,יין דון חוליו שרדונה,מיליליטרים,750.00,"100 מ""ל",false,,24.90,0.0332,true,1,150694
7804414001614,false,יין דון חוליו שירז,,,יין דון חוליו שירז,מיליליטרים,750.00,"100 מ""ל",false,,24.90,0.0332,true,1,150695
7804414012344,false,יין דון חוליו סוביני,,,יין דון חוליו סוביני,מיליליטרים,750.00,"100 מ""ל",false,,24.90,0.0332,true,1,201378
7804414012351,false,דון חוליו מלבק יין א,,,דון חוליו מלבק יין א,מיליליטרים,750.00,"100 מ""ל",false,,24.90,0.0332,true,1,213424
7804414012368,false,דון חוליו יין רוזה ח,,,דון חוליו יין רוזה ח,מיליליטרים,750.00,"100 מ""ל",false,,24.90,0.0332,true,1,212299
7804414017110,false,דון חוליו פינו נואר,,,דון חוליו פינו נואר,מיליליטרים,750.00,"100 מ""ל",false,,24.90,0.0332,true,1,210819
7891024124826,false,קולגייט אופטיק וייט,,,קולגייט אופטיק וייט,מיליליטרים,75.00,"100 מ""ל",false,,16.90,0.2253,true,1,140450
7891024179482,false,קולגייט שטיפת פה אופ,,,קולגייט שטיפת פה אופ,מיליליטרים,500.00,"100 מ""ל",false,,29.90,0.0598,true,1,140487
8000070003774,false,לוואצה קפסולות אינטנ,,,לוואצה קפסולות אינטנ,גרמים,120.00,100 גרם,false,,29.90,0.2492,true,1,264012
8000070003798,false,לוואצה קפסולות דליסי,,,לוואצה קפסולות דליסי,גרמים,120.00,100 גרם,false,,29.90,0.2492,true,1,264013
8000070003811,false,לוואצה קפסולות פסיונ,,,לוואצה קפסולות פסיונ,גרמים,120.00,100 גרם,false,,29.90,0.2492,true,1,264009
8000070003880,false,לוואצה קפסולות קרמה,,,לוואצה קפסולות קרמה,גרמים,120.00,100 גרם,false,,29.90,0.2492,true,1,264010
8000070011878,false,קפה לוואצה נטול קפאי,,,קפה לוואצה נטול קפאי,גרמים,250.00,100 גרם,false,,39.90,0.1596,false,1,194119
8000070012219,false,לוואצה אורו פולי קפה,,,לוואצה אורו פולי קפה,גרמים,250.00,100 גרם,false,,36.90,0.1476,true,1,216689
8000070012783,false,קפה לוואצה אורו 250,,,קפה לוואצה אורו 250,גרמים,250.00,100 גרם,false,,34.90,0.1396,false,1,99375
8000070029996,false,לוואצה אורו שחור 250,,,לוואצה אורו שחור 250,גרמים,250.00,100 גרם,false,,34.90,0.1396,false,1,263523
8000070032835,false,"לוואצה ""מטינו"" קפה ק",,,"לוואצה ""מטינו"" קפה ק",גרמים,250.00,100 גרם,false,,25.90,0.1036,true,1,111301
8000070035980,false,קפה לוואצה רוסה אדום,,,קפה לוואצה רוסה אדום,גרמים,250.00,100 גרם,false,,28.90,0.1156,false,1,133309
8000070038868,false,לוואצה קרמה גוסטו,,,לוואצה קרמה גוסטו,גרמים,250.00,100 גרם,false,,27.90,0.1116,false,1,141850
8000070042025,false,קפה לוואצה 1 קג,,,קפה לוואצה 1 קג,יחידה,1.00,יחידה,false,,119.90,119.9000,true,1,142123
8000070053465,false,קפסולות לוואצה אלומי,,,קפסולות לוואצה אלומי,גרמים,55.00,100 גרם,false,,19.90,0.3618,false,1,264529
8000070053472,false,קפסולות לוואצה אלומי,,,קפסולות לוואצה אלומי,גרמים,55.00,100 גרם,false,,19.90,0.3618,false,1,264527
8000070053526,false,קפסולות לוואצה אלומי,,,קפסולות לוואצה אלומי,גרמים,55.00,100 גרם,false,,19.90,0.3618,false,1,264530
8000070055254,false,קפסולות לוואצה אלומי,,,קפסולות לוואצה אלומי,גרמים,55.00,100 גרם,false,,19.90,0.3618,false,1,264528
8000070059832,false,קפסולות לוואצה אלומי,,,קפסולות לוואצה אלומי,גרמים,55.00,100 גרם,false,,19.90,0.3618,false,1,264531
8000070064553,false,לוואצה קפסולות רוסה,,,לוואצה קפסולות רוסה,גרמים,120.00,100 גרם,false,,29.90,0.2492,true,1,264015
8000070081000,false,לוואצה הרמוניקו,,,לוואצה הרמוניקו,גרמים,50.00,100 גרם,false,,16.90,0.3380,true,1,203632
8000070081017,false,לוואצה דיצ'ו,,,לוואצה דיצ'ו,גרמים,50.00,100 גרם,false,,16.90,0.3380,true,1,203633
8000070081154,false,לוואצה לג'רו,,,לוואצה לג'רו,גרמים,55.00,100 גרם,false,,16.90,0.3073,true,1,203637
8000113003402,false,קמח תירס 1 קג,,,קמח תירס 1 קג,קילוגרמים,1.00,"ק""ג",false,,15.90,15.9000,true,1,111303
8000215202406,false,מעדן אורז אורגני קקא,,,מעדן אורז אורגני קקא,גרמים,400.00,100 גרם,false,,15.90,0.0398,true,1,202782
8000215204219,false,חלב אורז אורגני 1 לי,,,חלב אורז אורגני 1 לי,ליטרים,1.00,ליטר,false,,12.90,12.9000,false,1,140792
8000215204240,false,VITARIZ-חלב אורז שקד,,,VITARIZ-חלב אורז שקד,ליטרים,1.00,ליטר,false,,12.90,12.9000,false,1,137908
8000215204264,false,"חלב אורז אישי 200 מ""",,,"חלב אורז אישי 200 מ""",מיליליטרים,200.00,"100 מ""ל",false,,3.80,0.0190,true,1,194311
8000215204271,false,ויטריז- חלב אורז שקד,,,ויטריז- חלב אורז שקד,מיליליטרים,200.00,"100 מ""ל",false,,3.90,0.0195,true,1,149589
8000215204363,false,משקה קוקוס אורגני 1,,,משקה קוקוס אורגני 1,ליטרים,1.00,ליטר,false,,14.90,14.9000,true,1,215392
8000215204370,false,VITARIZ- תחליף שמנת,,,VITARIZ- תחליף שמנת,מיליליטרים,200.00,"100 מ""ל",false,,5.90,0.0295,true,1,185780
8000215204387,false,שמנת בשמל לבישול אור,,,שמנת בשמל לבישול אור,מיליליטרים,500.00,"100 מ""ל",false,,11.90,0.0238,true,1,200572
8000215204394,false,ויטריז-משקה אורז עם,,,ויטריז-משקה אורז עם,ליטרים,1.00,ליטר,false,,14.90,14.9000,true,1,143712
8000215204554,false,חלב אורז עם קוקוס או,,,חלב אורז עם קוקוס או,ליטרים,1.00,ליטר,false,,12.90,12.9000,false,1,194310
8000215204561,false,משקה שקדים אורגני vi,,,משקה שקדים אורגני vi,מיליליטרים,1000.00,"100 מ""ל",false,,14.90,0.0149,true,1,205667
8000215204653,false,משקה סויה 1 ליטר,,,משקה סויה 1 ליטר,ליטרים,1.00,ליטר,false,,10.90,10.9000,true,1,210383
8000215204677,false,VITARIZ משקה שיבולת,,,VITARIZ משקה שיבולת,ליטרים,1.00,ליטר,false,,12.90,12.9000,false,1,261239
8000215204714,false,משקה שיבולת שועל אור,,,משקה שיבולת שועל אור,ליטרים,1.00,ליטר,false,,12.90,12.9000,false,1,135668
8000215204745,false,משקה שיבולת שועל וני,,,משקה שיבולת שועל וני,ליטרים,1.00,ליטר,false,,12.90,12.9000,false,1,263316
8000320010026,false,עגבניות תמר מקולפות,,,עגבניות תמר מקולפות,גרמים,400.00,100 גרם,false,,6.20,0.0155,true,1,138349
8000320010088,false,צ'יריו רסק עגבניות,,,צ'יריו רסק עגבניות,גרמים,816.00,100 גרם,false,,10.90,0.0134,true,1,135043
8000320010095,false,פסאטה צ'יריו במרקם ע,,,פסאטה צ'יריו במרקם ע,מיליליטרים,700.00,"100 מ""ל",false,,10.90,0.0156,true,1,262532
8000320353659,false,שפורפרת רכז עגבניות,,,שפורפרת רכז עגבניות,גרמים,130.00,100 גרם,false,,7.50,0.0577,true,1,262544
8000320414855,false,צ'יריו-עגבניות חתוכו,,,צ'יריו-עגבניות חתוכו,גרמים,400.00,100 גרם,false,,14.90,0.0373,true,1,149313
8000380003723,false,עוגיות פטיסרי אגוזים,לואקר,,עוגיות פטיסרי אגוזים,גרמים,100.00,100 גרם,false,,11.90,0.1190,true,1,102223
8000380003754,false,עוגיות פטיסרי,,,עוגיות פטיסרי,גרמים,100.00,100 גרם,false,,11.90,0.1190,true,1,197585
8000380003761,false,עוגיות פטיסרי קוקוס,לואקר,,עוגיות פטיסרי קוקוס,גרמים,100.00,100 גרם,false,,11.90,0.1190,true,1,102225
8000380004669,false,וופל קקאו 200 גר',לואקר,,וופל קקאו 200 גר',גרמים,200.00,100 גרם,false,,12.00,0.0600,false,1,121014
8000380004676,false,וופל וניל 200 גר,לואקר,,וופל וניל 200 גר,גרמים,200.00,100 גרם,false,,12.00,0.0600,false,1,102227
8000380004911,false,וופל קוארדטיני,לואקר,,וופל קוארדטיני,גרמים,250.00,100 גרם,false,,13.90,0.0556,true,1,102230
8000380004966,false,וופל קוארדטיני,לואקר,,וופל קוארדטיני,גרמים,250.00,100 גרם,false,,13.90,0.0556,true,1,102231
8000380005598,false,טורטינה שישיה מריר,לואקר,,טורטינה שישיה מריר,גרמים,125.00,100 גרם,false,,16.00,0.1280,true,1,123820
8000380007219,false,לואקר אגוז 175,לואקר,,לואקר אגוז 175,גרמים,175.00,100 גרם,false,,10.90,0.0623,true,1,102232
8000380007257,false,וופל גרדנה 200 ג,לואקר,,וופל גרדנה 200 ג,גרמים,200.00,100 גרם,false,,13.90,0.0695,true,1,102234
8000380007264,false,לואקר קקאו 175,לואקר,,לואקר קקאו 175,גרמים,175.00,100 גרם,false,,10.90,0.0623,true,1,102235
8000380007271,false,וופל לואקר 175,לואקר,,וופל לואקר 175,גרמים,175.00,100 גרם,false,,10.90,0.0623,true,1,102236
8000380106028,false,טורטינה 125 גר,לואקר,,טורטינה 125 גר,גרמים,125.00,100 גרם,false,,16.00,0.1280,true,1,147487
8000380144044,false,וופל גרדנה שוקולד 20,לואקר,,וופל גרדנה שוקולד 20,גרמים,200.00,100 גרם,false,,13.90,0.0695,true,1,113436
8000380148035,false,גרנד פטיסרי מריר אגו,לואקר,,גרנד פטיסרי מריר אגו,גרמים,100.00,100 גרם,false,,11.90,0.1190,false,1,191768
8000380152728,false,חטיפי אצבעות שוקולד,לואקר,,חטיפי אצבעות שוקולד,גרמים,125.00,100 גרם,false,,14.00,0.1120,true,1,137966
8000380153534,false,טורטינה שישיות לבן,,,טורטינה שישיות לבן,גרמים,125.00,100 גרם,false,,16.00,0.1280,true,1,142978
8000380155699,false,טורטינה לבן שלישיות,לואקר,,טורטינה לבן שלישיות,גרמים,63.00,100 גרם,false,,10.90,0.1730,true,1,199974
8000380156009,false,דולימיטים 150 גר',,,דולימיטים 150 גר',גרמים,150.00,100 גרם,false,,25.90,0.1727,true,1,203325
8000380156573,false,דולומיטים 150 גר',,,דולומיטים 150 גר',גרמים,150.00,100 גרם,false,,25.90,0.1727,true,1,149843
8000380157440,false,שוקולד חלב ממולא קרם,לואקר,,שוקולד חלב ממולא קרם,גרמים,85.00,100 גרם,false,,6.90,0.0812,true,1,194298
8000380180745,false,וופל קואדרטיני 250 ג,לואקר,,וופל קואדרטיני 250 ג,גרמים,250.00,100 גרם,false,,13.90,0.0556,true,1,191111
8000380180837,false,גרנד פטיסרי לבן 100,,,גרנד פטיסרי לבן 100,גרמים,100.00,100 גרם,false,,11.90,0.1190,true,1,193764
8000380181032,false,וופל גרדנה לבן 125 ג,לואקר,,וופל גרדנה לבן 125 ג,גרמים,125.00,100 גרם,false,,14.00,0.1120,true,1,193765
8000380185337,false,לואקר מיניס מארז עיפ,לואקר,,לואקר מיניס מארז עיפ,גרמים,100.00,100 גרם,false,,19.90,0.1990,true,1,261690
8000380187119,false,עוגיות אגוזי לוז 100,לואקר,,עוגיות אגוזי לוז 100,גרמים,100.00,100 גרם,false,,12.90,0.1290,true,1,214981
8000380187249,false,עוגיות שקדים 100 גר',לואקר,,עוגיות שקדים 100 גר',גרמים,100.00,100 גרם,false,,12.90,0.1290,true,1,214982
8000380189281,false,מארז לואקר מיני מיקס,לואקר,,מארז לואקר מיני מיקס,גרמים,210.00,100 גרם,false,,21.90,0.1043,true,1,202374
8000380192151,false,טורטינה טריפל שישייה,לואקר,,טורטינה טריפל שישייה,גרמים,125.00,100 גרם,false,,16.00,0.1280,true,1,210073
8000380192199,false,וופל לואקר 175 גר' ד,לואקר,,וופל לואקר 175 גר' ד,גרמים,175.00,100 גרם,false,,10.90,0.0623,true,1,206864
8000380192588,false,לואקר קואדרטיני דאבל,לואקר,,לואקר קואדרטיני דאבל,גרמים,250.00,100 גרם,false,,13.90,0.0556,true,1,206865
8000380201396,false,טורטינה קרמל שישייה,לואקר,,טורטינה קרמל שישייה,גרמים,126.00,100 גרם,false,,16.00,0.1270,true,1,217773
8000380201525,false,חטיפי גרנד פטיסרי שי,לואקר,,חטיפי גרנד פטיסרי שי,גרמים,126.00,100 גרם,false,,18.90,0.1500,true,1,261211
8000380201549,false,חטיפי גרנד פטיסרי שי,לואקר,,חטיפי גרנד פטיסרי שי,גרמים,126.00,100 גרם,false,,18.90,0.1500,true,1,261212
8000380205400,false,לואקר קואדרטיני חמאת,לואקר,,לואקר קואדרטיני חמאת,גרמים,250.00,100 גרם,false,,13.90,0.0556,true,1,263063
8000380205523,false,לואקר וופל קלאסיק חמ,לואקר,,לואקר וופל קלאסיק חמ,גרמים,175.00,100 גרם,false,,10.90,0.0623,true,1,263064
8000380207183,false,טורטינה חמאת בוטנים,לואקר,,טורטינה חמאת בוטנים,גרמים,126.00,100 גרם,false,,16.00,0.1270,true,1,263219
8000500009673,false,בונבוניירה רושר 300ג,רושר,,בונבוניירה רושר 300ג,גרמים,300.00,100 גרם,false,,45.90,0.1530,true,1,102239
8000500023624,false,חטיף קינדר הפי היפו,פררו,,חטיף קינדר הפי היפו,גרמים,100.00,100 גרם,false,,12.90,0.1290,true,1,114172
8000500023976,false,בונבונירה רפאלו 150,פררו,,בונבונירה רפאלו 150,גרמים,150.00,100 גרם,false,,16.90,0.1127,true,1,102240
8000500026731,false,ביצי קינדר שלישייה,,,ביצי קינדר שלישייה,גרמים,60.00,100 גרם,false,,16.50,0.2750,false,1,186971
8000500028124,false,שלישיה קינדר ג'וי 3x,פררו,,שלישיה קינדר ג'וי 3x,גרמים,60.00,100 גרם,false,,16.50,0.2750,false,1,233146
8000500029350,false,שלישיה שוקולד קינדר,פררו,,שלישיה שוקולד קינדר,גרמים,129.00,100 גרם,false,,10.90,0.0845,true,1,102242
8000500032237,false,בונבונירה רושר 375 ג,רושר,,בונבונירה רושר 375 ג,גרמים,375.00,100 גרם,false,,45.90,0.1224,true,1,102243
8000500037874,false,בונבונירה רושר 200 ג,רושר,,בונבונירה רושר 200 ג,גרמים,200.00,100 גרם,false,,25.90,0.1295,false,1,102246
8000500071083,false,שוקולד קינדר 200 גר',פררו,,שוקולד קינדר 200 גר',גרמים,200.00,100 גרם,false,,12.90,0.0645,false,1,102247
8000500075708,false,קינדר ג'וי כחול שליש,,,קינדר ג'וי כחול שליש,יחידה,0.00,יחידה,false,,16.50,0.0000,true,1,147850
8000500094976,false,פררו רושה קונוס 212,רושר,,פררו רושה קונוס 212,גרמים,212.00,100 גרם,false,,38.90,0.1835,true,1,139821
8000500121436,false,שלישיה קינדר בואנו ל,פררו,,שלישיה קינדר בואנו ל,גרמים,129.00,100 גרם,false,,10.90,0.0845,true,1,128913
8000500127728,false,קינדר מילק סלייס עוג,,,קינדר מילק סלייס עוג,גרמים,112.00,100 גרם,false,,11.90,0.1063,true,1,217847
8000500167656,false,קינדר סיריאל מארז רב,,,קינדר סיריאל מארז רב,גרמים,94.00,100 גרם,false,,8.50,0.0904,true,1,209347
8000500172810,false,סוכריות טיק טק תות ר,,,סוכריות טיק טק תות ר,גרמים,49.00,100 גרם,false,,9.90,0.2020,true,1,147212
8000500227848,false,וופל מלוח נוטלה מארז,,,וופל מלוח נוטלה מארז,גרמים,132.00,100 גרם,false,,11.90,0.0902,true,1,204862
8000500247167,false,פררו קולקשיין,פררו,,פררו קולקשיין,גרמים,269.00,100 גרם,false,,39.90,0.1483,true,1,198308
8000500249352,false,בואנו מיני מיקס,,,בואנו מיני מיקס,גרמים,205.00,100 גרם,false,,18.90,0.0922,true,1,201561
8000500256213,false,קינדר שוקולד מיני,,,קינדר שוקולד מיני,גרמים,120.00,100 גרם,false,,10.90,0.0908,true,1,261557
8000500267103,false,קינדר דליס עשירייה,,,קינדר דליס עשירייה,גרמים,390.00,100 גרם,false,,19.90,0.0510,true,1,203715
8000500269169,false,קינדר קארדס חמישייה,,,קינדר קארדס חמישייה,גרמים,128.00,100 גרם,false,,12.90,0.1008,true,1,263716
8000500328750,false,בונבוניירה פררו רונד,פררו,,בונבוניירה פררו רונד,גרמים,141.00,100 גרם,false,,24.90,0.1766,true,1,217617
8000798039949,false,יעה מתקפל,,,יעה מתקפל,יחידה,0.00,יחידה,false,,11.90,0.0000,true,1,151266
8001003100164,false,סוכריות ג'לי 450 גר',יוגטה,,סוכריות ג'לי 450 גר',גרמים,450.00,100 גרם,false,,11.90,0.0264,true,1,202516
8001003202035,false,יוגטה ג'לי בטעם פירו,יוגטה,,יוגטה ג'לי בטעם פירו,גרמים,80.00,100 גרם,false,,4.50,0.0563,true,1,262602
8001090016003,false,טבליות פיירי 84 יח ל,,,טבליות פיירי 84 יח ל,גרמים,1182.00,100 גרם,false,,49.90,0.0422,false,1,195885
8001090111685,false,אולוויז דיסקרט תחתונ,,,אולוויז דיסקרט תחתונ,יחידה,0.00,יחידה,false,,34.90,0.0000,false,1,204060
8001090184375,false,פרי לכלים אורגינל 90,,,פרי לכלים אורגינל 90,מיליליטרים,900.00,"100 מ""ל",false,,12.90,0.0143,true,1,262747
8001090184412,false,פרי לכלים לימון 900,,,פרי לכלים לימון 900,מיליליטרים,900.00,"100 מ""ל",false,,12.90,0.0143,true,1,262748
8001090222428,false,הרבל אסנסס שמפו חלב,,,הרבל אסנסס שמפו חלב,מיליליטרים,400.00,"100 מ""ל",false,,17.90,0.0447,true,1,208122
8001090222541,false,הרבל אסנסס שמפו תות,,,הרבל אסנסס שמפו תות,מיליליטרים,400.00,"100 מ""ל",false,,17.90,0.0447,true,1,208124
8001090222572,false,הרבל אסנסס מרכך תות,,,הרבל אסנסס מרכך תות,מיליליטרים,400.00,"100 מ""ל",false,,17.90,0.0447,true,1,208125
8001090222725,false,הרבל אסנסס שמפו שמן,,,הרבל אסנסס שמפו שמן,מיליליטרים,400.00,"100 מ""ל",false,,17.90,0.0447,true,1,208126
8001090222756,false,הרבל אסנסס מרכך שמן,,,הרבל אסנסס מרכך שמן,יחידה,0.00,יחידה,false,,17.90,0.0000,true,1,208127
8001090222848,false,הרבל אסנסס שמפו שיקו,,,הרבל אסנסס שמפו שיקו,מיליליטרים,400.00,"100 מ""ל",false,,17.90,0.0447,true,1,208128
8001090222879,false,הרבל אסנסס מרכך שיקו,,,הרבל אסנסס מרכך שיקו,מיליליטרים,400.00,"100 מ""ל",false,,17.90,0.0447,true,1,208129
8001090290939,false,אורל בי משחת שיניים3,,,אורל בי משחת שיניים3,100 מל,75.00,100 מל,false,,19.90,0.2653,true,1,219401
8001090336354,false,פמפרס בייבי דריי מיד,,,פמפרס בייבי דריי מיד,יחידה,0.00,יחידה,false,,31.90,0.0000,false,1,209986
8001090336446,false,פמפרס בייבי דריי מיד,,,פמפרס בייבי דריי מיד,יחידה,0.00,יחידה,false,,31.90,0.0000,false,1,209988
8001090336491,false,פמפרס בייבי דריי מיד,,,פמפרס בייבי דריי מיד,יחידה,0.00,יחידה,false,,31.90,0.0000,false,1,209989
8001090336521,false,פמפרס בייבי דריי מיד,,,פמפרס בייבי דריי מיד,יחידה,0.00,יחידה,false,,31.90,0.0000,false,1,209990
8001090336606,false,פמפרס בייבי דריי מיד,,,פמפרס בייבי דריי מיד,יחידה,0.00,יחידה,false,,31.90,0.0000,false,1,209991
8001090364104,false,משחת שיניים אורל בי,,,משחת שיניים אורל בי,100 מל,75.00,100 מל,false,,15.90,0.2120,true,1,219396
8001090364203,false,משחת שיניים אורל בי,,,משחת שיניים אורל בי,100 מל,75.00,100 מל,false,,15.90,0.2120,true,1,219398
8001090375230,false,פנטן מרכך הקסם 200 מ,,,פנטן מרכך הקסם 200 מ,מיליליטרים,200.00,"100 מ""ל",false,,18.90,0.0945,true,1,200658
8001090375285,false,פנטן מרכך הקסם 200 מ,,,פנטן מרכך הקסם 200 מ,מיליליטרים,200.00,"100 מ""ל",false,,18.90,0.0945,true,1,200659
8001090379337,false,חיתולי פמפרס פרימיום,,,חיתולי פמפרס פרימיום,יחידה,0.00,יחידה,false,,31.90,0.0000,false,1,261237
8001090379368,false,חיתולי פמפרס פרימיום,,,חיתולי פמפרס פרימיום,יחידה,0.00,יחידה,false,,31.90,0.0000,false,1,261232
8001090379399,false,חיתולי פמפרס פרימיום,,,חיתולי פמפרס פרימיום,יחידה,0.00,יחידה,false,,31.90,0.0000,false,1,261233
8001090458322,false,פיירי 1.015 ליטר ורד,,,פיירי 1.015 ליטר ורד,ליטרים,1.01,ליטר,false,,13.90,13.7624,false,1,198755
8001090458353,false,פיירי אנטי בקטריאלי,,,פיירי אנטי בקטריאלי,מיליליטרים,515.00,"100 מ""ל",false,,9.90,0.0192,false,1,197857
8001090493637,false,הד אנד שולדרס שמפו ט,,,הד אנד שולדרס שמפו ט,מיליליטרים,450.00,"100 מ""ל",false,,16.90,0.0376,true,1,198903
8001090540577,false,אורל בי מי פה להלבנה,,,אורל בי מי פה להלבנה,מיליליטרים,500.00,"100 מ""ל",false,,23.90,0.0478,true,1,262223
8001090580122,false,שמפו שולדרס משקם 400,,,שמפו שולדרס משקם 400,מיליליטרים,400.00,"100 מ""ל",false,,16.90,0.0422,true,1,205658
8001090678614,false,שמפו שולדרס לחות 400,,,שמפו שולדרס לחות 400,מיליליטרים,400.00,"100 מ""ל",false,,16.90,0.0422,true,1,205659
8001090721099,false,אריאל קפסולות לכביסה,,,אריאל קפסולות לכביסה,יחידה,0.00,יחידה,false,,29.90,0.0000,true,1,203724
8001090737809,false,מגן תחתון אולוויז סי,,,מגן תחתון אולוויז סי,יחידה,0.00,יחידה,false,,16.90,0.0000,false,1,203350
8001090745903,false,טייד אלפיין פרש 4 קג,,,טייד אלפיין פרש 4 קג,קילוגרמים,4.00,"ק""ג",false,,29.90,7.4750,false,1,210633
8001090748607,false,לנור מרכך מרוכז 1 לי,,,לנור מרכך מרוכז 1 לי,ליטרים,1.00,ליטר,false,,27.90,27.9000,true,1,208232
8001090748638,false,לנור מרכך כביסה מרוכ,,,לנור מרכך כביסה מרוכ,ליטרים,1.00,ליטר,false,,27.90,27.9000,true,1,208233
8001090802385,false,טייד קפסולות ג'ל 26,,,טייד קפסולות ג'ל 26,גרמים,100.00,100 גרם,false,,26.90,0.2690,false,1,213656
8001090832450,false,פנטן שמפו נוסחה קלאס,,,פנטן שמפו נוסחה קלאס,מיליליטרים,660.00,"100 מ""ל",false,,17.90,0.0271,false,1,215463
8001090832535,false,פנטן שמפו שמן מרוקאי,,,פנטן שמפו שמן מרוקאי,מיליליטרים,660.00,"100 מ""ל",false,,17.90,0.0271,false,1,215465
8001090832573,false,פנטן שמפו לחות מוגבר,,,פנטן שמפו לחות מוגבר,מיליליטרים,660.00,"100 מ""ל",false,,17.90,0.0271,false,1,215466
8001090832610,false,פנטן שמפו למגע רך כמ,,,פנטן שמפו למגע רך כמ,מיליליטרים,660.00,"100 מ""ל",false,,17.90,0.0271,false,1,215467
8001090832696,false,פנטן שמפו לתלתלים מו,,,פנטן שמפו לתלתלים מו,מיליליטרים,660.00,"100 מ""ל",false,,17.90,0.0271,false,1,215469
8001090832771,false,פנטן שמפו הזנת קרטין,,,פנטן שמפו הזנת קרטין,מיליליטרים,660.00,"100 מ""ל",false,,17.90,0.0271,false,1,215471
8001090832818,false,פנטן קונדישנר נוסחה,,,פנטן קונדישנר נוסחה,מיליליטרים,660.00,"100 מ""ל",false,,17.90,0.0271,false,1,215473
8001090832856,false,פנטן קונדישנר מרוקאי,,,פנטן קונדישנר מרוקאי,מיליליטרים,660.00,"100 מ""ל",false,,17.90,0.0271,false,1,215474
8001090832894,false,פנטן קונדישנר לחות מ,,,פנטן קונדישנר לחות מ,מיליליטרים,660.00,"100 מ""ל",false,,17.90,0.0271,false,1,215475
8001090832931,false,פנטן קונדישנר למגע ר,,,פנטן קונדישנר למגע ר,מיליליטרים,660.00,"100 מ""ל",false,,17.90,0.0271,false,1,215476
8001090832979,false,פנטן מרכך לתלתלים מו,,,פנטן מרכך לתלתלים מו,מיליליטרים,660.00,"100 מ""ל",false,,17.90,0.0271,false,1,215477
8001090833051,false,פנטן מרכך הזנת קרטין,,,פנטן מרכך הזנת קרטין,מיליליטרים,660.00,"100 מ""ל",false,,17.90,0.0271,false,1,215479
8001090833136,false,אריאל ג'ל בייבי 2.25,,,אריאל ג'ל בייבי 2.25,ליטרים,2.26,ליטר,false,,27.90,12.3451,false,1,205028
8001090833198,false,אריאל ג'ל כביסה 2.36,,,אריאל ג'ל כביסה 2.36,ליטרים,2.37,ליטר,false,,27.90,11.7722,false,1,205030
8001090833259,false,אריאל ג'ל כביסה 3.74,,,אריאל ג'ל כביסה 3.74,ליטרים,3.74,ליטר,false,,42.90,11.4706,false,1,205027
8001090861276,false,פנטן קונדישנר סופר פ,,,פנטן קונדישנר סופר פ,מיליליטרים,660.00,"100 מ""ל",false,,17.90,0.0271,false,1,215480
8001090861795,false,פנטן שמפו סופר פוד,,,פנטן שמפו סופר פוד,מיליליטרים,660.00,"100 מ""ל",false,,17.90,0.0271,false,1,215472
8001090886385,false,לנור כדוריות הבושם ר,,,לנור כדוריות הבושם ר,גרמים,140.00,100 גרם,false,,18.90,0.1350,true,1,214629
8001090891273,false,לנור כדוריות הבושם ס,,,לנור כדוריות הבושם ס,גרמים,210.00,100 גרם,false,,27.90,0.1329,true,1,214630
8001090899194,false,תחבושות אולוויז פלטי,,,תחבושות אולוויז פלטי,יחידה,0.00,יחידה,false,,16.90,0.0000,true,1,209765
8001090899224,false,תחבושות אולוויז פלטי,,,תחבושות אולוויז פלטי,יחידה,0.00,יחידה,false,,16.90,0.0000,true,1,209766
8001090899255,false,תחבושות אולוויז פלטי,,,תחבושות אולוויז פלטי,יחידה,0.00,יחידה,false,,16.90,0.0000,true,1,209767
8001090899286,false,תחבושות אולוויז פלטי,,,תחבושות אולוויז פלטי,יחידה,0.00,יחידה,false,,16.90,0.0000,true,1,209768
8001090943095,false,פיירי אנטיבקטריאלי 1,,,פיירי אנטיבקטריאלי 1,ליטרים,1.01,ליטר,false,,13.90,13.7624,false,1,213660
8001160000888,false,גטורייד-ספורט תפוז,,,גטורייד-ספורט תפוז,מיליליטרים,500.00,"100 מ""ל",false,,9.50,0.0190,true,1,140799
8001160001786,false,גטורייד ספורט כחול,,,גטורייד ספורט כחול,מיליליטרים,590.00,"100 מ""ל",false,,9.50,0.0161,true,1,140058
8001160001892,false,גטורייד-ספורט תפוז א,,,גטורייד-ספורט תפוז א,מיליליטרים,500.00,"100 מ""ל",false,,9.50,0.0190,true,1,140798
8001250009999,false,דה צ'קו ניוקי תפוחי,,,דה צ'קו ניוקי תפוחי,גרמים,500.00,100 גרם,false,,8.90,0.0178,true,1,135551
8001250110015,false,פסטה לזניה מס 1',,,פסטה לזניה מס 1',גרמים,500.00,100 גרם,false,,16.90,0.0338,true,1,123838
8001250120519,false,פסטה קונצ'ילייטה 500,,,פסטה קונצ'ילייטה 500,גרמים,500.00,100 גרם,false,,9.90,0.0198,true,1,196949
8001250120915,false,דה-צ'יקו אורקייטה 91,,,דה-צ'יקו אורקייטה 91,יחידה,0.00,יחידה,false,,9.90,0.0000,true,1,186290
8001250120939,false,פסטה דה צ'יקו,,,פסטה דה צ'יקו,גרמים,500.00,100 גרם,false,,9.90,0.0198,true,1,136669
8001250861764,false,קמח חיטת דורום 1,,,קמח חיטת דורום 1,יחידה,0.00,יחידה,false,,15.90,0.0000,true,1,140138
8001432006013,false,למברוסקו גביולי אדום,,,למברוסקו גביולי אדום,מיליליטרים,750.00,"100 מ""ל",false,,24.60,0.0328,true,1,192337
8001440118944,false,שלישיית עגבניות פולפ,,,שלישיית עגבניות פולפ,גרמים,400.00,100 גרם,false,,14.90,0.0373,true,1,262533
8001440124150,false,רוטב עגבניות צ'ילי ל,,,רוטב עגבניות צ'ילי ל,מיליליטרים,446.00,"100 מ""ל",false,,11.90,0.0267,true,1,262537
8001440124167,false,רוטב פומודורו לפסטה,,,רוטב פומודורו לפסטה,מיליליטרים,446.00,"100 מ""ל",false,,11.90,0.0267,true,1,262535
8001440134487,false,עגבניות שרי מקולפות,,,עגבניות שרי מקולפות,גרמים,400.00,100 גרם,false,,8.90,0.0223,true,1,262540
8001505000306,false,מעדן אורגני פירות יע,,,מעדן אורגני פירות יע,גרמים,250.00,100 גרם,false,,17.90,0.0716,true,1,151814
8001505000320,false,מעדן תותים ותותי בר,,,מעדן תותים ותותי בר,גרמים,250.00,100 גרם,false,,17.90,0.0716,true,1,205884
8001620011935,false,סאן בנדטו מוגז שישיי,,,סאן בנדטו מוגז שישיי,ליטרים,3.00,ליטר,false,,12.90,4.3000,false,1,133942
8001620017456,false,סאן בנדטו פקק ספורט,סן בנדטו,,סאן בנדטו פקק ספורט,ליטרים,3.00,ליטר,false,,13.90,4.6333,true,1,201327
8001620018248,false,סאן בנדטו פקק ספורט,,,סאן בנדטו פקק ספורט,מיליליטרים,750.00,"100 מ""ל",false,,3.90,0.0052,true,1,207070
8001841006710,false,לנור כדוריות הבושם ר,,,לנור כדוריות הבושם ר,גרמים,210.00,100 גרם,false,,27.90,0.1329,true,1,214631
8001841006833,false,לנור כדוריות הבושם א,,,לנור כדוריות הבושם א,גרמים,210.00,100 גרם,false,,27.90,0.1329,true,1,214632
8001841019291,false,אריאל קפסולות לנור 1,,,אריאל קפסולות לנור 1,גרמים,403.20,100 גרם,false,,17.90,0.0444,false,1,259952
8001841053646,false,תחבושות אולוויז עבה,,,תחבושות אולוויז עבה,יחידה,0.00,יחידה,false,,11.90,0.0000,true,1,219197
8001841053684,false,תחבושות אולוויז עבה,,,תחבושות אולוויז עבה,יחידה,0.00,יחידה,false,,11.90,0.0000,true,1,219198
8001841053806,false,תחבושות אולוויז עבה,,,תחבושות אולוויז עבה,יחידה,0.00,יחידה,false,,11.90,0.0000,true,1,219193
8001841062624,false,מגבוני פמפרס ללא ביש,,,מגבוני פמפרס ללא ביש,יחידה,0.00,יחידה,false,,15.90,0.0000,true,1,215481
8001841077949,false,פמפרס מגבונים פרש,,,פמפרס מגבונים פרש,יחידה,0.00,יחידה,false,,15.90,0.0000,false,1,208576
8001841104799,false,חיתולי פמפרס פרימיום,,,חיתולי פמפרס פרימיום,יחידה,0.00,יחידה,false,,31.90,0.0000,false,1,261235
8001841105093,false,חיתולי פמפרס פרימיום,,,חיתולי פמפרס פרימיום,יחידה,0.00,יחידה,false,,31.90,0.0000,false,1,261236
8001841137179,false,הד אנד שולדרס קונדיש,,,הד אנד שולדרס קונדיש,מיליליטרים,275.00,"100 מ""ל",false,,14.90,0.0542,true,1,209554
8001841137216,false,הד אנד שולדרס קונדיש,,,הד אנד שולדרס קונדיש,מיליליטרים,275.00,"100 מ""ל",false,,14.90,0.0542,true,1,209555
8001841272757,false,אורל בי משחת שיניים,,,אורל בי משחת שיניים,מיליליטרים,75.00,"100 מ""ל",false,,19.90,0.2653,true,1,260742
8001841427126,false,מגן תחתון אולוויז מג,,,מגן תחתון אולוויז מג,יחידה,0.00,יחידה,false,,16.90,0.0000,true,1,213709
8001841500799,false,הרבל אסנס שמפו ללא ס,,,הרבל אסנס שמפו ללא ס,מיליליטרים,380.00,"100 מ""ל",false,,17.90,0.0471,true,1,215950
8001841500942,false,הרבל אסנס שמפו ללא ס,,,הרבל אסנס שמפו ללא ס,מיליליטרים,380.00,"100 מ""ל",false,,17.90,0.0471,true,1,215951
8001841502298,false,הרבל אסנס מרכך ללא ס,,,הרבל אסנס מרכך ללא ס,מיליליטרים,275.00,"100 מ""ל",false,,17.90,0.0651,true,1,215952
8001841566771,false,לנור כדוריות הבושם ב,,,לנור כדוריות הבושם ב,גרמים,210.00,100 גרם,false,,27.90,0.1329,true,1,214633
8001841625188,false,פיירי פלטיניום לימון,,,פיירי פלטיניום לימון,מיליליטרים,515.00,"100 מ""ל",false,,9.90,0.0192,false,1,212880
8001841625287,false,פיירי לימון 1.015 לי,,,פיירי לימון 1.015 לי,ליטרים,1.01,ליטר,false,,13.90,13.7624,true,1,212332
8001841625362,false,פרי לכלים לימון פלטי,,,פרי לכלים לימון פלטי,מיליליטרים,780.00,"100 מ""ל",false,,12.90,0.0165,true,1,262749
8001841625461,false,פיירי פלטיניום 515 מ,,,פיירי פלטיניום 515 מ,מיליליטרים,515.00,"100 מ""ל",false,,9.90,0.0192,false,1,212881
8001841625508,false,פיירי פלטיניום אורגי,,,פיירי פלטיניום אורגי,מיליליטרים,1015.00,"100 מ""ל",false,,13.90,0.0137,true,1,212485
8001841660530,false,פנטן מיראקלס קרם לחו,,,פנטן מיראקלס קרם לחו,מיליליטרים,270.00,"100 מ""ל",false,,17.90,0.0663,true,1,218647
8001841669465,false,אריאל קפסולות 24 יח,,,אריאל קפסולות 24 יח,יחידה,0.00,יחידה,false,,29.90,0.0000,false,1,217270
8001841669519,false,אריאל קפסולות כביסה,,,אריאל קפסולות כביסה,גרמים,1386.00,100 גרם,false,,54.90,0.0396,false,1,213767
8001841680989,false,מגן תחתון אולוויז מג,,,מגן תחתון אולוויז מג,יחידה,0.00,יחידה,false,,16.90,0.0000,true,1,213623
8001841716312,false,הד אנד שולדרס ג'ל רח,,,הד אנד שולדרס ג'ל רח,מיליליטרים,360.00,"100 מ""ל",false,,18.90,0.0525,true,1,218918
8001841716435,false,הד אנד שולדרס ג'ל רח,,,הד אנד שולדרס ג'ל רח,מיליליטרים,360.00,"100 מ""ל",false,,18.90,0.0525,true,1,218919
8001841716596,false,הד אנד שולדרס ג'ל רח,,,הד אנד שולדרס ג'ל רח,מיליליטרים,360.00,"100 מ""ל",false,,18.90,0.0525,true,1,218920
8001841893990,false,פיירי טבליות למדיח פ,,,פיירי טבליות למדיח פ,יח',30.00,יח',false,,38.90,1.2967,true,1,215919
8001841941929,false,תחבושות אולוויז וליו,,,תחבושות אולוויז וליו,יחידה,0.00,יחידה,false,,16.90,0.0000,false,1,218651
8001841943961,false,לנור כדוריות הבושם א,,,לנור כדוריות הבושם א,גרמים,210.00,100 גרם,false,,27.90,0.1329,true,1,214634
8001841958460,false,פיירי טבליות למדיח 4,,,פיירי טבליות למדיח 4,יח',48.00,יח',false,,38.90,0.8104,true,1,215966
8001841960081,false,פיירי טבליות למדיח פ,,,פיירי טבליות למדיח פ,יח',37.00,יח',false,,38.90,1.0514,true,1,215967
8001876012588,false,COLAVITA MEDITERRAN,,,COLAVITA MEDITERRAN,מיליליטרים,750.00,"100 מ""ל",false,,43.90,0.0585,true,1,191608
8001876012595,false,COLAVITA GREEK-שמן,,,COLAVITA GREEK-שמן,מיליליטרים,750.00,"100 מ""ל",false,,43.90,0.0585,true,1,191609
8001876020088,false,COLAVITA שמן זית 750,,,COLAVITA שמן זית 750,יחידה,750.00,יחידה,false,,43.90,0.0585,true,1,128362
8001906998561,false,פרימו וי פרוסקו,,,פרימו וי פרוסקו,מיליליטרים,750.00,"100 מ""ל",false,,52.90,0.0705,true,1,260510
8001931120944,false,פסטה סמולינה דק 500,,,פסטה סמולינה דק 500,גרמים,500.00,100 גרם,false,,7.50,0.0150,true,1,262769
8001931120982,false,פסטה סמולינה עבה 500,,,פסטה סמולינה עבה 500,גרמים,500.00,100 גרם,false,,7.50,0.0150,true,1,262770
8001931121002,false,פסטה קן לציפור עבה 5,,,פסטה קן לציפור עבה 5,גרמים,500.00,100 גרם,false,,7.50,0.0150,true,1,261539
8002267014662,false,ביצת הפתעה ברבי שליש,,,ביצת הפתעה ברבי שליש,גרמים,60.00,100 גרם,false,,12.90,0.2150,true,1,202683
8002267015263,false,ביצי הפתעה שלישייה מ,צ'וקטה,,ביצי הפתעה שלישייה מ,גרמים,60.00,100 גרם,false,,12.90,0.2150,true,1,214455
8002267016475,false,צ'וקטה ביצי הפתעה בו,צ'וקטה,,צ'וקטה ביצי הפתעה בו,יחידה,0.00,יחידה,false,,12.90,0.0000,true,1,206589
8002270015656,false,מים סאן פלגרינו,,,מים סאן פלגרינו,מיליליטרים,750.00,"100 מ""ל",false,,8.90,0.0119,true,1,113485
8002270236792,false,סן פלגרינו אסנזה לימ,,,סן פלגרינו אסנזה לימ,מיליליטרים,3000.00,"100 מ""ל",false,,29.90,0.0100,true,1,262458
8002270256790,false,סן פלגרינו אסנזה תפו,,,סן פלגרינו אסנזה תפו,מיליליטרים,3000.00,"100 מ""ל",false,,29.90,0.0100,true,1,262459
8002270436581,false,סן פלגרינו פלסטיק מו,,,סן פלגרינו פלסטיק מו,ליטרים,3.00,ליטר,false,,26.90,8.9667,true,1,208336
8002270866524,false,סאן פלגרינו 1 ליטר,,,סאן פלגרינו 1 ליטר,ליטרים,1.00,ליטר,false,,8.90,8.9000,true,1,141605
8002450201008,false,ורדי רסברי,,,ורדי רסברי,מיליליטרים,750.00,"100 מ""ל",false,,22.90,0.0305,true,1,121763
8002450203002,false,ורדי אבטיח,,,ורדי אבטיח,מיליליטרים,750.00,"100 מ""ל",false,,22.90,0.0305,true,1,206279
8002450204009,false,ספרקלטיני ורדי אפרס,,,ספרקלטיני ורדי אפרס,מיליליטרים,750.00,"100 מ""ל",false,,22.90,0.0305,true,1,121764
8002450205006,false,ורדי תות שדה,,,ורדי תות שדה,מיליליטרים,750.00,"100 מ""ל",false,,22.90,0.0305,true,1,196573
8002450206003,false,ספרקלטיני ורדי רימונ,,,ספרקלטיני ורדי רימונ,מיליליטרים,750.00,"100 מ""ל",false,,22.90,0.0305,true,1,122613
8002450208007,false,ורדי גרין אפל כשר,,,ורדי גרין אפל כשר,מיליליטרים,750.00,"100 מ""ל",false,,22.90,0.0305,true,1,140950
8002450208304,false,ורדי גוורצטרמינר,,,ורדי גוורצטרמינר,מיליליטרים,750.00,"100 מ""ל",false,,22.90,0.0305,true,1,208242
8002503213682,false,חטיף גבינה גרנה פדנו,,,חטיף גבינה גרנה פדנו,גרמים,80.00,100 גרם,false,,21.90,0.2737,true,1,262175
8002530164629,false,קפה מאורו צ'נטופרצנט,,,קפה מאורו צ'נטופרצנט,קילוגרמים,1.00,"ק""ג",false,,130.00,130.0000,false,1,262572
8002530164926,false,קפה מאורו פרימיום שק,,,קפה מאורו פרימיום שק,קילוגרמים,1.00,"ק""ג",false,,105.90,105.9000,true,1,262186
8002910043476,false,ויט רצועות שעווה לבי,ויט,,ויט רצועות שעווה לבי,יחידה,0.00,יחידה,false,,19.90,0.0000,true,1,201839
8003007810001,false,פסטה פנטה צבעוני,,,פסטה פנטה צבעוני,גרמים,500.00,100 גרם,false,,12.90,0.0258,true,1,191891
8003007816683,false,TARALL'ORO פתיתים אר,,,TARALL'ORO פתיתים אר,גרמים,500.00,100 גרם,false,,12.90,0.0258,true,1,193839
8003250006398,false,שמן זרעי ענבים 1 ליט,תבואות,,שמן זרעי ענבים 1 ליט,ליטרים,1.00,ליטר,false,,24.90,24.9000,true,1,219441
8003340091280,false,בונבונירת לינדור 60%,לינדור,,בונבונירת לינדור 60%,גרמים,200.00,100 גרם,false,,29.90,0.1495,false,1,124877
8003653001907,false,מגב ניקוי עם ספוג לה,,,מגב ניקוי עם ספוג לה,יחידה,0.00,יחידה,false,,13.90,0.0000,true,1,214044
8003653002409,false,סט לניקוי אסלות מעוצ,,,סט לניקוי אסלות מעוצ,יחידה,0.00,יחידה,false,,17.90,0.0000,true,1,214045
8003653003000,false,מברשת ניקוי כלים,,,מברשת ניקוי כלים,יחידה,0.00,יחידה,false,,7.90,0.0000,true,1,214048
8003653005301,false,מברשת עם ידית אחיזה,,,מברשת עם ידית אחיזה,יחידה,0.00,יחידה,false,,11.90,0.0000,true,1,189951
8003653005400,false,יעה נצמד,,,יעה נצמד,יחידה,0.00,יחידה,false,,6.90,0.0000,true,1,214046
8003653006407,false,מברשת לניקוי בקבוקים,,,מברשת לניקוי בקבוקים,יחידה,0.00,יחידה,false,,8.90,0.0000,true,1,214049
8003653008258,false,"מגב ריצפה 44 ס""מ+מקל",,,"מגב ריצפה 44 ס""מ+מקל",יחידה,0.00,יחידה,false,,19.90,0.0000,true,1,214052
8003653008708,false,"מגב לריצפה 55 ס""מ+מק",,,"מגב לריצפה 55 ס""מ+מק",יחידה,0.00,יחידה,false,,29.90,0.0000,true,1,214054
8003653011807,false,אטבים מפלסטיק 20 יח,,,אטבים מפלסטיק 20 יח,יחידה,0.00,יחידה,false,,12.90,0.0000,true,1,189952
8003653033588,false,מטאטא פנימי/חיצוני,,,מטאטא פנימי/חיצוני,יחידה,0.00,יחידה,false,,27.90,0.0000,true,1,189932
8003653033687,false,מטאטא קשה לקירצוף,,,מטאטא קשה לקירצוף,יחידה,0.00,יחידה,false,,29.90,0.0000,true,1,189933
8003753158556,false,אילי קפסולות אספרסו,,,אילי קפסולות אספרסו,גרמים,57.00,100 גרם,false,,22.90,0.4018,true,1,218718
8003753158587,false,אילי קפסולות אספרסו,,,אילי קפסולות אספרסו,גרמים,57.00,100 גרם,false,,22.90,0.4018,true,1,218720
8003753158617,false,אילי קפסולות אספרסו,,,אילי קפסולות אספרסו,גרמים,57.00,100 גרם,false,,22.90,0.4018,true,1,218721
8003753158648,false,אילי קפסולות אספרסו,,,אילי קפסולות אספרסו,גרמים,57.00,100 גרם,false,,22.90,0.4018,true,1,218719
8003753900438,false,קפה אספרסו אילי 250,ILLY,,קפה אספרסו אילי 250,גרמים,250.00,100 גרם,false,,39.90,0.1596,false,1,94684
8003753900469,false,קפה אילי טחון בקלייה,ILLY,,קפה אילי טחון בקלייה,גרמים,250.00,100 גרם,false,,39.90,0.1596,false,1,115805
8004030022010,false,ריו מארה אינסלטיסימי,,,ריו מארה אינסלטיסימי,גרמים,160.00,100 גרם,false,,15.90,0.0994,false,1,182278
8004030026018,false,ריו מארה אינסלטיסימי,,,ריו מארה אינסלטיסימי,גרמים,160.00,100 גרם,false,,15.90,0.0994,false,1,182279
8004030102033,false,ריו מרה טונה בשמן זי,,,ריו מרה טונה בשמן זי,גרמים,240.00,100 גרם,false,,26.90,0.1121,true,1,206470
8004030177000,false,ריו מרה טונה בשמן זי,,,ריו מרה טונה בשמן זי,גרמים,240.00,100 גרם,false,,26.90,0.1121,true,1,202474
8004030344938,false,ריו מרה טונה בשמן של,,,ריו מרה טונה בשמן של,גרמים,240.00,100 גרם,false,,26.90,0.1121,true,1,149922
8004030845046,false,ריו מארה אינטלטיסימי,,,ריו מארה אינטלטיסימי,גרמים,160.00,100 גרם,false,,15.90,0.0994,true,1,206370
8004030860001,false,סלט טונה עם קוסקוס ר,,,סלט טונה עם קוסקוס ר,גרמים,160.00,100 גרם,false,,15.90,0.0994,false,1,195270
8004275058942,false,CIRIO שמן זית,,,CIRIO שמן זית,מיליליטרים,750.00,"100 מ""ל",false,,37.90,0.0505,true,1,182147
8004800000064,false,לאגו פלאסיר גלילי וו,,,לאגו פלאסיר גלילי וו,גרמים,100.00,100 גרם,false,,11.90,0.1190,true,1,263804
8004800000071,false,לאגו פלאסיר גליל ופל,,,לאגו פלאסיר גליל ופל,גרמים,100.00,100 גרם,false,,11.90,0.1190,true,1,263805
8004800004802,false,לאגו פלאסיר גלילי ופ,,,לאגו פלאסיר גלילי ופ,גרמים,100.00,100 גרם,false,,11.90,0.1190,true,1,263806
8004800004826,false,לאגו פלאסיר וופלים ב,,,לאגו פלאסיר וופלים ב,גרמים,98.00,100 גרם,false,,11.90,0.1214,true,1,263808
8005110001413,false,מארז זוג רסק עגבניות,,,מארז זוג רסק עגבניות,גרמים,280.00,100 גרם,false,,10.90,0.0389,true,1,209909
8005110002243,false,רכז עגבניות בשפורפרת,,,רכז עגבניות בשפורפרת,גרמים,185.00,100 גרם,false,,7.50,0.0405,true,1,214294
8005110060007,false,עגבניות מקולפות,,,עגבניות מקולפות,גרמים,400.00,100 גרם,false,,7.50,0.0188,true,1,137173
8005110060106,false,מארז זוג עגבניות מקו,,,מארז זוג עגבניות מקו,גרמים,800.00,100 גרם,false,,14.90,0.0186,true,1,192681
8005110170300,false,עגבניות חתוכות במארז,,,עגבניות חתוכות במארז,קילוגרמים,1.20,"ק""ג",false,,16.90,14.0833,false,1,135552
8005110171215,false,רסק עגבניות קצוצות,,,רסק עגבניות קצוצות,גרמים,690.00,100 גרם,false,,13.90,0.0201,true,1,112563
8005110191015,false,רסק עגבניות MUTTI,,,רסק עגבניות MUTTI,גרמים,700.00,100 גרם,false,,13.50,0.0193,true,1,188106
8005110550508,false,MUTTI עגבניות שרי 40,,,MUTTI עגבניות שרי 40,גרמים,400.00,100 גרם,false,,8.90,0.0223,true,1,135553
8005110551253,false,רוטב עגבניות לפיצה 4,,,רוטב עגבניות לפיצה 4,גרמים,400.00,100 גרם,false,,8.50,0.0213,true,1,211992
8005200256587,false,נסטי אפרסק 1.5 ליטר,,,נסטי אפרסק 1.5 ליטר,ליטרים,1.50,ליטר,false,,8.90,5.9333,false,1,260477
8005200286584,false,נסטי מנגו אננס 1.5 ל,,,נסטי מנגו אננס 1.5 ל,ליטרים,1.50,ליטר,false,,8.90,5.9333,false,1,260478
8005360002185,false,רוטב עגבניות אורגני,,,רוטב עגבניות אורגני,גרמים,350.00,100 גרם,false,,10.90,0.0311,true,1,206167
8005360004622,false,דה לה נונה רוטב עגבנ,,,דה לה נונה רוטב עגבנ,גרמים,350.00,100 גרם,false,,10.90,0.0311,true,1,206972
8005360004639,false,רוטב עגבניות אורגני,,,רוטב עגבניות אורגני,גרמים,350.00,100 גרם,false,,10.90,0.0311,true,1,206966
8005803010357,false,גריסיני קלאסי 125 גר,,,גריסיני קלאסי 125 גר,גרמים,125.00,100 גרם,false,,6.90,0.0552,true,1,195438
8005803010371,false,גריסיני רוזמרין 125,,,גריסיני רוזמרין 125,גרמים,125.00,100 גרם,false,,6.90,0.0552,true,1,195439
8005803010586,false,גריסיני פיצה 125 גר',,,גריסיני פיצה 125 גר',גרמים,125.00,100 גרם,false,,6.90,0.0552,true,1,195440
8005803010661,false,גריסיני שומשום 125 ג,,,גריסיני שומשום 125 ג,גרמים,125.00,100 גרם,false,,6.90,0.0552,true,1,195441
8006050090239,false,חומץ בלסמי ממודנה מא,,,חומץ בלסמי ממודנה מא,מיליליטרים,500.00,"100 מ""ל",false,,25.90,0.0518,true,1,205674
8006227000399,false,לחם מחמצת פרוס לבן 4,,,לחם מחמצת פרוס לבן 4,גרמים,400.00,100 גרם,false,,12.90,0.0323,true,1,262712
8006227000429,false,לחם מחמצת פרוס 8 דגנ,,,לחם מחמצת פרוס 8 דגנ,גרמים,400.00,100 גרם,false,,12.90,0.0323,true,1,264394
8006227001372,false,סמנצאטו לחם מחמצת לב,,,סמנצאטו לחם מחמצת לב,גרמים,400.00,100 גרם,false,,15.90,0.0398,true,1,261249
8006227001389,false,סמנצאטו לחם מחמצת קמ,,,סמנצאטו לחם מחמצת קמ,גרמים,400.00,100 גרם,false,,15.90,0.0398,true,1,261564
8006423362000,false,שקית שוקולד טופ כחול,,,שקית שוקולד טופ כחול,גרמים,250.00,100 גרם,false,,14.90,0.0596,true,1,208528
8006423362208,false,שקית שוקולד טופ חום,,,שקית שוקולד טופ חום,גרמים,250.00,100 גרם,false,,15.90,0.0636,true,1,208529
8006423362406,false,שקית שוקולד טופ זהב,,,שקית שוקולד טופ זהב,גרמים,250.00,100 גרם,false,,14.90,0.0596,true,1,208530
8006423362703,false,שקית שוקולד טופ מריר,,,שקית שוקולד טופ מריר,גרמים,250.00,100 גרם,false,,16.90,0.0676,true,1,208531
8006540027011,false,לנור מרכך כביסה בניח,,,לנור מרכך כביסה בניח,מיליליטרים,897.00,"100 מ""ל",false,,14.90,0.0166,true,1,218178
8006540027042,false,מרכך כביסה לנור ורו,,,מרכך כביסה לנור ורו,מיליליטרים,897.00,"100 מ""ל",false,,14.90,0.0166,true,1,218179
8006540088692,false,הרבל אסנס מסכה לשיער,,,הרבל אסנס מסכה לשיער,מיליליטרים,450.00,"100 מ""ל",false,,37.90,0.0842,true,1,263704
8006540091937,false,לנור כדוריות הבושם ב,,,לנור כדוריות הבושם ב,גרמים,210.00,100 גרם,false,,27.90,0.1329,true,1,259967
8006540110317,false,פנטן מיראקלס שמפו ב,,,פנטן מיראקלס שמפו ב,מיליליטרים,400.00,"100 מ""ל",false,,17.90,0.0447,true,1,218649
8006540112793,false,לנור מרכך מרוכז בניח,,,לנור מרכך מרוכז בניח,מיליליטרים,900.00,"100 מ""ל",false,,14.90,0.0166,true,1,218180
8006540112823,false,לנור מרכך מרוכז בניח,,,לנור מרכך מרוכז בניח,מיליליטרים,900.00,"100 מ""ל",false,,14.90,0.0166,true,1,218176
8006540112854,false,לנור מרכך מרוכז בניח,,,לנור מרכך מרוכז בניח,מיליליטרים,900.00,"100 מ""ל",false,,14.90,0.0166,true,1,218181
8006540157374,false,פנטן מיראקלס במבוק מ,,,פנטן מיראקלס במבוק מ,מיליליטרים,275.00,"100 מ""ל",false,,17.90,0.0651,true,1,218650
8006540163986,false,אריאל קפסולות 35 יח,,,אריאל קפסולות 35 יח,יחידה,0.00,יחידה,false,,39.90,0.0000,true,1,218182
8006540222089,false,מגבונים היגיינים לתי,,,מגבונים היגיינים לתי,יחידה,0.00,יחידה,false,,6.50,0.0000,true,1,260455
8006540383018,false,פיירי טבליות פלטינום,,,פיירי טבליות פלטינום,יחידה,0.00,יחידה,false,,38.90,0.0000,true,1,263242
8006540383087,false,פיירי טבליות פלטינום,,,פיירי טבליות פלטינום,יחידה,0.00,יחידה,false,,49.90,0.0000,true,1,263243
8006540404898,false,תחבושות אולוויז לברי,,,תחבושות אולוויז לברי,יחידה,0.00,יחידה,false,,19.90,0.0000,false,1,263649
8006540405031,false,תחבושות אולוויז בריח,,,תחבושות אולוויז בריח,יחידה,0.00,יחידה,false,,19.90,0.0000,false,1,263651
8006540425930,false,אריאל קפסולות 24 יח,,,אריאל קפסולות 24 יח,יחידה,0.00,יחידה,false,,29.90,0.0000,false,1,260739
8006540429327,false,"פיירי לימון 440 מ""ל",,,"פיירי לימון 440 מ""ל",מיליליטרים,440.00,"100 מ""ל",false,,9.90,0.0225,false,1,261047
8006540463550,false,פיירי טבליות למדיח פ,,,פיירי טבליות למדיח פ,יחידה,0.00,יחידה,false,,49.90,0.0000,false,1,263241
8006540491539,false,פיירי פלטיניום אורגי,,,פיירי פלטיניום אורגי,גרמים,780.00,100 גרם,false,,12.90,0.0165,false,1,263033
8006540495186,false,לנור מרכך כביסה 900,,,לנור מרכך כביסה 900,מיליליטרים,900.00,"100 מ""ל",false,,14.90,0.0166,true,1,263031
8006540495216,false,לנור מרכך כביסה 900,,,לנור מרכך כביסה 900,מיליליטרים,900.00,"100 מ""ל",false,,14.90,0.0166,true,1,263032
8006540566701,false,אריאל ג'ל כתמים קשים,,,אריאל ג'ל כתמים קשים,ליטרים,1.92,ליטר,false,,27.90,14.5312,false,1,264145
8007150901623,false,שמן זרעי ענבים 1.5 ל,,,שמן זרעי ענבים 1.5 ל,ליטרים,1.50,ליטר,false,,49.90,33.2667,true,1,200209
8007150903092,false,"מארז שמן זית 750 מ""ל",,,"מארז שמן זית 750 מ""ל",ליטרים,1.00,ליטר,false,,49.90,49.9000,true,1,217827
8007150905621,false,שמן זית אולאיטליה 1,,,שמן זית אולאיטליה 1,ליטרים,1.00,ליטר,false,,45.90,45.9000,true,1,208005
8007150907175,false,שמן אורז אוליטליה 1ל,,,שמן אורז אוליטליה 1ל,ליטרים,1.00,ליטר,false,,32.90,32.9000,true,1,137432
8007150909513,false,קרם בלסמי קלאסי 250,,,קרם בלסמי קלאסי 250,מיליליטרים,250.00,"100 מ""ל",false,,27.90,0.1116,true,1,198980
8007150909551,false,שמן בוטנים 1 ליטר,,,שמן בוטנים 1 ליטר,ליטרים,1.00,ליטר,false,,34.90,34.9000,true,1,148920
8007178120310,false,חומץ בלסמי,,,חומץ בלסמי,יחידה,500.00,יחידה,false,,21.90,0.0438,true,1,107208
8007178223547,false,קרם בלסמי מצומצם 250,,,קרם בלסמי מצומצם 250,מיליליטרים,250.00,"100 מ""ל",false,,23.90,0.0956,true,1,185579
8007270501017,false,שמן זית כתית מעולה ק,,,שמן זית כתית מעולה ק,מיליליטרים,750.00,"100 מ""ל",false,,39.90,0.0532,true,1,215386
8007270999012,false,שמן זרעי ענבים 1 ליט,,,שמן זרעי ענבים 1 ליט,ליטרים,1.00,ליטר,false,,34.90,34.9000,true,1,200670
8008245004861,false,ממרח אגוזי לוז עם ח,,,ממרח אגוזי לוז עם ח,גרמים,300.00,100 גרם,false,,12.90,0.0430,true,1,214867
8008343200134,false,פסטה לינגוינה רומו 5,,,פסטה לינגוינה רומו 5,גרמים,500.00,100 גרם,false,,8.50,0.0170,true,1,200399
8008343200424,false,פסטה קונקילי ריגטה ר,,,פסטה קונקילי ריגטה ר,גרמים,500.00,100 גרם,false,,8.50,0.0170,true,1,200400
8008343200486,false,פוזילי רומו 500 גר,,,פוזילי רומו 500 גר,גרמים,500.00,100 גרם,false,,8.50,0.0170,true,1,200401
8008343200660,false,פנה ריגטה רומו 500 ג,,,פנה ריגטה רומו 500 ג,גרמים,500.00,100 גרם,false,,8.50,0.0170,true,1,200389
8008343201377,false,פסטה רדיאטורי רומו 5,,,פסטה רדיאטורי רומו 5,גרמים,500.00,100 גרם,false,,8.50,0.0170,true,1,200404
8008660210014,false,ריבת מעדן משמש,,,ריבת מעדן משמש,גרמים,300.00,100 גרם,false,,15.90,0.0530,true,1,192661
8008660210021,false,ריבת מעדן דובדבן,,,ריבת מעדן דובדבן,גרמים,300.00,100 גרם,false,,15.90,0.0530,true,1,192662
8008660210038,false,ריבת מעדן תות שדה,,,ריבת מעדן תות שדה,גרמים,300.00,100 גרם,false,,15.90,0.0530,true,1,192663
8008660210045,false,ריבת מעדן פירות יער,,,ריבת מעדן פירות יער,גרמים,300.00,100 גרם,false,,15.90,0.0530,true,1,192664
8008660210052,false,מעדן פרי תפוז,,,מעדן פרי תפוז,גרמים,320.00,100 גרם,false,,15.90,0.0497,true,1,204747
8008698002049,false,קרקר עגול 175 גר' לל,,,קרקר עגול 175 גר' לל,גרמים,175.00,100 גרם,false,,21.90,0.1251,true,1,211299
8008698002100,false,גריסיני ללא גלוטן 15,,,גריסיני ללא גלוטן 15,גרמים,150.00,100 גרם,false,,21.90,0.1460,true,1,211396
8008698004630,false,עוגיות סנדוויץ במילו,,,עוגיות סנדוויץ במילו,גרמים,250.00,100 גרם,false,,24.90,0.0996,true,1,213370
8008698004807,false,תערובת קמחים לאפיית,,,תערובת קמחים לאפיית,קילוגרמים,1.02,"ק""ג",false,,27.90,27.3529,true,1,211305
8008698005231,false,עוגיות שוקולד במילוי,,,עוגיות שוקולד במילוי,גרמים,165.00,100 גרם,false,,19.90,0.1206,true,1,262672
8008698008157,false,עוגיות בטעם שוקולד ב,,,עוגיות בטעם שוקולד ב,גרמים,100.00,100 גרם,false,,11.90,0.1190,true,1,194254
8008698013021,false,עוגיות שוקולד ציפס מ,,,עוגיות שוקולד ציפס מ,גרמים,100.00,100 גרם,false,,12.90,0.1290,true,1,211302
8008698024065,false,פאן בלנקו לחם ללא גל,,,פאן בלנקו לחם ללא גל,גרמים,250.00,100 גרם,false,,16.50,0.0660,true,1,205384
8008698024140,false,פאן מולטיגרנו מאפה ל,,,פאן מולטיגרנו מאפה ל,גרמים,250.00,100 גרם,false,,16.50,0.0660,true,1,205385
8008698024188,false,פאן רוסטיקו מאפה ללא,,,פאן רוסטיקו מאפה ללא,גרמים,250.00,100 גרם,false,,16.50,0.0660,true,1,205386
8008698032084,false,עוגיות מיני ללא גלוט,,,עוגיות מיני ללא גלוט,גרמים,125.00,100 גרם,false,,11.90,0.0952,true,1,262671
8008698054109,false,ממרח אגוזי לוז בתוספ,,,ממרח אגוזי לוז בתוספ,גרמים,52.00,100 גרם,false,,11.90,0.2288,true,1,211482
8008857200057,false,פסטה רג'ייה ספגטי שט,,,פסטה רג'ייה ספגטי שט,גרמים,500.00,100 גרם,false,,4.90,0.0098,true,1,215354
8008857200194,false,פסטה רג'ייה ספגטי 50,,,פסטה רג'ייה ספגטי 50,גרמים,500.00,100 גרם,false,,4.90,0.0098,true,1,215355
8008857200200,false,פסטה רג'ייה ספגטי דק,,,פסטה רג'ייה ספגטי דק,גרמים,500.00,100 גרם,false,,4.90,0.0098,true,1,215356
8008857300238,false,פסטה רג'ייה גליל 500,,,פסטה רג'ייה גליל 500,גרמים,500.00,100 גרם,false,,4.90,0.0098,true,1,215358
8008857300344,false,פסטה רג'ייה צינור 50,,,פסטה רג'ייה צינור 50,גרמים,500.00,100 גרם,false,,4.90,0.0098,true,1,215359
8008857300481,false,פסטה רג'ייה בורג 500,,,פסטה רג'ייה בורג 500,גרמים,500.00,100 גרם,false,,4.90,0.0098,true,1,215361
8008857300580,false,פסטה רג'ייה סהרון 50,,,פסטה רג'ייה סהרון 50,גרמים,500.00,100 גרם,false,,4.90,0.0098,true,1,215363
8008857300603,false,פסטה רג'ייה קונכיה 5,,,פסטה רג'ייה קונכיה 5,גרמים,500.00,100 גרם,false,,4.90,0.0098,true,1,215364
8008857300627,false,פסטה רג'ייה צדף 500,,,פסטה רג'ייה צדף 500,גרמים,500.00,100 גרם,false,,4.90,0.0098,true,1,215365
8008857300634,false,פסטה רג'ייה תלתל 500,,,פסטה רג'ייה תלתל 500,גרמים,500.00,100 גרם,false,,4.90,0.0098,true,1,215366
8008857300641,false,פסטה רג'ייה כובע 50,,,פסטה רג'ייה כובע 50,גרמים,500.00,100 גרם,false,,4.90,0.0098,true,1,215367
8008857300771,false,פסטה רג'ייה אטריות מ,,,פסטה רג'ייה אטריות מ,גרמים,500.00,100 גרם,false,,4.90,0.0098,true,1,215369
8008857400655,false,פסטה רג'ה 3 צבעים 50,,,פסטה רג'ה 3 צבעים 50,גרמים,500.00,100 גרם,false,,4.90,0.0098,true,1,263281
8008912010034,false,פסטה LIGUORI ספגטי מ,,,פסטה LIGUORI ספגטי מ,גרמים,500.00,100 גרם,false,,7.90,0.0158,true,1,216307
8008912010072,false,פסטה לינגוויני מספר,,,פסטה לינגוויני מספר,גרמים,500.00,100 גרם,false,,7.90,0.0158,true,1,218097
8008912010270,false,פסטה קסרצ'ה,,,פסטה קסרצ'ה,גרמים,500.00,100 גרם,false,,7.90,0.0158,true,1,259817
8008912010300,false,פסטה LIGUORI פרפלה 5,,,פסטה LIGUORI פרפלה 5,גרמים,500.00,100 גרם,false,,7.90,0.0158,true,1,215751
8008912010317,false,פסטה LIGUORI פוזילי,,,פסטה LIGUORI פוזילי,גרמים,500.00,100 גרם,false,,7.90,0.0158,true,1,216308
8008912010331,false,פסטה ניוקטי סרדי קונ,,,פסטה ניוקטי סרדי קונ,גרמים,500.00,100 גרם,false,,7.90,0.0158,true,1,215923
8008912010423,false,פסטה LIGUORI פנה 500,,,פסטה LIGUORI פנה 500,גרמים,500.00,100 גרם,false,,7.90,0.0158,true,1,215752
8008912016012,false,לזניה ליגורי,,,לזניה ליגורי,גרמים,500.00,100 גרם,false,,16.90,0.0338,true,1,219213
8008920990243,false,למברוסקו פסטה ביאנקו,,,למברוסקו פסטה ביאנקו,מיליליטרים,750.00,"100 מ""ל",false,,19.90,0.0265,true,1,198677
8008920990250,false,יין מבעבע רוזה חצי מ,,,יין מבעבע רוזה חצי מ,מיליליטרים,750.00,"100 מ""ל",false,,19.90,0.0265,true,1,197470
8008990000040,false,מטאטא פנימי,,,מטאטא פנימי,יחידה,0.00,יחידה,false,,24.90,0.0000,true,1,189934
8008990000514,false,מברשת ויעה,,,מברשת ויעה,יחידה,0.00,יחידה,false,,11.90,0.0000,true,1,214042
8008990000750,false,מברשת לניקוי אסלות,,,מברשת לניקוי אסלות,יחידה,0.00,יחידה,false,,7.90,0.0000,true,1,189955
8008990002167,false,יעה עם מקל מתכת ארוך,,,יעה עם מקל מתכת ארוך,יחידה,0.00,יחידה,false,,18.90,0.0000,true,1,189957
8008990005809,false,מגב ניקוי להסרת מים,,,מגב ניקוי להסרת מים,יחידה,0.00,יחידה,false,,14.90,0.0000,true,1,214055
8008990008923,false,דלי אובלי 13 ליטר,,,דלי אובלי 13 ליטר,יחידה,0.00,יחידה,false,,19.90,0.0000,true,1,189958
8008990061508,false,מטאטא פנימי,,,מטאטא פנימי,יחידה,0.00,יחידה,false,,27.90,0.0000,true,1,189936
8009915000282,false,פסטה מקמח תירס מסולס,,,פסטה מקמח תירס מסולס,גרמים,250.00,100 גרם,false,,12.90,0.0516,true,1,147341
8009915001340,false,פסטה אליקה ללא גלטן,,,פסטה אליקה ללא גלטן,גרמים,250.00,100 גרם,false,,12.90,0.0516,true,1,133427
8009915008714,false,לזניה קמח תירס ואורז,,,לזניה קמח תירס ואורז,גרמים,250.00,100 גרם,false,,15.90,0.0636,true,1,147536
8011033011279,false,"קוסקוס מראקש 1 ק""ג",,,"קוסקוס מראקש 1 ק""ג",קילוגרמים,1.00,"ק""ג",false,,11.90,11.9000,true,1,139230
8013108003509,false,בונבונירה כרית מיקס,,,בונבונירה כרית מיקס,גרמים,160.00,100 גרם,false,,21.90,0.1369,true,1,219602
8013108003523,false,בונבוניירה קורנט אגו,,,בונבוניירה קורנט אגו,גרמים,165.00,100 גרם,false,,21.90,0.1327,true,1,216885
8013108003530,false,בונבוניירה קורנט קרמ,,,בונבוניירה קורנט קרמ,גרמים,165.00,100 גרם,false,,21.90,0.1327,true,1,219529
8013108005312,false,בונבוניירה קורנט קרמ,,,בונבוניירה קורנט קרמ,גרמים,165.00,100 גרם,false,,21.90,0.1327,true,1,219530
8013108005329,false,בונבוניירה קורנט פיי,,,בונבוניירה קורנט פיי,גרמים,165.00,100 גרם,false,,21.90,0.1327,true,1,219531
8013399145315,false,סוכריות דיטורל ג'לי,,,סוכריות דיטורל ג'לי,גרמים,70.00,100 גרם,false,,10.00,0.1429,true,1,145433
8014601011565,false,קמח קונדיטוריה,,,קמח קונדיטוריה,קילוגרמים,1.00,"ק""ג",false,,11.90,11.9000,true,1,215962
8014601012456,false,קמח נובולה,,,קמח נובולה,קילוגרמים,1.00,"ק""ג",false,,15.90,15.9000,true,1,215963
8014601026354,false,קמח פיצה שף (אדום),,,קמח פיצה שף (אדום),קילוגרמים,1.00,"ק""ג",false,,13.90,13.9000,true,1,215832
8014601028747,false,קמח אקסטרה לכל מטרה,,,קמח אקסטרה לכל מטרה,קילוגרמים,1.00,"ק""ג",false,,11.50,11.5000,true,1,215964
8014601999870,false,קמח סמולינה בטחינה כ,,,קמח סמולינה בטחינה כ,קילוגרמים,1.00,"ק""ג",false,,13.90,13.9000,true,1,215833
8016867000246,false,כותוני מגן תחתון 100,,,כותוני מגן תחתון 100,יחידה,0.00,יחידה,false,,18.90,0.0000,true,1,217993
8016867002646,false,מגן תחתון ארוך במיוח,,,מגן תחתון ארוך במיוח,יחידה,0.00,יחידה,false,,21.90,0.0000,true,1,148319
8016867003056,false,שטיפה אינטימית עם קמ,,,שטיפה אינטימית עם קמ,מיליליטרים,250.00,"100 מ""ל",false,,44.90,0.1796,true,1,262245
8016867008945,false,מגן תחתון 24 באריזת,,,מגן תחתון 24 באריזת,יחידה,0.00,יחידה,false,,21.90,0.0000,true,1,148320
8016867008969,false,טמפונים עם מוליך סופ,,,טמפונים עם מוליך סופ,יחידה,0.00,יחידה,false,,31.90,0.0000,true,1,148322
8016867008976,false,טמפונים עם מוליך רגו,,,טמפונים עם מוליך רגו,יחידה,0.00,יחידה,false,,31.90,0.0000,true,1,148323
8016867009515,false,כותוני תחבושת דקה עם,,,כותוני תחבושת דקה עם,יחידה,0.00,יחידה,false,,23.90,0.0000,true,1,217996
8016867009904,false,טמפונים ללא מוליך סו,,,טמפונים ללא מוליך סו,יחידה,0.00,יחידה,false,,28.90,0.0000,true,1,148325
8016867009935,false,תחבושות דקות לזרימה,,,תחבושות דקות לזרימה,יחידה,0.00,יחידה,false,,29.90,0.0000,true,1,148328
8016867009942,false,תחבושות דקות לזרימה,,,תחבושות דקות לזרימה,יחידה,0.00,יחידה,false,,29.90,0.0000,true,1,148329
8016867009959,false,מגן תחתון 24 יח',,,מגן תחתון 24 יח',יחידה,0.00,יחידה,false,,25.90,0.0000,true,1,185213
8016867012584,false,תחבושת עבה עם כנפיים,,,תחבושת עבה עם כנפיים,יחידה,0.00,יחידה,false,,36.90,0.0000,true,1,214811
8016867015080,false,מגן תחתון תפזורת 48,,,מגן תחתון תפזורת 48,יחידה,0.00,יחידה,false,,35.90,0.0000,true,1,262089
8017938005122,false,חומץ תפוחים אורגני,,,חומץ תפוחים אורגני,ליטרים,1.00,ליטר,false,,18.90,18.9000,true,1,193344
8017938005764,false,נטור פוד-מיץ תפוחים,,,נטור פוד-מיץ תפוחים,ליטרים,1.00,ליטר,false,,19.90,19.9000,true,1,204361
8019428000013,false,משקה אורז אורגני 1 ל,,,משקה אורז אורגני 1 ל,ליטרים,1.00,ליטר,false,,10.90,10.9000,true,1,199899
8019428000099,false,חלב אורז אורגני ושקד,,,חלב אורז אורגני ושקד,ליטרים,1.00,ליטר,false,,11.90,11.9000,true,1,199900
8019428000105,false,משקה שיבולת שועל 1 ל,,,משקה שיבולת שועל 1 ל,ליטרים,1.00,ליטר,false,,11.90,11.9000,true,1,198919
8019428000228,false,משקה אורז אורגני שוק,,,משקה אורז אורגני שוק,ליטרים,1.00,ליטר,false,,11.90,11.9000,true,1,202914
8019428004059,false,משקה אורז אורגני 25,,,משקה אורז אורגני 25,מיליליטרים,250.00,"100 מ""ל",false,,4.90,0.0196,true,1,204409
8019428004066,false,משקה אורז אורגני שקד,,,משקה אורז אורגני שקד,מיליליטרים,250.00,"100 מ""ל",false,,4.90,0.0196,true,1,201189
8019428004158,false,משקה קפה אורגני בכוס,,,משקה קפה אורגני בכוס,מיליליטרים,220.00,"100 מ""ל",false,,7.50,0.0341,true,1,262827
8019428005018,false,תחליף שמנת לבישול על,,,תחליף שמנת לבישול על,מיליליטרים,200.00,"100 מ""ל",false,,6.50,0.0325,true,1,204408
8019428005032,false,תחליף שמנת על בסיס ס,,,תחליף שמנת על בסיס ס,מיליליטרים,200.00,"100 מ""ל",false,,6.50,0.0325,true,1,216701
8019428007005,false,משקה סויה אורגני 1 ל,,,משקה סויה אורגני 1 ל,ליטרים,1.00,ליטר,false,,10.90,10.9000,true,1,198920
8019428007098,false,משקה אורז אורגני אגו,,,משקה אורז אורגני אגו,ליטרים,1.00,ליטר,false,,12.90,12.9000,true,1,202915
8019428007111,false,משקה שקדים אורגני 1,,,משקה שקדים אורגני 1,ליטרים,1.00,ליטר,false,,19.90,19.9000,true,1,199536
8019428007135,false,משקה סויה אורגני וני,,,משקה סויה אורגני וני,ליטרים,1.00,ליטר,false,,10.90,10.9000,true,1,199983
8019428007173,false,משקה אורז אורגני 1 ל,,,משקה אורז אורגני 1 ל,ליטרים,1.00,ליטר,false,,12.90,12.9000,true,1,204858
8019428007272,false,משקה שקדים אורגני 3%,,,משקה שקדים אורגני 3%,ליטרים,1.00,ליטר,false,,14.90,14.9000,true,1,202583
8019428007289,false,משקה שקדים אורגני 3%,,,משקה שקדים אורגני 3%,ליטרים,1.00,ליטר,false,,14.90,14.9000,true,1,200200
8019428007296,false,משקה שיבולת שועל אור,,,משקה שיבולת שועל אור,ליטרים,1.00,ליטר,false,,12.90,12.9000,true,1,201191
8019428007616,false,משקה קוקוס אורגני עם,,,משקה קוקוס אורגני עם,ליטרים,1.00,ליטר,false,,14.90,14.9000,true,1,261988
8019428007647,false,משקה סויה בריסטה אור,,,משקה סויה בריסטה אור,ליטרים,1.00,ליטר,false,,11.50,11.5000,true,1,261987
8019428009085,false,מעדן אורז אורגני שוק,,,מעדן אורז אורגני שוק,גרמים,260.00,100 גרם,false,,9.90,0.0381,true,1,261990
8019428009108,false,מעדן שיבולת שועל אור,,,מעדן שיבולת שועל אור,גרמים,260.00,100 גרם,false,,9.90,0.0381,true,1,263177
8022470213393,false,דרג'ה שקד מריר 500גר,,,דרג'ה שקד מריר 500גר,גרמים,500.00,100 גרם,false,,26.90,0.0538,true,1,140765
8022470213409,false,דרג'ה שקד לבן 500גר,,,דרג'ה שקד לבן 500גר,גרמים,500.00,100 גרם,false,,26.90,0.0538,true,1,205229
8022470213423,false,דרג'ה אגוזי לוז בשוק,,,דרג'ה אגוזי לוז בשוק,גרמים,500.00,100 גרם,false,,26.90,0.0538,true,1,140767
8022470213478,false,דרג'ה דובדבן בשוקולד,,,דרג'ה דובדבן בשוקולד,גרמים,500.00,100 גרם,false,,26.90,0.0538,true,1,140768
8022470213485,false,דרג'ה דובדבן בשוקולד,,,דרג'ה דובדבן בשוקולד,גרמים,500.00,100 גרם,false,,26.90,0.0538,true,1,140769
8022470213492,false,דרג'ה דבדבן לבן,,,דרג'ה דבדבן לבן,גרמים,500.00,100 גרם,false,,26.90,0.0538,true,1,203246
8022470213508,false,דרג'ה צימוקים חלב 50,,,דרג'ה צימוקים חלב 50,גרמים,500.00,100 גרם,false,,21.90,0.0438,true,1,140770
8022470213515,false,דרג'ה צימוק מריר 500,,,דרג'ה צימוק מריר 500,גרמים,500.00,100 גרם,false,,21.90,0.0438,true,1,140771
8022470213522,false,דר'גה צימוקים לבן,,,דר'גה צימוקים לבן,גרמים,500.00,100 גרם,false,,21.90,0.0438,true,1,203771
8022470213546,false,דרג'ה בוטנים מריר 50,,,דרג'ה בוטנים מריר 50,גרמים,500.00,100 גרם,false,,21.90,0.0438,true,1,196227
8022470217780,false,דרג'ה לוז שיש,,,דרג'ה לוז שיש,גרמים,500.00,100 גרם,false,,26.90,0.0538,true,1,149499
8022470221336,false,שקדים בשוקולד מריר ו,,,שקדים בשוקולד מריר ו,גרמים,500.00,100 גרם,false,,26.90,0.0538,true,1,196999
8022470226362,false,דרג'ה קשיו בשוקולד ח,,,דרג'ה קשיו בשוקולד ח,גרמים,500.00,100 גרם,false,,26.90,0.0538,true,1,199811
8022470226379,false,דרג'ה קשיו בשוקולד מ,,,דרג'ה קשיו בשוקולד מ,גרמים,500.00,100 גרם,false,,26.90,0.0538,true,1,199804
8022470226416,false,דרג'ה וופל בשוקולד ח,,,דרג'ה וופל בשוקולד ח,גרמים,500.00,100 גרם,false,,26.90,0.0538,true,1,199806
8023492000091,false,סטיק שוקולד חלב עם א,,,סטיק שוקולד חלב עם א,גרמים,150.00,100 גרם,false,,10.90,0.0727,true,1,201364
8023492000237,false,סטיק נוגט טורונה עם,,,סטיק נוגט טורונה עם,גרמים,150.00,100 גרם,false,,11.90,0.0793,true,1,216887
8023492000336,false,סטיק שוקולד מריר עם,,,סטיק שוקולד מריר עם,גרמים,150.00,100 גרם,false,,10.90,0.0727,true,1,201365
8023492004327,false,סטיק נוגט טורונה עם,,,סטיק נוגט טורונה עם,גרמים,150.00,100 גרם,false,,12.90,0.0860,true,1,219539
8023492004341,false,סטיק ג'יאנדויה חלב ע,,,סטיק ג'יאנדויה חלב ע,גרמים,150.00,100 גרם,false,,12.90,0.0860,true,1,219535
8023678161363,false,חלב שיבולת שועל,,,חלב שיבולת שועל,ליטרים,1.00,ליטר,false,,12.50,12.5000,true,1,163179
8023678161387,false,משקה סויה אורגני 1 ל,,,משקה סויה אורגני 1 ל,ליטרים,1.00,ליטר,false,,9.90,9.9000,true,1,186407
8023678164517,false,משקה שקדים ללא סוכר,,,משקה שקדים ללא סוכר,ליטרים,1.00,ליטר,false,,15.90,15.9000,true,1,208637
8023678728290,false,משקה סויה בריסטה אור,,,משקה סויה בריסטה אור,ליטרים,1.00,ליטר,false,,9.90,9.9000,true,1,262974
8023678728832,false,משקה שיבולת שועל ברי,,,משקה שיבולת שועל ברי,ליטרים,1.00,ליטר,false,,9.90,9.9000,true,1,262975
8024985000086,false,נטורה- מחית תפוח בננ,,,נטורה- מחית תפוח בננ,גרמים,200.00,100 גרם,false,,8.90,0.0445,true,1,201016
8024985002783,false,סמוצ'י תפוח גזר ודלע,,,סמוצ'י תפוח גזר ודלע,גרמים,100.00,100 גרם,false,,5.00,0.0500,true,1,201010
8024985002912,false,סמוצ'י תפוח אגס בטטה,,,סמוצ'י תפוח אגס בטטה,גרמים,100.00,100 גרם,false,,5.00,0.0500,true,1,203952
8024985002943,false,סמוזי אננס קוקוס אור,,,סמוזי אננס קוקוס אור,גרמים,100.00,100 גרם,false,,5.00,0.0500,true,1,208966
8024985002950,false,סמוזי שזיף אורגני 10,,,סמוזי שזיף אורגני 10,גרמים,100.00,100 גרם,false,,5.00,0.0500,true,1,208546
8024985002967,false,סמוזי בננה תרד אורגנ,,,סמוזי בננה תרד אורגנ,גרמים,100.00,100 גרם,false,,5.00,0.0500,true,1,208967
8024985003988,false,מחית תפוחים ובננה 10,,,מחית תפוחים ובננה 10,גרמים,100.00,100 גרם,false,,5.00,0.0500,true,1,188280
8024985004282,false,סמוזי אגס רביעייה,,,סמוזי אגס רביעייה,גרמים,400.00,100 גרם,false,,17.90,0.0447,true,1,207735
8024985004299,false,סמוזי פירות אדומים ר,,,סמוזי פירות אדומים ר,גרמים,400.00,100 גרם,false,,17.90,0.0447,true,1,207736
8024985004305,false,סמוזי תפוח רביעייה,,,סמוזי תפוח רביעייה,גרמים,400.00,100 גרם,false,,17.90,0.0447,true,1,207737
8024985004695,false,נטורה נובה סמוזי בננ,,,נטורה נובה סמוזי בננ,גרמים,400.00,100 גרם,false,,17.90,0.0447,true,1,208427
8024985005234,false,סמוצ'י אפרסק ומנגו א,,,סמוצ'י אפרסק ומנגו א,גרמים,100.00,100 גרם,false,,5.00,0.0500,true,1,195470
8024985005296,false,סמוצ'י אגס בננה תפוח,,,סמוצ'י אגס בננה תפוח,גרמים,120.00,100 גרם,false,,6.20,0.0517,true,1,198825
8024985005302,false,סמוצ'י תפוח רימון פט,,,סמוצ'י תפוח רימון פט,גרמים,120.00,100 גרם,false,,6.20,0.0517,true,1,198826
8024985006309,false,סמוזי מנגו רביעייה,,,סמוזי מנגו רביעייה,גרמים,400.00,100 גרם,false,,17.90,0.0447,true,1,207738
8024985008037,false,סמוצ'י תפוחים אורגני,,,סמוצ'י תפוחים אורגני,גרמים,100.00,100 גרם,false,,5.00,0.0500,true,1,149497
8024985008044,false,מחית אגסים אורגני 10,,,מחית אגסים אורגני 10,גרמים,100.00,100 גרם,false,,5.00,0.0500,true,1,149683
8024985008051,false,סמוצ'י פירות אדומים,,,סמוצ'י פירות אדומים,גרמים,100.00,100 גרם,false,,5.00,0.0500,true,1,149498
8024985011204,false,נטורה נובה סמוזי תפו,,,נטורה נובה סמוזי תפו,גרמים,100.00,100 גרם,false,,5.00,0.0500,true,1,218860
8028048270515,false,פולי קפה סאן ג'וסטו,,,פולי קפה סאן ג'וסטו,קילוגרמים,1.00,"ק""ג",false,,94.90,94.9000,true,1,206156
8032523530452,false,ממרח פיסטוק 200 גר',,,ממרח פיסטוק 200 גר',גרמים,200.00,100 גרם,false,,31.90,0.1595,true,1,217826
8032685196787,false,SOLANIA עגבניות אורג,,,SOLANIA עגבניות אורג,יחידה,240.00,יחידה,false,,6.50,0.0271,true,1,206974
8032793342458,false,עגבניות מרוסקות דק ו,,,עגבניות מרוסקות דק ו,מיליליטרים,700.00,"100 מ""ל",false,,11.90,0.0170,true,1,195190
8032793344094,false,פומי רוטב שקשוקה פיק,,,פומי רוטב שקשוקה פיק,גרמים,700.00,100 גרם,false,,15.90,0.0227,true,1,210362
8032793344292,false,עגבניות חתוכות דק בב,,,עגבניות חתוכות דק בב,מיליליטרים,700.00,"100 מ""ל",false,,11.90,0.0170,true,1,214986
8032804430471,false,פסטה עדשים אדומים או,,,פסטה עדשים אדומים או,גרמים,250.00,100 גרם,false,,13.50,0.0540,true,1,201013
8032804430761,false,לזניה עדשים צהובות א,,,לזניה עדשים צהובות א,גרמים,250.00,100 גרם,false,,17.50,0.0700,true,1,206967
8032804430976,false,פליסיה ריגטוני שיבול,,,פליסיה ריגטוני שיבול,גרמים,340.00,100 גרם,false,,14.90,0.0438,true,1,210908
8032804432024,false,פליסיה דפי לזניה אור,,,פליסיה דפי לזניה אור,גרמים,250.00,100 גרם,false,,17.90,0.0716,true,1,192161
8032804435636,false,פסיליה קופסא פוזילי,,,פסיליה קופסא פוזילי,גרמים,340.00,100 גרם,false,,11.90,0.0350,true,1,207219
8033020445973,false,"קמח 1 ק""ג רב תכליתי",,,"קמח 1 ק""ג רב תכליתי",קילוגרמים,1.00,"ק""ג",false,,8.00,8.0000,true,1,206316
8033020445980,false,"קמח לפסטה 1 ק""ג",,,"קמח לפסטה 1 ק""ג",קילוגרמים,1.00,"ק""ג",false,,12.90,12.9000,true,1,208244
8033020445997,false,קמח איטלקי ללחמים 1,,,קמח איטלקי ללחמים 1,קילוגרמים,1.00,"ק""ג",false,,11.50,11.5000,true,1,207073
8033020446000,false,קמח לפיצה ופוקצ'ה,,,קמח לפיצה ופוקצ'ה,קילוגרמים,1.00,"ק""ג",false,,10.90,10.9000,true,1,206373
8033087771374,false,"ניוקי תפ""א 500 גר",,,"ניוקי תפ""א 500 גר",גרמים,500.00,100 גרם,false,,8.90,0.0178,true,1,195467
8033087771381,false,ניוקי ללא גלוטן 500,,,ניוקי ללא גלוטן 500,גרמים,500.00,100 גרם,false,,14.90,0.0298,true,1,148232
8033275522368,false,מונטרו קיאנטי,,,מונטרו קיאנטי,מיליליטרים,750.00,"100 מ""ל",false,,52.90,0.0705,true,1,208583
8076800195019,false,ספגטי מס'1 קפליני.,ברילה,,ספגטי מס'1 קפליני.,גרמים,500.00,100 גרם,false,,6.90,0.0138,false,1,96641
8076800195033,false,ברילה ספגטיני.,ברילה,,ברילה ספגטיני.,גרמים,500.00,100 גרם,false,,6.90,0.0138,false,1,96642
8076800195057,false,ספגטיני ברילה 5.,ברילה,,ספגטיני ברילה 5.,גרמים,500.00,100 גרם,false,,6.90,0.0138,false,1,96643
8076800195132,false,ברילה איטריות בבטה מ,ברילה,,ברילה איטריות בבטה מ,גרמים,500.00,100 גרם,false,,6.90,0.0138,false,1,96644
8076800315097,false,ברילה בוקטיני מס' 9,ברילה,,ברילה בוקטיני מס' 9,גרמים,500.00,100 גרם,false,,6.90,0.0138,false,1,96645
8076802085738,false,ברילה פנה רגטה מס' 7,ברילה,,ברילה פנה רגטה מס' 7,גרמים,500.00,100 גרם,false,,6.90,0.0138,false,1,96648
8076802085837,false,ברילה טורטליוני מס',ברילה,,ברילה טורטליוני מס',גרמים,500.00,100 גרם,false,,6.90,0.0138,false,1,96649
8076802085981,false,פוסילי ברילה 98.,ברילה,,פוסילי ברילה 98.,גרמים,500.00,100 גרם,false,,6.90,0.0138,false,1,96653
8076808050440,false,ברילה פליני מס' 44.,ברילה,,ברילה פליני מס' 44.,גרמים,500.00,100 גרם,false,,6.90,0.0138,false,1,96655
8076808060654,false,ברילה פרפלה.,ברילה,,ברילה פרפלה.,גרמים,500.00,100 גרם,false,,6.90,0.0138,false,1,96656
8076808070882,false,קנלוני ברילה,ברילה,,קנלוני ברילה,גרמים,500.00,100 גרם,false,,13.90,0.0278,true,1,96657
8076808150072,false,ברילה ספגטי מס' 7.,ברילה,,ברילה ספגטי מס' 7.,גרמים,500.00,100 גרם,false,,6.90,0.0138,false,1,96658
8076809501415,false,פסטה פנה טריקולור,ברילה,,פסטה פנה טריקולור,גרמים,500.00,100 גרם,false,,13.90,0.0278,true,1,96659
8076809512268,false,ברילה גירנדולה מס' 3,ברילה,,ברילה גירנדולה מס' 3,גרמים,500.00,100 גרם,false,,6.90,0.0138,false,1,96661
8076809513388,false,ברילה רוטב ארביאטה,ברילה,,ברילה רוטב ארביאטה,גרמים,400.00,100 גרם,false,,13.90,0.0348,false,1,96662
8076809513395,false,ברילה רוטב פומודורו,ברילה,,ברילה רוטב פומודורו,גרמים,400.00,100 גרם,false,,13.90,0.0348,true,1,96663
8076809513654,false,רוטב ברילה בסיס לבול,ברילה,,רוטב ברילה בסיס לבול,גרמים,400.00,100 גרם,false,,13.90,0.0348,true,1,96664
8076809513692,false,ברילה רוטב נפוליטנה,ברילה,,ברילה רוטב נפוליטנה,גרמים,400.00,100 גרם,false,,13.90,0.0348,true,1,96665
8076809513739,false,רוטב בזיליקום ברילה,ברילה,,רוטב בזיליקום ברילה,גרמים,400.00,100 גרם,false,,13.90,0.0348,true,1,96667
8076809514774,false,ברילה איטריות פפרדל,ברילה,,ברילה איטריות פפרדל,גרמים,250.00,100 גרם,false,,17.90,0.0716,true,1,96668
8076809523561,false,רוטב פסטה ברילה בטעם,ברילה,,רוטב פסטה ברילה בטעם,גרמים,400.00,100 גרם,false,,13.90,0.0348,true,1,119767
8076809523714,false,ברילה טליאטלה 500 גר,ברילה,,ברילה טליאטלה 500 גר,גרמים,500.00,100 גרם,false,,25.90,0.0518,true,1,96679
8076809523738,false,לזניה ברילה,ברילה,,לזניה ברילה,גרמים,500.00,100 גרם,false,,19.90,0.0398,true,1,96680
8076809529419,false,ספגטי ברילה מחיטה מל,ברילה,,ספגטי ברילה מחיטה מל,גרמים,500.00,100 גרם,false,,13.90,0.0278,true,1,96683
8076809529433,false,ברילה פנה רגטה מחיטה,ברילה,,ברילה פנה רגטה מחיטה,גרמים,500.00,100 גרם,false,,13.90,0.0278,true,1,96684
8076809545457,false,ברילה ללא גלוטן צינו,ברילה,,ברילה ללא גלוטן צינו,גרמים,400.00,100 גרם,false,,14.90,0.0373,true,1,189027
8076809545464,false,ברילה ללא גלוטן ספיר,ברילה,,ברילה ללא גלוטן ספיר,גרמים,400.00,100 גרם,false,,14.90,0.0373,true,1,189028
8076809547956,false,ברילה צ.ק קיפרי 500,,,ברילה צ.ק קיפרי 500,גרמים,500.00,100 גרם,false,,6.90,0.0138,true,1,211856
8076809578998,false,פסטה ברילה סטלינה,,,פסטה ברילה סטלינה,גרמים,500.00,100 גרם,false,,6.90,0.0138,true,1,218207
8076809580496,false,פסטה פפירי ברילה,,,פסטה פפירי ברילה,גרמים,450.00,100 גרם,false,,12.90,0.0287,true,1,259591
8121300207172,false,טרוביה סטיביה תערובת,,,טרוביה סטיביה תערובת,גרמים,500.00,100 גרם,false,,34.90,0.0698,true,1,210422
8410001109978,false,זוג ספוגי קרצוף ללכל,,,זוג ספוגי קרצוף ללכל,יחידה,0.00,יחידה,false,,10.90,0.0000,true,1,215395
8410001134833,false,זוג ספוגי ניקוי ללא,,,זוג ספוגי ניקוי ללא,יחידה,0.00,יחידה,false,,12.90,0.0000,true,1,219546
8410001135304,false,סקוטש ברייט כרית ניק,,,סקוטש ברייט כרית ניק,יחידה,0.00,יחידה,false,,15.90,0.0000,true,1,219548
8410076610379,false,נייטשר ואלי פרוטאין,,,נייטשר ואלי פרוטאין,גרמים,160.00,100 גרם,false,,22.90,0.1431,true,1,192436
8410076610386,false,חטיף נייטשר ואלי פרו,,,חטיף נייטשר ואלי פרו,גרמים,160.00,100 גרם,false,,22.90,0.1431,true,1,192437
8410076610492,false,נייטשר ואלי צ'ואי בו,,,נייטשר ואלי צ'ואי בו,גרמים,150.00,100 גרם,false,,19.00,0.1267,true,1,194837
8410076610508,false,נייטשר ואלי צ'ואי בו,,,נייטשר ואלי צ'ואי בו,גרמים,150.00,100 גרם,false,,19.00,0.1267,true,1,194838
8410076621009,false,חטיף פייבר 1 בטעם קר,,,חטיף פייבר 1 בטעם קר,גרמים,120.00,100 גרם,false,,14.90,0.1242,true,1,215749
8410076621047,false,חטיפי פייבר 1 בראוני,,,חטיפי פייבר 1 בראוני,גרמים,120.00,100 גרם,false,,14.90,0.1242,true,1,215654
8410104039134,false,פיניש מנקה ומחדש,פיניש,,פיניש מנקה ומחדש,מיליליטרים,250.00,"100 מ""ל",false,,14.90,0.0596,true,1,104694
8410104045111,false,פיניש מלח למדיח,פיניש,,פיניש מלח למדיח,קילוגרמים,2.00,"ק""ג",false,,14.90,7.4500,true,1,211945
8410104437268,false,פיניש ציטרו פרש,,,פיניש ציטרו פרש,גרמים,27.00,100 גרם,false,,14.90,0.5519,true,1,135314
8410128768416,false,ויוה סויה בריסטה קרט,,,ויוה סויה בריסטה קרט,ליטרים,1.00,ליטר,false,,11.90,11.9000,true,1,219665
8410179100043,false,שמן זית בורחס מעולה7,,,שמן זית בורחס מעולה7,יחידה,750.00,יחידה,false,,37.90,0.0505,true,1,111310
8410342003508,false,ממרח אגוזי לוז עם קק,,,ממרח אגוזי לוז עם קק,גרמים,200.00,100 גרם,false,,17.90,0.0895,true,1,216231
8410342004796,false,טוראס שוקולד מריר 85,,,טוראס שוקולד מריר 85,גרמים,100.00,100 גרם,false,,14.90,0.1490,true,1,210572
8410342004994,false,טוראס שוקולד מריר שב,,,טוראס שוקולד מריר שב,גרמים,125.00,100 גרם,false,,14.90,0.1192,true,1,210702
8410342006318,false,טוראס שוקולד מריר קפ,,,טוראס שוקולד מריר קפ,גרמים,75.00,100 גרם,false,,8.50,0.1133,true,1,212955
8410376009392,false,ביסקוויט מחיטה מלאה,,,ביסקוויט מחיטה מלאה,גרמים,170.00,100 גרם,false,,9.90,0.0582,true,1,123034
8410376010701,false,גולון ביסקוויט מרי ל,,,גולון ביסקוויט מרי ל,גרמים,400.00,100 גרם,false,,17.90,0.0447,true,1,122979
8410376023831,false,גולון ביסקוויט חיטה,,,גולון ביסקוויט חיטה,גרמים,400.00,100 גרם,false,,16.90,0.0422,true,1,141394
8410376029079,false,ביסקוויט ללא סוכר מצ,,,ביסקוויט ללא סוכר מצ,יחידה,186.00,יחידה,false,,16.90,0.0909,true,1,137557
8410376037784,false,גולון ביסקויט שוקו ל,,,גולון ביסקויט שוקו ל,גרמים,250.00,100 גרם,false,,13.50,0.0540,true,1,141877
8410376037883,false,עוגיות שוקו צ'יפס לל,,,עוגיות שוקו צ'יפס לל,גרמים,125.00,100 גרם,false,,13.50,0.1080,true,1,143317
8410376042481,false,גולון ביסקוויט קרם י,,,גולון ביסקוויט קרם י,גרמים,220.00,100 גרם,false,,15.90,0.0723,true,1,185336
8410376044393,false,גולון עוגיות סנדוויץ,,,גולון עוגיות סנדוויץ,גרמים,210.00,100 גרם,false,,18.90,0.0900,true,1,189582
8410376044959,false,גולון דיבוס בסקויט ל,,,גולון דיבוס בסקויט ל,גרמים,250.00,100 גרם,false,,18.90,0.0756,true,1,191488
8410376045017,false,קרקר מלוח ללא גלוטן,,,קרקר מלוח ללא גלוטן,גרמים,200.00,100 גרם,false,,18.90,0.0945,true,1,192165
8410376047509,false,גולון ביסקויט ללא סו,,,גולון ביסקויט ללא סו,גרמים,400.00,100 גרם,false,,15.90,0.0398,true,1,195230
8410376052633,false,גולון עוגיות שוקולד,,,גולון עוגיות שוקולד,גרמים,150.00,100 גרם,false,,12.90,0.0860,true,1,212882
8410376057270,false,גולון ביסקוויט ללא ס,,,גולון ביסקוויט ללא ס,גרמים,150.00,100 גרם,false,,17.90,0.1193,true,1,212230
8410376059380,false,גולון וופל וניל ללא,,,גולון וופל וניל ללא,גרמים,180.00,100 גרם,false,,15.90,0.0883,true,1,216324
8410376059397,false,גולון וופל שוקולד לל,,,גולון וופל שוקולד לל,גרמים,200.00,100 גרם,false,,15.90,0.0795,true,1,217480
8410441000576,false,פאוסטינו אדום VI,,,פאוסטינו אדום VI,מיליליטרים,750.00,"100 מ""ל",false,,65.00,0.0867,true,1,212183
8410655000423,false,בירה סאן מיגל רביעיי,,,בירה סאן מיגל רביעיי,ליטרים,1.32,ליטר,false,,24.90,18.8636,false,1,185490
8410655001147,false,בירה סאן מיגל פחית 5,,,בירה סאן מיגל פחית 5,מיליליטרים,500.00,"100 מ""ל",false,,9.00,0.0180,true,1,202618
8410721443611,false,פלפל שחור שלם 45 גרם,,,פלפל שחור שלם 45 גרם,גרמים,45.00,100 גרם,false,,11.90,0.2644,true,1,212743
8410721443635,false,מלח ים מטחנת זכוכית,,,מלח ים מטחנת זכוכית,גרמים,100.00,100 גרם,false,,11.90,0.1190,true,1,212744
8410721443659,false,תערובת פלפלים לתיבול,,,תערובת פלפלים לתיבול,גרמים,40.00,100 גרם,false,,11.90,0.2975,true,1,212745
8410721443680,false,מלח ים מטחנה 425 גר',,,מלח ים מטחנה 425 גר',גרמים,425.00,100 גרם,false,,21.90,0.0515,true,1,212741
8410793001764,false,מארז רביעייה בירה אס,,,מארז רביעייה בירה אס,מיליליטרים,1320.00,"100 מ""ל",false,,29.90,0.0227,true,1,219569
8410793262936,false,דאורה דאם ללא גלוטן,,,דאורה דאם ללא גלוטן,מיליליטרים,330.00,"100 מ""ל",false,,10.90,0.0330,true,1,211178
8411277063049,false,קווה ג'אום סרה ברוט,,,קווה ג'אום סרה ברוט,מיליליטרים,750.00,"100 מ""ל",false,,29.90,0.0399,true,1,127311
8411277205654,false,קווה ג'אום סרה גולד,,,קווה ג'אום סרה גולד,מיליליטרים,750.00,"100 מ""ל",false,,29.90,0.0399,true,1,216810
8411277350118,false,קווה ג'אום סרה חצי י,,,קווה ג'אום סרה חצי י,יחידה,0.00,יחידה,false,,29.90,0.0000,true,1,127312
8411320234006,false,ORTIZ-טונה בשמן זית,,,ORTIZ-טונה בשמן זית,גרמים,82.00,100 גרם,false,,18.90,0.2305,true,1,192552
8411320334027,false,ORTIZ-טונה בשמן זית,,,ORTIZ-טונה בשמן זית,גרמים,82.00,100 גרם,false,,13.90,0.1695,true,1,207214
8412168002529,false,מחייה 13% לימונים,,,מחייה 13% לימונים,מיליליטרים,700.00,"100 מ""ל",false,,49.90,0.0713,true,1,201330
8413664611611,false,צ'יפס דליקטס 180 גר',,,צ'יפס דליקטס 180 גר',גרמים,180.00,100 גרם,false,,15.90,0.0883,true,1,261296
8413664811905,false,צ'יפס שמן זית קינואה,,,צ'יפס שמן זית קינואה,גרמים,150.00,100 גרם,false,,15.90,0.1060,true,1,261298
8420708012822,false,גבינת קשקבל בשלה,,,גבינת קשקבל בשלה,גרמים,200.00,100 גרם,false,,22.90,0.1145,true,1,219331
8420708018817,false,גבינת מנצ'גו בשלה 15,,,גבינת מנצ'גו בשלה 15,גרמים,150.00,100 גרם,false,,28.90,0.1927,true,1,194402
8420822130600,false,סופר מסיר שומנים 750,,,סופר מסיר שומנים 750,מיליליטרים,750.00,"100 מ""ל",false,,14.90,0.0199,true,1,261097
8420822130624,false,סופר מסיר כתמים 750,,,סופר מסיר כתמים 750,מיליליטרים,750.00,"100 מ""ל",false,,17.90,0.0239,true,1,261098
8423207206488,false,חטיף דגנים מלאים מצו,,,חטיף דגנים מלאים מצו,יחידה,0.00,יחידה,false,,10.90,0.0000,true,1,138692
8423207206495,false,חטיף דגנים מלאים מצו,,,חטיף דגנים מלאים מצו,יחידה,0.00,יחידה,false,,10.90,0.0000,true,1,138693
8423207206501,false,מרבה סלים דליס חצי מ,,,מרבה סלים דליס חצי מ,יחידה,0.00,יחידה,false,,10.90,0.0000,true,1,138694
8423207207362,false,חטיף דגנים שוקולד לב,,,חטיף דגנים שוקולד לב,יחידה,0.00,יחידה,false,,10.90,0.0000,true,1,145046
8423207208260,false,סלים דליס שוקולד חלב,,,סלים דליס שוקולד חלב,יחידה,0.00,יחידה,false,,10.90,0.0000,true,1,187803
8423207208680,false,סלים דליס לילדים עם,,,סלים דליס לילדים עם,יחידה,0.00,יחידה,false,,10.90,0.0000,true,1,189653
8423207208697,false,סלים דליס לילדים עם,,,סלים דליס לילדים עם,יחידה,0.00,יחידה,false,,10.90,0.0000,true,1,189654
8423207208703,false,סלים דליס לילדים עם,,,סלים דליס לילדים עם,יחידה,0.00,יחידה,false,,10.90,0.0000,true,1,189655
8423207208871,false,פרכיות תירס בטעם טבע,,,פרכיות תירס בטעם טבע,גרמים,130.00,100 גרם,false,,8.90,0.0685,true,1,193912
8423207208888,false,פריכיות תירס בטעם עג,,,פריכיות תירס בטעם עג,גרמים,123.50,100 גרם,false,,8.90,0.0721,true,1,193770
8423207208895,false,פריכיות תירס בטעם זי,,,פריכיות תירס בטעם זי,גרמים,123.50,100 גרם,false,,8.90,0.0721,true,1,193771
8423207209885,false,מרבה סלים דליס מהדור,,,מרבה סלים דליס מהדור,גרמים,125.00,100 גרם,false,,10.90,0.0872,true,1,200704
8423207210287,false,מרבה סלים דליס שוקול,,,מרבה סלים דליס שוקול,גרמים,120.00,100 גרם,false,,10.90,0.0908,true,1,204025
8423207210928,false,סלים דליס טופינג אגו,,,סלים דליס טופינג אגו,גרמים,90.00,100 גרם,false,,10.90,0.1211,true,1,213686
8423207210942,false,סלים דליס טופינג פיר,,,סלים דליס טופינג פיר,גרמים,90.00,100 גרם,false,,10.90,0.1211,true,1,213688
8423207210966,false,סלים דליס טופינג קוק,,,סלים דליס טופינג קוק,גרמים,90.00,100 גרם,false,,10.90,0.1211,true,1,213687
8423207210980,false,סלים דליס טופינג קלי,,,סלים דליס טופינג קלי,גרמים,90.00,100 גרם,false,,10.90,0.1211,true,1,213717
8423371000202,false,חטיף בוטנים עם מלח,,,חטיף בוטנים עם מלח,גרמים,150.00,100 גרם,false,,8.90,0.0593,true,1,213177
8423371002312,false,חטיף בוטנים עם צ'ילי,,,חטיף בוטנים עם צ'ילי,גרמים,350.00,100 גרם,false,,8.90,0.0254,true,1,260676
8423371002725,false,חטיף בוטנים ואגוזים,,,חטיף בוטנים ואגוזים,גרמים,100.00,100 גרם,false,,8.90,0.0890,true,1,212899
8423371007089,false,חטיף בוטנים עם דבש ו,,,חטיף בוטנים עם דבש ו,גרמים,150.00,100 גרם,false,,8.90,0.0593,true,1,212901
8424842050016,false,צ'יפס בטעם כמהין,,,צ'יפס בטעם כמהין,גרמים,130.00,100 גרם,false,,12.90,0.0992,true,1,217720
8424842050030,false,צ'יפס עם מלח הימלאי,,,צ'יפס עם מלח הימלאי,גרמים,125.00,100 גרם,false,,12.90,0.1032,true,1,217718
8424842050085,false,צ'יפס בטעם חרדל ודבש,,,צ'יפס בטעם חרדל ודבש,גרמים,125.00,100 גרם,false,,12.90,0.1032,true,1,217719
8424842201340,false,צ'יפס מסורתי פרימיום,,,צ'יפס מסורתי פרימיום,גרמים,130.00,100 גרם,false,,12.90,0.0992,true,1,217721
8425206000081,false,ריבת חלב 450 גר',,,ריבת חלב 450 גר',גרמים,450.00,100 גרם,false,,21.90,0.0487,true,1,148478
8425206000142,false,ריבת חלב בבקבוק לחיץ,,,ריבת חלב בבקבוק לחיץ,גרמים,370.00,100 גרם,false,,19.90,0.0538,true,1,196740
8428818164172,false,מלח ים אטלנטי אפור ל,,,מלח ים אטלנטי אפור ל,קילוגרמים,1.00,"ק""ג",false,,14.90,14.9000,true,1,150461
8435495805106,false,"ביומטפרש 5 ק""ג",ביומט,,"ביומטפרש 5 ק""ג",קילוגרמים,5.00,"100 ק""ג",false,,29.90,5.9800,true,1,200343
8435495805168,false,"תינוקלין 1.25 ק""ג",תינוקלין,,"תינוקלין 1.25 ק""ג",קילוגרמים,1.25,"ק""ג",false,,24.90,19.9200,true,1,202279
8435495805199,false,"תינוקלין 3 ק""ג",תינוקלין,,"תינוקלין 3 ק""ג",קילוגרמים,3.00,"ק""ג",false,,43.90,14.6333,true,1,202527
8435495807605,false,תינוקלין מרכך כביסה,תינוקלין,,תינוקלין מרכך כביסה,ליטרים,1.00,ליטר,false,,17.90,17.9000,false,1,205056
8435495807636,false,תינוקלין ג'ל כביסה 2,תינוקלין,,תינוקלין ג'ל כביסה 2,ליטרים,2.00,ליטר,false,,29.90,14.9500,true,1,205603
8435495819363,false,תינוקלין מרכך כביסה,תינוקלין,,תינוקלין מרכך כביסה,ליטרים,1.00,ליטר,false,,17.90,17.9000,true,1,259827
8445290046284,false,נסקפה רד מאג,נסטלה,,נסקפה רד מאג,גרמים,220.00,100 גרם,false,,20.00,0.0909,false,1,262763
8445290341587,false,פנסי פיסט פטה דג לבן,,,פנסי פיסט פטה דג לבן,גרמים,85.00,100 גרם,false,,6.00,0.0706,true,1,264476
8445290341617,false,פנסי פיסט פטה עוף וס,,,פנסי פיסט פטה עוף וס,גרמים,85.00,100 גרם,false,,6.00,0.0706,true,1,263934
8445290341655,false,פנסי פיסט פטה עוף,,,פנסי פיסט פטה עוף,גרמים,85.00,100 גרם,false,,6.00,0.0706,true,1,264477
8445290427120,false,פיטנס שוקולד מריר וב,,,פיטנס שוקולד מריר וב,גרמים,330.00,100 גרם,false,,21.90,0.0664,false,1,263708
8595028440522,false,קולפן כרוב,,,קולפן כרוב,יחידה,0.00,יחידה,false,,19.90,0.0000,true,1,151290
8595028441611,false,זוג מסננות כיור,,,זוג מסננות כיור,יחידה,0.00,יחידה,false,,13.90,0.0000,true,1,195800
8606018615827,false,גלידת וניל עם שברי ע,,,גלידת וניל עם שברי ע,גרמים,480.00,100 גרם,false,,17.90,0.0373,true,1,261472
8606018615841,false,גלידת וניל עם ליבת ש,,,גלידת וניל עם ליבת ש,גרמים,480.00,100 גרם,false,,17.90,0.0373,true,1,261473
8606018615865,false,גלידת קרמל,,,גלידת קרמל,גרמים,480.00,100 גרם,false,,17.90,0.0373,true,1,261474
8683130008355,false,מיונז הלמנס שום לחיץ,הלמנ'ס,,מיונז הלמנס שום לחיץ,גרמים,400.00,100 גרם,false,,12.90,0.0323,true,1,260085
8683130008935,false,הלמנס קטשיונז 425 גר,הלמנ'ס,,הלמנס קטשיונז 425 גר,גרמים,425.00,100 גרם,false,,12.90,0.0304,true,1,261092
8683130012666,false,שלגון מגנום דאבל לבן,שטראוס,,שלגון מגנום דאבל לבן,גרמים,74.00,100 גרם,false,,11.00,0.1486,true,1,262558
8683130025581,false,בדין אקסטרה ענבר 960,בדין,,בדין אקסטרה ענבר 960,מיליליטרים,960.00,"100 מ""ל",false,,14.90,0.0155,false,1,263421
8690504081913,false,מיקוויטיס ביסקוויטים,,,מיקוויטיס ביסקוויטים,גרמים,150.00,100 גרם,false,,10.00,0.0667,true,1,202277
8690504081920,false,טינס מצופה שוקולד מר,,,טינס מצופה שוקולד מר,גרמים,150.00,100 גרם,false,,10.00,0.0667,true,1,202446
8690504081937,false,מיקוויטיס ביסקוויטים,,,מיקוויטיס ביסקוויטים,גרמים,150.00,100 גרם,false,,10.00,0.0667,true,1,202278
8690504153740,false,שוקולד מריר עם גאנש,,,שוקולד מריר עם גאנש,גרמים,86.00,100 גרם,false,,13.90,0.1616,true,1,203178
8690504153849,false,שוקולד חלב קרם אגוזי,,,שוקולד חלב קרם אגוזי,גרמים,83.00,100 גרם,false,,13.90,0.1675,true,1,203179
8690504156543,false,גודייבה שוקולד חלב מ,,,גודייבה שוקולד חלב מ,גרמים,88.00,100 גרם,false,,13.90,0.1580,true,1,215273
8690531032377,false,פלפל שיפקונית צנצנת,,,פלפל שיפקונית צנצנת,יחידה,0.00,יחידה,false,,9.90,0.0000,true,1,191164
8690637007705,false,מסטיגם,,,מסטיגם,גרמים,80.00,100 גרם,false,,6.50,0.0813,true,1,206459
8690637073373,false,תה ארל גריי סרוויס 2,ליפטון,,תה ארל גריי סרוויס 2,גרמים,50.00,100 גרם,false,,8.00,0.1600,true,1,117571
8690637073434,false,תה ארל גריי ליפטון 1,ליפטון,,תה ארל גריי ליפטון 1,גרמים,200.00,100 גרם,false,,27.90,0.1395,true,1,117568
8690637503856,false,ממרח הלמנס לחיץ 355,הלמנ'ס,,ממרח הלמנס לחיץ 355,גרמים,355.00,100 גרם,false,,12.90,0.0363,false,1,215802
8690637504426,false,סיף קרם לימון,סיף פנטסטיק,,סיף קרם לימון,מיליליטרים,500.00,"100 מ""ל",false,,9.90,0.0198,true,1,260892
8690637505607,false,בדין אקסטרה פינוק קל,בדין,,בדין אקסטרה פינוק קל,מיליליטרים,960.00,"100 מ""ל",false,,14.90,0.0155,false,1,219284
8690637505614,false,בדין אקסטרה פינוק קו,בדין,,בדין אקסטרה פינוק קו,מיליליטרים,960.00,"100 מ""ל",false,,14.90,0.0155,false,1,219285
8690637555084,false,בדין אקסטרא לבן 960מ,בדין,,בדין אקסטרא לבן 960מ,מיליליטרים,960.00,"100 מ""ל",false,,14.90,0.0155,false,1,122737
8690637688195,false,תה ירוק קלאסי ליפטון,ליפטון,,תה ירוק קלאסי ליפטון,יחידה,0.00,יחידה,false,,14.90,0.0000,true,1,148474
8690637704277,false,דאב שמפו יום יומי 2-,דאב,,דאב שמפו יום יומי 2-,מיליליטרים,600.00,"100 מ""ל",false,,15.90,0.0265,false,1,150584
8690637704291,false,"דאב שמפו משקם 600 מ""",דאב,,"דאב שמפו משקם 600 מ""",מיליליטרים,600.00,"100 מ""ל",false,,15.90,0.0265,false,1,150585
8690637704376,false,דאב שמפו יום יומי 60,דאב,,דאב שמפו יום יומי 60,מיליליטרים,600.00,"100 מ""ל",false,,15.90,0.0265,false,1,150586
8690637704390,false,דאב מרכך יום יומי 60,דאב,,דאב מרכך יום יומי 60,מיליליטרים,600.00,"100 מ""ל",false,,15.90,0.0265,false,1,150742
8690637704451,false,דאב מרכך שמני הזנה 6,דאב,,דאב מרכך שמני הזנה 6,מיליליטרים,600.00,"100 מ""ל",false,,15.90,0.0265,false,1,150751
8690637799594,false,תה ירוק נענע בסגנון,ליפטון,,תה ירוק נענע בסגנון,גרמים,36.00,100 גרם,false,,14.90,0.4139,true,1,193892
8690637835643,false,תה ירוק לואיזה ולימו,ליפטון,,תה ירוק לואיזה ולימו,גרמים,30.00,100 גרם,false,,14.90,0.4967,true,1,198777
8690637842382,false,מגנום דאבל פרי יער,,,מגנום דאבל פרי יער,יחידה,0.00,יחידה,false,,11.00,0.0000,true,1,201585
8690637842399,false,מאגדת מיני מגנום דאב,,,מאגדת מיני מגנום דאב,יחידה,0.00,יחידה,false,,32.90,0.0000,true,1,201586
8690637858734,false,סיף ג'ל אקונומיקה לי,סיף פנטסטיק,,סיף ג'ל אקונומיקה לי,מיליליטרים,750.00,"100 מ""ל",false,,10.90,0.0145,true,1,203504
8690637858741,false,סיף ג'ל אקונומיקה רו,סיף פנטסטיק,,סיף ג'ל אקונומיקה רו,מיליליטרים,750.00,"100 מ""ל",false,,10.90,0.0145,true,1,210066
8690637865589,false,דאב סבון ידיים מלפפו,דאב,,דאב סבון ידיים מלפפו,מיליליטרים,500.00,"100 מ""ל",false,,18.90,0.0378,true,1,262156
8690637865596,false,דאב סבון ידיים 500 מ,דאב,,דאב סבון ידיים 500 מ,מיליליטרים,500.00,"100 מ""ל",false,,18.90,0.0378,true,1,262177
8690637866654,false,ליפטון תה ירוק קלאסי,ליפטון,,ליפטון תה ירוק קלאסי,יחידה,0.00,יחידה,false,,25.90,0.0000,true,1,204267
8690637871047,false,דאב שמפו קוקוס 600 מ,דאב,,דאב שמפו קוקוס 600 מ,מיליליטרים,600.00,"100 מ""ל",false,,15.90,0.0265,true,1,204309
8690637871061,false,דאב שמפו עם שמן אבוק,דאב,,דאב שמפו עם שמן אבוק,מיליליטרים,600.00,"100 מ""ל",false,,15.90,0.0265,true,1,204310
8690637871108,false,הלמנס חרדל 250 גר',,,הלמנס חרדל 250 גר',גרמים,250.00,100 גרם,false,,12.90,0.0516,true,1,208317
8690637871245,false,הלמנס מיונז אמיתי לח,,,הלמנס מיונז אמיתי לח,גרמים,395.00,100 גרם,false,,12.90,0.0327,true,1,207400
8690637890666,false,מגנום דאבל פיסטוק מא,,,מגנום דאבל פיסטוק מא,גרמים,282.00,100 גרם,false,,32.90,0.1167,true,1,205792
8690637935701,false,בדין אקסטרה דובדבן ו,בדין,,בדין אקסטרה דובדבן ו,מיליליטרים,960.00,"100 מ""ל",false,,14.90,0.0155,false,1,211009
8690637946301,false,בדין אקסטרא בייבי כח,בדין,,בדין אקסטרא בייבי כח,מיליליטרים,960.00,"100 מ""ל",false,,14.90,0.0155,false,1,211680
8690637946318,false,בדין אקסטרה בייבי צה,בדין,,בדין אקסטרה בייבי צה,מיליליטרים,960.00,"100 מ""ל",false,,14.90,0.0155,false,1,213829
8690637971310,false,בדין אקסטרא יערת הדב,בדין,,בדין אקסטרא יערת הדב,מיליליטרים,960.00,"100 מ""ל",false,,14.90,0.0155,false,1,215559
8690637976995,false,בדין אקסטרה ורוד 960,בדין,,בדין אקסטרה ורוד 960,מיליליטרים,960.00,"100 מ""ל",false,,14.90,0.0155,false,1,215741
8690637987441,false,בדין אקסטרה כותנה ונ,בדין,,בדין אקסטרה כותנה ונ,מיליליטרים,960.00,"100 מ""ל",false,,14.90,0.0155,false,1,216866
8690637989612,false,מגנום מיני דאבל דולצ,,,מגנום מיני דאבל דולצ,גרמים,246.00,100 גרם,false,,32.90,0.1337,true,1,216972
8690637989629,false,מגנום דאבל דולצ'ה גו,,,מגנום דאבל דולצ'ה גו,גרמים,63.00,100 גרם,false,,11.00,0.1746,true,1,216973
8690766156367,false,שוקולד חלב מעולה גוד,,,שוקולד חלב מעולה גוד,גרמים,90.00,100 גרם,false,,14.50,0.1611,true,1,213612
8690766156374,false,שוקולד מריר 72% גודי,,,שוקולד מריר 72% גודי,גרמים,90.00,100 גרם,false,,14.50,0.1611,true,1,212924
8690766156381,false,שוקולד מריר מעולה 90,,,שוקולד מריר מעולה 90,גרמים,90.00,100 גרם,false,,14.50,0.1611,true,1,211681
8690766156398,false,שוקולד חלב מעולה בתו,,,שוקולד חלב מעולה בתו,גרמים,90.00,100 גרם,false,,14.50,0.1611,true,1,212919
8690766156404,false,שוקולד מריר מעולה בט,,,שוקולד מריר מעולה בט,גרמים,90.00,100 גרם,false,,14.50,0.1611,true,1,211682
8690766156411,false,שוקולד גודייבה מריר,,,שוקולד גודייבה מריר,גרמים,90.00,100 גרם,false,,14.50,0.1611,true,1,211836
8690770322079,false,שמרים יבשים 450 גר,,,שמרים יבשים 450 גר,גרמים,450.00,100 גרם,false,,12.90,0.0287,true,1,188943
8690777203012,false,SERA פלפלים ירוקים כ,,,SERA פלפלים ירוקים כ,גרמים,600.00,100 גרם,false,,10.90,0.0182,true,1,118827
8690777221405,false,SERA פלפל אדום קלוי,וילי פוד,,SERA פלפל אדום קלוי,גרמים,650.00,100 גרם,false,,10.90,0.0168,true,1,118649
8690784516440,false,דאק ג'ל נוזל לבנדר 7,טואלט דאק (ג'ונסון),,דאק ג'ל נוזל לבנדר 7,מיליליטרים,750.00,"100 מ""ל",false,,8.90,0.0119,true,1,210595
8690784611442,false,דאק סבון אקטיבי עם א,טואלט דאק (ג'ונסון),,דאק סבון אקטיבי עם א,יחידה,0.00,יחידה,false,,9.90,0.0000,true,1,217499
8690784614993,false,דאק סבון ניקוי אסלה,טואלט דאק (ג'ונסון),,דאק סבון ניקוי אסלה,גרמים,38.60,100 גרם,false,,9.90,0.2565,true,1,203311
8690784616775,false,דאק אקווה בלו,טואלט דאק (ג'ונסון),,דאק אקווה בלו,יחידה,0.00,יחידה,false,,9.90,0.0000,true,1,205159
8693323085100,false,יוגטה שטיחים חמוצים,יוגטה,,יוגטה שטיחים חמוצים,גרמים,100.00,100 גרם,false,,8.00,0.0800,true,1,204809
8693323099107,false,יוגטה מרשמלו לבבות 1,יוגטה,,יוגטה מרשמלו לבבות 1,גרמים,150.00,100 גרם,false,,8.50,0.0567,true,1,199931
8693357034167,false,"קערה 17 ס""מ צפס",,,"קערה 17 ס""מ צפס",יחידה,0.00,יחידה,false,,19.90,0.0000,true,1,158833
8693357153332,false,סט גביעי יין שישיה,,,סט גביעי יין שישיה,יחידה,0.00,יחידה,false,,29.90,0.0000,true,1,190487
8693357153530,false,מארז 6 כוסות לונג 29,,,מארז 6 כוסות לונג 29,יחידה,0.00,יחידה,false,,31.90,0.0000,true,1,264165
8693357393905,false,מארז 4 כוסות שוט 62,,,מארז 4 כוסות שוט 62,יחידה,0.00,יחידה,false,,25.90,0.0000,true,1,264166
8693495041461,false,קולגייט מברשת סלים ס,,,קולגייט מברשת סלים ס,יחידה,0.00,יחידה,false,,24.90,0.0000,true,1,147655
8693495050333,false,פלמוליב סבון נוזלי ל,,,פלמוליב סבון נוזלי ל,מיליליטרים,500.00,"100 מ""ל",false,,14.90,0.0298,true,1,198001
8693495052177,false,פלמוליב זיתים 750 מ',,,פלמוליב זיתים 750 מ',מיליליטרים,750.00,"100 מ""ל",false,,19.90,0.0265,true,1,200699
8693495052931,false,קולגייט זוג מברשות 3,,,קולגייט זוג מברשות 3,יחידה,0.00,יחידה,false,,29.90,0.0000,true,1,207541
8696219361302,false,סט 3 יח' קופסאות איח,,,סט 3 יח' קופסאות איח,יחידה,0.00,יחידה,false,,27.90,0.0000,true,1,262025
8696219363726,false,סט 4 יח' קופסאות איח,,,סט 4 יח' קופסאות איח,יחידה,0.00,יחידה,false,,27.90,0.0000,true,1,262024
8696219371769,false,סט 3 יח' קופסאות איח,,,סט 3 יח' קופסאות איח,יחידה,0.00,יחידה,false,,16.90,0.0000,true,1,262028
8697040108975,false,אסותא שטיפה אינטימית,,,אסותא שטיפה אינטימית,מיליליטרים,400.00,"100 מ""ל",false,,15.90,0.0398,true,1,200686
8697431921701,false,פרופה-קונפיטורה תות,,,פרופה-קונפיטורה תות,גרמים,450.00,100 גרם,false,,12.00,0.0267,true,1,149185
8697530910743,false,פאל מאל כחול קצר מטא,,,פאל מאל כחול קצר מטא,יחידה,0.00,יחידה,false,,29.00,0.0000,false,1,114129
8697530910750,false,פאל מאל כחול ארוך מט,,,פאל מאל כחול ארוך מט,יחידה,0.00,יחידה,false,,29.00,0.0000,false,1,113875
8697659225179,false,מטהר אוויר fresh&mor,יעקובי,,מטהר אוויר fresh&mor,מיליליטרים,250.00,"100 מ""ל",false,,9.90,0.0396,true,1,196717
8697659225186,false,מטהר אוויר fresh&mor,יעקובי,,מטהר אוויר fresh&mor,מיליליטרים,250.00,"100 מ""ל",false,,9.90,0.0396,true,1,196718
8697659229825,false,פרש&מור מילוי לטהר א,יעקובי,,פרש&מור מילוי לטהר א,מיליליטרים,250.00,"100 מ""ל",false,,9.90,0.0396,true,1,203961
8697659229832,false,פרש&מור מילוי לטהר א,יעקובי,,פרש&מור מילוי לטהר א,מיליליטרים,250.00,"100 מ""ל",false,,9.90,0.0396,true,1,203962
8697659229849,false,מילוי למטהר אוויר רי,יעקובי,,מילוי למטהר אוויר רי,מיליליטרים,250.00,"100 מ""ל",false,,9.90,0.0396,true,1,204806
8697659232757,false,מבשם אריגים לבנדר יע,יעקובי,,מבשם אריגים לבנדר יע,מיליליטרים,425.00,"100 מ""ל",false,,11.90,0.0280,true,1,205149
8697659233631,false,אל סבון נוזלי טום וג,,,אל סבון נוזלי טום וג,מיליליטרים,430.00,"100 מ""ל",false,,9.90,0.0230,true,1,262352
8697659234218,false,דיסני שמפו פרוזן 600,,,דיסני שמפו פרוזן 600,מיליליטרים,600.00,"100 מ""ל",false,,11.90,0.0198,true,1,212019
8697659238131,false,מטהר אוויר פרש מור ה,יעקובי,,מטהר אוויר פרש מור ה,מיליליטרים,400.00,"100 מ""ל",false,,9.90,0.0248,true,1,210521
8697659243203,false,פרש&מור מטהר אוויר פ,,,פרש&מור מטהר אוויר פ,מיליליטרים,300.00,"100 מ""ל",false,,11.90,0.0397,true,1,219849
8697659244842,false,"שמפו סופרמן 600 מ""ל",,,"שמפו סופרמן 600 מ""ל",מיליליטרים,600.00,"100 מ""ל",false,,11.90,0.0198,true,1,262351
8697659244880,false,אל סבון נוזלי באטמן,,,אל סבון נוזלי באטמן,מיליליטרים,430.00,"100 מ""ל",false,,9.90,0.0230,true,1,262355
8697826469092,false,טורטיה קטנה,,,טורטיה קטנה,יחידה,0.00,יחידה,false,,9.90,0.0000,true,1,148515
8699568532003,false,וולה פלקס ספריי לעי,,,וולה פלקס ספריי לעי,מיליליטרים,250.00,"100 מ""ל",false,,32.90,0.1316,true,1,215803
8710447211052,false,טרזמה שמפו בוטניק 40,,,טרזמה שמפו בוטניק 40,מיליליטרים,400.00,"100 מ""ל",false,,17.90,0.0447,true,1,205543
8710447224311,false,טרזמה מרכך בוטניק 40,,,טרזמה מרכך בוטניק 40,מיליליטרים,400.00,"100 מ""ל",false,,17.90,0.0447,true,1,205544
8710447320662,false,דאב ספריי אפרסק ללא,דאב,,דאב ספריי אפרסק ללא,מיליליטרים,150.00,"100 מ""ל",false,,16.90,0.1127,true,1,211844
8710496504983,false,פיצפוצי שוקולד חלב,,,פיצפוצי שוקולד חלב,גרמים,400.00,100 גרם,false,,21.90,0.0547,true,1,137271
8710502011894,false,מרבה עוגיות לימון עם,,,מרבה עוגיות לימון עם,גרמים,225.00,100 גרם,false,,8.90,0.0396,true,1,202608
8710502139017,false,עוגיות טריפל שוקולד,מרבה,,עוגיות טריפל שוקולד,גרמים,180.00,100 גרם,false,,8.90,0.0494,true,1,126981
8710502194801,false,מרבה עוגיות שוקולד צ,,,מרבה עוגיות שוקולד צ,יחידה,0.00,יחידה,false,,8.90,0.0000,true,1,193268
8710502279010,false,מרבה עוגיות שוקולד צ,,,מרבה עוגיות שוקולד צ,גרמים,175.00,100 גרם,false,,8.90,0.0509,true,1,215743
8710502285509,false,מרבה עוגיות לימון וש,,,מרבה עוגיות לימון וש,גרמים,175.00,100 גרם,false,,8.90,0.0509,true,1,259613
8710502470028,false,עוגיות נוגטלי שוקולד,,,עוגיות נוגטלי שוקולד,גרמים,160.00,100 גרם,false,,8.90,0.0556,true,1,126776
8710552274614,false,וניש גולד לשטיחים,,,וניש גולד לשטיחים,מיליליטרים,600.00,"100 מ""ל",false,,24.90,0.0415,true,1,203612
8710800027573,false,מיני מנטוס,פרפטי ואן מלה,,מיני מנטוס,גרמים,178.00,100 גרם,false,,12.50,0.0702,true,1,102253
8710800961310,false,מנטוס רביעיה,פרפטי ואן מלה,,מנטוס רביעיה,גרמים,150.00,100 גרם,false,,10.90,0.0727,false,1,102254
8710847898853,false,דאודורנט קרסונה מן ס,רקסונה,,דאודורנט קרסונה מן ס,מיליליטרים,150.00,"100 מ""ל",false,,14.90,0.0993,true,1,211011
8710847942679,false,טרזמה שמפו שמן המפ 4,,,טרזמה שמפו שמן המפ 4,מיליליטרים,400.00,"100 מ""ל",false,,17.90,0.0447,true,1,259514
8710847942693,false,טרזמה מרכך שמן המפ 4,,,טרזמה מרכך שמן המפ 4,מיליליטרים,400.00,"100 מ""ל",false,,17.90,0.0447,true,1,259515
8710847973970,false,דאב תחליב רחצה אלוור,דאב,,דאב תחליב רחצה אלוור,מיליליטרים,750.00,"100 מ""ל",false,,17.90,0.0239,false,1,216218
8710860115197,false,שימורים לגור כלב רוק,,,שימורים לגור כלב רוק,גרמים,410.00,100 גרם,false,,4.50,0.0110,true,1,261436
8710862000231,false,שימורים לכלב רוקוס ח,,,שימורים לכלב רוקוס ח,גרמים,410.00,100 גרם,false,,4.50,0.0110,true,1,261438
8710862055446,false,שימורים לחתול מיקי ע,,,שימורים לחתול מיקי ע,גרמים,400.00,100 גרם,false,,4.50,0.0113,true,1,261432
8710862055460,false,שימורים לחתול מיקי ב,,,שימורים לחתול מיקי ב,גרמים,400.00,100 גרם,false,,4.50,0.0113,true,1,261434
8710862055477,false,שימורים לחתול מיקי ל,,,שימורים לחתול מיקי ל,גרמים,400.00,100 גרם,false,,4.50,0.0113,true,1,261435
8710862055705,false,שימורים לכלב רוקוס ח,,,שימורים לכלב רוקוס ח,גרמים,410.00,100 גרם,false,,4.50,0.0110,true,1,261440
8710908404184,false,דאב ספריי אורגינל 0%,דאב,,דאב ספריי אורגינל 0%,מיליליטרים,150.00,"100 מ""ל",false,,16.90,0.1127,true,1,211845
8711000362570,false,קפסולות קפה לור 9,,,קפסולות קפה לור 9,גרמים,52.00,100 גרם,false,,16.90,0.3250,true,1,204064
8711000362617,false,קפסולות קפה לור 8,,,קפסולות קפה לור 8,גרמים,52.00,100 גרם,false,,16.90,0.3250,true,1,204065
8711000362631,false,קפסולות קפה לור 12,,,קפסולות קפה לור 12,גרמים,52.00,100 גרם,false,,16.90,0.3250,true,1,204066
8711000362679,false,קפסולות קפה לור קולו,,,קפסולות קפה לור קולו,גרמים,52.00,100 גרם,false,,16.90,0.3250,true,1,208103
8711000362747,false,קפסולות קפה לור 11,,,קפסולות קפה לור 11,גרמים,52.00,100 גרם,false,,16.90,0.3250,true,1,204067
8711000371176,false,ג'ייקובס קפסולות קפה,,,ג'ייקובס קפסולות קפה,גרמים,52.00,100 גרם,false,,14.90,0.2865,true,1,204940
8711000371183,false,ג'ייקובס קפסולות קפה,,,ג'ייקובס קפסולות קפה,גרמים,52.00,100 גרם,false,,14.90,0.2865,true,1,204941
8711000371206,false,ג'ייקובס קפסולות קפה,,,ג'ייקובס קפסולות קפה,גרמים,52.00,100 גרם,false,,14.90,0.2865,true,1,204942
8711000371244,false,ג'ייקובס קפסולות אספ,,,ג'ייקובס קפסולות אספ,גרמים,52.00,100 גרם,false,,14.90,0.2865,true,1,213813
8711000397466,false,קפסולות קפה לור נטו,,,קפסולות קפה לור נטו,גרמים,52.00,100 גרם,false,,16.90,0.3250,true,1,261628
8711000471296,false,לור קפסולות אספרסו א,,,לור קפסולות אספרסו א,גרמים,52.00,100 גרם,false,,16.90,0.3250,true,1,213643
8711000472040,false,ג'יקובס קפסולות בית,,,ג'יקובס קפסולות בית,גרמים,52.00,100 גרם,false,,14.90,0.2865,true,1,219514
8711000495933,false,ג'ייקובס בריסטה קפסו,,,ג'ייקובס בריסטה קפסו,יחידה,0.00,יחידה,false,,18.90,0.0000,true,1,264125
8711000497050,false,ג'ייקובס בריסטה קפסו,,,ג'ייקובס בריסטה קפסו,יחידה,0.00,יחידה,false,,18.90,0.0000,true,1,264126
8711200443789,false,חרדל גרגרים 235 גר ל,,,חרדל גרגרים 235 גר ל,גרמים,235.00,100 גרם,false,,14.90,0.0634,true,1,206390
8711200443802,false,חרדל דיז'ון 235 גר ל,,,חרדל דיז'ון 235 גר ל,גרמים,235.00,100 גרם,false,,14.90,0.0634,true,1,206321
8711327475618,false,גלידת מגנום וניל קלא,מגנום- שטראוס,,גלידת מגנום וניל קלא,גרמים,260.00,100 גרם,false,,21.90,0.0842,true,1,215947
8711327475762,false,גלידת מגנום שוקולד ל,מגנום- שטראוס,,גלידת מגנום שוקולד ל,גרמים,260.00,100 גרם,false,,21.90,0.0842,true,1,215949
8711351010137,false,גלידה רפאלו סורבה מנ,,,גלידה רפאלו סורבה מנ,מיליליטרים,750.00,"100 מ""ל",false,,21.90,0.0292,true,1,104304
8711351010205,false,גלידה רפאלו סורבה תו,,,גלידה רפאלו סורבה תו,מיליליטרים,750.00,"100 מ""ל",false,,21.90,0.0292,true,1,104308
8712000051099,false,הייניקן 0% שישייה 33,היינקן,,הייניקן 0% שישייה 33,מיליליטרים,1980.00,"100 מ""ל",false,,32.00,0.0162,false,1,205021
8712100441639,false,חומץ בלסמי ממודנה,,,חומץ בלסמי ממודנה,מיליליטרים,500.00,"100 מ""ל",false,,33.90,0.0678,true,1,263946
8712100739231,false,PG תה שחור פירמידה,,,PG תה שחור פירמידה,גרמים,116.00,100 גרם,false,,17.90,0.1543,true,1,189903
8712400802512,false,נוטרילון 2- 800גר,,,נוטרילון 2- 800גר,גרמים,800.00,100 גרם,false,,64.90,0.0811,false,1,135455
8712400802536,false,נוטרילון 3- 800גר,,,נוטרילון 3- 800גר,גרמים,800.00,100 גרם,false,,64.90,0.0811,false,1,135457
8712561594608,false,תחליב רחצה דאב 750,דאב,,תחליב רחצה דאב 750,מיליליטרים,750.00,"100 מ""ל",false,,17.90,0.0239,false,1,186818
8712561611411,false,תחליב רחצה דאב 750 מ,דאב,,תחליב רחצה דאב 750 מ,מיליליטרים,750.00,"100 מ""ל",false,,17.90,0.0239,false,1,187024
8712561626286,false,תחליב רחצה דאב 750 מ,דאב,,תחליב רחצה דאב 750 מ,מיליליטרים,750.00,"100 מ""ל",false,,17.90,0.0239,false,1,187473
8712561631570,false,תחליב רחצה דאב 750 מ,דאב,,תחליב רחצה דאב 750 מ,מיליליטרים,750.00,"100 מ""ל",false,,17.90,0.0239,false,1,187098
8714443620030,false,נטורפוד-מרק ירקות או,,,נטורפוד-מרק ירקות או,גרמים,200.00,100 גרם,false,,27.90,0.1395,true,1,145146
8714599410530,false,ג'קובס שקית 200 גר,,,ג'קובס שקית 200 גר,גרמים,200.00,100 גרם,false,,19.90,0.0995,false,1,200629
8714599410806,false,ג'ייקובס קרוננג שקית,,,ג'ייקובס קרוננג שקית,גרמים,160.00,100 גרם,false,,14.90,0.0931,false,1,215556
8714599412336,false,ג'ייקובס בריסטה אמרי,,,ג'ייקובס בריסטה אמרי,גרמים,160.00,100 גרם,false,,22.90,0.1431,false,1,219522
8714599513781,false,קפה נמס ג'יקובס גולד,,,קפה נמס ג'יקובס גולד,גרמים,200.00,100 גרם,false,,24.90,0.1245,false,1,190514
8714599513835,false,ג'יקובס נטול קופאין,,,ג'יקובס נטול קופאין,גרמים,200.00,100 גרם,false,,32.90,0.1645,false,1,193267
8714599513866,false,ג'קובס קרוננג מיובש,,,ג'קובס קרוננג מיובש,גרמים,200.00,100 גרם,false,,24.90,0.1245,false,1,190909
8714789177229,false,רביעיה מברשות שיניים,קולגייט,,רביעיה מברשות שיניים,יח',4.00,יח',false,,9.90,2.4750,true,1,96707
8714789303925,false,מברשת שיניים קולגייט,קולגייט,,מברשת שיניים קולגייט,יחידה,0.00,יחידה,false,,24.90,0.0000,true,1,116922
8714789402918,false,אג'קס חגיגת פרחים 1.,אג'קס,,אג'קס חגיגת פרחים 1.,ליטרים,1.50,ליטר,false,,19.90,13.2667,true,1,118045
8714789402932,false,אג'קס חגיגת פרחים ור,אג'קס,,אג'קס חגיגת פרחים ור,ליטרים,1.50,ליטר,false,,19.90,13.2667,true,1,118061
8714789402970,false,אג'קס חגיגת פרחים 1.,אג'קס,,אג'קס חגיגת פרחים 1.,ליטרים,1.50,ליטר,false,,19.90,13.2667,true,1,118047
8714789450315,false,פלמוליב שקוף לכלים 1,פלמוליב,,פלמוליב שקוף לכלים 1,ליטרים,1.50,ליטר,false,,15.90,10.6000,false,1,151110
8714789582764,false,אג'קס חלונות 750 מל,,,אג'קס חלונות 750 מל,מיליליטרים,750.00,"100 מ""ל",false,,14.90,0.0199,true,1,148785
8714789740058,false,קולגייט מברשת טוויסט,,,קולגייט מברשת טוויסט,יחידה,0.00,יחידה,false,,17.90,0.0000,true,1,139591
8714789797786,false,פלמוליב כלים שקוף 4,,,פלמוליב כלים שקוף 4,מיליליטרים,750.00,"100 מ""ל",false,,9.90,0.0132,false,1,139473
8714789831275,false,קולגייט מברשת 360 או,,,קולגייט מברשת 360 או,יחידה,0.00,יחידה,false,,24.90,0.0000,true,1,140488
8714789834467,false,פלמוליב כלים קלאסי 1,פלמוליב,,פלמוליב כלים קלאסי 1,ליטרים,1.50,ליטר,false,,15.90,10.6000,true,1,142239
8714789930848,false,קולגייט משחת אופטיק,,,קולגייט משחת אופטיק,מיליליטרים,75.00,"100 מ""ל",false,,16.90,0.2253,true,1,147949
8715035520301,false,קיקומן רוטב יפני מסו,,,קיקומן רוטב יפני מסו,מיליליטרים,250.00,"100 מ""ל",false,,18.90,0.0756,true,1,207270
8715700110141,false,מיונז היינץ 460 גר,,,מיונז היינץ 460 גר,גרמים,460.00,100 גרם,false,,9.90,0.0215,false,1,200269
8715700110158,false,מיונז לייט צנצנת הי,,,מיונז לייט צנצנת הי,גרמים,490.00,100 גרם,false,,9.90,0.0202,false,1,200270
8715700115641,false,ממרח היינץ 420 גר,,,ממרח היינץ 420 גר,גרמים,420.00,100 גרם,false,,14.90,0.0355,true,1,199219
8715700117805,false,קטשופ היינץ ללא תוספ,,,קטשופ היינץ ללא תוספ,מיליליטרים,400.00,"100 מ""ל",false,,9.90,0.0248,false,1,211667
8715700118925,false,קטשופ היינץ חריף,,,קטשופ היינץ חריף,גרמים,460.00,100 גרם,false,,11.90,0.0259,true,1,264661
8715700120874,false,קטשופ היינץ שום,,,קטשופ היינץ שום,גרמים,460.00,100 גרם,false,,9.90,0.0215,false,1,259567
8715700415925,false,קטשופ היינץ עם פלפל,,,קטשופ היינץ עם פלפל,גרמים,255.00,100 גרם,false,,8.90,0.0349,true,1,198806
8715700419695,false,רוטב ברבקיו מתוק,,,רוטב ברבקיו מתוק,גרמים,500.00,100 גרם,false,,15.90,0.0318,true,1,199649
8715700419732,false,קטשופ היינץ 700 גר,,,קטשופ היינץ 700 גר,גרמים,700.00,100 גרם,false,,9.90,0.0141,false,1,147719
8715700421322,false,רוטב ברבקיו בטעם צ'י,,,רוטב ברבקיו בטעם צ'י,גרמים,490.00,100 גרם,false,,15.90,0.0324,true,1,199418
8715700422473,false,ממרח היינץ 395 גר,,,ממרח היינץ 395 גר,גרמים,395.00,100 גרם,false,,14.90,0.0377,true,1,195138
8715700423906,false,מתבל עגבניות היינץ,,,מתבל עגבניות היינץ,גרמים,555.00,100 גרם,false,,9.90,0.0178,true,1,201226
8717163607305,false,רביעיה דאב גרגרי,דאב,,רביעיה דאב גרגרי,גרמים,400.00,100 גרם,false,,13.90,0.0348,false,1,101853
8717163630105,false,טרזמה שמפו להחלקה וצ,,,טרזמה שמפו להחלקה וצ,מיליליטרים,400.00,"100 מ""ל",false,,19.90,0.0497,true,1,212940
8717163647196,false,אקס ספריי גוף אנרכי,אקס,,אקס ספריי גוף אנרכי,מיליליטרים,150.00,"100 מ""ל",false,,11.90,0.0793,false,1,207586
8717163647226,false,דאודורנט אקס ספריי ג,אקס,,דאודורנט אקס ספריי ג,מיליליטרים,150.00,"100 מ""ל",false,,11.90,0.0793,false,1,207734
8717163647233,false,אקס בלק נייט פרש,אקס,,אקס בלק נייט פרש,מיליליטרים,150.00,"100 מ""ל",false,,11.90,0.0793,false,1,207769
8717163647240,false,דאודורנט אקס ספריי ג,אקס,,דאודורנט אקס ספריי ג,מיליליטרים,150.00,"100 מ""ל",false,,11.90,0.0793,false,1,207587
8717163647264,false,אקס דאודורנט ספריי ג,אקס,,אקס דאודורנט ספריי ג,מיליליטרים,150.00,"100 מ""ל",false,,11.90,0.0793,false,1,206323
8717163655764,false,דאודורנט רקסונה ספרי,רקסונה,,דאודורנט רקסונה ספרי,מיליליטרים,150.00,"100 מ""ל",false,,14.90,0.0993,true,1,209442
8717163655825,false,דאודורנט רקסונה ספרי,רקסונה,,דאודורנט רקסונה ספרי,מיליליטרים,150.00,"100 מ""ל",false,,14.90,0.0993,true,1,209443
8717163947692,false,אקס ג'ל רחצה פינק פפ,אקס,,אקס ג'ל רחצה פינק פפ,מיליליטרים,400.00,"100 מ""ל",false,,15.00,0.0375,true,1,211883
8717644390566,false,סבון דאב מוצק ירוק ר,דאב,,סבון דאב מוצק ירוק ר,גרמים,400.00,100 גרם,false,,13.90,0.0348,false,1,117384
8717677336593,false,טוניס שוקולד חלב,,,טוניס שוקולד חלב,גרמים,180.00,100 גרם,false,,18.90,0.1050,true,1,261270
8717677336616,false,טוניס שוקולד מריר עם,,,טוניס שוקולד מריר עם,גרמים,180.00,100 גרם,false,,18.90,0.1050,true,1,261271
8717677336630,false,טוניס שוקולד חלב עם,,,טוניס שוקולד חלב עם,גרמים,180.00,100 גרם,false,,18.90,0.1050,true,1,261272
8717677336661,false,טוניס שוקולד מריר מע,,,טוניס שוקולד מריר מע,גרמים,180.00,100 גרם,false,,18.90,0.1050,true,1,261273
8717677338436,false,טוניס שוקולד חלב עם,,,טוניס שוקולד חלב עם,גרמים,180.00,100 גרם,false,,18.90,0.1050,true,1,261274
8718114734484,false,מיונז דיילי 320גר,,,מיונז דיילי 320גר,גרמים,320.00,100 גרם,false,,12.90,0.0403,true,1,185678
8718692610835,false,שלישיית בקבוקי סודה,,,שלישיית בקבוקי סודה,יחידה,0.00,יחידה,false,,59.90,0.0000,true,1,205087
8718951001589,false,אג'קס ספריי מסיר שומ,,,אג'קס ספריי מסיר שומ,מיליליטרים,600.00,"100 מ""ל",false,,14.90,0.0248,true,1,187182
8718951030206,false,קולגייט סנסיטיב מולט,,,קולגייט סנסיטיב מולט,מיליליטרים,75.00,"100 מ""ל",false,,14.90,0.1987,true,1,211903
8718951044913,false,מרידול משחת שיניים ה,,,מרידול משחת שיניים ה,מיליליטרים,75.00,"100 מ""ל",false,,21.90,0.2920,true,1,187013
8718951048669,false,אג'קס ספריי לניקוי ח,,,אג'קס ספריי לניקוי ח,100 מל,750.00,100 מל,false,,14.90,0.0199,true,1,261670
8718951093331,false,זוג מברשות שיניים מר,,,זוג מברשות שיניים מר,יחידה,0.00,יחידה,false,,34.90,0.0000,true,1,190685
8718951144064,false,מברשות שיניים מרידול,,,מברשות שיניים מרידול,יחידה,0.00,יחידה,false,,34.90,0.0000,true,1,197077
8718951159808,false,מברשות קולגייט שלישי,,,מברשות קולגייט שלישי,יחידה,0.00,יחידה,false,,29.90,0.0000,true,1,198348
8718951166288,false,קולגייט משחת מקס ויי,,,קולגייט משחת מקס ויי,מיליליטרים,125.00,"100 מ""ל",false,,15.90,0.1272,true,1,204560
8718951166561,false,קולגייט משחת מקס פרש,,,קולגייט משחת מקס פרש,מיליליטרים,125.00,"100 מ""ל",false,,15.90,0.1272,true,1,204561
8718951167094,false,פלמוליב צילינדר תפוז,,,פלמוליב צילינדר תפוז,ליטרים,1.00,ליטר,false,,13.90,13.9000,false,1,200433
8718951170445,false,קולגייט סמיילס משחת,,,קולגייט סמיילס משחת,מיליליטרים,50.00,"100 מ""ל",false,,10.90,0.2180,true,1,202998
8718951175280,false,קולגייט טוטאל פרו וי,,,קולגייט טוטאל פרו וי,יחידה,0.00,יחידה,false,,16.90,0.0000,true,1,207542
8718951175631,false,קולגייט טוטאל פרו גא,,,קולגייט טוטאל פרו גא,מיליליטרים,75.00,"100 מ""ל",false,,16.90,0.2253,true,1,206471
8718951176874,false,קולגייט מי פה מיניון,,,קולגייט מי פה מיניון,מיליליטרים,250.00,"100 מ""ל",false,,14.90,0.0596,true,1,219296
8718951187115,false,אלמקס מברשת שיניים י,,,אלמקס מברשת שיניים י,יחידה,0.00,יחידה,false,,24.90,0.0000,true,1,203386
8718951222779,false,מרידול פור משחת שיני,,,מרידול פור משחת שיני,מיליליטרים,75.00,"100 מ""ל",false,,24.90,0.3320,true,1,209761
8718951236790,false,קולגייט טוטל קלין מי,,,קולגייט טוטל קלין מי,מיליליטרים,100.00,"100 מ""ל",false,,16.90,0.1690,true,1,206474
8718951236806,false,קולגייט טוטל הלבנה מ,,,קולגייט טוטל הלבנה מ,מיליליטרים,100.00,"100 מ""ל",false,,16.90,0.1690,true,1,206475
8718951236813,false,קולגייט טוטאל אדוונס,,,קולגייט טוטאל אדוונס,מיליליטרים,100.00,"100 מ""ל",false,,16.90,0.1690,true,1,208421
8718951240742,false,קולגייט טוטל פסים מר,,,קולגייט טוטל פסים מר,מיליליטרים,100.00,"100 מ""ל",false,,16.90,0.1690,true,1,206476
8718951247871,false,אג'קס טריגר לשירותים,,,אג'קס טריגר לשירותים,מיליליטרים,500.00,"100 מ""ל",false,,14.90,0.0298,true,1,210797
8718951254527,false,קולגייט סנסיטיב פרו,,,קולגייט סנסיטיב פרו,יחידה,0.00,יחידה,false,,19.90,0.0000,true,1,208191
8718951259409,false,פלמוליב נטורלס תחליב,,,פלמוליב נטורלס תחליב,מיליליטרים,750.00,"100 מ""ל",false,,19.90,0.0265,true,1,264186
8718951264618,false,קולגייט אופטיק וייט,,,קולגייט אופטיק וייט,מיליליטרים,75.00,"100 מ""ל",false,,25.90,0.3453,true,1,211697
8718951281738,false,משחת שיניים אלמקס סנ,,,משחת שיניים אלמקס סנ,מיליליטרים,75.00,"100 מ""ל",false,,18.90,0.2520,true,1,212674
8718951286733,false,קולגייט אופטיק וויט,,,קולגייט אופטיק וויט,מיליליטרים,75.00,"100 מ""ל",false,,25.90,0.3453,true,1,259523
8718951288492,false,מרידול משחת שיניים ב,,,מרידול משחת שיניים ב,מיליליטרים,150.00,"100 מ""ל",false,,29.90,0.1993,true,1,211177
8718951289833,false,פלמוליב סבון מוצק לו,,,פלמוליב סבון מוצק לו,גרמים,360.00,100 גרם,false,,17.00,0.0472,true,1,210036
8718951313927,false,פלמוליב סבון ידיים ח,,,פלמוליב סבון ידיים ח,מיליליטרים,300.00,"100 מ""ל",false,,10.90,0.0363,true,1,214446
8718951314009,false,פלמוליב נטורלס תחליב,,,פלמוליב נטורלס תחליב,מיליליטרים,750.00,"100 מ""ל",false,,19.90,0.0265,true,1,261333
8718951314023,false,פלמוליב נטורלס תחליב,,,פלמוליב נטורלס תחליב,מיליליטרים,750.00,"100 מ""ל",false,,19.90,0.0265,true,1,262927
8718951315303,false,קולגייט אדומה ביטיוב,,,קולגייט אדומה ביטיוב,מיליליטרים,200.00,"100 מ""ל",false,,19.90,0.0995,true,1,212847
8718951319806,false,פלמוליב לגבר ג'ל רחצ,,,פלמוליב לגבר ג'ל רחצ,מיליליטרים,750.00,"100 מ""ל",false,,19.90,0.0265,true,1,211098
8718951320093,false,קולגייט זוג מברשות 3,,,קולגייט זוג מברשות 3,יחידה,0.00,יחידה,false,,29.90,0.0000,true,1,212964
8718951333048,false,פלמוליב סבון ידיים ל,,,פלמוליב סבון ידיים ל,מיליליטרים,300.00,"100 מ""ל",false,,10.90,0.0363,true,1,216860
8718951334069,false,אג'קס טריגר שירותים,,,אג'קס טריגר שירותים,מיליליטרים,500.00,"100 מ""ל",false,,14.90,0.0298,true,1,263791
8718951334090,false,סופלין מרכך כביסה מר,,,סופלין מרכך כביסה מר,מיליליטרים,650.00,"100 מ""ל",false,,9.90,0.0152,true,1,212204
8718951334151,false,סופלין מרכך כביסה מר,,,סופלין מרכך כביסה מר,מיליליטרים,650.00,"100 מ""ל",false,,9.90,0.0152,true,1,262998
8718951338364,false,אג'קס טריגר פיור הום,,,אג'קס טריגר פיור הום,מיליליטרים,500.00,"100 מ""ל",false,,14.90,0.0298,true,1,214881
8718951338395,false,אג'קס טריגר פיור הום,,,אג'קס טריגר פיור הום,מיליליטרים,500.00,"100 מ""ל",false,,14.90,0.0298,true,1,214882
8718951345119,false,אג'קס ניקוי כללי היב,,,אג'קס ניקוי כללי היב,ליטרים,2.00,ליטר,false,,22.90,11.4500,true,1,215791
8718951350137,false,פלמוליב נטורלס תחליב,,,פלמוליב נטורלס תחליב,מיליליטרים,750.00,"100 מ""ל",false,,19.90,0.0265,true,1,264187
8718951354807,false,אג'קס חגיגת הפרחים י,,,אג'קס חגיגת הפרחים י,מיליליטרים,1500.00,"100 מ""ל",false,,19.90,0.0133,true,1,214884
8718951365865,false,קולגייט מברשת עם סיב,,,קולגייט מברשת עם סיב,יחידה,0.00,יחידה,false,,33.90,0.0000,true,1,219066
8718951366015,false,קולגייט משחת אופטיק,,,קולגייט משחת אופטיק,מיליליטרים,75.00,"100 מ""ל",false,,49.90,0.6653,true,1,264265
8718951381292,false,קולגייט משחת מקס דיט,,,קולגייט משחת מקס דיט,מיליליטרים,125.00,"100 מ""ל",false,,15.90,0.1272,true,1,216388
8718951382664,false,פלמוליב ג'ל רחצה חימ,,,פלמוליב ג'ל רחצה חימ,מיליליטרים,750.00,"100 מ""ל",false,,19.90,0.0265,true,1,214448
8718951382718,false,פלמוליב ג'ל רחצה חימ,,,פלמוליב ג'ל רחצה חימ,מיליליטרים,750.00,"100 מ""ל",false,,19.90,0.0265,true,1,214449
8718951382787,false,קולגייט אופטיק וויט,,,קולגייט אופטיק וויט,מיליליטרים,75.00,"100 מ""ל",false,,25.90,0.3453,true,1,261050
8718951391284,false,אג'קס אנטי בקטריאלי,,,אג'קס אנטי בקטריאלי,ליטרים,1.50,ליטר,false,,21.90,14.6000,true,1,217096
8718951391314,false,אג'קס טריגר אנטי בקט,,,אג'קס טריגר אנטי בקט,מיליליטרים,500.00,"100 מ""ל",false,,14.90,0.0298,true,1,217097
8718951400474,false,פלמוליב תחליב רחצה ק,,,פלמוליב תחליב רחצה ק,מיליליטרים,750.00,"100 מ""ל",false,,19.90,0.0265,true,1,263239
8718951400597,false,פלמוליב תחליב רחצה ק,,,פלמוליב תחליב רחצה ק,מיליליטרים,750.00,"100 מ""ל",false,,19.90,0.0265,true,1,263214
8718951409798,false,קולגייט מברשת מקס וו,,,קולגייט מברשת מקס וו,יחידה,0.00,יחידה,false,,23.90,0.0000,true,1,218345
8718951428492,false,פלמוליב סבון רחצה לג,,,פלמוליב סבון רחצה לג,מיליליטרים,750.00,"100 מ""ל",false,,19.90,0.0265,true,1,261348
8718951428522,false,פלמוליב סבון רחצה לג,,,פלמוליב סבון רחצה לג,מיליליטרים,750.00,"100 מ""ל",false,,19.90,0.0265,true,1,260157
8718951433120,false,קולגייט טואל ג'וניור,,,קולגייט טואל ג'וניור,מיליליטרים,50.00,"100 מ""ל",false,,15.90,0.3180,true,1,263569
8718951446588,false,פלמוליב סבון גוף מומ,,,פלמוליב סבון גוף מומ,100 מל,500.00,100 מל,false,,14.90,0.0298,true,1,262362
8718951470323,false,קולגייט זוג מברשות ס,,,קולגייט זוג מברשות ס,יחידה,0.00,יחידה,false,,29.90,0.0000,true,1,263212
8718951477384,false,משחת שיניים קולגייט,,,משחת שיניים קולגייט,מיליליטרים,75.00,"100 מ""ל",false,,19.90,0.2653,true,1,261189
8718951498754,false,קולגייט מברשת סופר פ,,,קולגייט מברשת סופר פ,יחידה,0.00,יחידה,false,,17.90,0.0000,true,1,263078
8718951509627,false,קולגייט אופטיק וויט,,,קולגייט אופטיק וויט,מיליליטרים,75.00,"100 מ""ל",false,,25.90,0.3453,true,1,262395
8719128117232,false,סירופ פפסי סודה סטרי,,,סירופ פפסי סודה סטרי,מיליליטרים,440.00,"100 מ""ל",false,,21.90,0.0498,true,1,218032
8719128118734,false,מילוי מיכל גז CQC עד,,,מילוי מיכל גז CQC עד,יחידה,0.00,יחידה,false,,56.90,0.0000,false,1,264231
8719200998001,false,בלובנד בלי מלח 200 ג,בלובנד,,בלובנד בלי מלח 200 ג,גרמים,200.00,100 גרם,false,,4.50,0.0225,false,1,209787
8719200998018,false,מחמאה ב.בנד 200 גרם,בלובנד,,מחמאה ב.בנד 200 גרם,גרמים,200.00,100 גרם,false,,4.60,0.0230,false,1,209812
8719200998032,false,מזולה גלורי טעם חמאה,מזולה,,מזולה גלורי טעם חמאה,גרמים,250.00,100 גרם,false,,9.90,0.0396,false,1,209803
8719200998049,false,מזולה גלורי רגיל 250,מזולה,,מזולה גלורי רגיל 250,גרמים,250.00,100 גרם,false,,9.50,0.0380,false,1,209802
8719200998094,false,מזולה לאפיה ללא מלח,מזולה,,מזולה לאפיה ללא מלח,גרמים,200.00,100 גרם,false,,6.50,0.0325,false,1,209810
8719200998100,false,מזולה לאפיה בטעם חמא,מזולה,,מזולה לאפיה בטעם חמא,גרמים,200.00,100 גרם,false,,6.50,0.0325,false,1,209811
8720100012445,false,בקרסלנד-וופל טוסט בל,,,בקרסלנד-וופל טוסט בל,גרמים,250.00,100 גרם,false,,9.90,0.0396,false,1,113834
8720181045912,false,אקס דאודורנט ספריי א,אקס,,אקס דאודורנט ספריי א,מיליליטרים,150.00,"100 מ""ל",false,,11.90,0.0793,true,1,214734
8720181046605,false,דאב דאודורנט ספריי א,דאב,,דאב דאודורנט ספריי א,מיליליטרים,150.00,"100 מ""ל",false,,16.90,0.1127,true,1,215713
8720181090202,false,דאב תחליב רחצה שמן ז,דאב,,דאב תחליב רחצה שמן ז,מיליליטרים,750.00,"100 מ""ל",false,,17.90,0.0239,false,1,217785
8720181090219,false,דאב תחליב רחצה רימונ,דאב,,דאב תחליב רחצה רימונ,גרמים,750.00,100 גרם,false,,17.90,0.0239,false,1,218826
8720181123955,false,אקס ג'ל רחצה ריצארג,אקס,,אקס ג'ל רחצה ריצארג,מיליליטרים,400.00,"100 מ""ל",false,,15.00,0.0375,true,1,261317
8721200060107,false,וופל הולנדי עם קרמל,,,וופל הולנדי עם קרמל,גרמים,260.00,100 גרם,false,,10.90,0.0419,true,1,116391
8722100023377,false,מיונז בקבוק לחיץ 850,,,מיונז בקבוק לחיץ 850,מיליליטרים,850.00,"100 מ""ל",false,,17.90,0.0211,true,1,212404
8722700197508,false,גלייז חומץ בלסמי,,,גלייז חומץ בלסמי,מיליליטרים,250.00,"100 מ""ל",false,,31.90,0.1276,true,1,263947
8722700202325,false,מלפפון קורנישון מיני,,,מלפפון קורנישון מיני,גרמים,400.00,100 גרם,false,,22.90,0.0572,true,1,166309
8723400756552,false,מנטוס ריינבואו רביעי,,,מנטוס ריינבואו רביעי,יחידה,0.00,יחידה,false,,10.90,0.0000,true,1,139186
8801055706440,false,טייסטר צ'ויס טו גו 2,טסטר צ'ויס,,טייסטר צ'ויס טו גו 2,גרמים,36.00,100 גרם,false,,11.50,0.3194,true,1,123517
8801055707966,false,טסטר צו'יס בריסטה 18,,,טסטר צו'יס בריסטה 18,גרמים,180.00,100 גרם,false,,31.90,0.1772,false,1,192458
8801055708772,false,מארז טסטר צו'יס 20,,,מארז טסטר צו'יס 20,גרמים,250.00,100 גרם,false,,29.90,0.1196,false,1,203308
8801055709427,false,קפה נמס טסטר צוייס א,,,קפה נמס טסטר צוייס א,גרמים,100.00,100 גרם,false,,24.90,0.2490,false,1,219332
8801055709434,false,קפה נמס טסטר צוייס ק,,,קפה נמס טסטר צוייס ק,גרמים,100.00,100 גרם,false,,24.90,0.2490,false,1,219333
8801055709458,false,נסקפה קפוצ'ינו בטעם,,,נסקפה קפוצ'ינו בטעם,גרמים,170.00,100 גרם,false,,19.00,0.1118,true,1,261371
8801055709465,false,נסקפה קפוצ'ינו בטעם,,,נסקפה קפוצ'ינו בטעם,גרמים,185.00,100 גרם,false,,19.00,0.1027,true,1,261372
8801055709472,false,נסקפה קפוצ'ינו קלאסי,,,נסקפה קפוצ'ינו קלאסי,גרמים,125.00,100 גרם,false,,19.00,0.1520,true,1,261373
8801055709489,false,נסקפה קפוצ'ינו בטעם,,,נסקפה קפוצ'ינו בטעם,גרמים,180.00,100 גרם,false,,19.00,0.1056,true,1,261374
8801055709526,false,נס קפה קפוצ'ינו שוקו,,,נס קפה קפוצ'ינו שוקו,גרמים,180.00,100 גרם,false,,19.00,0.1056,true,1,263080
8802241131664,false,חטיף אצות ים קלויות,,,חטיף אצות ים קלויות,גרמים,40.50,100 גרם,false,,22.90,0.5654,true,1,198483
8802241131671,false,חטיף אצות בטעם ווסאב,,,חטיף אצות בטעם ווסאב,יחידה,0.00,יחידה,false,,23.90,0.0000,true,1,209776
8809168840471,false,חטיף אצה מארז 9 יח',,,חטיף אצה מארז 9 יח',גרמים,40.00,100 גרם,false,,25.90,0.6475,true,1,263343
8850006932964,false,מארז מברשות שיניים ק,,,מארז מברשות שיניים ק,גרמים,0.12,100 גרם,false,,24.90,207.5000,true,1,216389
8850122103347,false,מארז סיבי שעועית דאב,,,מארז סיבי שעועית דאב,גרמים,400.00,100 גרם,false,,18.90,0.0472,true,1,263288
8850161166204,false,"קרם קוקוס 500 מ""ל",,,"קרם קוקוס 500 מ""ל",מיליליטרים,500.00,"100 מ""ל",false,,10.90,0.0218,true,1,207075
8850161167041,false,חלב קוקוס קוקו וואי,,,חלב קוקוס קוקו וואי,מיליליטרים,270.00,"100 מ""ל",false,,7.90,0.0293,true,1,208198
8850367992164,false,קרם קוקוס ללא גלוטן,מזרח ומערב,,קרם קוקוס ללא גלוטן,מיליליטרים,250.00,"100 מ""ל",false,,8.50,0.0340,true,1,193055
8850372000380,false,מקלוני שעועית,,,מקלוני שעועית,יחידה,400.00,יחידה,false,,18.90,0.0472,true,1,143507
8850372000472,false,מקלוני שעועית,,,מקלוני שעועית,גרמים,200.00,100 גרם,false,,8.90,0.0445,true,1,112664
8850389103111,false,משקה סאפה אלוורה ענב,,,משקה סאפה אלוורה ענב,מיליליטרים,300.00,"100 מ""ל",false,,7.00,0.0233,true,1,111672
8850389103128,false,משקה סאפה אלוורה תפו,,,משקה סאפה אלוורה תפו,מיליליטרים,300.00,"100 מ""ל",false,,7.00,0.0233,true,1,111673
8850389103159,false,מוגו מוגו ליצ'י עם ח,,,מוגו מוגו ליצ'י עם ח,מיליליטרים,320.00,"100 מ""ל",false,,6.90,0.0216,true,1,261424
8850389105825,false,סאפה אלוורה ענבים 1,,,סאפה אלוורה ענבים 1,ליטרים,1.00,ליטר,false,,12.90,12.9000,true,1,127506
8850389105832,false,סאפה אלוורה תפוח 1 ל,,,סאפה אלוורה תפוח 1 ל,ליטרים,1.00,ליטר,false,,12.90,12.9000,true,1,127507
8850389105849,false,סאפה אלוורה אפרסק 1,,,סאפה אלוורה אפרסק 1,ליטרים,1.00,ליטר,false,,12.90,12.9000,true,1,127508
8850389111352,false,מוגו מוגו מלון עם חת,,,מוגו מוגו מלון עם חת,מיליליטרים,320.00,"100 מ""ל",false,,6.90,0.0216,true,1,261425
8850389115336,false,סאפה מלון בקבוק ליטר,,,סאפה מלון בקבוק ליטר,ליטרים,1.00,ליטר,false,,12.50,12.5000,true,1,201788
8850632601098,false,סוכריית גומי חמוצה,,,סוכריית גומי חמוצה,גרמים,40.00,100 גרם,false,,3.50,0.0875,true,1,148732
8850632601104,false,סוכריית גומי חמוצה,,,סוכריית גומי חמוצה,גרמים,40.00,100 גרם,false,,3.50,0.0875,true,1,148733
8850632604259,false,יוגטה מקלות תות,,,יוגטה מקלות תות,גרמים,50.00,100 גרם,false,,4.50,0.0900,true,1,123004
8850632604266,false,יוגטה מקלות קולה,,,יוגטה מקלות קולה,גרמים,50.00,100 גרם,false,,4.50,0.0900,true,1,122948
8850632604372,false,יוגטה שטיח תות,,,יוגטה שטיח תות,גרמים,50.00,100 גרם,false,,4.50,0.0900,true,1,122952
8850632604402,false,יוגטה טעם מעורב בצור,,,יוגטה טעם מעורב בצור,גרמים,50.00,100 גרם,false,,4.50,0.0900,true,1,123050
8850632605201,false,יוגטה חיספוסים בצורת,,,יוגטה חיספוסים בצורת,גרמים,50.00,100 גרם,false,,4.50,0.0900,true,1,127234
8850632606390,false,יוגטה שטיח אבטיח,,,יוגטה שטיח אבטיח,גרמים,50.00,100 גרם,false,,4.50,0.0900,true,1,142782
8850632608998,false,שטיח ממותק פירות בטע,,,שטיח ממותק פירות בטע,גרמים,40.00,100 גרם,false,,3.50,0.0875,true,1,260761
8850851700381,false,ספוג לתינוק,,,ספוג לתינוק,יחידה,0.00,יחידה,false,,11.50,0.0000,true,1,151315
8850854002239,false,רוטב סויה מתוק 700 מ,,,רוטב סויה מתוק 700 מ,מיליליטרים,700.00,"100 מ""ל",false,,14.90,0.0213,true,1,214410
8851613101378,false,"נוזל קוקוס 250 מ""ל",,,"נוזל קוקוס 250 מ""ל",מיליליטרים,250.00,"100 מ""ל",false,,11.50,0.0460,true,1,202989
8851613101385,false,"חלב קוקוס 500 מ""ל",,,"חלב קוקוס 500 מ""ל",מיליליטרים,500.00,"100 מ""ל",false,,12.90,0.0258,true,1,139517
8851613101392,false,חלב קוקוס 1 ליטר,,,חלב קוקוס 1 ליטר,ליטרים,1.00,ליטר,false,,19.90,19.9000,true,1,211132
8852633119039,false,"רוטב דגים 300 מ""ל",,,"רוטב דגים 300 מ""ל",מיליליטרים,300.00,"100 מ""ל",false,,8.90,0.0297,true,1,191581
8853662056661,false,רוטב סריראצ'ה מיו 45,,,רוטב סריראצ'ה מיו 45,מיליליטרים,455.00,"100 מ""ל",false,,22.90,0.0503,true,1,203967
8853662057019,false,רוטב סריראצ'ה צ'ילי,,,רוטב סריראצ'ה צ'ילי,מיליליטרים,455.00,"100 מ""ל",false,,22.90,0.0503,true,1,203969
8853662060385,false,רוטב סריראצ'ה שחור,,,רוטב סריראצ'ה שחור,מיליליטרים,455.00,"100 מ""ל",false,,22.90,0.0503,true,1,218219
8858744800019,false,מחית קארי ירוק,,,מחית קארי ירוק,גרמים,50.00,100 גרם,false,,5.00,0.1000,true,1,148757
8858744800033,false,מחית קארי פאנאנאג,,,מחית קארי פאנאנאג,גרמים,50.00,100 גרם,false,,4.90,0.0980,true,1,149505
8858744800057,false,מחית טום יאם,,,מחית טום יאם,גרמים,30.00,100 גרם,false,,5.00,0.1667,true,1,148758
8858744800064,false,מחית קארי אדום,,,מחית קארי אדום,גרמים,50.00,100 גרם,false,,5.00,0.1000,true,1,149506
8858744800088,false,מחית קארי מאסאמאן,,,מחית קארי מאסאמאן,גרמים,50.00,100 גרם,false,,5.00,0.1000,true,1,160573
8858744800149,false,תערובת חמשת התבלינים,,,תערובת חמשת התבלינים,גרמים,50.00,100 גרם,false,,6.50,0.1300,true,1,148759
8886303210504,false,"קרם קוקוס 500 מ""ל 24",,,"קרם קוקוס 500 מ""ל 24",מיליליטרים,500.00,"100 מ""ל",false,,13.90,0.0278,true,1,201096
8886303210542,false,"קרם קוקוס 400 מ""ל",,,"קרם קוקוס 400 מ""ל",מיליליטרים,400.00,"100 מ""ל",false,,9.90,0.0248,true,1,201175
8888021200256,false,סוללות ENERGIZER 1X8,אנרג'ייזר,,סוללות ENERGIZER 1X8,יחידה,0.00,יחידה,false,,27.90,0.0000,false,1,107801
8888021200720,false,סוללות ENERGIZER 1X8,אנרג'ייזר,,סוללות ENERGIZER 1X8,יחידה,0.00,יחידה,false,,27.90,0.0000,false,1,107802
8888757103005,false,שמן שומשום 300 מ,,,שמן שומשום 300 מ,יחידה,300.00,יחידה,false,,19.90,0.0663,true,1,111866
8901138825577,false,הימלאיה משחת שיניים,,,הימלאיה משחת שיניים,מיליליטרים,75.00,"100 מ""ל",false,,14.90,0.1987,true,1,213856
8901483010482,false,מלפפונים שלמים בחומץ,,,מלפפונים שלמים בחומץ,גרמים,383.00,100 גרם,false,,8.90,0.0232,true,1,191490
8901483010505,false,מלפפון קורנישון בחומ,,,מלפפון קורנישון בחומ,גרמים,690.00,100 גרם,false,,9.90,0.0143,true,1,191578
8901537024014,false,אורז בסמטי מובחר 1 ק,וילי פוד,,אורז בסמטי מובחר 1 ק,קילוגרמים,1.00,"ק""ג",false,,11.90,11.9000,false,1,118368
8901537076679,false,אורז בסמטי חום מלא D,,,אורז בסמטי חום מלא D,קילוגרמים,1.00,"ק""ג",false,,11.90,11.9000,true,1,202231
8906006432383,false,קיוי- נוזל משופר שחו,,,קיוי- נוזל משופר שחו,מיליליטרים,75.00,"100 מ""ל",false,,11.90,0.1587,true,1,145571
8997206332016,false,סוכר קוקוס אורגני,,,סוכר קוקוס אורגני,גרמים,454.00,100 גרם,false,,18.90,0.0416,true,1,201014
9000101329322,false,סבון אסלה ברף בניחוח,,,סבון אסלה ברף בניחוח,גרמים,50.00,100 גרם,false,,9.90,0.1980,true,1,259760
9000101329742,false,סבון אסלה ברף בנחוח,,,סבון אסלה ברף בנחוח,גרמים,50.00,100 גרם,false,,9.90,0.1980,true,1,259761
9000101417081,false,כדוריות סוד לאסלה מג,סוד,,כדוריות סוד לאסלה מג,גרמים,50.00,100 גרם,false,,9.90,0.1980,true,1,212045
9000101521436,false,סבון אסלה בניחוח מתח,,,סבון אסלה בניחוח מתח,גרמים,50.00,100 גרם,false,,9.90,0.1980,true,1,259762
9000101537550,false,פרסיל פוואר קאפס יונ,פרסיל,,פרסיל פוואר קאפס יונ,יחידה,0.00,יחידה,false,,59.90,0.0000,true,1,262570
9001616205828,false,מברשת לניקוי בקבוקים,,,מברשת לניקוי בקבוקים,יחידה,0.00,יחידה,false,,39.90,0.0000,true,1,204657
9001616702655,false,מוצצים 0-6 זוהרים בח,,,מוצצים 0-6 זוהרים בח,יחידה,0.00,יחידה,false,,34.90,0.0000,true,1,204663
9001616702808,false,מוצצים קליר 6+ בנות,,,מוצצים קליר 6+ בנות,יחידה,0.00,יחידה,false,,34.90,0.0000,true,1,204673
9001616702877,false,מוצצים סיליקון 16+ ב,,,מוצצים סיליקון 16+ ב,יחידה,0.00,יחידה,false,,34.90,0.0000,true,1,204684
9001616702921,false,בקבוק אנטי קוליק 260,,,בקבוק אנטי קוליק 260,יחידה,0.00,יחידה,false,,34.90,0.0000,true,1,205356
9002859018800,false,"מיץ לימון 200 מ""ל",,,"מיץ לימון 200 מ""ל",יחידה,200.00,יחידה,false,,4.90,0.0245,true,1,193832
9002859025204,false,פלחי מרמלדה 200גר,,,פלחי מרמלדה 200גר,גרמים,200.00,100 גרם,false,,10.90,0.0545,true,1,135590
9002859026270,false,מיץ ליים טבעי,,,מיץ ליים טבעי,מיליליטרים,200.00,"100 מ""ל",false,,5.00,0.0250,true,1,197534
9002859042799,false,מוצרט-שוקולד ממולא ב,,,מוצרט-שוקולד ממולא ב,יחידה,297.00,יחידה,false,,32.90,0.1108,true,1,187428
9002859049248,false,גונץ פלפל שחור במטחנ,,,גונץ פלפל שחור במטחנ,גרמים,50.00,100 גרם,false,,12.90,0.2580,true,1,197156
9002859050671,false,גונץ- לבבות שוקולד ב,,,גונץ- לבבות שוקולד ב,גרמים,100.00,100 גרם,false,,8.90,0.0890,true,1,173885
9002859054099,false,מוצרט-שוקולד ממולא,,,מוצרט-שוקולד ממולא,גרמים,297.00,100 גרם,false,,32.90,0.1108,true,1,148739
9002859055560,false,ווגי-סוכריות דובדבן,,,ווגי-סוכריות דובדבן,גרמים,200.00,100 גרם,false,,8.90,0.0445,true,1,146971
9002859055591,false,ווגי-סוכריות לימון פ,,,ווגי-סוכריות לימון פ,גרמים,200.00,100 גרם,false,,8.90,0.0445,true,1,150064
9002859058172,false,בננות בציפוי שוקולד,,,בננות בציפוי שוקולד,גרמים,300.00,100 גרם,false,,15.90,0.0530,true,1,136265
9002859064104,false,WOOGIE-סוכרית מנטה ב,,,WOOGIE-סוכרית מנטה ב,גרמים,200.00,100 גרם,false,,8.90,0.0445,true,1,145827
9002859067570,false,גונץ דפדפי שוקולד תפ,,,גונץ דפדפי שוקולד תפ,גרמים,200.00,100 גרם,false,,14.90,0.0745,true,1,200950
9002859073298,false,גונץ כדורגל שוקולד ב,,,גונץ כדורגל שוקולד ב,גרמים,100.00,100 גרם,false,,8.90,0.0890,true,1,173903
9002859090516,false,סוכריות בפח תפוח,,,סוכריות בפח תפוח,גרמים,200.00,100 גרם,false,,8.90,0.0445,true,1,192050
9002859090530,false,סוכריות בפח תפוז,,,סוכריות בפח תפוז,גרמים,200.00,100 גרם,false,,8.90,0.0445,true,1,192051
9002859100536,false,גונץ בונבונירה אצבעו,,,גונץ בונבונירה אצבעו,גרמים,200.00,100 גרם,false,,13.90,0.0695,true,1,203408
9002975393812,false,סוכריות הריבו האפי צ,,,סוכריות הריבו האפי צ,גרמים,70.00,100 גרם,false,,6.90,0.0986,true,1,217666
9002975393829,false,סוכריות הריבו פיצ'ס,,,סוכריות הריבו פיצ'ס,גרמים,70.00,100 גרם,false,,6.90,0.0986,true,1,217668
9002975393836,false,סוכריות הריבו האפי ק,,,סוכריות הריבו האפי ק,גרמים,70.00,100 גרם,false,,6.90,0.0986,true,1,217667
9002975393843,false,סוכריות הריבו גולדבר,,,סוכריות הריבו גולדבר,גרמים,70.00,100 גרם,false,,6.90,0.0986,true,1,217665
9002975393850,false,סוכריות הריבו וורמס,,,סוכריות הריבו וורמס,גרמים,70.00,100 גרם,false,,6.90,0.0986,true,1,217669
9003400393032,false,פחית בירה הל שטיגל 5,,,פחית בירה הל שטיגל 5,מיליליטרים,500.00,"100 מ""ל",false,,8.90,0.0178,true,1,262088
9005835312626,false,קלרו 50 טבליות למדיח,יעקובי,,קלרו 50 טבליות למדיח,יחידה,0.00,יחידה,false,,45.90,0.0000,true,1,209120
9005835312640,false,קלרו 80 טבליות למדיח,יעקובי,,קלרו 80 טבליות למדיח,יחידה,0.00,יחידה,false,,64.90,0.0000,true,1,209125
9005835312718,false,קלרו פירמידה מלח אקו,יעקובי,,קלרו פירמידה מלח אקו,קילוגרמים,1.00,"ק""ג",false,,9.90,9.9000,true,1,209109
9005835312732,false,קלרו נוזל הברקה למדי,יעקובי,,קלרו נוזל הברקה למדי,מיליליטרים,500.00,"100 מ""ל",false,,9.90,0.0198,true,1,209107
9005835312756,false,קלרו נוזל לניקוי יסו,יעקובי,,קלרו נוזל לניקוי יסו,מיליליטרים,250.00,"100 מ""ל",false,,9.90,0.0396,true,1,209121
9005835313609,false,טבליות למדיח 15 יח',,,טבליות למדיח 15 יח',יחידה,0.00,יחידה,false,,9.90,0.0000,true,1,261291
9005835313661,false,קלרו טבליות ניקוי וח,,,קלרו טבליות ניקוי וח,יחידה,0.00,יחידה,false,,29.90,0.0000,true,1,219610
9044400826861,false,סוכריות פז מילוי בננ,,,סוכריות פז מילוי בננ,גרמים,68.00,100 גרם,false,,8.90,0.1309,true,1,215794
9044400851672,false,סוכריות פז בטעם פירו,,,סוכריות פז בטעם פירו,גרמים,25.50,100 גרם,false,,12.00,0.4706,true,1,262422
9044400885578,false,סוכריות פז מילוי בטע,סוכריות פז,,סוכריות פז מילוי בטע,גרמים,82.00,100 גרם,false,,8.90,0.1085,true,1,263493
9044400885745,false,סוכריות פז דחוסות פי,,,סוכריות פז דחוסות פי,גרמים,25.50,100 גרם,false,,12.90,0.5059,true,1,264637
9120025834723,false,חטיף אוראו 120 גר מצ,,,חטיף אוראו 120 גר מצ,גרמים,120.00,100 גרם,false,,13.90,0.1158,true,1,264050
9120025839896,false,מארז חטיף מילקה,,,מארז חטיף מילקה,גרמים,128.00,100 גרם,false,,13.90,0.1086,true,1,264140
9120097310583,false,חטיף שוקו בננה מיניו,,,חטיף שוקו בננה מיניו,גרמים,108.00,100 גרם,false,,13.90,0.1287,true,1,264052
9310072028743,false,טים טם אוריגינל 200,,,טים טם אוריגינל 200,גרמים,200.00,100 גרם,false,,19.90,0.0995,true,1,191255
9310072028750,false,טים טם דאבל 200 גר',,,טים טם דאבל 200 גר',גרמים,200.00,100 גרם,false,,19.90,0.0995,true,1,191106
9310088007015,false,תחבושות פויז,,,תחבושות פויז,יחידה,0.00,יחידה,false,,19.90,0.0000,false,1,141841
9322969000015,false,פריכיות תירס - 150ג',,,פריכיות תירס - 150ג',גרמים,150.00,100 גרם,false,,14.90,0.0993,true,1,137848
9322969000022,false,פריכיות תירס - 150ג',,,פריכיות תירס - 150ג',גרמים,150.00,100 גרם,false,,14.90,0.0993,true,1,137849
9322969000039,false,פרכיות תירס עם ד,,,פרכיות תירס עם ד,גרמים,150.00,100 גרם,false,,14.90,0.0993,true,1,203730
9322969000046,false,פריכיות תירס אורגניו,,,פריכיות תירס אורגניו,גרמים,150.00,100 גרם,false,,13.90,0.0927,true,1,137850
9322969000053,false,פריכיות אורז חום,,,פריכיות אורז חום,גרמים,150.00,100 גרם,false,,14.90,0.0993,true,1,261787
9330344004473,false,סכין גילוח שיק היידר,,,סכין גילוח שיק היידר,יחידה,0.00,יחידה,false,,26.90,0.0000,true,1,210834
9720188050109,false,ממרח טופו טבעי 27%,משק צוריאל,,ממרח טופו טבעי 27%,גרמים,225.00,100 גרם,false,,19.90,0.0884,true,1,111569
9770793914006,false,עיתון ג'רוזלם פוסט,,,עיתון ג'רוזלם פוסט,יחידה,0.00,יחידה,false,,22.00,0.0000,false,1,103987
9771565025005,false,סופהשבוע,,,סופהשבוע,יחידה,0.00,יחידה,false,,10.00,0.0000,false,1,140040
9771565038319,false,עיתון ידיעות אחרונות,,,עיתון ידיעות אחרונות,יחידה,0.00,יחידה,false,,7.00,0.0000,false,1,103406
9771565038326,false,ידיעות יום ב,,,ידיעות יום ב,יחידה,0.00,יחידה,false,,7.00,0.0000,false,1,103407
9771565038333,false,ידיעות יום ג,,,ידיעות יום ג,יחידה,0.00,יחידה,false,,7.00,0.0000,false,1,103408
9771565038340,false,עיתון ידיעות אחר,,,עיתון ידיעות אחר,יחידה,0.00,יחידה,false,,7.00,0.0000,false,1,103409
9771565038357,false,ידיעות יום ה,,,ידיעות יום ה,יחידה,0.00,יחידה,false,,7.00,0.0000,false,1,103410
9771565039125,false,"""לאשה""",,,"""לאשה""",יחידה,0.00,יחידה,false,,21.90,0.0000,false,1,103412
9771565051066,false,"ידיעות אחרונות סופ""ש",,,"ידיעות אחרונות סופ""ש",יחידה,0.00,יחידה,false,,20.00,0.0000,false,1,103424
9771565192431,false,מגזין מנטה,,,מגזין מנטה,יחידה,0.00,יחידה,false,,28.00,0.0000,false,1,103434
9771565209269,false,"מעריב סופ""ש",,,"מעריב סופ""ש",יחידה,0.00,יחידה,false,,10.00,0.0000,false,1,100252
9771565290007,false,עיתון הארץ שישי,,,עיתון הארץ שישי,יחידה,0.00,יחידה,false,,33.00,0.0000,false,1,104001
9843022871026,false,נר הבדלה צמה.,,,נר הבדלה צמה.,יחידה,0.00,יחידה,false,,7.90,0.0000,true,1,261533
9843022871156,false,נר הבדלה,,,נר הבדלה,יחידה,0.00,יחידה,false,,16.90,0.0000,true,1,208871
