code,internal_code,name,manufacturer_name,manufacture_country,manufacturer_item_description,unit_qty,quantity,unit_of_measure,weighted,qty_in_package,price,unit_of_measure_price,allow_discount,status,item_id
12982170,false,בשר 5 צלי כתף חלק,,,בשר 5 צלי כתף חלק,קילוגרמים,1.00,"ק""ג",true,,73.90,73.9000,false,1,262796
17008172,false,שריר הזרוע מוכשר,,,שריר הזרוע מוכשר,קילוגרמים,1.00,"ק""ג",true,,33.90,33.9000,true,1,216774
20095963,false,מגבונים לחים לתינוק ללא בישום 64 יח',,,מגבונים לחים לתינוק,יחידה,0.00,יחידה,false,,3.50,0.0000,true,1,266338
32147230,false,"מיץ לימון משומר 200מ""ל(לימונית אקסטרא)",ג'נרל מילס סאן אדריא,CH,מיץ לימון משומר 200מ,יחידה,200.00,יחידה,false,,8.90,0.0445,true,1,116402
40084107,false,ביצת שוקולד הפתעה קינדר,פרדי קונדטוריה אס פי,IT,ביצת קינדר,יחידה,0.00,יחידה,false,,5.90,0.0000,true,1,185764
40099132,false,מסטיק הובה בובה Hubba Bubba בטעם תות,הובה בובה Hubba Bubba,DE,הובה בובה צ'אנק בטעם,יחידה,0.00,יחידה,false,,3.20,0.0000,true,1,139368
40111216,false,באונטי חטיף בודד 57 גרם,"נארז ע""י : א.ג. גילר",NL,חטיף באונטי קוקוס,גרמים,57.00,100 גרם,false,,4.00,0.0702,false,1,98337
40144016,false,סוכריות חמאה וורטר אורגינל גליל בודד 50,קריניציה ויטמינה אס,DE,סוכריות וורטר,גרמים,50.00,100 גרם,false,,3.50,0.0700,true,1,102011
40786179,false,בירה לוונבראו פחית 500 מל,Spaten,,לוונברואו בירה פחית,מיליליטרים,500.00,"100 מ""ל",false,,9.90,0.0198,true,1,212797
41001356,false,"בירה בקס פחית 500 מ""ל",יבואן ומשווק: ש. שסט,DE,בירה בקס פחית 500,יחידה,0.00,יחידה,false,,9.90,0.0000,true,1,161204
42101666,false,"מסטיק בטעם מנטה ואקליפטוס איירווייבס 35 גרם לל""ס",ריגלי,GB,מסטיק איירוייבז HP מ,גרמים,35.00,100 גרם,false,,6.20,0.1771,true,1,192863
42123866,false,מסטיק הובה בובה Hubba Bubba קלאסי,הובה בובה Hubba Bubba,,מסטיק הובה בובה קלאס,גרמים,35.00,100 גרם,false,,3.20,0.0914,true,1,95260
42138105,false,סיגריות וינסטון סופר סלימס כחול,גיי טי אינטרנשיונל,CH,וינסטון סופר סלימס כ,יחידה,0.00,יחידה,false,,33.00,0.0000,false,1,120946
42154662,false,אורביט באריזת מעטפה ספירמינט מסטיק,ריגלי צרפת,FR,מסטיק אורביט בטעם ספ,גרמים,27.00,100 גרם,false,,5.70,0.2111,true,1,113024
42182115,false,אורביט פייב ספירמינט 12 סטיקס 29 גר,ריגלי צרפת,FR,מסטיק פייב בטעם מנטה,גרמים,31.00,100 גרם,false,,7.50,0.2419,true,1,123495
42188889,false,אורביט פייב אבטיח 12 סטיקס 29 גר,ריגלי צרפת,FR,מסטיק פייב טעם אבטיח,גרמים,31.00,100 גרם,false,,7.50,0.2419,true,1,127777
42212119,false,אורביט פרופשיונל באריזת מעטפה פפרמינט,ריגלי צרפת,FR,אורביט פרופשיונל פפר,גרמים,27.00,100 גרם,false,,5.70,0.2111,true,1,190726
42299363,false,"ניוואה - דאודורנט רול און לגבר פרש פאוור 50 מ""ל",ביירסדורץ,DE,דאודורנט רול און ניו,מיליליטרים,50.00,"100 מ""ל",false,,16.90,0.3380,true,1,198840
42306788,false,מסטיק בטעם אוכמניות ומנטה איירווייבס 35 גרם,ריגלי,GB,מסטיק איירוייבז HP א,גרמים,35.00,100 גרם,false,,6.20,0.1771,true,1,192867
50204830,false,אוטן פלוס תרסיס דוחה יתושים וחרקים,אוטן Autan,IL,קוטל חרקים אוטן תרסי,מיליליטרים,100.00,"100 מ""ל",false,,19.90,0.1990,true,1,107283
54051140,false,מעדן סויה טעם וניל אלפרו רביעיה * 125 ג',הנסיך- מפעל לייצור ט,BE,מעדן סויה וניל 1.9%,יחידה,0.00,יחידה,false,,17.50,0.0000,true,1,111756
54051157,false,מעדן סויה טעם שוקו אלפרו רביעיה 125 ג',קריות זול,BE,אלפרו מעדן סויה טעם,יחידה,0.00,יחידה,false,,17.50,0.0000,true,1,111764
59039549,false,ווג פריזון מנטול חפיסה,Unknown,PL,ווג פריזון מנטה,יחידה,0.00,יחידה,false,,37.00,0.0000,false,1,128201
59068907,false,סיגריות פאל מאל כחול דמי סלימס,גלוברנס,PL,פאל מאל כחול דמי סלי,יחידה,0.00,יחידה,false,,25.00,0.0000,false,1,202613
59068914,false,סיגריות פאל מאל סילבר דמי סלימס,Unknown,PL,פאל מאל סילבר דמי סל,יחידה,0.00,יחידה,false,,25.00,0.0000,false,1,202614
59079774,false,"רקסונה - דאודורנט רול און לאישה אלוורה 50 מ""ל",יוניליוור,GB,דאודורנט רקסונה רול-,מיליליטרים,50.00,"100 מ""ל",false,,13.90,0.2780,true,1,209444
59079798,false,"רקסונה - דאודורנט רול און לאישה אנטי פרספירנט שאוור 50 מ""ל","יוניליוור אנגליה, דרך קו",GB,רקסונה רולאון שאוור,מיליליטרים,50.00,"100 מ""ל",false,,13.90,0.2780,true,1,210120
59455233,false,סיגריות ווג ליידי כח,Unknown,PL,ווג ליידי כחול,יחידה,0.00,יחידה,false,,37.00,0.0000,false,1,134358
59455240,false,ווג סופרסלימס לילך חפיסה,Unknown,PL,ווג ליידי לילך,יחידה,0.00,יחידה,false,,37.00,0.0000,false,1,134359
72917367,false,טעמי חטיף במילוי קרם נוגט וקרמל,"שטראוס גרופ בע""מ",IL,חטיף טעמי 40 גרם,גרמים,40.00,100 גרם,false,,4.00,0.1000,false,1,98721
72940754,false,"מילקי מעדן וניל עם קצפת שטראוס 133 מ""ל","שטראוס גרופ בע""\מ",IL,מילקי וניל 6.5%,מיליליטרים,170.00,"100 מ""ל",false,,2.90,0.0171,false,1,95477
72940761,false,"מילקי מעדן שוקולד עם קצפת שטראוס 133 מ""ל",מיוצר עי קונדיטוריית,IL,מילקי שוקו 7%,מיליליטרים,170.00,"100 מ""ל",false,,2.90,0.0171,false,1,95478
72940952,false,מעדן מילקי בטעם שוקולד עם אקסטרה קצפת,"שטראוס גרופ בע""\מ",IL,מילקי פי 2 10%,מיליליטרים,170.00,"100 מ""ל",false,,3.70,0.0218,true,1,95479
72940983,false,סלט חומוס 250 גר אחל,אחלה - שטראוס,IL,חומוס אחלה 250,גרמים,250.00,100 גרם,false,,6.60,0.0264,true,1,95481
72941041,false,מעדן מילקי מיני בטעם שוקולד עם קצפת,"שטראוס גרופ בע""\מ",IL,מילקי מיני שוקולד 7%,גרמים,70.00,100 גרם,false,,2.10,0.0300,true,1,95482
72945308,false,קוביית שמרים טריים לאפיה שמרית 50 גרם,"פאקא תעשיות בע""\מ",IL,קוביות שמרים 50,גרמים,50.00,100 גרם,false,,3.70,0.0740,false,1,95483
72961506,false,יוגורט עם תות 1.5% שומן 125 ג' פרילי,מיוצר עי קונדיטוריית,IL,פרילי תות 1.5%,מיליליטרים,125.00,"100 מ""ל",false,,3.60,0.0288,true,1,96858
72961520,false,"פרילי יוגורט עם אננס 1.5% תנובה 125 מ""ל",מיוצר עי קונדיטוריית,IL,פרילי אננס 1.5%,מיליליטרים,125.00,"100 מ""ל",false,,3.60,0.0288,true,1,96860
72961544,false,"באדי יוגורט בטעם תות שדה 3% תנובה 125 מ""ל",מחלבת אלון תבור,IL,"באדי תות 3% 125 מ""ל",מיליליטרים,125.00,"100 מ""ל",false,,3.00,0.0240,true,1,96861
72963753,false,שמנת אורגינל של פעם 27% שומן 200 ג' תנובה,תנובה מרכז שיתופי לש,IL,שמנת של פעם 27%,מיליליטרים,200.00,"100 מ""ל",false,,4.40,0.0220,false,1,96868
72964132,false,פרילי טבע יוגורט עם גרנולה 200 גרם,מיוצר עי קונדיטוריית,IL,טבעגורט 1.9% 200 גרם,גרמים,200.00,100 גרם,false,,5.30,0.0265,true,1,96870
72986370,false,"גלידת בן & ג'ריס פיינטים וניל 500מ""ל",מוצרי איכות אמריקאיים,IL,בן אנד ג'ריס גלידת ו,מיליליטרים,500.00,"100 מ""ל",false,,18.90,0.0378,false,1,102599
72986424,false,"גלידת בן & ג'ריס פיינטים קרם עוגיות 500מ""ל",מוצרי איכות אמריקאיים בע,IL,בן אנד ג'ריס לידת קר,מיליליטרים,500.00,"100 מ""ל",false,,18.90,0.0378,true,1,102600
72986448,false,"גלידת בן & ג'ריס פיינטים טופי קראנץ 500מ""ל",מוצרי איכות אמריקאיים בע,IL,בן אנד ג'ריס גלידת ט,מיליליטרים,500.00,"100 מ""ל",false,,18.90,0.0378,true,1,102601
72986455,false,"ניו יורק סופר גלידת שוקולד, חתיכות פאדג' ואגוזים",מוצרי איכות אמריקאיים בע,IL,בן אנד ג'ריס ניו יור,מיליליטרים,500.00,"100 מ""ל",false,,18.90,0.0378,true,1,102602
72986479,false,"צ'אנקי מנקי גלידת וניל, בננות, חתיכות פאדג' ואגוזים",מוצרי איכות אמריקאיים בע,IL,בן וג'ריס צאנקי מנקי,מיליליטרים,500.00,"100 מ""ל",false,,18.90,0.0378,true,1,102603
72989425,false,"גלידת בן & ג'ריס פיינטים שוקולד בראוניז 500מ""ל",מוצרי איכות אמריקאיים בע,IL,גלידת בראוניס,יחידה,500.00,יחידה,false,,18.90,0.0378,true,1,115022
72991008,false,חטיף פסק זמן במילוי ופל מגולגל 45 גרם,"שטראוס גרופ בע""מ",IL,פסק זמן חלב מגדים 45,גרמים,45.00,100 גרם,false,,5.00,0.1111,true,1,150506
72991374,false,סיגריות טיים רד חפיס,דובק,IL,סיגריות טיים,יחידה,0.00,יחידה,false,,29.00,0.0000,false,1,101880
72991886,false,"גלידת דולצ'ה בטעם ריבת חלב עם פאדג' בן וג'ירי 500 מ""ל",מוצרי איכות אמריקאיים בע,IL,בן וג'ריס ריבת חלב,מיליליטרים,500.00,"100 מ""ל",false,,18.90,0.0378,true,1,102604
72993637,false,מעדן חלב בטעם שוקולד 125 ג' דני,"שטראוס גרופ בע""\מ",IL,דני שוקולד בודד 1.5%,מיליליטרים,125.00,"100 מ""ל",false,,2.70,0.0216,false,1,115215
72994061,false,חטיף פסק זמן GOOD גלילית לבן 40 גרם,שולן צ'\יקולטה גידה סאן.,TR,פסק זמן טו גוד שוקול,גרמים,36.00,100 גרם,false,,5.00,0.1389,true,1,199089
76106071,false,"סיציליה- מיץ ליים משומר 200מ""ל",Sicilia סיציליה,CH,מיץ ליים משומר 200 מ,מיליליטרים,200.00,"100 מ""ל",false,,8.90,0.0445,true,1,210225
76136184,false,סיגריות פאל מל סלימס כחול בודד,Unknown,CH,פאל מאל סופרסלימס כח,יחידה,0.00,יחידה,false,,29.00,0.0000,false,1,95445
80001072,false,לואקר שוקולד חלב 50,לואקר,IT,לואקר שוקולד חלב 50,גרמים,50.00,100 גרם,false,,5.90,0.1180,true,1,263989
80001089,false,לואקר שוקולד מריר 50,לואקר,IT,לואקר שוקולד מריר 50,גרמים,50.00,100 גרם,false,,5.90,0.1180,true,1,263987
80001287,false,וופל חטיף לואקר אגוז 38 גר',ליימן מותגים,AT,וופל גרדנה,גרמים,38.00,100 גרם,false,,3.90,0.1026,true,1,102021
80001461,false,חטיף גרנדה שוקולד 38 גרם,"א. לואקר קונפקט בע""מ",AT,גרדנה שוקולד מר 38גר,גרמים,38.00,100 גרם,false,,3.90,0.1026,true,1,112131
80001911,false,וופל גרדנה במילוי קרם אגוזי לוז ובציפוי שוקולד לבן,ליימן מותגים,AT,גרדנה אגוז לבן 38 גר,גרמים,38.00,100 גרם,false,,3.90,0.1026,true,1,194029
80042556,false,POLPA עגבניות חתוכות דק 400 גרם MUTTI,מוטי Mutti,IT,MUTTI עגבניות חתוכות,יחידה,0.00,יחידה,false,,16.90,0.0000,true,1,147302
80042563,false,רסק עגבניות MUTTI{צהוב} 700 גרם,"איי, בי, אינבוו",IT,רסק עגבניות איטלקי M,גרמים,720.00,100 גרם,false,,11.90,0.0165,true,1,112562
80050025,false,סוכריות טיק טק תפוז 16 גרם,פררו - אלבה,ZA,טיק טק תפוז,גרמים,16.00,100 גרם,false,,3.50,0.2188,false,1,102027
80050124,false,סוכריות טיק טק מנטה 16 גרם,פררו - אלבה,ZA,טיק טק סוכריות,גרמים,16.00,100 גרם,false,,3.50,0.2188,false,1,102028
80050278,false,פררו רושר חטיף כדורים שלישיה 40ג',פררו - אלבה,IT,חטיף רושר,יחידה,0.00,יחידה,false,,5.50,0.0000,true,1,102029
80052760,false,קינדר בואנו Kinder Bueno עם חלב ואגוזי לוז,פררו - אלבה,PL,חטיף קינדר בואנו 43,גרמים,43.00,100 גרם,false,,3.90,0.0907,true,1,102032
80052883,false,סוכריות טיק טק מנטה חזק 16 גרם,צ'וקטה,ZA,סוכריות טיק טק מנטה,יחידה,0.00,יחידה,false,,3.50,0.0000,true,1,217702
80136194,false,חטיפי הפי היפו Happy Hippo במילוי קרם חלבי ואגוזי לוז,קינדר Kinder,DE,הפי היפו וויט חמישיי,גרמים,103.50,100 גרם,false,,12.90,0.1246,true,1,200505
80176732,false,קינדר הפי היפו 28 יחידות,פררו - אלבה,DE,הפי היפו,גרמים,35.00,100 גרם,false,,3.00,0.0857,true,1,118564
80176800,false,נוטלה ממרח שוקולד 750 גרם,פררו תעשיות איטליה ס,IT,ממרח נוטלה 750 גרם,גרמים,750.00,100 גרם,false,,25.90,0.0345,false,1,102033
80177173,false,ממרח שוקולד נוטלה 350 גרם,פררו - אלבה,IT,ממרח נוטלה 350 גרם,גרמים,350.00,100 גרם,false,,13.90,0.0397,false,1,102034
80177180,false,שוקולד קינדר קאונטרי 23.5 גרם,ליימן שליסל,IT,שוקולד קינדר,יחידה,0.00,יחידה,false,,2.30,0.0000,true,1,127776
80177609,false,אצבעות שוקולד קינדר Kinder ארבע יחידות,פררו - אלבה,IT,אצבעות שוקולד קינדר,גרמים,50.00,100 גרם,false,,3.90,0.0780,false,1,102036
80177616,false,אצבעות שוקולד קינדר Kinder שמונה יחידות,פררו - אלבה,IT,אצבעות שוקולד קינדר,גרמים,100.00,100 גרם,false,,7.90,0.0790,false,1,102037
80310167,false,קינדר שוקולד מקסי 126 גר,קינדר,DE,קינדר מקסי שישייה,יחידה,0.00,יחידה,false,,9.90,0.0000,true,1,209346
80310549,false,הפי היפו חטיף קינדר שוקולד לבן 20.5ג',קריות זול,DE,הפי היפו וויט בודד,גרמים,20.07,100 גרם,false,,3.00,0.1495,true,1,200506
80310891,false,ג'וי ביצת הפתעה קינדר 20 גרם,קריות זול,ZA,ביצת קינדר ג'וי,גרמים,20.00,100 גרם,false,,5.90,0.2950,true,1,102039
80761761,false,קינדר בואנו לבן בודד 39 גרם,ליימן שליסל,PL,חטיף קינדר בואנו לבן,גרמים,43.00,100 גרם,false,,3.90,0.0907,true,1,130275
80768838,false,מסטיק מנטוס וויט ביג פירות ומנטה 105 ג',פרפטי ואן מלה,TR,מנטוס וויט ביג תותי,גרמים,105.00,100 גרם,false,,15.90,0.1514,true,1,194644
80769545,false,מסטיק מנטוס פיור פרש בבקבוק בינוני בטעם לימון 60 ג',"פרפטי ואן מלה ג'ידה,סאן",TR,מנטוס מסטיק בקבוק מע,גרמים,60.00,100 גרם,false,,9.90,0.1650,true,1,203286
80773429,false,מנטוס בקבוק מעוגל - מסטיק ללא סוכר בטעם תות 60 גרם,"פרפטי ואן מלה ג'\ידה,סאן",TR,מסטיק מנטוס תות,גרמים,60.00,100 גרם,false,,9.90,0.1650,true,1,201693
80773443,false,מנטוס בקבוק מעוגל - מסטיק ללא סוכר בטעם מנטה 60 גרם,"פרפטי ואן מלה ג'\ידה,סאן",TR,מנטוס מסטיק בקבוק מע,גרמים,60.00,100 גרם,false,,9.90,0.1650,true,1,197636
80790990,false,מסטיק מנטוס בבקבוק מעוגל בטעם פירות -מנטה 60 ג',"פרפטי ואן מלה ג'\ידה,סאן",TR,מנטוס מסטיק בקבוק מע,גרמים,60.00,100 גרם,false,,9.90,0.1650,true,1,197637
80804697,false,מסטיק וויט White בטעם מנטה מתוקה ללא סוכר,פרפטי ואן מלה,TR,מנטוס וויט בי סוויטמ,גרמים,105.00,100 גרם,false,,15.90,0.1514,true,1,194646
80831402,false,סוכריות מנטוס מנטה עדינה 30 יח' ללא סוכר CLEAN BREATH,פרפטי ואן מלה,NL,סוכריות מנטוס מנטה ע,גרמים,21.00,100 גרם,false,,5.90,0.2810,true,1,211879
80832560,false,סוכריות מנטוס פירות יער 21 ג' ללא סוכר CLEAN BREATH,פרפטי ואן מלה,TR,סוכריות מנטוס לריענו,גרמים,21.00,100 גרם,false,,5.90,0.2810,true,1,264748
80843184,false,מנטוס מסטיק פיור פרש בטעם ענבים 60גר,פרפטי ואן מלה הולנד,TR,מסטיק מנטוס ענבים בק,גרמים,60.00,100 גרם,false,,9.90,0.1650,true,1,219600
80854753,false,סוכריות מנטוס מנטה 30 יח' ללא סוכר CLEAN BREATH,פרפטי ואן מלה,NL,סוכריות מנטוס מנטה ל,גרמים,21.00,100 גרם,false,,5.90,0.2810,true,1,211880
80862130,false,"מנטוס מסטיק פיור פרש - אבטיח 28 גרם (14 יח') חת""ס",פרפטי ואן מלה ברדה,TR,מנטוס מסטיק פיור פרש,גרמים,28.00,100 גרם,false,,3.90,0.1393,true,1,216268
80862260,false,מסטיק מנטוס פיור וויט מנטה מתוקה 150 גר,"פרפטי ואן מלה ג'ידה,סאן",TR,מסטיק מנטוס XXL טעם,גרמים,150.00,100 גרם,false,,17.90,0.1193,true,1,264055
80864295,false,סוכריות פיור וויט טעם מנטה עדינה 60 ג' מנטוס,"פרפטי ואן מלה ג'ידה,סאן",TR,מנטוס פיור וויט מנטה,גרמים,60.00,100 גרם,false,,9.90,0.1650,true,1,260856
80896081,false,מנטוס בקבוק מעוגל - מסטיק ללא סוכר בטעם אבטיח 60 גרם,"פרפטי ואן מלה ג'\ידה,סאן",TR,מסטיק מנטוס אבטיח,יחידה,0.00,יחידה,false,,9.90,0.0000,true,1,201632
80913467,false,מנטוס בקבוק מעוגל - מסטיק ללא סוכר בטעם מנטה,פרפטי ואן מלה הולנד,TR,מנטוס מסטיק בקבוק מע,גרמים,60.00,100 גרם,false,,9.90,0.1650,true,1,197638
80936459,false,שלישיית ביצי שוקולד(,,IT,שלישיית ביצי שוקולד,יחידה,0.00,יחידה,false,,12.90,0.0000,true,1,262943
80936848,false,סוכריות טיק טק תות שדה 24 יח',ליימן-שליסל,ZA,טיק טק תות שדה,יחידה,0.00,יחידה,false,,3.50,0.0000,false,1,147145
80945468,false,סוכריות פיור וויט טעם מנטה מתוקה 60 ג' מנטוס,"פרפטי ואן מלה ג'ידה,סאן",TR,מנטוס פיור וויט מנטה,גרמים,60.00,100 גרם,false,,9.90,0.1650,true,1,260857
80954521,false,"מנטוס מסטיק פיור פרש - תות 28 גרם (14 יח') חת""ס",פרפטי ואן מלה ברדה,TR,מנטוס מסטיק פיור פרש,גרמים,28.00,100 גרם,false,,3.90,0.1393,true,1,216269
80957706,false,מסטיק מנטוס פיור וויט מנטה 150 גר,"פרפטי ואן מלה ג'ידה,סאן",TR,מסטיק מנטוס XXL טעם,גרמים,150.00,100 גרם,false,,17.90,0.1193,true,1,264056
80977070,false,מנטוס מסטיק בקופסה בטעם פירות טרופיים,פרפטי ואן מלה ברדה,TR,מנטוס מסטיק פיור פרש,גרמים,28.00,100 גרם,false,,3.90,0.1393,true,1,216270
80979128,false,מנטוס מסטיק בקבוק מעוגל בטעם דובדבן,פרפטי ואן מלה הולנד,TR,מסטיק דובדבן בקבוק מ,גרמים,60.00,100 גרם,false,,9.90,0.1650,true,1,219601
80982470,false,מסטיק מנטוס פיור פרוסט בטעם מנטה חזק 60 גר',פרפטי ואן מלה ברדה,TR,מנטוס מסטיק פיור פרו,גרמים,60.00,100 גרם,false,,9.90,0.1650,true,1,217748
80986348,false,סוכריות פיור וויט טעם מנטה 60 ג' מנטוס,"פרפטי ואן מלה ג'ידה,סאן",TR,מנטוס פיור וויט מנטה,גרמים,60.00,100 גרם,false,,9.90,0.1650,true,1,260858
80995128,false,מנטוס בקבוק עגול בטעם הדרים בתוספת ויטמינים 60 גרם,פרפטי ואן מלה הולנד,TR,מנטוס מסטיק בטעם הדר,גרמים,60.00,100 גרם,false,,9.90,0.1650,true,1,266173
87108538,false,סוכריות בטעם תות מנטוס 37.5 גרם,הדקלאים אגודת שיתופי,NL,מנטוס תות,גרמים,37.50,100 גרם,false,,2.90,0.0773,true,1,113703
87108651,false,סוכריות בטעם מנטה מנטוס 4*37.5 גרם,הדקלאים אגודת שיתופי,NL,מנטוס מנטה רביעי,יחידה,0.00,יחידה,false,,10.90,0.0000,false,1,102047
87108712,false,סוכריות בטעם פירות מנטוס 4*37.5 גרם,פרפטי ואן מלה ברדה,NL,מנטוס פירות רביע,גרמים,150.00,100 גרם,false,,10.90,0.0727,true,1,102048
87311396,false,מנטוס ריינבאוו סוכריות לעיסה בטעמי פירות,פרפטי ואן מלה ברדה,NL,מנטוס ריינבואו בודד,גרמים,37.50,100 גרם,false,,2.90,0.0773,true,1,139193
87342802,false,"אקס דאודורנט רול און גולד 50 מ""ל","יוניליוור אנגליה, דרך קו",GB,אקס רול און גולד 50,מיליליטרים,50.00,"100 מ""ל",false,,14.90,0.2980,true,1,212644
87354041,false,מנטוס גליל בטעם דובדבן 40גלילים,פרפטי ואן מלה,NL,מנטוס גליל דובדבן,גרמים,37.50,100 גרם,false,,2.90,0.0773,true,1,218228
88888100,true,אינטרנט,,,אינטרנט,,0.00,,false,,0.00,0.0000,true,1,217263
90000671,false,שריר הזרוע מוכשר,,,שריר הזרוע מוכשר,קילוגרמים,1.00,"ק""ג",true,,34.90,34.9000,false,1,262452
90034107,false,"בירה שטיגל גולדברו 500 מ""ל",מבשלת שטיגל,AT,בירה שטיגל גולדברו,מיליליטרים,500.00,"100 מ""ל",false,,9.90,0.0198,true,1,193538
90087271,false,נקטר אוכמניות 1 ליטר קרטונית ראוך,Rauch fruchtsafte gm,,נקטר אוכמניות שחורות,ליטרים,1.00,ליטר,false,,11.50,11.5000,true,1,265035
90162602,false,רד בול משקה אנרגיה פקדון 30 אג,רד בול ג'י.אם.בי. אץ,IL,רד בול משקה,יחידה,0.00,יחידה,false,,5.90,0.0000,true,1,98344
90162800,false,רד בול משקה אנרגיה ללא סוכר פקדון 30 אג,רד בול ג'י.אם.בי. אץ,AT,רד בול ללא סוכר,מיליליטרים,250.00,"100 מ""ל",false,,5.90,0.0236,true,1,190662
90446269,false,"משקה רד בול אבטיח מוגז פחית 250 מ""ל",ראון פרוכטסאפה,AT,רד בול אבטיח,מיליליטרים,250.00,"100 מ""ל",false,,5.90,0.0236,true,1,218633
90448867,false,"משקה אנרגיה רד בול ללא פחמימות 250 מ""ל",רד בול,AT,רד בול ללא פחמימות 2,מיליליטרים,250.00,"100 מ""ל",false,,5.90,0.0236,true,1,263928
90453427,false,"משקה אנרגיה רד בול פיטאיה 250 מ""ל",רד בול,AT,רד בול פיטאיה משקה א,מיליליטרים,250.00,"100 מ""ל",false,,5.90,0.0236,true,1,263929
96033531,false,"דאו דאב רול און רימונים ולואיזה 50 מ""ל",יוניליוור פארם,GB,דאב רולאון רימונים,מיליליטרים,50.00,"100 מ""ל",false,,16.90,0.3380,true,1,213126
96130339,false,"דאב - דאודורנט רול און לאישה 0% אלומיניום 50 מ""ל",יוניליוור,GB,דאודורנט דאב רול אור,מיליליטרים,50.00,"100 מ""ל",false,,16.90,0.3380,true,1,219378
96137130,false,"דאו' רול און אנטי פרספירנט אגס ואלוורה 50 מ""ל",יוניליוור פיליפינים,GB,דאודורנט רול און דאב,מיליליטרים,50.00,"100 מ""ל",false,,16.90,0.3380,true,1,204303
1250120342,false,פסטה פוזילי מס' 34,,,פסטה פוזילי מס' 34,גרמים,500.00,100 גרם,false,,9.90,0.0198,true,1,136666
1250152336,false,פסטה דה צ'קו פטו,,,פסטה דה צ'קו פטו,גרמים,500.00,100 גרם,false,,13.90,0.0278,true,1,196741
4715020755,false,קישוטי עוגה פרינסס,,,קישוטי עוגה פרינסס,גרמים,75.00,100 גרם,false,,12.90,0.1720,true,1,121212
7150900763,false,שמן חמניות אורגני 75,,,שמן חמניות אורגני 75,מיליליטרים,750.00,"100 מ""ל",false,,33.90,0.0452,true,1,198944
8112100298,false,"שמן שומשום טהור מזרח ומערב 185 מ""ל",Flavor full foods in,TW,שמן שומשום,יחידה,185.00,יחידה,false,,16.90,0.0914,true,1,121509
9439000070,false,בירה פולרס לונדון פר,,,בירה פולריס לונדון פ,מיליליטרים,330.00,"100 מ""ל",false,,12.90,0.0391,true,1,211651
9800800056,false,חטיף שוקולד עם מקלות לחם אנד גו,פררו - אלבה,DE,נוטלה GO,גרמים,52.00,100 גרם,false,,5.50,0.1058,true,1,194624
9915000039,false,פסטה מקמח תירס ב,,,פסטה מקמח תירס ב,יחידה,0.00,יחידה,false,,12.90,0.0000,true,1,195050
9915002064,false,פסטה מקמח תירס ללא ג,,,פסטה מקמח תירס ללא ג,גרמים,250.00,100 גרם,false,,12.90,0.0516,true,1,200825
10900634069,false,XL דיימונד שקיות אשפה חזקות במיוחד 8 יח,דיימונד,ZA,שקיות אשפה חזקות במי,יחידה,0.00,יחידה,false,,15.90,0.0000,true,1,263278
11182170603,false,קינג קול שעועית Butter לימה 439 גרם,הנובר פודס,US,שעועית חמאה,גרמים,439.00,100 גרם,false,,12.50,0.0285,true,1,193677
11182700916,false,קינג קול שעועית לבנה צפונית 439 גרם,הנובר פודס,US,שעועית לבנה צפונית,גרמים,439.00,100 גרם,false,,9.90,0.0226,true,1,135111
11182700923,false,קינג קול שעועית אדומה בהירה 439 גרם,הנובר פודס,US,שעועית אדומה בהירה,גרמים,439.00,100 גרם,false,,9.90,0.0226,true,1,135048
11182700954,false,קינג קול שעועית שחורה 439 גרם,האנאובר פודס קורפורשיין,US,שעועית שחורה 439 גר',גרמים,454.00,100 גרם,false,,9.90,0.0218,true,1,127360
11210000094,false,"רוטב ""טבסקו"" על בסיס פלפל אדום 60 מ""ל",מקאילהייני אייבורי,US,TABASCO טבסקו רוטב פ,מיליליטרים,60.00,"100 מ""ל",false,,11.00,0.1833,true,1,98275
11210006508,false,רוטב פלפל הבנרו חריף טבסקו 60 מל,מקאילהייני Mc.Ilhenn,US,רוטב טבסקו הבאנר,יחידה,60.00,יחידה,false,,14.90,0.2483,true,1,111803
11210007253,false,"רוטב-טבסקו שום ופלפל 60 מ""ל",מקאילהייני אייבורי,US,TABASCO רוטב טבסקו ש,מיליליטרים,60.00,"100 מ""ל",false,,11.00,0.1833,true,1,111054
11210009387,false,"רוטב ""טבסקו"" על בסיס פלפל ירוק חריף 60 מ""ל",מקאילהייני אייבורי,US,TABASCO רוטב טבסקו פ,יחידה,60.00,יחידה,false,,11.00,0.1833,true,1,100282
11210607040,false,"רוטב ""טבסקו"" על בסיס פלפל צ'יפוטלי [בטעם מעושן] 60 מ""ל",מקאילהייני Mc.Ilhenn,US,טבסקו צ'יפוטלי,יחידה,60.00,יחידה,false,,11.00,0.1833,true,1,125118
11210618503,false,"רוטב טבסקו על בסיס פלפל סקורפיון 60מ""ל",מק. אילהיני קו,US,טבסקו פלפל סקורפיון,מיליליטרים,60.00,"100 מ""ל",false,,13.90,0.2317,true,1,211920
13409341155,false,רוטב ברביקיו דבש 510 גר סוויט בייבי רייס,סוויט בייבי רייז שיק,US,רוטב ברביקיו בטעם מע,גרמים,510.00,100 גרם,false,,21.90,0.0429,true,1,166214
13409351000,false,רוטב ברביקיו סוויט ב,סוויט בייבי רייז שיק,US,רוטב ברביקיו בטעם מע,גרמים,510.00,100 גרם,false,,21.90,0.0429,true,1,166215
14100074120,false,פפרידג' פארם עוגיות מילאנו 170 גרם,פפרידג פראם,,עוגיות מילנו,גרמים,170.00,100 גרם,false,,21.90,0.1288,true,1,212433
14100077121,false,פפרידג' פארם עוגיות סוסליטו שוקולד חלב מקדמיה 204 גרם,פפרידג פראם,,עוגיות שבבי שוקולד ע,גרמים,206.00,100 גרם,false,,21.90,0.1063,true,1,209082
14100082033,false,עוגיות פפרידג פארם קפטיבה בראוניז 244 גר,פפרידג פראם,,עוגיות בראוניס מרבה,גרמים,244.00,100 גרם,false,,21.90,0.0898,true,1,190007
16000185517,false,דגני בוקר פייבר וואן עתירי סובין FIBRE1,בטר אנד דיפרנט,US,פייבר וואן 555 גר,גרמים,555.00,100 גרם,false,,26.90,0.0485,false,1,261630
16000281684,false,חטיפי גרנולה קראנצ'י עם פקאן נייצ'ר ואלי 5*42 גרם,ליימן מותגים,US,שיבולת שועל פקאן 10x,גרמים,210.00,100 גרם,false,,19.00,0.0905,false,1,115882
16000423534,false,חטיפי גרנולה קראנצ'י עם שיבולת שועל ושוקולד מריר נייצ'ר ואלי 5*42 גרם,ג'נרל מילס סאן אדריאן,ES,שיבולת שועל קינמון 1,גרמים,210.00,100 גרם,false,,19.00,0.0905,false,1,128878
16000548404,false,חטיפי גרנולה קראנצ'י עם שיבולת שועל ודבש נייצ'ר ואלי 5*42 גרם,ג'נרל מילס סאן אדריאן,ES,שיבולת שועל בדבש ניי,גרמים,210.00,100 גרם,false,,19.00,0.0905,false,1,102057
16000548503,false,חטיפי גרנולה קראנצ'י עם מייפל וסוכר חום נייצ'ר ואלי 5*42 גרם,ג'נרל מילס סאן אדריאן,ES,שיבולת שועל נייצ'ר ו,גרמים,210.00,100 גרם,false,,19.00,0.0905,false,1,102059
16000548602,false,חטיפי גרנולה קראנצ'י קינמון נייצ'ר ואלי 5*24 גרם,ג'נרל מילס סאן אדריאן,ES,שיבולת שועל קינמון 1,גרמים,210.00,100 גרם,false,,19.00,0.0905,false,1,102061
16000548909,false,חטיפי גרנולה קראנצ'י במגוון טעמים נייצ'ר ואלי 5*42 גרם,ג'נרל מילס סאן אדריאן,ES,שיבולת שועל חמאת בוט,גרמים,210.00,100 גרם,false,,19.00,0.0905,false,1,102063
16229001711,false,מי קוקוס ארוי די ללא,תאי אגרי פוד,,נוזל קוקוס כשר,מיליליטרים,400.00,"100 מ""ל",false,,10.90,0.0273,true,1,144878
16229909819,false,קרם קוקוס 1 ליטר AROY-D,תאי וורלד,,קרם קוקוס 1 ליטר,ליטרים,1.00,ליטר,false,,21.90,21.9000,true,1,205840
16229918378,false,"רוטב קארי מאסמן 250 מ""ל",תאי אגרי פוד,TH,ארוי די רוטב קארי מא,מיליליטרים,250.00,"100 מ""ל",false,,9.90,0.0396,true,1,261541
16229924263,false,"ארוי-די קרם קוקוס 250 מ""ל",תאי אגרי פוד פובליק קו'\,VN,"קרם קוקוס 250 מ""ל",מיליליטרים,250.00,"100 מ""ל",false,,9.50,0.0380,true,1,200884
16500980322,false,צמר פלדה עם חומר פעיל אס או אס 10 יחידות,אסאואס,,כרית פלדה אס או א,יחידה,0.00,יחידה,false,,14.90,0.0000,true,1,94704
17252500004,false,בוסקו סירופ שוקולד 624 גרם,בוסקו פרודקטס,US,סירופ שוקולד בוס,גרמים,624.00,100 גרם,false,,17.00,0.0272,true,1,142009
18000701223,false,"פילסברי, עוגה בטעם שוקולד, תערובת להכנת עוגה בטעם שוקולד. 500 גרם",הדקלאים אגודת שיתופי,IL,תערובת לעוגת שוק,גרמים,550.00,100 גרם,false,,17.90,0.0325,true,1,102066
18000703494,false,"פילסברי, עוגה בטעם וניל, תערובת להכנת עוגה בטעם וניל. 500 גרם.",הדקלאים אגודת שיתופי,IL,תערובת לעוגה וני,גרמים,500.00,100 גרם,false,,17.90,0.0358,true,1,102067
18000703517,false,"פילסברי, עוגה בטעם שוקולד וניל, תערובת להכנת עוגה בטעם וניל. 550 גרם.",הדקלאים אגודת שיתופי,IL,תערובת לעוגת שיש,גרמים,550.00,100 גרם,false,,17.90,0.0325,true,1,102068
18000766413,false,"פילסברי, עוגה בטעם שוקולד, תערובת להכנת עוגה בטעם שוקולד. 550 גרם.",הדקלאים אגודת שיתופי,IL,תערובת בראוניס,גרמים,550.00,100 גרם,false,,17.90,0.0325,true,1,102069
18787780169,false,סבון נוזלי יסמין סנדלווד,דר ברונר,GB,סבון נוזלי יסמין,מיליליטרים,472.00,"100 מ""ל",false,,45.90,0.0972,true,1,215596
18787784051,false,סבון מוצק לבנדר של ד,דר ברונר,US,סבון מוצק לבנדר דר ב,גרמים,140.00,100 גרם,false,,21.00,0.1500,true,1,139543
18787788059,false,סבון מוצק ורד הבר של,דר ברונר,US,סבון מוצק ורד הבר דר,גרמים,140.00,100 גרם,false,,21.00,0.1500,true,1,193695
21200010538,false,גליל דבק דו צדדי,3m,US,גליל דבק דו צדדי,יחידה,0.00,יחידה,false,,18.90,0.0000,true,1,189937
21200013393,false,"דבק דו צדדי רוחב 2.5 ס""מ",3m,,גליל דבק דו צדדי ספו,יחידה,0.00,יחידה,false,,29.90,0.0000,true,1,189938
21200471032,false,דבק דו צדדי ספוגי חז,3m,,דבק דו צדדי חזק במיו,יחידה,0.00,יחידה,false,,26.90,0.0000,true,1,193831
21200493720,false,סקוטש ברייט גליל ניירות דביקים 30 דף,,,סקוטש ברייט גליל ניי,יחידה,0.00,יחידה,false,,16.90,0.0000,true,1,264492
21200513152,false,"שלישיית ספוגי קרצוף עדינים ""סקוטש ברייט""",3M קנדה,CA,ספוג קרצוף שלישיה,יחידה,0.00,יחידה,false,,15.90,0.0000,true,1,128223
21200572357,false,שלישיית ספוגי קרצוף לניקוי חזק (ירוקים),M3,CA,שלישיית ספוגי קרצוף,יחידה,0.00,יחידה,false,,15.90,0.0000,true,1,121189
22224200820,false,וולבי ליקריץ תות בסגנון אוסטרלי 114 גרם,קניס קנדי,,ליקריץ אדום אוסטרלי,גרמים,114.00,100 גרם,false,,11.90,0.1044,true,1,201180
22224200837,false,וולבי ליקריץ שחור בסגנון אוסטרלי 114 גרם,קניס קנדי,,ליקריץ שחור אוסטרלי,גרמים,114.00,100 גרם,false,,11.90,0.1044,true,1,193852
23535996129,false,"תמצית וניל מדאגסקאר בורבון 60 מ""ל",לורן אויילס,US,תמצית וניל מדאגסקאר,מיליליטרים,60.00,"100 מ""ל",false,,51.90,0.8650,true,1,217834
24463061095,false,רוטב פלפל צ'ילי חריף לחיץ 435 ג' סריראצה,הוי פונג פודס,,סריראצ'ה רוטב פלפל צ,יחידה,482.00,יחידה,false,,27.90,0.0579,true,1,127016
25638710022,false,תמצית וניל 59ג',,,תמצית וניל 59ג',יחידה,0.00,יחידה,false,,49.90,0.0000,true,1,139691
25675502079,false,דקיקי שוקולד מנטה מילוי קרם תפוז 200 גרם,,,דקיקי שוקולד קרם תפו,גרמים,200.00,100 גרם,false,,19.90,0.0995,true,1,266208
25700005650,false,זיפלוק שקיות הקפאה גדולות 14 יחידות,אס.סי.גונסון ובניו,US,זיפלוק שקיות הקפאה ג,יחידה,0.00,יחידה,false,,13.90,0.0000,true,1,215018
25700005674,false,זיפלוק שקיות אחסון סליידר גדולות 15 יחידות,אס.סי.ג'\ונסון מידרכט,US,זיפלוק שקיות אחסון ס,יחידה,0.00,יחידה,false,,16.90,0.0000,true,1,215019
25700005681,false,זיפלוק שקיות אחסון סליידר בינוניות 20 יחידות,אס.סי גונוסון,US,זיפלוק שקיות אחסון ס,יחידה,0.00,יחידה,false,,16.90,0.0000,true,1,215020
25700005698,false,זיפלוק שקיות אחסון בינוניות 24 יחידות,אס.סי.גונסון ובניו,US,זיפלוק שקיות אחסון ב,יחידה,0.00,יחידה,false,,13.90,0.0000,true,1,215015
27000390146,false,האנטס רוטב עגבניות 426 גרם,קונאגרה פודס,US,האנט רוטב עגבניות,גרמים,425.00,100 גרם,false,,9.90,0.0233,true,1,121392
29424000687,false,גלילי וופל אגוז מנעמ,מנעמים,,גלילי וופל אגוז 100,גרמים,100.00,100 גרם,false,,4.00,0.0400,true,1,134969
29801025203,false,עוגיות חמאה קריספי - ב. באטרס 200 גר,HAMLET NV,,בלגיאן באטר וופלס,גרמים,200.00,100 גרם,false,,15.90,0.0795,true,1,123910
30000315958,false,קוואקר פרוטאין בננה אגוזים 366 גרם,קוואקר אוטס קומפני,US,קוואקר פרוטאין בננה,גרמים,366.00,100 גרם,false,,23.90,0.0653,true,1,207329
30000315989,false,קוואקר פרוטאין חמוציות ושקדים 372 גרם,קוואקר אוטס קומפני,US,קוואקר פרוטאין חמוצי,גרמים,372.00,100 גרם,false,,23.90,0.0642,true,1,207330
31200001597,false,חמוציות אושן ספריי קליית גת בשקית 170 גרם,אושן ספריי,US,חמוציות מיובשות,גרמים,170.00,100 גרם,false,,11.50,0.0676,true,1,162680
33200147701,false,פרש&סופט דפים למייבש בניחוח טרופי 100 יח,פרש אנד סופט Frash'n soft,US,דפים למייבש כביסה,יחידה,0.00,יחידה,false,,26.90,0.0000,true,1,94740
33617000026,false,קרקר ואזה 203-275 גרם מקמח מלא 260,כלורוקס אוקלנד,SE,ואזה מקמח מלא 260 גר,גרמים,260.00,100 גרם,false,,16.90,0.0650,true,1,144271
34000148301,false,הרשי נטיפי שוקולד מריר לאפייה 340 גר,ליימן מותגים,US,הרשי נטיפי שוקולד מר,גרמים,340.00,100 גרם,false,,17.90,0.0526,true,1,197865
34000196173,false,הרשי טבלה XL בטעם שוקולד לבן עם שברי עוגיות 113 גרם,ליימן מותגים,US,הרשי קוקיס קרם טבלה,גרמים,113.00,100 גרם,false,,7.90,0.0699,true,1,188167
34000312177,false,הרשי סירופ שוקולד 680 גרם,ליימן מותגים,US,סירופ הרשי שוקולד,יחידה,680.00,יחידה,false,,17.90,0.0263,true,1,145554
34000442652,false,ריזס טבלה בטעם שוקולד ממולאת קרם בוטנים 120 גרם,ליימן מותגים,US,ריזס טבלה XL,גרמים,120.00,100 גרם,false,,7.90,0.0658,true,1,188168
34000446001,false,ריזס מיניאטורס- חטיף שוקולד במילוי חמאת בוטנים 150 גרם,ליימן מותגים,,ריזס מיניס עטופים,יחידה,0.00,יחידה,false,,9.40,0.0000,true,1,145469
34000470563,false,ריסז מיניס באריזה משפחתית 215 גרם,ליימן מותגים,US,ריסז מיניס באריזה מש,גרמים,215.00,100 גרם,false,,17.90,0.0833,true,1,208286
34000544028,false,סוכריות ארוכות בטעם תות טוויזלרס Twizzlers,ליימן מותגים,US,לקריץ תות שדה,גרמים,198.00,100 גרם,false,,7.20,0.0364,true,1,94741
34000544431,false,ממתקי הרשיז טוויזלרס טעם דובדבן 172 גרם,ליימן מותגים,US,טוויזלרס דובדבן 172,גרמים,172.00,100 גרם,false,,7.90,0.0459,true,1,211605
34000996643,false,הרשי דרופס באריזה משפחתית 215 גרם,ליימן מותגים,US,הרשי דרופס באריזה מש,גרמים,215.00,100 גרם,false,,17.90,0.0833,true,1,208287
36000183399,false,"ליטל סווימרס בגד-ים חד פעמי 7-15 ק""ג M האגיס",חוגלה קימברלי,CZ,"האגיס בגד ים 7-15 ק""",יחידה,0.00,יחידה,false,,32.90,0.0000,false,1,102816
36000516876,false,ממחטות נייר קלינקס לושן 3 שכבות 75 דף,חוגלה קימברלי,US,קלינקס לושן 75 3 שכב,יחידה,0.00,יחידה,false,,10.90,0.0000,true,1,210196
36000516890,false,ממחטות אף עם אלוורה + ויטמין E תלת שכבתי,חוגלה קימברלי,US,קלינקס לושן 120 3 שכ,יחידה,0.00,יחידה,false,,15.90,0.0000,true,1,210216
37290016565,false,חסה משי,,,חסה משי,יחידה,0.00,יחידה,false,,11.50,0.0000,true,1,211178
37600207188,false,חמאת בוטנים קלאסי סקיפי 462 גרם,חברת המזון אלגוד,US,חמאת בוטנים סקיפי קל,גרמים,462.00,100 גרם,false,,18.90,0.0409,false,1,149286
37600207256,false,חמאת בוטנים עם שברי בוטנים סקיפי 462 גרם,חברת המזון אלגוד,US,סקיפי שברי בוטנים,גרמים,462.00,100 גרם,false,,18.90,0.0409,false,1,149287
37600297943,false,מטבל סלסה חריף- צ'י צ'י 439 גר,מותגים,US,מטבל סלסה חריפה,גרמים,439.00,100 גרם,false,,19.90,0.0453,true,1,266178
37600297967,false,מטבל סלסה בחריפות עדינה ציי צי 439 גר,מותגים,US,סלסה מטבל עגבניות בח,גרמים,439.00,100 גרם,false,,19.90,0.0453,true,1,266179
38000138638,false,חטיף צ'יפס פרינגלס פיצה 158 גרם,פרינגלס מנופקצ'ורינג קונ,US,פרינגלס פיצה 158 גר,גרמים,158.00,100 גרם,false,,8.90,0.0563,false,1,196734
38000138720,false,חטיף צ'יפס פרינגלס ראנץ 158 גרם,פרינגלס מנופקצ'ורינג קונ,US,פרינגלס ראנץ',גרמים,158.00,100 גרם,false,,8.90,0.0563,false,1,203171
38000183928,false,פרינגלס חרדל ודבש 158 גרם,פרינגלס מניופקצ'ורינ,US,פרינגלס דבש וחרדל 15,גרמים,158.00,100 גרם,false,,8.90,0.0563,false,1,217251
38000197840,false,פרינגלס גלי בטעם חריף מתוק 137 ג',פרינגלס מניופקצ'\ורינג ק,US,פרינגלס גלי בטעם חרי,גרמים,137.00,100 גרם,false,,8.90,0.0650,false,1,214902
38000202278,false,חטיף צ'יפס גלי בטעם אורגינל מלוח,פרינגלס מניופקצ'\ורינג ק,US,פרינגלס גלי בטעם אור,גרמים,130.00,100 גרם,false,,8.90,0.0685,false,1,214903
38000232152,false,פרינגלס חטיפי תפוח אדמה בטעם ברביקיו 158 גרם,פרינגלס מנופקצ'ורינג קומ,US,פרינגלס ביג ברביקיו,גרמים,158.00,100 גרם,false,,8.90,0.0563,false,1,210939
38000232176,false,פרינגלס ביג שמנת בצל 158 גרם,פרינגלס מנופקצ'ורינג קונ,US,פרינגלס ביג שמנת בצל,גרמים,158.00,100 גרם,false,,8.90,0.0563,false,1,210937
38000232183,false,פרינגלס ביג אורגינל 149 גרם,פרינגלס מנופקצ'ורינג קונ,US,פרינגלס ביג אורגינל,גרמים,149.00,100 גרם,false,,8.90,0.0597,false,1,210938
38527591053,false,קואקר דגנים מרובעים שיבולת שועל וקינמון,קוואקר אוטס קומפני,US,דגני בוקר קואקר מרוב,גרמים,453.00,100 גרם,false,,21.90,0.0483,false,1,136042
38527591060,false,דגני קוואקר מרובעים Quaker Squares עם סוכר חום,קוואקר אוטס קומפני,US,דגני בוקר מרובעים 41,גרמים,412.00,100 גרם,false,,21.90,0.0532,false,1,136414
39000008051,false,טורטיה אורטגה ארוחת טאקו קיט,בי אנד ג'י,US,אורטגה-טאקו עם רוטב,גרמים,283.00,100 גרם,false,,29.90,0.1057,true,1,139475
39000008907,false,אורטגו רוטב טאקו מיילד 226 גרם,בי אנד ג'י,US,רוטב טאקו ללא גלוטן,גרמים,226.00,100 גרם,false,,16.90,0.0748,true,1,204965
39000010351,false,פלפל חלפיניו בצנצנת אורטגה 340 גרם,בי אנד ג'י,,אורטגה-פלפלים חריפים,גרמים,354.00,100 גרם,false,,17.90,0.0506,true,1,186961
39047001152,false,ווקרס עוגיות חמאה פינגרס 150 גרם,,GB,עוגיות חמאה אצבע,גרמים,150.00,100 גרם,false,,17.50,0.1167,true,1,106543
39047001459,false,ווקרס עוגיות היילנדר,,,ווקרס עוגיות היילנדר,גרמים,135.00,100 גרם,false,,17.50,0.1296,true,1,199669
39047005013,false,ווקרס עוגיות חמאה דגיסטיף 150 גרם,,,ווקרס עוגיות חמאה,גרמים,150.00,100 גרם,false,,17.50,0.1167,true,1,204518
39047005426,false,ווקרס ביסקוויט גינגר 150 גרם,,GB,בסקוויט עם גינגר 150,גרמים,150.00,100 גרם,false,,17.50,0.1167,true,1,149080
39047005440,false,ווקרס ביסקוויט שוקולד +אגוזי לוז 150 גרם,,,ווקרס ביסקוויט עם שו,גרמים,150.00,100 גרם,false,,17.50,0.1167,true,1,198946
39047050709,false,ווקרס ביסקוויט תות שמנת 150 גרם,,,ווקרס ביסקויט תות שד,גרמים,150.00,100 גרם,false,,17.50,0.1167,true,1,204519
39047050730,false,ווקרס עוגיות שוקולד,,,ווקרס עוגיות שוקולד,גרמים,150.00,100 גרם,false,,17.50,0.1167,true,1,208559
40000512943,false,סוכריות אם אנד אמס M&M שוקולד חלב,M&M אם אנד אם,US,סוכריות אם אנד אם 30,גרמים,303.00,100 גרם,false,,23.90,0.0789,true,1,202509
40000513568,false,סוכריות אם אנד אמס M&M שוקולד חלב,M&M אם אנד אם,US,סוכריות אם אנד אם 15,גרמים,155.90,100 גרם,false,,12.90,0.0827,true,1,197842
40000514480,false,M&M אריזה קטנה's שוקולד אריזה קטנה 48 גרם,M&M אם אנד אם,US,סוכריות אם אנד אם 48,גרמים,48.00,100 גרם,false,,4.90,0.1021,true,1,195028
40000514510,false,M&M אריזה קטנה's בוטנים אריזה קטנה 49 גרם,M&M אם אנד אם,US,סוכריות אם אנד אם פי,גרמים,49.00,100 גרם,false,,4.90,0.1000,true,1,193866
40002035648,false,פרסים רמה 4,,,פרסים רמה 4,יחידה,0.00,יחידה,false,,11.00,0.0000,true,1,95328
41143028681,false,צימוקים בקופסא סאן מייד 400 גר',,US,צימוקים בקופסא,גרמים,400.00,100 גרם,false,,21.90,0.0547,true,1,211483
41143049419,false,דומדמניות מיובשות סא,,US,דומדמניות מיובשות,גרמים,227.00,100 גרם,false,,21.90,0.0965,true,1,211486
41143299081,false,שזיפים מגולענים סאן מייד 198 ג',,US,שזיפים מגולענים,גרמים,198.00,100 גרם,false,,17.90,0.0904,true,1,211489
41390000058,false,"רוטב טריאקי קיקומן 296 מ""ל",קיקומן פודז אינק,US,רוטב טריאקי,יחידה,296.00,יחידה,false,,13.90,0.0470,true,1,98354
41390001079,false,"רוטב סויה קיקומן מופחת נתרן 444 מ""ל",קיקומן פודז אינק,US,רוטב סויה דל נתרן 44,מיליליטרים,444.00,"100 מ""ל",false,,19.90,0.0448,true,1,263693
41390010309,false,"רוטב טריאקי קיקומן 444 מ""ל",קיקומן פודז אינק,US,"רוטב טריאקי 444 מ""ל",מיליליטרים,444.00,"100 מ""ל",false,,19.90,0.0448,true,1,150419
41500000299,false,חרדל דבש דיג'ון פרנצס לחיץ 340 גרם,פרנצ'ס,US,חרדל דבש דיג'ון,גרמים,340.00,100 גרם,false,,17.90,0.0526,true,1,263220
41500000428,false,חרדל חריף פרנצ'ס לחיץ 340 גרם,פרנצ'ס,US,חרדל חום חריף,גרמים,340.00,100 גרם,false,,17.90,0.0526,true,1,209528
41500007007,false,חרדל צהוב פרנצס קלאסי לחיץ 226 גרם,פרנצ'ס,US,חרדל פרנצ'ס טבעי,גרמים,226.00,100 גרם,false,,11.50,0.0509,true,1,112848
41500013107,false,רוטב וורצסטר פרנצס29,רקיט בנקיזר,US,רוטב וורצסטר פרנצס,מיליליטרים,295.00,"100 מ""ל",false,,16.90,0.0573,true,1,213273
41500013183,false,רוטב וורצסטר פרנצס גדול,,US,רוטב וורצ'סטר פרנצ'ס,מיליליטרים,443.00,"100 מ""ל",false,,21.90,0.0494,true,1,264165
41500818467,false,"פרנצ רוטב ווסטר מופחת נתרן 443 מ""ל",,US,רוטב וורצ'סטר דל נתר,מיליליטרים,443.00,"100 מ""ל",false,,21.90,0.0494,true,1,264166
41740000806,false,"גולד בורשט 710 מ""ל Borscht",גולד פיור פוד,US,GOLDS בורשט,יחידה,710.00,יחידה,false,,19.90,0.0280,true,1,121373
42400108153,false,דגני בוקר צבעוניים בטעם פירות טוטי פרוטיס,פוסט ארצות הברית,US,דגני תותי פרוטי פוסט,גרמים,354.00,100 גרם,false,,21.90,0.0619,true,1,215809
44600008899,false,"ספריי לניקוי חלונות ומשטחים כלורקס 946 מ""ל",,,כלורקס פורמולה 409 מ,מיליליטרים,946.00,"100 מ""ל",false,,21.90,0.0232,true,1,214353
44600300580,false,כלורוקס קלין אפ פרש נוזל לניקוי רב תכלית,כלורוקס אוקלנד,US,מרסס קלין אפ פרש 946,מיליליטרים,946.00,"100 מ""ל",false,,25.90,0.0274,true,1,217515
46214372250,false,"עוגיות שטרודל פריכות תפו""ע וצימוקים",מרבה Merba,NL,עוגיות שטרודל פר,גרמים,225.00,100 גרם,false,,8.90,0.0396,true,1,111743
46214382259,false,עוגיות בראוניס שוקולד 225 ג',בנקטבקריי מרבה בי.וי,NL,עוגיות בראוניס,גרמים,225.00,100 גרם,false,,8.90,0.0396,true,1,107295
46214731552,false,עוגיות שוקולד צ'יפס 37% גודיס 225 גרם,קריניציה ויטמינה אס,NL,עוגיות שוקולד צ'יפס,גרמים,225.00,100 גרם,false,,8.90,0.0396,true,1,107296
50000574414,false,פריסקיז פארטי מיקס פיקניק קרנץ*59.500ג,נסטלה פורינה פטקר ארצות,US,פריסקיז פארטי מיקס פ,גרמים,59.00,100 גרם,false,,11.50,0.1949,true,1,264465
51131651425,false,מתלה גדול כולל דבק,3m,,מתלה גדול כולל דבק,יחידה,0.00,יחידה,false,,15.90,0.0000,true,1,189940
51131851580,false,זוג מתלים לאמבטיה עמ,,,זוג מתלים לאמבטיה עמ,יחידה,0.00,יחידה,false,,23.90,0.0000,true,1,266723
51131978393,false,זוג שפורפרות סופר גלו גל 4 גר,Unknown,,זוג שפורפרות סופר גל,יחידה,0.00,יחידה,false,,15.90,0.0000,true,1,189944
51141239590,false,מטלית לניקוי נירוסטה,3m,CN,מטלית לניקוי נירוסטה,יחידה,0.00,יחידה,false,,14.90,0.0000,true,1,266170
51141347042,false,מתלה שקוף בינוני X2 עם שני פסי הדבקה נוס,,MX,מתלה שקוף בינוני,יחידה,0.00,יחידה,false,,18.90,0.0000,true,1,189947
51141917733,false,סופר גלו נוזלי 4 גר המשחרר טיפה אחת,3m,,סופר גלו נוזלי,יחידה,0.00,יחידה,false,,23.90,0.0000,true,1,189948
51500000793,false,קונפיטורת אוכמניות סמקרס,,IL,קונפיטורה אוכמניות 3,גרמים,340.00,100 גרם,false,,17.90,0.0526,true,1,218441
51500000816,false,קונפיטורת דובדבנים 340 גרם,,,קונפיטורה דובדבנים 3,גרמים,340.00,100 גרם,false,,17.90,0.0526,true,1,218442
52100002453,false,תערובת תיבול לסטייק 96 גר,מקורמיק,US,תערובת תיבול לסטייק,גרמים,96.00,100 גרם,false,,18.90,0.1969,true,1,203861
52100002460,false,תערובת תיבול לעוף ודג 77 גר,מקרומיק,US,תערובת תיבול לעוף וד,גרמים,77.00,100 גרם,false,,18.90,0.2455,true,1,203862
52100002699,false,פלפל לבן טחון מקורמי,מקורמיק,US,פלפל לבן טחון,גרמים,28.00,100 גרם,false,,18.90,0.6750,true,1,210214
52100004389,false,קנמון טחון מקורמיק 6,מקורמיק,US,קינמון טחון,גרמים,67.00,100 גרם,false,,21.90,0.3269,true,1,205862
52100004426,false,מקלות קינמון מקורמיק,,US,מקלות קינמון,גרמים,21.00,100 גרם,false,,25.90,1.2333,true,1,203867
52100004488,false,פפריקה מקורמיק 60 גרם,מקרומיק,US,פפריקה,גרמים,60.00,100 גרם,false,,21.00,0.3500,true,1,203869
52100005966,false,גבישי שום מקורמיק 85 גרם,מקרומיק,US,גבישי שום,גרמים,85.00,100 גרם,false,,25.90,0.3047,true,1,203870
52100006260,false,אבקת שום מקורמיק 88 גרם,מקרומיק,US,אבקת שום,גרמים,88.00,100 גרם,false,,25.90,0.2943,true,1,203871
52100006468,false,אבקת בצל מקורמיק 56.,,US,גבישי בצל,גרמים,56.00,100 גרם,false,,16.90,0.3018,true,1,203872
52100006987,false,עלי דפנה מקורמיק 3.4,מקורמיק,US,עלי דפנה,גרמים,3.00,100 גרם,false,,16.90,5.6333,true,1,203875
52100029924,false,פלפל שחור טחון מקורמ,מקורמיק,US,פלפל שחור טחון,גרמים,42.00,100 גרם,false,,18.90,0.4500,true,1,210215
52100030043,false,פלפל שחור טחון גס 42 גרם,מקורמיק אנ גו,US,פלפל שחור טחון גס,גרמים,42.00,100 גרם,false,,18.90,0.4500,true,1,203877
52100030234,false,פלפל שחור שלם מקורמי,מקרומיק,US,פלפל שחור שלם,גרמים,53.00,100 גרם,false,,25.90,0.4887,true,1,203878
52100040806,false,תערובת שום בצל פלפל שחור ומלח ים 120 גר,מקורמיק,US,תערובת תיבול שום בצל,גרמים,120.00,100 גרם,false,,25.90,0.2158,true,1,205860
52100041155,false,תערובת מלח הימליה ורוד פלפל ושום 184 גר,מקורמיק,US,תערובת תיבול מלח הימ,גרמים,184.00,100 גרם,false,,25.90,0.1408,true,1,205861
52100070643,false,"תמצית בטעם שקדים 29 מ""ל",מקורמיק,US,תמצית בטעם שקדים,גרמים,29.00,100 גרם,false,,10.90,0.3759,true,1,203879
52100070827,false,"תמצית רום מקורמיק 29 מ""ל",מקרומיק תבלינים,US,תמצית בטעם רום,יחידה,29.00,יחידה,false,,10.90,0.3759,false,1,124772
52100070865,false,"תמצית וניל טהור מקורמיק 29 מ""ל",מקורמיק האנט ואלי,US,תמצית וניל טהורה,גרמים,28.00,100 גרם,false,,29.90,1.0679,false,1,98375
52100070995,false,תמצית בטעם וניל מקורמיק 59 גרם,מקורמיק,US,תמצית טעם וניל,גרמים,59.00,100 גרם,false,,10.90,0.1847,true,1,203880
52100071121,false,עלי בזיליקום מיובשים 24 גר,,US,עלי בזיליקום מיובשים,גרמים,35.00,100 גרם,false,,25.90,0.7400,true,1,203881
52100136387,false,פלפל ושום במטחנה 34 גרם,מקרומיק תבלינים,FR,פלפל שום במטחנה,גרמים,34.00,100 גרם,false,,18.90,0.5559,false,1,133828
52100746029,false,מלח ים מקורמיק 60 ג,מקרומיק תבלינים,FR,מלח ים במטחנה,גרמים,60.00,100 גרם,false,,16.90,0.2817,false,1,112233
52100746043,false,תערובת פלפלים במטחנה 24 גר,מקורמיק האנט ואלי,FR,מקורמיק-פלפלים שלמים,גרמים,24.00,100 גרם,false,,16.90,0.7042,false,1,133913
55369901284,false,"רסק תפו""ע מנגו ואפרס",ליהי אורצרד אינק,,"רסק תפו""ע מנגו ואפרס",גרמים,452.00,100 גרם,false,,13.90,0.0308,true,1,150605
55369901673,false,אפלסנקס רביעיות רסק תפוחי עץ אפרסק ללא תוספת סוכר,ליייהי אורצ'רדס,CA,רסק תפוחים ואפרסק אפ,גרמים,452.00,100 גרם,false,,13.90,0.0308,true,1,111083
55369902342,false,אפלסנקס צנצנת רסק תפוחי עץ ממותק בסגנון ביתי 680 גרם עברית,לייהי אורצ'רדס,CA,רסק תפוח עץ בצנצנת 7,גרמים,709.00,100 גרם,false,,13.90,0.0196,true,1,111085
55369902557,false,אפלסנקס רביעיות רסק תפוחי עץ ממותק בסגנון ביתי עברית,ליייהי אורצ'רדס,CA,מחית תפוחי עץ בסגנון,גרמים,452.00,100 גרם,false,,13.90,0.0308,true,1,115951
55369902564,false,אפלסנקס רביעיות רסק תפוחי עץ ללא תוספת סוכר עברית,ליייהי אורצ'רדס,CA,"רסק תפו""ע אפלסנקס לל",גרמים,452.00,100 גרם,false,,13.90,0.0308,true,1,115002
55369903295,false,אפלסנקס צנצנת  רסק תפוחי עץ ללא תוספת סוכר 652 גרם עברית,לייהי אורצ'רדס,CA,"מחית תפו""ע לא ממותק",גרמים,652.00,100 גרם,false,,13.90,0.0213,true,1,189180
55500012046,false,כלורוקס קלין אפ מרסס נוזל לניקוי רב תכלי,כלורוקס אוקלנד,US,מרסס קלין אפ 946,מיליליטרים,946.00,"100 מ""ל",false,,25.90,0.0274,true,1,94760
58000142176,false,"קולגייט משחת שיניים טוטאל הלבנה 170 מ""ל",cp,MX,קולגייט משחת שיניים,מיליליטרים,170.00,"100 מ""ל",false,,24.90,0.1465,true,1,266710
58000313200,false,"קולגייט משחת שיניים פרש כחול 150 מ""ל",קולגייט,MX,קולגייט משחת מקס פרש,מיליליטרים,150.00,"100 מ""ל",false,,19.90,0.1327,true,1,266712
58449185048,false,"צ'יטה צ'ומפס טבעות פריכות מדגנים ואורז natures path לל""ג 284 גרם",ניישר פאט',US,צ'יטה צ'ומפס טבעות פ,גרמים,284.00,100 גרם,false,,23.90,0.0842,true,1,205107
58449860020,false,"דגני גורילה מאנצ'י לל""ג 284 גרם",נאטשר פאת פוד,US,גורילה מאנצ' קור,גרמים,284.00,100 גרם,false,,23.90,0.0842,true,1,136970
58449860037,false,"קואלה קריספי דגני בוקר natures path לל""ג 325 גרם",מולינו ניקולי s.p.a,US,קואלה קריספ פיצפ,גרמים,326.00,100 גרם,false,,23.90,0.0733,true,1,136971
58449870241,false,שוקו שימפס - כדורוני תירס אורגניים בתוספת קקאו ללא גלוטן 284 גרם ללא גלוטן,נאטשר פאת פוד,US,דגני שוקו שימפס כדור,גרמים,284.00,100 גרם,false,,23.90,0.0842,true,1,213392
62558202381,false,"ארגני טהור 236 מ""ל {12 כשר} b סירופ מייפל",דיקסר קוויבק,CA,סירופ מייפל אמיתי או,מיליליטרים,236.00,"100 מ""ל",false,,27.90,0.1182,true,1,201360
63435711033,false,רויאל טישו 3 שכבות 88 אולטרא,מגסטה,CA,רויאל טישו 3 שכבות,יחידה,0.00,יחידה,false,,7.90,0.0000,true,1,218019
63435711514,false,ממחטות אף רויאל טישו,מגסטה,CA,טישו רויאל 2 שכבות,יחידה,0.00,יחידה,false,,7.90,0.0000,true,1,266708
64144090013,false,"תרסיס שמן קנולה בטעם חמאה פאם 148 מ""ל",קונאגרה פודס,US,שמן פאם חמאה,יחידה,0.00,יחידה,false,,18.00,0.0000,false,1,137828
64144090020,false,"ספריי שמן PAM בטעם שמן זית 141 מ""ל",קונאגרה פודס,US,שמן פאם שמן זית,יחידה,0.00,יחידה,false,,18.00,0.0000,false,1,137829
64144090051,false,"ספריי שמן PAM קנולה אורגינל 148 מ""ל",קונאגרה פודס,US,שמן פאם קנולה 148 גר,גרמים,148.00,100 גרם,false,,18.00,0.1216,false,1,150763
70177077563,false,תה ארל גריי 25 שקיות טוינינגס 50 גר,אר. טווינינגס אנד קומפני,PL,טוינינג- ארל גריי,גרמים,50.00,100 גרם,false,,16.90,0.3380,true,1,187643
70177077693,false,תה אנגליש ברקפסט 25 שקיות טוינינגס 50 גר,אר. טווינינגס אנד קומפני,PL,טוינינג- אינגליש ברק,גרמים,50.00,100 גרם,false,,16.90,0.3380,true,1,187647
70177078775,false,תה ליידי גריי טוויני,טווינינגס Twinings,,טוינינג- ליידי גריי,גרמים,50.00,100 גרם,false,,16.90,0.3380,true,1,187648
70177084769,false,טווינינגס שחור ונילה 50 גרם,אר.טווינינג אנד קומפני א,PL,תה שחור ונילה 25 שקי,גרמים,50.00,100 גרם,false,,16.90,0.3380,true,1,261347
70177086664,false,תה ירוק טהור 25 שק TWININGS,אר. טווינינגס אנד קומפני,PL,תה ירוק טהור 25 שק',גרמים,50.00,100 גרם,false,,18.90,0.3780,true,1,195992
70177173166,false,תה יסמין ירוק 25 שקיקים TWININGS,אר. טווינינגס אנד קומפני,PL,תה טויני יסמין 25 שק,גרמים,50.00,100 גרם,false,,18.90,0.3780,true,1,192157
70177177669,false,חליטה למון גינגר 30 גרם טווינינג,אר. טווינינגס אנד קומפני,PL,חליטת למון ג'ינג'ר,גרמים,30.00,100 גרם,false,,15.90,0.5300,true,1,204277
70177177683,false,חליטה קמומיל האני 30 גרם טווינינג,אר. טווינינגס אנד קומפני,PL,תה חליטת קמומיל,גרמים,30.00,100 גרם,false,,15.90,0.5300,true,1,203674
70177177737,false,חליטה פיור קמומיל 20 גרם טווינינג,אר. טווינינגס אנד קומפני,PL,תה חליטת קמומיל,גרמים,20.00,100 גרם,false,,15.90,0.7950,true,1,203675
70177177744,false,חליטה פיור פפרמינט 40 גרם טווינינג,טוינינג,PL,חליטת מנטה 20 שקיקים,גרמים,40.00,100 גרם,false,,15.90,0.3975,true,1,205351
70221011116,false,טובלרון - שוקולד חלב 100 גרם,טובלרון Toblerone,CH,טובלרון חלב,גרמים,100.00,100 גרם,false,,8.90,0.0890,true,1,98400
70734053108,false,"חליטת תה ""קינמון ותפוח""- 20 שקיקים של 2.3 גרם",,,"חליטת תה ""קינמון ותפ",גרמים,46.00,100 גרם,false,,16.90,0.3674,true,1,138246
70734529382,false,חליטת תה צאי הודי 20 שקיקים של 3.05 גר,,,סלסטיאל תה צ'אי הודי,גרמים,61.00,100 גרם,false,,16.90,0.2770,true,1,200459
70970471254,false,מייק לייק - סוכריות ג'לי בינס קרטונית פירות ירוק 141 גרם,ג'\אסט בורן,US,מייק לייק-סוכריות ג',גרמים,141.00,100 גרם,false,,9.90,0.0702,true,1,150652
70970471261,false,סוכריות ג'לי בינס פרות טרופים קרטונית 141ג',גאסט בורן,US,מייק לייק-סוכריות ג',גרמים,141.00,100 גרם,false,,9.90,0.0702,true,1,194451
70970471278,false,מייק לייק - סוכריות ג'לי בינס קרטונית פירות יער כחול 141 גרם,גאסט בורן,US,מייק לייק סוכריות ג',גרמים,141.00,100 גרם,false,,9.90,0.0702,true,1,147387
70970471285,false,"סוכריות מייק אייק רד רייג'רס, 141 ג'",ג'אסט בורן,US,מייק לייק אדום 170ג',גרמים,170.00,100 גרם,false,,9.90,0.0582,true,1,193335
70970471308,false,"סוכריות מייק אייק רד רייג'רס, 141 ג'",ג'אסט בורן,US,מייק לייק סגול 170ג',גרמים,170.00,100 גרם,false,,9.90,0.0582,true,1,194118
70970473562,false,מייק לייק - סוכריות ג'לי בינס קרטונית מגה מיקס 141 גרם,ג'\אסט בורן,US,מייק לייק וכריות ג'ל,גרמים,141.00,100 גרם,false,,9.90,0.0702,true,1,198063
70970473609,false,סוכריות ג'לי מייק&נייק מגה מיקס חמוץ 141 גר',ג'\אסט בורן,US,סוכריות ג'ל בטעם פיר,גרמים,141.00,100 גרם,false,,9.90,0.0702,true,1,214169
71570001667,false,גלי בלי סוכריות 20 טעמים 70 גרם,ג'לי בלי קינדי,TH,סוכריות גלי ביילי 20,גרמים,70.00,100 גרם,false,,11.90,0.1700,true,1,207999
71570004293,false,גלי בלי סוכריות פניניות 70 גרם,,,סוכריות גלי ביילי פנ,גרמים,70.00,100 גרם,false,,11.90,0.1700,true,1,208000
72600005846,false,הר טורטיה דיפר מתירס לבן 383 גרם,הר פודס,US,הרס-טורטייה מתירס לב,גרמים,386.00,100 גרם,false,,24.90,0.0645,true,1,149461
72600009257,false,הר טורטיה צ'יפס מתירס לבן 255 גרם,הר פודס,US,הרס- טורטייה צ'יפס ת,גרמים,225.00,100 גרם,false,,19.90,0.0884,true,1,149462
72600062290,false,הר חטיף גבינה חלפניו חריף 198 גרם,הר פודס,US,הרס- חטיפי תירס גבינ,גרמים,198.50,100 גרם,false,,22.90,0.1154,true,1,195621
72600062306,false,הרס חטיף במבה בטעם גבינה 198 גרם,הר פודס,US,הרס-חטיפי במבה גבינה,גרמים,198.00,100 גרם,false,,22.90,0.1157,true,1,147590
72600062320,false,הר חטיף גבינה בטעם פיצה 198 גרם,הר פודסn\,US,הר במבה גבינה בטעם פ,גרמים,198.00,100 גרם,false,,22.90,0.1157,true,1,195691
73490129919,false,ביסקוויט ביס קסטה הדר 250 גרם,אפיפית נצרת,IL,ביסקוויט קסטה 250 גר,גרמים,250.00,100 גרם,false,,4.50,0.0180,true,1,215521
73490130946,false,ביסקויט פתי בר בטעם וניל 500 גרם,אפיפית נצרת,IL,פתיבר וניל 500 גר' ה,גרמים,500.00,100 גרם,false,,7.90,0.0158,true,1,216912
73490130953,false,ביסקויט בטעם שוקולד 500 גרם,אפיפית נצרת,IL,פתיבר שוקו 500 גר' ה,גרמים,500.00,100 גרם,false,,7.90,0.0158,true,1,216913
74261130103,false,רוטב טריאקי תמרי כתו,מנדרין סוי סוס,,רוטב טארייקי,גרמים,355.00,100 גרם,false,,16.90,0.0476,true,1,117966
74261130165,false,רוטב טריאקי תמרי כת,מנדרין סוי סוס,,רוטב טריאקי תמרי,מיליליטרים,500.00,"100 מ""ל",false,,24.90,0.0498,true,1,139798
74261140201,false,"רוטב סויה 500 מ""ל תמרי",מנדרין סוי סוס,,רוטב סויה תמרי,יחידה,500.00,יחידה,false,,22.90,0.0458,true,1,100332
74261150101,false,רוטב סויה תמרי 296 מ,מנדרין סוי סוס,,רוטב סויה תמרי,גרמים,355.00,100 גרם,false,,13.90,0.0392,true,1,100333
74261202008,false,תמרי רוטב סויה דל נת,מנדרין סוי סוס,,תמרי רוטב סויה דל נת,מיליליטרים,296.00,"100 מ""ל",false,,16.90,0.0571,true,1,205826
76840002542,false,"גלידת בן & ג'ריס פיינט נטפליקס וצ'ילד 500מ""ל",מוצרי איכות אמריקאיים בע,IL,גלידת בן אנד ג'רי,גרמים,424.00,100 גרם,false,,18.90,0.0446,true,1,213864
76840100156,false,"בן אנד גריס גלידת צרי גרסיה 500 מ""ל",מוצרי איכות אמריקאיים בע,IL,גלידה בן וג'רי,גרמים,420.00,100 גרם,false,,18.90,0.0450,true,1,150823
76840100583,false,"גלידת וניל עם בצק עוגיות בן וג'ירי 473 מ""ל",מוצרי איכות אמריקאיים בע,IL,בן אנד ג'ריס בצק עוג,גרמים,473.00,100 גרם,false,,18.90,0.0400,false,1,124488
76840400218,false,"גלידה בן&ג'ריס תות שדה ועוגת גבינה 500מ""ל",מוצרי איכות אמריקאיים בע,IL,בן אנד ג'ריס גלידת ת,מיליליטרים,500.00,"100 מ""ל",false,,18.90,0.0378,true,1,145765
77245110610,false,סוכריות מאסט ללא סוכר בטעם מנטה 80 ג'עלית,MIESZKO S.A - MS. JO,PL,סוכריות מאסט מנט,גרמים,80.00,100 גרם,false,,8.50,0.1063,false,1,98754
77975036976,false,מטבל עגבניות בחריפות עדינה סניידרס 439 ג',סניידרס אוף האנובר,US,מטבל סלסה בחריפות עד,גרמים,439.00,100 גרם,false,,16.50,0.0376,true,1,191819
77975093085,false,"בייגלה מצופה כעכים בציפוי שוקולד חלב, 141 ג סניידרס",סניידרס Snyder's,US,חטיף בייגלה סניידרס,גרמים,141.00,100 גרם,false,,16.90,0.1199,true,1,264785
77975093108,false,"בייגלה מצופה כעכים בציפוי בטעם שוקולד לבן, 141 ג סניידרס",סניידרס Snyder's,US,חטיף בייגלה סניידרס,גרמים,141.00,100 גרם,false,,16.90,0.1199,true,1,264786
77975094624,false,"סניידרס סנדוויץ בייגלה במילוי חמאת בוטנים , 226 ג'",סניידרס Snyder's,US,סניידרס חמאת בוטנים,גרמים,280.00,100 גרם,false,,15.90,0.0568,true,1,214462
77975094631,false,סניידרס סנדוויץ' בייגלה במילוי קרם בטעם צ'דר 226 גרם,סניידרס לאנס,US,סניידרס צ'דר סנדוויץ,גרמים,226.00,100 גרם,false,,15.90,0.0704,true,1,214401
77975094761,false,סניידרס חטיפים על בסיס קמח חיטה בטעם גבינת צ'דר,סניידרס אוף האנובר,US,סניידרס צ'דר 340 גר',גרמים,340.00,100 גרם,false,,15.90,0.0468,true,1,217795
77975094778,false,שברי בייגלה סניידרס בטעם דבש חרדל 340 גר,סניידרס אוף האנובר,US,סניידרס דבש וחרדל 34,גרמים,340.00,100 גרם,false,,15.90,0.0468,true,1,218454
77975095133,false,שברי בייגלה בטעם פיקנטי 318 ג' סניידרס,סניידרס Snyder's,US,סניידרס שברי בייגלה,גרמים,319.00,100 גרם,false,,15.90,0.0498,true,1,266355
78300081098,false,פלייטקס ספורט עם מוליך רגולר 18 יח,פלייטקס מניפאקטורינג בעמ,US,פלייטקס טמפונים,יחידה,0.00,יחידה,false,,25.00,0.0000,true,1,216680
78300081111,false,פלייטקס ספורט עם מוליך סופר 18 יח,פלייטקס מניפאקטורינג בעמ,US,פלייטקס טמפונים ספור,יחידה,0.00,יחידה,false,,25.00,0.0000,true,1,217236
78300098379,false,פלייטקס טמפונים רגולר סימפלי גנטל גלייד 20י,פלייטקס מניפאקטורינג בעמ,US,פלייטקס רגולר סימפלי,יחידה,0.00,יחידה,false,,25.00,0.0000,true,1,206003
80518439660,false,פרסים רמה 6,,,פרסים רמה 6,יחידה,0.00,יחידה,false,,15.70,0.0000,true,1,95330
82184090442,false,וויסקי ג'ק דניאלס 1 ליטר,בראון פורמן,US,וויסקי ג'ק דניאל,ליטרים,1.00,ליטר,false,,140.00,140.0000,true,1,195325
84213017420,false,מסטמכר מיסלי אורגני עם אגוזים וצימוקים 500 גרם,מרום את קונפינו,DE,מוזלי אגוזים וצימוקי,גרמים,500.00,100 גרם,false,,18.90,0.0378,true,1,111099
84213017475,false,מסטמכר מיסלי אורגני עם פירות יבשים 500 גרם,מרום את קונפינו,DE,מיסלי פירות ביו,גרמים,500.00,100 גרם,false,,18.90,0.0378,true,1,106552
84213017499,false,מסטמכר מיסלי אורגני עם פירות יער 500 גרם,מרום את קונפינו,DE,מיסלי פירות יער,גרמים,500.00,100 גרם,false,,18.90,0.0378,true,1,106553
84909023049,false,רוטב צ'ילי מתוק ללא,,,רוטב צ'ילי מתוק ללא,גרמים,800.00,100 גרם,false,,15.90,0.0199,true,1,219631
87666052819,false,"רוטב סריראצ'ה סופר חריף 455 מ""ל",EXOTIC FOOD PCL,,רוטב סריראצ'ה סופר ח,מיליליטרים,455.00,"100 מ""ל",false,,22.90,0.0503,true,1,203964
87666052888,false,"רוטב סריראצ`ה עם למון גראס 455 מ""ל",EXOTIC FOOD PCL,,רוטב סריראצ'ה עם לימ,מיליליטרים,455.00,"100 מ""ל",false,,22.90,0.0503,true,1,203966
89041081056,false,שמן סויה בתיבול צילי,Flavor full foods in,TW,שמן צ'ילי חריף,יחידה,185.00,יחידה,false,,14.90,0.0805,true,1,124985
89397344300,false,דיניקולה רוטב פסטה עגבניות ובזיל 737 גרם,ג'יאובני פוד,US,רוטב פסטה עם עגבניות,גרמים,737.00,100 גרם,false,,16.90,0.0229,true,1,111105
89397344348,false,דיניקולה רוטב פסטה עם שום קלוי 737 גרם,ג'יאובני פוד אינק,US,רוטב פסטה עם שום צלו,גרמים,737.00,100 גרם,false,,16.90,0.0229,true,1,111107
89397344362,false,רוטב דיניקולה פסטה בטעם מרינדה 737 גרם,ג'יאובני פוד אינק,US,רוטב פסטה מרינרה קלא,יחידה,737.00,יחידה,false,,16.90,0.0229,true,1,122949
93133112863,false,רוטב מייקי דבש שום 566 גר,,,מייקי רוטב שום ודבש,גרמים,566.00,100 גרם,false,,41.90,0.0740,true,1,266476
93133210736,false,רוטב מייקי הגנרל צו 566 גר,,,מייקי-רוטב בסגנון טס,גרמים,566.00,100 גרם,false,,39.90,0.0705,true,1,210063
93133737325,false,רוטב טריאקי שומשום עברית 566 גרם,אקזוטיק סאוס,US,רוטב טארייקי ושומשום,יחידה,566.00,יחידה,false,,39.90,0.0705,true,1,128358
413900010558,false,"רוטב סויה דל מלח 296 מ""ל מהדרין",קיקומן פודז אינק,,רוטב סויה קיקומן 296,מיליליטרים,296.00,"100 מ""ל",false,,13.90,0.0470,true,1,98402
608614310463,false,אוכמניות יחידה,אראל תוצרת חקלאית בע,IL,אוכמניות טריות,גרמים,125.00,100 גרם,false,,11.90,0.0952,true,1,265582
608614310777,false,דומדמניות אדומות 125,חקלאי,IL,דומדמניות אדומות 125,גרמים,125.00,100 גרם,false,,19.90,0.1592,true,1,266033
611745285685,false,אבוקדו בשל מארז 2יחידות,"מור בריאות בע""מ",IL,אבוקדו זוגות,גרמים,500.00,100 גרם,false,,9.90,0.0198,true,1,199214
611745288709,false,לחם שיפון כוסמין מלא,,,לחם שיפון כוסמין מלא,גרמים,730.00,100 גרם,false,,21.90,0.0300,true,1,219082
611745288716,false,לחם כוסמת ירוקה וטף,,,לחם כוסמת ירוקה וטף,גרמים,760.00,100 גרם,false,,26.90,0.0354,true,1,219083
611745288723,false,לחם מונבט מלא,,,לחם מונבט מלא,גרמים,720.00,100 גרם,false,,26.90,0.0374,true,1,219084
611745288730,false,לחם חיטה מלאה עם גרע,,,לחם חיטה מלאה עם גרע,גרמים,680.00,100 גרם,false,,21.90,0.0322,true,1,219076
611745288747,false,לחם לסנדביץ,,,לחם לסנדביץ,גרמים,820.00,100 גרם,false,,21.90,0.0267,true,1,219085
611745288754,false,לחם כפרי אגוזים וסיל,,,לחם כפרי אגוזים וסיל,גרמים,680.00,100 גרם,false,,28.90,0.0425,true,1,219077
611745288761,false,לחם כוסמין מלא,,,לחם כוסמין מלא,גרמים,730.00,100 גרם,false,,26.90,0.0368,true,1,219078
611745288778,false,לחם כפרי מעודן,,,לחם כפרי מעודן,גרמים,620.00,100 גרם,false,,21.90,0.0353,true,1,219086
611745288785,false,חלת כוסמין,,,חלת כוסמין,גרמים,570.00,100 גרם,false,,26.90,0.0472,true,1,219087
611745288792,false,לחם כפרי זיתים,,,לחם כפרי זיתים,גרמים,660.00,100 גרם,false,,21.90,0.0332,true,1,219079
611745294014,false,חומץ תפוחים אורגני 1 ליטר,,,חומץ תפוחים 5%,ליטרים,1.00,ליטר,false,,24.90,24.9000,true,1,200375
613008742348,false,בקבוק אריזונה ג'נסינג ודבש 1 ליטר,"נטורלה גטרנק בע""\מn\",DE,אריזונה ג'נסינג ודבש,ליטרים,1.00,ליטר,false,,11.00,11.0000,true,1,212044
613008742409,false,בקבוק אריזונה אפרסק 1 ליטר,"נטורלה גטרנק בע""\מn\",DE,אריזונה אפרסק בקבוק,ליטרים,1.00,ליטר,false,,11.00,11.0000,true,1,212042
613008755461,false,בקבוק אריזונה אוכמניות 1 ליטר,"נטורלה גטרנק בע""\מn\",BG,אריזונה אוכמניות בקב,ליטרים,1.00,ליטר,false,,11.00,11.0000,true,1,212043
628154383659,false,דגני בוקר פרוטי פבלס פוסט 311 גרם,פוסט ארצות הברית,US,דגני פרוטי פבלס,גרמים,311.00,100 גרם,false,,21.90,0.0704,true,1,263788
633824913432,false,"וודקה וואן גוך בטעם אסאי בלוברי, 750 מ''ל",מזקקת קוימאנס טילבורג,NL,ואן גוך אסאי בלוברי,מיליליטרים,750.00,"100 מ""ל",false,,129.90,0.1732,false,1,127175
639138513238,false,פילה הרינג מעושן צ'צ'יק 190 גרם,רוג'ין פיש,DE,פילה הרינג מעושן בשמ,גרמים,190.00,100 גרם,false,,13.00,0.0684,true,1,111804
639138527624,false,פילה הרינג ברוטב פפר,,,פילה דג הרינג בפפריק,גרמים,200.00,100 גרם,false,,13.00,0.0650,true,1,120511
639138527631,false,פילה הרינג ברוטב חרדל 200 גר (16),רוג'ין פיש,,הרינג ברוטב חרדל 200,גרמים,200.00,100 גרם,false,,13.00,0.0650,true,1,111806
639138717902,false,פילה מקרל מעושן בשמן צמחי,Rugen Fisch,,פילה הרינג מעושן בשמ,גרמים,190.00,100 גרם,false,,16.00,0.0842,true,1,142209
645173911038,false,קורנישון מלפפוןן מיני 720 גרם - תומר,קלמן אינדיה פי וי סי,IN,תומר-מלפפונים קורניש,גרמים,360.00,100 גרם,false,,9.90,0.0275,true,1,207248
645173911427,false,מלפפון 1 ל' ישראלי מלח12X,,,מלפפונים במלח,גרמים,550.00,100 גרם,false,,13.90,0.0253,true,1,192914
645692555645,false,עוגיות סהרון 175 גרם פפושדו,"אחים פפושדו ובניהם בע""\מ",IL,עוגיות סהרון פפושדו,גרמים,200.00,100 גרם,false,,5.90,0.0295,true,1,111423
649660432020,false,היל וויו שזיפים מיובשים מגולענים 567 גרם,היל ויו פקינג קומפני,US,שזיפים מיובשים 567 ג,גרמים,567.00,100 גרם,false,,26.90,0.0474,true,1,193029
651080647519,false,קיסמים עם חוט דנטלי פלאקרס מנטה 35 יחידות,"פלקרס רנור ארה""ב",US,פלאקרס חוט דנטלי,יחידה,0.00,יחידה,false,,11.90,0.0000,true,1,198983
660089001147,false,נוזל לפתיחת סתימות 1ל,סטרוכם,,פותח סתימות נוזלי מק,מיליליטרים,600.00,"100 מ""ל",false,,19.90,0.0332,true,1,193984
661799970525,false,ממרח פלפלים קוראני,,,ממרח פלפלים קוראני,גרמים,500.00,100 גרם,false,,27.90,0.0558,true,1,263371
686464494007,false,סוכריה על מקל בטעם א,,,סוכריה על מקל בטעם א,גרמים,18.00,100 גרם,false,,5.90,0.3278,true,1,263500
686464528009,false,ממתק לקקן לייזר פופ,,,ממתק לקקן לייזר פופ,יחידה,0.00,יחידה,false,,9.90,0.0000,true,1,261175
693493022262,false,לחם מחמצת זיתים,,,לחם מחמצת זיתים,גרמים,800.00,100 גרם,false,,23.90,0.0299,true,1,208181
693493065351,false,מלפפון בייבי משק פר,Unknown,,מלפפון בייבי משק פר,יחידה,0.00,יחידה,false,,8.90,0.0000,true,1,210902
693493075640,false,עוגיות זיו בראוניז 3,זיו,IL,העוגיות של זיו,גרמים,300.00,100 גרם,false,,29.90,0.0997,true,1,260601
693493124720,false,פיתות כוסמין,,,פיתות כוסמין,גרמים,400.00,100 גרם,false,,14.90,0.0373,true,1,263565
710069055452,false,ביסקויט סנדוויץ שוקו הדר 150 גרם,אפיפית נצרת,IL,עוגיות סנדויץ שוקו 1,גרמים,150.00,100 גרם,false,,3.90,0.0260,true,1,216915
721733000715,false,"פטרון אניחו טקילה 700 מ""ל",פטרון,MX,פטרון- אניחו טקילה,מיליליטרים,700.00,"100 מ""ל",false,,199.90,0.2856,true,1,208598
728229123590,false,טרה אורגינל חטיף על בסיס ירקות שורש בטעם טבעי 110 גרם,הונדורס צ'יפס יצור א,HN,טרה חטיף ציפס מירקות,גרמים,110.00,100 גרם,false,,15.90,0.1445,true,1,133999
728229123811,false,טרה חטיף על בסיס ירקות שורש בתיבול ים תיכוני 110 גרם,הונדורס צ'יפס יצור א,HN,טרה חטיף ציפס מירקות,גרמים,110.00,100 גרם,false,,15.90,0.1445,false,1,134762
728229124771,false,טרה חטיף על בסיס בטטה בטעם ברביקיו 110 גרם,היין פיוצ'ור נטורל פ,IN,טרה צ'יפס בטטה ברביק,גרמים,110.00,100 גרם,false,,15.90,0.1445,true,1,192497
728229130154,false,טרה חטיף על בסיס בטטה וסלק בטעם טבעי 110 גרם,הונדורס צ'יפס יצור א,HN,טרה חטיף ציפס מבטטה,גרמים,110.00,100 גרם,false,,15.90,0.1445,true,1,134000
728229130444,false,"חטיף על בסיס ירקות שורש עם בטטה, תפו""א כחול וסלק",היין סלסטיאל גרופ,US,טרה חטיף ציפס מירקות,גרמים,110.00,100 גרם,false,,15.90,0.1445,false,1,134763
761720051108,false,"קארו סירופ תירס בהיר 470 מ""ל",אי סי איץ,US,סירופ קארו בהיר,יחידה,453.00,יחידה,false,,28.90,0.0638,true,1,149280
768404001640,false,"גלידה בן&ג'ריס קפה משפחתית 500מ""ל",מוצרי איכות אמריקאיים בע,IL,בן וג'ריס גלידת קפה,מיליליטרים,500.00,"100 מ""ל",false,,18.90,0.0378,true,1,123341
769904000997,false,שקדי מרק ללא גלוטן200גרם,משובח תעשיות מזון,IL,שקדי מרק ללא גלוטן 2,גרמים,200.00,100 גרם,false,,14.90,0.0745,true,1,203136
777915888299,false,"אקיטה רוטב סויה ללא גלוטן 450 מ""ל",אקיטה דלסון,CA,אקיטה רוטב סויה,יחידה,290.00,יחידה,false,,16.90,0.0583,true,1,147943
783495543398,false,מכוניות,,,מכוניות,יחידה,0.00,יחידה,false,,10.00,0.0000,true,1,219723
783495543404,false,בובות,,,בובות,יחידה,0.00,יחידה,false,,15.00,0.0000,true,1,219724
783495543411,false,משחקי יצירה,,,משחקי יצירה,יחידה,0.00,יחידה,false,,30.00,0.0000,true,1,219725
783495543428,false,בובות,,,בובות,יחידה,0.00,יחידה,false,,45.00,0.0000,true,1,219726
783495543435,false,משחקי יצירה,,,משחקי יצירה,יחידה,0.00,יחידה,false,,60.00,0.0000,true,1,219727
786150000281,false,"שישייה בירה לף בראון בקבוק 330X6 מ""ל","אינבב, ברוורייפליין",BE,שישיית בירה לף בראון,ליטרים,1.98,ליטר,false,,44.90,22.6768,false,1,263792
810206001028,false,מאסל קוביות ציר ירקו,,,מאסל קוביות ציר ירקו,גרמים,105.00,100 גרם,false,,15.90,0.1514,true,1,263209
812130020496,false,טרוביה- סטיביה תערובת סוכר חום- 510ג',,US,טרוביה סטיביה תערובת,גרמים,510.00,100 גרם,false,,34.90,0.0684,true,1,210420
812664009356,false,תמיקון תרכיז תמר הינדי 400 גר,TAMICON,,ממרח תמרים מרוכז נפט,גרמים,400.00,100 גרם,false,,14.90,0.0373,true,1,206697
818570007066,false,"פיור וניל טהור 29 מ""ל ""ווטקינס""","ג'יי אר ווטקינס בע""מ",US,ווטקינס תמצית וניל ט,גרמים,29.00,100 גרם,false,,27.90,0.9621,true,1,198198
833949000264,false,"סירופ מייפל אמיתי 100% אורגני 250 מ""ל",דיקסר קוויבק,CA,סירופ מייפל אמיתי,גרמים,330.00,100 גרם,false,,29.90,0.0906,true,1,133998
835811000167,false,נר נשמה בזכוכית לשבעה ימים*זכוכית*,MULDER NATURAL FOODS,CN,נר נשמה שבועי בזכוכי,יחידה,0.00,יחידה,false,,10.90,0.0000,true,1,210471
835811000297,false,כוסות שתייה חמה קרטו,אכיף,IL,כוסות קרטון 50 יח',יחידה,0.00,יחידה,false,,11.90,0.0000,true,1,211089
835811000396,false,נייר אפיה לתבנית מוארכת - מארז 30 ניירות,יבוא ושיווק: הנמל אריזות,CN,נייר אפיה לתבנית מוא,יחידה,0.00,יחידה,false,,9.90,0.0000,true,1,211090
835811000402,false,כפות 50 יח` קרם עבה במיוחד,"גרנג יוניברס , הונג",TR,כפות 50 יח' קרם,יחידה,0.00,יחידה,false,,13.90,0.0000,true,1,206256
835811000419,false,כפיות 50 יח` קרם עבה במיוחד,"גרנג יוניברס , הונג",TR,כפיות 50 יח' קרם,יחידה,0.00,יחידה,false,,13.90,0.0000,true,1,206257
835811000433,false,סכינים 50 יח` קרם עבה במיוחד,"גרנג יוניברס , הונג",TR,סכינים 50 יח' קרם,יחידה,0.00,יחידה,false,,13.90,0.0000,true,1,206259
835811000518,false,תמצית וניל טהור הנמל,,IL,תמצית וניל טהורה,מיליליטרים,29.00,"100 מ""ל",false,,26.90,0.9276,true,1,265873
835811000556,false,כוס יין עבה 6 יח' שקוף/נצנץ,,,כוס יין עבה 6 יח,יחידה,0.00,יחידה,false,,10.90,0.0000,true,1,266462
835811001119,false,מיני עדשים 200 גרם בצנצנת לעוגה,,,מיני עדשים 200 גר בצ,גרמים,200.00,100 גרם,false,,12.90,0.0645,true,1,213253
835811001133,false,קוקוס הנמל 400 גרם כ,,,קוקוס 400 גר',גרמים,400.00,100 גרם,false,,11.90,0.0298,true,1,211092
835811001140,false,שומשום הנמל 400 גרם,הנמל אריזות.,IL,שומשום 400 גר,גרמים,400.00,100 גרם,false,,9.90,0.0248,true,1,211695
835811001157,false,צלחות גדול מדקל עגול 10 יח,,,צלחות גדול מדקל 10 י,יחידה,0.00,יחידה,false,,13.90,0.0000,true,1,211589
835811001188,false,צלחות ענק מדקל עגול 10 יח,,,צלחות ענק מדקל 10 יח,יחידה,0.00,יחידה,false,,14.90,0.0000,true,1,211595
835811001201,false,מגש אובלי בינוני מדק,,,מגש אובלי בינוני מדק,יחידה,0.00,יחידה,false,,16.90,0.0000,true,1,211596
835811001232,false,"נייר אפיה לתבנית עגולה 26 ס""מ - מארז 10 ניירות",האנג טונג,CN,נייר אפייה לתבנית עג,יחידה,0.00,יחידה,false,,10.90,0.0000,true,1,211597
835811001447,false,עדשים שחורות 500 גר,,,עדשים שחורות 500 גר,גרמים,500.00,100 גרם,false,,5.90,0.0118,true,1,214772
835811001584,false,גביעי אחסון 12 יח` + מכסה 0.25 ליטר,,,גביעי איחסון 12 יח +,יחידה,0.00,יחידה,false,,6.90,0.0000,true,1,189777
835811001591,false,גביעי אחסון 8יח` + מכסה 0.5 ליטר,,,גביעי איחסון 8 יח +,יחידה,0.00,יחידה,false,,6.30,0.0000,true,1,189716
835811001607,false,גביעי אחסון 6 יח` + מכסה 1 ליטר,,,גביעי איחסון 6 יח +מ,יחידה,0.00,יחידה,false,,5.90,0.0000,true,1,189778
835811001652,false,כוס לשתייה קרה 330 סמק` 40 יח` )בירה(,ווינפאק סחר בעמ,CN,כוס לשתיה קרה 330 סמ,יחידה,0.00,יחידה,false,,9.90,0.0000,true,1,189758
835811001676,false,"תבנית אלומיניום גדולה 32*26 ס""מ - 9 יח'",הנמל,IL,מגש הכסף תבנית מלבן,יחידה,0.00,יחידה,false,,9.90,0.0000,true,1,215331
835811001959,false,תבניות אלומיניום עבות במיוחד 41*30 רוסטר בינוני,הנמל,,תבנית אלומיניום עבה,יחידה,0.00,יחידה,false,,10.90,0.0000,true,1,149135
835811001966,false,"תבנית אלומ` עבה רוסטר 370X270X70 ס""מ 4 יח`",הנמל,,תבנית אלומיניום עבה,יחידה,0.00,יחידה,false,,10.90,0.0000,true,1,149136
835811001997,false,"תבנית אלומ` עבה לחלה 320X167X80 ס""מ 4 יח`",הנמל,,תבנית אלומיניום עבה,יחידה,0.00,יחידה,false,,10.90,0.0000,true,1,149139
835811002246,false,מאפינס צבעוני מס' 2 הנמל 200 יח',יונק,IL,מאפינס צבעוני מס' 2,יחידה,0.00,יחידה,false,,7.50,0.0000,true,1,195916
835811002253,false,מאפינס צבעוני מס' 1.5 הנמל 200 יח',יונק,,מאפינס צבעוני מס 1.5,יחידה,0.00,יחידה,false,,5.90,0.0000,true,1,195917
835811002277,false,"שיפודי במבוק גדול במיוחד ""הנמל""",גרנג יוניברס,CN,שיפודי במבוק עבים,יחידה,0.00,יחידה,false,,5.50,0.0000,true,1,217820
835811002390,false,"שיפודים יקיטורי מבמבוק 15 ס""מ 100 יח","הנמל אריזות ושיווק בע""\מ",CN,"שיפודי במבוק 15 ס""מ",יחידה,0.00,יחידה,false,,7.90,0.0000,true,1,261586
835811002635,false,"נייר אפייה בגליל 25 מטר רוחב 37 ס""מ",,IL,נייר אפיה בגליל 25 מ,יחידה,0.00,יחידה,false,,19.90,0.0000,true,1,217175
835811002741,false,סוכריות קישוט קונפטי 190 גרם הנמל,,,גמבו קונפטי ארוך בצנ,גרמים,190.00,100 גרם,false,,9.50,0.0500,true,1,261583
835811003199,false,נייר אפיה לתבנית מרובע 6X32 16 יח',יבוא ושיווק: הנמל אריזות,CN,נייר אפיה לתבנית מלב,יחידה,0.00,יחידה,false,,17.90,0.0000,true,1,260934
835811003366,false,קערות מדקל מרובעות 1,,,קערות מדקל מרובעות 1,יחידה,0.00,יחידה,false,,10.90,0.0000,true,1,263058
835811003427,false,"צלחות גדול מקנה סוכר 1 ק""ג כ-67 יח` הנמל",,,צלחות גדול מקנה סוכר,יחידה,0.00,יחידה,false,,32.90,0.0000,true,1,263060
835811003441,false,תבניות פלסטיק מחולקות 3 תאים + מכסה 5 יח' הנמל,יבוא ושיווק: הנמל אריזות,TR,תבניות מחולקות 3 תאי,יחידה,0.00,יחידה,false,,8.50,0.0000,true,1,263040
835811003458,false,מזלגות אלגנט שחור / שקוף 50 יח' הנמל,,TR,מזלגות אלגנט שקוף 50,יחידה,0.00,יחידה,false,,7.50,0.0000,true,1,263047
835811003465,false,סכינים אלגנט שחור / שקוף 50 יח' הנמל,,TR,סכינים אלגנט שקוף 50,יחידה,0.00,יחידה,false,,7.50,0.0000,true,1,263048
835811003472,false,כפות אלגנט שחור / שקוף 50 יח' הנמל,,TR,כפות אלגנט שקוף 50 י,יחידה,0.00,יחידה,false,,7.50,0.0000,true,1,263050
835811003489,false,כפיות אלגנט שחור / שקוף 50 יח' הנמל,,TR,כפיות אלגנט שקוף 50,יחידה,0.00,יחידה,false,,7.50,0.0000,true,1,263051
835811003588,false,צלחות קלאסי גדול לבן 65 יח' הנמל,,,צלחות קלאסי גדול לבן,יחידה,0.00,יחידה,false,,32.90,0.0000,true,1,263045
835811003595,false,צלחות קלאסי קטן לבן 65 יח' הנמל,,,צלחות קלאסי קטן לבן,יחידה,0.00,יחידה,false,,19.90,0.0000,true,1,263046
835811003618,false,נרות ריחניים בריח תות 1 יח`,,,נרות ריחניים בריח תו,יחידה,0.00,יחידה,false,,7.90,0.0000,true,1,203766
835811003625,false,נרות צבעוניים 12 יח הנמל,,PL,נרות צבעוניים,יחידה,0.00,יחידה,false,,8.90,0.0000,true,1,203938
835811003700,false,סודה לשתיה הנמל 250 גרם,"פוליבה בע""מ",IL,סודה לשתיה 250 גר',גרמים,250.00,100 גרם,false,,5.90,0.0236,true,1,213682
835811003816,false,"הנמל קופסת אחסון מרובעת מארז, 3 * 2 ליטר",נינגבו יונאן,CN,קופסת איחסון מלבן 2,יחידה,0.00,יחידה,false,,11.90,0.0000,true,1,203110
835811004059,false,צלחות מרובעות גדול מדקל 10 יח,,,צלחות מרובעות גדול מ,יחידה,0.00,יחידה,false,,13.90,0.0000,true,1,211593
835811004066,false,צלחות מרובעות קטנות,,,צלחות מרובעות קטנות,יחידה,0.00,יחידה,false,,10.90,0.0000,true,1,211594
835811004073,false,צלחות מרובעות ענק מדקל 10 יח,,,צלחות מרובעות ענק מד,יחידה,0.00,יחידה,false,,14.90,0.0000,true,1,211598
835811004141,false,נרות ריחניים בריח וניל,,PL,נרות ריחניים בריח ונ,יחידה,0.00,יחידה,false,,7.90,0.0000,true,1,203768
835811004189,false,פרורי לחם מוזהבים בתוספת שומשום 800 גר',הנמל,IL,פרורי לחם מוזהבים 80,גרמים,800.00,100 גרם,false,,10.90,0.0136,true,1,213683
835811004202,false,מפות ניילון עבות הנמ,זמזמ תעשיות פלסטיק,IL,מפות שולחן עבות,יחידה,0.00,יחידה,false,,9.50,0.0000,true,1,263101
835811004226,false,מפת ניילון בגליל 45 מטר,,IL,מפת שולחן עבה בגליל,יחידה,0.00,יחידה,false,,29.90,0.0000,true,1,203305
835811004431,false,מארז ממחטות טישו משי 100X5 יח' הנמל,,,מארז ממחטות טישו חמי,יחידה,0.00,יחידה,false,,7.90,0.0000,true,1,266142
835811004455,false,קישקשים מנייר הנמל 125 יחידות,הנג טונג,CN,קשיות מנייר קישקשים,יחידה,0.00,יחידה,false,,7.90,0.0000,true,1,211093
835811004509,false,קערה פסים גדולה לסלט ענק 2500 מל` 1 יח`,הנג טונג,CN,קערת פסים ענק,יחידה,0.00,יחידה,false,,6.90,0.0000,true,1,204396
835811004691,false,עטרות אלו' לאפיה 100 יח' מס' 2 כסף/ זהב,הנג טון,CN,עטרות אלומניום לאפיה,יחידה,0.00,יחידה,false,,6.50,0.0000,true,1,147862
835811004707,false,פירורי לחם מוזהבים 440 ג' הנמל,ברמן שוקולד ועוגיות,IL,פרורי לחם מוזהב 440ג,יחידה,0.00,יחידה,false,,7.30,0.0000,true,1,130314
835811005018,false,כוס קריסטל יהלום הנמל 50 יחידות,הנמל,TR,כוסות קריסטל יהלום 5,יחידה,0.00,יחידה,false,,15.90,0.0000,true,1,124238
835811005049,false,נייר אפייה משובח וידידותי לסביבה מהדרין 38X42,"איטיליאן פוד, אס.פי.",IL,אפי 40 יח' מתכלה ירו,יחידה,0.00,יחידה,false,,10.90,0.0000,true,1,124784
835811005322,false,"פחם דרום אמריקאי הנמל 2 ק""ג",הנמל,IT,פחם דרום אמריקאי 2 ק,קילוגרמים,2.00,"ק""ג",false,,14.90,7.4500,true,1,136677
835811005339,false,זוג שקיות אוכל ארוז בקרטון הנמל,,,זוג שקיות אוכל ארוז,יחידה,0.00,יחידה,false,,8.50,0.0000,true,1,169279
835811005407,false,כוס קפה לדרך ענק + מכסה הנמל 12 יח',"צח ייבוא ושיווק בע""מ",IL,כוסות חד פעמי +מכסה,יחידה,0.00,יחידה,false,,13.90,0.0000,true,1,136051
835811005421,false,"שיפודים עבים 25 ס""מ 75 יח` הנמל",שוורצקוף& הנקל דיסלד,IN,שיפודי במבוק עבים 75,יחידה,0.00,יחידה,false,,2.80,0.0000,true,1,132957
835811005704,false,נייר עטיפה לכריכים הנמל 100 יחידות,טופ פלסט 2002 בעמ,IL,נייר עטיפה לכריכים 1,יחידה,0.00,יחידה,false,,10.00,0.0000,true,1,126839
835811005728,false,עלים לקרמשניט הנמל 400 גרם,"רונית מאפים בע""מ",IL,עלים לקרם שניט,גרמים,400.00,100 גרם,false,,18.90,0.0472,true,1,141805
835811005803,false,שקיות אשפה עם ידיות 25 יח' X90-מרכז,תעשיות והשקעה אל רסא,IL,שקיות אשפה עם ידית 7,יחידה,0.00,יחידה,false,,13.90,0.0000,true,1,200181
835811005810,false,מגש הכסף תבנית מרובע קטן +מכסה 10 יח`,הנמל,IL,מגש הכסף תבנית אלומי,יחידה,0.00,יחידה,false,,9.90,0.0000,true,1,141806
835811005933,false,מגש הכסף תבנית אלומ` ענק 5 יח`,ווינפאק,,מגש הכסף תבנית אלומי,יחידה,0.00,יחידה,false,,9.90,0.0000,true,1,140128
835811005940,false,מגש הכסף תבנית אלומ` גדולה + מכסה 8 יח`,,IL,מגש הכסף-שמונה תבניו,יחידה,0.00,יחידה,false,,9.90,0.0000,true,1,139933
835811005957,false,מגש הכסף תבנית אלומ` 90 + מכסה 8 יח`,יבוא ושיווק: הנמל אר,IL,מגש הכסף תבנית אלומי,יחידה,0.00,יחידה,false,,9.90,0.0000,true,1,140129
835811005964,false,מגש הכסף מאורך אינגליש קייק 20 יח',ווינפאק,,מגש הכסף תבנית אלומי,יחידה,0.00,יחידה,false,,9.90,0.0000,true,1,140130
835811006053,false,קורנפלור 200 גרם הנמ,ר.ס חברה ליבוא ויצור,IL,קורנפלור 200 גר,גרמים,200.00,100 גרם,false,,3.30,0.0165,true,1,188371
835811006206,false,כוסות מקנה סוכר טבעי,שוורצקוף& הנקל דיסלד,IL,כוסות מקנה סוכר טבעי,יחידה,0.00,יחידה,false,,12.50,0.0000,true,1,137309
835811006213,false,קערות מתכלה מקנה סוכר טבעי 25 יח,"איטיליאן פוד, אס.פי.",IL,קערות למרק מקנה סוכר,יחידה,0.00,יחידה,false,,13.50,0.0000,true,1,137310
835811006220,false,צלחות ענקיות מתכלה מקנה סוכר טבעי 25 יח,הנמל,,צלחות ענק מקנה סוכר,יחידה,0.00,יחידה,false,,17.00,0.0000,true,1,137709
835811006237,false,צלחות קטנות מקנה סוכר טבעי 25 יח,הנמל,,צלחות קטנות מקנה סוכ,יחידה,0.00,יחידה,false,,9.40,0.0000,true,1,137710
835811006244,false,צלחות גדולות מקנה סוכר טבעי 25 יח,הנמל,,צלחות גדולות מקנה סו,יחידה,0.00,יחידה,false,,13.90,0.0000,true,1,137302
835811006435,false,מגש הכסף תבנית מלבן עמוק + מכסה 9 יח`,,IL,מגש הכסף תבנית מלבן,יחידה,0.00,יחידה,false,,9.90,0.0000,true,1,263061
835811006534,false,"כוסות קרטון לשתיה חמה 475 מ""ל",הנמל,CN,כוסות קרטון 50 יח 16,יחידה,0.00,יחידה,false,,26.90,0.0000,true,1,194460
835811006770,false,תבנית אולמניום עגול 5 יח',הנמל,,מגש הכסף תבנית עגול,יחידה,0.00,יחידה,false,,9.90,0.0000,true,1,192608
835811007197,false,עדשים אדומים 500 גרם,הנמל,,עדשים אדומים 500גר',גרמים,500.00,100 גרם,false,,7.50,0.0150,true,1,108649
835811007227,false,"הנמל לקט חיטה בד""ץ 500ג'",הנמל,,חיטה 500 גר',גרמים,500.00,100 גרם,false,,4.50,0.0090,true,1,108651
835811007296,false,כפיות אלגנט קרם 50 יח' הנמל,,,כפיות אלגנט קרם 50 י,יחידה,0.00,יחידה,false,,7.50,0.0000,true,1,263052
835811007302,false,כפות אלגנט קרם 50 יח' הנמל,,,כפות אלגנט קרם 50 יח,יחידה,0.00,יחידה,false,,7.50,0.0000,true,1,263053
835811007319,false,מזלגות אלגנט קרם 50 יח' הנמל,,,מזלגות אלגנט קרם 50,יחידה,0.00,יחידה,false,,7.50,0.0000,true,1,263054
835811007326,false,סכינים אלגנט קרם 50 יח' הנמל,,,סכינים אלגנט קרם 50,יחידה,0.00,יחידה,false,,7.50,0.0000,true,1,263055
835811007357,false,סלטינות אובלי 25 יח הנמל,הנמל,TR,סלטינות 25 יח,יחידה,0.00,יחידה,false,,6.90,0.0000,true,1,112579
835811007425,false,נרות חנוכה מיוחד 45 יח',הנמל,,נרות חנוכה,יחידה,0.00,יחידה,false,,5.90,0.0000,true,1,113308
835811007494,false,גלטין טהור מדגים 2 יח` 14 X גר`,גואנגדונג מיניאנג,TW,ג'לטין טהור,גרמים,28.00,100 גרם,false,,10.50,0.3750,true,1,108658
835811007562,false,תבניות קרטון אינגליש קייק 6יח` ארוז 29X9X6,דוקרט תעשיית אריזות,IL,תבנית אינגליש קקיקס,יחידה,0.00,יחידה,false,,8.50,0.0000,true,1,108662
835811008132,false,ספוג מתכת בגליל 6 יח`,שוורצקוף& הנקל דיסלד,CN,ספוגי מתכת שישיה,יחידה,0.00,יחידה,false,,10.90,0.0000,true,1,134984
835811008347,false,גפרור מיוחד ענק הנמל 1 יחידה,הנמל,IN,גפרור ענק-45 יח'.,יחידה,0.00,יחידה,false,,4.90,0.0000,true,1,117570
835811008606,false,"סיר אלומיניום ומכסה ח""פ הנמל 3 יח'",קינפויל/גאנגזו,CN,סיר אלומיניום 3 יח',יחידה,0.00,יחידה,false,,14.50,0.0000,true,1,119503
835811008699,false,כפות שקוף/קרם עבה במיוחד הנמל 50 יח,"גרנג יוניברס , הונג",TR,כפות 50 יח שקוף עבה,יחידה,0.00,יחידה,false,,13.90,0.0000,true,1,190369
835811008767,false,גריסי פנינה הנמל 500ג',הנמל,,גריסי פנינה 500 גר',גרמים,500.00,100 גרם,false,,4.90,0.0098,true,1,121820
835811008989,false,"כוסות משקה חם קרטון 355 מ""ל",הנמל,,כוסות קרטון 50 יח',יחידה,0.00,יחידה,false,,21.00,0.0000,true,1,128038
835811008996,false,"כוסות חד פעמי קרטון 295 מ""ל",הנמל,CN,כוסות קרטון 50 יח' מ,יחידה,0.00,יחידה,false,,15.90,0.0000,true,1,116140
835811009016,false,כוסות נייר OZ4 הנמל 50 יחידות,הנמל,CN,כוסות קרטון 50 יח' מ,יחידה,0.00,יחידה,false,,6.90,0.0000,true,1,116141
835811009023,false,"כוסות משקה חם קרטון 235 מ""ל",הנמל,,כוסות קרטון 8 /50 י,יחידה,0.00,יחידה,false,,12.90,0.0000,true,1,128061
835811009313,false,"כוס שמפניה 5OZ ח""פ שקוף 12 יח'",הנמל,,כוס שמפניה 12 יח',יחידה,0.00,יחידה,false,,13.90,0.0000,true,1,116142
835811009795,false,כוס מרובעת 20יח 10 OZ פס כסף זהב,בי רייט,CN,כוס מרובעת 20 יח' קר,יחידה,0.00,יחידה,false,,19.90,0.0000,true,1,116244
837038000104,false,מטחנה שום מיובש 60 ג,NATURAL HERBS & SPIC,ZA,מטחנה שום מיובש 60 ג,גרמים,60.00,100 גרם,false,,16.00,0.2667,true,1,148276
839762000658,false,איילנד גויאבה המשקה של חופי סיני 1 ליטר,The Egyptian Co. for,EG,משקה גויאבה איילנד,ליטרים,1.00,ליטר,false,,11.90,11.9000,true,1,109908
841058006633,false,"אדג' ג'יל גילוח מועשר בשיבולת שועל 198 מ""ל",קריות זול,US,אדג' ג'ל שחור נגד חת,גרמים,198.00,100 גרם,false,,17.90,0.0904,true,1,214906
850004207789,false,מיטבולס ביונד מיט 290 גרם,תאי פרזידנט פוד פאבל,US,מיטבולס ביונד מיט 29,גרמים,290.00,100 גרם,false,,34.90,0.1203,false,1,217596
850006036028,false,מאפה חיטה מקלונים בטעם סלק בצל 400 ג' עבאדי,עבאדי,IL,מקלונים בטעם סלק בצל,גרמים,400.00,100 גרם,false,,17.90,0.0447,false,1,264224
850006036035,false,"עבאדי קטנטנים מאפה חיטה בטעם חרדל ודבש, 350 גרם",עבאדי,IL,קטנטנים בטעם חרדל וד,גרמים,350.00,100 גרם,false,,14.90,0.0426,true,1,266525
851621000050,false,בירה חיטה בטעם הדרים 1664 בלאנק - שישייה,קרלסברג ספליי קומפאני פו,PL,בירה בלנק חיטה הדרית,מיליליטרים,1980.00,"100 מ""ל",false,,45.90,0.0232,false,1,210542
852629004774,false,רביעיית נקניקיות ביונד מיט 100 גרם,סווג ריבר ביונד מיט ארהב,US,רביעיית נקנקיות ביונ,גרמים,100.00,100 גרם,false,,33.90,0.3390,false,1,217598
856591000055,false,עוגיות מזרחיות קריספי שרוף במיוחד,מאפיית יוסף ושמחה עבאדי,IL,עוגיות מזרחיות קריספ,גרמים,400.00,100 גרם,false,,17.90,0.0447,true,1,193115
856591000062,false,עוגיות מזרחיות עם מלח עבאדי 400 גרם,מאפיית יוסף ושמחה עבאדי,IL,עוגיות מזרחיות עבדי,גרמים,400.00,100 גרם,false,,17.90,0.0447,false,1,97307
856591000109,false,עוגיות מזרחיות פריך במיוחד עבאדי 400 גרם,מאפיית יוסף ושמחה עבאדי,IL,עוגיות מזרחיות פריך,גרמים,400.00,100 גרם,false,,17.90,0.0447,true,1,124403
856591000918,false,מארז שמיניית חטיף טבעי עבאדי,עבאדי,IL,מארז חטיף טבעי עבאדי,גרמים,320.00,100 גרם,false,,18.90,0.0591,true,1,218062
859547004084,false,ספוג ניקוי לימון פרש סקראב דדי,סקראב דאבי,VN,ספוג ניקוי SCRUB DAD,יחידה,0.00,יחידה,false,,17.90,0.0000,true,1,260870
859547004329,false,ספוג ניקוי צבעוני סקראב דדי Scrub Daddy,סקארקיסט,VN,ספוג ניקוי SCRUB DAD,יחידה,0.00,יחידה,false,,17.90,0.0000,true,1,260866
859547004466,false,קירצוף וספוג ניקוי SCRUB DADDY,סקראב דאבי,VN,ספוג ניקוי SCRUB MOM,יחידה,0.00,יחידה,false,,17.90,0.0000,true,1,260867
871153000045,false,ריבת חלב 450 גר',,,ריבת חלב 450 גר',גרמים,450.00,100 גרם,false,,18.90,0.0420,true,1,263299
884912002372,false,דגני בוקר גרייט גריינס פוסט453 גרם,פוסט ארצות הברית,US,דגני בוקר קרנברי,גרמים,396.00,100 גרם,false,,23.90,0.0604,true,1,138713
884912116505,false,דגני בננה נאט קראנץ' Banana Nut Crunch,פוסט ארצות הברית,US,פוסט בננה נאט,גרמים,439.00,100 גרם,false,,23.90,0.0544,true,1,125173
884912126115,false,גרייט גריינס דגני בוקר עם פירות יבשים פוסט 453 גרם,הנסיך- מפעל לייצור ט,US,דגני גרייט גריינס די,גרמים,453.00,100 גרם,false,,23.90,0.0528,true,1,124611
884912129512,false,דגני בוקר קוקו פוסט פלינסטונס 311 גרם,פוסט לקיוויל,US,דגני פוסט קקאו פלינט,גרמים,311.00,100 גרם,false,,21.90,0.0704,true,1,264499
884912180629,false,דגני בוקר מחיטה מלאה גרוסה שרדד וויט,פוסט ארצות הברית,US,דגני שרדד וויט פוסט,גרמים,464.00,100 גרם,false,,21.90,0.0472,true,1,195768
884912342737,false,דגני בוקר קריספי וופל פוסט 326 גרם.,הנסיך- מפעל לייצור ט,US,דגני וופל קריספ פוסט,גרמים,326.00,100 גרם,false,,21.90,0.0672,true,1,211222
884912359155,false,דגני בוקר האני באנצ'ס האני רוסטד פוסט 340 גרם,פוסט ארצות הברית,US,דגני האני בנצ'ס רוסט,גרמים,340.00,100 גרם,false,,22.90,0.0674,true,1,263783
884912359162,false,האני באנצ' דגני בוקר עם שקדים פוסט 411 גרם,פוסט ארצות הברית,US,דגני האני בנצ'ס שקדי,גרמים,340.00,100 גרם,false,,22.90,0.0674,true,1,263784
884912359414,false,דגני בוקר האני באנצ'ס קינמון פוסט 340 גרם,פוסט ארצות הברית,US,דגני האני בנצ'ס קינמ,גרמים,340.00,100 גרם,false,,22.90,0.0674,true,1,263785
884912359421,false,דגני בוקר האני באנצ'ס מייפל ופקאן פוסט 340 גרם,פוסט ארצות הברית,US,דגני האני בנצ'ס מייפ,גרמים,340.00,100 גרם,false,,22.90,0.0674,true,1,263786
884912359483,false,דגני בוקר האני באנצ'ס תות פוסט 311 גרם,פוסט ארצות הברית,US,דגני האני בנצ'ס תות,גרמים,311.00,100 גרם,false,,22.90,0.0736,true,1,263787
884912365200,false,דגני בוקר אוראו שחור ולבן 311 גרם,פוסט ארצות הברית,US,דגני בוקר אוראו 311,גרמים,311.00,100 גרם,false,,19.90,0.0640,true,1,265759
884912365217,false,דגני בוקר אוראו שחור ולבן 311 גרם,פוסט ארצות הברית,US,דגני בוקר אוראו,גרמים,311.00,100 גרם,false,,18.90,0.0608,true,1,217297
884912377142,false,דגני בוקר האני באנצס וניל 340 ג' POST,פוסט ארצות הברית,US,דגני האני באנצ'ס וני,גרמים,340.00,100 גרם,false,,22.90,0.0674,true,1,263761
893594002051,false,"חטיף פופקורן צ`יפס בטעם גבינת צ`דר, 28ג Medora snacks",PepsiCo inc. Frito lay Division,US,פופקורנס גבינת צ'דר,גרמים,28.00,100 גרם,false,,6.50,0.2321,true,1,265578
893594002068,false,"חטיף פופקורן צ`יפס עם מלח ים,28 ג HANTRONIX",PepsiCo inc. Frito lay Division,US,פופקורנס מלח ים,גרמים,28.00,100 גרם,false,,6.50,0.2321,true,1,265579
1000201100409,false,6 גומיות שחורות בבלי,אימפופיקס,,6 גומיות שחורות בבלי,יחידה,0.00,יחידה,false,,8.90,0.0000,true,1,188329
1230000068314,false,בשר טחון מהצומח ביונד מיט 300 גרם,זנברגן וורלד פינסט מיט ב,NL,בשר טחון ביונד מיט 3,גרמים,300.00,100 גרם,false,,31.90,0.1063,false,1,217597
1230000116022,false,המבורגר ביונד מיט מארז זוגות 226 גרם.,ביונד מיט קליפורניה ארהב,US,המבורגר ביונד מיט מא,גרמים,226.00,100 גרם,false,,28.90,0.1279,false,1,264262
3012991502002,false,"רום נגריטה לבן 700 מ""ל",ברדינה,,"רום נגריטה 700 מ""ל",יחידה,700.00,יחידה,false,,75.00,0.1071,true,1,112062
3014260095727,false,אורל בי קרוס אקשן קומפליט 7 40 זוג,פרוקטר & גמבל,DE,זוג מברשות שיניים או,יחידה,0.00,יחידה,false,,39.90,0.0000,true,1,197441
3014260228842,false,"ג'ילט קצף גילוח רגיל - 200 מ""ל",מולינו ניקולי s.p.a,GB,ג'ילט קצף גילוח רגיל,מיליליטרים,200.00,"100 מ""ל",false,,14.90,0.0745,true,1,121847
3014260240226,false,"קצף גילוח ג'ילט לעור רגיש 200 מ""ל",פרוקטר אנד גמבל,GB,ג'ילט קצף גילוח רגיש,מיליליטרים,200.00,"100 מ""ל",false,,14.90,0.0745,true,1,121922
3014260246693,false,סכיני גילוח חד פעמי ונוס סימפלי רביעייה,פרוקטר אנד גמבל,IL,סכיני גילוח ונוס חד,יחידה,0.00,יחידה,false,,11.90,0.0000,true,1,187167
3014260283254,false,סכיני גילוח חד פעמי בלו 2 פלוס *5,פרוקטר & גמבל,IL,ג'ילט בלו 2 פלוס * 5,יחידה,0.00,יחידה,false,,11.90,0.0000,true,1,149993
3014260287030,false,סכיני גילוח חד פעמי חמישיה gullette,פרוקטר אנד גמבל,MD,ג'ילט 2 חמישיה.,יחידה,0.00,יחידה,false,,7.90,0.0000,false,1,106584
3014260836665,false,אורל בי פרו אקספרט להגנה מקיפה 35 רך זוג,פרוקטר אנד גמבל,IE,זוג מברשת שיניים אור,יחידה,0.00,יחידה,false,,39.90,0.0000,true,1,186743
3014409005471,false,פסטיס פרדו כשר 45% 1 ליטר,,FR,פסטיס פרדו 1ליטר,ליטרים,1.00,ליטר,false,,89.90,89.9000,true,1,195323
3035542004206,false,ליקר תפוזים קואנטרו700מל,רמי קואנטרו,FR,"קואנטרו 700 מ""ל",יחידה,700.00,יחידה,false,,135.90,0.1941,true,1,218474
3045201107001,false,אידיאל מסיר כתמים לפני כביסה -כדור מסאג,אידיאל Ideal,ES,אידאל מסיר כתמים אדו,מיליליטרים,150.00,"100 מ""ל",false,,19.90,0.1327,true,1,137462
3045201108008,false,אידיאל מסיר כתמים לפני כביסה -כדור מבריש,אידיאל Ideal,ES,אדיאל מסיר כתמים צהו,מיליליטרים,150.00,"100 מ""ל",false,,19.90,0.1327,true,1,137463
3045206312257,false,דזיטול מגבונים לכל משטח מחטא ומשמיד,יעקבי - דזיטול Desytol,ES,דזיטול מגבונים,יחידה,0.00,יחידה,false,,14.90,0.0000,true,1,137464
3045206360609,false,"דזיטול נוזל מחטא בגדים בכביסה, 1 ליטר",רלוי,ES,דזיטול נוזל מחטא בגד,ליטרים,1.00,ליטר,false,,22.90,22.9000,true,1,219784
3046920010801,false,שוקולד מריר אקסלנס עם אגוזי לוז,לינדט ושפרונגלי קילשברג,FR,לינדט אקסלנס הזלנט 1,גרמים,100.00,100 גרם,false,,15.00,0.1500,true,1,197581
3046920010856,false,לינדט שוקולד אקסלנס לימון גינגיר 100 גר,לינדט ושפרונגלי,CH,שוקולד לינדט אקסלנס,גרמים,100.00,100 גרם,false,,15.00,0.1500,true,1,211863
3046920016377,false,לינדט שוקולד אקסלנס מריר 100% קקאו 50 גר,לינדט ושפרונגלי,DE,לינדט אקסלנס 100 גר',גרמים,100.00,100 גרם,false,,15.00,0.1500,true,1,212095
3046920027281,false,שוקולד מריר אקסלנס במילוי קרמל ומלח ים,לינדט ושפרונגלי קילשברג,FR,שוקולד לינדט אקסלנס,גרמים,100.00,100 גרם,false,,15.00,0.1500,true,1,187080
3046920028004,false,לינדט שוקולד אקסלנס מריר 70% 100 גר,לינדט ושפרונגלי קילשברג,FR,שוקולד לינדט מריר 70,גרמים,100.00,100 גרם,false,,15.00,0.1500,true,1,98414
3046920028363,false,לינדט אקסלנס 85% מוצקי קקאו 100 גרם,לינדט ושפרונגלי קילשברג,FR,שוקולד לינדט אקסלנס,גרמים,100.00,100 גרם,false,,15.00,0.1500,true,1,98415
3046920028721,false,שוק.מריר לינדט 99% 50גרם,לינדט ושפרונגלי קילשברג,FR,לינדט אקסלנס 99%,גרמים,50.00,100 גרם,false,,15.00,0.3000,true,1,195600
3046920028752,false,שוקולד לינדט אקסלנס מינט 100 גרם,לינדט ושפרונגלי קילשברג,FR,לינדט אקסלנס מנטה 10,גרמים,100.00,100 גרם,false,,15.00,0.1500,true,1,113876
3046920029674,false,שוקולד לינדט אקסלנס סולט 100 גרם,לינדט ושפרונגלי קילשברג,DE,לינדט אקסלנס עם שבבי,גרמים,100.00,100 גרם,false,,15.00,0.1500,true,1,123560
3046920029681,false,לינדט שוקולד אקסלנס מילד 85% קקאו 100 גר,לינדט ושפרונגלי,DE,לינדט אקסלנס מילד 10,גרמים,100.00,100 גרם,false,,15.00,0.1500,true,1,211529
3046920029759,false,לינדט אקסלנס 90% מוצקי קקאו 100 גרם,לינדט ושפרונגלי קילשברג,DE,שוקולד לינדט אקסלנס,גרמים,100.00,100 גרם,false,,15.00,0.1500,true,1,187081
3059943015104,false,"אירוויק מבשם אויר נטול גז בניחוח פריסיה ויסמין 345 מ""ל",איירוויק Air Wick,PL,אירוויק נטול גז פריס,מיליליטרים,345.00,"100 מ""ל",false,,14.90,0.0432,true,1,122775
3059943015128,false,מבשם אוויר נטול גז אקווה מיסט בניחוח לבנדר פראי ואוויר הרים,הדקלאים אגודת שיתופי,PL,אירוויק נטול גז לבנד,מיליליטרים,345.00,"100 מ""ל",false,,14.90,0.0432,true,1,122776
3067140013113,false,אבקה להכנת משקה על בסיס עולש,CHICOREE LEROUX,FR,משקה ציקוריה בטעם קר,גרמים,100.00,100 גרם,false,,26.90,0.2690,true,1,96165
3068320014067,false,מים מינרלים אוויאן 750 מל,קריניציה ויטמינה אס,FR,ספורט אוויאן מים מינ,יחידה,750.00,יחידה,false,,9.90,0.0132,true,1,196331
3068320017846,false,מים מינרלים אוויאן 1 ליטר,קריניציה ויטמינה אס,FR,אויאן 1 ליטר,ליטרים,1.00,ליטר,false,,9.90,9.9000,true,1,197178
3069538102027,false,רביעיית רכז עגבניות צ'יריו 70 גרם,,,רביעיית רכז עגבניות,גרמים,70.00,100 גרם,false,,8.90,0.1271,true,1,263918
3073781161663,false,גבינה מותכת 18.5% שומן לה וואש קירי,לה וואש קירי La Vache qui rit,FR,גבינה לוואש קירי 8 י,גרמים,128.00,100 גרם,false,,11.90,0.0930,true,1,219144
3073781161687,false,גבינה מותכת לוואש קירי 256 גרם,פרומאג'רי בל דום סאם,FR,גבינה לוואש קירי 16,גרמים,256.00,100 גרם,false,,22.70,0.0887,true,1,219145
3073781162790,false,גבינה מותכת בייבי בל 120 גרם,מחלבות בל,FR,בייביבל ברשת,גרמים,120.00,100 גרם,false,,19.90,0.1658,true,1,263739
3073781177220,false,גבינה בייבי בל אדום 102גר,מחלבות בל,FR,גבינה בייבי בל רול,גרמים,102.00,100 גרם,false,,19.90,0.1951,true,1,265443
3080216034508,false,"בירה Grimbergen Blonde בודד 330 מ""ל",גרימברגן Grimbergen,PL,"בירה גרינברגן 330 מ""",מיליליטרים,330.00,"100 מ""ל",false,,10.00,0.0303,true,1,216278
3080216034645,false,"בירה Grimbergen Ambree בודד 300 מ""ל",company supply carlsberg,PL,בירה גרינברג אמברא 3,מיליליטרים,330.00,"100 מ""ל",false,,10.00,0.0303,true,1,216279
3092718605216,false,סירופ טסייר דובדבן 6,טסר,,סירופ טסייר דובדבן 6,מיליליטרים,600.00,"100 מ""ל",false,,29.90,0.0498,true,1,265616
3092718627881,false,סירופ צרפת טסייר מנט,טסר,,סירופ צרפת טסייר מנט,מיליליטרים,600.00,"100 מ""ל",false,,29.90,0.0498,true,1,216080
3141360054405,false,פיניש מפיץ ריח למדיח בניחוח לימון וליים,הדקלאים אגודת שיתופי,HU,פיניש מפיג ריח לימון,יחידה,0.00,יחידה,false,,14.90,0.0000,true,1,195999
3142640618867,false,יין רוזה סטורי פרובנ,Unknown,,יין רוזה סטורי פרובנ,מיליליטרים,750.00,"100 מ""ל",false,,80.00,0.1067,true,1,219902
3147697720204,false,ויסקי בלנדד סקוטי לייבל,לייבל 5 Label,FR,וויסקי סקוטי לייבל 5,מיליליטרים,700.00,"100 מ""ל",false,,64.90,0.0927,true,1,195987
3161911229199,false,חמאה צרפתית רכה למריחה אל & ויר 250 גרם,אלל אה וויר,FR,חמאה רכה,גרמים,250.00,100 גרם,false,,21.00,0.0840,true,1,109115
3161911366429,false,חמאה צרפתית מלוחה רכה למריחה אלוויר 250 גר',ארזינא,FR,חמאה רכה מלוחה,גרמים,250.00,100 גרם,false,,21.00,0.0840,true,1,109117
3178530402278,false,עוגיות גאלט חמאה קרם 150 גרם,סן מישל St Michel,FR,עוגיות גאלט חמאה עם,גרמים,150.00,100 גרם,false,,16.90,0.1127,true,1,194950
3178530402353,false,עוגות מיני מדלן קלאסי סאן מישל 175 גרם,סאן מישל ביסוויט,FR,עוגיות מנדל רכות,גרמים,175.00,100 גרם,false,,10.60,0.0606,true,1,193453
3178530407938,false,עוגיות מיני מדליין עם שוקוצ'יפס סאן מישל 175 גרם,סן מישל St Michel,FR,מיני מדליין עם פצפוצ,גרמים,175.00,100 גרם,false,,11.90,0.0680,true,1,194953
3178530409673,false,"עוגיות פלמיה קרמל, 100 גרם",סאן מישל צ'\אמפאגנאק,FR,עוגיות פלמיה קרמל,גרמים,100.00,100 גרם,false,,15.90,0.1590,true,1,210006
3178530411478,false,ביסקוויטים גאלט עם חמאה ומלח ים,סן מישל St Michel,FR,עוגיות גאלט חמאה קלא,גרמים,150.00,100 גרם,false,,13.90,0.0927,true,1,194954
3178530412703,false,דונאט עם שוקולד 180 גרם סן מישל,סן מישל St Michel,FR,דונאט עם שוקולד,גרמים,180.00,100 גרם,false,,16.90,0.0939,true,1,210007
3178530417340,false,בראוניז שוקולד סנט מישל 210 גרם,סן מישל,FR,בראוניז שוקולד סנט מ,גרמים,210.00,100 גרם,false,,15.90,0.0757,true,1,217735
3178530417357,false,בראוניז שוקולד לבן סאן מישל 210 גרם,סן מישל,FR,בראוניז שוקולד לבן ס,גרמים,210.00,100 גרם,false,,15.90,0.0757,true,1,217736
3178530417418,false,דונאט עם שוקולד צ'יפס 180 גרם סן מישל,סן מישל St Michel,FR,דונאט עם שוקולד ציפס,גרמים,180.00,100 גרם,false,,16.90,0.0939,true,1,210009
3179730011017,false,פרייה מים מינרלים טבעיים מבעבעים,NESTLE WATERS,FR,"פרייה 750 מ""ל",יחידה,750.00,יחידה,false,,8.90,0.0119,true,1,135118
3179730011024,false,פרייה מים מינרלים מבעבעים טבעיים,נסטלה ווטרס ספלאי,FR,פרייה 330 מים קטן,מיליליטרים,330.00,"100 מ""ל",false,,5.90,0.0179,true,1,186019
3179732348913,false,פרייה מים מינרליים טבעיים מבעבעים 1 ליטר פלסטיק,נסטלה ווטרס ספלאי,FR,פרייה מים מינרלים פל,ליטרים,1.00,ליטר,false,,8.50,8.5000,true,1,190143
3228022910023,false,חמאת צרפתית פרזידנט 200 גרם,סוסייטה בארייר דה אי,FR,חמאה צרפתית,גרמים,200.00,100 גרם,false,,13.90,0.0695,true,1,109121
3254550033217,false,סנט מור גבינת ברי איסיני 220 גרם,אף.סי תבליני בגליל ב,FR,גבינת ברי איסני 220,גרמים,220.00,100 גרם,false,,29.90,0.1359,true,1,189176
3254550033279,false,גבינת קממבר 250 גרם סנט מר,איסיני סנט מור,FR,גבינת קממבר איסיני 2,יחידה,0.00,יחידה,false,,29.90,0.0000,true,1,190025
3278480396310,false,"קוניאק גודה VS 700 מ""ל","יורוסטדנרט בע""\מ",FR,קוניאק גודה VS,מיליליטרים,700.00,"100 מ""ל",false,,119.90,0.1713,true,1,201548
3278480396327,false,"קוניאק VSOP גודה 700 מ""ל","יורוסטדנרט בע""\מ",FR,קוניאק גודה VSOP 700,מיליליטרים,700.00,"100 מ""ל",false,,179.90,0.2570,true,1,260698
3296184018253,false,"יין רוזה מיראבל, 750 מ""ל",,,יין רוזה מיראבל,מיליליטרים,750.00,"100 מ""ל",false,,120.00,0.1600,true,1,264292
3335121604934,false,חרדל דיג'ון חלק פלוטקין 370 גרם,קובינור,FR,חרדל חלק 370 גר',גרמים,370.00,100 גרם,false,,9.90,0.0268,true,1,122019
3335121614933,false,חרדל דיג'ון עם גרגירים שלמים 370 גרם,קובינור,,שאטל חרדל דיזון גרגי,גרמים,200.00,100 גרם,false,,10.00,0.0500,true,1,117584
3352379006365,false,"שמפניה פומרי 750 מ""ל באריזת שי",,FR,"שמפניה פומרי כשל""פ",מיליליטרים,750.00,"100 מ""ל",false,,165.00,0.2200,true,1,263338
3387390525960,false,קראנץ' דגני בוקר עם שוקולד חלב נסטלה 500 גרם,הנסיך- מפעל לייצור ט,FR,דגנים קראנץ' נסטלה 5,גרמים,500.00,100 גרם,false,,19.90,0.0398,false,1,118720
3387390730852,false,פיטנס דגנים מחיטה מלאה ואורז נסטלה 375 גרם,נסטלה צרפת איטנקורט,FR,פיטנס דגני בוקר 375,גרמים,375.00,100 גרם,false,,21.90,0.0584,false,1,93565
3523230025638,false,"גבינת עיזים בושה טבעי, 125 גרם",אוריאל,FR,גבינת בושה עיזים 125,גרמים,125.00,100 גרם,false,,22.90,0.1832,true,1,147195
3523230025652,false,"גבינת מיני בושה עם שום ועשי תיבול ועשבי, 125 גרם",סואניון,FR,גבינת מיני בושה שום,גרמים,125.00,100 גרם,false,,22.90,0.1832,true,1,217126
3523230026826,false,"גבינת עיזים למריחה פירמידה, 140 גרם",סואניון,FR,גבינת עיזים טבעי פיר,גרמים,140.00,100 גרם,false,,23.90,0.1707,true,1,196959
3523230026888,false,"גבינת עיזים שום ועשבי תיבול למריחה פירמידה, 140 גרם",סואניון SOIGNON,FR,גבינת עיזים עם שום פ,גרמים,140.00,100 גרם,false,,23.90,0.1707,true,1,196960
3523230038959,false,גב.בושה עיזים מפוחם125גר,אוריאל,FR,גבינת בושה מפוחם 125,גרמים,125.00,100 גרם,false,,22.90,0.1832,true,1,218664
3523230045827,false,גבינת סנט מור עיזים160גר,סואניון,FR,גבינת סנט מור 160 גר,גרמים,160.00,100 גרם,false,,25.90,0.1619,true,1,202456
3525490011093,false,"שרדונה לה ג'אמל 750 מ""ל",בדט קלמנט,FR,לה ז'אמל שרדונה,מיליליטרים,750.00,"100 מ""ל",false,,54.90,0.0732,true,1,206801
3525490011123,false,לה ז'אמל סינסאו רוזה,יקב,US,לה ז'אמל סינסאו רוזה,מיליליטרים,750.00,"100 מ""ל",false,,59.90,0.0799,true,1,206804
3544760002449,false,"מלח ים אטלנטי 1 ק""ג+ AQUASEL 10%",,,"מלח אטלנטיק 1.1 ק""ג",קילוגרמים,1.10,"ק""ג",false,,18.50,16.8182,true,1,145003
3563490014898,false,ריין דיז'ון חרדל דיז'ון 265 גרם,ריין דיז'ון reine dijon,FR,חרדל דיזון לחיץ 255,גרמים,265.00,100 גרם,false,,11.90,0.0449,true,1,150788
3566761005588,false,פטיט שאבלי דומיין דא,,,פטיט שאבלי דומיין דא,מיליליטרים,750.00,"100 מ""ל",false,,85.00,0.1133,true,1,217156
3566761005632,false,יין שאבלי דומיין דאמ,,,יין שאבלי דומיין דאמ,מיליליטרים,750.00,"100 מ""ל",false,,90.00,0.1200,true,1,266346
3574660058857,false,גונסונס בייבי שמן 500 מל חדש,גונסון אנד גונסון,IT,ג'ונסון בייבי שמן 50,מיליליטרים,500.00,"100 מ""ל",false,,29.90,0.0598,true,1,206877
3574660089547,false,טמפונים נורמל קלאסי אובה 32 יחידות,ג'\ונסון אנד ג'\ונסון,GR,אובה קלאסי נורמל 32י,יחידה,0.00,יחידה,false,,22.90,0.0000,true,1,111659
3574660115154,false,או-בה טמפונים קלאסי סופר 32יח',ג'\ונסון אנד ג'\ונסון,GR,טמפונים אובה סופר 32,יחידה,0.00,יחידה,false,,22.90,0.0000,true,1,111884
3574660239829,false,קרם ידיים קל סדרה נורבגית נוטרוגינה 50 מ,ניוטרוג'ינה Neutrogena,FR,קרם ידיים נוטרוג'ינה,מיליליטרים,75.00,"100 מ""ל",false,,26.90,0.3587,true,1,126558
3574660571769,false,ניוטרוגינה שפתון לחות SPF20,שסטוביץ,FR,ניוטרוג'ינה שפתון לח,יחידה,0.00,יחידה,false,,19.90,0.0000,true,1,209780
3574660676136,false,נטרוגינה קרם לחות קליל סדרה נורווגית 300,ג'ונסונס בייבי,GR,ניוטרוג'ינה קרם גוף,גרמים,300.00,100 גרם,false,,31.90,0.1063,true,1,215323
3574661003924,false,שטיפת פה טוטאל קר בטעם מנטה צלול,ג'\ונסון אנד ג'\ונסון,IT,ליסטרין שטיפת פה 500,מיליליטרים,500.00,"100 מ""ל",false,,16.90,0.0338,true,1,188744
3574661114637,false,ליסטרין שטיפת פה קול מינט טעם מעודן 500,ג'\ונסון אנד ג'\ונסון,IT,"ליסטרין 500 מ""ל",מיליליטרים,500.00,"100 מ""ל",false,,16.90,0.0338,true,1,151294
3574661199894,false,"נוטרוגינה קרם ידיים ויזבלי ריניו 75 מ""ל",ניוטרוג'ינה Neutrogena,GR,נוטורג'ינה קרם ידיים,יחידה,0.00,יחידה,false,,26.90,0.0000,true,1,191498
3574661392486,false,"קרם ידיים ניוטרוגינה הידרו בוסט 75 מ""ל",ניוטרוג'ינה Neutrogena,GR,ניוטרוג'ינה קרם ידיי,מיליליטרים,75.00,"100 מ""ל",false,,29.90,0.3987,true,1,206461
3574661392493,false,ניוטרוגינה קרם גוף הידרו בוסט 200 מייל,שסטוביץ,GR,ניוטרוג'ינה קרם גוף,מיליליטרים,200.00,"100 מ""ל",false,,29.90,0.1495,true,1,206462
3574661485201,false,טמפונים אובה סופר 32 יח' פרוקומפורט,Johnson Toilet-IT,FR,אובה פרוקומפורט סופר,יחידה,0.00,יחידה,false,,22.90,0.0000,true,1,264140
3574661485218,false,טמפונים נורמל אובה 32 יח' פרוקומפורט,"ש. שסטוביץ בע""\מ",FR,אובה פרוקונפורט נורמ,יחידה,0.00,יחידה,false,,22.90,0.0000,true,1,264437
3574661487328,false,קרפרי מגני תחתון אורגינל פלוס 56 יח',הדקלאים אגודת שיתופי,IT,קרפרי מגן תחתון 56 י,יחידה,0.00,יחידה,false,,15.90,0.0000,true,1,209038
3574661487618,false,קרפרי מגן תחתון מקסי לארג'' מבושם 48 יח'',הדקלאים אגודת שיתופי,IT,קרפרי מגן תחתון מקסי,יחידה,0.00,יחידה,false,,15.90,0.0000,true,1,209733
3574661487625,false,מגני תחתון פלוס לארג' בניחוח עדין L,הדקלאים אגודת שיתופי,IT,קרפרי מגן תחתון מקסי,יחידה,0.00,יחידה,false,,15.90,0.0000,true,1,209328
3574661487632,false,מגני תחתון פלוס לארג' בניחוח עדין L,ג'\ונסון אנד ג'\ונסון,GR,קרפרי מגן תחתון לארג,יחידה,0.00,יחידה,false,,19.90,0.0000,true,1,209876
3574661491806,false,מי פה אדבנס וויט מנטה מסירה כתמים קשים,ג'\ונסון אנד ג'\ונסון,IT,"ליסטרין 500 מ""ל WHIT",מיליליטרים,500.00,"100 מ""ל",false,,16.90,0.0338,true,1,219406
3574661500355,false,קרפרי מגן תחתון מקסי לונג רגיל 40 יח',ג'ויה מעבדות לקוסמטי,IT,קרפרי מקסי לונגי רגי,יחידה,0.00,יחידה,false,,15.90,0.0000,true,1,208685
3574661504162,false,מוס לשטיפה אינטימית יומיומית מכיל תה ירוק ואלוורה,קולגייט פלמוליב,IT,קרפרי מוס לשטיפה אינ,מיליליטרים,150.00,"100 מ""ל",false,,18.90,0.1260,true,1,209339
3574661506272,false,קרפרי מגבונים אינטימיים אלוורה 20 יח,ג'\ונסון אנד ג'\ונסון,DE,קרפרי מגבונים אינטימ,יחידה,0.00,יחידה,false,,17.90,0.0000,true,1,209340
3574661530697,false,"ג'ונסונס שמפו מכף רגל ועד ראש בייבי 500 מ""ל",ג'ונסונס Johnson's,IT,ג'ונסון בייבי תרחיץ,מיליליטרים,500.00,"100 מ""ל",false,,18.90,0.0378,true,1,207083
3574661552576,false,קרפרי מגן תחתון רגיל טנגה לבן 56 יח חדש,הדקלאים אגודת שיתופי,GR,קרפרי מגן תחתון טנגה,יחידה,0.00,יחידה,false,,15.90,0.0000,true,1,211436
3574661552804,false,מגן תחתון קרפרי אלוורה 56 יחידות,הדקלאים אגודת שיתופי,IT,קרפרי מגן תחתון אלוו,יחידה,0.00,יחידה,false,,15.90,0.0000,true,1,212222
3574661554877,false,מגן תחתון קרפרי כותון מבושם 56 יחידות,הנסיך- מפעל לייצור ט,GR,קרפרי כותון מבושם 56,יחידה,0.00,יחידה,false,,15.90,0.0000,true,1,211437
3574661554884,false,קרפרי מגן תחתון רגיל טנגה מבושם 56 יח,הדקלאים אגודת שיתופי,IT,קרפרי רגיל טנגה ריחנ,יחידה,0.00,יחידה,false,,15.90,0.0000,true,1,211281
3574661610344,false,נטרוגינה קרם לחות עשיר ומרוכז לעור יבש ע,גונסון אנד גונסון סנטה ב,IT,ניוטרוגינה קרם לחות,מיליליטרים,300.00,"100 מ""ל",false,,26.90,0.0897,true,1,262346
3574669907682,false,גונסונס בייבי טלק 500 גרם חדש,גונסון אנד גונסון,IT,ג'ונסון בייבי טלק 50,גרמים,500.00,100 גרם,false,,31.90,0.0638,true,1,207085
3574669907767,false,גונסונס בייבי שמפו קמומיל 750 מל חדש,ג'ונסונס Johnson's,IT,גונסון בייבי שמפו קמ,מיליליטרים,750.00,"100 מ""ל",false,,24.90,0.0332,true,1,206881
3574669908443,false,ג'ונסון בייבי אל סבון וקצף אמבט 750 חדש,INTERNATIONAL GMBH CILAG,IT,גונסון בייבי אל סבון,מיליליטרים,750.00,"100 מ""ל",false,,21.90,0.0292,true,1,206910
3600522344032,false,לוריאל - אלביב מסכה טוטאל ריפר 300,kozmetik canan,DE,אלביב מסכה לשיער פגו,מיליליטרים,300.00,"100 מ""ל",false,,22.90,0.0763,true,1,147506
3600522344070,false,לוריאל - אלביב מסכה קולור פרוטקט 300,"לוריאל ישראל בע""מ",DE,מסכה אלביב לשיער מתו,מיליליטרים,300.00,"100 מ""ל",false,,22.90,0.0763,true,1,179056
3600523652228,false,"לוריאל - אלביב מרכך טוטאל ריפר 550 מ""ל",לוריאל - אלביב Elvive,TR,מרכך טוטאל ריפר אלבי,מיליליטרים,550.00,"100 מ""ל",false,,15.90,0.0289,true,1,203159
3600523652242,false,"לוריאל - אלביב שמפו קולור פרוטקט 550 מ""ל",לוריאל - אלביב Elvive,TR,שמפו קולור פרוטקט אל,מיליליטרים,550.00,"100 מ""ל",false,,15.90,0.0289,true,1,203160
3600523652259,false,"לוריאל - אלביב מרכך קולור פרוטקט 550 מ""ל",קוסמטיקס,TR,מרכך קולור פרוטקט אל,מיליליטרים,550.00,"100 מ""ל",false,,15.90,0.0289,true,1,203161
3600523652280,false,"לוריאל אלביב שמפו מועשר ב 6 שמנים, 550 מ""ל",לוריאל - אלביב Elvive,TR,שמפו 6 שמנים אלביב,מיליליטרים,550.00,"100 מ""ל",false,,15.90,0.0289,true,1,203164
3600523652297,false,"מרכך לשיער אלביב זהב 6 שמנים , 550 מ""ל",לוריאל - אלביב Elvive,TR,מרכך 6 שמנים אלביב,מיליליטרים,550.00,"100 מ""ל",false,,15.90,0.0289,true,1,203153
3600523755806,false,"לוריאל - אלביב שמפו קוקוס 550 מ""ל",קוסמטיקס,TR,שמפו אלביב קוקוס,מיליליטרים,550.00,"100 מ""ל",false,,15.90,0.0289,true,1,209868
3600523756322,false,"לוריאל - אלביב מרכך קוקוס 550 מ""ל",קוסמטיקס,TR,אלביב מרכך קוקוס 550,מיליליטרים,550.00,"100 מ""ל",false,,15.90,0.0289,true,1,209869
3600523782567,false,"לוריאל - אלביב שמפו דרים לונג 500 מ""ל",קוסמטיקס,FR,שמפו אלביב דרים לונג,מיליליטרים,500.00,"100 מ""ל",false,,15.90,0.0318,true,1,207335
3600523782574,false,לוריאל - אלביב מסכה דרים לונג 300,לוריאל - אלביב Elvive,DE,אלביב מסכה לשיער,מיליליטרים,300.00,"100 מ""ל",false,,22.90,0.0763,true,1,207336
3600523782581,false,מרכך מתיר קשרים לשיער ארוך ופגום Dream Long,לוריאל - אלביב Elvive,FR,אלביב מרכך שיער 500,מיליליטרים,500.00,"100 מ""ל",false,,15.90,0.0318,true,1,207331
3600540928863,false,"גרנייה - דאודורנט רול און לאישה אינביזי קליר 50 מ""ל",קוסמופול,FR,דאוד' רול גרנייה,מיליליטרים,50.00,"100 מ""ל",false,,10.90,0.2180,true,1,123889
3600541029323,false,גרנייה אסנשיאל מסיר איפור 2 ב- 1,SOPROCOS סופרוקוס,FR,מסיר איפור 2 ב- 1 גר,מיליליטרים,200.00,"100 מ""ל",false,,21.90,0.1095,true,1,198747
3600541253667,false,"גרנייה - דאודורנט ספריי לאישה אינביזיבל BWC (ורוד) 150 מ""ל","לוריאל ישראל בע""מ",FR,דאוד' ספריי גרנייה,מיליליטרים,150.00,"100 מ""ל",false,,10.90,0.0727,true,1,198758
3600541937475,false,גרניה פיור גרגרים מסיכה לעור מעורב עד שמן,לוריאל,FR,ג'ל לניקוי פנים גראנ,גרמים,150.00,100 גרם,false,,34.90,0.2327,true,1,203309
3600542216647,false,"גרנייה - דאודורנט ספריי לאישה 96 שעות אקשן קונטר 150 מ""ל",לוריאל,FR,דאודורנט ספריי 150 מ,מיליליטרים,150.00,"100 מ""ל",false,,10.90,0.0727,true,1,217750
3600542309974,false,"גרנייה - דאודורנט רול און לאישה מגנזיום 50 מ""ל",סופרוקוס,PL,רול און גרנייר,מיליליטרים,50.00,"100 מ""ל",false,,10.90,0.2180,true,1,217588
3600542310444,false,"גרנייה - דאודורנט ספריי לאישה מגנזיום 150 מ""ל",סופרוקוס,PL,דאודורנט ספריי מגנזי,מיליליטרים,150.00,"100 מ""ל",false,,10.90,0.0727,true,1,217653
3600542365710,false,גרנייה - פיור ג'ל ניקוי,לוריאל,PL,גרנייה פיור ג'ל לניק,100 מל,200.00,100 מל,false,,29.90,0.1495,true,1,218185
3600542385091,false,"גרנייה - דאודורנט רול און לאישה אקשן קונטרול 72 שעות 50 מ""ל",קוסמופול,PL,רול און גרנייר 60 מ,מיליליטרים,60.00,"100 מ""ל",false,,10.90,0.1817,true,1,218476
3600542385220,false,"גרנייה - דאודורנט רול און לאישה פרוטקשן 6 פלורל (סגול) 50 מ""ל",גרנייה Garnier,FR,רול און גרנייר,מיליליטרים,50.00,"100 מ""ל",false,,10.90,0.2180,true,1,217593
3600542385268,false,גרניה דאו רול און אינביזיבל,לוריאל ישראל קוסמטיקס בע,PL,רול און גרנייר,מיליליטרים,50.00,"100 מ""ל",false,,10.90,0.2180,true,1,217591
3600542397926,false,גרניה דאו ספריי 6 פרוטקשן כותנה,"קוסמופול, פולין",FR,דאודורנט ספריי פרוטק,מיליליטרים,150.00,"100 מ""ל",false,,10.90,0.0727,true,1,217752
3607340717635,false,אדידס גל רחצה לגבר אייס דייב 400 מל,קוטי ס.פ,ES,אדידס אייס דייב ג'ל,מיליליטרים,400.00,"100 מ""ל",false,,10.00,0.0250,true,1,202621
3607345264912,false,"אדידס בודי ספריי לגבר אייס דייב, ללא אלומיניום, 150 מל",אגריפק אס איי לגרדה,ES,פיוז'ן-ספריי גוף איי,מיליליטרים,150.00,"100 מ""ל",false,,19.90,0.1327,true,1,133663
3607345265117,false,"אדידס - דאודורנט ספריי לגבר טים פורס 150 מ""ל",מיוצר עי קונדיטוריית,ES,פיוז'ן-ספריי גוף טים,מיליליטרים,0.00,"מ""ל",false,,19.90,0.0000,true,1,133009
3607347320449,false,"אדידס - ג'ל רחצה ספורט אנרג'י 400 מ""ל",קוטי ס.פ,ES,אדידס ספורט אנרגי ג',מיליליטרים,400.00,"100 מ""ל",false,,10.00,0.0250,true,1,202619
3608580071389,false,ממרח ערמונים 370 גרם BONNE MAMAN,בון מאמא,FR,ממרח ערמונים,יחידה,0.00,יחידה,false,,19.90,0.0000,true,1,260883
3608580075646,false,קונפיטורה בטעם שזיפים 370 גר BONNE MAMAN,בון מאמא,FR,קונפיטורה שזיפים,גרמים,370.00,100 גרם,false,,19.90,0.0538,true,1,260861
3608580730231,false,קונפיטורה בון ממאן תות שדה 370 גר',אף.סי תבליני בגליל ב,FR,קונפיטורה תות 370 גר,גרמים,370.00,100 גרם,false,,19.90,0.0538,true,1,189531
3608580730248,false,קונפיטורה דובדובן 370 ג' בוני מאמן,בון ממן,FR,קונפיטורה דבדבן 370,גרמים,370.00,100 גרם,false,,19.90,0.0538,true,1,189532
3608580730255,false,קונפיטורה בטעם משמש 370 גר BONNE MAMAN,בון ממן,FR,קונפיטורה משמש 370 ג,גרמים,370.00,100 גרם,false,,19.90,0.0538,true,1,189533
3608580730279,false,קונפיטורה בון ממאן מרמלדת תפוזים 370 גר',,FR,מרמלדת תפוזים 370 גר,גרמים,370.00,100 גרם,false,,19.90,0.0538,true,1,214509
3614221653715,false,"אדידס קליימקול ג'ל רחצה, 400 מ""ל",קוטי ס.פ,ES,אדידס קליימקול ג'ל ר,מיליליטרים,400.00,"100 מ""ל",false,,10.00,0.0250,true,1,202620
3614224051235,false,אדידס דאודורנט ספריי גברים אדיפוואר 200מל,אדידס Adidas,PT,דאודורנט אדידס גברים,מיליליטרים,200.00,"100 מ""ל",false,,19.90,0.0995,true,1,206856
3614224056537,false,"דאו ספריי לנשים אדידס אדיפוואר 150 מ""ל",COLEPCCL,PT,דאודורנט אדידס נשים,מיליליטרים,150.00,"100 מ""ל",false,,19.90,0.1327,true,1,206858
3661163970448,false,"אדידס דאודורנט ספריי מקס פרש לגברים 200 מ""ל",מיוצר עי קונדיטוריית,PT,דאו' ספריי לגבר A3דר,מיליליטרים,200.00,"100 מ""ל",false,,19.90,0.0995,true,1,124021
3661163990545,false,"אדידס דאודורנט ספריי לגברים אקשיין 200 מ""ל",מיוצר עי קונדיטוריית,PT,דאו' ספריי לגבר A3דר,מיליליטרים,200.00,"100 מ""ל",false,,19.90,0.0995,true,1,123603
3661163991146,false,"אדידס - דאודורנט ספריי לאישה קול אנד קר פרש 150 מ""ל",מיוצר עי קונדיטוריית,PT,דאו' ספריי לאישה A3ד,מיליליטרים,200.00,"100 מ""ל",false,,19.90,0.0995,true,1,124024
3661163991344,false,"אדידס דאודורנט ספריי מקס פרו-קליר לאישה 150 מ""ל",מיוצר עי קונדיטוריית,PT,דאו' ספריי לאישה A3ד,מיליליטרים,200.00,"100 מ""ל",false,,19.90,0.0995,true,1,180455
3661163991580,false,"אדידס - דאודורנט ספריי לאישה קול אנד קר 6 ב-1 150 מ""ל",מיוצר עי קונדיטוריית,PT,דאו' ספריי לאישה A3ד,מיליליטרים,200.00,"100 מ""ל",false,,19.90,0.0995,true,1,124025
3700604200222,false,אריסה טוניסאית 350 גרם,,,אריסה טוניסאית 350 ג,גרמים,350.00,100 גרם,false,,21.90,0.0626,true,1,203277
3700604201090,false,אריסה מפלפלים ירוקים,מונה פוד,,אריסה מפלפלים ירוקים,גרמים,190.00,100 גרם,false,,16.90,0.0889,true,1,212510
3700604201175,false,אריסה טונסאית פיקנטי,,,אריסה טונסאית פיקנטי,גרמים,190.00,100 גרם,false,,16.90,0.0889,true,1,214298
3760030144590,false,דליקטס כושר-סורמי יר,,,דליקטס כושר-סורמי יר,גרמים,350.00,100 גרם,false,,35.00,0.1000,true,1,199218
3760125946719,false,רוזה כשר אור דה לה קסטינל,ג'נרל מילס סאן אדריא,FR,יין רוזה אור פרובאנס,מיליליטרים,750.00,"100 מ""ל",false,,49.90,0.0665,true,1,215994
3760125946870,false,פרובאנס אור דה קסטינל750,דומיין דה לה קסטינל,FR,רוזה אור פרובאנס דה,מיליליטרים,750.00,"100 מ""ל",false,,69.90,0.0932,true,1,215995
3760235771010,false,"יין דומיין דה בומון שאבלי 750 מ""ל",יקב רמת הגולן,IL,דומיין דה בומון שאבל,מיליליטרים,750.00,"100 מ""ל",false,,100.00,0.1333,true,1,260509
3770000016796,false,"יין שבלי דומיין דה שאטיון כשל""פ 750 מ""ל",דומיין דה לה,FR,שאבלי דומיין דה שאטי,מיליליטרים,750.00,"100 מ""ל",false,,90.00,0.1200,true,1,212904
3770019952030,false,שאטו מאסיו גראנד קוו,,,שאטו מאסיו גראנד קוו,מיליליטרים,750.00,"100 מ""ל",false,,69.90,0.0932,true,1,263143
3800034954150,false,מארז 3 יחידות פריש דריי,,IL,מארז שלישיית מבשם,יחידה,0.00,יחידה,false,,10.00,0.0000,true,1,200536
4000417019004,false,שוקולד חלב אגוזי לוז שלמים ריטר ספורט 100 גרם,ריטר ספורט Ritter sport,DE,שוקולד חלב ריטר ספור,גרמים,100.00,100 גרם,false,,9.90,0.0990,false,1,109822
4000417022004,false,ריטר ספורט שוקולד חלב מעולה עם צימוקים ואגוזי לוז 100 גרם,ריטר ספורט Ritter sport,DE,שוקולד חלב צימוקים ו,גרמים,100.00,100 גרם,false,,8.50,0.0850,false,1,109825
4000417023001,false,ריטר ספורט שוקולד חלב מעולה עם שקדים שלמים,ריטר ספורט Ritter sport,DE,שוקולד חלב עם שקדים,גרמים,100.00,100 גרם,false,,9.90,0.0990,false,1,109826
4000417025005,false,שוקולד מריר במילוי מרציפן ריטר ספורט 100 גרם,ריטר ספורט Ritter sport,DE,שוקולד ריטר ספורט עם,גרמים,100.00,100 גרם,false,,8.50,0.0850,false,1,109827
4000417026002,false,שוקולד ריטר ספורט פרלין 100 גרם חלב נוכרי,ריטר ספורט Ritter sport,DE,ריטר שוקולד חלב ממול,גרמים,100.00,100 גרם,false,,8.50,0.0850,false,1,109828
4000417101211,false,גלילי וופל עם קרם אגוזי לוז בציפוי שוקולד חלב,אמיצ'לי Amicelli,AT,אמיצ'לי גלילי וופל א,גרמים,150.00,100 גרם,false,,17.90,0.1193,true,1,262245
4000417101273,false,אימצ'לי-גלילי וופל עם קרם אגוזי לוז 300 גרם,מותגים,,מארז אמיצ'ילי 300 גר,גרמים,300.00,100 גרם,false,,29.90,0.0997,true,1,266531
4000417101310,false,אמיצלי- גלילי וופל עם קרם קקאו בציפי שוק,ליימן שליסל,AT,אמיצ'לי קרם קקאו 150,גרמים,150.00,100 גרם,false,,17.90,0.1193,true,1,266267
4000417211002,false,שוקולד חלב מעולה ממולא קרם קרמל מוקצף ושברי שקדים מומלחים,ריטר ספורט Ritter sport,DE,שוקולד ריטר מוס קרמל,גרמים,100.00,100 גרם,false,,8.50,0.0850,true,1,194158
4000417212009,false,ריטר ספורט שוקולד מריר מעולה עם שקדים קצוצים וקליפות תפוז מסוכרות,ריטר ספורט Ritter sport,DE,שוקולד ריטר מריר מעו,גרמים,100.00,100 גרם,false,,8.50,0.0850,true,1,206579
4000417222008,false,שוקולד ריטר ספורט חלב+שברי אגוזים 100 גרם חלב נוכרי,ריטר ספורט Ritter sport,DE,שוקולד ריטר חלב עם ש,גרמים,100.00,100 גרם,false,,8.50,0.0850,true,1,193079
4000417224002,false,"ריטר ספורט טבלת שוקולד מריר אגוזים, 100 גרם",ריטר ספורט Ritter sport,DE,ריטר שוקולד מריר עם,גרמים,100.00,100 גרם,false,,9.90,0.0990,false,1,133984
4000417294005,false,שוקולד ריטר מוס קקאו 100 גרם חלב נוכרי,ריטר ספורט Ritter sport,DE,ריטר מוס קקאו,גרמים,100.00,100 גרם,false,,8.50,0.0850,false,1,140677
4000417298003,false,שוקולד ריטר ספורט קוקוס 100 גרם חלב נוכרי,ריטר ספורט Ritter sport,DE,שוקולד ריטר חלב במיל,גרמים,100.00,100 גרם,false,,8.50,0.0850,false,1,143761
4000417626417,false,שוקולד חלב חמוציות ממותקות ושברי אגוזי לוז,ריטר ספורט,DE,שוקולד ריטר חמוציות,גרמים,100.00,100 גרם,false,,8.50,0.0850,true,1,266256
4000417694119,false,שוקולד מריר ולבן ריטר מחית קפה 100 גר,ריטר ספורט,DE,שוקולד ריטר קפה קריס,גרמים,100.00,100 גרם,false,,8.50,0.0850,true,1,266733
4000417707000,false,שוקולד חלב מעולה עם שברי קשיו קלוי ומומלח,ריטר ספורט Ritter sport,DE,ריטר שוקולד חלב עם ש,גרמים,100.00,100 גרם,false,,9.90,0.0990,true,1,217791
4000417708007,false,"שוקולד ריטר ספורט מריר שקד, 100 גרם",ריטר ספורט Ritter sport,DE,ריטר שוקולד מריר עם,גרמים,100.00,100 גרם,false,,9.90,0.0990,true,1,217792
4000522009747,false,"מקלות בייגלה תפו""א צ'יו 80 גרם",טרופיקל דגיל תעשיות,HU,"בייגלה מקלות תפ""א",גרמים,85.00,100 גרם,false,,4.00,0.0471,true,1,218802
4000522061752,false,בייגלה צ'יו מקלות מלוחים 100 גרם,צ'יו Chio,HU,בייגלה צ'יו מקלות,גרמים,100.00,100 גרם,false,,4.00,0.0400,true,1,149430
4000539280726,false,שוקולד לינדט אקסלנס מילד 70% 100 גר,לינדט ושפרונגלי,DE,שוקולד לינדט מריר 70,גרמים,100.00,100 גרם,false,,15.00,0.1500,true,1,264981
4000539280740,false,לינדט אקסלנס 78% מוצקי קקאו 100 גרם,לינדט ושפרונגלי קילשברג,DE,שוקולד לינדט 100 גר',גרמים,100.00,100 גרם,false,,15.00,0.1500,true,1,265196
4000539363108,false,שוקולד לינדור סטיקס 38 גרם,לינדור,DE,שוקולד לינדור סטיק,גרמים,38.00,100 גרם,false,,5.90,0.1553,true,1,198875
4000576027933,false,צימרונים לאוזניים גאן קרול 200 יח,וו.פלץ,DE,צמרוני אוזניים 200 י,יחידה,0.00,יחידה,false,,7.50,0.0000,true,1,213918
4000576113056,false,צמר גפן פרוס 80 גר',,,צמר גפן פרוס 80 גר',גרמים,80.00,100 גרם,false,,7.00,0.0875,true,1,139490
4000576399405,false,פדים רחבים להסרת איפור,ג'ין קרול Jean Carol,CN,פדים להסרת איפור,יחידה,0.00,יחידה,false,,8.90,0.0000,true,1,172474
4000576481889,false,צימרוני אוזניים לתינוק 72 יח',ג'ין קרול Jean Carol,DE,צימרונים 72 יח',יחידה,0.00,יחידה,false,,6.50,0.0000,true,1,123854
4000576722654,false,פדים להסרת איפור זוג *70 יח',ג'ין קרול Jean Carol,,פדים להסרת איפור,יחידה,0.00,יחידה,false,,15.90,0.0000,true,1,133083
4000607001000,false,שוקולד שוגטן יוגורט,,,שוקולד שוגטן יוגורט,גרמים,100.00,100 גרם,false,,4.90,0.0490,true,1,214381
4000799136887,false,קפה נמס אורגני 100 גר מאנט האגן,מאונט האגן,DE,קפה נמס אורגני מיובש,גרמים,100.00,100 גרם,false,,37.90,0.3790,true,1,206207
4000869032569,false,"הפי מבשם ומטהר אויר ורוד מוצק יעקבי 150 מ""ל",יעקובי הפי,IT,הפי פרש ג'ל מוצק,יחידה,0.00,יחידה,false,,7.90,0.0000,true,1,103324
4001499013676,false,"פרוש ספריי לניקוי חלונות 500 מ""ל",ארדל רקס,DE,פרוש ספריי לניקוי חל,מיליליטרים,500.00,"100 מ""ל",false,,17.90,0.0358,true,1,140830
4001499116193,false,פרוש מרכך כביסה פרח הכותנה 750 מל,ארדל רקס,DE,פרוש מרכך כביסה פרח,מיליליטרים,750.00,"100 מ""ל",false,,17.00,0.0227,true,1,172479
4001499139796,false,פרוש קרם ניקוי לימון 500 מ`ל,,,פרוש קרם לניקוי לימו,מיליליטרים,500.00,"100 מ""ל",false,,13.90,0.0278,true,1,172480
4001499162916,false,"נוזל כלים פרוש סודה 500 מ""ל",ארדל רקס,DE,פרוש נוזל כלים בתוספ,מיליליטרים,500.00,"100 מ""ל",false,,16.90,0.0338,true,1,201644
4001499183102,false,פרוש קרם לניקוי לבנד,,,פרוש קרם לניקוי לבנד,מיליליטרים,500.00,"100 מ""ל",false,,13.90,0.0278,true,1,172485
4001499185267,false,פרוש נוזל ניקוי אסלות על בסיס לבנדר 750,ארדל רקס,DE,פרוש ספריי לניקוי אס,מיליליטרים,750.00,"100 מ""ל",false,,15.90,0.0212,true,1,140842
4001499909122,false,"פרוש נוזל מסיר אבנית 300 מ""ל",,,פרוש נוזל מסיר אבנית,מיליליטרים,300.00,"100 מ""ל",false,,14.90,0.0497,true,1,188804
4001499921629,false,פרוש נ.ניקוי טיפוח והגנה על משטחי עץ 750,,,פרוש-נוזל ניקוי על מ,מיליליטרים,750.00,"100 מ""ל",false,,24.90,0.0332,true,1,186083
4001499954986,false,פרוש נוזל ניקוי אסלות על בסיס לימון 750,ארדל רקס,,פרוש נוזל לניקוי אסל,מיליליטרים,750.00,"100 מ""ל",false,,15.90,0.0212,true,1,265178
4001499957628,false,מטהר אסלות פרוש בניחוח לימון,ארדל רקס,DE,מטהר אסלות פרוש בניח,גרמים,42.00,100 גרם,false,,15.90,0.3786,true,1,265380
4001507161955,false,קווקר פתיתי שיבולת שועל עבה 500 גר,פורטין מולנברקה ג'ב,DE,פתיתי שיבולת שועל עב,גרמים,500.00,100 גרם,false,,6.90,0.0138,true,1,207764
4001518003800,false,טורינוס מקלות פריכים עם פלפל ומלח 125 גרם,גריסון,DE,טורינוס מקלות פריכים,גרמים,125.00,100 גרם,false,,13.90,0.1112,true,1,215811
4001518106112,false,טורינוס מקלות פריכים עם רוזמרין 125 גרם,גריסון,DE,טורינוס מקלות פריכים,גרמים,125.00,100 גרם,false,,13.90,0.1112,true,1,215812
4001518115190,false,ביסקוויט במילוי שוקו,גריסון,DE,ביסקוויט במילוי שוקו,גרמים,147.00,100 גרם,false,,12.90,0.0878,true,1,260869
4002448017684,false,"סיליט באנג ספריי ניקוי כללי מסיר אבנית 750 מ""ל",הדקלאים אגודת שיתופי,PL,סיליט באנג ספריי,מיליליטרים,750.00,"100 מ""ל",false,,12.90,0.0172,true,1,104405
4002448019480,false,"סיליט באנג מסיר שומנים רב שימושי 750 מ""ל",סיליט באנג Cillit Bang,PL,סיליט באנג מסיר שומנ,מיליליטרים,750.00,"100 מ""ל",false,,12.90,0.0172,false,1,104408
4002575016253,false,מרציפן מצופה שוקולד זנטיס 100 גרם,הדקלאים אגודת שיתופי,DE,מרציפן מצופה שוק,גרמים,100.00,100 גרם,false,,8.90,0.0890,true,1,102089
4002590000022,false,סוכריות קלפני פירות יער אוכמניות 150 ג',ליימן מותגים,DE,סוכריות קלפני,גרמים,150.00,100 גרם,false,,9.00,0.0600,true,1,102090
4002590000039,false,סוכריות בטעם פירות הדר קלפני 150 גרם,ליימן מותגים,DE,סוכריות קלפני,גרמים,150.00,100 גרם,false,,9.00,0.0600,true,1,102091
4002590000046,false,סוכריות בטעם מנטה מרענן קלפני 150 גרם,ליימן מותגים,DE,סוכריות קלפני,גרמים,150.00,100 גרם,false,,9.00,0.0600,true,1,102092
4002590000619,false,סוכריות קלפני בטעם ק,ליימן מותגים,,סוכריות בטעם קפה 150,גרמים,150.00,100 גרם,false,,9.00,0.0600,true,1,262315
4002590000626,false,סוכריות קלפני דובדבן,ליימן מותגים,,סוכריות קלפני דובדבן,גרמים,150.00,100 גרם,false,,9.00,0.0600,true,1,262291
4002590000633,false,סוכריות קלפני פירות 150 גרם,ליימן מותגים,DE,סוכריות קלפני,גרמים,150.00,100 גרם,false,,9.00,0.0600,true,1,102094
4002590703541,false,קלפני סוכריות קשות בטעם תות,ליימן מותגים,DE,סוכריות קלפני תות 15,גרמים,150.00,100 גרם,false,,9.00,0.0600,true,1,185818
4002720005736,false,מליטה קפה לפילטר פרימיום 250 גרם,המאפיה של הרמן,DE,מליטה קפה PREMIUMלפי,גרמים,250.00,100 גרם,false,,21.00,0.0840,false,1,115654
4003754021679,false,בונ עיגולי מרציפן עם מחית דובדבן בשוקול,Erasmi & Carstens Gm,DE,בנו' עיגולי מרציפן ע,גרמים,210.00,100 גרם,false,,17.90,0.0852,true,1,208514
4003754021693,false,בונ עיגולי מרציפן עם מחית תפוזים בשוקול,Erasmi & Carstens Gm,DE,בנו' עיגולי מרציפן ע,גרמים,210.00,100 גרם,false,,17.90,0.0852,true,1,208515
4003754081000,false,מרציפן חטיף 100 גר CARSTENS ERASMI,Erasmi & Carstens Gm,DE,מרציפן חטיף 100 גרם,גרמים,100.00,100 גרם,false,,6.90,0.0690,true,1,201368
4004666111656,false,"ג'ל פעיל להשמדת עובש 250 מ""ל מרלוד",מלרוד,DE,מלרוד ג'ל פעיל להשמד,מיליליטרים,250.00,"100 מ""ל",false,,27.90,0.1116,true,1,261982
4005808229390,false,"ניוואה - ג'ל רחצה קול לגבר 500 מ""ל",ניוואה Nivea,DE,"ג'ל רחצה לגבר 500 מ""",מיליליטרים,500.00,"100 מ""ל",false,,14.90,0.0298,true,1,133687
4005808366392,false,שפתון ליובש כחול קלאסי לבלו 48 גרם,טרופיקל דגיל תעשיות,IL,שפתון לבלו,יחידה,0.00,יחידה,false,,12.90,0.0000,true,1,194571
4005808502004,false,לבלו שפתון סופט ורוד בליסטר 5.5מל,ביירסדורף,DE,שפתון לבלו ורוד,מיליליטרים,0.00,"מ""ל",false,,13.90,0.0000,true,1,124524
4005808670314,false,"קרם לחות לפנים לעור רגיל - מעורב ניוואה 50 מ""ל",ניוואה Nivea,PL,קרם יום מעניק לחות ל,מיליליטרים,50.00,"100 מ""ל",false,,39.90,0.7980,true,1,150413
4005808698103,false,ניוואה תחליב גוף סמוד לעור יבש 500 מל,בטר אנד דיפרנט,DE,ניוואה תחליב גוף לעו,מיליליטרים,500.00,"100 מ""ל",false,,21.90,0.0438,true,1,215499
4005808828838,false,"ניוואה - דאודורנט ספריי לגבר קול קיק 150 מ""ל",ניוואה Nivea,DE,ניוואה אקווה קול דאו,מיליליטרים,150.00,"100 מ""ל",false,,16.90,0.1127,true,1,103121
4005808850723,false,לבלו שפתון תות בליסטר,טרופיקל דגיל תעשיות,DE,שפתון לבלו תות בליסט,מיליליטרים,0.00,"מ""ל",false,,13.90,0.0000,true,1,124686
4005808850907,false,לבלו הידרו קר בליסטר 5.5מל,ביירסדורף,DE,שפתון לבלו קר,יחידה,0.00,יחידה,false,,13.90,0.0000,true,1,203041
4005808890507,false,קרם ניוואה סופט צנצנת 200 מל,ניוואה Nivea,ES,ניוואה סופט קרם 200ג,גרמים,250.00,100 גרם,false,,24.90,0.0996,true,1,125613
4005900036445,false,"ניוואה - דאודורנט רול און לאישה בלק&וויט פיור 50 מ""ל",ביירסדורץ,DE,דאודורנט ניוואה רול,מיליליטרים,50.00,"100 מ""ל",false,,16.90,0.3380,true,1,148892
4005900036483,false,"ניוואה - דאודורנט ספריי לגבר שקוף בלק וווי 150 מ""ל",בטר אנד דיפרנט,DE,ניוואה דאודורנט ספרי,מיליליטרים,0.00,"מ""ל",false,,16.90,0.0000,true,1,136796
4005900036506,false,"ניוואה - דאודורנט רול און לגבר שקוף בלק 50 מ""ל",טרופיקל דגיל תעשיות,DE,ניוואה רול און דאודו,מיליליטרים,0.00,"מ""ל",false,,16.90,0.0000,true,1,136797
4005900274304,false,"ניוואה - דאודורנט ספריי לגבר פרש אושן 150 מ""ל",פרוטרופיק סיה.,DE,דאודורנט ניוואה ספרי,מיליליטרים,150.00,"100 מ""ל",false,,16.90,0.1127,true,1,194562
4005900420220,false,"גל רחצה ניוואה פיור אימפקט לגבר 500 מ""ל",ניואה,DE,ניוואה ג'ל פיור רחצה,מיליליטרים,500.00,"100 מ""ל",false,,14.90,0.0298,true,1,260862
4005900513045,false,"ניוואה - דאודורנט ספריי לגבר דיפ 150 מ""ל",ביירסדורף,DE,דאודורנט לגבר ניוואה,מיליליטרים,150.00,"100 מ""ל",false,,16.90,0.1127,true,1,205568
4005900521262,false,"ג'ל רחצה לגבר פיור אימפקט ניוואה 500 מ""ל",ביירסדורף,DE,ג'ל רחצה לגבר ניוואה,מיליליטרים,500.00,"100 מ""ל",false,,14.90,0.0298,true,1,207183
4005900542557,false,"ניוואה - דאודורנט רול און לאישה בלק אנד וויט 50 מ""ל",ניואה,DE,ניוואה דאודורנט רול,מיליליטרים,50.00,"100 מ""ל",false,,16.90,0.3380,true,1,218249
4005900555540,false,לבלו כחול אורגינל,,,שפתון לבלו,יחידה,0.00,יחידה,false,,9.90,0.0000,true,1,209630
4005900683878,false,לבלו סקראב שפתון פילינג אלוורה בליסטר,ביירסדורף,DE,לבלו סקראב אלוורה,מיליליטרים,5.50,"100 מ""ל",false,,13.90,2.5273,true,1,215043
4005900730299,false,"ניוואה דאו רול און לאשה בלק אנד וויט אימפקט 50 מ""ל",ביירסדורף,DE,דאודורנט ניוואה רול,מיליליטרים,50.00,"100 מ""ל",false,,16.90,0.3380,true,1,266248
4005900816016,false,"ניוואה - דאודורנט ספריי לאישה פרש טבעי לאישה 150 מ""ל",טרופיקל דגיל תעשיות,DE,ניוואה דאוד' ספר,מיליליטרים,150.00,"100 מ""ל",false,,16.90,0.1127,true,1,103126
4005900828088,false,"ניוואה - דאודורנט רול און לגבר פרש 50 מ""ל",טרופיקל דגיל תעשיות,DE,ניוואה רול און,מיליליטרים,50.00,"100 מ""ל",false,,16.90,0.3380,true,1,103135
4006387084578,false,קנקן בריטה Marella כחול (כולל פילטר MAXTRA+),בריטה Brita,DE,קנקן בריטה מרלה כחול,יחידה,0.00,יחידה,false,,129.00,0.0000,true,1,205092
4006387085407,false,שלישיית פילטר מקסטרא סודהסטרים,סודה קלאב,DE,שלישיית פילטר מקס פל,יחידה,0.00,יחידה,false,,99.90,0.0000,false,1,202577
4006387097370,false,קנקן סטייל+פילטר מקסטרא סודהסטרים,בריטה,DE,קנקן סטייל+ פילטר מק,יחידה,0.00,יחידה,false,,159.00,0.0000,true,1,211555
4006814011061,false,שוקולד סנטה קלאוז בו,WAWI Euro Gmbh,DE,סנטה בודד 60 גר,גרמים,60.00,100 גרם,false,,3.50,0.0583,true,1,199769
4006814011108,false,שוקולד סנטה קלאוס בו,WAWI-EURO,DE,סנטה בודד 150 גר,גרמים,150.00,100 גרם,false,,7.50,0.0500,true,1,199770
4006814071003,false,שוקולד סנטה שקית 100,WAWI-EURO,,שוקולד סנטה שקית 100,גרמים,100.00,100 גרם,false,,7.50,0.0750,true,1,199772
4006814072000,false,שוקולד סנטה שקית 200,WAWI Euro Gmbh,DE,שוקולד סנטה שקית 200,גרמים,200.00,100 גרם,false,,11.90,0.0595,true,1,199773
4007519050713,false,שקיות אשפה עם שרוך חזקות במיוחד 35 ליטר,פאלי Pely,DE,פלי 25 שקיות אשפה- 3,יחידה,0.00,יחידה,false,,10.90,0.0000,true,1,110912
4007519050720,false,שקיות אשפה עם שרוך חזקות במיוחד 60 ליטר,פאלי Pely,DE,פלי 20 שקיות אשפה- 6,יחידה,0.00,יחידה,false,,10.90,0.0000,true,1,127314
4007519050744,false,שקיות אשפה עם שרוך חזקות במיוחד 120 ליטר,פאלי Pely,DE,פלי 10 שקיות אשפה- 1,יחידה,0.00,יחידה,false,,10.90,0.0000,true,1,110913
4007519086224,false,פלי שקיות אשפה ריחניות 20 ליטר 22 יח,וו.פלץ,DE,פלי 22 שקיות אשפה 20,יחידה,0.00,יחידה,false,,10.90,0.0000,true,1,188888
4007745058811,false,חרדל צרפתי חלק אורגני 200 גרם,נטורפוד,DE,חרדל צרפתי חלק 145 ג,גרמים,145.00,100 גרם,false,,13.90,0.0959,true,1,206927
4008102002867,false,גרגירים להכנת תה לימון מילפורד 400 גרם,ליימן מותגים,DE,תה גרגרים מילפורד לי,גרמים,400.00,100 גרם,false,,14.90,0.0373,true,1,102101
4008287058161,false,בירה קרומבאכר פילס 4.8% שישיה 6 * 330 מל,מנדלז סי.אר. פרודקשן,DE,קרומבאכר פילס שישייה,מיליליטרים,1980.00,"100 מ""ל",false,,29.90,0.0151,true,1,217831
4008400230726,false,ביצת שוקולד הפתעה קינדר ענקית 100ג' בנים,קינדר Kinder,BE,ביצת הפתעה מקסי,גרמים,100.00,100 גרם,false,,21.90,0.2190,true,1,194626
4008429056710,false,אוכל לחתולים ויסקס ב,ויסקס Whiskas,PL,ויסקס ביף 400 גר',גרמים,400.00,100 גרם,false,,9.40,0.0235,true,1,186942
4009300522935,false,תה ירוק פומפדור לימונית ולואיזה 20 יחידות,"איטיליאן פוד, אס.פי.",DE,פומפדור תה ירוק לימו,גרמים,30.00,100 גרם,false,,19.90,0.6633,true,1,117894
4009300522966,false,תה ירוק עם נענע פומפדור 20 יחידות,"איטיליאן פוד, אס.פי.",DE,פומפדור תה ירוק נענע,גרמים,36.00,100 גרם,false,,19.90,0.5528,true,1,117893
4009300524588,false,חליטת צמחים פומפדור פירות יער 20 יחידות,פומפדור Pompadour,DE,חליטת פומפדור פירות,גרמים,60.00,100 גרם,false,,15.90,0.2650,true,1,121772
4009300524625,false,תה צ'אי מסאלה פומפדור 20 יחידות,פומפדור Pompadour,DE,תה פומפדור צ'אי מסאל,גרמים,40.00,100 גרם,false,,13.90,0.3475,true,1,121773
4009300526438,false,תה ירוק פומפדור קלאסי 20 יחידות,"איטיליאן פוד, אס.פי.",DE,תה ירוק קלאסי פומפדו,יחידה,0.00,יחידה,false,,19.90,0.0000,true,1,149376
4009300529514,false,תה חליטת פומפדור פירות אוכמניות 20 יח,TEEKANNE- POMPADOU,DE,פומפדור חליטת פירות,גרמים,50.00,100 גרם,false,,15.90,0.3180,true,1,264141
4009300529538,false,תה חליטת פומפדור פירות לימון 20 יח,TEEKANNE- POMPADOU,DE,פומפדור חליטת פירות,גרמים,45.00,100 גרם,false,,15.90,0.3533,true,1,264142
4009300529552,false,תה חליטת פומפדור פירות אפרסק 20 יח,TEEKANNE- POMPADOU,DE,פומפדור חליטת פירות,גרמים,50.00,100 גרם,false,,15.90,0.3180,true,1,264143
4009300529576,false,תה חליטת פומפדור פירות רימונים 20 יח,TEEKANNE- POMPADOU,DE,פומפדור חליטת פירות,גרמים,50.00,100 גרם,false,,15.90,0.3180,true,1,219656
4009300530183,false,תה חליטת פומפדור תפוז ספרדי 20 יח,טיקנה ג'י.אמ.בי.אייג' אנ,DE,פומפדור חליטת תפוז ס,גרמים,44.00,100 גרם,false,,15.90,0.3614,true,1,266040
4009300530206,false,תה חליטת פומפדור תפוח טורקי 20 יח,TEEKANNE- POMPADOU,DE,פומפדור חליטת תפוח ט,גרמים,50.00,100 גרם,false,,15.90,0.3180,true,1,266042
4009300530275,false,תה חליטת פומפדור מנטה מרוקאית 20 יח,טיקנה ג'י.אמ.בי.אייג',DE,פומפדור חליטת מנטה מ,גרמים,36.00,100 גרם,false,,15.90,0.4417,true,1,266041
4009309114346,false,מלפפונים אורגניים בחומץ ללא סוכר – נטורפוד,נטורפוד,DE,מלפפונים אורגניים בח,גרמים,670.00,100 גרם,false,,21.90,0.0327,true,1,206166
4009309114407,false,נטורפוד מלפפון כבוש אורגני 670 גרם,נטורפוד,DE,מלפפון כבוש אורגני 3,גרמים,360.00,100 גרם,false,,21.90,0.0608,true,1,208155
4009309740422,false,רסק תפוחים אורגני – נטורפוד 700 גרם,נטורפוד,DE,רסק תפוחים אורגני,גרמים,700.00,100 גרם,false,,15.90,0.0227,true,1,205668
4009309742426,false,רסק תפוחים ומנגו אורגני ללא תוספת סוכר,נטורפוד,DE,רסק תפוח מנגו אורגני,גרמים,700.00,100 גרם,false,,17.50,0.0250,true,1,205669
4009900013581,false,מסטיק אורביט ספרמינט סטיקס משפחתי-חמישיות,ריגלי צרפת,FR,אורביט ספירמינט סקיק,גרמים,65.00,100 גרם,false,,10.90,0.1677,true,1,144372
4009900379564,false,מסטיק הובה בובה Hubba Bubba טייפ בטעם פירות,הובה בובה Hubba Bubba,GB,מסטיק הובה בובה פירו,גרמים,56.00,100 גרם,false,,7.20,0.1286,true,1,95283
4009900385824,false,מסטיק אורביט פפרמינט סטיקס משפחתי-חמישיות,ריגלי צרפת,FR,מארז חמישיית אורביט,יחידה,0.00,יחידה,false,,10.90,0.0000,true,1,144741
4009900402965,false,אורביט וויט בטעם פירות בקבוקון 46מלבניות,ריגלי פולין,PL,אורביט בקבוקון בטעם,גרמים,64.00,100 גרם,false,,10.00,0.1563,true,1,140612
4009900403023,false,אורביט וויט בטעם מנטה בקבוקון 46 מלבניות,"ב.א מזון בע""מ",PL,אורביט בקבוקון בטעם,גרמים,64.00,100 גרם,false,,10.00,0.1563,true,1,140613
4009900406918,false,מסטיק הובה בובה טייפ טריפל מיקס 56ג',הובה בובה Hubba Bubba,GB,מסטיק הובה בובה טריפ,גרמים,56.00,100 גרם,false,,7.20,0.1286,true,1,95302
4009900420129,false,מסטיק אורביט פרופשנל פפרמינט בקבוקון 64 גר',מרס נדרלנד,PL,אורביט פרופשיונל פפר,גרמים,64.00,100 גרם,false,,10.00,0.1563,true,1,205401
4009900426039,false,מסטיק מנטה אקליפטוס בקבוקון איירווייבס 64 גרם,איירוויבס Airwaves,PL,מסטיק איירוויבז מנטה,גרמים,64.00,100 גרם,false,,10.00,0.1563,true,1,195225
4009900455299,false,"סוכרית ג'לי אדומה 174 גרם ""סקיטלס""",ריגלי ממתקים,CZ,סוכריות סקיטלס פירות,גרמים,174.00,100 גרם,false,,9.90,0.0569,true,1,150197
4009900465304,false,סוכריות סקיטלס פירות חמוצים 174 גרם,ריגלי ממתקים,CZ,סוכריות סקיטלס פירות,גרמים,174.00,100 גרם,false,,9.90,0.0569,true,1,150198
4009900479998,false,אורביט וויט אוכמניות בקבוקון 46 מלבניות,ריגלי פולין,PL,מסטיק אורביט אוכמניו,גרמים,64.00,100 גרם,false,,10.00,0.1563,true,1,149934
4009900482417,false,מסטיק אורביט פירות מנטה בקבוקון באבל מינט 45יח,ריגלי פולין,PL,מסטיק אורביט באבל מי,יחידה,0.00,יחידה,false,,10.00,0.0000,true,1,143252
4009900483803,false,מסטיק איירובס מנטה אקליפטוס בקבוקון 60יח',איירוויבס Airwaves,PL,אירוובס מנטה אקליפטו,יחידה,0.00,יחידה,false,,14.90,0.0000,true,1,206377
4009900484060,false,מסטיק אורביט פרופשיונל בטעם מנטה ללא סוכר,ריגלי פולין,PL,אורביט בקבוק 60 יח',יחידה,0.00,יחידה,false,,14.90,0.0000,true,1,143986
4009900484091,false,מסטיק אורביט פרופשיונל בטעם מנטה ללא סוכר,ריגלי פולין,PL,אורביט באריזת בקבוק,יחידה,0.00,יחידה,false,,14.90,0.0000,true,1,145267
4009900484305,false,מסטיק אורביט פרופשיונל סוויטמינט ביגי לבן 60יח',אורביט Orbit,GB,אורביט בקבוק 60 יח',יחידה,0.00,יחידה,false,,14.90,0.0000,true,1,144111
4009900487283,false,אורביט ילדים קלאסי סט' משפחתי-חמישיות,ריגלי צרפת,FR,מארז חמישיית אורביט,יחידה,0.00,יחידה,false,,10.90,0.0000,true,1,145560
4009900491044,false,מסטיק איירובס אוכמניות בקבוקון 60יח',איירוויבס Airwaves,PL,אירוובס בקבוק אוכמני,יחידה,0.00,יחידה,false,,14.90,0.0000,true,1,206378
4009900500166,false,סוכריות פירות אדום סקיטלס בקבוקון 125ג',ריגלי ממתקים,CZ,סוכריות סקיטלס בבקבו,גרמים,125.00,100 גרם,false,,9.90,0.0792,true,1,195986
4009900509770,false,אורביט באריזת בקבוק בטעם תות 60 יח',אורביט Orbit,GB,אורביט אריזת בקבוק 6,גרמים,84.00,100 גרם,false,,14.90,0.1774,true,1,192621
4009900521581,false,סוכריות אורביט מינטס מנטה בבקבוקון 77 גר,ריגלי פולין,PL,אורביט מינטס מנטה בק,גרמים,77.00,100 גרם,false,,10.90,0.1416,true,1,199411
4009900521611,false,סוכריות אורביט מינטס דובדבן מנטה בבקבוקון,מרס נדרלנד,PL,אורביט מינטס דובדבן,יחידה,0.00,יחידה,false,,10.90,0.0000,true,1,199262
4009900531122,false,"מסטיק בטעם מנטה ספירמינט, 64 ג' פרופשיונל אורביט",מרס נדרלנד,PL,אורביט פרופשיונל ספי,גרמים,64.00,100 גרם,false,,10.00,0.1563,true,1,205402
4009900534611,false,מסטיק איירוויבז בקבוקון בטעם מלון ומנטה,ריגלי,IL,מסטיק איירוויבז בטעם,גרמים,64.00,100 גרם,false,,10.00,0.1563,true,1,212020
4009900534918,false,סקיטלס גאיינט פירות 141 גרם,ריגלי,CZ,סוכריות סקיטלס ג'יינ,גרמים,141.00,100 גרם,false,,9.90,0.0702,true,1,218611
4009900535519,false,מסטיק אורביט רפרשרס ספירמינט ללא סוכר 15.6גר',אורביט,PL,אורביט רפרשרס ספירמי,גרמים,15.60,100 גרם,false,,3.90,0.2500,true,1,216728
4009900535540,false,מסטיק אורביט רפרשרס פפרמינט ללא סוכר 15.6גר',אורביט,PL,אורביט רפרשרס פפרמינ,גרמים,15.60,100 גרם,false,,3.90,0.2500,true,1,216729
4009900535823,false,מסטיק אורביט רפרשרס באבלמינט ללא סוכר 15.6גר',אורביט,PL,אורביט רפרשרס באבלמי,גרמים,15.60,100 גרם,false,,3.90,0.2500,true,1,216730
4009900536288,false,מסטיק אורביט רפרשרס פפרמינט בקבוקון ללא סוכר 67 גר',מרס ריגלי קונפקשונרי,PL,אורביט רפרשרס פפרמינ,גרמים,67.00,100 גרם,false,,11.90,0.1776,true,1,216732
4009900536486,false,מסטיק אורביט רפרשרס באבלמינט בקבוקון ללא סוכר 67 גר',מרס ריגלי קונפקשונרי,PL,אורביט רפרשרס באבלמי,גרמים,67.00,100 גרם,false,,11.90,0.1776,true,1,216733
4009900539340,false,סוכריות סקיטלס ג'יינט סאוור 141 גרם,מרס ריגלי קונפקשונרי,CZ,סקיטלס ג'יינט סאוור,גרמים,141.00,100 גרם,false,,9.90,0.0702,true,1,262316
4009900539401,false,מסטיק פייב באונס בטעם מנטה HP,Unknown,PL,פייב באונס בטעם מנטה,גרמים,14.40,100 גרם,false,,3.90,0.2708,true,1,263182
4009900539432,false,מסטיק פייב באונס בטעם אבטיח HP,Unknown,PL,פייב באונס בטעם אבטי,גרמים,14.40,100 גרם,false,,3.90,0.2708,true,1,263183
4009900539685,false,"מסטיק פייב באונס בטעם מנטה בקבוקון, 61.8 גרם",ריגלי בעמ רוסיה,PL,מסטיק פייב באונס בטע,גרמים,61.80,100 גרם,false,,11.90,0.1926,true,1,263180
4009900539746,false,"מסטיק פייב באונס בטעם אבטיח בקבוקון, 61.8 גרם",ריגלי בעמ רוסיה,PL,פייב באונס בטעם אבטי,גרמים,61.80,100 גרם,false,,11.90,0.1926,true,1,263181
4009900540551,false,מסטיק אורביט רפרשרס טרופיקל בקבוקון ללא סוכר,מרס פולין,PL,אורביט ריפרשרס טרופי,גרמים,67.00,100 גרם,false,,11.90,0.1776,true,1,262767
4011100001220,false,מרסי חטיפי מיני שקית 403ג',לינדט ושפרונגלי קילשברג,NL,מרס מיני 400 גר',גרמים,400.00,100 גרם,false,,23.90,0.0597,false,1,143679
4011100002227,false,באונטי חטיפי מיני שקית 403ג',לינדט ושפרונגלי קילשברג,NL,באונטי מיני 403 גרם,גרמים,403.00,100 גרם,false,,23.90,0.0593,false,1,147868
4011800528416,false,קורני חטיף דגנים עם בוטנים מתוק-מלוח*6,שוורטאוור וורקה,DE,חטיפי קורני בייס שיש,גרמים,150.00,100 גרם,false,,11.90,0.0793,false,1,210212
4011800567613,false,מאגדת קורני מילק דרק & ואיט 120 גרם,מיוצר עי קונדיטוריית,DE,קורני סנדוויץ שחור ל,גרמים,120.00,100 גרם,false,,11.90,0.0992,false,1,148306
4011800568610,false,מארז רביעיית קורני בטעם קלאסי,שוורטאוור וורקה,DE,קורני סנדוויץ קלאסי,יחידה,0.00,יחידה,false,,11.90,0.0000,false,1,148162
4011800628512,false,חטיף קורני שוקולד חלב 6 יח 150 גר,מיוצר עי קונדיטוריית,DE,קורני עם שוקולד חלב,יחידה,0.00,יחידה,false,,11.90,0.0000,false,1,146788
4011800629519,false,"מארז חטיפי דגנים אגוזים ""קורני""",שוורטאוור וורקה,DE,קורני עם אגוזים,יחידה,0.00,יחידה,false,,11.90,0.0000,false,1,147396
4011800630515,false,חטיף קורני שוקולד חלב ובננה 6 יח 150 גר,מיוצר עי קונדיטוריית,DE,קורני עם שוקולד חלב,גרמים,150.00,100 גרם,false,,11.90,0.0793,false,1,146530
4011800632519,false,"מארז חטיפי שוקולד חלב וקוקוס ""קורני""",מיוצר עי קונדיטוריית,DE,קורני עם שוקולד חלב,יחידה,0.00,יחידה,false,,11.90,0.0000,false,1,146789
4011800633516,false,קורני שוקולד מריר מעולה 58% קקאו 6*1,שוורטאוור וורקה,DE,קורני עם שוקולד מריר,גרמים,150.00,100 גרם,false,,11.90,0.0793,false,1,146531
4011800636517,false,קורני פרי שוקולד חלב מעולה ללא סוכר 6*1,מיוצר עי קונדיטוריית,DE,קורני פרי עם שוקולד,גרמים,120.00,100 גרם,false,,11.90,0.0992,false,1,146885
4011800637514,false,חטיף קורני Corny Free עם שוקולד לבן ללא תוספת סוכר,קורני Corny,DE,קורני פרי עם שוקולד,גרמים,120.00,100 גרם,false,,11.90,0.0992,false,1,146886
4013227013391,false,משקה כהלי קרם אוטום כשר,קרם אוטום Autumn cream,NL,אוטום קרים-משקה כהלי,מיליליטרים,700.00,"100 מ""ל",false,,39.90,0.0570,true,1,148878
4014400900217,false,בונבונריית מרסי מבחר ממתקי שוקולד 400 גרם,קריניציה ויטמינה אס,DE,בונבונירה מרסי 400 ג,גרמים,400.00,100 גרם,false,,49.90,0.1247,false,1,102104
4014400901191,false,בונבונריית מרסי מבחר ממתקי שוקולד 250 גרם,ליימן מותגים,DE,בונבונירה מרסי 250 ג,גרמים,250.00,100 גרם,false,,24.90,0.0996,true,1,102107
4014400901412,false,בונבוניירה שוקולד מריר מרסי 250 גרם,תות ממתקי איכות,DE,מרסי מריר 250 גר',גרמים,250.00,100 גרם,false,,24.90,0.0996,true,1,134101
4014400903409,false,בונבוניירה שוקולד אגוזים טופיפי 250 גרם,קריניציה ויטמינה אס,DE,טופיפי 250 גר,גרמים,250.00,100 גרם,false,,21.90,0.0876,false,1,102108
4014400904277,false,סוכריות בטעם מנטה אייס פרש סטורק 425 גרם,תות ממתקי איכות,DE,סוכריות אייס פרש,גרמים,425.00,100 גרם,false,,17.90,0.0421,true,1,102109
4014400904307,false,סוכריות בטעם פירות קליפורניה סטורק 425 גרם,קריניציה ויטמינה אס,DE,סוכריות קליפורניה,גרמים,425.00,100 גרם,false,,17.90,0.0421,true,1,102110
4014400904376,false,סוכריות טופי בטעם שוקולד סטורק 325 גרם,קריניציה ויטמינה אס,DE,סוכריות שוקלדן,גרמים,325.00,100 גרם,false,,17.90,0.0551,true,1,102111
4014400904390,false,סוכריות טופי ממולא חלב סטורק 325 גרם,קריניציה ויטמינה אס,DE,סוכריות וולמילש,גרמים,325.00,100 גרם,false,,17.90,0.0551,true,1,102112
4014400907902,false,"וורטרס אורגינל סוכריות חמאה ללא סוכר בקופסה
42 גרם",תות ממתקי איכות,DE,סוכריות וורטר בקופסא,גרמים,42.00,100 גרם,false,,6.00,0.1429,true,1,124905
4014400909692,false,וורטרס אורגינל סוכריות חמאה ללא סוכר בטעם קפוצי'ינו בקופסה 42 גרם,קריניציה ויטמינה אס,DE,סוכריות וורטר בוקס ק,גרמים,42.00,100 גרם,false,,6.00,0.1429,true,1,136629
4014400910063,false,סוכריות חמאה וורטרס אורגינל 135 גרם,וורטר'ס אורגינל,DE,סוכריות וורטר שקית,גרמים,135.00,100 גרם,false,,8.70,0.0644,true,1,125242
4014400913910,false,וורטרס אורגינל סוכריות חמאה ממולאות קרם קרמל בשקית,תות ממתקי איכות,DE,סוכריות וורטר במילוי,יחידה,0.00,יחידה,false,,8.70,0.0000,true,1,149453
4014400914696,false,וורטרס אורגינל סוכריות ללא סוכר 80 גרם,ליימן מותגים,DE,סוכריות וורטר ללא תו,גרמים,80.00,100 גרם,false,,8.70,0.1087,true,1,127625
4014400914924,false,"סוכריות בטעם קפה וורטר אורגינל לל""ס 80 גרם",ליימן מותגים,DE,סוכריות וורטר קפה לל,גרמים,80.00,100 גרם,false,,8.70,0.1087,true,1,127626
4014400920857,false,וורטר אורגינל ללא סוכר בטעם שוקולד-שקית 70 גרם,קריניציה ויטמינה אס,DE,וורטר סוכריות שוקולד,גרמים,70.00,100 גרם,false,,8.70,0.1243,true,1,186264
4014400923711,false,בונבוניירה שוקולד אגוזים טופיפי 125 גרם,ליימן מותגים,DE,טופיפי 125 גר',גרמים,125.00,100 גרם,false,,11.90,0.0952,true,1,195965
4014400925319,false,וורטרס אורגינל פופקורן קרמל 140 גרם,וורטרס Werther's,DE,וורטר פופקורן קרמל,גרמים,140.00,100 גרם,false,,12.90,0.0921,true,1,215171
4014400929010,false,וופל מיני קנופרס 200 גר 10 גר*20 יחידות,אוגוסט שטורק,DE,וופל מיני קנופרס,גרמים,200.00,100 גרם,false,,18.90,0.0945,true,1,263819
4014400931327,false,וורטר פופקורן קרמל עם תערובת גרעינים 140 גרם,וורטרס Werther's,DE,וורטרס אורגינל פופקו,גרמים,140.00,100 גרם,false,,12.90,0.0921,true,1,263912
4014522120104,false,"בודטה סוכריות פירות מולטיויטמין לל""ס 100 גרם",,DE,סוכריות ללא סוכר בטע,גרמים,100.00,100 גרם,false,,7.50,0.0750,true,1,209651
4014522120203,false,בודטה-סוכריות בטעם דובדבן לל.ס 100ג,,DE,סוכריות דבדבן,גרמים,100.00,100 גרם,false,,7.50,0.0750,true,1,209652
4014522120302,false,בודטה סוכריות בטעם מנטה ללא סוכר 100 גרם,,DE,סוכריות ממולאות ללא,גרמים,100.00,100 גרם,false,,7.50,0.0750,true,1,209654
4014522180108,false,בודטה-סוכריות אורגני צמחים בטעם ג'ינגר 75ג,,DE,בודטה סוכריות אורגני,גרמים,75.00,100 גרם,false,,7.50,0.1000,true,1,210703
4015000031394,false,"ספטיל - משחה להסרת כתמים 200 מ""ל",קריות זול,HU,מסיר כתמים ספטיל 200,גרמים,200.00,100 גרם,false,,16.90,0.0845,false,1,110573
4015000280211,false,"פה - דאודורנט רול און לאישה קאריביין לימון 50 מ""ל",שוורצקופף והנקל,DE,דאו' רול און פה C.Le,מיליליטרים,50.00,"100 מ""ל",false,,10.00,0.2000,false,1,110575
4015000519915,false,"פה - דאודורנט ספריי לאישה פינק פרדייס 200 מ""ל",שוורצקופף והנקל,TR,דאו' ספרי פה Pink Pa,מיליליטרים,200.00,"100 מ""ל",false,,10.00,0.0500,false,1,110595
4015000615884,false,"פה - דאודורנט ספריי לאישה קריביין לימון 200 מ""ל",שוורצקופף והנקל,DE,דאו' ספרי פה C.Lemon,מיליליטרים,200.00,"100 מ""ל",false,,10.00,0.0500,false,1,110603
4015000615891,false,"פה - דאודורנט ספריי לאישה אקווה 200 מ""ל",שוורצקופף והנקל,DE,דאו' ספרי פה Aqua 20,מיליליטרים,200.00,"100 מ""ל",false,,10.00,0.0500,false,1,110604
4015000615921,false,"פה - דאודורנט ספריי לגבר ספורט 200 מ""ל",שוורצקופף והנקל,TR,דאו' ספרי פה Sport 2,מיליליטרים,200.00,"100 מ""ל",false,,10.00,0.0500,false,1,110606
4015000940948,false,מרכך גליס Gliss שיקום נזק קיצוני אולטימט ריפייר,שוורצקוף Schwarzkopf,DE,"גליס מרכך KUR 400 מ""",מיליליטרים,400.00,"100 מ""ל",false,,14.90,0.0373,true,1,189556
4015000976268,false,שמפו גליס Gliss למראה שיער מבריק Million Gloss,"הובי קוסמטיק, חברת ייצור",TR,גליס שמפו מליון גלוס,גרמים,400.00,100 גרם,false,,14.90,0.0373,true,1,172112
4015000976275,false,מרכך גליס Gliss למראה שיער מבריק Million Gloss,שוורצקופף והנקל,DE,גליס מרכך מליון גלוס,גרמים,400.00,100 גרם,false,,14.90,0.0373,true,1,172113
4015000995122,false,"דאודורנט פה ספריי כח המשיכה 200 מ""ל",שוורצקופף והנקל,DE,פה דאוד' לגבר,מיליליטרים,200.00,"100 מ""ל",false,,10.00,0.0500,true,1,147166
4015000996204,false,"גליס שמפו אולטימט שמן אלקסייר 400 מ""ל",שוורצקופף והנקל,DE,שמפו גליס אולטימייט,גרמים,400.00,100 גרם,false,,14.90,0.0373,true,1,142743
4015000997430,false,פה דאודורנט ספריי אינויזיבל פאוור 200 מל,שוורצקופף והנקל,TR,פה ספריי ספורט שקוף,מיליליטרים,200.00,"100 מ""ל",false,,10.00,0.0500,false,1,143706
4015400564034,false,מגן תחתון אולוויז מגה פק לונג פלוס 58 יחידות,פרוקטר אנד גמבל,DE,מגן תחתון אולוויז לו,יחידה,0.00,יחידה,false,,16.90,0.0000,false,1,186589
4015400564454,false,מגני תחתון אולוויז לארג' עם ניחוח מגה פק,פרוקטר אנד גמבל,DE,מגן תחתון אולוויז לא,יחידה,0.00,יחידה,false,,16.90,0.0000,false,1,191596
4015400623663,false,מגבונים לחים ניו בייבי רביעייה ללא בישום,דיפלומט,DE,פמפרס מגבוני ניו ביי,יחידה,0.00,יחידה,false,,18.90,0.0000,true,1,266322
4015400681670,false,תחבושות אולוויז וליו פק לילה בטוח 18 יחידות,פרוקטר אנד גמבל,UA,תחבושות אולוויז לילה,יחידה,0.00,יחידה,false,,16.90,0.0000,false,1,190699
4015400690313,false,טמפונים פרל רגולר טמפקס קומפאק 18 יח,פרוקטר אנד גמבל,HU,טמפקס קומפקט פרל רגו,יחידה,0.00,יחידה,false,,27.90,0.0000,true,1,194763
4015400690498,false,טמפונים פרל סופר פלוס טמפקס קומפאק 18 יח,פרוקטר אנד גמבל,HU,טמפקס קומפאקט פרל סו,יחידה,0.00,יחידה,false,,27.90,0.0000,true,1,194765
4015400715290,false,טמפקס קומפק סופר פלוס 22 יחידות,פרוקטר & גמבל,HU,טמפקס קומפאק סופר פל,יחידה,0.00,יחידה,false,,24.90,0.0000,true,1,191198
4015400731719,false,תחבושות היגייניות אולוויז יום ולילה Day & Night,פרוקטר אנד גמבל,UA,תחבושות אולוויז וליו,יחידה,0.00,יחידה,false,,16.90,0.0000,false,1,193450
4015400746812,false,מגני תחתון אולוויז נורמל עם ניחוח מגה פק,פרוקטר אנד גמבל,UA,מגן תחתון אולוויז נו,יחידה,0.00,יחידה,false,,16.90,0.0000,false,1,194045
4015400755241,false,תחבושות היגייניות אולוויז אולטרה נורמל - 28 יח',פרוקטר אנד גמבל,UA,תחבושות אולוויז וליו,יחידה,0.00,יחידה,false,,16.90,0.0000,false,1,193840
4015400755487,false,תחבושות היגייניות אולוויז אולטרה לונג - 24 יח',פרוקטר אנד גמבל,DE,תחבושות אולוויז וליו,יחידה,0.00,יחידה,false,,16.90,0.0000,false,1,193841
4015600762742,false,שמפו יומיומי למניעת קשקשים הנוסחה הקלאסית,פרוקטר אנד גמבל,RO,שמפו הד אנד שולדרס ק,מיליליטרים,500.00,"100 מ""ל",false,,17.90,0.0358,true,1,143607
4015600762780,false,שמפו וקונדישינר יומיומי למניעת קשקשים הנוסחה הקלאסית 2in1,פרוקטר אנד גמבל,RO,הד אנד שולדרס 2 ב 1,מיליליטרים,500.00,"100 מ""ל",false,,17.90,0.0358,true,1,143608
4015600762902,false,"שמפו האד אנד שולדרס מנטול 500 מ""ל",פרוקטר אנד גמבל,RO,שמפו הד אנד שולדרס מ,מיליליטרים,500.00,"100 מ""ל",false,,17.90,0.0358,true,1,143611
4015600762940,false,שמפו יומיומי למניעת קשקשים בניחוח תפוח,פרוקטר אנד גמבל,RO,שמפו הד אנד שולדרס ת,מיליליטרים,500.00,"100 מ""ל",false,,17.90,0.0358,true,1,143612
4015600763022,false,שמפו יומיומי למניעת קשקשים לשיער יבש/פגום לשיער רך כמשי,פרוקטר אנד גמבל,RO,שמפו הד אנד שולדרס מ,מיליליטרים,500.00,"100 מ""ל",false,,17.90,0.0358,true,1,143614
4015600766900,false,"שמפו ומרכ ך נגד קשקשים 500 מ""ל הד אנד שולדרס",פרוקטר אנד גמבל,RO,הד אנד שולדרס שמפו /,מיליליטרים,500.00,"100 מ""ל",false,,17.90,0.0358,true,1,147416
4015600807436,false,"ג'ילט - דאודורנט ג'ל לגבר כדוריות קול וויב 75 מ""ל",פרוקטר אנד גמבל,GB,דאוד' קליר ג'ל גילט,מיליליטרים,75.00,"100 מ""ל",false,,18.90,0.2520,true,1,149150
4017100198151,false,בלזן היט ביסקוויט עם מלית קרם בטעם וניל (41%) 220 גרם,הדקלאים אגודת שיתופי,PL,עוגיות היט וניל 220,גרמים,220.00,100 גרם,false,,7.90,0.0359,false,1,187832
4017100210105,false,וופל מגולגל מצופה שוקולד מריר בלזן 100 גרם,הדקלאים אגודת שיתופי,DE,וופלטן גלילי וופל,גרמים,100.00,100 גרם,false,,11.90,0.1190,false,1,186825
4017100211003,false,וופל במילוי קרם אגוז,בלזן פולסקה,DE,בלזן במילוי קרם פרלי,גרמים,125.00,100 גרם,false,,12.90,0.1032,true,1,266734
4017100216800,false,בלזן וופל מיניס מצופה שוקולד חלב 100 גרם,ליימן שליסל,DE,וופל מגולגל מצופה שו,גרמים,100.00,100 גרם,false,,8.50,0.0850,true,1,146648
4017100219900,false,בלזן וופלטן וופל מגולגל מצופה שוקולד חלב 100 גרם,הדקלאים אגודת שיתופי,DE,וופלטן גליליות וופל,גרמים,100.00,100 גרם,false,,11.90,0.1190,false,1,98426
4017100290008,false,בלזן בסקויט חמאה מצופה שוקולד חלב 125 גרם,הדקלאים אגודת שיתופי,DE,ביסקוויט ליבניץ שוקו,גרמים,125.00,100 גרם,false,,11.90,0.0952,true,1,98430
4017100290503,false,ביסקוויט מצופה שוקולד בטעם תפוז בלזן 125 גרם,בלזן פולסקה,,בלזן בסקויט מצופה שו,גרמים,125.00,100 גרם,false,,11.90,0.0952,true,1,265772
4017100291005,false,בלזן לייבניז בסקויט חמאה מצופה שוקולד מריר 125 גרם,הדקלאים אגודת שיתופי,DE,ביסקוויט מצופה שוקול,גרמים,125.00,100 גרם,false,,11.90,0.0952,false,1,144614
4017100364112,false,בלזן היט בסקוויט סנדביץ עם מלית קרם בטעם שוקולד קקאו (41%) 220 גרם,הדקלאים אגודת שיתופי,PL,עוגיות בלזן היט קקאו,גרמים,220.00,100 גרם,false,,7.90,0.0359,false,1,185826
4017100366239,false,עוגיות ביסקוויט סנדוויץ ממולא קרם בטעם שוקולד,ליימן שליסל,PL,עוגיות ליבניץ אנד קר,גרמים,190.00,100 גרם,false,,11.90,0.0626,false,1,208446
4018722100157,false,פסטה פוזילי מקמח כוסמין מלא אורגני,האחים פלם הגפן,DE,אלד גולד פוזילי כוסמ,גרמים,250.00,100 גרם,false,,11.90,0.0476,true,1,205688
4018722100188,false,אלב גולד-אטריות רחבות כוסמין וביצים 250 גרם,אלב גולד,DE,אטריות רחבות כוסמין,גרמים,250.00,100 גרם,false,,14.90,0.0596,true,1,206991
4018722102656,false,ספגטי כוסמין אורגני 500 גרם,אלב גולד,DE,אלב גולד ספגטי כוסמי,גרמים,500.00,100 גרם,false,,15.90,0.0318,true,1,205690
4018722303459,false,אלב גולד - מקרוני כוסמין אורגני,אלב גולד,DE,מקרוני כוסמין אורגני,גרמים,250.00,100 גרם,false,,11.50,0.0460,true,1,206992
4018722343141,false,פסטה פנה אורגנית כוס,אלב גולד,DE,פסטה פנה אורגנית כוס,גרמים,500.00,100 גרם,false,,19.90,0.0398,true,1,214733
4018722343158,false,אלב גולד פוזילי כוסמ,אלב גולד,DE,פסטה פוזילי אורגנית,גרמים,500.00,100 גרם,false,,19.90,0.0398,true,1,214734
4018722344308,false,פפרדלה כוסמין אורגני אלב גולד 500 גרם,אלב גולד,DE,אלב גולד פסטה פפרדלה,גרמים,500.00,100 גרם,false,,18.00,0.0360,true,1,212012
4022025001752,false,"בלו נאן מבעבע כחול כשר 750 מ""ל",,,בלו נאן מבעבע כחול,מיליליטרים,750.00,"100 מ""ל",false,,49.90,0.0665,true,1,204838
4022025001790,false,"בלו נאן מבעבע זהב כשר 750 מ""ל",היי סישל סוהן טראבן,DE,בלו נאן גולד 24K אדי,מיליליטרים,750.00,"100 מ""ל",false,,49.90,0.0665,true,1,203579
4022025002087,false,"בלו נאן מבעבע רוזה זהב כשר 750 מ""ל",בלו נאן,DE,בלו נאן מבעבע רוזה 2,מיליליטרים,750.00,"100 מ""ל",false,,49.90,0.0665,true,1,214748
4022025262009,false,יין בלו נאן גוורצטרמ,לנגוט טראבן,,יין בלו נאן כשר,מיליליטרים,750.00,"100 מ""ל",false,,45.90,0.0612,true,1,196121
4022025290309,false,יין בלו נאן פינק רוז,בלו נאן,DE,בלו נאן פינק כשר,גרמים,750.00,100 גרם,false,,36.90,0.0492,true,1,206805
4022025773000,false,יין בלו נאן מוסקטו כ,בלו נאן,DE,בלו נאן מוסקטו כשר,מיליליטרים,750.00,"100 מ""ל",false,,45.90,0.0612,true,1,216562
4023800531648,false,בונבוניירה מוצרט 200 גר CARSTENS,Erasmi & Carstens Gm,DE,בונ' מוצרט 200 גר,גרמים,200.00,100 גרם,false,,14.90,0.0745,true,1,265412
4025700001962,false,מילקה טבלת שוקולד לבן 100 גרם,פי אר ג'יי אס סי מונ,HU,מילקה שוקולד לבן,גרמים,100.00,100 גרם,false,,5.90,0.0590,true,1,211203
4032900111315,false,פקט וינסטון קומפקט סילבר,Unknown,UA,וינסטון קומפקט סילבר,יחידה,0.00,יחידה,false,,282.00,0.0000,false,1,206121
4032900124254,false,ווינסטון קומפלקט ברי PP חפיסה,Unknown,RO,ווינסטון קומפקט ברי,יחידה,0.00,יחידה,false,,29.00,0.0000,false,1,212148
4032900124261,false,ווינסטון קומפלקט ברי PP עשירייה,Unknown,RO,פקט ווינסטון קומפקט,יחידה,0.00,יחידה,false,,282.00,0.0000,false,1,212140
4033100024146,false,סיגריות וינסטון CODE בודד,Unknown,CH,וינסטון קוד חפיסה,יחידה,0.00,יחידה,false,,31.00,0.0000,false,1,139991
4033100024252,false,וינסטון אקווה לייט קופסה,Unknown,CH,וינסטון קוד אקוה חפי,יחידה,0.00,יחידה,false,,31.00,0.0000,false,1,139993
4046719114306,false,שפורפרת דבק 3M רב שימושי 30 מל,3m,FR,שפורפורת דבק רב שימו,יחידה,0.00,יחידה,false,,14.90,0.0000,true,1,189949
4046719732326,false,גליל דבק דו צדדי ספו,,,גליל דבק דו צדדי ספו,יחידה,0.00,יחידה,false,,25.90,0.0000,true,1,266257
4047295585573,false,חולץ פקקים נירוסטה,YANAGXI,CN,פותחן יין,יחידה,0.00,יחידה,false,,23.90,0.0000,true,1,201290
4047778012480,false,פותחן מלצרים נירוסטה,,IL,פותחן יין מהודר,יחידה,0.00,יחידה,false,,21.90,0.0000,true,1,263519
4056800693061,false,וולהפלקס ג'ל חזק במיוחד 150 מל,פרוקטר אנד גמבל,FR,וולה פלקס ג'ל 150 מל,מיליליטרים,150.00,"100 מ""ל",false,,11.90,0.0793,true,1,202636
4061445096689,false,קפה דוידוף מגורען 100 גר ESPRESSO 57,"טשיבו, אספי.זד.או.או",PL,קפה דוידוף אספרסו מג,גרמים,100.00,100 גרם,false,,21.90,0.2190,false,1,211425
4061445096702,false,קפה דוידוף מגורען 100 גר FINE AROMA,"טשיבו, אספי.זד.או.או",PL,קפה נמס דוידוף ארומה,גרמים,100.00,100 גרם,false,,21.90,0.2190,false,1,212636
4061445096726,false,קפה דוידוף מגורען 100 גר RICH AROMA,"טשיבו, אספי.זד.או.או",PL,קפה נמס דוידוף ארומה,גרמים,100.00,100 גרם,false,,21.90,0.2190,false,1,213545
4064666232386,false,"וולה - פלקס ספריי לעיצוב אולטרה גמיש 250 מ""ל",THEORAT INTERSPRAY,FR,וולה פלקס ספריי לעיצ,מיליליטרים,250.00,"100 מ""ל",false,,28.90,0.1156,true,1,266276
4066600601920,false,פאולנר ביתר חיטה מעוננת 500 מל,פאולנר Paulaner,DE,"פאולנר פחית 500 מ""ל",מיליליטרים,500.00,"100 מ""ל",false,,10.90,0.0218,true,1,212771
4066600999614,false,"בירה פאולנר, בירת חיטה מעוננת, בקבוק 500 מ""ל",מבשלת פאולנר,DE,"בירה פאולנר 500 מ""ל",מיליליטרים,500.00,"100 מ""ל",false,,11.00,0.0220,true,1,196635
4067700014849,false,ליקר ייגרמייסטר כשר,מסט-יגרמייסטר,DE,ליקר ייגרמייסטר,מיליליטרים,700.00,"100 מ""ל",false,,89.90,0.1284,true,1,195447
4072700001188,false,"בירה פרנסיסקאנר כהה בקבוק 500 מ""ל",פרנסיסקאנר Franziskaner,DE,פרנסיסקאנר בירה כהה,יחידה,500.00,יחידה,false,,9.90,0.0198,true,1,142710
4072700001775,false,בירה פרנסיסקאנר בהירה מעוננת בפחית,פרנסיסקאנר Franziskaner,DE,פרנסיסקאנר בירה מעונ,מיליליטרים,500.00,"100 מ""ל",false,,9.90,0.0198,true,1,210441
4072700003649,false,"פרנזיסקאנר בירה מעוננת 500 מ""ל","איי, בי, אינבוו",DE,פרנסיסקאנר בירה מעונ,יחידה,500.00,יחידה,false,,9.90,0.0198,true,1,138194
4084500065536,false,פנטן קרם לחות מוגברת לעיצוב שיער 300 מל,פרוקטר אנד גמבל,FR,פנטן קרם לחות לחות מ,מיליליטרים,300.00,"100 מ""ל",false,,21.90,0.0730,true,1,189368
4084500065598,false,"קרם לחות פנטן לתלתלים מושלמים 300 מ""ל",פרוקטר אנד גמבל,FR,פנטן קרם לחות לתלתלי,מיליליטרים,300.00,"100 מ""ל",false,,21.90,0.0730,true,1,189369
4084500088917,false,"נוזל כלים פיירי לימון 650 מ""ל בד""צ",פרוקטר אנד גמבל,US,"פיירי לימון 650 מ""ל",מיליליטרים,650.00,"100 מ""ל",false,,10.90,0.0168,false,1,185925
4084500739253,false,"אוראל בי משחת שיניים- להלבנה לובן מהודר 75 מ""ל",פרוקטר אנד גמבל,DE,אורל בי משחת שיניים3,100 מל,75.00,100 מל,false,,19.90,0.2653,true,1,219429
4084500853553,false,פיירי נוזל כלים קלאסי אורגינל 650 מל,פרוקטר אנד גמבל,GB,פיירי אוריגינל 650 מ,מיליליטרים,650.00,"100 מ""ל",false,,10.90,0.0168,false,1,188990
4084500853836,false,"נוזל כלים פיירי ורדים ומשי 515 מ""ל בד""צ",פרוקטר אנד גמבל,GB,פיירי ורדים ומשי 515,מיליליטרים,515.00,"100 מ""ל",false,,10.90,0.0212,false,1,188992
4084500853898,false,"נוזל כלים פיירי אלוורה ומלפפונים 515 מ""ל בד""צ",פרוקטר אנד גמבל,GB,פיירי אלוורה ומלפפונ,מיליליטרים,515.00,"100 מ""ל",false,,10.90,0.0212,false,1,188993
4100130937163,false,בירה בקס שישייה 6*275 מל,"איי, בי, אינבוו",DE,שישיה בירה בקס,ליטרים,1.65,ליטר,false,,29.90,18.1212,true,1,188972
4100470106700,false,חומץ תפוחים אורגני 750 מל,נטורפוד,DE,נטורפוד- חומץ תפוחים,מיליליטרים,750.00,"100 מ""ל",false,,19.90,0.0265,true,1,190474
4105120623941,false,"בירה ויינשטפן בק' ח""פ 500 מ""ל","ויינשטפן, ת.ד 1155 פרייז",DE,"בירה ויינשטפן 500 מ""",מיליליטרים,500.00,"100 מ""ל",false,,11.50,0.0230,false,1,199378
4105120624412,false,"בירה ויינשטפן ויטוס בקבוק 500 מ""ל","ויינשטפן, ת.ד 1155 פרייז",DE,בירה ויינשטפן ויטוס,מיליליטרים,500.00,"100 מ""ל",false,,11.50,0.0230,false,1,206334
4210201176688,false,אורל בי ראש חשמלי סנסיטיב 4 יחידות,פרוקטר אנד גמבל,DE,אורל בי ראש חשמלי סנ,יחידה,0.00,יחידה,false,,79.90,0.0000,true,1,263288
4210201262183,false,מברשת שיניים חשמלית ויטליטי Vitality נטענת,פרוקטר אנד גמבל,DE,אורל בי מברשת שיניים,יחידה,0.00,יחידה,false,,79.90,0.0000,true,1,218322
4210201365334,false,אורל בי ראש חשמלי סיבי פחם ארבע יחידות,פרוקטר אנד גמבל,DE,אורל בי ראש מילוי חש,יחידה,0.00,יחידה,false,,79.90,0.0000,true,1,261757
4260651480033,false,אטריות חומוס פטוציני אורגני 250 גרם,,,אטריות חומוס אורגני,גרמים,250.00,100 גרם,false,,19.90,0.0796,true,1,216599
4260651480071,false,אטריות בטטה סגולה פטוציני אורגני 250 גרם,,,אטריות בטטה סגולה או,גרמים,250.00,100 גרם,false,,19.90,0.0796,true,1,216708
4260651480095,false,אטריות בטטה אורגני 250 גרם,,,אטריות בטטה אורגנית,גרמים,250.00,100 גרם,false,,19.90,0.0796,true,1,216598
4600659010854,false,"וודקה סטוליצ'ניה 700 מ""ל",איי. אס. לטבייאס בלזם,LV,וודקה סטוליצ'ניה 40%,יחידה,750.00,יחידה,false,,59.90,0.0799,false,1,113339
4603400000043,false,"וודקה רוסקיי סטנדרט 700 מ""ל",רוסקי סטנדרט וודקה,RU,"וודקה רוסקי 700 מ""ל",מיליליטרים,700.00,"100 מ""ל",false,,59.90,0.0856,false,1,145743
4603400000180,false,"וודקה סטנדרט פלטינום 700 מ""ל",RUSSIAN STANDART,RU,רוסקי סטנדרט פלטינום,מיליליטרים,700.00,"100 מ""ל",false,,89.90,0.1284,true,1,192824
4605561012613,false,פילה דג הרינג קצוץ בשמן 400 גרם,LTD BREMOR SANTA SD,BY,פילה הרינג (קצוץ) בש,יחידה,0.00,יחידה,false,,15.90,0.0000,true,1,218924
4605561013009,false,פילה דג הרינג בשמן 400 גרם,LTD BREMOR SANTA SD,BY,פילה הרינג בשמן 400,גרמים,400.00,100 גרם,false,,15.90,0.0398,true,1,263001
4607012351005,false,גרעיני חמניות מרטין ללא מלח 200 גרם,"נארז ע""י : א.ג. גילר",RU,גרעיני חמניות מרטין,גרמים,200.00,100 גרם,false,,12.90,0.0645,true,1,150627
4607012351128,false,גרעיני חמניות מרטין 500 גרם,מרטין,,גרעיני חמניה מרטין 5,גרמים,500.00,100 גרם,false,,29.90,0.0598,true,1,266474
4607012351999,false,גרעיני חמניות מרטין עם מלח 200 גרם,"נארז ע""י : א.ג. גילר",RU,גרעיני חמניות מרטין,גרמים,200.00,100 גרם,false,,12.90,0.0645,true,1,194050
4607012352453,false,גרעיני חמניות מרטין פסים עם מלח 150 גר,אל אל סי מרטין,RU,גרעיני חמניות פסים מ,גרמים,150.00,100 גרם,false,,9.90,0.0660,true,1,216125
4607012353429,false,200 תערובת פיצוחים מיקס מקס גר,,,תערובת פיצוחים מיקס,גרמים,240.00,100 גרם,false,,21.90,0.0912,true,1,260706
4640018993343,false,פיניש קוואנטום קפסולות ג'ל למדיח כלים 30 יח',רקיט בנקיזר,PL,פיניש קוואנטום 30 יח,יחידה,0.00,יחידה,false,,39.90,0.0000,true,1,212820
4640018993350,false,פיניש קוואנטום קפסולות ג'ל למדיח כלים לימון 30 יח',רקיט בנקיזר,PL,פיניש קוואנטום 30 יח,יחידה,0.00,יחידה,false,,39.90,0.0000,true,1,212821
4640018993398,false,פיניש קוואנטום 60 יח' קפסולות ג'ל למדיח כלים,רקיט בנקיזר,PL,פיניש קוואנטום 60 יח,יחידה,0.00,יחידה,false,,59.90,0.0000,true,1,211471
4710068001692,false,"מאסטר קפה לאטה פחית 240 מ""ל",תאיט מרקטינג אנד דיסטריב,TW,מאסטר קפה לאטה,מיליליטרים,240.00,"100 מ""ל",false,,6.50,0.0271,true,1,149813
4710068001715,false,"מאסטר קפה טירמיסו פחית 240 מ""ל",יוני פרזינדנט אנטרפר,TW,מאסטר קפה טירמיסו,מיליליטרים,240.00,"100 מ""ל",false,,6.50,0.0271,true,1,149065
4710068001739,false,"מאסטר קפה קולומביאני 250 מ""ל",יוני פרזינדנט אנטרפר,TW,מאסטר קפה קולומביאני,מיליליטרים,240.00,"100 מ""ל",false,,6.50,0.0271,true,1,149066
4710068002798,false,מאסטר קפה וונילה פחית 240 מל,מאיטה פוד אינדוסטריאל קו,TW,מאסטר קפה וונילה,גרמים,240.00,100 גרם,false,,6.50,0.0271,true,1,207832
4740098090137,false,"בירה אינדיה פייל אייל לבנה 500 מ""ל",א.לה קוק A.Le Coq,EE,בירה אינדיה פייל איי,מיליליטרים,500.00,"100 מ""ל",false,,9.90,0.0198,true,1,212890
4740098098331,false,"קוקטייל בלו לגון אה לה קוק 330 מ""ל",אה לי קוק,EE,קוקטייל בלו לגון אה,מיליליטרים,330.00,"100 מ""ל",false,,9.90,0.0300,true,1,264498
4740098098355,false,"קוקטייל מוחיטו אה לה קוק 330 מ""ל",אה לי קוק,EE,קוקטייל מוחיטו אה לה,מיליליטרים,330.00,"100 מ""ל",false,,9.90,0.0300,true,1,263730
4740098098379,false,"קוקטייל מרגריטה אה לה קוק 330 מ""ל",אה לי קוק,EE,קוקטייל מרגריטה אה ל,מיליליטרים,330.00,"100 מ""ל",false,,9.90,0.0300,true,1,263731
4740098098393,false,"קוקטייל און דה ביץ אה לה קוק 330 מ""ל",אה לי קוק,EE,קוקטייל סק און דה בי,מיליליטרים,330.00,"100 מ""ל",false,,9.90,0.0300,true,1,263732
4750142003426,false,"בירה פילסנר פחית 500 מ""ל אקסטרה",צ'סו אלוס,LV,בירה פילזנר אקסטרה פ,מיליליטרים,500.00,"100 מ""ל",false,,5.90,0.0118,true,1,214003
4750142004980,false,"בירה פרימיום צסו 568 מ""ל","""cesu alus""",,פחית בירה פרימיום צ',יחידה,0.00,יחידה,false,,9.00,0.0000,true,1,264261
4750142005000,false,"בירה כהה בוהמיין צסו 568 מ""ל","""cesu alus""",,פחית בירה כהה בוהמיי,מיליליטרים,568.00,"100 מ""ל",false,,9.00,0.0158,true,1,264260
4750142005062,false,"בירה ברוזה לא מסוננת צסו 568 מ""ל","""cesu alus""",,פחית בירה ברוז'ה לא,מיליליטרים,568.00,"100 מ""ל",false,,9.00,0.0158,true,1,264259
4750142016518,false,בירה צסו לא מסוננת 5.4% 568 מל,צ'סו אלוס,LV,בירה צ'סו לא מסוננת,מיליליטרים,568.00,"100 מ""ל",false,,9.00,0.0158,true,1,148060
4750142021505,false,"בירה PILSENER בהירה 4.7% פחית 500 מ""ל",צ'סו אלוס,LV,בירה פילזנר פח 0.5 ל,מיליליטרים,500.00,"100 מ""ל",false,,5.90,0.0118,true,1,145379
4750616006571,false,סרדינים על הגריל בשמן זית עם צילי 190 ג,,LV,סרדינים על הגריל בשמ,גרמים,190.00,100 גרם,false,,13.90,0.0732,true,1,264218
4770179182864,false,ממתקי שוקולד ממולאים 360 גרם,,,בונבוניירה פח שוקולד,גרמים,355.00,100 גרם,false,,39.90,0.1124,true,1,219550
4770301230821,false,בירה אינדיה פייל אייל וולפאס אנגלמן 568,,,בירה וולפאס אנגלמן 5,מיליליטרים,568.00,"100 מ""ל",false,,9.90,0.0174,true,1,266496
4770301232023,false,"אוסטרליה פייל אייל וולפאס אנגלמן 568 מ""ל",,,בירה וולפאס אנגלמן 5,מיליליטרים,568.00,"100 מ""ל",false,,9.90,0.0174,true,1,266495
4770608239138,false,ויסקס פאוץ' ביף 100 גרם,ויסקס Whiskas,PL,ויסקס פאוצ' ביץ 100,גרמים,100.00,100 גרם,false,,4.50,0.0450,true,1,186944
4779039730276,false,אאוגה מרק עגבניות מוקרם אורגני 400 גר',גרביאי,LT,אאוגה מרק עגבניות מו,גרמים,400.00,100 גרם,false,,16.50,0.0413,true,1,210500
4779039730283,false,מרק פיטריות מוקרם אורגני 400 גרם,,,אאוגה מרק פטריות מוק,גרמים,400.00,100 גרם,false,,16.50,0.0413,true,1,210501
4779039730306,false,מרק גזר עם קוקוס אורגני 400 גר,,LT,אאוגה מרק גזר עם קוק,גרמים,400.00,100 גרם,false,,16.50,0.0413,true,1,266126
4779039731167,false,אאוגה מרק דלורית ובטטה אורגני 400 גרם,גרביאי,LT,אאוגה מרק דלורית ובט,גרמים,400.00,100 גרם,false,,16.50,0.0413,true,1,210505
4792032060454,false,"גרין קוקו - מי קוקוס אורגניים 330 מ""ל",גרין קוקו,VN,משקה מי קוקוס אורגני,מיליליטרים,330.00,"100 מ""ל",false,,7.90,0.0239,true,1,194334
4796019790013,false,"גרין קוקו - שמן קוקוס אורגני 300 מ""ל",כפרי בריא,,שמן קוקוס אורגני 300,מיליליטרים,300.00,"100 מ""ל",false,,19.90,0.0663,true,1,198350
4796019790020,false,"שמן קוקוס אורגני 500 מ""ל גרין קוקו",גרין קוקו,LK,גרין קוקו-שמן קוקוס,מיליליטרים,500.00,"100 מ""ל",false,,24.90,0.0498,true,1,191898
4796019790037,false,גרין קוקו - שמן קוקוס אורגני 1 ליטר,כפרי בריא,,שמן קוקוס אורגני גרי,ליטרים,1.00,ליטר,false,,39.90,39.9000,true,1,192147
4800888150080,false,"דאב - דאודורנט רול און לאישה פרש טאצ' מלפפונים 50 מ""ל",יוניליוור פיליפינים,PH,דאודורנט דאב רול און,מיליליטרים,50.00,"100 מ""ל",false,,16.90,0.3380,false,1,142240
4800888209368,false,רקסונה - דאודורנט סטיק לגבר אקסטרא קול 50 גרם,יוניליוור,PH,רקסונה מן סטיק אקסטר,גרמים,50.00,100 גרם,false,,15.90,0.3180,true,1,211527
4800888209405,false,רקסונה - דאודורנט סטיק לגבר קובלט דריי 50 גרם,רקסונה Rexona,PH,רקסונה סטיק מן קובלט,מיליליטרים,50.00,"100 מ""ל",false,,15.90,0.3180,true,1,212332
4800888209429,false,רקסונה - דאודורנט סטיק לאישה כותנה נשים 50 גרם,יוניליוור,PH,דאודורנט רקסונה סטיק,גרמים,50.00,100 גרם,false,,15.90,0.3180,true,1,212333
4800888214904,false,"דאב דאודורנט סטיק קקאו 50 מ""ל",יוניליוור פארם,PH,דאב דאודורנט סטיק קק,גרמים,50.00,100 גרם,false,,16.90,0.3380,true,1,215788
4800888219510,false,דאב - דאודורנט סטיק לאישה פרש מלפפונים 50 גרם,יוניליוור פיליפינים,PH,דאב סטיק מלפפון,מיליליטרים,50.00,"100 מ""ל",false,,16.90,0.3380,true,1,219647
4800888219527,false,דאב - דאודורנט סטיק לאישה ללא סימן אינביזיבל 50 גרם,יוניליוור,PH,דאב סטיק אינביזיבל 5,מיליליטרים,50.00,"100 מ""ל",false,,16.90,0.3380,true,1,260535
4800888219534,false,דאב - דאודורנט סטיק לאישה אנטי פרספירמט 50 גרם,יוניליוור פיליפינים,PH,דאב דאודורנט סטיק או,מיליליטרים,50.00,"100 מ""ל",false,,16.90,0.3380,false,1,219325
4801234159856,false,גלייד מיני-ג'ל מפיץ ריח בניחוח מרכך כביסה 70 גרם,ג'ינסו ג'ונסון טונגד,CN,גלייד מיני ג'ל בניחו,גרמים,70.00,100 גרם,false,,8.50,0.1214,true,1,142693
4801234159863,false,גלייד מיני-ג'ל מפיץ ריח בניחוח חבצלות ופרחי בר 70 גרם,המאפיה של הרמן,CN,גלייד מיני ג'ל מבשם,גרמים,70.00,100 גרם,false,,8.50,0.1214,true,1,142968
4810168018795,false,חתיכות פילה דג הרינג מלוח מצונן 200גרם,סנטה ברמור,BY,חתיכות פילה דג הרינג,יחידה,0.00,יחידה,false,,12.90,0.0000,true,1,218912
4810168019051,false,חתיכות פילה דג הרינג מלוח מצונן עם תבלין 200גרם,סנטה ברמור,BY,חתיכות פילה דג הרינג,יחידה,0.00,יחידה,false,,12.90,0.0000,true,1,218913
4810168058982,false,חתיכות פילה דג הרינג סקנדינבי מלוח בשמן 400 גר,סנטה ברמור,BY,פילה הרינג סקנדינבי,גרמים,400.00,100 גרם,false,,25.90,0.0647,true,1,265205
4840008018333,false,דובשניות טעם דבש 400 גרם פרנצלוטה,פרנזלוטה,,דובשניות פרנזלוטה בט,גרמים,400.00,100 גרם,false,,8.90,0.0223,true,1,210880
4840709002440,false,"ברנדי קווינט 3 500 מ""ל כשר",,,ברנדי קווינט 500 מל,מיליליטרים,500.00,"100 מ""ל",false,,54.90,0.1098,true,1,199667
4860019001346,false,בורז'ומי מים מינרליים טבעיים 500מ'ל חדש,אי די אס בורגומי,,בורז'ומי מים מינירלי,יחידה,500.00,יחידה,false,,6.90,0.0138,true,1,133084
4860019001414,false,"בקבוק מים בוז'ורמי 750 מ""ל",אי.די.אס בורג'יומי,GE,בורז'ומי מים מינרליי,מיליליטרים,750.00,"100 מ""ל",false,,7.90,0.0105,true,1,147453
4891130005111,false,רוטב הוויסן 360 מל פ,Pun chun sauce & pre,,רוטב הוי סין,גרמים,360.00,100 גרם,false,,18.90,0.0525,true,1,266486
4891228430054,false,סכיני גילוח לנשים שיק אקזקטה 2 5 יח,שיק,CN,ס.ג. שיק אקסטרא 2ור,יחידה,0.00,יחידה,false,,9.90,0.0000,true,1,197618
4891228430085,false,סכיני גילוח שיק אקסטרים קומפורט לגבר 3 להבים 4 יחידות,אנרג'יזר Energizer,CN,ס.ג שיק אקסטרים 3כחו,יחידה,0.00,יחידה,false,,16.90,0.0000,true,1,112413
4891228460242,false,שיק קוואטרו חד פעמי לנשים 3 יחידות,אנרג'יזר Energizer,CN,סכיני גילוח חד פעמי,יחידה,0.00,יחידה,false,,31.90,0.0000,true,1,139381
4895060550000,false,לקקן בוכה 12 יח',,,לקקן בוכה,גרמים,50.00,100 גרם,false,,6.90,0.1380,true,1,195996
4895060592307,false,סוכריות נטורל בטעמים בקבוק NUGGELS,איתן-מזון,CN,פלורידה סוכריות נאגט,גרמים,43.00,100 גרם,false,,7.50,0.1744,true,1,194633
4902674200396,false,"סויה קוג'י 330 מ""ל",,,"סויה קוג'י 330 מ""ל",מיליליטרים,330.00,"100 מ""ל",false,,54.90,0.1664,true,1,262985
4902674210005,false,מיסו לבן 300 גרם,,,מיסו לבן 300 גרם,גרמים,300.00,100 גרם,false,,32.90,0.1097,true,1,266032
4902674210418,false,"טריאקי קוג'י 340 מ""ל",,,"טריאקי קוג'י 340 מ""ל",מיליליטרים,340.00,"100 מ""ל",false,,44.90,0.1321,true,1,262986
4903001904192,false,"רוטב סויה יאמסה פרימיום 500 מ""ל",הדקלאים אגודת שיתופי,JP,רוטב סויה יאמסה פרימ,יחידה,500.00,יחידה,false,,17.90,0.0358,true,1,126834
4903001904208,false,רוטב סויה פרימיום יאמסה 1 ליטר,הדקלאים אגודת שיתופי,JP,רוטב סויה יאמסה פרימ,ליטרים,1.00,ליטר,false,,31.90,31.9000,true,1,126835
4903001925784,false,"רוטב סויה יאמאסה פרמיום דל מלח 500 מ""ל",הדקלאים אגודת שיתופי,JP,רוטב סויה יאמאסה פרי,מיליליטרים,500.00,"100 מ""ל",false,,17.90,0.0358,true,1,148606
4903001930993,false,"רוטב טריאקי יאמאסה 500 מ""ל",ליימן מותגים,JP,"טריאקי יאמסה 500 מ""ל",מיליליטרים,500.00,"100 מ""ל",false,,17.90,0.0358,true,1,191036
4904688517149,false,100% שמן שומשום טהור,,,100% שמן שומשום טהור,יחידה,0.00,יחידה,false,,45.90,0.0000,true,1,262988
4974033018249,false,יוזו 100% סחוט 100 מ,,,יוזו 100% סחוט 100 מ,מיליליטרים,100.00,"100 מ""ל",false,,52.90,0.5290,true,1,210414
4976879106470,false,משקה סאקה הוקאן סן 7,JFC JAPAN INC.,,סאקה יפני הוקאן,מיליליטרים,720.00,"100 מ""ל",false,,51.90,0.0721,true,1,151771
4996445000117,false,קינגדאו אטריות סובה,Qingdao Sun-growing,,אטריות סובה,גרמים,300.00,100 גרם,false,,10.90,0.0363,true,1,205435
5000111046244,false,רוטב לסטייק היינץ 450 גר,,,רוטב לסטייק,גרמים,450.00,100 גרם,false,,15.90,0.0353,true,1,265985
5000111047364,false,היינץ רוטב ברביקיו דבש HP,היינץ,NL,רוטב ברבקיו דבש H.P,גרמים,465.00,100 גרם,false,,15.90,0.0342,true,1,198805
5000111047371,false,היינץ רוטב ברביקיו קלאסי HP,היינץ,,רוטב ברבקיו קלאסי H.,גרמים,465.00,100 גרם,false,,15.90,0.0342,true,1,198780
5000127163195,false,דגני בוקר קלוגס ספיישל קיי 500גרם,חברת קלוגס בריטניה,GB,דגני קלוגס ספיישל קי,גרמים,500.00,100 גרם,false,,23.90,0.0478,true,1,168492
5000127533196,false,קלוגס וורייטי שמינייה 191 גרם,חברת קלוגס בריטניה,GB,ווראיטי קלוגס,גרמים,191.00,100 גרם,false,,21.90,0.1147,true,1,205316
5000146057710,false,ספריי רב שימושי לחלונות ומשטחים ווינדולין Windolene,רקיט בנקיזר,PL,וינדולין לחלונות,יחידה,750.00,יחידה,false,,8.90,0.0119,true,1,104417
5000146401568,false,וולייט דפים למניעת העברת צבע 10 דפים,רקיט בנקיזר,IT,ווליט דפים למכונת כב,יחידה,0.00,יחידה,false,,14.90,0.0000,true,1,104426
5000157143365,false,מתבל בטעם מיונז וקטשופ היינץ 425 גרם,"פודליצקי ספ.ז.או.או,",PL,רוטב בטעם מיונז וקטש,גרמים,425.00,100 גרם,false,,14.90,0.0351,true,1,210844
5000159020312,false,מלטיזרס אריזה קטנה 37 גרם,מלטיזרס Maltesers,NL,כדורי שוקולד חלב מלט,גרמים,37.00,100 גרם,false,,5.00,0.1351,true,1,98442
5000159376655,false,סוכריות SKITTLES פירות קטן 38 גרם אדום,ריגלי ממתקים,CZ,סקיטלט סוכריות ג'לי,גרמים,38.00,100 גרם,false,,3.20,0.0842,true,1,141293
5000159407236,false,חטיף מרס שוקולד עם ק,מרס הולנד בי.וי.,NL,חטיף מרס שוקולד 51 ג,גרמים,51.00,100 גרם,false,,4.00,0.0784,false,1,117370
5000159409179,false,מארז חטיפי מיני סניקרס Snickers,מרס הולנד בי.וי.,NL,סניקרס מיני 403 גר',גרמים,403.00,100 גרם,false,,23.90,0.0593,false,1,147623
5000159414197,false,מלטיזרס-כדורים פריכים בציפוי שוולד חלב 135 גרם,מרס שוקולד צ.אמריקה,NL,מלטיזרס 135 גר',גרמים,135.00,100 גרם,false,,12.90,0.0956,true,1,264588
5000159442572,false,מיני טוויקס בשקית 403גרם,טוויקס,DE,טויקס מיני 403 גר',גרמים,403.00,100 גרם,false,,23.90,0.0593,false,1,147842
5000159452540,false,סניקרס מארז חטיף 50 גרם חמישייה,מרס הולנד בי.וי.,NL,סניקרס מארז חמישייה,גרמים,250.00,100 גרם,false,,10.90,0.0436,true,1,214106
5000159452977,false,מיקס שקית מיניס 400 גרם מרס-באונטי-טוויק,מרס הולנד בי.וי.,NL,חטיפי מיקס מיני 400,גרמים,400.00,100 גרם,false,,23.90,0.0597,false,1,147019
5000159459228,false,חטיף שוקולד טוויקס 50 ג',"נארז ע""י : א.ג. גילר",NL,חטיף טויקס 50 גר',גרמים,50.00,100 גרם,false,,4.00,0.0800,false,1,142533
5000159461122,false,חטיף שוקולד סניקרס מקס קרמל 50 ג',"נארז ע""י : א.ג. גילר",NL,חטיף סניקרס 50 גר',גרמים,50.00,100 גרם,false,,4.00,0.0800,false,1,142534
5000159538626,false,טוויקס מארז חטיף 50 גרם חמישייה,טוויקס Twix,NL,מאגדת טוויקס חמישייה,גרמים,250.00,100 גרם,false,,10.90,0.0436,true,1,218806
5000168199245,false,שוקולד חלב מעולה בתוספת קרמל מלוח פיור גודייבה 90 ג',"אולקר מקבוצת פלאדיס, ציק",TR,גודייבה שוקולד חלב ב,גרמים,90.00,100 גרם,false,,14.50,0.1611,true,1,219239
5000204114867,false,"גלייד ארוסול בניחוח וניל 300 מ""ל",coster aerosol vail,TR,גלייד ארוסול בניחוח,מיליליטרים,300.00,"100 מ""ל",false,,10.00,0.0333,true,1,210709
5000204114959,false,"גלייד ארוסול בניחוח פריחה בלבן 300 מ""ל","אס.סי ג'\ונסון,מידרכט, ה",NL,גלייד ארוסול בניחוח,מיליליטרים,300.00,"100 מ""ל",false,,10.00,0.0333,true,1,210716
5000204133509,false,זיפלוק שקיות אחסון גדולות 19 יחידות,אס.סי.גונסון ובניו,US,זיפלוק שקיות אחסון ג,יחידה,0.00,יחידה,false,,13.90,0.0000,true,1,215016
5000204151022,false,"פלדג' אירוסול לניקוי רהיטים לבנדר 250 מ""ל","אס.סי ג'\ונסון, אירופלנט",NL,פלדג' ארוסול לניקוי,מיליליטרים,250.00,"100 מ""ל",false,,15.90,0.0636,true,1,217442
5000204151053,false,"פלדג' אירוסול לניקוי רהיטים קלאסי 250 מ""ל","אס.סי ג'\ונסון, אירופלנט",NL,פלדג' אירוסול לניקוי,מיליליטרים,250.00,"100 מ""ל",false,,15.90,0.0636,true,1,213971
5000204153729,false,מטהר אוויר גלייד מילוי אוטומטי לבנדר וניל,המאפיה של הרמן,TR,גלייד מילוי אוטומטי,מיליליטרים,269.00,"100 מ""ל",false,,14.90,0.0554,true,1,215318
5000204153842,false,מטהר אוויר גלייד מילוי אוטומטי וניל,המאפיה של הרמן,TR,גלייד מילוי אוטומטי,מיליליטרים,269.00,"100 מ""ל",false,,14.90,0.0554,true,1,211380
5000204153903,false,מטהר אוויר גלייד מילוי אוטומטי מרכך כביסה,"קוסטר אירוסול ואלף סאן,",TR,גלייד מילוי אוטומטי,מיליליטרים,269.00,"100 מ""ל",false,,14.90,0.0554,true,1,211379
5000204154283,false,"גלייד מילוי אוטומטי בוקר רענן 269 מ""ל","קוסטר אירוסול ואלף סאן,",TR,גלייד מילוי אוטומטי,מיליליטרים,269.00,"100 מ""ל",false,,14.90,0.0554,true,1,215274
5000204156218,false,"מארז גלייד אוטומטי לבנדר וניל 269 מ""ל",יצרן אירוסול: קוסטור איר,TR,גלייד מארז אוטומטי ל,מיליליטרים,269.00,"100 מ""ל",false,,39.90,0.1483,true,1,216682
5000204167856,false,"גלייד מילוי אוטומטי פסטיבל קינמון 269 מ""","קוסטר אירוסול ואלף סאן,",TR,גלייד מילוי אוטומטי,מיליליטרים,269.00,"100 מ""ל",false,,14.90,0.0554,true,1,262030
5000204182057,false,מטהר אוויר גלייד מוצק בניחוח לבנדר,במה פולסקה אספי.זד.או.או,PL,גלייד ג'ל ריחני בניח,גרמים,180.00,100 גרם,false,,15.90,0.0883,true,1,218958
5000204220933,false,"קוטל מעופפים אירוסול אקליפטוס 300 מ""ל רייד",SC Jonson,NL,רייד אירוסול קוטל מע,מיליליטרים,300.00,"100 מ""ל",false,,13.90,0.0463,true,1,263583
5000204227130,false,"גלייד מבשם ריח מקלות פסגות טיבט 80 מ""ל",CTR פורטוגל,PT,גלייד מבשם ריח מקלות,מיליליטרים,80.00,"100 מ""ל",false,,29.90,0.3737,true,1,261337
5000204227192,false,"גלייד מבשם ריח מקלות רגע של נחת 80 מ""ל",גלייד,PT,גלייד מבשם ריח מקלות,מיליליטרים,80.00,"100 מ""ל",false,,29.90,0.3737,true,1,261338
5000204254617,false,סבון מוצק לאסלה ירח פורח 38.6 ג' דאק,דאופלור אס.פי.אי כונ,PL,דאק סבון מוצק לאסלה,גרמים,38.60,100 גרם,false,,9.90,0.2565,true,1,263578
5000204657883,false,קיווי משחת נעליים בקופסא חום 50 מל,ג' אל ראיה בוגור ג'א,ID,משחת נעליים קיווי חו,מיליליטרים,50.00,"100 מ""ל",false,,5.90,0.1180,true,1,140872
5000204657913,false,קיווי משחת נעליים בקופסא שחור 50 מל,ג' אל ראיה בוגור,ID,משחת נעליים קיווי שח,מיליליטרים,50.00,"100 מ""ל",false,,5.90,0.1180,true,1,141271
5000204658064,false,"קיווי אקספרס ספוג הברקה שחור 7מ""ל",המאפיה של הרמן,HN,קיווי אקספרס ספוג הב,יחידה,0.00,יחידה,false,,14.90,0.0000,true,1,141272
5000204658187,false,"קיווי נוזל נעליים קראון שחור 75 מ""ל",אס' סי' ג'ונסון במה,PL,משחת נעליים קיווי שח,מיליליטרים,75.00,"100 מ""ל",false,,14.90,0.1987,true,1,141060
5000207004981,false,קלין & קליר מי פנים לעור רגיש 200 מל,CILAG GMBH INTERNATI,IT,מי פנים לניקוי עמוק,מיליליטרים,200.00,"100 מ""ל",false,,31.90,0.1595,true,1,138260
5000207007425,false,"קלין & קליר - קרם ג'ל גרגרים לניקוי 150 מ""ל",CILAG GMBH INTERNATI,FR,קלין אנד קליר קרם ג',מיליליטרים,150.00,"100 מ""ל",false,,35.90,0.2393,true,1,127214
5000209145514,false,"שטיפת פה ירוק מנטה עדין נשימה רעננה קולגייט פלאקס 250 מ""ל",קולגייט- פלמוליב,BR,מי פה פלאקס 250מל,מיליליטרים,250.00,"100 מ""ל",false,,13.90,0.0556,true,1,223814
5000213014905,false,"בירה גינס פחית 440 מ""ל",קרלסברג ישראל,IE,"בירה גינס פח 440 מ""ל",מיליליטרים,440.00,"100 מ""ל",false,,14.90,0.0339,true,1,149854
5000219120112,false,פאל מאל כחול ארוך סטרים פילטר עשירייה,Unknown,TR,פקט פאל מאל כחול ארו,יחידה,0.00,יחידה,false,,282.00,0.0000,false,1,188094
5000267014234,false,וויסקי ג'וני ווקר רד לייבל Red label,ג'וני ווקר Johnnie walker,GB,וויסקי גוני ווקר אדו,מיליליטרים,700.00,"100 מ""ל",false,,75.00,0.1071,true,1,212576
5000267024233,false,"וויסקי ג'וני בלאק לייבל עם פורר 700מ""ל",ג'וני ווקר Johnnie walker,GB,גו'ני ווקר שחור 700,מיליליטרים,700.00,"100 מ""ל",false,,110.00,0.1571,false,1,217066
5000267116303,false,מארז וויסקי גוני ווקר דאבל בלק 700 מל,אלכוהול (איי.בי.בי),,וויסקי דאבל בלאק 700,מיליליטרים,700.00,"100 מ""ל",false,,149.90,0.2141,true,1,211751
5000267117560,false,"וויסקי גוני ווקר גולד לייבל רזרב 750 מ""ל",ג'\ון ווקר ובניו,GB,ג'וני ווקר גולד לייב,מיליליטרים,700.00,"100 מ""ל",false,,169.90,0.2427,true,1,193964
5000289925440,false,גין גורדון בקבוק 700,אלכסנדר גורדון ושות',GB,"ג'ין גורדון 700 מ""ל",מיליליטרים,700.00,"100 מ""ל",false,,79.90,0.1141,true,1,149006
5000394011212,false,דורסל סוללה MN21,,,דורסל סוללה MN21,יחידה,0.00,יחידה,false,,8.90,0.0000,true,1,215747
5000394105485,false,סוללה פלוס פאוור V9 דורסל יח 1,פרוקטר אנד גמבל,MY,סוללות דורסל 9V,יחידה,0.00,יחידה,false,,24.90,0.0000,true,1,197099
5000394137486,false,רביעיות סוללות אופטימום AA דורסל,פרוקטר אנד גמבל,BE,דורסל רביעיות AA אופ,יחידה,0.00,יחידה,false,,18.90,0.0000,true,1,260974
5000394137516,false,רביעיות סוללות אופטימום AAA דורסל,פרוקטר אנד גמבל,BE,דורסל רביעיות AAA או,יחידה,0.00,יחידה,false,,18.90,0.0000,true,1,260979
5000394140820,false,שישיות סוללות AA פלוס פאוור דורסל,דורסל,BE,דורסל שישיות AA פלוס,יחידה,0.00,יחידה,false,,18.90,0.0000,true,1,260975
5000394141209,false,שישיות סוללות AAA פלוס פאוור דורסל,דיפלומט,BE,דורסל שישיות AAA פלו,יחידה,0.00,יחידה,false,,18.90,0.0000,true,1,260976
5000394141827,false,סוללה דורסל C פלוס 2יח,פרוקטר אנד גמבל,US,סוללות דורסל C פלוס,יחידה,0.00,יחידה,false,,24.90,0.0000,true,1,264706
5000394141988,false,סוללות דורסל D פלוס 2 יח,פרוקטר אנד גמבל,US,סוללות דורסל D פלוס,יחידה,0.00,יחידה,false,,24.90,0.0000,true,1,264708
5000394142190,false,סוללת דורסל V9 פלוס 1 יח,פרוקטר אנד גמבל,MY,סוללות דורסל V9 פלוס,יחידה,0.00,יחידה,false,,24.90,0.0000,true,1,264709
5000394203884,false,סוללות דורסל ליתיום זוג,דורסל Duracell,,סוללות דורסל ליתיום,יחידה,0.00,יחידה,false,,17.90,0.0000,true,1,216575
5000394203907,false,סוללות דורסל ליתיום זוג,דורסל Duracell,,דורסל ליתיום,יחידה,0.00,יחידה,false,,17.90,0.0000,true,1,208450
5000394203921,false,זוג סוללות ליתיום 2032 דורסל,דורסל Duracell,CN,זוג סוללות דורסל לית,יחידה,0.00,יחידה,false,,16.90,0.0000,true,1,216576
5000396037531,false,מקוויטיס ביסקוויט מצופה שוקולד חלב 200 גרם,ברנדס סרטרה נשיונל,GB,מקוויטיס ביסקוויט מצ,גרמים,200.00,100 גרם,false,,11.50,0.0575,true,1,199319
5000396037548,false,מקוויטיס ביסקוויט מצופה שוקולד מריר 200 גרם,ברנדס סרטרה נשיונל,GB,מקוויטיס ביסקוויט מצ,גרמים,200.00,100 גרם,false,,11.50,0.0575,true,1,199320
5000396037944,false,מקוויטיס ביסקוויט אורגינל 250 גרם,ברנדס סרטרה נשיונל,GB,מקוויטיס ביסקוויט קל,גרמים,250.00,100 גרם,false,,10.00,0.0400,true,1,199317
5010026515919,false,מוזלי קריספי נאטי מורנפלייק 650 גרם,מורנפלייק Mornflake,GB,מוזלי קריספי נאטי 65,גרמים,650.00,100 גרם,false,,24.90,0.0383,true,1,218424
5010026515933,false,מוזלי קריספי פירות ואגוזים מורנפלייק 750 גרם,מורנינג פוד,GB,מורנפלייק מוזלי פירו,גרמים,750.00,100 גרם,false,,24.90,0.0332,true,1,218716
5010026515940,false,מוזלי קריספי פרוטי מורנפלייק 650 גרם,מורנפלייק Mornflake,GB,מורנפלייק מוזלי פרוט,גרמים,750.00,100 גרם,false,,24.90,0.0332,true,1,218425
5010026519368,false,מורנפלייק שיבולת שועל בשקית 500 גר,,,שיבולת שועל בשקית 50,גרמים,500.00,100 גרם,false,,8.50,0.0170,true,1,218455
5010029000252,false,וויטביקס תערובת דגנים מחיטה מלאה 430 גרם,וויטביקס,GB,וויטביקס אורגינל,גרמים,430.00,100 גרם,false,,19.90,0.0463,true,1,199460
5010029201246,false,"מוזלי שקדים וצימוקים ללת""ס 560 גר ALPEN",וויטביקס,GB,מוזלי שקדים וצימוקים,גרמים,560.00,100 גרם,false,,21.90,0.0391,true,1,209521
5010029219241,false,דגני בוקר וויטביקס מיני שוקולציפס 450 גר,וויטביקס Weetabix,,וויטביקס מיני שוקולד,גרמים,450.00,100 גרם,false,,19.90,0.0442,true,1,204766
5010029221084,false,דגני וויטביקס פרוטאין קראנץ' בטעם מקורי,טרופיקל דגיל תעשיות,,וויטביקס פרוטאין קרא,גרמים,450.00,100 גרם,false,,23.90,0.0531,true,1,203940
5010029221091,false,דגני וויטביקס פרוטאין קראנצ עם שוקולד 450 ג',וויטביקס Weetabix,GB,וויטביקס פרוטאין קרא,גרמים,450.00,100 גרם,false,,23.90,0.0531,true,1,203941
5010029222005,false,דגנים חיטה מלאה עם פרוטאין וויטביקס 440,וויטביקס,,וויטביקס פרוטאין,גרמים,440.00,100 גרם,false,,23.90,0.0543,true,1,219951
5010029223484,false,מוזלי תות חמוציות ואוכמניות 560 גר ALPEN,וויטביקס,GB,מוזלי עם תות חמוציות,גרמים,560.00,100 גרם,false,,21.90,0.0391,true,1,209522
5010038454831,false,"בקבוק בירה בלומון 330 מ""ל","מבשלת סטרופראמן בע""\מ ,",CZ,"בירה בלומון 330 מ""ל",מיליליטרים,330.00,"100 מ""ל",false,,10.00,0.0303,true,1,209565
5010067322453,false,טרוביה תחליף אבקת סוכר 280 גרם,טרוביה Truvia,US,טרוביה תחליף אבקת סו,גרמים,280.00,100 גרם,false,,35.90,0.1282,true,1,265967
5010115902941,false,סירופ גולדן פח 454 ג,,GB,גולדן סירופ בפח,יחידה,454.00,יחידה,false,,16.90,0.0372,true,1,111148
5010123703547,false,ליסטרין שטיפת פה פרש ברסט ירוק 500,גונסון אנד גונסון,IT,ליסטרין מנטה מרענן ש,מיליליטרים,500.00,"100 מ""ל",false,,16.90,0.0338,true,1,199368
5010123703585,false,ליסטרין שטיפת פה קולמינט 500 מל,גונסון אנד גונסון,IT,ליסטרין מי פה קולמינ,מיליליטרים,500.00,"100 מ""ל",false,,16.90,0.0338,true,1,198107
5010123730222,false,"מי פה טוטל קר סגול ליסטרין 500 מ""ל",ג'ונסון,IT,ליסטרין שטיפת פה טוט,מיליליטרים,500.00,"100 מ""ל",false,,16.90,0.0338,true,1,198108
5010182996799,false,ג'ל אסלה מנטרל ריחות בניחוח פרחי בר ורודים,דאופלור אס.פי.אי איט,IT,דאק ג'ל אסלה פרחי בר,מיליליטרים,55.00,"100 מ""ל",false,,9.90,0.1800,false,1,107380
5010182997680,false,"רייד ארוסול קוטל נמלים - 300 מ""ל",אס.סי.ג'ונסון מידרכט,NL,"RAIDקוטל נמלים 400מ""",מיליליטרים,400.00,"100 מ""ל",false,,13.90,0.0348,false,1,107387
5010182997918,false,דאק ג'ל לניקוי אסלות בניחוח ים 55 מל,"איטיליאן פוד, אס.פי.",IT,ט.ד ג'ל אסלה ניחוח י,גרמים,55.00,100 גרם,false,,10.90,0.1982,true,1,107389
5010265002201,false,פת פריכה מקמח שיפון250ג,דה ג'ורדנס אנד ריווי,GB,פת פריכה מקמח שיפון,גרמים,250.00,100 גרם,false,,7.90,0.0316,true,1,202118
5010265002836,false,"פת פריכה אוריגינל שיפון מלא 250 גרם ""ריוטה""",דה ג'ורדנס אנד ריווי,GB,פת פריכה אורגינל,גרמים,250.00,100 גרם,false,,10.90,0.0436,true,1,208003
5010314302863,false,מקאלן דאבל קאסק12שנה700מ,מקאלן דיסטילרי,GB,מקאלן דאבל קאסק 12 ש,מיליליטרים,700.00,"100 מ""ל",false,,265.00,0.3786,true,1,219153
5010314309862,false,מקאלן דאבל קאסק 18,,,מקאלן דאבל קאסק 18,מיליליטרים,700.00,"100 מ""ל",false,,1200.00,1.7143,true,1,266019
5010314311155,false,"מקאלן נייט און ארת 700 מ""ל",,GB,מקאלן נייט און ארת 7,מיליליטרים,700.00,"100 מ""ל",false,,500.00,0.7143,true,1,266021
5010327000046,false,וויסקי גרנט'ס סקוטי,"וויליאם גראנט ובניו בע""\",GB,וויסקי גרנט'ס,מיליליטרים,750.00,"100 מ""ל",false,,69.90,0.0932,false,1,111350
5010327000176,false,"וויסקי גלנפידיך מולט 12 שנה 700 מ""ל",גרנט'ס (William Gran,GB,גלנפידיך מולט ויסקי,מיליליטרים,700.00,"100 מ""ל",false,,160.00,0.2286,false,1,115956
5010327324333,false,"סינגל מאלט סקוטי גלנפידיך 14 שנה 700 מ""ל",גרנט'ס,GB,וויסקי גלנפידיך 14 ש,מיליליטרים,700.00,"100 מ""ל",false,,210.00,0.3000,true,1,215455
5010327325125,false,וויסקי גלנפידיך 15 שנה סולרה רזרב 750 מל,גרנט'ס (William Gran,,גלנפידיך 15 שנה סולר,יחידה,750.00,יחידה,false,,220.00,0.2933,true,1,121762
5010327399614,false,"גלנפידיך 12 אמריקן אווק כשר 700 מ""ל",וויליאם גרנטס ובניו,GB,גלנפידיך 12 שנה אמרי,מיליליטרים,700.00,"100 מ""ל",false,,169.90,0.2427,true,1,264458
5010391100703,false,ליקר דרמבו קלאסי 40%,גרנט'ס (William Gran,GB,דרמבוי ליקר,מיליליטרים,750.00,"100 מ""ל",false,,135.00,0.1800,true,1,187086
5010394984577,false,פדיגרי דנטאסטיקס כלב קטן 110 גרם (7 יח')BP29V,פדיגרי Pedigree,HU,פדיגרי דנטה סמול 110,גרמים,110.00,100 גרם,false,,10.90,0.0991,true,1,187924
5010677551281,false,בקרדי בריזר לימון 275 בקבוק,בקרדי בריזר Bacardi Breezer,BE,בקרדי בריזר לימו,יחידה,275.00,יחידה,false,,12.90,0.0469,false,1,109958
5010677551397,false,"בקרדי בריזר לימון ליים 275 מ""ל",בקרדי בריזר Bacardi Breezer,BE,בקרדי בריזר ליים,מיליליטרים,275.00,"100 מ""ל",false,,12.90,0.0469,false,1,186265
5010677552387,false,"בקרדי בריזר אננס 275 מ""ל בקבוק",בקרדי בריזר Bacardi Breezer,BE,בקרדי בריזר אננס,יחידה,275.00,יחידה,false,,12.90,0.0469,false,1,109959
5010677554398,false,"בקרדי בריזר אבטיח 275 מ""ל בקבוק",בקרדי בריזר Bacardi Breezer,BE,בקרדי בריזר אבטי,מיליליטרים,275.00,"100 מ""ל",false,,12.90,0.0469,false,1,109961
5010677714006,false,"גין בומבאי ספייר 700 מ""ל",ג'ון דיואר ובניו,ES,ג'ין בומביי ספייר,מיליליטרים,700.00,"100 מ""ל",false,,110.00,0.1571,true,1,189768
5010677850100,false,וודקה גריי גוס בקבוק,בקרדי מרטיני,FR,"גריי גוס 700 מ""ל",מיליליטרים,700.00,"100 מ""ל",false,,110.00,0.1571,true,1,208435
5010852000917,false,ווסקי בארקליס 0.7 ליטר,CAMPBELL MEYER,GB,ויסקי בארקליס,מיליליטרים,700.00,"100 מ""ל",false,,59.90,0.0856,true,1,191159
5011007003227,false,וויסקי גיימיסון 1 ליטר,אייריש דיסטלריז,,ג'יימסון וויסקי אירי,ליטרים,1.00,ליטר,false,,115.00,115.0000,false,1,128434
5011026108033,false,"וויסקי אירי טולומור דיו 700 מ""ל",פארייפאבה אגרואינדוס,IE,טולמור דיו וויסקי אי,מיליליטרים,700.00,"100 מ""ל",false,,99.90,0.1427,true,1,262794
5011061104045,false,ממתק שערות סבתא מסטי,,,ממתק שערות סבתא מסטי,גרמים,15.00,100 גרם,false,,3.90,0.2600,true,1,264977
5011061104052,false,ממתק שערות סבתא תות,,,ממתק שערות סבתא תות,גרמים,15.00,100 גרם,false,,3.90,0.2600,true,1,264978
5011157630281,false,אורז לבן ארוך בסמטי טילדה Tilda,אלסקה/ טילדה,GB,אורז טילדה,קילוגרמים,1.00,"ק""ג",false,,24.90,24.9000,true,1,103947
5011157730271,false,אורז יסמין לבן ארוך טילדה,טילדה Tilda,GB,טילדה אורז יסמין,קילוגרמים,1.00,"100 ק""ג",false,,24.90,24.9000,true,1,260700
5011417554760,false,"אירוויק מבשם אויר נטול גז בניחוח ורדים וארכידאה 345 מ""ל",איירוויק Air Wick,PL,אקווה מיסט ורדים,מיליליטרים,345.00,"100 מ""ל",false,,14.90,0.0432,true,1,134725
5012251008631,false,BEAUTY FORMULAS מגבוני ניקוי לעור הפנים מועושרים בתמציות מלפפונים ולחות 30 יחידות,,GB,מגבונים לפנים תמצית,יחידה,0.00,יחידה,false,,12.90,0.0000,true,1,219767
5012251009423,false,BEAUTY FORMULAS מגבונים לניקוי עדין של עור הפנים בתוספת תמציות משמש 30 יחידות,,GB,מגבונים לניקוי פנים,יחידה,0.00,יחידה,false,,12.90,0.0000,true,1,219768
5012251012249,false,ביוטי פורמולה תרחיץ פנים פחם,,GB,תרחיץ פילינג לפנים ב,מיליליטרים,150.00,"100 מ""ל",false,,14.90,0.0993,true,1,207926
5012251012645,false,רצועות לאף להסרת ראשים שחורים,,GB,מדבקות להוצאת שחורים,יחידה,0.00,יחידה,false,,12.90,0.0000,true,1,210010
5012251013314,false,BEAUTY FORMULAS מגבוני פנים להסרה עדינה ויעילה של איפור על בסיס תמציות אבוקדו 25 יחידות,,GB,מגבונים לפנים תמצית,יחידה,0.00,יחידה,false,,12.90,0.0000,true,1,219770
5013387204737,false,פרואט-עוגיה ללא גלוטן עם קרם בטעם פטל 160ג',,GB,עוגיות במילוי קרם פט,גרמים,160.00,100 גרם,false,,13.90,0.0869,true,1,212802
5013387205826,false,פרואט-חטיף ללא גלוטן שוקולד 100 גרם,,GB,חטיף פריך בציפוי שוק,גרמים,100.00,100 גרם,false,,11.90,0.1190,true,1,212805
5013965953354,false,אורל בי 123 משחה 100 מל עם פלואוריד,פרוקטר אנד גמבל,DE,אוראל בי משחת שיניים,מיליליטרים,100.00,"100 מ""ל",false,,11.90,0.1190,true,1,203845
5014271002675,false,מעדן פרי תפוח וקינמון סנדלפור 284 גרם,סאן דלפור - שמבור,FR,סנדלפור תפוח קינמון,גרמים,284.00,100 גרם,false,,19.90,0.0701,false,1,206320
5014271003979,false,סופר פרוט מעדן פרי אוכמניות ואסאי סנדלפור 170 גרם,st.dalfour,FR,סופר פרוט מעדן פרי א,גרמים,170.00,100 גרם,false,,14.90,0.0876,true,1,266579
5014271003986,false,סופר פרוט מעדן פרי משמש עם זרעי צ'יה סנדלפור 170 גרם,st.dalfour,FR,סופר פרוט מעדן פרי מ,גרמים,170.00,100 גרם,false,,14.90,0.0876,true,1,266581
5014271300429,false,"מעדן משמש 100% פרי סנטדלפור 284 גרם לל""ס",סאן דלפור - שמבור,FR,ריבת משמש סנדלפור 28,גרמים,284.00,100 גרם,false,,19.90,0.0701,false,1,109126
5014271310428,false,מעדן דובדבנים שחורים ללא תוספת סוכר 284 גרם,סאן דלפור - שמבור,FR,ריבת דובדבן סנדלפור,גרמים,284.00,100 גרם,false,,19.90,0.0701,false,1,109127
5014271330426,false,מעדן אוכמניות כחולות ללא תוספת סוכר 284 גרם,סאן דלפור - שמבור,FR,ריבת אוכמניות סנדלפו,גרמים,284.00,100 גרם,false,,19.90,0.0701,false,1,109128
5014271350424,false,מעדן ארבעה פירות ללא תוספת סוכר 284 גרם,סאן דלפור - שמבור,FR,ריבת פירות סנדלפור 2,גרמים,284.00,100 גרם,false,,19.90,0.0701,false,1,109129
5014271360423,false,"מעדן תפוזים לל""ס סאן דלפור 284 גרם",סאן דלפור - שמבור,FR,מעדן תפוז סנדלפור 28,גרמים,284.00,100 גרם,false,,19.90,0.0701,false,1,109130
5014271370422,false,מעדן אפרסקים ללא תוספת סוכר 284 גרם,סאן דלפור - שמבור,FR,ריבת אפרסק סנדלפור 2,גרמים,284.00,100 גרם,false,,19.90,0.0701,false,1,109131
5014271400426,false,"מעדן בטעם תות שדה לל""ס סאן דלפור 284 גרם",סאן דלפור - שמבור,FR,ריבת תות סנדלפור 284,גרמים,284.00,100 גרם,false,,19.90,0.0701,false,1,109134
5014271560427,false,מעדן תפוז וג'ינג'ר ללא סוכר סאן דלפור 284 גר,סאן דלפור - שמבור,FR,ריבת תפוז וג'ינג'ר ס,גרמים,284.00,100 גרם,false,,19.90,0.0701,false,1,109135
5014271795980,false,מעדן חמוציות ואוכמניות ללא תוספת סוכר 284 גרם,סנדלפור St.dalfour,FR,ריבת אוכמניות וחמוצי,גרמים,284.00,100 גרם,false,,19.90,0.0701,false,1,109142
5014379009972,false,בירה לאגר באדוויזר פחית 500 מל,באדווייזר Budweiser,GB,פחית בירה באדוויזר 5,מיליליטרים,500.00,"100 מ""ל",false,,9.90,0.0198,true,1,209635
5017818800116,false,"פחית דוקטור פפר 330 מ""ל",אורנג'ינה שוופס,FR,"דר"" פפר פחית",מיליליטרים,355.00,"100 מ""ל",false,,5.90,0.0166,true,1,185497
5018357006755,false,תערובת דגנים 50% פירות ואגוזים 540 גרם,דורסט סיריאלס,GB,תערובת דגנים 50% פיר,גרמים,540.00,100 גרם,false,,26.90,0.0498,true,1,113099
5018357006779,false,תערובת דגנים 50% פירות ואגוז+חמוציות 540,דורסט סיריאלס Dorset Cereals,GB,תערובת דגנים בתוספת,גרמים,540.00,100 גרם,false,,28.90,0.0535,true,1,137569
5018357012459,false,תערובת דגנים דורסט סיריאלס פירות 600 ג,דורסט סיריאלס,GB,מוזלי פירות 600 גר',גרמים,600.00,100 גרם,false,,30.90,0.0515,true,1,214057
5018357012558,false,תערובת דגנים דורסט סיריאלס קלאסי 600 ג,דורסט סיריאלס,GB,מוזלי פירות אגוזים ו,גרמים,600.00,100 גרם,false,,30.90,0.0515,true,1,214058
5021692000241,false,גין היימנס לונדון דר,היימנס ג'ין,,ג'ין לונדון דריי היי,מיליליטרים,700.00,"100 מ""ל",false,,99.90,0.1427,true,1,205143
5029053002408,false,נייר טואלט קלינקס פרימיום לבן - מארז 9 גלילים,קימברלי קלארק ישראל,IL,נייר טואלט קלינקס פר,גרמים,1184.00,100 גרם,false,,32.90,0.0278,false,1,102840
5029053002439,false,נייר טואלט קלינקס פרימיום צהוב - מארז 9 גלילים,חוגלה קימברלי,GB,נייר טואלט קלינק,גרמים,1184.00,100 גרם,false,,32.90,0.0278,false,1,102841
5029053510811,false,קוטקס - תחבושות אולטרה נורמל + כנפיים 30 יח',קימברלי קלארק,CZ,קוטקס אולטרא נור,יחידה,0.00,יחידה,false,,17.90,0.0000,false,1,102855
5029053510828,false,קוטקס - תחבושות אולטרה סופר + כנפיים 22 יח',קימברלי קלארק,CZ,קוטקס אולטרא סופ,יחידה,0.00,יחידה,false,,17.90,0.0000,false,1,102856
5029053523446,false,קוטקס - תחבושות אולטרה נייט + כנפיים 20 יח',קימברלי קלארק,CZ,קוטקס אולטרא ליי,יחידה,0.00,יחידה,false,,17.90,0.0000,false,1,102876
5029053527574,false,האגיס תחתון ספיגה 4-7 בנים דריי נייטס 10 יחידות,חוגלה קימברלי,CZ,דריי נייטס 7-4 בנים,יחידה,0.00,יחידה,false,,33.90,0.0000,false,1,102879
5029053527581,false,האגיס תחתון ספיגה 4-7 בנות דריי נייטס 10 יחידות,חוגלה קימברלי,CZ,דריי נייט 7-4 בנות,יחידה,0.00,יחידה,false,,33.90,0.0000,false,1,102880
5029053527598,false,תחתוני ספיגה בנים לתופעת הרטבת לילה 8-15 האגיס,חוגלה קימברלי,CZ,האגיס דריי נייטס 8-1,יחידה,0.00,יחידה,false,,33.90,0.0000,false,1,102881
5029053534589,false,טמפונים מיני קוטקס 32 יחידות,קימברלי קלארק,CZ,טמפוני קוטקס מיני-שי,יחידה,0.00,יחידה,false,,22.90,0.0000,true,1,123720
5029053534596,false,קוטקס טמפוני נורמל ללא מוליך 32 יח,קימברלי קלארק,CZ,טמפוני קוטקס נורמל,יחידה,0.00,יחידה,false,,22.90,0.0000,true,1,123563
5029053534602,false,קוטקס טמפוני סופר ללא מוליך 32 יח,קימברלי קלארק,CZ,טמפוני קוטקס סופר-שי,יחידה,0.00,יחידה,false,,22.90,0.0000,true,1,123721
5029053535227,false,קוטקס טמפון עם מוליך נורמל 16 יחידות,קימברלי קלארק,CZ,טמפון קוטקס עם מוליך,יחידה,0.00,יחידה,false,,22.90,0.0000,true,1,128930
5029053538426,false,בגד ים חד פעמי ליטל סווימרס 12-18kg L,האגיס בגדי ים,CZ,האגיס ליטל סווימרס 1,יחידה,0.00,יחידה,false,,32.90,0.0000,false,1,147357
5029053574103,false,האגיס פול אפס תח.גמילה יום בנות 20 יחידו,KC צ'כיה,IL,פול אפס בנות יום 20,יחידה,0.00,יחידה,false,,41.90,0.0000,false,1,217822
5029053574110,false,האגיס פול אפס תח.גמילה יום בנים 20 יחידו,חוגלה,IL,פול אפס בנים יום 20,יחידה,0.00,יחידה,false,,41.90,0.0000,false,1,217823
5029053574158,false,האגיס פול אפס תח.גמילה לילה בנים 18 יחיד,KC צ'כיה,IL,פול אפס בנים לילה 18,יחידה,0.00,יחידה,false,,41.90,0.0000,false,1,217825
5029053578309,false,קופסת ממחטות אולטרה סופט 48 דף קלינקס,קימברלי קלארק,IL,קלינקס אולטרה סופט ק,יחידה,0.00,יחידה,false,,8.50,0.0000,false,1,261110
5035766044673,false,"סטרונגבואו גולד, סיידר תפוחים אלכוהולי, בקבוק 330 מ''ל",סטרונגבאו Strongbow,BE,סיידר תפוחים סטרונגב,יחידה,0.00,יחידה,false,,7.50,0.0000,true,1,149441
5035766060253,false,"בירה מרפיס, בירת סטאוט, פחית 500 מ""ל",מרפיס Murphys,GB,מרפיס סטאוט פחית,יחידה,500.00,יחידה,false,,12.50,0.0250,false,1,121641
5050083559761,false,דגני בוקר קלוגס קוקו פופס שוקוס 500 גרם,קלוגס מניופקטורינג אספנה,ES,דגני קלוגס קוקו פופס,גרמים,500.00,100 גרם,false,,16.90,0.0338,false,1,134314
5053827193368,false,דגני בוקר קלוגס ברנפלקס 500 גרם,קלוגס קומפני אוף גרייט ב,GB,ברנפלקס קלוגס,גרמים,500.00,100 גרם,false,,23.90,0.0478,true,1,205360
5053827215862,false,קלוגס קוקו פופס שוקו 500ג',קלוגס מניופקטורינג אספנה,GB,קלוגס קוקו פופס 500,גרמים,500.00,100 גרם,false,,16.90,0.0338,true,1,211290
5055966801005,false,"וויסקי בושמילס אוריגינל 700 מ""ל",אלב בושמילס,,וויסקי בושמילס,מיליליטרים,700.00,"100 מ""ל",false,,89.90,0.1284,true,1,199488
5055966810014,false,ויסקי בושמילס בלאק ב,אלב בושמילס,,וויסקי אירי בלק בוש,מיליליטרים,700.00,"100 מ""ל",false,,110.00,0.1571,true,1,265857
5060017740011,false,"גין ברוקרס 700 מ""ל",,,ברוקר'ס ג'יו יבש,מיליליטרים,700.00,"100 מ""ל",false,,100.00,0.1429,true,1,194009
5060045588128,false,"וויסקי גים בים לבן 700 מ""ל","איי, בי, אינבוו",US,וויסקי ג'מ בים לבן,מיליליטרים,700.00,"100 מ""ל",false,,79.90,0.1141,true,1,202262
5060045590190,false,"וויסקי גים בים דבש 700 מ""ל",בים סנטורי,ES,וויסקי ג'ים בים דבש,מיליליטרים,700.00,"100 מ""ל",false,,79.90,0.1141,true,1,218770
5060045590213,false,"וויסקי גים בים תפוח 700 מ""ל",בים סנטורי,,וויסקי ג'ים בים תפוח,מיליליטרים,700.00,"100 מ""ל",false,,79.90,0.1141,true,1,218769
5060123607758,false,לונדון חליטת תפוח קינמון 20 שקיקים,טייפו,,תה לונדון בטעם תפוחי,גרמים,40.00,100 גרם,false,,15.90,0.3975,true,1,111788
5060123607765,false,תה לונדון לימון ליים,טייפו,,תה לונדון לימון,גרמים,40.00,100 גרם,false,,15.90,0.3975,true,1,111789
5060123607789,false,תה לונדון בטעם אפרסק,טייפו,GB,תה לונדון בטעם אפרסק,גרמים,40.00,100 גרם,false,,15.90,0.3975,true,1,116135
5060123607796,false,תה לונדון תות שדה ונ,טייפו,GB,תה לונדון תות שדה ונ,גרמים,40.00,100 גרם,false,,15.90,0.3975,true,1,119276
5060123607802,false,לונדון חליטת גינגר לימון 20 שקיקים,טייפו,GB,תה לונדון בטעם לימון,גרמים,40.00,100 גרם,false,,15.90,0.3975,true,1,114804
5060123607819,false,תה לונדון תפוז 20 יח,טייפו,GB,תה לונדון תפוז,גרמים,40.00,100 גרם,false,,15.90,0.3975,true,1,111777
5060123607833,false,תה לונדון קמומיל אור,טייפו,,תה לונדון קמומיל,גרמים,40.00,100 גרם,false,,15.90,0.3975,true,1,111780
5060123607888,false,תה לונדון ענבי שועל,טייפו,GB,תה לונדון ענבי שועל,גרמים,40.00,100 גרם,false,,15.90,0.3975,true,1,114805
5060123608014,false,תה לונדון דומדמיות כ,טייפו,,תה לונדון דומדמיות כ,גרמים,40.00,100 גרם,false,,15.90,0.3975,true,1,111778
5060319120078,false,תה איבנינג אורגני 40 גרם הייר ליבינג,אונלי נטורל פרודקטס,GB,הייר ליבינג סוויט דר,גרמים,40.00,100 גרם,false,,15.90,0.3975,true,1,205683
5060319120092,false,תה אינגלש ברקפסט אורגני 45 ג הייר ליבינג,הייר ליבינג,GB,הייר ליבינג אינגליש,גרמים,45.00,100 גרם,false,,15.90,0.3533,true,1,262440
5060319120108,false,תה ארל גריי אורגני 40 גר הייר ליבינג,אונלי נטורל פרודקטס,GB,הייר ליבינג תה ארל ג,גרמים,45.00,100 גרם,false,,15.90,0.3533,true,1,215794
5060319120115,false,תה ירוק אורגני 50 גרם הייר ליבינג,אונלי נטורל פרודקטס,GB,תה ירוק אורגני הייר,יחידה,0.00,יחידה,false,,15.90,0.0000,true,1,215405
5060319120153,false,תה קמומיל ונילה אורגני 30 גר הייר ליבינג,אונלי נטורל פרודרטס,GB,הייר ליבינג קמומיל ו,גרמים,30.00,100 גרם,false,,15.90,0.5300,true,1,205686
5060326870829,false,חטיף סויה ותפוח אדמה בטעם מתוק מלוח 85 ג,,GB,חטיף סויה ותפוח אדמה,גרמים,85.00,100 גרם,false,,10.90,0.1282,true,1,261940
5060326870867,false,חטיף חומוס אפונה בטט,,GB,חטיף חומוס בטטה אפ,גרמים,85.00,100 גרם,false,,10.90,0.1282,true,1,261901
5060326870898,false,חטיף ציפס חלבון בטעם ברביקיו מתוק85 ג,,GB,חטיף צ'יפס חלבון בטע,גרמים,85.00,100 גרם,false,,10.90,0.1282,true,1,261899
5060412214124,false,חול אברקלין צהוב פיזור מופחת,אבר קלין Ever clean,NL,אברקלין חול לחתולים,קילוגרמים,6.00,"ק""ג",false,,54.90,9.1500,true,1,212714
5060517886486,false,"משקה אנרגיה מונסטר אנרג'י בפחית 500 מ""ל",מונסטר אנרג'י Monster Energy,RS,משקה אנרגיה מונסטר ק,מיליליטרים,500.00,"100 מ""ל",false,,7.50,0.0150,false,1,210540
5060517886516,false,"משקה אנרגיה מונסטר אנרג'י זירו בפחית 500 מ""ל",מונסטר אנרג'י Monster Energy,RS,משקה אנרגיה מונסטר ז,מיליליטרים,500.00,"100 מ""ל",false,,7.00,0.0140,true,1,210543
5060639128051,false,"משקה אנרגיה מונסטר אולטרה בפחית 500 מ""ל",מונסטר אנרג'י Monster Energy,RS,משקה אנרגיה מונסטר פ,מיליליטרים,500.00,"100 מ""ל",false,,7.00,0.0140,true,1,214193
5060639129102,false,"משקה אנרגיה מונסטר אנרג'י מנגו בפחית 500 מ""ל",מונסטר אנרג'י Monster Energy,RS,משקה אנרגיה מונסטר פ,מיליליטרים,500.00,"100 מ""ל",false,,7.50,0.0150,true,1,216113
5060751218173,false,"משקה אנרגיה מונסטר אנרג'י piplin punch בפחית 500 מ""ל",מונסטר אנרג'י לימטד,RS,משקה אנרגיה מונסטר 5,מיליליטרים,500.00,"100 מ""ל",false,,7.50,0.0150,true,1,263772
5060751219033,false,"משקה אנרגיה מונסטר אנרג'י זירו paradise בפחית 500 מ""ל",מונסטר אנרג'י לימטד,RS,משקה אנרגיה מונסטר 5,מיליליטרים,500.00,"100 מ""ל",false,,7.50,0.0150,true,1,263771
5087396103237,false,"חול קריסטל תפוח לחתול, 3.8 ליטר",חטיפים מן הטבע,,חול קריסטל יהלום חתו,קילוגרמים,3.80,"ק""ג",false,,34.90,9.1842,true,1,264920
5200133120476,false,גלילות וופלים ממולאים קרם אגוזים וקקאו 400 ג',יוניליוור גרמניה Gm,GR,גליליות וופלים ממולא,גרמים,400.00,100 גרם,false,,16.90,0.0422,true,1,202652
5200133120483,false,גליליות וופלים ממולא קרם וניל 400 גר,יוניליוור גרמניה Gm,GR,גליליות וניל 400 גר,גרמים,400.00,100 גרם,false,,16.90,0.0422,true,1,202656
5200133120582,false,גולדן ברייק גליליות וופל במילוי קרם עם שוקולד מריר 150 גרם,גולדן ברייק Golden break,GR,גליליות וופל גולדן ב,גרמים,150.00,100 גרם,false,,6.90,0.0460,true,1,204936
5201004020338,false,קפריס וופל רול ממולא קרם אגוזי לוז 400 ג',א.ג פאפאגופולוס,GR,גלילי וופל במילוי קר,גרמים,400.00,100 גרם,false,,18.90,0.0472,true,1,208120
5201004021328,false,קפריס רולס גלילי וופל במילוי קרם אגוזי לוז וקקאו,אי. ג'יי פאפאדופולוס,GR,גלילי וופל במילוי אג,גרמים,115.00,100 גרם,false,,8.50,0.0739,true,1,208121
5201178801054,false,"קרם רב שימושי ניוואה 250 מ""ל",טרופיקל דגיל תעשיות,DE,קרם ניוואה 250 ג,גרמים,250.00,100 גרם,false,,24.90,0.0996,true,1,103142
5201246002215,false,"בירה פילס היילס ויליפוד 500 מ""ל",הלניק בריויריס אוף א,GR,בירה פילס היילס 500,מיליליטרים,500.00,"100 מ""ל",false,,4.50,0.0090,false,1,217604
5201347160326,false,גל לשמירה על חיי מכונת הכביסה קלגון 750מ,רקיט בנקיזר,IT,"קלגון ג'ל 750 מ""ל",מיליליטרים,750.00,"100 מ""ל",false,,29.90,0.0399,true,1,199114
5201347400545,false,רצועות שעווה מוכנות לשימוש לפנים ולאזורים רגישים,רקיט בנקיזר צרפת,FR,ויט ארומטיק שעווה לפ,מיליליטרים,0.00,"מ""ל",false,,19.90,0.0000,true,1,133172
5201360724147,false,7 DAYS - מארז רולדות אישיות מצופות במילוי קקאו 32ג'*8יח',אס.סי. צי'פיטה,RO,מארז שמיניית רולדות,גרמים,256.00,100 גרם,false,,11.90,0.0465,true,1,266654
5201360724741,false,מארז שמיניות רולדות אישיות במלוי וניל 256 ג' 7DAYS,אס.סי. צי'פיטה,RO,מארז שמיניית רולדות,גרמים,256.00,100 גרם,false,,11.90,0.0465,true,1,266656
5201360797196,false,7 DAYS - מארז עוגות ספוג אישיות מצופות קקאו במילוי קקאו 32 ג'*8 יח',אס.סי. צי'פיטה,RO,עוגות ספוג אישיות מצ,גרמים,256.00,100 גרם,false,,11.90,0.0465,true,1,266653
5201671803593,false,זיתים ירוקים אורגניים ללא גלעינים (אריזת פאוצ') 150 גרם,השדה מוצרים טבעיים ו,GR,זיתים ירוקים אורגניי,גרמים,150.00,100 גרם,false,,16.90,0.1127,true,1,262770
5201671803609,false,זיתי קלמטה אורגניים ללא גלעינים (אריזת פאוצ') 150 גרם,השדה מוצרים טבעיים ו,GR,זיתים קלמטה אורגניים,גרמים,150.00,100 גרם,false,,18.90,0.1260,true,1,262771
5201940010011,false,זיתים שחורים טבעיים בפח ויליפוד 454 גרם,סיוארס אס.איי,GR,זית שחור טבעי במי מל,גרמים,454.00,100 גרם,false,,13.90,0.0306,true,1,105083
5201940010110,false,זיתים שחורים קלמטה וילי פוד 250 גרם,סיוארס אס.איי,GR,זית שחור קלמטה 454 ג,גרמים,454.00,100 גרם,false,,14.90,0.0328,true,1,105084
5202390014222,false,צהובה טבעונית עם עגבניות בזיליקום 200 גר,פרוטרופיק סיה.,GR,גבינה צהובה טבעונית,גרמים,200.00,100 גרם,false,,19.90,0.0995,true,1,202609
5202390014239,false,גבינה צהובה טבעונית עשבי תיבול ויאו לייף 200 ג',פרוטרופיק סיה.,GR,גבינה צהובה טבעונית,גרמים,200.00,100 גרם,false,,19.90,0.0995,true,1,202163
5202390015618,false,גבינה צהובה טבעונית אורגינל ויאו לייף 200 ג',אריביה אס.אי. 57022,GR,גבינה צהובה טבעונית,יחידה,0.00,יחידה,false,,19.90,0.0000,true,1,148983
5202390015885,false,ויולייפ צד'ר פרוסות 200 גר 200 גר,ביוט איילנד פודס בעמ,GR,ויולייפ צדר פרוסות,גרמים,200.00,100 גרם,false,,21.00,0.1050,true,1,264755
5202390016141,false,גבינה מוצרלה צהובה לפיצה טבעונית ויאו לייף 400 ג',פרוטרופיק סיה.,GR,מוצרלה טבעונית לפיצה,גרמים,400.00,100 גרם,false,,24.90,0.0622,true,1,188178
5202390016325,false,גבינה צהובה טבעונית בטעם מעושן ויאו לייף 200ג',"אריביה אס.אי., יוון",GR,צהובה טבעונית טעם מע,גרמים,200.00,100 גרם,false,,19.90,0.0995,true,1,191260
5202390019319,false,ויולייף מוצרלה טבעונית מגורדת 200 גרם,קראפט,,ויולייף מוצרלה טבעונ,גרמים,200.00,100 גרם,false,,19.90,0.0995,true,1,217871
5202390020407,false,פטה טבעונית גוש ויולייף 200 ג',ביוט איילנד פודס בעמ,GR,פטה טבעונית 200 גר',גרמים,200.00,100 גרם,false,,22.90,0.1145,true,1,205377
5202390021121,false,קרמי אוריגינל טבעוני ויולייף 150 גר,ביוט איילנד פודס בעמ,GR,קרם טבעוני אורגינל 1,גרמים,150.00,100 גרם,false,,18.50,0.1233,true,1,205379
5202390022319,false,ויולייפ צד'ר מגורדת 150 גר,ביוט איילנד פודס בעמ,GR,ויולייפ צדר מגורדת,גרמים,150.00,100 גרם,false,,21.00,0.1400,true,1,264756
5202390027871,false,ויובלוק פרמזן מגורדת 100 גרם,אפפילד,GR,ויולייף פרמזן מגורדת,גרמים,100.00,100 גרם,false,,21.00,0.2100,true,1,266546
5202413007019,false,ערק אוזו פלומארי 700,Plomari ouzo distill,GR,אוזו פלומרי,מיליליטרים,750.00,"100 מ""ל",false,,74.90,0.0999,true,1,197688
5208049002473,false,סיגריות קנט ארוך חפי,Unknown,TR,קנט ארוך לונג,יחידה,0.00,יחידה,false,,36.00,0.0000,false,1,210109
5391523057936,false,סימילאק גולד שלב 2 תרכובת מזון על בסיס חלב,אבוט מעבדות רפואיות,IE,סימילאק גולד 700 גר',גרמים,700.00,100 גרם,false,,69.90,0.0999,false,1,204038
5391523057943,false,סימילאק גולד שלב 3 תרכובת מזון על בסיס חלב,אבוט מעבדות רפואיות,IE,סימילאק גולד 700 גר',גרמים,700.00,100 גרם,false,,69.90,0.0999,false,1,204039
5391523058070,false,סימילאק אדבנס פלוס 3 תרכובת מזון על בסיס חלב,טרופיקל דגיל תעשיות,IE,סימילאק אדבנס פלוס ש,גרמים,700.00,100 גרם,false,,64.90,0.0927,false,1,203483
5391523058087,false,סימילאק אדבנס פלוס 2 תרכובת מזון על בסיס חלב,טרופיקל דגיל תעשיות,IE,סימילאק אדבנס פלוס ש,גרמים,700.00,100 גרם,false,,64.90,0.0927,false,1,203484
5400265032993,false,המלט- נשיקות מרנג לבן 100 גרם,HAMLET NV,,המלט נשיקות מרנג לבן,גרמים,100.00,100 גרם,false,,11.50,0.1150,true,1,185791
5400265033006,false,המלט- נשיקות מרנג צבעוני 100 גרם,HAMLET NV,,המלט נשיקות מרנג צבע,גרמים,100.00,100 גרם,false,,11.50,0.1150,true,1,185792
5400265038964,false,המלט פרלין שוקולד חל,,,המלט פרלין שוקולד חל,גרמים,120.00,100 גרם,false,,10.90,0.0908,true,1,217215
5410103161518,false,קרם יום עם פעולה משולשת לעור רגיל ומעורב,"לוריאל ישראל בע""מ",DE,קרם פנים פעולה משולש,מיליליטרים,50.00,"100 מ""ל",false,,45.90,0.9180,true,1,198759
5410103161617,false,קרם יום עם פעולה משולשת Triple active לעור יבש ועדין,"לוריאל ישראל בע""מ",DE,קרם לחות פעולה משולש,מיליליטרים,50.00,"100 מ""ל",false,,45.90,0.9180,true,1,198760
5410126006087,false,עוגיות לוטוס ארוזות בתפזורת 700 גרם,לוטוס ביקרי נ.וי.,BE,עוגיות לוטוס 700 גר,גרמים,700.00,100 גרם,false,,25.90,0.0370,true,1,144891
5410126006360,false,לוטוס עוגיות סנדוויץ' במילוי לוטוס 150 גר',לוטוס ביקרי בלגיה נ.,BE,לוטוס עוגיות סנדוויץ,גרמים,150.00,100 גרם,false,,8.50,0.0567,true,1,260962
5410126106022,false,מארז עוגיות לוטוס 250 גר*2,לוטוס ביקרי נ.וי.,BE,מארז עוגיות לוטוס,גרמים,500.00,100 גרם,false,,15.90,0.0318,true,1,212137
5410126116953,false,ממרח ביסקוויט קרמל לוטוס 400 גרם,לוטוס בייקרי בלגיה נ,BE,ממרח בטעם עוגיות לוט,גרמים,400.00,100 גרם,false,,19.90,0.0497,false,1,140448
5410126666038,false,"ביסקוויט קרמל לוטוס 279 גרם בד""צ",לוטוס ביקרי נ.וי.,BE,לוטוס 279 גר ארוז 2,גרמים,279.00,100 גרם,false,,11.90,0.0427,true,1,204352
5410126716016,false,"עוגיות לוטוס ביסקויט קרמל בד""צ 250 גרם",לוטוס ביקרי בלגיה,BE,לוטוס 250 גר,גרמים,250.00,100 גרם,false,,10.90,0.0436,false,1,106809
5410126726947,false,ממרח ביסקוויט קרמל קראנץ' לוטוס 380 גרם,לוטוס בייקרי בלגיה נ,BE,ממרח עוגיות לוטוס קר,גרמים,380.00,100 גרם,false,,19.90,0.0524,false,1,148281
5410173210055,false,רומבוטס קפה קלוי וטחון לפילטר 10 יח' 70 גרם,קופי רומבוטס,BE,קפה טחון וקלוי לפילט,גרמים,70.00,100 גרם,false,,19.90,0.2843,false,1,142573
5410228267508,false,"באדוויזר בקבוק 330 מ""ל - 5% אלכוהול","איי, בי, אינבוו",GB,בקבוק בירה באדוואיזר,מיליליטרים,330.00,"100 מ""ל",false,,7.90,0.0239,true,1,214678
5410228267515,false,"שישיית בירה לאגר באדוויזר 6*330 מ""ל",באדווייזר Budweiser,GB,בירה באדוויזר שישייה,מיליליטרים,1980.00,"100 מ""ל",false,,29.90,0.0151,true,1,209827
5410291021991,false,ממרח אגוזי לוז עם קקאו צוקטה 700 גרם,צ'וקטה Chocketa,BE,צ'וקטה ממרח אגוזי לו,גרמים,700.00,100 גרם,false,,19.90,0.0284,true,1,192955
5410291022011,false,ממרח אגוזי לוז עם קקאו 350 גרם חלב נכרי,צ'וקטה Chocketa,BE,צ'וקטה ממרח אגוזי לו,גרמים,350.00,100 גרם,false,,10.90,0.0311,true,1,192956
5410316983693,false,"סמירנוף אייס בקבוק 275 מ""ל",סמירנוף אייס Smirnoff ice,IT,סמירנוף אייס,יחידה,275.00,יחידה,false,,10.90,0.0396,true,1,93082
5410316994019,false,"וודקה סמירנוף אדום 700מ""ל",דיאג'ו אופריישנס איט,US,"וודקה סמירנוף 700 מ""",מיליליטרים,700.00,"100 מ""ל",false,,59.90,0.0856,false,1,145196
5410769100081,false,"בירה לה שוף קטן 330 מ""ל בקבוק","איי, בי, אינבוו",BE,"בירה לה שוף 330 מ""ל",יחידה,0.00,יחידה,false,,12.90,0.0000,true,1,198993
5410769200088,false,"בירה מק שוף קטן 330 מ""ל בקבוק",פארייפאבה אגרואינדוס,BE,"בירה מק שוף 330 מ""ל",מיליליטרים,330.00,"100 מ""ל",false,,12.90,0.0391,true,1,198994
5410769800097,false,"בירה לה צרי שוף 8% 330 מ""ל בקבוק",פארייפאבה אגרואינדוס,BE,בירה צ'רי שוף,מיליליטרים,330.00,"100 מ""ל",false,,12.90,0.0391,true,1,199066
5410976140122,false,בונבוניירה צדפות 250 גרם גיליאן,,,גיליאן צדפי שוקולד ב,גרמים,250.00,100 גרם,false,,22.90,0.0916,true,1,214322
5411188081852,false,אלפרו משקה סויה בטעם וניל 1 ל',הנסיך- מפעל לייצור ט,BE,אלפרו חלב סויה וניל,ליטרים,1.00,ליטר,false,,13.90,13.9000,true,1,148798
5411188094159,false,רביעיית מעדן סויה שוקו מריר אלפרו 125 גרם,הנסיך- מפעל לייצור ט,BE,מעדן סויה אלפרו שוקו,גרמים,500.00,100 גרם,false,,17.50,0.0350,true,1,111757
5411188094173,false,רביעיה מעדן סויה טעם קרמל 125 ג' אלפרו,אלפרו,BE,אלפרו מעדן סויה קרמל,גרמים,500.00,100 גרם,false,,17.50,0.0350,true,1,197142
5411188096108,false,"שמנת לבישול ע""ב סויה 250 מ""ל אלפרו",אלפרו C.V.A,BE,אלפרו שמנת צמחית לבי,מיליליטרים,250.00,"100 מ""ל",false,,9.90,0.0396,true,1,121266
5411188110835,false,אלפרו חלב סויה שקדים וניל 1ל',הנסיך- מפעל לייצור ט,BE,אלפרו חלב שקדים 1 לי,ליטרים,1.00,ליטר,false,,13.90,13.9000,true,1,142233
5411188112549,false,משקה קוקוס אלפרו 1 ליטר משקה אורז 1 ליטר,הנסיך- מפעל לייצור ט,BE,אלפרו משקה אורז 1 לי,ליטרים,1.00,100 ליטר,false,,13.90,13.9000,true,1,147948
5411188112709,false,"משקה קוקוס אלפרו 1 ליטר משקה שקדים לל""ס",הנסיך- מפעל לייצור ט,BE,אלפרו משקה שקדים ללא,ליטרים,1.00,ליטר,false,,13.90,13.9000,true,1,150109
5411188115366,false,משקה קוקוס אלפרו 1 ליטר משקה שיבולת שועל 1 ליטר,הנסיך- מפעל לייצור ט,BE,אלפרו משקה שיבולת שו,ליטרים,1.00,ליטר,false,,13.90,13.9000,true,1,147710
5411188115434,false,משקה אלפרו בריסטה סויה 1 ליטר,אלפרו C.V.A,BE,אלפרו משקה בריסטה סו,ליטרים,1.00,ליטר,false,,13.90,13.9000,true,1,262695
5411188115472,false,משקה סויה אלפרו 1 ליטר,הנסיך- מפעל לייצור ט,BE,אלפרו משקה סויה 1 לי,ליטרים,1.00,ליטר,false,,13.90,13.9000,true,1,211612
5411188118732,false,משקה אלפרו קוקוס ושקדים 1 ליטר,הנסיך- מפעל לייצור ט,BE,אלפרו משקה קוקוס שקד,ליטרים,1.00,ליטר,false,,13.90,13.9000,true,1,190391
5411188120742,false,משקה קוקוס אלפרו 1 ליטר שקדים וניל 1 ל',הנסיך- מפעל לייצור ט,BE,אלפרו משקה שקדים בטע,ליטרים,1.00,ליטר,false,,13.90,13.9000,true,1,190392
5411188120957,false,"אלפרו תערובת לבישול על בסיס קוקוס 250 מ""ל",אלפרו C.V.A,BE,אלפרו תערובת לבישול,מיליליטרים,250.00,"100 מ""ל",false,,10.90,0.0436,true,1,198678
5411188121923,false,"משקה סויה מועשר סידן אלפרו 3*250 מ""ל",הנסיך- מפעל לייצור ט,BE,אלפרו סויה סידן שלשו,מיליליטרים,0.00,"100 מ""ל",false,,13.90,0.0000,true,1,200867
5411188121978,false,"משקה סויה בטעם שוקולד 3 * 250 מ""ל אלפרו",אלפרו סי.וי. איי,BE,אלפרו סויה סדן שלישי,מיליליטרים,750.00,"100 מ""ל",false,,13.90,0.0185,true,1,199668
5411188122586,false,"משקה שקדים אלפרו 250 מ""ל",אלפרו C.V.A,BE,משקה שקדים אלפרו 250,מיליליטרים,250.00,"100 מ""ל",false,,6.50,0.0260,true,1,197143
5411188122661,false,אלפרו משקה שקדים לא קלויים ללא תוספת סוכר 1 ל',אלפרו C.V.A,BE,אלפרו משקה שקדים ללא,ליטרים,1.00,ליטר,false,,13.90,13.9000,true,1,197144
5411188124689,false,משקה אלפרו שיבולת שועל ללא סוכר 1 ליטר,אלפרו C.V.A,BE,אלפרו משקה שיבולת שו,ליטרים,1.00,ליטר,false,,13.90,13.9000,true,1,214785
5411188124726,false,אלפרו משקה שיבולת שועל שקדים 1 ליטר,הדקלאים אגודת שיתופי,BE,אלפרו משקה שיבולת שו,ליטרים,1.00,100 ליטר,false,,13.90,13.9000,true,1,200140
5411188126195,false,אלפרו משקה שקדים אורגני 1ל מפוקח סקאל,אלפרו C.V.A,BE,אלפרו משקה שקדים אור,ליטרים,1.00,ליטר,false,,13.90,13.9000,true,1,202999
5411188127697,false,אלפרו משקה בריסטה שיבולת שועל 1 ליטר,הנסיך- מפעל לייצור ט,BE,אלפרו בריסטה שיבולת,ליטרים,1.00,100 ליטר,false,,13.90,13.9000,true,1,211614
5411188129899,false,משקה אלפרו בריסטה שקדים 1 ליטר,הנסיך- מפעל לייצור ט,BE,אלפרו בריסטה שקדים 1,ליטרים,1.00,100 ליטר,false,,13.90,13.9000,true,1,211615
5411188133476,false,משקה סויה שוקו עם חלבון אלפרו 250 גרם,אלפרו C.V.A,BE,אלפרו משקה סויה שוקו,מיליליטרים,250.00,"100 מ""ל",false,,7.40,0.0296,true,1,219508
5411188133490,false,משקה סויה קפה קרמל עם חלבון אלפרו 250 גרם,אלפרו C.V.A,BE,אלפרו משקה סויה קפה,מיליליטרים,250.00,"100 מ""ל",false,,7.40,0.0296,true,1,219509
5411188134985,false,אלפרו 3.5% NOT M*LK שיבולת שועל 1 ליטר בית יוסף,הנסיך- מפעל לייצור ט,BE,אלפרו 3.5% שומן שיבו,ליטרים,1.00,ליטר,false,,14.00,14.0000,true,1,219507
5411188135005,false,אלפרו 1.8% NOT M*LK שיבולת שועל 1 ליטר בית יוסף,הנסיך- מפעל לייצור ט,BE,אלפרו 1.8% שומן שיבו,ליטרים,1.00,ליטר,false,,14.00,14.0000,true,1,219506
5411188300328,false,אלפרו סויה שוקו 1 ליטר * 8 יחי,הנסיך- מפעל לייצור ט,BE,אלפרו סויה שוקו 1 ל,ליטרים,1.00,ליטר,false,,13.90,13.9000,true,1,149082
5411188513483,false,"סויה לבישול 14% שומן אלפרו 250 מ""ל",אלפרו C.V.A,BE,אלפרו סויה לבישול 14,מיליליטרים,250.00,"100 מ""ל",false,,9.90,0.0396,true,1,262697
5411188543398,false,משקה סויה ללא סוכר אלפרו 1 ליטר,הנסיך- מפעל לייצור ט,BE,אלפרו משקה סויה ללא,ליטרים,1.00,ליטר,false,,13.90,13.9000,true,1,211616
5411223030081,false,"בירה לינדמנס קריק דובדבנים 250 מ""ל",מבשלת לינדמנס,BE,לינדמנס קריק (דובדבן,מיליליטרים,250.00,"100 מ""ל",false,,12.90,0.0516,true,1,197308
5411223100579,false,"בירה לינדמנס אפל תפוח 250 מ""ל",מבשלת לינדמנס,,בירה לינדמנס תפוחים,מיליליטרים,250.00,"100 מ""ל",false,,12.90,0.0516,true,1,209336
5411223100838,false,"בירה לינדמנס פיץ אפרסק 250 מ""ל",מבשלת לינדמנס,,בירה לינדמנס אפרסק,מיליליטרים,250.00,"100 מ""ל",false,,14.90,0.0596,true,1,209337
5411223100920,false,בירה לינדמנס קריק דובדבנים 750 מל,,,בירה לינדמנס קריק דו,מיליליטרים,750.00,"100 מ""ל",false,,29.90,0.0399,true,1,219165
5411681038001,false,"מרדסו מעורפלת מאוד330מ""ל","איי, בי, אינבוו",BE,מרדסו בירה חזקה מאוד,יחידה,330.00,יחידה,false,,12.90,0.0391,true,1,191444
5411686700118,false,"בירה לינדמנס פרוטס 250 מ""ל",לפימנס,BE,בירת מתובלת בפירות,יחידה,250.00,יחידה,false,,9.90,0.0396,true,1,191420
5412514350000,false,עלי טורטיליאס 370 גרם,אן. וי סנק פוד,BE,"עלי טורטילס 25 ס""ם",גרמים,370.00,100 גרם,false,,22.90,0.0619,true,1,194637
5412514555559,false,עלי טוריטיה רגיל קטן פלוטקין,אן. וי סנק פוד,BE,עלי טורטילס,גרמים,340.00,100 גרם,false,,17.90,0.0526,true,1,111161
5412514931117,false,עלי טורטילס מתירס פוקולוקו 320 גר,אן. וי סנק פוד,BE,עלי טורטילס תירס,גרמים,320.00,100 גרם,false,,20.90,0.0653,true,1,148730
5412514931889,false,עלי קורדיטס 272 ג SOFT TACO,אן. וי סנק פוד,BE,עלי טורטילס קורדיטה,גרמים,272.00,100 גרם,false,,16.00,0.0588,true,1,122817
5412533001617,false,נוזל לניקוי כלים אלוורה ולימון 1 ליטר,אקובר,BE,נוזל לניקוי כלים,ליטרים,1.00,ליטר,false,,15.90,15.9000,true,1,112950
5412533416602,false,טבליות למדיח 25 יח 500 ג,אקובר,BE,טבליות למדיח 25 יח',יחידה,0.00,יחידה,false,,36.90,0.0000,true,1,202164
5412533418781,false,נוזל כביסה זירו 1.5 ליטר,,BE,נוזל כביסה זירו 1.5,ליטרים,1.50,ליטר,false,,59.90,39.9333,true,1,209118
5412533419665,false,"מרכך כביסה תפוח ושקדים 750 מ""ל",,BE,מרכך כביסה פריחת תפו,מיליליטרים,750.00,"100 מ""ל",false,,15.90,0.0212,true,1,214040
5412533419764,false,נוזל לכביסה שחורה 1 ליטר,,BE,נוזל לכביסה שחורה וכ,ליטרים,1.00,ליטר,false,,49.90,49.9000,true,1,211982
5412533420364,false,נוזל כביסה פורמולה מרוכזת 1 ליטר,אקובר,BE,נוזל כביסה אוניברסלי,ליטרים,1.00,ליטר,false,,39.90,39.9000,true,1,212924
5412865030668,false,דקיקי שוקולד במילוי מנטה פשקז 200 גרם,,IL,דקיקי שוקולד ממולאים,גרמים,200.00,100 גרם,false,,19.90,0.0995,true,1,214851
5413121350018,false,בונבוניירה BCG לבבות 200 גר,BCG,,בלגיאן-פרליני לבבות,גרמים,200.00,100 גרם,false,,26.90,0.1345,true,1,148039
5413121355105,false,בלג'יאן-שוקולד חלב משובח 100 גר'1/25 (620725),BCG,,בלג'יאן שוקולד חלב מ,גרמים,100.00,100 גרם,false,,9.90,0.0990,true,1,133504
5413121356737,false,בלג'יאן-שוקולד מריר ללא ת.סוכר 100גר' 1/20,BCG,,בלג'יאן - שוקולד מרי,גרמים,100.00,100 גרם,false,,13.90,0.1390,true,1,135028
5413121356829,false,בלג'יאן-שוקולד חלב ללא סוכר 100 גר' 1/20 (7072),BCG,,בלגיאן-שוקולד חלב לל,גרמים,100.00,100 גרם,false,,13.90,0.1390,true,1,137909
5413121359035,false,בלגיאן טראפלס בלגי קקאו אורגינל 200 גרם,,,בלגיאן-טרופלס אוריגי,גרמים,200.00,100 גרם,false,,14.90,0.0745,true,1,144963
5413121359769,false,לבבות וצדפי שוקולד 195ג' בלגיאן,בי סי ג'י אולן,BE,צדפי שוקולד בלגי,גרמים,195.00,100 גרם,false,,11.90,0.0610,true,1,128533
5413121364121,false,"בלגיאן -טראפלס קקאו ""חג שמח"" 150ג'",Q Chocolate,BE,בלג'יאן טראפלס קקאו,גרמים,150.00,100 גרם,false,,10.90,0.0727,true,1,201383
5413149655522,false,"אבקת כביסה שושן צחור 1.25 ק""ג אריאל",פרוקטר אנד גמבל,TR,אריאל שושן צחור 1.25,קילוגרמים,1.25,"ק""ג",false,,14.90,11.9200,true,1,121474
5413149922907,false,"אבקת כביסה קולור וסטייל 5 ק""ג אריאל",פרוקטר אנד גמבל,TR,אריאל קולור וסטייל 5,קילוגרמים,5.00,"ק""ג",false,,36.90,7.3800,false,1,123715
5413149922938,false,"אריאל אבקת כביסה שושן צחור, 5 ק""ג",פרוקטר אנד גמבל,TR,אריאל שושן צחור 5קג,קילוגרמים,5.00,"ק""ג",false,,36.90,7.3800,false,1,123716
5413202178609,false,בונ' פרלינים בלגיים,ITALIANA CONFETTI,IT,בונ' פרלינים בלגיים,גרמים,200.00,100 גרם,false,,26.90,0.1345,true,1,265419
5413216990242,false,בונבוניירה צדפים ממולאים בקרם אגוזים,נאטראג'\אקאלי,BE,בונבוניירה צדפות בלג,גרמים,250.00,100 גרם,false,,17.90,0.0716,true,1,190912
5413548280189,false,קינדר שוקו בון 1 יחידות 125 גרם,פררו - אלבה,BE,חטיפי קינדר שוקו בון,גרמים,125.00,100 גרם,false,,11.90,0.0952,true,1,102121
5420066330203,false,ביאנקה טרופל קקאו באריזת זהב 175 גרם,Q Chocolate,BE,ביאנקה טרופל קקאו 17,גרמים,175.00,100 גרם,false,,13.90,0.0794,true,1,189592
5420066330210,false,ביאנקה- טרופל קקאו באריזות כסף 175 ג,Q Chocolate,,ביאנקה טרופל קקאו כס,גרמים,175.00,100 גרם,false,,13.90,0.0794,true,1,190841
5420066370032,false,טראפל בלגי מריר 150 גרם,CHOCOLATE Q,TR,טראפל בלגי מריר,גרמים,150.00,100 גרם,false,,10.90,0.0727,true,1,203416
5600213501018,false,מלח אטלנטי עבה שקית,,,מלח אטלנטי עבה שקית,קילוגרמים,1.00,"ק""ג",false,,14.90,14.9000,true,1,197663
5601008200444,false,עוגיות גודיס טבעות מצופות שוקולד חלב מרבה 150 גרם,הנסיך- מפעל לייצור ט,PT,עוגיות טבעת מצופות ש,גרמים,150.00,100 גרם,false,,6.50,0.0433,true,1,135241
5601008200451,false,עוגיות גודיס טבעות מצופות שוקולד מריר מרבה 150 גרם,מרבה Merba,PT,עוגיות טבעת מצופות ש,גרמים,150.00,100 גרם,false,,6.50,0.0433,true,1,135242
5601008200468,false,עוגיות גודיס טבעות מצופות שוקולד לבו מרבה 150 גרם,קריניציה ויטמינה אס,PT,עוגיות טבעת מצופות ש,גרמים,150.00,100 גרם,false,,6.50,0.0433,true,1,135243
5601045300022,false,משקה גוארנה אנטרטיקה פחית 355 מל,סומול וקומפל אס.איי,PT,גוארנה אנטרטיקה 330,יחידה,330.00,יחידה,false,,6.00,0.0182,true,1,123989
5603037413178,false,גרבי ברך,,,גרבי ברך,יחידה,0.00,יחידה,false,,8.90,0.0000,true,1,127295
5603037413307,false,גרבי ברך ניילון,,,גרבי ברך ניילון,יחידה,0.00,יחידה,false,,8.90,0.0000,true,1,125674
5603037413314,false,בירכונים,,,בירכונים,יחידה,0.00,יחידה,false,,8.90,0.0000,true,1,127289
5603037413345,false,גרביונים,,,גרביונים,יחידה,0.00,יחידה,false,,13.90,0.0000,true,1,127430
5603037413352,false,גרביונים,,,גרביונים,יחידה,0.00,יחידה,false,,13.90,0.0000,true,1,127290
5603037413369,false,גרביונים,,,גרביונים,יחידה,0.00,יחידה,false,,13.90,0.0000,true,1,127431
5603037413406,false,גרביונים,,,גרביונים,יחידה,0.00,יחידה,false,,13.90,0.0000,true,1,126909
5603037413451,false,גרביונים מידה L,,,גרביונים מידה L,יחידה,0.00,יחידה,false,,13.90,0.0000,true,1,125514
5603037413468,false,גרביונים מידה XL,,,גרביונים מידה XL,יחידה,0.00,יחידה,false,,13.90,0.0000,true,1,125515
5604912415003,false,סרדינים בשמן זית 125 גרם,קונסברס פורטוגל נורטה לי,PT,סרדינים בשמן זית פור,גרמים,125.00,100 גרם,false,,6.90,0.0552,true,1,203525
5604912415058,false,סרדינים פורטוס בשמן חמניות חריף 125 גרם,פורטוס Porthos,PT,סרדינים בשמן חמניה ח,גרמים,125.00,100 גרם,false,,6.30,0.0504,true,1,203527
5604912425057,false,מקרלים בשמן חמניה חריף פורטוס 125 גרם,קונסרבס פורטוגל נורטה לי,PT,מקרלים בשמן חמניה חר,גרמים,125.00,100 גרם,false,,5.90,0.0472,true,1,204030
5701932026964,false,"הוטפופ גרעיני תירס להכנת פופקורן במיקרוגל בטעם טבעי, בתוספת מלח, 600 גרם",ליימן מותגים,US,פופקורן למיקרוגל,גרמים,600.00,100 גרם,false,,15.00,0.0250,true,1,102122
5701932026971,false,הוטפופ גרעיני תירס להכנת פופקורן במיקרוגל בטעם חמאה 600 גרם,ליימן מותגים,US,פופקורן חמאה 600,גרמים,600.00,100 גרם,false,,15.00,0.0250,true,1,102123
5701932026995,false,"הוטפופ גרעיני תירס להכנת פופקורן במיקרוגל בטעם טבעי מופחת שומן, 510 גרם",קריניציה ויטמינה אס,US,פופקורן הוטפופ,גרמים,510.00,100 גרם,false,,15.00,0.0294,false,1,102124
5706516031358,false,פופקורן להכנה במיקרוגל בטעם טבעי מופחת שומן 5 שקיות,ליימן מותגים,US,הוטפופ 100קלוריות,גרמים,160.00,100 גרם,false,,15.00,0.0938,true,1,121966
5708209201611,false,טורטיה מקמח חיטה 20 אנטיקה קנטינה 320 גרם,לייטון פודס-קנטינה,DK,טורטיה מקמח חיטה,גרמים,340.00,100 גרם,false,,16.90,0.0497,true,1,122334
5708209201628,false,טורטיה מקמח חיטה קוטר 25 סמ 370 גרם,,,טורטיה,גרמים,370.00,100 גרם,false,,19.90,0.0538,true,1,122452
5711953106583,false,גבינת שמנת בטעם טבעי 200 גרם ארלה,ארלה פודס אמבה,DK,ארלה גבינת שמנת טבעי,גרמים,200.00,100 גרם,false,,15.90,0.0795,true,1,209210
5711953106590,false,גבינת שמנת ארלה שמנת שום 200 גרם,ארלה פודס אמבה,DK,ארלה גבינת שמנת שום,גרמים,200.00,100 גרם,false,,15.90,0.0795,true,1,209264
5711953106606,false,גבינת שמנת עם תבלינים ועשבי תיבול 23.5%,ארלה פודס אמבה,DK,ארלה גבינת שמנת עשבי,גרמים,200.00,100 גרם,false,,15.90,0.0795,true,1,209211
5711953148347,false,"גבינת שמנת טבעי ארלה, 300 גרם",ארלה,DK,גבינת שמנת ארלה 300,גרמים,300.00,100 גרם,false,,22.90,0.0763,false,1,266345
5740900403215,false,ממרח מחמאת לורפק עם מלח 250 ג',ארלה פודס אמבה,DK,ממרח מחמאת לורפק עם,גרמים,250.00,100 גרם,false,,17.90,0.0716,false,1,204248
5740900403222,false,ממרח לורפק חמאה עם מלח מופחת שומן 250 ג,ארלה פודס אמבה,DK,ממרח מחמאת לורפק עם,גרמים,250.00,100 גרם,false,,17.90,0.0716,false,1,204249
5740900403239,false,ממרח לורפק ללא תוספת מלח 250 גר,ארלה פודס אמבה,DK,ממרח מחמאת לורפק ללא,גרמים,250.00,100 גרם,false,,17.90,0.0716,false,1,204250
5740900403246,false,ממרח לורפק ללא תוספת מלח 500 גר,ארלה פודס אמבה,DK,ממרח מחמאת לורפק ללא,גרמים,500.00,100 גרם,false,,28.50,0.0570,false,1,204251
5740900403253,false,ממרח מחמאת לורפק עם מלח 500 ג',ארלה פודס אמבה,DK,ממרח מחמאת לורפק עם,גרמים,500.00,100 גרם,false,,28.50,0.0570,false,1,204252
5740900403260,false,ממרח מחמאת לורפק ללא מלח 27% פחות שומן,ארלה פודס אמבה,DK,ממרח לורפק ללא מלח 2,גרמים,250.00,100 גרם,false,,17.90,0.0716,false,1,204253
5740900403284,false,חמאה ללא מלח 200 גרם לורפק כשרות או קיי,ארלה פודס אמבה,DK,חמאה לורפק 200 גר לל,גרמים,200.00,100 גרם,false,,11.90,0.0595,false,1,211464
5900020012814,false,דגנים תפוחים בטעם שוקולד נסקוויק נסטלה 500 גרם,מיוצר עי קונדיטוריית,PL,נסקוויק דגני בוקר בט,גרמים,500.00,100 גרם,false,,19.90,0.0398,false,1,122559
5900020020710,false,מארז חטיף דגנים קראנץ' בטעם שוקו וניל נסטלה,נסטלה פולין ברים,PL,קראנץ בר שוקו וניל 6,גרמים,150.00,100 גרם,false,,14.90,0.0993,false,1,144585
5900020020741,false,חטיפי דגנים נסקוויק בר שוקו שוקו 6*25 גר,נסטלה פולין ברים,PL,נסקוויק בר דגנים שוק,גרמים,150.00,100 גרם,false,,14.90,0.0993,false,1,144586
5900020024770,false,פיטנס - דליס חטיף דגנים שוקולד אגוז 22.50 גרם * 6,נסטלה פולין ברים,PL,חטיפי פיטנס בר דליס,גרמים,135.00,100 גרם,false,,14.90,0.1104,false,1,187203
5900020024817,false,פיטנס דליס Fitness Delice חטיף דגנים עם שוקולד לבן,נסטלה פולין ברים,PL,חטיפי פיטנס בר דליס,גרמים,135.00,100 גרם,false,,14.90,0.1104,false,1,187204
5900020025647,false,חטיף דגנים פיטנס שוקולד חלב 135 גרם מארז 6 יחידות,מיוצר עי קונדיטוריית,PL,חטיפי פיטנס בר דליס,גרמים,135.00,100 גרם,false,,14.90,0.1104,false,1,187206
5900020026552,false,דגני בוקר האני נאט צ'יריוס בטעם דבש ושקדים,נסטלה צרפת איטנקורט,FR,האני נאט ציריוס עידן,גרמים,625.00,100 גרם,false,,19.90,0.0318,false,1,192379
5900020031877,false,נסטלה האני ציריוס חטיף דגני בוקר שישייה,נסטלה פולין דגני בוק,PL,צ'ריוס האני נאט חטיף,גרמים,132.00,100 גרם,false,,14.90,0.1129,false,1,203293
5900020033314,false,חטיף דגני בוקר Lion בטעם קרמל ושוקולד על קרם חלב,נסטלה פולין דגני בוק,PL,ליון חטיף דגנים 6*25,גרמים,150.00,100 גרם,false,,14.90,0.0993,false,1,204429
5900020036407,false,ליון דגני בוקר שוקולד וקרמל נסטלה 480 גרם,נסטלה פולין דגני בוק,PL,דגני בוקר שוקולד וקר,גרמים,480.00,100 גרם,false,,19.90,0.0415,false,1,213479
5900020037916,false,דגני בוקר שיבולת שועל צ'ריוס 375ג',ג'נרל מילס סאן אדריא,PL,צ'יריוס שיבולת שועל,גרמים,375.00,100 גרם,false,,16.90,0.0451,true,1,215950
5900020041142,false,קורנפלקס פיטנס 500 ג' אסם,נסטלה צרפת איטנקורט,PL,קורנפלקס פיטנס 500 ג,גרמים,500.00,100 גרם,false,,12.90,0.0258,false,1,266441
5900020041371,false,פיטנס חטיף שוקולד מריר ושקדים 23.50 גרם,נסטלה פולין ברים,PL,פיטנס חטיף שוקולד מר,גרמים,141.00,100 גרם,false,,14.90,0.1057,true,1,265453
5900323007432,false,זוג מתלים בינוניים כ,3m,,זוג מתלים בינוניים כ,יחידה,0.00,יחידה,false,,16.90,0.0000,true,1,266509
5900353612965,false,בונ לב פח שרי 185 ג MIESZKO CHERRISSIM,MIESZKO,PL,בונ' לב פח שרי 185,גרמים,185.00,100 גרם,false,,31.90,0.1724,true,1,208511
5900353647219,false,קופסה סליווקה שזיפים בשוקולד מריר 205 ג,,PL,שזיפים בשוקלד מריר M,גרמים,205.00,100 גרם,false,,14.90,0.0727,true,1,219572
5900627026429,false,"סיליט באנג גיל לניקוי אסלות בתוספת אקונומיקה 750מ""ל",רקיט בנקיזר,PL,סיליט באנג מנקה ומחט,מיליליטרים,750.00,"100 מ""ל",false,,9.90,0.0132,true,1,104449
5900627063233,false,טבליות למדיח הכל ב-1 פיניש מקס 50 יחידות,רקיט בנקיזר,PL,פיניש 50 טבליות AIO,יחידה,0.00,יחידה,false,,39.90,0.0000,true,1,193078
5900951020889,false,אוכל לחתולים ויסקס צ,ויסקס Whiskas,PL,ויסקס צ'יקן 400 גר',גרמים,400.00,100 גרם,false,,9.40,0.0235,true,1,186951
5900951284571,false,אוכל לכלבים פדיגרי ב,פדיגרי,US,פדיגרי פחית בקר 400,גרמים,400.00,100 גרם,false,,9.40,0.0235,true,1,216231
5901414200411,false,בלזן היט מיני ביסקוויט סנדוויץ' עם מילוי קרם בטעם שוקולד 130 גרם,ליימן שליסל,PL,עוגיות מיני היט,גרמים,130.00,100 גרם,false,,6.90,0.0531,true,1,98461
5901888020508,false,FREEYU חטיף דגנים עם קינואה בטעם צ'ילי 70 גרם,דנשר,PL,FREEYU חטיף דגנים עם,גרמים,70.00,100 גרם,false,,13.90,0.1986,true,1,264965
5902198160403,false,XL משקה אנרגיה מוגז ללא סוכר עד 10 קלוריות לפחית 250 מל,"טמפו משקאות בע""\מ",IL,"XL ten פחית 250 מ""ל",מיליליטרים,250.00,"100 מ""ל",false,,4.50,0.0180,false,1,197621
5903141006694,false,ווג פריזון מנטול עשירייה,Unknown,PL,פקט ווג פריזון מנטה,יחידה,0.00,יחידה,false,,362.00,0.0000,false,1,128202
5906485301012,false,"משקה אנרגיה XL פחית 250 מ""ל","טמפו משקאות בע""מ",IL,משקה אנרגיה אקסל,מיליליטרים,250.00,"100 מ""ל",false,,4.50,0.0180,false,1,92940
5941021005023,false,בונבוניירה היידי בוק,,,היידי פרלין שוקולד ב,גרמים,120.00,100 גרם,false,,15.90,0.1325,true,1,208579
5948530002130,false,ווג סופרסלימס כחול עשירייה,Unknown,PL,פקט ווג ליידי כחול,יחידה,0.00,יחידה,false,,362.00,0.0000,false,1,134360
5948530002147,false,ווג סופרסלימס לילך עשירייה,Unknown,PL,פקט ווג ליידי לילך,יחידה,0.00,יחידה,false,,362.00,0.0000,false,1,134569
5948559002753,false,5 מטליות ניקוי בעלות ספיגה מקסימלית,3m,IT,מטלית ניקוי בעלת ספי,יחידה,0.00,יחידה,false,,15.90,0.0000,true,1,207773
5998749109113,false,פדיגרי דנטאסטיקס כלב לארג 270 גרם (7 יח') BP40S,פדיגרי Pedigree,HU,פדיגרי דנטה לארג' 27,גרמים,270.00,100 גרם,false,,18.90,0.0700,true,1,186955
5998749129746,false,ויסקאס אדולט בקר 1.4 קג,ויסקס,HU,ויסקס אדולט ביף 1.4,קילוגרמים,1.40,"ק""ג",false,,46.90,33.5000,true,1,192676
5998749129784,false,"ויסקס אדולט ציקן 1.4 ק""ג",,,ויסקס אדולט צ'יקן 1.,קילוגרמים,1.40,"ק""ג",false,,46.90,33.5000,true,1,192596
5998749139974,false,פדיגרי ג'אמבון לארג',,,פדיגרי ג'אמבון לארג',גרמים,180.00,100 גרם,false,,17.90,0.0994,true,1,262702
6001030003126,false,"וולינטון - רוטב ווסטרשייר 250מ""ל",היינץ פודס,,ויגלטון רוטב וושסטר,גרמים,250.00,100 גרם,false,,14.90,0.0596,true,1,209514
6003105003260,false,"ציר ירקות מרוכז 200 מ""ל אינה פארמנס",INA PAARMANS,ZA,ציר ירקות נוזלי מרוכ,מיליליטרים,200.00,"100 מ""ל",false,,27.90,0.1395,true,1,150417
6003770000168,false,רוטב פרי פרי בחריפות,NANDOS,ZA,רוטב פרי פרי בחריפות,גרמים,250.00,100 גרם,false,,22.90,0.0916,true,1,193997
6003770002414,false,רוטב נאנדוס פרי פרי לימון 250 גרם,NANDOS,ZA,רוטב פרי פרי לימון ו,גרמים,250.00,100 גרם,false,,22.90,0.0916,true,1,184485
6008165274629,false,פאל מאל כחול ארוך סטרים פילטר חפיסה,יושלם,TR,פאל מאל כחול ארוך סט,יחידה,0.00,יחידה,false,,29.00,0.0000,false,1,188095
6086142557408,false,שעועית הילדה אורגנית,,,שעועית ירוקה הילדה,גרמים,200.00,100 גרם,false,,14.90,0.0745,true,1,266401
6102017501939,false,מצת להבה לגז brico {במעמד},,CN,מצית להבה,יחידה,0.00,יחידה,false,,9.90,0.0000,true,1,203072
6111094000013,false,"קוסקוס דארי בינוני תומר 1 ק""ג",דארי קוספאט אס. איי. או,MA,דארי-קוסקוס ביינוני,קילוגרמים,1.00,"ק""ג",false,,16.90,16.9000,true,1,150634
6111094000259,false,קוסקוס דארי בינוני 500ג'18X,דארי קוספאט אס. איי. או,MA,דארי קוסקוס בינוני 5,גרמים,500.00,100 גרם,false,,9.20,0.0184,true,1,146511
6111094000808,false,"קוסקוס דארי בינוני תומר 1 ק""ג + 10% תוספת",דארי קוספטה אל-זהרה,MA,קוסקוס דארי ביינוני,קילוגרמים,1.00,"ק""ג",false,,16.90,16.9000,true,1,199509
6191546003823,false,אריסה טוניסאית 190 גר,מונה פוד,,אריסה טוניסאית,גרמים,190.00,100 גרם,false,,16.90,0.0889,true,1,210707
6224009175062,false,תחתיות ארטישוק 3-7 1קג,O.K FRUIT,EG,"תחתיות ארטישוק 1 ק""ג",קילוגרמים,1.00,"ק""ג",false,,15.90,15.9000,true,1,217693
6253017300012,false,טחינה קראוון המקורית,אחדות ביחר לטחינה ח,IL,טחינה קראוון 450 גר',גרמים,450.00,100 גרם,false,,14.90,0.0331,true,1,117061
6253017300029,false,טחינה גולמית קרוואן,קרואן Karawan,,טחינה היונה 950 גר',גרמים,950.00,100 גרם,false,,29.90,0.0315,true,1,186451
6253017300272,false,טחינה מלאה קרואן יונ,,,טחינה מלאה קרואן יונ,גרמים,500.00,100 גרם,false,,13.90,0.0278,true,1,263534
6910191800287,false,אצות נורי בלו 10 דף (ננגטונג),ננטונג היידה אקווטוק,CN,אצות נורי לסושי 10 ד,גרמים,25.00,100 גרם,false,,12.90,0.5160,true,1,193053
6920354822223,false,משחת שיניים נטורל גינגר קוקוס קולגייט 90 ג',קולגייט פלמוליב,PL,קולגייט נטורל משחת ש,יחידה,0.00,יחידה,false,,29.90,0.0000,true,1,219098
6920354824395,false,"קולגייט נטורל משחת שיניים חמוציות פחם 71 מ""ל",קולגייט פלמוליב,PL,קולגייט נטורל משחת ש,יחידה,0.00,יחידה,false,,29.90,0.0000,true,1,219099
6922276100083,false,מחית וואסבי -חזרת 43 גרם (דליאן),דליאן ג'ינדה קונדימנ,CN,מחית וואסבי חזרת,גרמים,43.00,100 גרם,false,,9.90,0.2302,true,1,189280
6925621678558,false,ערכת שמן נוזלי מלכות,שלהבת,,ערכת מלכות חנוכה,יחידה,0.00,יחידה,false,,44.90,0.0000,true,1,215061
6930660908887,false,מברשת אינטרדנטלית 8 יח ',,,מברשת אינטרדנטלית,יחידה,0.00,יחידה,false,,15.90,0.0000,true,1,210806
6936745600462,false,רוטב מירין לתיבול מז,דאנינג יוה פודס קו,CN,רוטב מירין לתיבול,מיליליטרים,500.00,"100 מ""ל",false,,20.90,0.0418,true,1,143504
6936745600783,false,"חומץ אורז מזרח מערב 500 מ""ל",דאנינג יוה פודס קו,CN,"חומץ אורז ""מזרח ומער",מיליליטרים,500.00,"100 מ""ל",false,,18.90,0.0378,true,1,143505
6937266703458,false,שיק היידרו סילק מכשיר+2 סכינים לנשים,שסטוביץ,CN,שיק היידרו נשים מכשי,גרמים,45.00,100 גרם,false,,35.90,0.7978,true,1,209993
6943022867524,false,בית מיני לחנוכיה,,,בית מיני לחנוכיה,יחידה,0.00,יחידה,false,,49.90,0.0000,true,1,215090
6974640730167,false,פטריות שיטאקה 100 גר (כ) (Zhejiang),CO FOOD FOREST .ZHEJIANG,CN,פטריות שיטאקה 100 גר,גרמים,100.00,100 גרם,false,,19.90,0.1990,true,1,264841
7038516140357,false,מברשת שיניים ג'ורדן טוטל סופט מארז 4 יחידות,מיוצר במלזיה עבור ג',NO,ג'ורדן מברשת שיניים,יחידה,0.00,יחידה,false,,14.90,0.0000,true,1,146140
7038516140418,false,ג'ורדן מברשת שיניים טוטאל קלין מדיום רביעייה,ג'ורדן Jordan,MY,ג'ורדן מברשות שיניים,יחידה,0.00,יחידה,false,,14.90,0.0000,true,1,149251
7046110064047,false,מארז זוג מברשת שיניים ג'ורדן ילדים 6-9,דנטלון,MY,מארז זוג מברשות שיני,יחידה,0.00,יחידה,false,,19.90,0.0000,true,1,190283
7046110064535,false,מארז זוג מברשת שיניים ג'ורדן ילדים 0-2,ג'ורדן Jordan,MY,מארז זוג מברשת שיניי,יחידה,0.00,יחידה,false,,19.90,0.0000,true,1,190284
7271730901261,false,ווקי מאק ארוחת אטריות עם גבינה 156 גרם,ניו וורלד פסטה קומפנ,US,פסטה גבינה וואקי מאק,גרמים,156.00,100 גרם,false,,10.90,0.0699,true,1,141710
7290000000001,false,עגבניות,,,עגבניות,קילוגרמים,1.00,"ק""ג",true,,8.90,8.9000,false,1,92924
7290000000002,false,לחם אחיד כהה 750 גרם,אנג'ל,IL,מלפפון,קילוגרמים,1.00,"ק""ג",true,,6.90,6.9000,false,1,104048
7290000000003,false,כוסות מתכלות בתי קפה,,,גזר,קילוגרמים,1.00,"ק""ג",true,,4.90,4.9000,true,1,104049
7290000000004,false,לחמניית אצבע עם נקני,,,חצילים,קילוגרמים,1.00,"ק""ג",true,,5.90,5.9000,true,1,104050
7290000000005,false,חלה רגילה 500 גרם.,,IL,פלפל נהריה,קילוגרמים,1.00,"ק""ג",true,,8.90,8.9000,true,1,103586
7290000000006,false,פלפל ירוק,,,פלפל ירוק,קילוגרמים,1.00,"ק""ג",true,,7.90,7.9000,true,1,104051
7290000000007,false,פלפל אדום,,,פלפל אדום,קילוגרמים,1.00,"ק""ג",true,,8.90,8.9000,true,1,103587
7290000000008,false,כרוב אדום,,,כרוב אדום,קילוגרמים,1.00,"ק""ג",true,,5.90,5.9000,true,1,99495
7290000000009,false,כרוב ירוק,,,כרוב ירוק,קילוגרמים,1.00,"ק""ג",true,,4.90,4.9000,true,1,104052
7290000000010,false,שום ארוז,,,כרובית,קילוגרמים,1.00,"ק""ג",true,,9.90,9.9000,true,1,104053
7290000000011,false,פלפל חריף,,,קישואים,קילוגרמים,1.00,"ק""ג",true,,7.90,7.9000,true,1,104054
7290000000012,false,פלפל אדום,,,סלק,קילוגרמים,1.00,"ק""ג",true,,5.90,5.9000,true,1,99496
7290000000013,false,פלפל ירוק,,,צנון,קילוגרמים,1.00,"ק""ג",true,,8.90,8.9000,true,1,104055
7290000000014,false,שעועית ירוקה,,,שעועית ירוקה,קילוגרמים,1.00,"ק""ג",true,,19.90,19.9000,true,1,104056
7290000000015,false,עיתון ידיעות שבת,,,שעועית צהובה,קילוגרמים,1.00,"ק""ג",true,,19.90,19.9000,true,1,104057
7290000000016,false,תפוחי אדמה לבן,,,תפוחי אדמה לבן,קילוגרמים,1.00,"ק""ג",true,,5.90,5.9000,true,1,104058
7290000000017,false,סלרי עלים,,,בצל יבש,קילוגרמים,1.00,"ק""ג",true,,4.90,4.9000,true,1,104059
7290000000018,false,שום יבש תפזורת,ירק הגליל,,שום יבש,קילוגרמים,1.00,"ק""ג",true,,19.90,19.9000,true,1,236803
7290000000019,false,חציל חממה,ריץ',,דלורית,קילוגרמים,1.00,"ק""ג",true,,7.90,7.9000,true,1,104061
7290000000020,false,חסה מהדרין,,,חסה מהדרין,יחידה,0.00,יחידה,false,,6.90,0.0000,true,1,104062
7290000000021,false,פטרוזיליה,,,פלפל חריף,קילוגרמים,1.00,"ק""ג",true,,7.90,7.9000,true,1,104063
7290000000022,false,סלרי עלים,,,סלרי עלים,יחידה,0.00,יחידה,false,,4.90,0.0000,true,1,104064
7290000000023,false,כוסברה יח',,,אבוקדו,קילוגרמים,1.00,"ק""ג",true,,11.90,11.9000,true,1,104065
7290000000024,false,תירס מקולף,,,תירס מקולף,קילוגרמים,1.00,"ק""ג",true,,11.90,11.9000,true,1,104066
7290000000025,false,ענב שחור עם גרעינים,,,קישואים עגולים,קילוגרמים,1.00,"ק""ג",true,,11.90,11.9000,true,1,104067
7290000000026,false,החזר פיקדון של מיחזור בקבוקים,,,אפרסמון,קילוגרמים,1.00,"ק""ג",true,,14.90,14.9000,true,1,104068
7290000000027,false,פומלה,,,דלעת,קילוגרמים,1.00,"ק""ג",true,,9.90,9.9000,true,1,104069
7290000000029,false,ענבים שחורים גדו,,,ענבים שחורים גדו,קילוגרמים,1.00,"ק""ג",true,,23.90,23.9000,true,1,104071
7290000000030,false,תפוח גרנד,,,ליצ'י,יחידה,0.00,יחידה,false,,11.90,0.0000,true,1,104072
7290000000031,false,תפוח זהוב,,,בצל ירוק,יחידה,0.00,יחידה,false,,4.90,0.0000,true,1,104073
7290000000032,false,בטטה ירושלמית,,,בטטה ירושלמית,קילוגרמים,1.00,"ק""ג",true,,16.90,16.9000,true,1,104074
7290000000033,false,תפוח אדמה גורמה,,,תפוח אדמה גורמה,קילוגרמים,1.00,"ק""ג",true,,7.90,7.9000,true,1,104075
7290000000034,false,בטטה,,,חסה,יחידה,0.00,יחידה,false,,5.90,0.0000,true,1,104076
7290000000035,false,תוספת שתיה בקירור,,,חסה עגולה,יחידה,0.00,יחידה,false,,6.90,0.0000,true,1,104077
7290000000036,false,כרוב סיני,,,כרוב סיני,יחידה,0.00,יחידה,false,,7.90,0.0000,true,1,104078
7290000000038,false,ברוקולי מגש,,,ברוקולי מגש,יחידה,0.00,יחידה,false,,8.90,0.0000,true,1,99541
7290000000041,false,סלק אדום,,,בטטה,קילוגרמים,1.00,"ק""ג",true,,7.90,7.9000,true,1,104080
7290000000045,false,תפוח אדמה אדום,,,תפוח אדמה אדום,קילוגרמים,1.00,"ק""ג",true,,6.90,6.9000,true,1,104083
7290000000046,false,גזר בתפזורת,,,בצל לבן,קילוגרמים,1.00,"ק""ג",true,,5.90,5.9000,true,1,104084
7290000000047,false,חבילת נענע טריה,,,חבילת נענע טריה,יחידה,0.00,יחידה,false,,4.90,0.0000,true,1,104085
7290000000049,false,כרישה (לוף פראסה),,,כרישה (לוף פראסה),קילוגרמים,1.00,"ק""ג",true,,19.90,19.9000,true,1,104086
7290000000050,false,שרי תמר,,,צנונית,יחידה,0.00,יחידה,false,,5.90,0.0000,true,1,104087
7290000000051,false,פלפל צהוב,,,פלפל צהוב,קילוגרמים,1.00,"ק""ג",true,,8.90,8.9000,true,1,104088
7290000000052,false,עגבניות שרי,,,עגבניות שרי,קילוגרמים,1.00,"ק""ג",true,,16.90,16.9000,true,1,99546
7290000000053,false,שזיף אירופי,,,אגס תפוח,קילוגרמים,1.00,"ק""ג",true,,14.90,14.9000,true,1,104089
7290000000054,false,פלפל כתום,,,פלפל כתום,קילוגרמים,1.00,"ק""ג",true,,8.90,8.9000,true,1,104090
7290000000055,false,סלק עלים,,,סלק עלים,יחידה,0.00,יחידה,false,,7.90,0.0000,true,1,104091
7290000000057,false,פלפל צהוב,,,אפרסק,קילוגרמים,1.00,"ק""ג",true,,9.90,9.9000,true,1,104093
7290000000059,false,שעועית ירוקה,,,ברוקולי משקל,קילוגרמים,1.00,"ק""ג",true,,19.90,19.9000,true,1,104095
7290000000060,false,תבלין טרי,,,תבלין טרי,יחידה,0.00,יחידה,false,,9.90,0.0000,true,1,99547
7290000000061,false,שעועית צהובה,,,אגסים חומים,קילוגרמים,1.00,"ק""ג",true,,12.90,12.9000,true,1,104096
7290000000062,false,"תפו""א אדום ארוז",,,בצל אדום,קילוגרמים,1.00,"ק""ג",true,,6.90,6.9000,true,1,99497
7290000000063,false,קלמנטינה,,,קולורבי,קילוגרמים,1.00,"ק""ג",true,,7.90,7.9000,true,1,104097
7290000000064,false,לימון,,,לימון,קילוגרמים,1.00,"ק""ג",true,,7.90,7.9000,true,1,104098
7290000000065,false,פיתות תנעמי 5יח+קבנו,,,אשכולית אדומה,קילוגרמים,1.00,"ק""ג",true,,6.90,6.9000,true,1,104099
7290000000067,false,ארטישוק ירושלמי,,,צנונית עלים,יחידה,0.00,יחידה,false,,4.99,0.0000,true,1,104101
7290000000068,false,פטריות ערד/פורטובלו,Unknown,,רימון טרי,קילוגרמים,1.00,"ק""ג",true,,11.90,11.9000,true,1,104102
7290000000070,false,פלפל שושקה ירוק/ אדו,,,פלפל שושקה ירוק/ אדו,קילוגרמים,1.00,"ק""ג",true,,14.90,14.9000,true,1,104104
7290000000072,false,תפוח עץ סטרקינג(חרמו,,,תפוח עץ סטרקינג(חרמו,קילוגרמים,1.00,"ק""ג",true,,9.90,9.9000,true,1,104106
7290000000074,false,תפוח עץ יונתן,,,תפוח עץ יונתן,קילוגרמים,1.00,"ק""ג",true,,11.90,11.9000,true,1,104108
7290000000075,false,תפוח עץ זהוב,מרינה פטריות הגליל,,תפוח עץ זהוב,קילוגרמים,1.00,"ק""ג",true,,9.90,9.9000,true,1,104109
7290000000076,false,פלפל אדום חריף,,,פלפל אדום חריף,קילוגרמים,1.00,"ק""ג",true,,9.90,9.9000,true,1,104110
7290000000077,false,משלוח הסתדרות-שליח פ,,,תפוח עץ גרנד (סמית),קילוגרמים,1.00,"ק""ג",true,,9.90,9.9000,true,1,104111
7290000000078,false,קולורבי,,,מלון,קילוגרמים,1.00,"ק""ג",true,,7.90,7.9000,false,1,99498
7290000000081,false,אגסים,,,אגסים,קילוגרמים,1.00,"ק""ג",true,,12.90,12.9000,true,1,104113
7290000000084,false,קיוי,,,קיוי,קילוגרמים,1.00,"ק""ג",true,,16.90,16.9000,true,1,104116
7290000000085,false,ענבי טלי,,,שומר,קילוגרמים,1.00,"ק""ג",true,,6.90,6.9000,true,1,104117
7290000000086,false,תירס ארוז,,,ראש סלרי,יחידה,0.00,יחידה,false,,7.90,0.0000,true,1,104118
7290000000087,false,אשכוליות,,,אשכוליות,קילוגרמים,1.00,"ק""ג",true,,6.90,6.9000,true,1,104119
7290000000088,false,תפוזים,,,תפוזים,קילוגרמים,1.00,"ק""ג",true,,7.90,7.9000,true,1,104120
7290000000089,false,בננה,,,בננה,קילוגרמים,1.00,"ק""ג",true,,5.90,5.9000,true,1,104121
7290000000091,false,דמי משלוח - אתר אינטרנט,,,לפת,קילוגרמים,1.00,"ק""ג",true,,8.90,8.9000,true,1,104123
7290000000092,false,פומלה לבנה,,,פומלה לבנה,קילוגרמים,1.00,"ק""ג",true,,7.90,7.9000,true,1,104124
7290000000093,false,ענבים שחורים קטן,,,ענבים שחורים קטן,קילוגרמים,1.00,"ק""ג",true,,23.90,23.9000,true,1,104125
7290000000094,false,תפוח גאלה,,,שזיף צהוב,קילוגרמים,1.00,"ק""ג",true,,17.90,17.9000,true,1,104126
7290000000095,false,מלפפון בייבי,,,ענה תפוח עץ,קילוגרמים,1.00,"ק""ג",true,,8.90,8.9000,true,1,104127
7290000000099,false,שורש פטרוזיליה,,,שורש פטרוזיליה,יחידה,0.00,יחידה,false,,5.90,0.0000,true,1,104131
7290000000100,false,אבוקדו האס,,,ירק,יחידה,0.00,יחידה,false,,3.50,0.0000,true,1,104132
7290000000102,false,מי קוקוס אמפאווה+מוט,ביכורי השקמה,,חבילת פטרוזיליה טרי,יחידה,0.00,יחידה,false,,10.00,0.0000,true,1,138607
7290000000104,false,חבילת כוסברה טריה,ביכורי השקמה,,חבילת כוסברה טריה,יחידה,0.00,יחידה,false,,3.00,0.0000,true,1,138608
7290000000106,false,אנונה,ביכורי השקמה,,אנונה,קילוגרמים,1.00,"ק""ג",true,,15.90,15.9000,true,1,104135
7290000000107,false,קישוא ירוק,ביכורי השקמה,,גזר תפזורת,קילוגרמים,1.00,"ק""ג",true,,4.90,4.9000,true,1,104136
7290000000108,false,קישואים זוקיני,ביכורי השקמה,,קישואים זוקיני,קילוגרמים,1.00,"ק""ג",true,,11.90,11.9000,true,1,99549
7290000000109,false,כרוב לבן,ביכורי השקמה,,תותים,גרמים,500.00,100 גרם,false,,19.90,0.0398,true,1,99500
7290000000110,false,כרוב אדום,ביכורי השקמה,,קלמנטינה,קילוגרמים,1.00,"ק""ג",true,,5.90,5.9000,true,1,104137
7290000000112,false,ברוקומיני,ביכורי השקמה,,ארטישוק,קילוגרמים,1.00,"ק""ג",true,,17.90,17.9000,true,1,104138
7290000000113,false,שום טרי עלים,ביכורי השקמה,,שום טרי עלים,קילוגרמים,1.00,"ק""ג",true,,19.90,19.9000,true,1,104139
7290000000114,false,תפוח עץ סטרקינג (אדו,ביכורי השקמה,,פפיה טרי,קילוגרמים,1.00,"ק""ג",true,,17.90,17.9000,true,1,104140
7290000000115,false,תפוח עץ מוזהב,ביכורי השקמה,,סנדוויץ,יחידה,0.00,יחידה,false,,3.00,0.0000,false,1,133490
7290000000117,false,עגבניות שרי תמר,ביכורי השקמה,,עגבניות שרי תמר,קילוגרמים,1.00,"ק""ג",true,,16.90,16.9000,true,1,99550
7290000000122,false,תפוח עץ פינק בראשית,ביכורי השקמה,,תפוח עץ פינק בראשית,קילוגרמים,1.00,"ק""ג",true,,13.90,13.9000,true,1,104034
7290000000124,false,לימון ליים,,,לימון ליים,קילוגרמים,1.00,"ק""ג",true,,11.90,11.9000,true,1,185359
7290000000126,false,כוסברה (בתפזורת),ביכורי השקמה,,תפוזים ברשת,קילוגרמים,1.00,"ק""ג",true,,4.90,4.9000,true,1,104142
7290000000127,false,"קמח אחיד שטיבל 25 ק""",אדמה,,ג ינג ר טרי במשקל,קילוגרמים,1.00,"ק""ג",true,,24.90,24.9000,true,1,99552
7290000000130,false,"תפ""א אדום תפזורת",ביכורי השקמה,,"תפ""א אדום תפזורת",קילוגרמים,1.00,"ק""ג",true,,7.90,7.9000,true,1,214062
7290000000131,false,חבילת שמיר טרי,ביכורי השקמה,,חבילת שמיר טרי,יחידה,0.00,יחידה,false,,3.50,0.0000,true,1,138609
7290000000132,false,תפוחי אדמה לבן תפזור,ביכורי השקמה,,תפוחי אדמה לבן תפזור,קילוגרמים,1.00,"ק""ג",true,,6.90,6.9000,true,1,236804
7290000000136,false,אשכולית צהובה,ביכורי השקמה,,אפונה,קילוגרמים,1.00,"ק""ג",true,,23.90,23.9000,true,1,104143
7290000000137,false,פומלה,ביכורי השקמה,,לוביה,קילוגרמים,1.00,"ק""ג",true,,44.90,44.9000,true,1,99556
7290000000138,false,גויאבה,ביכורי השקמה,,גויאבה,קילוגרמים,1.00,"ק""ג",true,,17.90,17.9000,true,1,104144
7290000000144,false,שעועית הילדה,ביכורי השקמה,,שעועית הילדה,קילוגרמים,1.00,"ק""ג",true,,21.90,21.9000,true,1,99559
7290000000145,false,דלעת ערמונים,,,דלעת ערמונים,קילוגרמים,1.00,"ק""ג",true,,13.90,13.9000,true,1,116088
7290000000147,false,פטריות שמפיניון במשק,ביכורי השקמה,,פטריות שמפיניון במשק,קילוגרמים,1.00,"ק""ג",true,,34.90,34.9000,true,1,99561
7290000000149,false,תפוח עץ חרמון,ביכורי השקמה,,פומלה אדומה,קילוגרמים,1.00,"ק""ג",true,,7.90,7.9000,true,1,92926
7290000000155,false,פטריות חורש במשקל,ביכורי השקמה,,פטריות חורש במשקל,קילוגרמים,1.00,"ק""ג",true,,34.90,34.9000,true,1,103875
7290000000156,false,ארטישוק,ביכורי השקמה,,פול טרי,קילוגרמים,1.00,"ק""ג",true,,16.90,16.9000,true,1,103876
7290000000157,false,שום טרי עלים חתוך,ביכורי השקמה,,שום טרי עלים חתוך,קילוגרמים,1.00,"ק""ג",true,,19.90,19.9000,true,1,103877
7290000000158,false,צנון שחור/לבן,ביכורי השקמה,,צנון שחור/לבן,קילוגרמים,1.00,"ק""ג",true,,7.90,7.9000,true,1,128602
7290000000164,false,קלתיאה עציץ 12,ביכורי השקמה,,קלתיאה עציץ 12,יחידה,0.00,יחידה,false,,36.90,0.0000,true,1,177855
7290000000165,false,מנגולד עלי סלק,אדמה,,אננס,יחידה,0.00,יחידה,false,,34.90,0.0000,true,1,99563
7290000000167,false,שרי מנומר/צהוב,ביכורי השקמה,,שרי מנומר/צהוב,קילוגרמים,1.00,"ק""ג",true,,16.90,16.9000,true,1,104147
7290000000168,false,פלפל צהוב,ביכורי השקמה,,קרמבולה,קילוגרמים,1.00,"ק""ג",true,,34.90,34.9000,true,1,104148
7290000000169,false,תפוח אדמה לאפיה,ביכורי שדה דרום 2002,,עגבניות תמר,קילוגרמים,1.00,"ק""ג",true,,8.90,8.9000,false,1,104149
7290000000174,false,ורבנה עציץ 12,אדמה,,ורבנה עציץ 12,יחידה,0.00,יחידה,false,,9.90,0.0000,true,1,138596
7290000000183,false,פטאיה,ביכורי השקמה,,פטאיה,קילוגרמים,1.00,"ק""ג",true,,34.90,34.9000,true,1,139773
7290000000184,false,עגבניות מגי,ביכורי השקמה,,עגבניות מגי,קילוגרמים,1.00,"ק""ג",true,,16.90,16.9000,true,1,190673
7290000000189,false,תפוח עץ גלה רויאל,ביכורי השקמה,,תפוח עץ גלה רויאל,קילוגרמים,1.00,"ק""ג",true,,9.90,9.9000,true,1,104152
7290000000190,false,סופגניה בטעמים,ביכורי השקמה,,סופגניה בטעמים,יחידה,0.00,יחידה,false,,6.90,0.0000,false,1,188824
7290000000195,false,תמר צהוב,ביכורי השקמה,,תפוז דם,קילוגרמים,1.00,"ק""ג",true,,7.90,7.9000,true,1,189845
7290000000207,false,אפרסמון גדול,ישרקו שיווק מותגי מז,,אפרסמון גדול,קילוגרמים,1.00,"ק""ג",true,,14.90,14.9000,true,1,194154
7290000000214,false,סחלב פלנופסיס 2 ענפי,ישרקו שיווק מותגי מז,,סחלב פלנופסיס 2 ענפי,יחידה,0.00,יחידה,false,,115.00,0.0000,true,1,139195
7290000000218,false,שקית אריזה בקופות,,,שקית אריזה בקופות,יחידה,0.00,יחידה,false,,0.10,0.0000,false,1,194826
7290000000220,false,נקניקיות קיבוצניה,ישרקו שיווק מותגי מז,,שתיה קרה 5 1 ל'.,יחידה,0.00,יחידה,false,,11.00,0.0000,false,1,113021
7290000000221,false,נקניק קרוביאנקה,ישרקו שיווק מותגי מז,,מים קרים 5 1 ל'.,יחידה,0.00,יחידה,false,,5.50,0.0000,true,1,200212
7290000000222,false,וטצינה מוסקובסקיה,ישרקו שיווק מותגי מז,,מים קרים 2 1 ל'/,יחידה,0.00,יחידה,false,,4.00,0.0000,false,1,200213
7290000000244,false,חצילים בלדי,ביכורי השקמה,,אגס אדום,קילוגרמים,1.00,"ק""ג",true,,12.90,12.9000,true,1,192706
7290000000305,false,בייגלה,בונז'ור,,בייגלה,יחידה,0.00,יחידה,false,,5.00,0.0000,true,1,104194
7290000000310,false,עלי חסה רומית ארוז,בונז'ור,,סופגניה גדולה,גרמים,48.00,100 גרם,false,,3.00,0.0625,true,1,104195
7290000000314,false,לחם שחור,מאפיית דוידוביץ ובני,,לחם שחור,יחידה,0.00,יחידה,false,,6.96,0.0000,false,1,102501
7290000000318,false,שוקו קר/חם קטן,מאפיית דוידוביץ ובני,,חלה רגילה,יחידה,0.00,יחידה,false,,5.90,0.0000,false,1,102503
7290000000321,false,זר מיוחד גדול,,,זר מיוחד גדול,יחידה,0.00,יחידה,false,,60.00,0.0000,true,1,114688
7290000000326,false,בגט כפרי בונז'ור,בונז'ור,,בגט כפרי בונז'ור,יחידה,0.00,יחידה,false,,5.40,0.0000,true,1,104197
7290000000329,false,מיני בגט דוידוביץ',מאפיית דוידוביץ ובני,,מיני בגט דוידוביץ',יחידה,0.00,יחידה,false,,3.90,0.0000,false,1,102505
7290000000350,false,סלט כבד קצוץ בשרי,,,סלט כבד קצוץ בשרי,קילוגרמים,1.00,"ק""ג",true,,99.90,99.9000,true,1,102659
7290000000374,false,"פטריות שמפיניון בד""ץ (רביבים)",חוות השמפיניון,IL,פטריות טריות,יחידה,0.00,יחידה,false,,8.90,0.0000,true,1,266675
7290000000391,false,קוטלט הודו בואקום,"ולדמן ביח""ר לנקניק ו",,סלט זיתים,קילוגרמים,1.00,"ק""ג",true,,49.90,49.9000,true,1,101980
7290000000400,false,דמי משלוח אור עקיבא,"ולדמן ביח""ר לנקניק ו",,דמי משלוח אור עקיבא,יחידה,0.00,יחידה,false,,2.90,0.0000,true,1,136041
7290000000411,false,שום יבש יבוא רמי לוי,אראל תוצרת חקלאית בע,IL,מארז שום רביעייה,יחידה,0.00,יחידה,false,,4.00,0.0000,true,1,144237
7290000000435,false,סלרי עלים יח',יד המלך,,חומוס ביתי,קילוגרמים,1.00,"ק""ג",true,,36.90,36.9000,true,1,101983
7290000000440,false,פסטרמה מחולקת,"ולדמן ביח""ר לנקניק ו",,בק' ריק,יחידה,0.00,יחידה,false,,1.20,0.0000,false,1,93207
7290000000471,false,חבילת שיבה טרייה,"ולדמן ביח""ר לנקניק ו",,חבילת שיבה טרייה,יחידה,0.00,יחידה,false,,4.90,0.0000,true,1,210786
7290000000490,false,סאפה אלוורה,,,סאפה אלוורה,יחידה,0.00,יחידה,false,,7.50,0.0000,false,1,202605
7290000000500,false,פריזר רוסי גדול,מעדני מניה תעשיות בש,,זר פרחים,יחידה,0.00,יחידה,false,,25.00,0.0000,true,1,102264
7290000000511,false,גולן פרוס,מעדני מניה תעשיות בש,,זר פרחים,יחידה,0.00,יחידה,false,,50.00,0.0000,true,1,205282
7290000000514,false,קרטון טרופית הכוכב (,מעדני מניה תעשיות בש,,קרטון טרופית הכוכב (,ליטרים,10.00,ליטר,false,,39.90,3.9900,false,1,105277
7290000000552,false,נקניק בוט,מעדני מניה תעשיות בש,,זר פרחים,יחידה,0.00,יחידה,false,,70.00,0.0000,true,1,104032
7290000000555,false,זר כפרי,מעדני מניה תעשיות בש,,זר כפרי,יחידה,0.00,יחידה,false,,35.00,0.0000,true,1,136040
7290000000557,false,עצמות מעושנות,מעדני מניה תעשיות בש,,בוקט גדול,יחידה,0.00,יחידה,false,,50.00,0.0000,true,1,143200
7290000000558,false,כוסברה ארוז,מעדני מניה תעשיות בש,,סלט טורקי,קילוגרמים,1.00,"ק""ג",true,,56.90,56.9000,true,1,101988
7290000000573,false,נקניק קייבסקיה,מעדני מניה תעשיות בש,,זר פרחים,יחידה,0.00,יחידה,false,,30.00,0.0000,true,1,117986
7290000000590,false,זר פרחים גדול,מעדני מניה תעשיות בש,,זר פרחים גדול,יחידה,0.00,יחידה,false,,40.00,0.0000,true,1,122009
7290000000600,false,סלמי רוונה,קרלברג ייצור ושיווק,,דמי משלוח,יחידה,0.00,יחידה,false,,30.00,0.0000,false,1,102005
7290000000604,false,בקבוק סודה קטן קר,,,בקבוק סודה קטן קר,יחידה,0.00,יחידה,false,,5.00,0.0000,false,1,202541
7290000000608,false,פחית שתיה קרה,קרלברג ייצור ושיווק,,פחית שתיה קרה,יחידה,0.00,יחידה,false,,7.00,0.0000,true,1,93067
7290000000609,false,בק' שתיה קרה 0.5ל,קוקה קולה,,בק' שתיה קרה 0.5ל,יחידה,0.00,יחידה,false,,9.00,0.0000,true,1,93068
7290000000611,false,פריזר סליבוצניה,נסטי,,XL / בלו קר,יחידה,0.00,יחידה,false,,7.00,0.0000,true,1,93069
7290000000640,false,הודו פרפר רגיל/פלפל/,קרלברג ייצור ושיווק,,סל פוליצר,יחידה,0.00,יחידה,false,,3.90,0.0000,false,1,115227
7290000000697,false,תיק יוטה פוליצר,,,תיק יוטה פוליצר,יחידה,0.00,יחידה,false,,13.90,0.0000,true,1,196813
7290000000700,false,הכנת הזמנה ללא משלוח,,,הכנת הזמנה ללא משלוח,יחידה,0.00,יחידה,false,,15.00,0.0000,false,1,117250
7290000000716,false,זיתים עם לימון במשקל,משתנה,IL,זיתים עם לימון במשקל,קילוגרמים,1.00,"ק""ג",true,,49.90,49.9000,true,1,95374
7290000000820,false,פסטרמה הודו גחלים טי,בונז'ור,,סופגניה גדולה,יחידה,0.00,יחידה,false,,3.00,0.0000,false,1,104203
7290000000842,false,באגט,בונז'ור,,באגט,יחידה,0.00,יחידה,false,,5.90,0.0000,true,1,104205
7290000000855,false,חצי בגט,בונז'ור,,חצי בגט,יחידה,0.00,יחידה,false,,3.50,0.0000,true,1,104206
7290000000900,false,זיכוי פקדון 0.30 שח,,,אורז במשקל,קילוגרמים,1.00,"ק""ג",true,,7.90,7.9000,true,1,108988
7290000000940,false,ערמונים,,,ערמונים,קילוגרמים,1.00,"ק""ג",true,,14.90,14.9000,true,1,100513
7290000001009,false,לאבנה 9% טרה 250גר+ק,,,גביע 500,יחידה,0.00,יחידה,false,,1.00,0.0000,true,1,100945
7290000001029,false,פלפל חריף אדום,ביכורי השקמה,,פסטה,קילוגרמים,1.00,"ק""ג",true,,39.00,39.0000,false,1,143587
7290000001042,false,מכסה מודפס,מעדני מניה תעשיות בש,,מכסה מודפס,יחידה,0.00,יחידה,false,,0.30,0.0000,true,1,100946
7290000001090,false,פנקסי פיקדון בקבוק,ביכורי השקמה,,פנקסי פיקדון בקבוק,יחידה,0.00,יחידה,false,,0.01,0.0000,false,1,242940
7290000001173,false,דג פורל טרי,,,דג פורל טרי,קילוגרמים,1.00,"ק""ג",true,,79.90,79.9000,false,1,119833
7290000001272,false,ירכיים עוף טרי תפזור,,,ירכיים עוף טרי תפזור,קילוגרמים,1.00,"ק""ג",true,,26.90,26.9000,false,1,97543
7290000001289,false,שוקיים עוף טרי,,,שוקיים עוף טרי,קילוגרמים,1.00,"ק""ג",true,,27.90,27.9000,false,1,97544
7290000001364,false,בירה לאגר צאזז 500מל,,,דג לוקוס טרי,קילוגרמים,1.00,"ק""ג",true,,140.00,140.0000,false,1,119551
7290000001388,false,חזה עוף גוש,,,חזה עוף גוש,קילוגרמים,1.00,"ק""ג",true,,32.90,32.9000,false,1,97546
7290000001395,false,ראש דג סלמון,,,ראש דג סלמון,קילוגרמים,1.00,"ק""ג",true,,15.00,15.0000,true,1,204725
7290000001470,false,קייזר כפול מחולק בוו,"ולדמן ביח""ר לנקניק ו",,סלמון טרי שלם,קילוגרמים,1.00,"ק""ג",true,,82.00,82.0000,false,1,120471
7290000001562,false,סלמון פילה טרי,מעדני מניה תעשיות בש,,סלמון פילה טרי,קילוגרמים,1.00,"ק""ג",true,,120.00,120.0000,false,1,197949
7290000001722,false,ג'ינג'ר דל סוכר תפזו,,,ג'ינג'ר דל סוכר תפזו,קילוגרמים,1.00,"ק""ג",true,,48.00,48.0000,true,1,150309
7290000001746,false,פומלית,,,פומלית,קילוגרמים,1.00,"ק""ג",true,,6.90,6.9000,true,1,104155
7290000001753,false,עוף טרי שלם,,,עוף טרי שלם,קילוגרמים,1.00,"ק""ג",true,,17.90,17.9000,false,1,142200
7290000001784,false,סלמון הילטון,,,סלמון הילטון,קילוגרמים,1.00,"ק""ג",true,,219.90,219.9000,true,1,119161
7290000001807,false,דג דניס טרי,,,דג דניס טרי,קילוגרמים,1.00,"ק""ג",true,,57.90,57.9000,false,1,93004
7290000001821,false,פסטרמה פרגיות לבגט ט,,,דג לברק טרי גדול,קילוגרמים,1.00,"ק""ג",true,,85.90,85.9000,true,1,192456
7290000001951,false,כנפיים עוף טריות נקי,,,כנפיים עוף טריות נקי,קילוגרמים,1.00,"ק""ג",true,,12.90,12.9000,false,1,135920
7290000001956,false,ערמונים ברשת,,,ערמונים ברשת,יחידה,0.00,יחידה,false,,24.90,0.0000,true,1,150312
7290000001982,false,2 סופגניות מיני,אראל תוצרת חקלאית בע,IL,2 סופגניות מיני,יחידה,0.00,יחידה,false,,6.00,0.0000,true,1,260834
7290000001999,false,3 סופגניות מיני,,,3 סופגניות מיני,יחידה,0.00,יחידה,false,,9.00,0.0000,true,1,260835
7290000002019,false,גבינה טורקיז לאזור ע,Lazur,,4 סופגניות מיני,יחידה,0.00,יחידה,false,,12.00,0.0000,true,1,260836
7290000002040,false,קוסקוס מבושל,,,קוסקוס מבושל,קילוגרמים,1.00,"ק""ג",true,,29.00,29.0000,false,1,142400
7290000002125,false,מארז 3 סופגניות גדול,,,מארז 3 סופגניות גדול,יחידה,0.00,יחידה,false,,15.00,0.0000,true,1,261705
7290000002132,false,מארז 2 סופגניות גדול,,,מארז 2 סופגניות גדול,יחידה,0.00,יחידה,false,,10.00,0.0000,true,1,261784
7290000002149,false,מארז 4 סופגניות גדול,,,מארז 4 סופגניות גדול,יחידה,0.00,יחידה,false,,20.00,0.0000,true,1,261785
7290000002217,false,מארז 3 לחמון מחמצת,,,מארז 3 לחמון מחמצת,יחידה,0.00,יחידה,false,,17.90,0.0000,true,1,266272
7290000002309,false,מארז 4 לחמניות לוסי,פריזלנד,,מארז 4 לחמניות לוסי,יחידה,0.00,יחידה,false,,12.90,0.0000,true,1,266283
7290000002682,false,פילה לברק טרי,,,פילה לברק טרי,קילוגרמים,1.00,"ק""ג",true,,150.00,150.0000,true,1,219302
7290000003016,false,כרוב / פלפל ממולא,מעדני בשר השוקת,,כרוב / פלפל ממולא,קילוגרמים,1.00,"ק""ג",true,,54.90,54.9000,false,1,142320
7290000003047,false,"מוסקה / מפרום תפ""א מ",,,"מוסקה / מפרום תפ""א מ",קילוגרמים,1.00,"ק""ג",true,,74.90,74.9000,false,1,102675
7290000003054,false,קציצות ירק,,,קציצות ירק,קילוגרמים,1.00,"ק""ג",true,,49.00,49.0000,false,1,102676
7290000003061,false,כרעיים/שוקיים בתנור/,,,כרעיים/שוקיים בתנור/,קילוגרמים,1.00,"ק""ג",true,,59.00,59.0000,false,1,133634
7290000003078,false,עוף מוקפץ בסגנון סינ,,,עוף מוקפץ בסגנון סינ,קילוגרמים,1.00,"ק""ג",true,,59.00,59.0000,false,1,142321
7290000003085,false,אורז עם ירקות,,,אורז עם ירקות,קילוגרמים,1.00,"ק""ג",true,,29.00,29.0000,false,1,142322
7290000003139,false,שוארמה עוף,,,שוארמה עוף,קילוגרמים,1.00,"ק""ג",true,,89.90,89.9000,false,1,133574
7290000003153,false,תפוח אדמה אפוי,,,תפוח אדמה אפוי,קילוגרמים,1.00,"ק""ג",true,,29.00,29.0000,false,1,142324
7290000003160,false,קציצות בקר/עוף,,,קציצות בקר/עוף,קילוגרמים,1.00,"ק""ג",true,,79.00,79.0000,false,1,102685
7290000003177,false,גבינה גאודה,מחלבת המושבה,,אורז מג'דרה,קילוגרמים,1.00,"ק""ג",true,,34.90,34.9000,false,1,142325
7290000003221,false,"קרפלך תפו""א / בשר",,,"קרפלך תפו""א / בשר",קילוגרמים,1.00,"ק""ג",true,,59.00,59.0000,false,1,133575
7290000003245,false,תוספות ירקות,,,תוספות ירקות,קילוגרמים,1.00,"ק""ג",true,,54.90,54.9000,false,1,142331
7290000003252,false,דג סול/בקלה מטוגן,,,דג סול/בקלה מטוגן,קילוגרמים,1.00,"ק""ג",true,,69.00,69.0000,false,1,142332
7290000003344,false,סטייק פרגית בגריל,,,סטייק פרגית בגריל,קילוגרמים,1.00,"ק""ג",true,,99.00,99.0000,false,1,142364
7290000003399,false,גפילטע פיש,יד המלך,,גפילטע פיש,יחידה,0.00,יחידה,false,,14.90,0.0000,true,1,125334
7290000003528,false,סלט טונה לבן/ אדום,,,סלט טונה לבן/ אדום,קילוגרמים,1.00,"ק""ג",true,,84.90,84.9000,true,1,196696
7290000003535,false,סלט טבולה,יד המלך,,סלט טבולה,קילוגרמים,1.00,"ק""ג",true,,56.90,56.9000,true,1,141839
7290000003542,false,סלט ביצים,,,סלט ביצים,קילוגרמים,1.00,"ק""ג",true,,76.90,76.9000,true,1,196700
7290000003580,false,בולגרית / פטה קוביות,,,בולגרית / פטה קוביות,קילוגרמים,1.00,"ק""ג",true,,109.90,109.9000,true,1,150656
7290000003597,false,סלט חציל מיונז על הא,יד המלך,,סלט חציל מיונז על הא,קילוגרמים,1.00,"ק""ג",true,,56.90,56.9000,true,1,196699
7290000003603,false,סלט חציל סטייק,יד המלך,,סלט חציל סטייק,קילוגרמים,1.00,"ק""ג",true,,56.90,56.9000,true,1,196775
7290000003627,false,סלט חציל יווני,יד המלך,,סלט חציל יווני,קילוגרמים,1.00,"ק""ג",true,,56.90,56.9000,true,1,196704
7290000003641,false,סלט מטבוחה ביתי,יד המלך,,סלט מטבוחה ביתי,קילוגרמים,1.00,"ק""ג",true,,59.90,59.9000,true,1,196723
7290000003672,false,צלי בקר מוכן,,,צלי בקר מוכן,קילוגרמים,1.00,"ק""ג",true,,110.00,110.0000,false,1,142328
7290000003689,false,סלט קול סלו,יד המלך,,סלט קול סלו,קילוגרמים,1.00,"ק""ג",true,,39.90,39.9000,true,1,196877
7290000003696,false,שניצל מטוגן,,,שניצל מטוגן,קילוגרמים,1.00,"ק""ג",true,,75.00,75.0000,false,1,142335
7290000003702,false,"סלט תפ""א רוסי",,,"סלט תפ""א רוסי",קילוגרמים,1.00,"ק""ג",true,,56.90,56.9000,true,1,197053
7290000003764,false,טחינה לבנה,,,טחינה לבנה,קילוגרמים,1.00,"ק""ג",true,,36.90,36.9000,true,1,196806
7290000003788,false,סלט פטריות מקסיקני,יד המלך,,סלט פטריות מקסיקני,קילוגרמים,1.00,"ק""ג",true,,69.90,69.9000,true,1,197052
7290000003801,false,סלט אבוקדו,יד המלך,,סלט אבוקדו,קילוגרמים,1.00,"ק""ג",true,,84.90,84.9000,true,1,196724
7290000003825,false,סלט כרוב סיני,יד המלך,,סלט כרוב סיני,קילוגרמים,1.00,"ק""ג",true,,39.90,39.9000,true,1,196725
7290000003849,false,סלסה,יד המלך,,סלסה,קילוגרמים,1.00,"ק""ג",true,,56.90,56.9000,true,1,196726
7290000003900,false,סלט חציל טעם כבד,יד המלך,,סלט חציל טעם כבד,קילוגרמים,1.00,"ק""ג",true,,79.90,79.9000,true,1,197073
7290000003955,false,חציל סביח,,,חציל סביח,קילוגרמים,1.00,"ק""ג",true,,69.90,69.9000,true,1,196729
7290000003962,false,סלט מסאייר/ירקות סינ,,,סלט מסאייר/ירקות סינ,קילוגרמים,1.00,"ק""ג",true,,52.90,52.9000,true,1,196730
7290000004000,false,מסכת הגנה לפנים,,,מסכת הגנה לפנים,יחידה,0.00,יחידה,false,,10.00,0.0000,true,1,213696
7290000004174,false,שומר אורגני,,,שומר אורגני,קילוגרמים,1.00,"ק""ג",true,,12.00,12.0000,true,1,147131
7290000004266,false,ירקות שטופים שדות בר,,,ירקות שטופים שדות בר,קילוגרמים,1.00,"ק""ג",true,,30.00,30.0000,true,1,126620
7290000004273,false,כרובית / ברוקולי בצי,,,כרובית / ברוקולי בצי,קילוגרמים,1.00,"ק""ג",true,,69.00,69.0000,false,1,190341
7290000004310,false,מנגו דל סוכר,יד המלך,,טחינה ירוקה,קילוגרמים,1.00,"ק""ג",true,,36.90,36.9000,true,1,196795
7290000004433,false,לברק טרי,,,לברק טרי,קילוגרמים,1.00,"ק""ג",true,,72.90,72.9000,true,1,189263
7290000004501,false,טבעות זיתים במשקל,,,טבעות זיתים במשקל,קילוגרמים,1.00,"ק""ג",true,,44.90,44.9000,false,1,117650
7290000004983,false,אמנון ענק טרי,,,אמנון ענק טרי,קילוגרמים,1.00,"ק""ג",true,,29.90,29.9000,false,1,189269
7290000005000,false,מסכת הגנה לפנים,,,מסכת הגנה לפנים,יחידה,0.00,יחידה,false,,0.90,0.0000,false,1,212502
7290000005003,false,סנדוויץ - טונה / כתף,,,סנדוויץ - טונה / כתף,יחידה,0.00,יחידה,false,,28.00,0.0000,false,1,215111
7290000005010,false,סנדוויץ - פסטרמה,,,סנדוויץ - פסטרמה,יחידה,0.00,יחידה,false,,22.00,0.0000,false,1,215112
7290000005041,false,סנדוויץ - נקניק יבש,,,סנדוויץ - נקניק יבש,יחידה,0.00,יחידה,false,,17.00,0.0000,false,1,215113
7290000005058,false,סנדוויץ - גבינה צהוב,,,סנדוויץ - גבינה צהוב,יחידה,0.00,יחידה,false,,20.00,0.0000,false,1,215114
7290000005081,false,עציץ,,,עציץ,יחידה,0.00,יחידה,false,,15.90,0.0000,true,1,201371
7290000005522,false,סלט חצילים,,,סלט חצילים,קילוגרמים,1.00,"ק""ג",true,,42.90,42.9000,true,1,196732
7290000005539,false,כרוב אדום,צבר,,כרוב אדום,קילוגרמים,1.00,"ק""ג",true,,39.90,39.9000,true,1,196727
7290000005546,false,סחוג אדום/ ירוק,יד המלך,,סחוג אדום/ ירוק,קילוגרמים,1.00,"ק""ג",true,,49.90,49.9000,true,1,196728
7290000005555,false,חוברת לחנוכה,,,חוברת לחנוכה,יחידה,0.00,יחידה,false,,19.90,0.0000,true,1,261653
7290000005577,false,איקרה לבנה,,,איקרה לבנה,קילוגרמים,1.00,"ק""ג",true,,69.90,69.9000,true,1,97551
7290000005652,false,קציצות ברוטב,,,קציצות ברוטב,קילוגרמים,1.00,"ק""ג",true,,79.00,79.0000,true,1,262853
7290000005676,false,זיתים שחורים במשקל,,,זיתים שחורים במשקל,קילוגרמים,1.00,"ק""ג",true,,49.90,49.9000,true,1,97474
7290000005683,false,זיתים ירוקים במשקל,,,זיתים ירוקים במשקל,קילוגרמים,1.00,"ק""ג",true,,49.90,49.9000,true,1,104033
7290000005706,false,זיתים שחורים טבעי במ,,,זיתים שחורים טבעי במ,קילוגרמים,1.00,"ק""ג",true,,49.90,49.9000,true,1,97475
7290000005708,false,קוקטייל זיתים יווני,,,קוקטייל זיתים יווני,קילוגרמים,1.00,"ק""ג",true,,49.90,49.9000,true,1,144644
7290000005713,false,זיתים סורים במשקל,,,זיתים סורים במשקל,קילוגרמים,1.00,"ק""ג",true,,49.90,49.9000,true,1,98307
7290000005737,false,לקרדה שלמה,,,לקרדה שלמה,קילוגרמים,1.00,"ק""ג",true,,79.90,79.9000,true,1,95377
7290000005782,false,חלבה רגיל,אחוה,,חלבה רגיל,קילוגרמים,1.00,"ק""ג",true,,39.90,39.9000,true,1,111411
7290000005805,false,חלבה פיסטוק שקדי,אחוה,,חלבה פיסטוק שקדי,קילוגרמים,1.00,"ק""ג",true,,49.90,49.9000,true,1,117937
7290000005812,false,חלבה נוגט ח. נוכרי,השחר העולה,,חלבה נוגט ח. נוכרי,קילוגרמים,1.00,"ק""ג",true,,39.90,39.9000,true,1,108619
7290000005867,false,דג מטיאס,,,דג מטיאס,קילוגרמים,1.00,"ק""ג",true,,59.90,59.9000,true,1,97552
7290000006000,false,מאפים במישקל,,,מאפים במישקל,קילוגרמים,1.00,"ק""ג",true,,49.90,49.9000,true,1,194354
7290000006031,false,מארז חמש מיני סופגני,,,מארז חמש מיני סופגני,יחידה,0.00,יחידה,false,,16.90,0.0000,true,1,214635
7290000006078,false,בקבוק מים 1/2 ל',,,בקבוק מים 1/2 ל',יחידה,0.00,יחידה,false,,3.00,0.0000,true,1,202357
7290000006079,false,חלה כדורים,,,חלה כדורים,יחידה,0.00,יחידה,false,,14.90,0.0000,true,1,206283
7290000006086,false,לחם מחמצת מאפיה,,,לחם מחמצת מאפיה,יחידה,0.00,יחידה,false,,17.90,0.0000,true,1,194350
7290000006185,false,חלה מתוקה / רגילה,,,חלה מתוקה / רגילה,יחידה,0.00,יחידה,false,,12.90,0.0000,true,1,194353
7290000006222,false,בייגלה,,,בייגלה,יחידה,0.00,יחידה,false,,5.00,0.0000,true,1,194357
7290000006246,false,בגט רגיל / כפרי,,,בגט רגיל / כפרי,יחידה,0.00,יחידה,false,,5.90,0.0000,true,1,196939
7290000006253,false,חצי בגט,,,חצי בגט,יחידה,0.00,יחידה,false,,3.50,0.0000,true,1,194359
7290000006260,false,סופגניה מיוחדת / דונ,,,סופגניה מיוחדת / דונ,יחידה,0.00,יחידה,false,,7.90,0.0000,true,1,194360
7290000006277,false,מארז שלוש דונטס,,,מארז שלוש דונטס,יחידה,0.00,יחידה,false,,23.00,0.0000,true,1,214636
7290000006376,false,גבינה מסקרפונה,,,מארז פיתות,יחידה,0.00,יחידה,false,,10.90,0.0000,true,1,214428
7290000006406,false,סופגניה רגיל /דונטס,,,סופגניה רגיל /דונטס,יחידה,0.00,יחידה,false,,5.00,0.0000,true,1,194362
7290000006512,false,עוגיות קוקיס / אמפנד,,,עוגיות קוקיס / אמפנד,קילוגרמים,1.00,"ק""ג",true,,55.90,55.9000,true,1,194435
7290000006574,false,סופגניה מיני,,,סופגניה מיני,יחידה,0.00,יחידה,false,,3.00,0.0000,true,1,194649
7290000006598,false,לחם מרוקאי / פוקאצ',,,לחם מרוקאי / פוקאצ',יחידה,0.00,יחידה,false,,14.90,0.0000,true,1,194707
7290000006820,false,מצית חד פעמי,,,מצית חד פעמי,יחידה,0.00,יחידה,false,,3.00,0.0000,true,1,101866
7290000006901,false,לחמניית המבורגר רביע,,,לחמניית המבורגר רביע,יחידה,0.00,יחידה,false,,16.90,0.0000,true,1,214215
7290000006925,false,בייגלה מארז שלישייה,,,בייגלה מארז שלישייה,יחידה,0.00,יחידה,false,,15.00,0.0000,true,1,196105
7290000006994,false,פקאן מסוכר,,,פקאן מסוכר,קילוגרמים,1.00,"ק""ג",true,,100.00,100.0000,true,1,125721
7290000007000,false,קילקה מלוח בתבלינים,,,כפפות ניטריל,יחידה,0.00,יחידה,false,,49.90,0.0000,true,1,214447
7290000007052,false,זיתים חרוזית במשקל,,,זיתים חרוזית במשקל,קילוגרמים,1.00,"ק""ג",true,,49.90,49.9000,true,1,100505
7290000007090,false,פלפל שיפקה במשקל,,,פלפל שיפקה במשקל,קילוגרמים,1.00,"ק""ג",true,,49.90,49.9000,true,1,96788
7290000007106,false,זיתים שחורים יבשים ב,,,זיתים שחורים יבשים ב,קילוגרמים,1.00,"ק""ג",true,,49.90,49.9000,true,1,97476
7290000007120,false,זיתים שחורים קלמטה ב,,,זיתים שחורים קלמטה ב,קילוגרמים,1.00,"ק""ג",true,,49.90,49.9000,true,1,103769
7290000007199,false,צימוק אוזבקי,,,צימוק אוזבקי,קילוגרמים,1.00,"ק""ג",true,,60.00,60.0000,true,1,215222
7290000007403,false,חלה קמח- מלא/ שיפון,,,חלה קמח- מלא/ שיפון,יחידה,0.00,יחידה,false,,17.90,0.0000,true,1,203574
7290000007601,false,דג ברמונדי טרי,,,דג ברמונדי טרי,קילוגרמים,1.00,"ק""ג",true,,50.00,50.0000,true,1,205361
7290000007908,false,מקל פרמזן /שום /גבינ,,,מקל פרמזן /שום /גבינ,יחידה,0.00,יחידה,false,,7.90,0.0000,true,1,202074
7290000007977,false,מארז 5 מיני סופגניה,,,מארז 5 מיני סופגניה,יחידה,0.00,יחידה,false,,12.90,0.0000,true,1,214573
7290000008301,false,פיסטוק מקולף,,,פיסטוק מקולף,קילוגרמים,1.00,"ק""ג",true,,130.00,130.0000,true,1,109002
7290000008714,false,קובה בשר חטיף.,,,קובה בשר חטיף.,קילוגרמים,1.00,"ק""ג",true,,69.00,69.0000,false,1,143192
7290000008745,false,פילה מושט ברוטב,,,פילה מושט ברוטב,קילוגרמים,1.00,"ק""ג",true,,69.00,69.0000,true,1,263250
7290000008783,false,כרטיס גירוד B&Dפריכוני אורז 80 גרם,,,קובה מטוגן,יחידה,0.00,יחידה,false,,7.90,0.0000,true,1,142433
7290000008912,false,חלה מתוקה קלועה 300,,,חלה מתוקה קלועה 300,יחידה,0.00,יחידה,false,,8.90,0.0000,true,1,214204
7290000008943,false,דניס שלם בתנור,,,דניס שלם בתנור,יחידה,0.00,יחידה,false,,39.90,0.0000,true,1,213785
7290000008974,false,מארז 4 חצי בגט,,,מארז 4 חצי בגט,יחידה,0.00,יחידה,false,,12.90,0.0000,true,1,208622
7290000008998,false,פילה סלמון ברוטב לימ,,,פילה סלמון ברוטב לימ,קילוגרמים,1.00,"ק""ג",true,,150.00,150.0000,false,1,142654
7290000009032,false,אבטיח אישי,,,בננה ציפס,קילוגרמים,1.00,"ק""ג",true,,30.00,30.0000,true,1,100517
7290000009056,false,גבינה מגורדת במש,תנובה חלב,,גבינה מגורדת במש,קילוגרמים,1.00,"ק""ג",true,,52.90,52.9000,true,1,96832
7290000009070,false,חמוציות שלמות מיובשו,,,חמוציות שלמות מיובשו,קילוגרמים,1.00,"ק""ג",true,,72.00,72.0000,true,1,115800
7290000009100,false,עוגת פס קרה,,,עוגת פס קרה,יחידה,0.00,יחידה,false,,39.90,0.0000,true,1,198435
7290000009254,false,מישמש יבש,,,מישמש יבש,קילוגרמים,1.00,"ק""ג",true,,59.00,59.0000,true,1,100518
7290000009278,false,תפוחי עץ מיובש,,,תפוחי עץ מיובש,קילוגרמים,1.00,"ק""ג",true,,59.90,59.9000,true,1,100520
7290000009285,false,אגוז מלך ללא קליפה,,,אגוז מלך ללא קליפה,קילוגרמים,1.00,"ק""ג",true,,59.00,59.0000,true,1,100521
7290000009292,false,תאנים יבשות,,,תאנים יבשות,קילוגרמים,1.00,"ק""ג",true,,49.00,49.0000,true,1,100522
7290000009315,false,צימוקים,,,צימוקים,קילוגרמים,1.00,"ק""ג",true,,39.90,39.9000,true,1,100523
7290000009322,false,שזיפים יבשים,,,שזיפים יבשים,קילוגרמים,1.00,"ק""ג",true,,42.00,42.0000,true,1,100524
7290000009346,false,שקדים טבעיים,,,שקדים טבעיים,קילוגרמים,1.00,"ק""ג",true,,69.00,69.0000,true,1,100527
7290000009353,false,אננס יבש מסוכר,,,אננס יבש מסוכר,קילוגרמים,1.00,"ק""ג",true,,45.00,45.0000,true,1,100528
7290000009360,false,שזיפים יבשים ללא גרע,,,שזיפים יבשים ללא גרע,קילוגרמים,1.00,"ק""ג",true,,48.00,48.0000,true,1,120890
7290000009384,false,תמרים מג'הול,,,תמרים מג'הול,קילוגרמים,1.00,"ק""ג",true,,49.90,49.9000,true,1,118542
7290000009407,false,שאריות גבינה,תנובה חלב,,שאריות גבינה,קילוגרמים,1.00,"ק""ג",true,,32.90,32.9000,false,1,112176
7290000009445,false,בונדוק מקולף,,,בונדוק מקולף,קילוגרמים,1.00,"ק""ג",true,,60.00,60.0000,true,1,100531
7290000009469,false,צנובר,,,צנובר,קילוגרמים,1.00,"ק""ג",true,,199.00,199.0000,true,1,100532
7290000009483,false,פאפיה מיובשת ומסוכרת,,,פאפיה מיובשת ומסוכרת,קילוגרמים,1.00,"ק""ג",true,,32.00,32.0000,true,1,100533
7290000009513,false,פקאן ללא קליפה,,,פקאן ללא קליפה,קילוגרמים,1.00,"ק""ג",true,,110.00,110.0000,true,1,100534
7290000009544,false,חמניות מקולפות,,,חמניות מקולפות,קילוגרמים,1.00,"ק""ג",true,,22.90,22.9000,true,1,109005
7290000009551,false,אגוזי קאשיו,,,אגוזי קאשיו,קילוגרמים,1.00,"ק""ג",true,,76.00,76.0000,true,1,100535
7290000009629,false,צימוקים שחורים,,,צימוקים שחורים,קילוגרמים,1.00,"ק""ג",true,,30.00,30.0000,true,1,100536
7290000009636,false,שאריות פסטרמה,עוף טוב,,שאריות פסטרמה,קילוגרמים,1.00,"ק""ג",true,,20.00,20.0000,false,1,112174
7290000009643,false,מארז לחמניות,,,מארז לחמניות,יחידה,0.00,יחידה,false,,12.90,0.0000,true,1,209505
7290000009650,false,עוגת קראנץ שוקולד חמ,,,עוגת קראנץ שוקולד חמ,גרמים,600.00,100 גרם,false,,38.90,0.0648,true,1,198437
7290000009704,false,מארז שלוש פרנה,,,מארז שלוש פרנה,יחידה,0.00,יחידה,false,,12.90,0.0000,true,1,212216
7290000009711,false,מקדמיה,,,מקדמיה,קילוגרמים,1.00,"ק""ג",true,,150.00,150.0000,true,1,117100
7290000009810,false,כרובית מהדרין ברכת ק,ברכת קטיף,IL,חמש חליות במארז,יחידה,0.00,יחידה,false,,14.90,0.0000,true,1,215843
7290000009834,false,מארז לחמניות כוסמין,,,מארז לחמניות כוסמין,יחידה,0.00,יחידה,false,,15.00,0.0000,true,1,219359
7290000009841,false,מארז 3 חלות מסעדות,,,מארז 3 חלות מסעדות,יחידה,0.00,יחידה,false,,14.90,0.0000,true,1,265513
7290000009858,false,מארז מקלות פלוט באפי,,,מארז מקלות פלוט באפי,יחידה,0.00,יחידה,false,,16.90,0.0000,true,1,219355
7290000009865,false,מארז 3 פיתות בטעמים,,,מארז 3 פיתות בטעמים,יחידה,0.00,יחידה,false,,15.00,0.0000,true,1,219360
7290000010274,false,חזה עוף בגריל,,,חזה עוף בגריל,קילוגרמים,1.00,"ק""ג",true,,75.00,75.0000,false,1,146287
7290000010755,false,דג אינטיאס טרי,,,דג אינטיאס טרי,קילוגרמים,1.00,"ק""ג",true,,145.00,145.0000,false,1,205657
7290000010762,false,כרעיים ללא עצם טרי,,,כרעיים ללא עצם טרי,קילוגרמים,1.00,"ק""ג",true,,31.90,31.9000,false,1,217101
7290000010779,false,שוקיים ללא עצמות,,,שוקיים ללא עצמות,קילוגרמים,1.00,"ק""ג",true,,32.90,32.9000,false,1,217102
7290000014418,false,גוג'י ברי,,,גוג'י ברי,קילוגרמים,1.00,"ק""ג",true,,80.00,80.0000,true,1,148872
7290000015101,false,עצמות בקר סוכר,,,עצמות בקר סוכר,קילוגרמים,1.00,"ק""ג",true,,14.00,14.0000,true,1,97561
7290000015200,false,טחון הודו +בקר+עוף,,,טחון הודו +בקר+עוף,קילוגרמים,1.00,"ק""ג",true,,55.00,55.0000,false,1,97562
7290000015408,false,שוק מפורק+עוף (טחון),,,שוק מפורק+עוף (טחון),קילוגרמים,1.00,"ק""ג",true,,49.90,49.9000,false,1,97564
7290000016115,false,פילה דניס טרי,,,פילה דניס טרי,קילוגרמים,1.00,"ק""ג",true,,130.00,130.0000,true,1,219301
7290000017006,false,שליש בגט כפרי מארז 6,,,שאריות בשר טרי,קילוגרמים,1.00,"ק""ג",true,,9.90,9.9000,false,1,97566
7290000017389,false,גבינת עיזים,,,דג בורי טרי,קילוגרמים,1.00,"ק""ג",true,,39.90,39.9000,false,1,93007
7290000019000,false,גרון עוף טרי,,,גרון עוף טרי,קילוגרמים,1.00,"ק""ג",true,,3.90,3.9000,false,1,197988
7290000020426,false,עוף טוב מעדניה קורנב,,,מרק קוסקוס מוכן,קילוגרמים,1.00,"ק""ג",true,,29.00,29.0000,false,1,142402
7290000023007,false,"ברנדי שטוק 84 37 % 750 מ""ל","יקבי ברקן בע""ם",IL,שטוק 84,מיליליטרים,750.00,"100 מ""ל",false,,69.90,0.0932,false,1,109966
7290000023809,false,"יין קלאסיק קברנה סוביניון ברקן 750 מ""ל",יקבי ברקן שיווק והפצה בע,IL,קלאסיק קברנה סוביניו,מיליליטרים,750.00,"100 מ""ל",false,,32.90,0.0439,false,1,109995
7290000023816,false,"יין קלאסיק אמרלד ריזלינג ברקן 750 מ""ל",יקבי ברקן שיווק והפצה בע,IL,יין קלאסיק ריזלי,יחידה,750.00,יחידה,false,,32.90,0.0439,false,1,109996
7290000023847,false,"ברקן ,קלאסיק שרדונה, 750 מל",יקבי ברקן שיווק והפצה בע,IL,קלאסיק שרדונה,מיליליטרים,750.00,"100 מ""ל",false,,32.90,0.0439,false,1,136437
7290000023977,false,"יין קלאסיק מרלו ברקן 750 מ""ל",יקבי ברקן שיווק והפצה בע,IL,קלאסיק מרלו,מיליליטרים,750.00,"100 מ""ל",false,,32.90,0.0439,false,1,110000
7290000024202,false,"יין רזרב קברנה סוביניון ברקן 750 מ""ל",ברקן שיווק והפצה בעמ,IL,יין קברנה סוביני,יחידה,750.00,יחידה,false,,34.90,0.0465,false,1,110004
7290000024219,false,"יין רזרב אמרלד ריזלינג ברקן 750 מ""ל",יקבי ברקן,IL,אמרלד ריזלינג רזרבד,יחידה,750.00,יחידה,false,,34.90,0.0465,false,1,170737
7290000024240,false,יין רזרב שרדונה 750 מל שביעית,ביבקבי ברקן שיווק וה,IL,יין רזרב שרדונה ברקן,מיליליטרים,750.00,"100 מ""ל",false,,34.90,0.0465,false,1,193490
7290000024264,false,"יין רזרב מרלו ברקן 750 מ""ל","כרמי צבי - אחים סגל בע""\",IL,ברקן רזרב מרלו,מיליליטרים,750.00,"100 מ""ל",false,,34.90,0.0465,false,1,110006
7290000025018,false,גרעיני דלעת מקול,,,גרעיני דלעת מקול,קילוגרמים,1.00,"ק""ג",true,,40.00,40.0000,true,1,122435
7290000032078,false,נודלס עם ירקות,,,נודלס עם ירקות,קילוגרמים,1.00,"ק""ג",true,,39.00,39.0000,false,1,261902
7290000032214,false,כרוב בייגין,,,כרוב בייגין,קילוגרמים,1.00,"ק""ג",true,,39.90,39.9000,true,1,196694
7290000034034,false,דגנית קרקר חיטה מלאה250ג,אפיפית נצרת,IL,קרקר דגנים ללא סוכר,גרמים,250.00,100 גרם,false,,7.50,0.0300,true,1,216293
7290000034256,false,ביסקוויט תירוש חצי מצופה הדר 175ג',אפיפית נצרת תעשיות ב,IL,עוגיות תירוש חצי מצו,גרמים,175.00,100 גרם,false,,5.90,0.0337,true,1,215501
7290000035116,false,סלט גזר מרוקאי,יד המלך,,סלט גזר מרוקאי,קילוגרמים,1.00,"ק""ג",true,,39.90,39.9000,true,1,196693
7290000035802,false,סלט חציל טבעי,יד המלך,,סלט חציל טבעי,קילוגרמים,1.00,"ק""ג",true,,56.90,56.9000,true,1,197051
7290000036588,false,פלפל מקולף ביתי,יד המלך,,פלפל מקולף ביתי,קילוגרמים,1.00,"ק""ג",true,,73.90,73.9000,true,1,196885
7290000040042,false,יופלה יוגורט תות 3% שומן 150 גרם,תנובה חלב,IL,יופלה תות שובב 3%,מיליליטרים,150.00,"100 מ""ל",false,,5.10,0.0340,false,1,96874
7290000040066,false,יופלה יוגורט דובדבן %3 גביע 150 גרם,תנובה מרכז שיתופי לש,IL,יופלה דובדבן פראי 3%,מיליליטרים,150.00,"100 מ""ל",false,,5.10,0.0340,true,1,96876
7290000040080,false,יופלה יוגורט אפרסק 3% שומן 150 גרם,תנובה חלב,IL,יופלה אפרסק מאוהב 3%,מיליליטרים,150.00,"100 מ""ל",false,,5.10,0.0340,true,1,96877
7290000040097,false,קוראסון פרנציז אקסטר,לה פרינה,IL,פרמזן מגורדת,קילוגרמים,1.00,"ק""ג",true,,119.90,119.9000,false,1,115265
7290000040301,false,תנובה עין גדי קממבר מחלב בקר 24% שומן,תנובה מרכז שיתופי לש,IL,עין גדי גבינת קממבר,גרמים,125.00,100 גרם,false,,19.90,0.1592,false,1,96879
7290000040318,false,גבינת ברי 24% קולאז עדי תנובה 125 ג',תנובה מרכז שיתופי לש,IL,גבינת ברי ישראלי 24%,גרמים,125.00,100 גרם,false,,19.90,0.1592,true,1,96880
7290000040400,false,מקלות קינמון,נווה תבלין,,מקלות קינמון,קילוגרמים,1.00,"ק""ג",true,,69.90,69.9000,true,1,135124
7290000040462,false,טוסטי גבינה בסגנון אמריקאי אדם 23% תנובה 200 גרם,תנובה מרכז שיתופי לש,IL,טוסטי עמק אמריקאי אד,גרמים,200.00,100 גרם,false,,19.30,0.0965,false,1,96882
7290000040974,false,חלב דל לקטוז 2% תנובה קרטון 1 ליטר,תנובה מרכז שיתופי לש,IL,חלב דל לקטוז 2% - 1,ליטרים,1.00,ליטר,false,,6.70,6.7000,false,1,128337
7290000041858,false,"שמנת חמוצה 15% מועשרת יטבתה 200 מ""ל",שטראוס גרופ,IL,שמנת חמוצה יטבתה 15%,מיליליטרים,200.00,"100 מ""ל",false,,2.70,0.0135,true,1,95501
7290000042435,false,חלב דל שומן בקרטון+פקק תנובה 1 ליטר,תנובה מרכז שיתופי לש,IL,חלב 1% בקרטון תנובה,ליטרים,1.00,ליטר,false,,5.86,5.8600,false,1,96895
7290000042503,false,"חלב עמיד קרטון 3% 1 ליטר בד""צ תנובה",תנובה מרכז שיתופי לש,IL,חלב תנובה 3% עמיד 1,ליטרים,1.00,ליטר,false,,7.20,7.2000,false,1,96898
7290000042640,false,"חלב תנובה עמיד 3% קרטון 250 מ""ל",תנובה מרכז שיתופי לש,IL,חלב תנובה עמיד 3% 25,מיליליטרים,250.00,"100 מ""ל",false,,2.80,0.0112,true,1,96903
7290000042855,false,"שוקו בשקית 250 מ""ל ""יטבתה""",שטראוס גרופ,IL,שוקו יטבתה בשקית 2%,מיליליטרים,225.00,"100 מ""ל",false,,2.80,0.0124,true,1,95504
7290000043012,false,"שוקו עמיד 2% בקרטון 250 מ""ל תנובה",תנובה מרכז שיתופי לש,IL,שוקו עמיד 2% יחידה,מיליליטרים,250.00,"100 מ""ל",false,,4.90,0.0196,false,1,96906
7290000043272,false,סלט סלק,יד המלך,,סלט סלק,קילוגרמים,1.00,"ק""ג",true,,39.90,39.9000,true,1,196891
7290000043432,false,קישואים טעם כבד,,,קישואים טעם כבד,קילוגרמים,1.00,"ק""ג",true,,79.90,79.9000,true,1,197074
7290000043814,false,השף הלבן שמנת להקצפה 38% שומן 250 מל - מוצר בפיקוח,תנובה מרכז שיתופי לש,IL,שמנת עמידה 38% השף ה,מיליליטרים,250.00,"100 מ""ל",false,,6.47,0.0259,false,1,96909
7290000043890,false,תנובה רויון לבן מחלב מפסוטר 1.5%,תנובה מרכז שיתופי לש,IL,ריוויון 1.5% - 1 ליט,ליטרים,1.00,ליטר,false,,11.90,11.9000,false,1,96911
7290000043944,false,כד יוגורט תנובה 4% שומן 1.5 ליטר,מיוצר עי קונדיטוריית,IL,יוגורט תנובה 4.5% -,ליטרים,1.50,ליטר,false,,17.50,11.6667,false,1,96912
7290000044231,false,"יוגורט 4% שומן 500 מ""ל תנובה",תנובה חלב,,דנובה 500 גר,יחידה,500.00,יחידה,false,,8.80,0.0176,true,1,96916
7290000044651,false,סטייק סלמון טרי,,,סטייק סלמון טרי,קילוגרמים,1.00,"ק""ג",true,,98.00,98.0000,false,1,93011
7290000044712,false,יוגורט עם תות 1.5% שומן 500 ג' פרילי,מיוצר עי קונדיטוריית,IL,פרילי תות 1.5% 500 מ,מיליליטרים,500.00,"100 מ""ל",false,,11.20,0.0224,true,1,96918
7290000044880,false,באדי יוגורט תות 3% שומן 500 ג' תנובה,מיוצר עי קונדיטוריית,IL,"באדי תות 3% 500 מ""ל",מיליליטרים,500.00,"100 מ""ל",false,,9.60,0.0192,true,1,96919
7290000045573,false,גבינת מותכת משולשים 25% שומן 200 ג' נעמה,תנובה חלב,IL,גבינת נעמה 25%,גרמים,200.00,100 גרם,false,,15.50,0.0775,true,1,96920
7290000045580,false,גבינה מותכת נעמה חורש תנובה 240 גרם,תנובה מרכז שיתופי לש,IL,גבינת חורש 25%,גרמים,240.00,100 גרם,false,,18.50,0.0771,true,1,96921
7290000045771,false,יוגורט לבן 4% תנובה 3 ליטר,מיוצר עי קונדיטוריית,IL,יוגורט תנובה בכד 4.5,ליטרים,3.00,ליטר,false,,28.90,9.6333,false,1,96922
7290000045917,false,תנובה פרומעז גבינה מותכת מחלב עיזים 23% שומן,תנובה חלב,IL,גבינת עזים פרומעז 23,גרמים,200.00,100 גרם,false,,26.90,0.1345,true,1,96923
7290000046020,false,גלבוע גבינה שמנה במש,תנובה מרכז שיתופי לש,IL,גלבוע,קילוגרמים,1.00,"ק""ג",true,,42.58,42.5800,false,1,96834
7290000046327,false,גלבוע גבינה צהובה פרוסה 22% תנובה 200 גרם,תנובה מרכז שיתופי לש,IL,גבינת גלבוע 22% - 20,גרמים,200.00,100 גרם,false,,13.50,0.0675,false,1,96926
7290000046501,false,"גב.טל העמק32% 1 ק""ג משקל",קריות זול,IL,טל העמק,קילוגרמים,1.00,"ק""ג",true,,56.90,56.9000,true,1,96835
7290000046563,false,גב.קולאז' פרמזן 23%במשקל,תנובה מרכז שיתופי לש,IL,פרמזן,קילוגרמים,1.00,"ק""ג",true,,114.90,114.9000,false,1,96837
7290000046662,false,גב.קשה סקנדינבית31%משקל,תנובה מרכז שיתופי לש,IL,גבינה סקנדינבית,קילוגרמים,1.00,"ק""ג",true,,74.20,74.2000,false,1,96839
7290000047027,false,גב.קולאז' גלעד 27% במשקל,תנובה מרכז שיתופי לש,IL,גלעד,קילוגרמים,1.00,"ק""ג",true,,125.90,125.9000,false,1,96840
7290000047034,false,גבינת רוקפור 26%כבש משקל,תנובה מרכז שיתופי לש,IL,גליל,קילוגרמים,1.00,"ק""ג",true,,125.90,125.9000,false,1,96841
7290000047485,false,גבינה בולגרית במשקל,תנובה מרכז שיתופי לש,IL,בולגרית 24% תנובה,קילוגרמים,1.00,"ק""ג",true,,59.90,59.9000,false,1,96843
7290000047546,false,השף הלבן כנען גבינה לבנה דלת נתרן 5% תנובה 500 גרם,תנובה מרכז שיתופי לש,IL,גבינת כנען 5% תנובה,גרמים,500.00,100 גרם,false,,24.90,0.0498,false,1,96928
7290000047621,false,גבינה לבנה רכה 5% תנובה 250ג' מהדרין,מיוצר עי קונדיטוריית,IL,גבינה לבנה 5% מהדרין,גרמים,250.00,100 גרם,false,,4.98,0.0199,false,1,96930
7290000047942,false,**תנובה גבינה לבנה מהדרין 9% 250ג,תנובה מרכז שיתופי לש,IL,גבינה לבנה 9% מהדרין,גרמים,250.00,100 גרם,false,,5.00,0.0200,false,1,137057
7290000048185,false,גבינה לבנה 5% תנובה 250 גרם מהדרין,מיוצר עי קונדיטוריית,IL,גבינה לבנה 5% תנובה,גרמים,250.00,100 גרם,false,,4.98,0.0199,false,1,96934
7290000048192,false,גבינה לבנה 9% תנובה 250 גרם מהדרין,מחלבת אלון תבור,IL,גבינה לבנה תנובה 9%,גרמים,250.00,100 גרם,false,,5.00,0.0200,false,1,96935
7290000048307,false,גבינת קוטג' עם זיתים 5% תנובה 250 גרם,מיוצר עי קונדיטוריית,IL,גבינה קוט'ג עם ת,גרמים,250.00,100 גרם,false,,6.30,0.0252,false,1,96938
7290000048413,false,פיראוס חמד גבינה מלוחה 16% שומן,תנובה מרכז שיתופי לש,IL,גבינת חמד 16% - 250,גרמים,250.00,100 גרם,false,,18.90,0.0756,false,1,96940
7290000048437,false,פיראוס צפתית 5% שומן 200 גרם,פארייפאבה אגרואינדוס,IL,צפתית פיראוס 5%,גרמים,200.00,100 גרם,false,,15.90,0.0795,false,1,96941
7290000049458,false,גבינת פטה עיזים 16% גביע פיראוס 250 ג',תנובה מרכז שיתופי לש,IL,פטה עיזים,גרמים,250.00,100 גרם,false,,29.50,0.1180,false,1,96944
7290000049854,false,דג נסיכה טרי,,,דג נסיכה טרי,קילוגרמים,1.00,"ק""ג",true,,73.90,73.9000,false,1,261000
7290000050447,false,"יוגורט ביו בטעם תות YYY יופלה 500 מ""ל",מיוצר עי קונדיטוריית,IL,יופלה תות 3% - 500 מ,מיליליטרים,500.00,"100 מ""ל",false,,13.70,0.0274,true,1,119552
7290000050454,false,יוגורט יופלה אפרסק 3% שומן 500 גרם,מיוצר עי קונדיטוריית,IL,יופלה אפרסק 3% - 500,מיליליטרים,500.00,"100 מ""ל",false,,13.70,0.0274,true,1,119553
7290000051307,false,"מארז הפסקת אוכל עם דגני עוגי ומשקה חלב עמיד בטעם וניל 150 מ""ל",תנובה מרכז שיתופי לש,IL,מארז הפסקת אוכל עוגי,מיליליטרים,150.00,"100 מ""ל",false,,9.30,0.0620,false,1,121190
7290000051352,false,חלב מלא בטעם של פעם 3.4% תנובה קרטון 1 ל',תנובה מרכז שיתופי לש,IL,חלב מלא של פעם חלב ת,ליטרים,1.00,ליטר,false,,7.90,7.9000,true,1,121035
7290000051376,false,יוגורט יופלה דיאט אננס 0% שומן 150 גרם,תנובה מרכז שיתופי לש,IL,יופלה דיאט אננס ספור,מיליליטרים,150.00,"100 מ""ל",false,,5.10,0.0340,true,1,122123
7290000051710,false,פיראוס גבינת לאבנה אסלית על בסיס יוגורט תנובה 263 גרם,"תנובה, מחלבת אלון תב",IL,פיראוס לאבנה עם שמן,גרמים,263.00,100 גרם,false,,14.30,0.0544,false,1,122125
7290000052311,false,גבינה צהובה עמק לייט 15% שומן 200 גרם,תנובה מרכז שיתופי לש,IL,עמק פרוס בקופסא 200,גרמים,200.00,100 גרם,false,,16.90,0.0845,false,1,124813
7290000052649,false,גבינת לאבנה 5% שומן 500 ג' פיראוס,תנובה מרכז שיתופי לש,IL,פיראוס לאבנה 5% 500,גרמים,500.00,100 גרם,false,,20.90,0.0418,false,1,123147
7290000052717,false,גבינת קוטג' שום שמיר 5% תנובה 250 גרם,מיוצר עי קונדיטוריית,IL,קוט'ג עם שום שמיר,גרמים,250.00,100 גרם,false,,6.30,0.0252,false,1,140907
7290000053219,false,טל העמק חריץ 32% במשקל,תנובה מרכז שיתופי לש,IL,טל העמק,קילוגרמים,1.00,"ק""ג",true,,59.90,59.9000,false,1,194740
7290000055015,false,פיראוס גבינת פטה כבשים 5% תנובה 250 גרם,תנובה מרכז שיתופי לש,IL,פיראוס פטה כבשים 5%,גרמים,250.00,100 גרם,false,,28.50,0.1140,false,1,128711
7290000055183,false,צפתית מלבנ.דל קטוז5%משקל,תנובה חלב,IL,צפתית מלבנית פיראוס,קילוגרמים,1.00,"ק""ג",true,,54.20,54.2000,true,1,155957
7290000055206,false,גבינה לבנה 5% בטעם בצל מטוגן 250 ג' תנובה,תנובה מרכז שיתופי לש,IL,גבינה לבנה טעם בצל מ,גרמים,250.00,100 גרם,false,,6.00,0.0240,false,1,135530
7290000055329,false,"משקה בוקר יוגורט 1.5% בטעם תות מלון יופלה 250 מ""ל",תנובה מרכז שיתופי לש,IL,משקה יוגורט יופלה 1.,מיליליטרים,250.00,"100 מ""ל",false,,5.60,0.0224,true,1,133217
7290000055336,false,"משקה יוגורט 1.5% בטעם בננה אפרסק יופלה 250 מ""ל",תנובה מרכז שיתופי לש,IL,משקה יוגורט יופלה 1.,מיליליטרים,250.00,"100 מ""ל",false,,5.60,0.0224,true,1,133218
7290000055343,false,משקה יוגורט יופלה פירות טרופיים 250 גרם,תנובה מרכז שיתופי לש,IL,משקה יוגורט יופלה בט,מיליליטרים,250.00,"100 מ""ל",false,,5.60,0.0224,true,1,133216
7290000055350,false,גבינה צהובה חריץ עמק 28% במשקל,תנובה מרכז שיתופי לש,IL,עמק מעדניה 28%,קילוגרמים,1.00,"ק""ג",true,,44.79,44.7900,false,1,190093
7290000055893,false,חמאה משמנת מפוסטרת 200גרם 82% כ.מהדרין - מוצר בפיקוח,תנובה מרכז שיתופי לש,IL,"חמאה 200 ג""ר מהדרין",גרמים,200.00,100 גרם,false,,8.20,0.0410,false,1,190359
7290000056272,false,גבינה לבנה 5% עם זיתים ירוקים 250 ג' תנובה,תנובה מרכז שיתופי לש,IL,גבינה לבנה עם זיתים,גרמים,250.00,100 גרם,false,,6.00,0.0240,false,1,135540
7290000056753,false,גבינה צהובה עמק בדצ 28% שומן 200 גרם,תנובה חלב,IL,עמק 200 גר 28%,גרמים,200.00,100 גרם,false,,16.90,0.0845,false,1,187023
7290000056784,false,גבינת פטה כבשים במשק,תנובה מרכז שיתופי לש,IL,פטה כבשים 5% במעדניה,קילוגרמים,1.00,"ק""ג",true,,119.90,119.9000,true,1,136301
7290000056845,false,תנובה חלב טרי 3% שומן 1.5 ליטר - מוצר בפיקוח,פארייפאבה אגרואינדוס,IL,חלב תנובה 3% 1.5 ליט,ליטרים,1.50,ליטר,false,,9.34,6.2267,false,1,136472
7290000056890,false,שמיניית דיאט יופלה 0% טעמים שונים 150 גרם,מיוצר עי קונדיטוריית,IL,שמיניית יופלה דיאט,מיליליטרים,1200.00,"100 מ""ל",false,,31.90,0.0266,true,1,135095
7290000056906,false,מאגדת לבן טבעי 1.5% שומן 8 יח' * 150 ג' יופלה,מחלבת אלון תבור,IL,מאגדת שמיניה יופלה 1,מיליליטרים,1200.00,"100 מ""ל",false,,18.40,0.0153,true,1,135065
7290000056951,false,"תנובה, השף הלבן, שמנת לבישול 15% שומן 500 מל",תנובה מרכז שיתופי לש,IL,שמנת לבישול 15% 500,מיליליטרים,500.00,"100 מ""ל",false,,17.40,0.0348,true,1,137013
7290000057088,false,עמק גבינה צהובה פרוסה דק דק 28% תנובה 200 גרם,תנובה מרכז שיתופי לש,IL,עמק דק 28% - 200 גרם,גרמים,200.00,100 גרם,false,,16.90,0.0845,false,1,136387
7290000057132,false,יוגורט תנובה טבעי 1.5% גביע 200 גרם,מחלבת אלון תבור,IL,יוגורט תנובה 1.5%,מיליליטרים,200.00,"100 מ""ל",false,,3.10,0.0155,true,1,136360
7290000057149,false,יוגורט תנובה טבעי 3% גביע 200 גרם,מיוצר עי קונדיטוריית,IL,יוגורט תנובה 3% 200,מיליליטרים,200.00,"100 מ""ל",false,,3.10,0.0155,true,1,136361
7290000057552,false,יופלה דיאט עוגת גבינה ותות 0% גביע 150ג',תנובה חלב,IL,יופלה דיאט עוגת גבינ,מיליליטרים,150.00,"100 מ""ל",false,,5.10,0.0340,true,1,139905
7290000058030,false,"שמיניית יופלה שטוזים משקה יוגורט תות 100 מ""ל",מיוצר עי קונדיטוריית,IL,יופלה שטוזים משקה תו,מיליליטרים,800.00,"100 מ""ל",false,,21.50,0.0269,true,1,138112
7290000058047,false,שמנת להקצפה 38% 500מל מהדרין עמיד השף הלבן,תנובה מרכז שיתופי לש,IL,שמנת מתוקה עמידה 500,מיליליטרים,500.00,"100 מ""ל",false,,12.94,0.0259,false,1,145060
7290000060071,false,אוסם - חטיפי פריכונים מאורז מלא קלוי 80גר,"פרח תעשיות מזון בע""מ.",IL,חטיפי פריכונים בטעם,גרמים,80.00,100 גרם,false,,7.50,0.0938,false,1,93573
7290000060088,false,בייגלה מקלות מלוחים אסם 400 גרם,מיוצר עי קונדיטוריית,IL,בייגלה מקלות מלוחים,גרמים,400.00,100 גרם,false,,11.00,0.0275,true,1,93574
7290000060156,false,פסטה אסם אטריות ביצים דקות 200גר,"אסם תעשיות בע""מ",IL,אטריות ביצים 200 גר,גרמים,200.00,100 גרם,false,,7.60,0.0380,true,1,93576
7290000060163,false,פסטה אסם אטריות דקות 400גר,"אסם תעשיות בע""מ",IL,איטריות דקות 400 גר,גרמים,400.00,100 גרם,false,,7.60,0.0190,false,1,93577
7290000060200,false,פסטה אסם פתיתים אפויים קוסקוס 500גר,"אסם תעשיות בע""מ",IL,פתיתים אפויים קוסקוס,גרמים,500.00,100 גרם,false,,6.90,0.0138,false,1,93579
7290000060217,false,פסטה מקרוני מספר 7 אסם 500 גרם,קריות זול,IT,פסטה מקרוני 7 500 גר,גרמים,500.00,100 גרם,false,,5.90,0.0118,false,1,93580
7290000060248,false,פסטה אסם פתיתים תלתלים 500 גר',קריות זול,IT,פסטה תלתלים 500,גרמים,500.00,100 גרם,false,,5.90,0.0118,false,1,93581
7290000060316,false,פרפקטו ספגטי מס' 8 אסם 500 גרם,אסם פרפקטו Perfecto,IT,פרפקטו ספגטי 500 גר,גרמים,500.00,100 גרם,false,,7.70,0.0154,false,1,93585
7290000060330,false,פרפקטו פרפקטו ספיראלי גירף 500 גר,אסם פרפקטו Perfecto,IT,פרפקטו ספירלי 500גר,גרמים,500.00,100 גרם,false,,7.70,0.0154,false,1,93587
7290000060408,false,פסטה אסם פתיתים אפויים טבעות 500 גר,מיוצר עי קונדיטוריית,IL,פתיתים אפויים טבעות,גרמים,500.00,100 גרם,false,,6.90,0.0138,false,1,93589
7290000060415,false,"פסטה פרפקטו לאזניה 500 ג' ""אסם""",אסם פרפקטו Perfecto,IT,פרפקטו לזאניה 500 גר,גרמים,500.00,100 גרם,false,,14.90,0.0298,false,1,93590
7290000060576,false,פתיתים אפויים כוכבים אסם 500 גרם,"אסם השקעות בע""\מ",IL,פתיתים אפויים כוכבים,גרמים,500.00,100 גרם,false,,6.90,0.0138,false,1,93596
7290000060781,false,פסטה אסם פתיתים מסולסלים 500גר,קריות זול,IT,פסטה מסולסלים 500,גרמים,500.00,100 גרם,false,,5.90,0.0118,false,1,93598
7290000060828,false,פסטה קרניים בינוניות אסם 500 גרם,קריות זול,IT,פסטה קרניים בינוניות,גרמים,500.00,100 גרם,false,,5.90,0.0118,false,1,93600
7290000060842,false,פסטה אסם פתיתים צדפים גדולים 500גר,קריות זול,IT,פסטה צדפים גדולים 50,גרמים,500.00,100 גרם,false,,5.90,0.0118,false,1,93602
7290000060880,false,פסטה ספגטי מספר 8 אסם 500 גרם,קריות זול,IT,פסטה ספגטי 500גר,גרמים,500.00,100 גרם,false,,5.90,0.0118,false,1,93604
7290000060903,false,פסטה אסם פתיתים אפויים אורז 500גר,"אסם השקעות בע""\מ",IL,פתיתים אפויים אורז 5,גרמים,500.00,100 גרם,false,,6.90,0.0138,false,1,93606
7290000060958,false,פסטה אסם אטריות בינוניות 400 גרם,"אסם השקעות בע""\מ",IL,איטריות בינוני 400גר,גרמים,400.00,100 גרם,false,,7.60,0.0190,false,1,93609
7290000060965,false,פסטה אסם אטריות רחבות 400גר,"אסם השקעות בע""\מ",IL,איטריות רחבות 400,גרמים,400.00,100 גרם,false,,7.60,0.0190,false,1,93610
7290000061061,false,קרקר חיטה עם בצל אסם,"אסם השקעות בע""\מ",IL,קרקר בצל אסם,גרמים,250.00,100 גרם,false,,10.40,0.0416,true,1,93615
7290000061085,false,"רוטב צילי מתוק 290 מ""ל-בקבוק","אסם השקעות בע""\מ",IL,רוטב צילי מתוק,יחידה,290.00,יחידה,false,,12.00,0.0414,false,1,93617
7290000061108,false,"רוטב טריאקי 290 מ""ל-בקבוק","אסם השקעות בע""\מ",IL,רוטב טריאקי אסם,יחידה,290.00,יחידה,false,,12.00,0.0414,false,1,93618
7290000061214,false,פתיתים אפויים קוסקוס עם בצל אסם 500 גרם,"אסם השקעות בע""\מ",IL,פתיתים קוסקוס עם בצל,גרמים,500.00,100 גרם,false,,7.50,0.0150,false,1,120388
7290000061245,false,עוגיות שוקולד צ'יפס במילוי קרם בטעם שוקולד,מיוצר עי קונדיטוריית,IL,עוגיות שוקוצ'יפס ממו,גרמים,220.00,100 גרם,false,,11.50,0.0523,true,1,93621
7290000061450,false,פתיתים אפויים קוסקוס 3 צבעים אסם 500 גרם,"אסם השקעות בע""\מ",IL,פתיתים קוסקוס 3 צבעי,גרמים,500.00,100 גרם,false,,6.90,0.0138,false,1,120390
7290000061764,false,קפה נמס מגורען רד מאג 200 גרם,נסטלה ספרד קפה,ES,קפה נמס רד מאג 200 ג,גרמים,200.00,100 גרם,false,,20.00,0.1000,false,1,93631
7290000062952,false,אוסם - מיני קרוטונים למרק ולסלט 250 גרם,עינת תעשיות מזון אגו,IL,מיני קרוטונים לסלט ו,גרמים,250.00,100 גרם,false,,15.00,0.0600,true,1,115862
7290000063102,false,קמח עוגה תופח מאליו אסם 350 גרם,"אסם השקעות בע""\מ",IL,קמח תופח 350,גרמים,350.00,100 גרם,false,,4.70,0.0134,true,1,93644
7290000063140,false,שקדי מרק רכיבים טבעיים בשקית 400 ג' אסם,"אסם תעשיות בע""מ",IL,שקדי מרק 400,גרמים,400.00,100 גרם,false,,10.00,0.0250,false,1,93646
7290000063157,false,"קמח עוגה תופח מאליו אסם 1 ק""ג","אסם השקעות בע""\מ",IL,קמח תופח 1קג,יחידה,1.00,יחידה,false,,9.70,9.7000,false,1,93647
7290000064758,false,קוסקוס בינוני אמיתי אסם 350 ג',"מיוצר ע""י קוד יצרן K",IL,קוסקוס אמיתי שקית 35,גרמים,350.00,100 גרם,false,,8.00,0.0229,false,1,93662
7290000064871,false,"אוסם - מנה חמה פירה תפו""א עם בצל 56 גרם","אסם תעשיות בע""מ",IL,"מנה חמה פירה תפו""א ו",גרמים,56.00,100 גרם,false,,6.70,0.1196,false,1,93663
7290000065090,false,מיני קרוטונים מתובלים למרק ולסלט אסם 400 גרם,עינת תעשיות מזון אגו,IL,מיני קרוטונים למרק 4,גרמים,400.00,100 גרם,false,,23.90,0.0597,true,1,93665
7290000065335,false,אוסם - מנה חמה פירה עם ירקות 55 גרם,"אסם תעשיות בע""מ",IL,"מנה חמה פירה תפו""א ע",גרמים,55.00,100 גרם,false,,6.70,0.1218,false,1,93666
7290000065540,false,אוסם - מנה חמה פסטה מוקרמת בטעם עוף 55 גרם,"אסם תעשיות בע""מ",IL,מנה חמה פסטה מוקרמת,גרמים,55.00,100 גרם,false,,6.70,0.1218,false,1,93667
7290000065557,false,אוסם - מנה חמה קוסקוס עם ירקות 84 גרם,"אסם תעשיות מזון בע""מ",IL,מנה חמה קוסקוס עם יר,גרמים,84.00,100 גרם,false,,6.70,0.0798,false,1,93668
7290000065977,false,חטיפי פריכונים תירס שומשום אסם 80 גרם,"פרח תעשיות מזון בע""מ.",IL,חטיפי פריכונים תירס,גרמים,80.00,100 גרם,false,,7.50,0.0938,false,1,124081
7290000066141,false,ביסלי חטיף בטעם גריל אסם 70 גרם,"אסם השקעות בע""\מ",IL,ביסלי גריל 70גר,גרמים,70.00,100 גרם,false,,4.70,0.0671,false,1,93675
7290000066172,false,ביסלי חטיף בטעם פיצה אסם 70 גרם,"אסם השקעות בע""\מ",IL,ביסלי פיצה 70,גרמים,70.00,100 גרם,false,,4.70,0.0671,false,1,93678
7290000066196,false,ביסלי חטיף בטעם גריל אסם 200 גרם,מיוצר עי קונדיטוריית,IL,ביסלי גריל 200גר,גרמים,200.00,100 גרם,false,,9.00,0.0450,false,1,93680
7290000066264,false,דובונים חטיף תפוחי אדמה אסם 40 גרם,"אסם השקעות בע""\מ",IL,דובונים חטיף,גרמים,40.00,100 גרם,false,,5.00,0.1250,false,1,93684
7290000066318,false,במבה חטיף בוטנים אסם 80 גרם,"אסם השקעות בע""\מ",IL,במבה 80גר,גרמים,80.00,100 גרם,false,,5.00,0.0625,false,1,93687
7290000066332,false,אפרופו חטיף תירס אסם 50 גרם,מיוצר עי קונדיטוריית,IL,אפרופו 50 גר,גרמים,50.00,100 גרם,false,,5.20,0.1040,false,1,93688
7290000066349,false,אפרופו חטיף תירס אסם 100 גרם,מיוצר עי קונדיטוריית,IL,אפרופו 100גר,גרמים,100.00,100 גרם,false,,8.50,0.0850,false,1,93689
7290000066431,false,פופקו חטיף פופקורן בטעם חמאה ודבש אסם 80 גרם,מיוצר עי קונדיטוריית,IL,פופקו חמאה ודבש 80 ג,גרמים,80.00,100 גרם,false,,5.30,0.0662,false,1,93691
7290000067407,false,פרורית מתובלת בשקית 200 גרם,עינת תעשיות מזון אגו,IL,פירורית מתובלת 200גר,גרמים,200.00,100 גרם,false,,6.00,0.0300,true,1,93700
7290000067599,false,מנה חמה ספגטי ברוטב בולונז אסם 65 גרם,"אסם השקעות בע""\מ",IL,מנה חמה ספגטי בולונז,גרמים,65.00,100 גרם,false,,6.70,0.1031,false,1,93706
7290000068138,false,אינסטנט פודינג בטעם וניל אסם 80 גרם,מיוצר עי קונדיטוריית,IL,פודינג וניל,גרמים,80.00,100 גרם,false,,5.80,0.0725,false,1,93711
7290000068190,false,אסם ג'לי תות שדה צבעים טבעיים 90 גרם,מיוצר עי קונדיטוריית,IL,ג'ל תות,גרמים,85.00,100 גרם,false,,6.50,0.0765,true,1,93714
7290000068237,false,אבקה להכנת ג'לי בטעם פטל אסם 85 גרם,מיוצר עי קונדיטוריית,IL,ג'לי פטל,גרמים,85.00,100 גרם,false,,6.50,0.0765,true,1,93716
7290000068343,false,אסם פריכונים פרוסות קלויות מלא,"פרח תעשיות מזון בע""מ.",IL,פריכונים מאורז מלא,גרמים,140.00,100 גרם,false,,7.20,0.0514,false,1,93721
7290000069739,false,אוסם - חטיפי קרקר שומשום 300 גרם,"אסם השקעות בע""\מ",IL,חטיפי קרקר שומשום אס,גרמים,300.00,100 גרם,false,,11.70,0.0390,true,1,120436
7290000070308,false,אבקת מרק עוף אמיתי בשרי אסם 400 גרם,"אסם השקעות בע""\מ",IL,מרק עוף 400,גרמים,400.00,100 גרם,false,,16.90,0.0422,false,1,93744
7290000070353,false,אבקת מרק בצל רכיבים טבעיים אסם 400 גרם,"אסם השקעות בע""\מ",IL,מרק בצל 400,גרמים,400.00,100 גרם,false,,19.90,0.0497,false,1,93747
7290000072067,false,במבה במילוי קרם חלבה 60ג' אסם,מיוצר עי קונדיטוריית,IL,במבה קרם חלבה,גרמים,60.00,100 גרם,false,,5.30,0.0883,true,1,122667
7290000072241,false,"רוטב פיצה 290 מ""ל-בקבוק","אסם השקעות בע""\מ",IL,רוטב פיצה,גרמים,290.00,100 גרם,false,,12.00,0.0414,true,1,93771
7290000072623,false,קטשופ אסם בקבוק לחיץ 750 גרם,"אסם תעשיות בע""מ",IL,קטשופ 750 לחיץ,גרמים,750.00,100 גרם,false,,9.90,0.0132,false,1,93773
7290000072630,false,קטשופ אסם חריף 750 גרם-בקבוק,"אסם תעשיות בע""מ",IL,קטשופ חריף לחיץ 750ג,גרמים,750.00,100 גרם,false,,9.90,0.0132,false,1,93774
7290000072753,false,קפה נמס מגורען טסטרס צ'ויס 200 גרם-,נסטלה קוריאה - קפה,KR,קפה נמס טסטר'ס צ'ויס,גרמים,200.00,100 גרם,false,,29.90,0.1495,false,1,93779
7290000072777,false,קפה נמס מגורען נטול קפאין טסטרס צ'ויס 200 גרם,נסטלה קוריאה - קפה,KR,קפה נמס טסטר'ס צ'ויס,גרמים,200.00,100 גרם,false,,39.90,0.1995,false,1,93781
7290000072968,false,דגני בוקר סיני מיניס חיטה מלאה וקינמון נסטלה 500 גרם,נסטלה פולין דגני בוק,PL,דגני בוקר סיני מיניס,גרמים,500.00,100 גרם,false,,19.90,0.0398,false,1,93790
7290000073415,false,אוסם - מנה חמה פסטה ברוטב פיצה 61 גרם,"אסם השקעות בע""\מ",IL,מנה חמה פסטה ברוטב פ,גרמים,61.00,100 גרם,false,,6.70,0.1098,false,1,93799
7290000073750,false,מנה חמה נודלס אטר+ירקות טעם עוף 70 גרם,PUB FOODS PRESIDENT THAI,TH,מנה חמה נודלס אטריות,גרמים,70.00,100 גרם,false,,7.20,0.1029,false,1,93801
7290000073767,false,מנה חמה נודלס אטר.+ירקות טעם בקר 70 גרם,PUB FOODS PRESIDENT THAI,TH,מנה חמה נודלס אטריות,גרמים,70.00,100 גרם,false,,7.20,0.1029,false,1,93802
7290000073774,false,מנה חמה נודלס אטר+ירקות טעם צילי 70 גרם,טאי רזידנט,TH,מנה חמה נודלס+איטריו,גרמים,70.00,100 גרם,false,,7.20,0.1029,false,1,93803
7290000074153,false,ביסקוויט פתי בר שוקולד אסם 500 גרם,מיוצר עי קונדיטוריית,IL,פתי בר שוקו 500,גרמים,500.00,100 גרם,false,,13.90,0.0278,false,1,93807
7290000074184,false,ביסקויט פתיבר קלאסי 500 גרם,"אסם השקעות בע""\מ",IL,פתיבר וניל אסם 500 ג,גרמים,500.00,100 גרם,false,,12.00,0.0240,false,1,93809
7290000074245,false,אוסם - קרם קרקר אסם 250 גרם,"אסם השקעות בע""\מ",IL,קרם קרקר 250,גרמים,250.00,100 גרם,false,,8.50,0.0340,true,1,93810
7290000074252,false,קרקר שומשון אסם 250 גרם,"אסם השקעות בע""\מ",IL,קרקר שומשום 250,גרמים,250.00,100 גרם,false,,9.00,0.0360,true,1,93811
7290000074276,false,קרקר פיקנטי טבעון 250 ג' אסם,"אסם השקעות בע""\מ",IL,אסם קרקר קלאסי 250 ג,גרמים,250.00,100 גרם,false,,10.00,0.0400,true,1,93812
7290000074375,false,אוסם - קרקר זהב 150 גרם,"אסם השקעות בע""\מ",IL,קרקר זהב 150,גרמים,150.00,100 גרם,false,,7.00,0.0467,true,1,93817
7290000074481,false,לחמית אגוזים אסם 160 גרם,"אסם השקעות בע""\מ",IL,לחמית אגוזים,גרמים,160.00,100 גרם,false,,10.50,0.0656,false,1,135678
7290000074696,false,אסם קרם קרקר 4*1קג ח,"אסם השקעות בע""\מ",IL,קרם קרקר 1קג,יחידה,1.00,יחידה,false,,24.90,24.9000,false,1,93819
7290000074764,false,קרקר הזהב אסם 900 גרם,"אסם השקעות בע""\מ",IL,"קרקר זהב 900 ג""ר",גרמים,900.00,100 גרם,false,,22.90,0.0254,true,1,93823
7290000075204,false,אוסם - לחמית חיטה מלאה 250 גרם,"אסם השקעות בע""\מ",IL,לחמית 250 גר,גרמים,250.00,100 גרם,false,,8.70,0.0348,true,1,93827
7290000075693,false,עוגת הבית שמרים בריוש שוקולד אסם 360 גרם,מיוצר עי קונדיטוריית,IL,עוגת שמרים בריוש שוק,גרמים,360.00,100 גרם,false,,18.00,0.0500,false,1,122228
7290000076133,false,בייגלה שמיניות קטנות עם מלח אסם 400 גרם,"אסם השקעות בע""\מ",IL,בייגלה שמיניות קטנות,גרמים,400.00,100 גרם,false,,11.00,0.0275,true,1,93831
7290000076645,false,טוסטעים פת קלויה חיטה מלאה אסם 100 גרם,ון דר מולן האלום,NL,אסם טוסטעים חיטה מלא,גרמים,100.00,100 גרם,false,,9.90,0.0990,true,1,123571
7290000077017,false,עוגיות קרמוגית במילוי קרם שוקולד אסם 200 גרם,מיוצר עי קונדיטוריית,IL,קרמוגית שוקו,גרמים,200.00,100 גרם,false,,11.50,0.0575,true,1,93843
7290000077253,false,אוסם - לחמית כפרית עם דגנים מלאים 190 גרם,"אסם השקעות בע""\מ",IL,לחמית כפרית 190 גר,גרמים,190.00,100 גרם,false,,10.50,0.0553,true,1,124444
7290000078014,false,חמוציות חתוכות,,,חמוציות חתוכות,קילוגרמים,1.00,"ק""ג",true,,39.90,39.9000,true,1,100538
7290000078212,false,קרוטונים מתובלים למרק אסם 250 גרם,עינת תעשיות מזון אגו,IL,קרוטונים מתובלים 250,גרמים,250.00,100 גרם,false,,14.50,0.0580,true,1,93848
7290000078762,false,אוסם - חטיפי פריכונים מאורז מלא בטעם דבש 80גר,סנורייס בלגיום אן. ו,GB,פריכונים אורז מלא בט,גרמים,80.00,100 גרם,false,,7.50,0.0938,false,1,93850
7290000079073,false,קרש חיתוך עץ אלון גד,,,קרש חיתוך עץ אלון גד,יחידה,0.00,יחידה,false,,220.00,0.0000,true,1,214145
7290000080031,false,צלי כתף חלק,,,צלי כתף חלק,קילוגרמים,1.00,"ק""ג",true,,89.90,89.9000,false,1,207821
7290000080758,false,אוסם - טוסטעים פת קלוי 100 גרם,ון דר מולן האלום,NL,טוסטעים פת קלויה,גרמים,100.00,100 גרם,false,,9.90,0.0990,true,1,93867
7290000080765,false,טוסטעים פת קלויה עם שומשום אסם 100 גרם,ון דר מולן האלום,NL,טוסטעים פת קלויה שומ,גרמים,100.00,100 גרם,false,,9.90,0.0990,true,1,93868
7290000081663,false,"בייגלה טבעות שומשום אסם 300 גרם בד""ץ",מיוצר עי קונדיטוריית,IL,בייגלה טבעות שומשום,גרמים,300.00,100 גרם,false,,11.00,0.0367,true,1,93872
7290000085166,false,פתי בר גטניו 400 גרן,"אחים גטניו בע""מ",,פתי בר גטניו 400 גר,גרמים,400.00,100 גרם,false,,7.50,0.0188,true,1,109007
7290000085173,false,פתי-בר שוקו גטניו 400 ג',,,פתיבר שוקו גטניו,גרמים,400.00,100 גרם,false,,7.50,0.0188,true,1,109008
7290000086477,false,בגט מחמצת צרפתי,,,בגט מחמצת צרפתי,יחידה,0.00,יחידה,false,,9.90,0.0000,true,1,197758
7290000094540,false,אננס טבעי מיובש,,,אננס טבעי מיובש,קילוגרמים,1.00,"ק""ג",true,,88.00,88.0000,true,1,212604
7290000098142,false,ברבוניה טרי,,,ברבוניה טרי,קילוגרמים,1.00,"ק""ג",true,,125.00,125.0000,false,1,122139
7290000100029,false,פתיתי כרובית סנפרוסט 800 גר,"סנפרוסט בע""מ",IL,פתיתי כרובית סנפרוסט,גרמים,800.00,100 גרם,false,,18.90,0.0236,true,1,203090
7290000100036,false,פתיתי ברוקולי סנפרוס,"סנפרוסט בע""מ",IL,פתיתי ברוקולי 800 גר,גרמים,800.00,100 גרם,false,,18.90,0.0236,true,1,203091
7290000100128,false,פירות קפואים תות סנפרוסט 300 ג',"סנפרוסט בע""מ",IL,תות שדה סנפרוסט,גרמים,300.00,100 גרם,false,,14.90,0.0497,true,1,186786
7290000100302,false,פול ירוק קלוף סנפרוסט 600 גרם,"סנפרוסט בע""\מ",IL,פול ירוק ללא קליפה ס,גרמים,600.00,100 גרם,false,,22.90,0.0382,true,1,205598
7290000100593,false,פרוסות אנטיפסטי לתנור סנפרוסט 600 גרם,"סנפרוסט בע""\מ",IL,אנטיפסטי לתנור 600 ג,גרמים,600.00,100 גרם,false,,21.00,0.0350,true,1,212615
7290000100609,false,קוביות אנטיפסטי להקפצה סנפרוסט 600 גרם,"סנפרוסט בע""\מ",IL,אנטיפסטי להקפצה 600,גרמים,600.00,100 גרם,false,,21.00,0.0350,true,1,212616
7290000101132,false,לקט קטניות לחמין סנפרוסט 800 גר,"סנפרוסט בע""\מ",IL,לקט קטניות לחמין,יחידה,0.00,יחידה,false,,19.90,0.0000,false,1,193938
7290000101927,false,אוכמניות כחולות מוקפאות סנפרוסט 300 גרם,"איי, בי, אינבוו",IL,אוכמניות כחולות מוקפ,גרמים,300.00,100 גרם,false,,14.90,0.0497,true,1,197509
7290000101934,false,מיקס פירות יער מוקפאות 300 ג' סנפרוסט,"סנפרוסט בע""\מ",IL,תערובת פירות יער קפו,גרמים,300.00,100 גרם,false,,14.90,0.0497,true,1,197510
7290000101958,false,מנגו חתוך מוקפא סנפרוסט 300ג',"סנפרוסט בע""\מ",IL,מנגו חתוך מוקפא 300,גרמים,300.00,100 גרם,false,,14.90,0.0497,true,1,197512
7290000103365,false,מרק ירקות עשיר סנפרוסט 550 גרם,"איי, בי, אינבוו",IL,מרק ירקות סנפרוסט,גרמים,500.00,100 גרם,false,,14.90,0.0298,false,1,139561
7290000103433,false,"לקט ירקות לתנור 800 גרם ""סנפרוסט""","איי, בי, אינבוו",IL,ירקות לתנור סנפרוסט,יחידה,0.00,יחידה,false,,21.00,0.0000,false,1,193228
7290000103457,false,"מיני כרובית 600 גרם ""סנפרוסט""","סנפרוסט בע""\מ",IL,מיני כרובית 600 גר',גרמים,600.00,100 גרם,false,,15.90,0.0265,false,1,191642
7290000103471,false,מיני ברוקולי סנפרוסט 600 גרם,"סנפרוסט בע""\מ",IL,מיני ברוקולי 600 גר',גרמים,600.00,100 גרם,false,,15.90,0.0265,true,1,191879
7290000103488,false,ארטישוק ירושלמי סנפרוסט 400 גרם,"סנפרוסט בע""\מ",IL,ארטישוק ירושלמי,יחידה,0.00,יחידה,false,,19.90,0.0000,false,1,193119
7290000103730,false,לקט להקפצה עם פסטה פוזילי סנפרוסט 800 גרם,"איי, בי, אינבוו",IL,לקט להקפצה עם פסטה ס,גרמים,800.00,100 גרם,false,,21.90,0.0274,false,1,122792
7290000103815,false,לקט להקפצה בסגנון תאילנדי סנפרוסט 800 גרם,"סנפרוסט בע""\מ",IL,לקט להקפצה בסגנון תא,גרמים,800.00,100 גרם,false,,21.90,0.0274,false,1,135566
7290000103822,false,ירקות שמלווים עוף סנפרוסט 800ג',"סנפרוסט בע""\מ",IL,לקט לעוף 800 גר' סנפ,גרמים,800.00,100 גרם,false,,21.00,0.0263,false,1,134711
7290000103839,false,מרק כתום עשיר בירקות סנפרוסט 570 גרם,"סנפרוסט בע""\מ",IL,מרק כתום סנפרוסט,גרמים,572.00,100 גרם,false,,14.90,0.0260,false,1,134654
7290000103846,false,מרק אפונה עשיר בירקות סנפרוסט 570 גרם,"סנפרוסט בע""\מ",IL,מרק אפונה סנפרוסט,גרמים,572.00,100 גרם,false,,14.90,0.0260,false,1,134651
7290000103860,false,מרק עדשים עשיר בירקות סנפרוסט 570 גרם,"איי, בי, אינבוו",IL,מרק עדשים סנפרוסט,גרמים,572.00,100 גרם,false,,14.90,0.0260,false,1,134655
7290000103877,false,מרק שעועית עשיר בירקות סנפרוסט 640 גרם,"סנפרוסט בע""\מ",IL,מרק שעועית סנפרוסט,גרמים,644.00,100 גרם,false,,14.90,0.0231,false,1,134653
7290000104072,false,עדשים ירוקות מבושלות מוקפאות 800 ג' סנפרוסט,"איי, בי, אינבוו",IL,עדשים ירוקות מבושלות,גרמים,800.00,100 גרם,false,,19.90,0.0249,false,1,127189
7290000104201,false,אפונה עדינה סנפרוסט 600 גרם,"איי, בי, אינבוו",IL,אפונה עדינה,גרמים,600.00,100 גרם,false,,17.90,0.0298,false,1,97666
7290000104218,false,סנפרוסט במיה 600 גרם,"איי, בי, אינבוו",IL,במיה סנפרוסט,גרמים,600.00,100 גרם,false,,16.90,0.0282,false,1,97667
7290000104225,false,בצל קצוץ 600 גרם סנפרוסט,"סנפרוסט בע""\מ",IL,בצל קצוץ סנפרוסט,גרמים,600.00,100 גרם,false,,16.90,0.0282,false,1,97668
7290000104676,false,אפונה קפואה סנפרוסט 800 גרם,"איי, בי, אינבוו",IL,אפונה סנפרוסט 00,גרמים,800.00,100 גרם,false,,17.90,0.0224,false,1,97672
7290000104683,false,שעועית ירוקה שלמה סנפרוסט 800 גרם,"סנפרוסט בע""\מ",IL,שעועית שלמה 800,גרמים,800.00,100 גרם,false,,19.90,0.0249,false,1,97673
7290000104690,false,תירס גרעינים 800 גרם סנפרוסט,"איי, בי, אינבוו",IL,תירס 800 סנפרוסט,גרמים,800.00,100 גרם,false,,16.90,0.0211,false,1,97674
7290000104706,false,גזר גמדי סנפרוסט 800 גרם,"סנפרוסט בע""\מ",IL,גזר גמדי 800,גרמים,800.00,100 גרם,false,,17.90,0.0224,false,1,97675
7290000104713,false,פול ירוק סנפרוסט 800 גרם,"איי, בי, אינבוו",IL,פול ירוק 800,גרמים,800.00,100 גרם,false,,22.90,0.0286,false,1,97676
7290000104720,false,שעועית ירוקה חתוכה סנפרוסט 800 גרם,"סנפרוסט בע""\מ",IL,שעועית ירוקה חתוכה,גרמים,800.00,100 גרם,false,,16.90,0.0211,false,1,97677
7290000104737,false,שעועית צהובה חתוכה סנפרוסט 800 גרם,"סנפרוסט בע""\מ",IL,שעועית צהובה,גרמים,800.00,100 גרם,false,,16.90,0.0211,false,1,97678
7290000104744,false,כרובית סנפרוסט 800 גרם,"סנפרוסט בע""\מ",IL,כרובית 800 גר,גרמים,800.00,100 גרם,false,,22.90,0.0286,false,1,97679
7290000104751,false,"כרוב ניצנים 800 גרם ""סנפרוסט""","איי, בי, אינבוו",IL,כרוב ניצנים סנפר,גרמים,800.00,100 גרם,false,,23.90,0.0299,false,1,97680
7290000104768,false,תרד עלים סנפרוסט 800 ג ',"איי, בי, אינבוו",IL,תרד עלים 800,גרמים,800.00,100 גרם,false,,22.90,0.0286,false,1,97681
7290000104775,false,תרד מדליונים סנפרוסט 800 גרם,"איי, בי, אינבוו",IL,תרד מדליון,גרמים,800.00,100 גרם,false,,23.90,0.0299,false,1,97682
7290000104799,false,שעועית לבנה מבושלת סנפרוסט 800 גרם,"איי, בי, אינבוו",IL,שעועית לבנה מבוש,גרמים,800.00,100 גרם,false,,17.90,0.0224,false,1,97683
7290000104805,false,גרגירי חומוס מבושלים סנפרוסט 800 גרם,"איי, בי, אינבוו",IL,חומוס מבושל סנפר,גרמים,800.00,100 גרם,false,,17.90,0.0224,false,1,97684
7290000104829,false,קלחי תירס חתוכים סנפרוסט 1 קילו,"סנפרוסט בע""\מ",IL,קלחוני תירס 1 קג,יחידה,1.00,יחידה,false,,19.90,19.9000,false,1,97686
7290000104836,false,שעועית ירוקה עדינה שלמה סנפרוסט 600 גרם,"סנפרוסט בע""\מ",IL,שעועית עדינה שלמה 60,גרמים,600.00,100 גרם,false,,21.90,0.0365,false,1,97687
7290000104874,false,ירקות לקוסקוס של אמא סנפרוסט 800ג',"סנפרוסט בע""\מ",IL,לקט לקוסקוס,גרמים,800.00,100 גרם,false,,21.00,0.0263,false,1,97689
7290000104881,false,לקט אפונה וגזר סנפרוסט 800 גרם,"איי, בי, אינבוו",IL,אפונה וגזר,גרמים,800.00,100 גרם,false,,15.90,0.0199,false,1,97690
7290000104904,false,לקט ירקות מעורבים סנפרוסט 800 גרם,"איי, בי, אינבוו",IL,לקט ירקות מעורבי,גרמים,800.00,100 גרם,false,,21.90,0.0274,false,1,97692
7290000104911,false,לקט נורמנדי סנפרוסט 800 גרם,"איי, בי, אינבוו",IL,לקט נורמנדי,גרמים,800.00,100 גרם,false,,21.00,0.0263,false,1,97693
7290000106175,false,"לקט כפרי סנפרוסט 2 ק""ג","סנפרוסט בע""\מ",IL,לקט כפרית 2,יחידה,2.00,יחידה,false,,37.90,18.9500,false,1,97699
7290000106526,false,ירקות מעורבים מוקפאים חגיגה ירוקה להקפצה,"איי, בי, אינבוו",IL,חגיגה ירוקה להקפצה,גרמים,800.00,100 גרם,false,,21.00,0.0263,true,1,208463
7290000107165,false,חטיף סויה אדממה סנפרוסט 400 גרם,"איי, בי, אינבוו",IL,חטיף סויה אדממה,גרמים,400.00,100 גרם,false,,13.50,0.0338,false,1,97702
7290000107189,false,תחתיות ארטישוק סנפרוסט 400 גרם,"איי, בי, אינבוו",IL,ארטישוק תחתיות,גרמים,400.00,100 גרם,false,,19.90,0.0497,false,1,97703
7290000107295,false,תפרחות ברוקולי סנפרוסט 800 גרם,"איי, בי, אינבוו",IL,ברוקולי 800,גרמים,800.00,100 גרם,false,,22.90,0.0286,false,1,97709
7290000107615,false,ירקות ואננס להקפצה מנה אסייתית צבעונית ועשירה,"איי, בי, אינבוו",IL,מנה אסייתית צבעונית,גרמים,800.00,100 גרם,false,,21.00,0.0263,true,1,208465
7290000110844,false,"כיפלי גריל בד""צ תלמה 70 ג'",יוניליור ישראל מזון,IL,"כפלי גריל בד""ץ",גרמים,70.00,100 גרם,false,,6.00,0.0857,false,1,127438
7290000110851,false,חטיף כיפלי בטעם בצל 70גר,יוניליוור מזון,IL,כפלי בצל,גרמים,70.00,100 גרם,false,,6.00,0.0857,true,1,101130
7290000111063,false,מיונז תלמה אמיתי250 גרם,יוניליוור ישראל מזון בע\,IL,מיונז אמיתי 250,גרמים,250.00,100 גרם,false,,7.90,0.0316,false,1,101131
7290000111117,false,מרכך כביסה לבן בדין 4 ליטר,יוניליור ישראל טיפוח איש,IL,בדין לבן 4 ליטר,ליטרים,4.00,ליטר,false,,19.90,4.9750,false,1,101132
7290000111186,false,"מיונז אמיתי תלמה 500 גרם בד""צ",יוניליוור ישראל מזון בע\,IL,מיונז 500,גרמים,500.00,100 גרם,false,,10.90,0.0218,false,1,101134
7290000111353,false,"מיונז אמיתי תלמה 1 ק""ג",יוניליוור ישראל מזון בע\,IL,מיונז אמיתי 1קג,יחידה,1.00,יחידה,false,,19.90,19.9000,false,1,101137
7290000111360,false,חרדל תלמה 250 גרם-צנצנת,יוניליוור ישראל מזו,IL,חרדל 250,גרמים,250.00,100 גרם,false,,8.50,0.0340,true,1,101138
7290000111384,false,חרדל בצנצנת תלמה 550 גרם,יוניליוור ישראל מזו,IL,חרדל אמיתי 550,גרמים,550.00,100 גרם,false,,12.90,0.0235,true,1,101140
7290000112220,false,טחינה גולמית שומשום טהור בארכה 500 גרם,"רושדי תעשיות מזון בע""\מ",IL,טחינה גולמית 500,גרמים,500.00,100 גרם,false,,13.90,0.0278,false,1,107424
7290000112497,false,מרק עשיר עוף אטריות קנור 75 גרם - שקיות,יוניליוור ישראל מזון בע\,IL,קנור עשיר עוף,גרמים,75.00,100 גרם,false,,10.90,0.1453,true,1,101166
7290000112503,false,מרק עשיר ירקות קנור 69 גרם - שקיות,יוניליוור ישראל מזון בע\,IL,קנור עשיר ירקות,גרמים,61.00,100 גרם,false,,10.90,0.1787,true,1,101167
7290000112619,false,מרק עוף לתיבול והעשרה קנור 400 גרם,יוניליוור ישראל מזון בע\,IL,מרק עוף אמיתי,גרמים,400.00,100 גרם,false,,17.90,0.0447,false,1,101171
7290000113180,false,"כיפלי צ'יפס בד""צ תלמה 50 ג'",יוניליור ישראל מזון,IL,כפלי צי'פס,גרמים,50.00,100 גרם,false,,5.20,0.1040,false,1,101184
7290000113203,false,כיפלי צ'יפס קטשופ תלמה 50 ג',יוניליוור ישראל מזון בעמ,IL,כפלי קטשופ,גרמים,50.00,100 גרם,false,,5.20,0.1040,false,1,101186
7290000116204,false,"אבקת מרק דגש בטעם עוף 1ק""ג קנור",יוניליוור ישראל מזון בע\,IL,מ.דגש 1קג,יחידה,1.00,יחידה,false,,15.90,15.9000,false,1,101230
7290000116884,false,"רוטב ברביקיו קנור 300 גרם בד""צ",יוניליוור ישראל מזון בע\,IL,רוטב ברבקיו קנור,יחידה,200.00,יחידה,false,,12.90,0.0645,false,1,101233
7290000116921,false,רוטב צ'ילי מתוק 340 גרם קנור,יוניליוור ישראל מזון בע\,IL,רוטב צ'ילי מתוק,גרמים,370.00,100 גרם,false,,12.90,0.0349,false,1,101234
7290000116945,false,"רוטב סויה קלאסי קנור בד""צ 350 גרם",יוניליוור ישראל מזון בע\,IL,רוטב סויה קנור,מיליליטרים,300.00,"100 מ""ל",false,,13.90,0.0463,false,1,101235
7290000117171,false,מרק טעם עוף דל קלוריות 48 גרם-קופסא,יוניליוור ישראל מזון,IL,מרק טעם עוף נמס 10 ק,גרמים,46.00,100 גרם,false,,8.20,0.1783,true,1,101239
7290000117720,false,נמס בכוס פטריות קנור 21.5 גרם מארז זוגי,יוניליוור ישראל מזון בע\,IL,נ.בכוס פטריות,גרמים,43.00,100 גרם,false,,7.00,0.1628,true,1,101247
7290000118277,false,כופתאות מצה להכנת מהירה 65 ג' קנור,יוניליוור ישראל מזון בע\,IL,קניידל,גרמים,130.00,100 גרם,false,,13.50,0.1038,false,1,101255
7290000118352,false,"לטקס לביבות תפו""א להכנה מהירה",יוניליוור ישראל מזון בעמ,IL,"לביבות תפו""א",גרמים,170.00,100 גרם,false,,14.90,0.0876,true,1,146214
7290000120836,false,"מיונז אמיתי 394 גרם ""הלמנס""",קונפקו אינק' די.בי.א,CA,מיונז הלמנס,גרמים,394.00,100 גרם,false,,10.90,0.0277,false,1,101276
7290000120874,false,מיונז הלמנס לייט מופחת קלוריות 424ג,"יונילוור ארה""ב - HPC",US,מיונז הלמנס דל,גרמים,424.00,100 גרם,false,,10.90,0.0257,false,1,101278
7290000121017,false,שומרון גבינה מותכת 7% 120 גרם,שלושת האופים,IL,גבינת שומרון7% 120 ג,גרמים,120.00,100 גרם,false,,11.90,0.0992,true,1,109147
7290000121031,false,החתול המחייך גבינה מותכת 14% מון בלאן 120 גרם,שלושת האופים,IL,גבינת חתול 14% 120 ג,גרמים,120.00,100 גרם,false,,10.60,0.0883,true,1,109148
7290000121093,false,גבינה מותכת לייט בטעם שוויצרי 7% מון בלאן 120 גר',האי נאם סי או אל.טי.,IL,גבינה מון בלאן לייט,גרמים,120.00,100 גרם,false,,11.50,0.0958,true,1,109151
7290000121147,false,גבינה מותכת לייט בטעם פיקנטי 7% מון בלאן 120 גרם,"שלושת האופים בע""מ",IL,גבינה מון בלאן לייט,גרמים,120.00,100 גרם,false,,11.90,0.0992,true,1,109153
7290000121154,false,גבינה מותכת לייט עם סלמון 7% מון בלאן 120 גרם,האי נאם סי או אל.טי.,IL,גבינה מון בלאן לייט,גרמים,120.00,100 גרם,false,,13.50,0.1125,true,1,109154
7290000121239,false,מיוקל 500 ג 5% שומן ללא כולסטרול,יוניליוור ישראל מזון בע\,IL,מיוקל 5 שומן%,גרמים,500.00,100 גרם,false,,13.50,0.0270,false,1,101282
7290000122830,false,"רוטב מקסיקני סצ'ואן קנור 300 מ""ל",יוניליוור ישראל מזון בע\,IL,רוטב סצ'ואן 370מ''ל,יחידה,300.00,יחידה,false,,12.90,0.0430,true,1,101318
7290000123363,false,"צימקאו לציפוי ואפיה אפיכל 500 גרם בד""צ",אתר צפת ממרחים וצימא,IL,צמקאו 500גר,גרמים,500.00,100 גרם,false,,16.50,0.0330,true,1,101328
7290000124841,false,מאגדת3 טבלאות שוקולד חלב ורד הגליל,יוניליוור ישראל מזון בע\,IL,שלישיה שוקולד חלב ור,גרמים,300.00,100 גרם,false,,14.90,0.0497,false,1,101350
7290000125251,false,שמפו לכביסה עדינה בדין 2 ליטר,"זוהר דליה, קיבוץ דלי",IL,שמפו לכביסה עדינה,ליטרים,2.00,ליטר,false,,29.90,14.9500,true,1,101351
7290000129457,false,אבקת רוטב פטריות קנור 28 ג' שקית,יוניליוור ישראל מזון בע\,IL,רוטב פטריות קנור,גרמים,28.00,100 גרם,false,,4.60,0.1643,true,1,101422
7290000129785,false,מרכך כביסה ירוק בדין 4 ליטר,יוניליור ישראל טיפוח איש,IL,בדין ירוק 4 ליטר,ליטרים,4.00,ליטר,false,,19.90,4.9750,false,1,101435
7290000130606,false,קמח מצה רגיל 200 גר,מצות אביב,IL,קמח מצה 200 גר,גרמים,200.00,100 גרם,false,,3.00,0.0150,true,1,102747
7290000131122,false,"בצק עלים צרפתי שחף 1.5 ק""ג",מאפיית אריאל,IL,בצק עלים צרפתי שחף 1,קילוגרמים,1.50,"ק""ג",false,,19.90,13.2667,true,1,93034
7290000133645,false,שלישיית משחת שיניים סודה אורביטול 145 גרם,טרופיקל דגיל תעשיות קוסמ,IL,שלישיה אורביטול משחת,גרמים,435.00,100 גרם,false,,19.90,0.0457,true,1,117978
7290000134109,false,תבלין כמון מזרחי 40 גר',תות ממתקי איכות,IL,תבלין פלסטיק,גרמים,50.00,100 גרם,false,,5.50,0.1100,true,1,103236
7290000134147,false,טעם וריח מוסקט טחון מיכל 40גר,"תבליני טעם וריח בע""מ",IL,מוסקט טחון 40 גרם,גרמים,40.00,100 גרם,false,,14.90,0.3725,true,1,103240
7290000134307,false,קינמון טחון 50 גרם טעם וריח,"תבליני טעם וריח בע""מ",IL,קינמון טחון בשקית 50,גרמים,50.00,100 גרם,false,,5.90,0.1180,true,1,103244
7290000134314,false,פיצה תערובת תיבול 120 גרם מיכל גדול,"תבליני טעם וריח בע""מ",IL,תיבול לפיצה,גרמים,120.00,100 גרם,false,,9.50,0.0792,true,1,103245
7290000134338,false,אבקת שום בקופ' 90 גר' טעם וריח,"תבליני טעם וריח בע""מ",IL,אבקת שום מיכל,גרמים,90.00,100 גרם,false,,9.50,0.1056,true,1,103247
7290000134352,false,קינמון טחון בקופ' 90 גר' טעם וריח,"תבליני טעם וריח בע""מ",IL,תבלין קינמון טחו,גרמים,90.00,100 גרם,false,,9.50,0.1056,true,1,103249
7290000134376,false,פפריקה בשמן בקופ' 90 גר' טעם וריח,"תבליני טעם וריח בע""מ",IL,פפריקה מרוקאית מתוקה,גרמים,90.00,100 גרם,false,,9.50,0.1056,true,1,103250
7290000134550,false,עלי דפנה 20 גר' טעם וריח,"תבליני טעם וריח בע""מ",IL,עלי דפנה שק 20',גרמים,40.00,100 גרם,false,,5.90,0.1475,true,1,103255
7290000134666,false,רוזמרין 15 גר מיכל ק,תות ממתקי איכות,IL,רוזמרין מיכל קטן,גרמים,15.00,100 גרם,false,,5.50,0.3667,true,1,103256
7290000134673,false,זנגויל טחון מיכל 30 גרם,"תבליני טעם וריח בע""מ",IL,זנגויל מיכל פלסטיק,גרמים,30.00,100 גרם,false,,5.50,0.1833,true,1,112419
7290000134680,false,קימל שלם 40 גר' טעם וריח,תות ממתקי איכות,IL,קימל שלם במיכל,גרמים,40.00,100 גרם,false,,5.50,0.1375,true,1,112181
7290000134758,false,"תיבול לתפו""א בקופ' 100 גר' טעם וריח","תבליני טעם וריח בע""מ",IL,"תבלין לתפו""א",גרמים,100.00,100 גרם,false,,9.50,0.0950,true,1,103258
7290000134826,false,זעתר מעורב בקופ' 100 גר' טעם וריח,"תבליני טעם וריח בע""מ",IL,תבלין זעתר,גרמים,100.00,100 גרם,false,,9.50,0.0950,true,1,103261
7290000134833,false,כמון טחון בקופ' 100 גר' טעם וריח,"תבליני טעם וריח בע""מ",IL,תבלין כמון,גרמים,100.00,100 גרם,false,,9.50,0.0950,true,1,103262
7290000134840,false,כורכום טחון בקופ' 100 גר' טעם וריח,"תבליני טעם וריח בע""מ",IL,תבלין כורכום,גרמים,100.00,100 גרם,false,,9.50,0.0950,true,1,103263
7290000134857,false,פפריקה מתוקה בקופ' 100 גר' טעם וריח,"תבליני טעם וריח בע""מ",IL,פפריקה מתוקה,גרמים,100.00,100 גרם,false,,9.50,0.0950,true,1,103264
7290000134864,false,פפריקה חריפה בקופ' 100 גר' טעם וריח,"תבליני טעם וריח בע""\מ",IL,תבלין פפריקה,גרמים,100.00,100 גרם,false,,9.50,0.0950,true,1,103265
7290000134871,false,פלפל שחור טחון בקופ' 100 גר' טעם וריח,"תבליני טעם וריח בע""מ",IL,פלפל שחור טחון 100 ג,גרמים,100.00,100 גרם,false,,12.90,0.1290,true,1,103266
7290000134970,false,חוואיג' בקופ' 100 גר' טעם וריח,"תבליני טעם וריח בע""מ",IL,תבלין חוויא'ג,גרמים,100.00,100 גרם,false,,9.50,0.0950,true,1,103274
7290000134987,false,פלפל שחור גרוס בקופ' 90 גר' טעם וריח,"תבליני טעם וריח בע""מ",IL,פלפל שחור גרוס,גרמים,90.00,100 גרם,false,,12.90,0.1433,true,1,103275
7290000134994,false,טימין 20 גר מיכל קטן,"תבליני טעם וריח בע""מ",IL,טימין מיכל קטן,גרמים,20.00,גרם,false,,5.50,0.2750,true,1,103276
7290000135045,false,"XL TEN משקה אנרגיה פתוח ללא סוכר 250 מ""ל","טמפו משקאות בע""\מ",IL,"פחית XL תפוח 250 מ""ל",מיליליטרים,250.00,"100 מ""ל",false,,4.50,0.0180,false,1,207225
7290000135113,false,משקה אנרגיה XL TEN ללא סוכר בטעם נענע ליים,"טמפו משקאות בע""\מ",IL,משקה אנרגיה XL נענע,מיליליטרים,250.00,"100 מ""ל",false,,4.50,0.0180,false,1,210698
7290000135465,false,"מי סודה 500 מ""ל - מארז 12 בקבוקים","טמפו משקאות בע""\מ",IL,סודה טמפו 500 מל מאר,ליטרים,6.00,ליטר,false,,25.90,4.3167,true,1,217714
7290000135595,false,פפסי מקס בטעם דובדבן 1.5 ללא סוכר,"טמפו משקאות בע""\מ",IL,פפסי מקס דובדבן 1.5,ליטרים,1.50,ליטר,false,,6.90,4.6000,false,1,218277
7290000136141,false,משקה בטעם קולה 1.5ל' פפסי,"טמפו משקאות בע""\מ",IL,פפסי 1.5 ליטר,ליטרים,1.50,ליטר,false,,7.50,5.0000,false,1,261489
7290000136158,false,פפסי מקס משקה מוגז דל קלוריות בטעם קולה,"טמפו משקאות בע""\מ",IL,פפסי מקס 1.5 ליטר,ליטרים,1.50,ליטר,false,,6.90,4.6000,false,1,261490
7290000136165,false,משקה מירינדה 1.5ליטר,"טמפו משקאות בע""\מ",IL,מירינדה 1.5 ליטר,ליטרים,1.50,ליטר,false,,7.50,5.0000,false,1,261486
7290000136172,false,סבן אפ בקבוק 1.5 ליט,"טמפו משקאות בע""\מ",IL,סבן אפ 1.5 ליטר,ליטרים,1.50,ליטר,false,,7.50,5.0000,false,1,261491
7290000136189,false,סבן אף דיאט 1.5 ליטר בודד,"טמפו משקאות בע""\ם.",IL,דיאט סבן אפ 1.5 ליטר,ליטרים,1.50,ליטר,false,,7.50,5.0000,false,1,261495
7290000136240,false,סודה 1.5 ליטר שישייה בודד,"טמפו משקאות בע""\מ",IL,סודה 1.5 ליטר טמפו,ליטרים,1.50,ליטר,false,,3.30,2.2000,false,1,261483
7290000136257,false,פאנק טוניק גזוז בטעם פירות,טמפו 7.5%,IL,1.5ליטר טמפו rush&to,ליטרים,1.50,ליטר,false,,10.90,7.2667,false,1,261473
7290000136264,false,מי טוניק גזוז 1.5 ל' טמפו,"טמפו משקאות בע""\מ",IL,מי טוניק 1.5 ליטר,ליטרים,1.50,ליטר,false,,10.90,7.2667,false,1,261474
7290000136288,false,"סירופ בטעם תפוחים ג'ויסר סיידר הגליל 330 מ""ל","טמפו משקאות בע""\מ",IL,סירופ בטעם תפוחים סי,מיליליטרים,330.00,"100 מ""ל",false,,13.90,0.0421,true,1,265676
7290000136295,false,"סירופ בטעם פטל ג'ויסר סיידר הגליל 330 מ""ל","טמפו משקאות בע""\מ",IL,סירופ בטעם פטל סיידר,מיליליטרים,330.00,"100 מ""ל",false,,13.90,0.0421,true,1,265674
7290000136646,false,בירה נשר מאלט ללא אלכוהול 1.5 ליטר,"טמפו משקאות בע""\מ",IL,נשר מאלט 1.5 ליטר,ליטרים,1.50,ליטר,false,,8.90,5.9333,false,1,261471
7290000136653,false,דיאט נשר מאלט ללא אלכוהול 1.5 ליטר,"טמפו משקאות בע""\מ",IL,דיאט נשר מאלט 1.5 לי,ליטרים,1.50,ליטר,false,,8.90,5.9333,false,1,261472
7290000136752,false,סבן אפ דיאט מארז שישייה 1.5 ל' FREE,"טמפו משקאות בע""\מ",IL,דיאט סבן אפ 1.5 ליטר,ליטרים,9.00,ליטר,false,,37.90,4.2111,false,1,261505
7290000136769,false,מארז שישיה בטעם קולה 1.5 ל' פפסי,"טמפו משקאות בע""\מ",IL,פפסי 1.5 ליטר שישייה,ליטרים,9.00,ליטר,false,,43.90,4.8778,false,1,261506
7290000136776,false,שישיית פפסי מקס דל קלוריות 1.5 ליטר,פפסי Pepsi,IL,פפסי מקס 1.5 ליטר שי,ליטרים,9.00,ליטר,false,,37.90,4.2111,false,1,261507
7290000136783,false,מארז שישייה מרינדה 1.5 ל',"טמפו משקאות בע""\מ",IL,מירינדה 1.5 ליטר שיש,ליטרים,9.00,ליטר,false,,43.90,4.8778,false,1,261508
7290000136790,false,שישיית מי סודה טמפו 1.5 ליטר,"טמפו משקאות בע""\מ",IL,סודה 1.5 ליטר שישייה,ליטרים,9.00,ליטר,false,,17.90,1.9889,false,1,261498
7290000136806,false,מארז סודה רביעייה לימון ליים 1.5 ל' טמפו,טמפו משקאות בעמ,IL,סודה למון ליים 1.5 ל,ליטרים,4.00,ליטר,false,,11.90,2.9750,false,1,261499
7290000136820,false,סודה בטעם פירות יער מארז ריבעיה * 1.5 ל' טמפו,טמפו משקאות בע''מn\,IL,סודה פירות יער 1.5 ל,ליטרים,4.00,ליטר,false,,11.90,2.9750,false,1,261501
7290000136844,false,מארז מים מזוככים אקווה נובה שישיית 2 ליטר,"טמפו משקאות בע""\מ",IL,מי נובה 2 ליטר שישי,ליטרים,12.00,ליטר,false,,11.90,0.9917,false,1,261496
7290000136868,false,סאן בנדטו - מים מינרלים - מארז שישיית 1.5 ליטר,אקווה מינרלה סאן בנדטו ב,IT,סן בנדטו 1.5 ליטר שי,ליטרים,9.00,ליטר,false,,17.90,1.9889,false,1,261497
7290000136875,false,שישיית מים מינרליים מוגזים סן בנדטו 1.5 ליטר,סאן בנדטו San Benedetto,IT,סן בנדטו מוגז 1.5 לי,ליטרים,9.00,ליטר,false,,18.90,2.1000,false,1,261503
7290000137513,false,גלידונית גלידה וניל בציפוי שוקולד 60 יח' קרמיסימו,"גלידת שטראוס בע""\מ, רחוב",IL,קרמיסימו גלידונית 60,גרמים,630.00,100 גרם,false,,49.90,0.0792,false,1,95952
7290000137643,false,שלגוני טעמקור בטעם שוקו וניל שטראוס 8*50 גרם,"גלידת שטראוס בע""\מ, רחוב",IL,מאגדת טעמקור שוקו ונ,יח',8.00,יח',false,,39.90,4.9875,true,1,95953
7290000140056,false,עוף טחון,,,עוף טחון,קילוגרמים,1.00,"ק""ג",true,,39.90,39.9000,false,1,149115
7290000140070,false,מוצרלה מגורדת,,,מוצרלה מגורדת,קילוגרמים,1.00,"ק""ג",true,,89.90,89.9000,false,1,148189
7290000143187,false,"הוואי שמפו 2 ב 1 לגבר 700 מ""ל",שוורצקוף& הנקל דיסלד,IL,שמפו הוואי לגבר 700,מיליליטרים,700.00,"100 מ""ל",false,,8.90,0.0127,false,1,110622
7290000143217,false,"הוואי שמפו יבש מסולסל 700 מ""ל",שוורצקוף& הנקל דיסלד,IL,שמפו הוואי יבש 700 מ,מיליליטרים,700.00,"100 מ""ל",false,,8.90,0.0127,true,1,110625
7290000143279,false,"שמפו הוואי נגד קשקשים 700 מ""ל-אדום",שוורצקוף& הנקל דיסלד,IL,שמפו הוואי נגד קשקשי,מיליליטרים,700.00,"100 מ""ל",false,,8.90,0.0127,false,1,110629
7290000143293,false,"הוואי - מרכך ילדים מתיר קשרים 700 מ""ל",טרופיקל דגיל,IL,מרכך הוואי ילדים 700,מיליליטרים,700.00,"100 מ""ל",false,,8.90,0.0127,false,1,110631
7290000144160,false,"שמן זית כתית מעולה ארומתי עץ הזית 750 מ""ל","מרקאולאו, ספרד.אבסה,",IT,שמן זית בטעם מודגש 7,יחידה,750.00,יחידה,false,,29.90,0.0399,false,1,124530
7290000144467,false,שמן חמניות מועשר בנוגדי חמצון 1 ל' עץ הזית,"נארז ע""י : א.ג. גילר",GR,שמן חמניות בריאות,ליטרים,1.00,ליטר,false,,14.90,14.9000,false,1,110192
7290000144474,false,שמן עץ הזית קנולה 1 ליטר בריאות מהטבע,שמן תעשיות בעמ,EE,שמן קנולה בריאות,ליטרים,1.00,ליטר,false,,14.90,14.9000,false,1,110193
7290000146669,false,הוואי - סבון מוצק שמיים כחולים 100 גרם רביעייה,טרופיקל דגיל קוסמטיק,IL,רבעיה ס.מ.הוואי שמיי,גרמים,400.00,100 גרם,false,,12.90,0.0323,true,1,110666
7290000146676,false,הוואי - סבון מוצק לגבר 100 גרם רביעייה,טרופיקל דגיל קוסמטיק,PL,רבעיה ס.מ.הוואי לגבר,גרמים,400.00,100 גרם,false,,12.90,0.0323,true,1,110667
7290000146683,false,הוואי - סבון מוצק אפקט דאודורנט 100 גרם רביעייה,טרופיקל דגיל קוסמטיק,PL,רבעיה ס.מ.הוואי אפקט,גרמים,400.00,100 גרם,false,,12.90,0.0323,true,1,110668
7290000148380,false,פיסטוקים קלוים קליית גת 200 גרם,"ג'י אנד ג'י בע""מ",IL,פיסטוק 200,גרמים,200.00,100 גרם,false,,21.00,0.1050,true,1,102130
7290000148489,false,"קליית גת גרעיני דלעת קלויים,200 גרם","ג'י אנד ג'י בע""מ",IL,גרעיני דלעת,גרמים,200.00,100 גרם,false,,8.50,0.0425,true,1,102131
7290000148618,false,קשיו מטוגן שקית קליית גת 200 גרם,"ג'י אנד ג'י בע""מ",IL,קאשיו 200,גרמים,200.00,100 גרם,false,,18.00,0.0900,true,1,102132
7290000148939,false,שקדים קלויים 200 גרם קליית גת,"ג'י אנד ג'י בע""מ",IL,שקד קלוי 200 גר,גרמים,200.00,100 גרם,false,,18.00,0.0900,true,1,102136
7290000149615,false,רביעיית סבון מוצק קלאסי לתינוק נקה 7 4*100 גרם,גליל כימיקלים בעממשו,IL,נקה 7- לתינוק רביעיה,גרמים,400.00,100 גרם,false,,11.90,0.0298,true,1,107826
7290000149806,false,סופר 7-סבון נוזל כלים 1.0 ל',נקה 7,,סופר 7-ס.נוז' לכלים,ליטרים,1.00,ליטר,false,,12.90,12.9000,true,1,107827
7290000149851,false,סבון לניקוי והסרת כתמים סינטבון 460 גרם,יבואן ומשווק: ש. שסט,IL,סינטבון-כפול,גרמים,460.00,100 גרם,false,,10.90,0.0237,true,1,107830
7290000149905,false,טקסטיל נוזל לכביסה עדינה נקה 1 ליטר,מיוצר עי קונדיטוריית,IL,טקסטיל שמפו-1 ליטר נ,ליטרים,1.00,ליטר,false,,14.90,14.9000,true,1,107832
7290000150277,false,פסטרמה חזה הודו ברבי,עיצובים 2020 (4.9),,חזה הודו ברביקיו,קילוגרמים,1.00,"ק""ג",true,,74.00,74.0000,false,1,93525
7290000150352,false,פסטרמה איטלקית במשקל,עיצובים 2020 (4.9),IL,פסטרמה איטלקית,קילוגרמים,1.00,"ק""ג",true,,74.00,74.0000,false,1,93527
7290000150369,false,פסטרמה מקסיקנית צ'לי-משק,עיצובים 2020 (4.9),IL,פסטרמה מקסיקנית,קילוגרמים,1.00,"ק""ג",true,,74.00,74.0000,false,1,93528
7290000150956,false,עוף טוב מקלוני קבנוס 160 גרם,מוצרי עוף טוב (2001) בע\,IL,מקלוני קבנוס עוף טוב,גרמים,160.00,100 גרם,false,,10.90,0.0681,true,1,128409
7290000151052,false,פסטרמה בדבש עוף-טוב,עיצובים 2020 (4.9),,פסטרמה בדבש,קילוגרמים,1.00,"ק""ג",true,,74.00,74.0000,false,1,93535
7290000152288,false,עוף טוב נקניקיות עוף מיס לוסי 400 גרם,מוצרי עוף טוב (2001) בע\,IL,נקנקיות עוף 400 עוף,גרמים,400.00,100 גרם,false,,11.90,0.0298,false,1,93893
7290000152943,false,מארז פסטרמה כפרית וסלמי כפרי עוף טוב 2*350 גרם,מוצרי עוף טוב (2001) בע\,IL,מארז סלמי + פסטרמה,גרמים,700.00,100 גרם,false,,25.90,0.0370,true,1,134045
7290000153445,false,קציצות בקר מתובלות 100% רכיבים טבעיים,מולינו ניקולי s.p.a,IL,עוף טוב קציצות בקר מ,גרמים,500.00,100 גרם,false,,28.90,0.0578,true,1,135377
7290000153469,false,קציצות עוף קלאסיות 100% רכיבים טבעיים,"מוצרי עוף טוב (2001) בע""",IL,עוף טוב קציצות עוף ק,גרמים,600.00,100 גרם,false,,28.90,0.0482,true,1,135204
7290000161358,false,תלמה מיונז אמיתי משמן קנולה 500 גרם,יוניליוור ישראל מזון בע\,IL,מיונז אמיתי משמן קנו,גרמים,500.00,100 גרם,false,,16.50,0.0330,false,1,101447
7290000168173,false,"ברנפלקס קרנצ'ים תלמה 375 גרם בד""צ",יוניליור ישראל מזון,IL,דגני בוקר קראנצ'ים,גרמים,375.00,100 גרם,false,,19.90,0.0531,false,1,141996
7290000169538,false,"נמס בכוס עגבניות וקרוטונים מרק כשרות בד""ץ 62 ג' קנור",יוניליוור ישראל מזון בע\,IL,נמס בכוס עגבניות וקר,גרמים,62.00,100 גרם,false,,7.00,0.1129,false,1,144235
7290000169798,false,"עוגי מופחת סוכר 20% פצפוצי שוקו' 500ג' בד""צ",יוניליוור ישראל מזון בע\,IL,עוגי מופחת סוכר 500,גרמים,500.00,100 גרם,false,,19.90,0.0398,false,1,144999
7290000170053,false,"שוקולד פרה חלב 100 גרם בד""צ לל""ג","שטראוס גרופ בע""\מ.",IL,שוקולד חלב פרה 100 ג,גרמים,100.00,100 גרם,false,,6.00,0.0600,false,1,98768
7290000174099,false,בפלות ופלים בטעם שוקולד 500 גרם,"שטראוס גרופ בע""מ",IL,ופלים שוקו 500,גרמים,500.00,100 גרם,false,,12.90,0.0258,false,1,98783
7290000174723,false,שוקולית אבקה להכנת משקה שוקו 500 גרם,הנסיך- מפעל לייצור ט,IL,שוקולית 500 גרם,גרמים,500.00,100 גרם,false,,11.90,0.0238,false,1,98785
7290000176062,false,קפה טורקי בשקית 100 ג' עלית,שטראוס קפה בי.ויn\.,IL,קפה טורקי 100 גרם,גרמים,100.00,100 גרם,false,,8.90,0.0890,false,1,98792
7290000176079,false,קפה עלית טורקי עם הל 100 גרם,הנסיך- מפעל לייצור ט,IL,קפה עם הל 100 גרם,גרמים,100.00,100 גרם,false,,9.90,0.0990,true,1,98793
7290000176116,false,"קפה טורקי עלית וואקום 1 ק""ג",הנסיך- מפעל לייצור ט,IL,קפה טורקי אריזת ואקו,קילוגרמים,1.00,"ק""ג",false,,82.90,82.9000,false,1,98796
7290000176147,false,קפה לפילטר קלוי וטחון מוקה מספר 1 עלית 500 גרם,ELITE CAFE SP. ZO.O,PL,קפה מוקה מספר 1 500,גרמים,500.00,100 גרם,false,,54.00,0.1080,false,1,98797
7290000176413,false,קפה נמס אבקתי עלית 50 ג',הנסיך- מפעל לייצור ט,IL,קפה נמס 50 גרם,גרמים,50.00,100 גרם,false,,9.50,0.1900,false,1,98799
7290000176420,false,קפה נמס פחית עלית 200 גרם,שטראוס קפה בי.וי,IL,קפה נמס עלית 200 גרם,גרמים,200.00,100 גרם,false,,19.90,0.0995,false,1,98800
7290000176468,false,קפה נמס נטול קפאין 50 ג' קפה האג,"איי, בי, אינבוו",IL,קפה נמס האג נטול קפא,גרמים,50.00,100 גרם,false,,11.50,0.2300,true,1,98801
7290000176475,false,האג קפה נמס נטול קפאין עלית 200 גרם,שטראוס גרופ,VN,קפה נמס האג נטול קפא,גרמים,200.00,100 גרם,false,,35.90,0.1795,false,1,98802
7290000178103,false,מאגדת רביעיית שוקולד חלב פרה 100X4 גרם,"שטראוס גרופ בע""מ.",IL,רביעיה שוקולד חלב,גרמים,400.00,100 גרם,false,,19.90,0.0497,false,1,98806
7290000178707,false,תפוצ'יפס בטעם טבעי 50 גרם,"שטראוס פריטו ליי בע""\מ )",IL,תפוצ'יפס 50,גרמים,50.00,100 גרם,false,,3.90,0.0780,false,1,99380
7290000178721,false,תפוצ'יפס בטעם טבעי 200 גרם,"שטראוס פריטו ליי בע""\מ )",IL,תפוצ'יפס 200,גרמים,200.00,100 גרם,false,,11.90,0.0595,false,1,99382
7290000180212,false,שוקולוד פרה מריר אגוזים 100ג' עלית,"שטראוס גרופ בע""מ",IL,שוקולד מריר עם אגוזי,גרמים,100.00,100 גרם,false,,6.00,0.0600,false,1,121278
7290000183589,false,לחם מחמצת מאפה הבלקן,,,לחם מחמצת מאפה הבלקן,גרמים,600.00,100 גרם,false,,18.90,0.0315,true,1,192968
7290000185224,false,סילאן בקבוק לחיץ תמר כנרת 650 גר,תמר כנרת,IL,סילאן כנרת בקבוק לחי,גרמים,650.00,100 גרם,false,,14.90,0.0229,true,1,121730
7290000185293,false,סילאן טבעי תמר כנרת 350 גרם,"חצר כנרת מוצרי תמר אגש""ח",IL,סילן טבעי 350גר,גרמים,350.00,100 גרם,false,,12.90,0.0369,true,1,145557
7290000185330,false,סילאן טבעי תמר כנרת 900 גר,טעמי הגליל,IL,סילאן טבעי חצר כנרת,גרמים,900.00,100 גרם,false,,21.90,0.0243,true,1,136235
7290000185590,false,סילאן טבעי בבקבוק לחיץ 650 גרם,"טעמי הגליל בע""\מ עבור וי",IL,סילאן טבעי בקבוק לחי,גרמים,650.00,100 גרם,false,,18.90,0.0291,true,1,217125
7290000186030,false,מארז רביעייה מגבוני בתחליב וויטמין E האגיס,קימברלי קלארק,IL,מארז מגבוני דיסני עם,יחידה,0.00,יחידה,false,,26.90,0.0000,false,1,196430
7290000186535,false,נייר טואלט תלת שכבתי לבן לילי 32 יחידות,לילי נייר טואלט חוגלה,IL,לילי טריו 32 גלילים,יחידה,0.00,יחידה,false,,45.90,0.0000,false,1,149977
7290000187860,false,מגבוני טואלט לחים לילי דיספנסר 40יח',עלבד משואות יצחק בעמ,IL,מגבוני טואלט לחי,גרמים,59.00,100 גרם,false,,8.90,0.1508,false,1,102892
7290000187921,false,נייר טואלט דו שכבתי לבן לילי 32 יחידות,לילי נייר טואלט חוגלה,IL,נייר טואלט לילי לבן,גרמים,1969.00,100 גרם,false,,38.90,0.0198,false,1,116399
7290000187938,false,לילי - נייר טואולט נייר טואלט פסטל 32 יח',לילי נייר טואלט חוגלה,IL,נייר טואלט לילי פסטל,יחידה,0.00,יחידה,false,,39.90,0.0000,false,1,116400
7290000187952,false,נייר טואלט תלת שכבתי ורוד לילי 32 יחידות,לילי נייר טואלט חוגלה,IL,נייר טואלט לילי טריו,גרמים,1788.00,100 גרם,false,,45.90,0.0257,false,1,116376
7290000188553,false,קוטקס מגן תחתון יאנג ביג 60 יחידות,קימברלי קלארק,CN,מגן תחתון קוטקס נורמ,יחידה,0.00,יחידה,false,,17.90,0.0000,true,1,127853
7290000188591,false,קוטקס מגן תחתון יאנג ביג 60 יחידות,קימברלי קלארק,CN,מגן תחתון קוטקס יאנג,יחידה,0.00,יחידה,false,,17.90,0.0000,true,1,127854
7290000189079,false,תבניות אינגליש קייק עבות ניקול 6 יחידות,ניקול,CN,תבניות עגולות ניקול,יחידה,0.00,יחידה,false,,10.90,0.0000,true,1,182268
7290000189116,false,תבניות עגולות עבות במיוחד 5 יחידות ניקול,ניקול,CN,תבניות חד פעמי ניקול,יחידה,0.00,יחידה,false,,10.90,0.0000,true,1,182269
7290000189192,false,סופר מטלית מטליות נייר רב פעמיות ניקול 64 יחידות,קימברלי קולומביה,IL,מטלית חכמה יומית - נ,יחידה,0.00,יחידה,false,,18.90,0.0000,true,1,102903
7290000189277,false,תבניות מלבניות עבות וחזקות ניקול 3 יחידות,ניקול,CN,תבניות מלבניות גדולו,יחידה,0.00,יחידה,false,,10.90,0.0000,true,1,182272
7290000189482,false,תבניות אפיה מרובעות מקרטון ניקול 4 יחידות,"דוקארט בעמ, קיבוץ כפ",IL,תבנית אפיה מקרטון מר,יחידה,0.00,יחידה,false,,10.90,0.0000,true,1,123178
7290000189499,false,תבניות אפיה עגולות מקרטון ניקול 3 יחידות,"דוקארט בעמ, קיבוץ כפ",IL,תבנית אפייה מקרטון ע,יחידה,0.00,יחידה,false,,10.90,0.0000,true,1,123324
7290000189505,false,ניקול תבנית אפייה מקרטון אינגליש קייק ניקול 5 יחידות,"דוקארט בעמ, קיבוץ כפ",IL,תבנית אפיה מקרטון אי,יחידה,0.00,יחידה,false,,10.90,0.0000,true,1,123179
7290000189536,false,אשפתון שרוך מתכלה 52/65 ניקול 40 יח',אשפלסט,TR,אשפתון 40 יח',יחידה,0.00,יחידה,false,,19.90,0.0000,false,1,102907
7290000189598,false,מטליות לחות חד פעמיות לניקוי כללי 50 יח' ניקול,עלבד משואות יצחק בעמ,IL,ניקול מטליות לחות,יחידה,0.00,יחידה,false,,10.90,0.0000,false,1,119367
7290000189659,false,מטליות לחות לרצפה ניקול 10 יח'-מרכז,עלבד משואות יצחק בעמ,IL,מטליות לחות רצפה ניק,יחידה,0.00,יחידה,false,,10.90,0.0000,false,1,122230
7290000189734,false,מטליות לחות לניקוי פרקט ניקול 10 יחידות,עלבד משואות יצחק בעמ,IL,מטליות לחות לפרקט,יחידה,0.00,יחידה,false,,10.90,0.0000,true,1,128925
7290000189871,false,"שקיות אשפה עם שרוך 52 * 65 ס""מ ניקול 55 שקיות","אשפלסט תעשיות בע""מ",IL,אשפתון 60 שקיות מתכל,יחידה,0.00,יחידה,false,,22.90,0.0000,false,1,118081
7290000190068,false,מפיות נייר ניקול 100 יחידות,חוגלה קימברלי,IL,מפיות ניקול- 100 יח',יחידה,0.00,יחידה,false,,6.90,0.0000,false,1,102911
7290000190150,false,מפיות מודפסות תלת שכבתיות ניקול 20 יחידות,חוגלה קימברלי,SI,מפיות מעוטרות ניקול-,גרמים,102.00,100 גרם,false,,6.90,0.0676,true,1,102913
7290000190198,false,מטליות לחות לניקוי וחיטוי 99.9% ניקול 50 יחידה,עלבד משואות יצחק בעמ,IL,מטלית לניקוי שירותים,יחידה,0.00,יחידה,false,,10.90,0.0000,false,1,145644
7290000190716,false,שקדים פרוסים,,,שקדים פרוסים,קילוגרמים,1.00,"ק""ג",true,,72.00,72.0000,true,1,100537
7290000191225,false,חיתולים ליטל בייביז מידה 2 האגיס 46 יחידות,קימברלי קלארק שיווק,IL,האגיס שלב 2,יחידה,0.00,יחידה,false,,37.90,0.0000,false,1,187271
7290000191539,false,חמישיית ממחטות טישו צבועני לילי 100 יחידות,חוגלה קימברלי,IL,מגבוני לילי צבעוני ח,גרמים,593.00,100 גרם,false,,13.90,0.0234,true,1,102926
7290000191546,false,ממחטות טישו צבעוני 2 שכבות לילי מארז 100X3יח',חוגלה קימברלי,IL,צבעוני שלישיה,גרמים,420.00,100 גרם,false,,10.90,0.0260,false,1,102927
7290000191645,false,"חיתולים האגיס ליטל בייביס ניו בורן שלב 1 עד 4 ק""ג",קימברלי קלארק ארהב,US,האגיס ניו -בורן חדש,יחידה,0.00,יחידה,false,,33.90,0.0000,false,1,141029
7290000191652,false,שלישיית ממחטות אולטרה סופט קלינקס 90 יחידות,חוגלה קימברלי,IL,מארז קלינקס שלישיה,יחידה,0.00,יחידה,false,,11.90,0.0000,false,1,113007
7290000191966,false,נייר טואלט לילי לח נטורל קר 48 דפים,עלבד משואות יצחק בעמ,IL,נ.ט לילי לח סנסטיב,יחידה,0.00,יחידה,false,,8.90,0.0000,true,1,134156
7290000192581,false,מגבת נייר גליל כפול ניקול 12=6 גליל,קימברלי-קלארק,IL,שישיה נייר מגבת ניקו,יחידה,0.00,יחידה,false,,21.90,0.0000,false,1,197590
7290000193014,false,מגן תחתון פדיות אינטרלוד לילי 50 יחידות,חוגלה קימברלי,CZ,פדיות אינטרלוד,יחידה,0.00,יחידה,false,,10.60,0.0000,true,1,102930
7290000193083,false,נובה-לי תחבושות היגייניות לילי 28 יחידות,חוגלה קימברלי,CZ,נובה לי 28,יחידה,0.00,יחידה,false,,10.60,0.0000,true,1,114363
7290000193649,false,תחבושות עם כנפיים נורמל פלוס לילי 24 יחידות,חוגלה קימברלי,ES,זוג תחבושות לילי,יחידה,0.00,יחידה,false,,12.90,0.0000,true,1,102941
7290000193793,false,לילי תחבושות אינטימי נורמל אולט' 24 יח',חוגלה קימברלי,ES,תחבושות אולטרה נ,יחידה,0.00,יחידה,false,,12.90,0.0000,false,1,102947
7290000195216,false,נייר אפייה בשקית ניקול 50 יח',ניקול,IL,נייר אפיה נישלף,יחידה,0.00,יחידה,false,,10.90,0.0000,false,1,148535
7290000195537,false,האגיס - מגבוני האגיס דיילי קר לא מבושם 64 יח' * 4,חוגלה קימברלי,IL,מגבונים האגיס,יחידה,0.00,יחידה,false,,19.90,0.0000,false,1,102993
7290000195773,false,רביעיית מגבון אלוורה ושקד האגיס 64 יחידות,חוגלה קימברלי,IL,האגיס נטורל מילוי רב,יחידה,0.00,יחידה,false,,19.90,0.0000,false,1,103000
7290000196039,false,"מפות שולחן איריס ח""פ ניקול 2 יח'",חוגלה קימברלי,IL,זוג מפות ניקול,גרמים,250.00,100 גרם,false,,10.90,0.0436,true,1,103001
7290000196343,false,מפת שולחן מהודרת ניקול 1 יחידה,חוגלה קימברלי,IL,מפת שולחן מהודרת,יחידה,0.00,יחידה,false,,10.90,0.0000,true,1,103005
7290000196763,false,"שקיות אשפה חזקות במיוחד עם שרוך 52 * 65 ס""מ ניקול 40 יחידות","אשפלסט תעשיות בע""מ",IL,אשפתון ניקול השקית ה,יחידה,0.00,יחידה,false,,21.00,0.0000,true,1,133748
7290000197012,false,שקיות ריצ'רץ' אחסון למזון ניקול 15 יחידות,חוגלה קימברלי,CN,שקיות ריץ רץ לאיחסון,יחידה,0.00,יחידה,false,,16.00,0.0000,true,1,103006
7290000197029,false,שקיות ריצ'רץ' רב תכליתיות ניקול 12 יחידות,קריות זול,IL,שקיות ריצ רצ לאיחסון,יחידה,0.00,יחידה,false,,16.00,0.0000,true,1,103007
7290000197081,false,ניקול ניילון נצמד 150 מטר+מתקן לחיתוך קל,חוגלה קימברלי,IL,ניילון נצמד- 150 מטר,יחידה,0.00,יחידה,false,,27.90,0.0000,true,1,103008
7290000197326,false,רדיד אלומניום ניקול זוגי 30X7.5מ',חוגלה קימברלי,IL,זוג נייר כסף קטן- עו,יחידה,0.00,יחידה,false,,11.90,0.0000,false,1,103012
7290000197340,false,רדיד אלומניום ניקול זוגי 45X7.5מ',חוגלה קימברלי,IL,זוג רדיד אלומיניום א,יחידה,0.00,יחידה,false,,16.90,0.0000,true,1,103013
7290000197425,false,חיתולים פרידום דריי שלב 3 האגיס 52 יחידות,קימברלי קלארק ישראל,IL,האגיס פרידום דריי של,יחידה,0.00,יחידה,false,,41.90,0.0000,false,1,151244
7290000197432,false,שקיות אוכל סנדביצ'ון ניקול מארז 150X2יח',"אשפלסט תעשיות בע""מ",IL,סנדוויצון זוג- 300 י,יחידה,0.00,יחידה,false,,13.90,0.0000,true,1,103015
7290000197456,false,חיתולים פרידום דריי שלב 4 האגיס 44 יחידות,קימברלי קלארק ישראל,IL,האגיס פרידום שלב 4,יחידה,0.00,יחידה,false,,41.90,0.0000,false,1,151247
7290000197463,false,חיתולים פרידום דריי שלב +4 האגיס 40 יחידות,קימברלי קלארק ישראל,IL,האגיס פרידום דריי של,יחידה,0.00,יחידה,false,,41.90,0.0000,false,1,151248
7290000197470,false,שקיות רב שימושיות מתכלות ניקול 250 יחידות,"אשפלסט תעשיות בע""מ",IL,שקיות רב שימושי- 200,יחידה,0.00,יחידה,false,,16.90,0.0000,true,1,103016
7290000197548,false,חיתולים פרידום דריי שלב 5 האגיס 36 יחידות,קימברלי קלארק ישראל,IL,האגיס פרידום דריי של,יחידה,0.00,יחידה,false,,41.90,0.0000,false,1,151249
7290000197654,false,ניקול אשפתון שקיות אשפה ענקיות 45 יח',"אשפלסט תעשיות בע""מ",IL,שקיות אשפה ניקול בגו,יחידה,0.00,יחידה,false,,22.90,0.0000,false,1,103023
7290000197678,false,חיתולי האגיס פרידום דריי שלב 6 30 יחידות,קימברלי קלארק ישראל,IL,האגיס פרידום פלוס של,יחידה,0.00,יחידה,false,,41.90,0.0000,false,1,151250
7290000197753,false,ניילון נצמד אנטי בטקריאלי ניקול 30X2מ',חוגלה קימברלי,CN,זוג ניילון נצמד,יחידה,0.00,יחידה,false,,11.90,0.0000,false,1,103027
7290000197876,false,תבניות אלומיניום קטנות עם מכסה ניקול 4 יחידות,חוגלה קימברלי,CN,מגשית אלומיניום עם מ,יחידה,0.00,יחידה,false,,8.90,0.0000,true,1,103033
7290000197883,false,תבנית אלומיניום 100 גדולה ניקול 4 יחידות,חוגלה קימברלי,CN,מגשית אלומיניום גדול,יחידה,0.00,יחידה,false,,9.90,0.0000,true,1,103034
7290000197951,false,תבניות אלומיניום ענקיות ניקול 3 יחידות,חוגלה קימברלי,CN,מגש אלומיניום ענק 3,יחידה,0.00,יחידה,false,,9.90,0.0000,true,1,103035
7290000197982,false,רדיד אלומיניום עבה 45 ניקול 7.5 מ' זוגי,ניקול,IL,זוג רדיד אלומיניום ע,יחידה,0.00,יחידה,false,,22.90,0.0000,true,1,103036
7290000197999,false,רדיד אלומיניום עבה ניקול זוגי 30X7.5מ',קריות זול,IL,זוג רדיד אלומיניום ע,יחידה,0.00,יחידה,false,,17.90,0.0000,true,1,103037
7290000199313,false,קוטקס יאנג תחבושות עם כנפיים נורמל חדש30,חוגלה קימברלי,CZ,תחבושות קוטקס יאנג 2,יחידה,0.00,יחידה,false,,17.90,0.0000,true,1,103038
7290000204086,false,ניקול כרית קרצוף מארז שלישייה,חוגלה קימברלי,US,כרית קרצוף ניקול,יחידה,0.00,יחידה,false,,10.90,0.0000,false,1,103052
7290000204147,false,רביעיית כרית יפנית עבה ניקול 4 יחידות,פלסטו פוליש (ברקן),IL,כרית יפנית רביעיה,יחידה,0.00,יחידה,false,,10.90,0.0000,false,1,103053
7290000204215,false,שישיית כרית יפנית ניקול 6 יחידות,פלסטו פוליש (ברקן),IL,כרית יפנית שישייה ני,יחידה,0.00,יחידה,false,,10.90,0.0000,false,1,103054
7290000204239,false,ניקול מטליות ריצפה רביעיה,חוגלה קימברלי,IL,מטליות רצפה רביע,יחידה,0.00,יחידה,false,,12.90,0.0000,true,1,103055
7290000204253,false,מטליות רב שימושיות לניקיון ניקול 9 יחידות,נועם אורים-קיבוץ אור,IL,מטליות ניקול תשי,יחידה,0.00,יחידה,false,,10.90,0.0000,false,1,103056
7290000204512,false,מטליות לחות לניקוי רצפה בריח לימון ניקול 10 יחידות,עלבד משואות יצחק בעמ,IL,מטליות לחות לריצפה ב,יחידה,0.00,יחידה,false,,10.90,0.0000,true,1,195778
7290000204611,false,שישיית ספוגית הקסם ניקול 6 יחידות,חוגלה קימברלי,US,ניקול ספוגית,יחידה,0.00,יחידה,false,,10.90,0.0000,false,1,103060
7290000205915,false,חיתולי האגיס אקסטרה קייר מידה 4 40 יחידות,חוגלה קימברלי,IL,האגיס אקסטרה קייר מי,יחידה,0.00,יחידה,false,,49.90,0.0000,false,1,189918
7290000207063,false,רסק עגבניות פריכוז 28% 240 גרם יכין,היינץ צפון אמריקה מק,IL,פריכוז יכין 240 גר',גרמים,240.00,100 גרם,false,,5.50,0.0229,true,1,109593
7290000207162,false,רוטב עגבניות מרכיב טבעי 100 ג' יכין,"זנלכל בע""\מ",IL,רוטב עגבניות יכין 10,גרמים,100.00,100 גרם,false,,2.50,0.0250,false,1,109595
7290000207438,false,עגבניות 2.5 A קוביות 850 גרם יכין,"זנלכל בע""\מ",IL,קוביות עגבניות 800 ג,גרמים,800.00,100 גרם,false,,8.90,0.0111,true,1,120201
7290000208008,false,רסק פלפל חריף חריסה A2 יכין 550 ג',"זנלכל בע""\מ",IL,חריסה רסק פלפל חריף,גרמים,600.00,100 גרם,false,,8.90,0.0148,true,1,109597
7290000208022,false,עגבניות מרוסקות פריכוז 800 ג' יכין,"זנלכל בע""\מ",IL,עגבניות מרוסקות 800,גרמים,800.00,100 גרם,false,,8.90,0.0111,true,1,109598
7290000208077,false,אפונת גינה רגילה 550 גרם יכין,"זנלכל בע""\מ",IL,אפונת גינה בינוני 55,גרמים,550.00,100 גרם,false,,8.50,0.0155,true,1,109600
7290000208091,false,אפונה קטנה עדינה יכין 550 גרם,"זנלכל בע""\מ",IL,אפונה קטנה 2A יכ,גרמים,600.00,100 גרם,false,,8.90,0.0148,true,1,109602
7290000208114,false,"אפונה וגזר יכין A2 פ""ק בית יוסף","זנלכל בע""\מ",IL,אפונה וגזר 550 גרם,גרמים,550.00,100 גרם,false,,8.50,0.0155,true,1,109603
7290000208138,false,סירופ דיאט בטעם ענבים יכין 1 ליטר,"זנלכל בע""\מ",IL,סירופ דיאט ענבים,ליטרים,1.00,ליטר,false,,16.90,16.9000,true,1,109605
7290000208145,false,גרעיני תירס מתוק לייט 550 גרם יכין,"זנלכל בע""\מ",IL,תירס לייט 550 גרם,גרמים,550.00,100 גרם,false,,8.90,0.0162,true,1,109606
7290000208176,false,"תפוח אדמה יכין A2 פ""מ בית יוסף","זנלכל בע""מ",IL,תפוחי אדמה יכין 550,גרמים,550.00,100 גרם,false,,8.90,0.0162,true,1,109607
7290000208213,false,שעועית לבנה אפויה A2 ברוטב עגבניות יכין 560ג',היינץ צפון אמריקה מק,IL,שעועית אפויה לבנה בר,גרמים,580.00,100 גרם,false,,8.50,0.0147,true,1,109609
7290000208220,false,"שעועית צ'לי יכין פ""ק A2 בית יוסף",היינץ צפון אמריקה מק,IL,שעועית צ'ילי מקסיקני,גרמים,550.00,100 גרם,false,,8.90,0.0162,true,1,109610
7290000208244,false,"בסיס לשקשוקה יכין A2 פ""ק בית יוסף","זנלכל בע""מ",IL,בסיס עגבניות לשקשוקה,גרמים,570.00,100 גרם,false,,8.90,0.0156,true,1,109611
7290000208251,false,שעועית ירוקה חתוכה יכין 550 גרם,"זנלכל בע""מ",IL,שעועית ירוקה חתוכה,גרמים,550.00,100 גרם,false,,8.90,0.0162,true,1,109612
7290000208312,false,גרעיני תירס מתוק בואקום יכין 400 גר',"זנלכל בע""\מ",IL,תירס בואקום,גרמים,325.00,100 גרם,false,,6.50,0.0200,false,1,109614
7290000208329,false,גרעיני תירס מתוק 550 גרם יכין,"זנלכל בע""\מ",IL,תירס מתוק 550 גרם,גרמים,550.00,100 גרם,false,,8.50,0.0155,false,1,109615
7290000208336,false,רסק יכין 240גר 22% יכין בית יוסף,"זנלכל בע""\מ",IL,רוטב עגבניות 240 גר',גרמים,240.00,100 גרם,false,,4.50,0.0188,false,1,109616
7290000208343,false,עגבניות מרוסקות שום יכין A2.5 בית יוסף,היינץ צפון אמריקה מק,IL,עגבניות מרוסקות שום,יחידה,0.00,יחידה,false,,8.90,0.0000,true,1,146367
7290000208350,false,עגבניות מרוסקות בצל 850 גר יכין A 2.5,זנלכל,IL,עגבניות מרוסקות+בצל,גרמים,800.00,100 גרם,false,,8.90,0.0111,true,1,147946
7290000208367,false,עגבניות מרוסקות בתוספת בזיליקום 800 ג' יכין,זנלכל,IL,עגבניות מרוסקות בזיל,יחידה,0.00,יחידה,false,,8.90,0.0000,true,1,142160
7290000208428,false,גרגרי חומוס שלם 550 גרם יכין,"זנלכל בע""\מ",IL,חומוס גרעינים 550 גר,גרמים,550.00,100 גרם,false,,8.50,0.0155,true,1,109618
7290000208480,false,גרעיני תירס מתוק בטעם חמאה 550 גרם יכין,"זנלכל בע""\מ",IL,תירס בטעם חמאה,גרמים,550.00,100 גרם,false,,8.90,0.0162,true,1,109622
7290000208534,false,גרעיני תירס מתוק לילדים 550 גרם יכין,"זנלכל בע""\מ",IL,תירס קיד 550 גרם,גרמים,550.00,100 גרם,false,,8.90,0.0162,true,1,109624
7290000208800,false,גרעיני תירס מתוק לילדים 400 גרם יכין,זנלכל,IL,תירס קיד יכין מתוק,גרמים,550.00,100 גרם,false,,6.50,0.0118,true,1,170317
7290000208855,false,רוטב לפסטה קלאסי 240 גרם יכין,"זנלכל בע""\מ",IL,רוטב עגבניות לפסטה 2,גרמים,240.00,100 גרם,false,,4.90,0.0204,true,1,109628
7290000208893,false,גרעיני תירס מתוק לייט 400 גרם יכין,היינץ צפון אמריקה מק,IL,תירס לייט,גרמים,340.00,100 גרם,false,,6.50,0.0191,true,1,144137
7290000208930,false,עגבניות מרוסקות בתוספת שום 240 גרם יכין,"זנלכל בע""מ",IL,עגבניות מרוסקות עם ש,גרמים,260.00,100 גרם,false,,4.90,0.0188,true,1,109590
7290000208947,false,עגבניות מרוסקות יכין 260 גרם,היינץ צפון אמריקה מק,IL,עגבניות מרוסקות 260,גרמים,260.00,100 גרם,false,,4.90,0.0188,true,1,109591
7290000208978,false,רסק עגבניות פריכוז 28% 100 גרם יכין,היינץ צפון אמריקה מק,IL,פריכוז 100 גר',גרמים,100.00,100 גרם,false,,2.90,0.0290,true,1,147947
7290000209012,false,חומץ 1ליטר יכין הדרים,"זנלכל בע""\מ",IL,חומץ הדרים 5%,ליטרים,1.00,ליטר,false,,6.90,6.9000,true,1,109631
7290000209043,false,מיץ לימון לתיבול יכין 1 ליטר,היינץ צפון אמריקה מק,IL,רוטב לימון 1 ליטר יכ,ליטרים,1.00,ליטר,false,,6.90,6.9000,true,1,109632
7290000209173,false,חומצה אצטית למזון 5% יכין 1 ליטר,"זנלכל בע""\מ",IL,חומץ סינטטי,ליטרים,1.00,ליטר,false,,4.90,4.9000,true,1,109636
7290000209371,false,תירס מתוק יכין 200 גרם מארז 3 יח',היינץ צפון אמריקה מק,IL,שלישיה תירס יכין 3*1,גרמים,420.00,100 גרם,false,,13.90,0.0331,false,1,186832
7290000209388,false,תירס מתוק לייט יכין 200 גרם מארז 3 יח',"זנלכל בע""\מ",IL,שלישיות תירס לייט יכ,גרמים,165.00,100 גרם,false,,13.90,0.0842,true,1,190463
7290000209524,false,סירופ דיאט בטעם פטל יכין 1 ליטר,"זנלכל בע""\מ",IL,סירופ פטל דיאט,ליטרים,1.00,ליטר,false,,16.90,16.9000,true,1,109649
7290000209579,false,סירופ דיאט בטעם אננס יכין 1 ליטר,"זנלכל בע""\מ",IL,סירופ אננס דיאט,ליטרים,1.00,ליטר,false,,16.90,16.9000,true,1,109653
7290000209708,false,עגבניות מרוסקות עם בזיליקום יכין 240 גרם,היינץ צפון אמריקה מק,IL,עגבניות מרוסקות עם ב,גרמים,260.00,100 גרם,false,,4.90,0.0188,true,1,109592
7290000209722,false,רסק עגבניות 28% פריכוז 580 גרם יכין,"זנלכל בע""\מ",IL,רסק עגבניות פריכוז,גרמים,580.00,100 גרם,false,,9.90,0.0171,true,1,109655
7290000209906,false,עגבניות מרוסקות בתוספת בצל 240 גרם יכין,זנלכל,IL,עגבניות מרוסקות עם ב,גרמים,260.00,100 גרם,false,,4.90,0.0188,true,1,119479
7290000209913,false,עגבניות חתוכות לקוביות 240 גרם יכין,"זנלכל בע""\מ",IL,עגבניות קוביות 260 ג,גרמים,260.00,100 גרם,false,,4.90,0.0188,true,1,117300
7290000209944,false,רוטב לעגבניות בסיס לשקשוקה 240 ג' יכין,"זנלכל בע""\מ",IL,רוטב עגבניות לשקשוקה,גרמים,260.00,100 גרם,false,,4.90,0.0188,true,1,115937
7290000209951,false,רוטב עגבניות לפיצה 260 גרם יכין,"זנלכל בע""\מ",IL,רוטב עגבניות לפיצה 2,גרמים,260.00,100 גרם,false,,4.90,0.0188,true,1,116721
7290000209968,false,רוטב עגבניות ללזניה יכין 240 גרם,"זנלכל בע""\מ",IL,רוטב עגבניות ללזניה,גרמים,260.00,100 גרם,false,,4.90,0.0188,true,1,116722
7290000210469,false,עגבניות שלמות יכין A2.5 בית יוסף,זנלכל,IL,עגבניות שלמות מקולפו,גרמים,800.00,100 גרם,false,,8.90,0.0111,true,1,123988
7290000210896,false,רוטב לפסטה בולונז 240 גרם יכין,"זנלכל בע""מ",IL,רוטב בולונז לפסטה 24,גרמים,240.00,100 גרם,false,,4.90,0.0204,true,1,125020
7290000211138,false,גבינת עיזים הולנדית,,,גבינת עיזים הולנדית,קילוגרמים,1.00,"ק""ג",true,,145.00,145.0000,true,1,150364
7290000211169,false,"אורז תאילנדי אחד אחד סוגת 1 ק""ג",האי נאם סי או אל.טי.,IL,אורז תאילנדי 1 קג,יחידה,1.00,יחידה,false,,6.90,6.9000,false,1,98617
7290000211312,false,סוגת אורז מלא פרסי אחד אחד 1 קג,האי נאם סי או אל.טי.,IL,אורז מלא,יחידה,1.00,יחידה,false,,9.90,9.9000,true,1,98619
7290000211374,false,"קמח חיטה מלא סוגת 1 ק""ג",טחנת קמח דגן-שטיבל,IL,קמח מלא 1קג,יחידה,1.00,יחידה,false,,6.90,6.9000,false,1,98620
7290000211381,false,"סוכר חום כהה בשקית סוגת 1 ק""ג",טונגאט היולט שוגר בע,ZA,סוכר חום,יחידה,1.00,יחידה,false,,14.90,14.9000,false,1,98621
7290000211442,false,"סוגת אורז פרסי קלאסי שקית 1 ק""ג",האי נאם סי או אל.טי.,IL,אורז פרסי,יחידה,1.00,יחידה,false,,9.90,9.9000,false,1,98623
7290000211503,false,סוכר לבן ארוז בשקית,"סוגת תעשיות בע""\מ",IL,סוכר סוגת,יחידה,1.00,יחידה,false,,4.20,4.2000,false,1,98624
7290000211626,false,"סוגת אורז חיש 1 ק""ג","סוגת תעשיות בע""\מ",IL,אורז חיש 1 קג,יחידה,1.00,יחידה,false,,10.90,10.9000,true,1,98626
7290000211985,false,"סוגת אורז עגול ריזוטו 1 ק""ג","סוגת תעשיות בע""\מ",IL,אורז עגול 1 קג,יחידה,1.00,יחידה,false,,12.90,12.9000,true,1,98628
7290000212401,false,וופלים מצופית מנעמים 400 גרם,"מנעמים תעשיות מזון בע""\מ",IL,מנעמים מצופית,גרמים,400.00,100 גרם,false,,8.90,0.0223,false,1,97318
7290000212975,false,"וופלים שוקולד מנעמים 1 ק""ג",מנעמים,,וופל 1 קג שוקולד,יחידה,1.00,יחידה,false,,16.90,16.9000,true,1,112326
7290000214115,false,מרק עוף בצנצנת ויטה 400 גרם,"פרי הגליל בע""""מ",IL,מרק עוף צנצ 400',גרמים,400.00,100 גרם,false,,12.90,0.0323,true,1,99602
7290000218502,false,תערובת לחמין A-2 ויטה בדצ,"פרי הגליל בע""""מ",IL,חמין 2א,גרמים,568.00,100 גרם,false,,8.90,0.0157,true,1,99617
7290000230145,false,חלה מתוקה קלועה,בונז'ור,,חלה מתוקה קלועה,יחידה,0.00,יחידה,false,,12.90,0.0000,true,1,113087
7290000238029,false,"בצק עלים צרפתי מרודד מעדנות 1 ק""ג",מיוצר עי קונדיטוריית,IL,בצק עלים צרפתי מרודד,קילוגרמים,1.00,"ק""ג",false,,19.90,19.9000,false,1,97712
7290000238036,false,מלאווח בקופסא מעדנות 700 גרם,מיוצר עי קונדיטוריית,IL,מלווח,גרמים,700.00,100 גרם,false,,16.90,0.0241,false,1,97713
7290000238173,false,בורקס גבינה מעדנות 800 גרם,מיוצר עי קונדיטוריית,IL,בורקס גבינה,גרמים,800.00,100 גרם,false,,22.90,0.0286,false,1,97714
7290000238180,false,בורקס תפוחי אדמה מעדנות 800 גרם,מיוצר עי קונדיטוריית,IL,"בורקס תפו""א מעדנות",גרמים,800.00,100 גרם,false,,19.90,0.0249,false,1,97715
7290000240541,false,ריבועי בצק עלים מעדנות 800 גרם,מיוצר עי קונדיטוריית,IL,ריבועי בצק עלים,גרמים,800.00,100 גרם,false,,23.50,0.0294,false,1,97717
7290000244143,false,"הוואי - קרם לאחר גילוח 120 מ""ל",טרופיקל דגיל קוסמטיק,IL,הוואי קרם לאחר גילוח,גרמים,120.00,100 גרם,false,,16.90,0.1408,true,1,110692
7290000244761,false,"קרם ידיים ולווטה 100 מ""ל",טרופיקל דגיל קוסמטיק,IL,קרם ולוטה 80 גר',מיליליטרים,100.00,"100 מ""ל",false,,7.90,0.0790,true,1,110699
7290000245072,false,סוד מרכך כביסה בייבי סנסטיב 4 ליטר,"הנקל סוד בע""\מ",IL,מרכך הכביסה - סוד בי,ליטרים,4.00,ליטר,false,,18.90,4.7250,false,1,110704
7290000245089,false,סוד סופט מרכך כביסה סגול 4 ליטר,"הנקל סוד בע""מ",IL,מ.כביסה סוד סגול 4 ל,ליטרים,4.00,ליטר,false,,18.90,4.7250,false,1,110705
7290000245157,false,סוד סופט מרכך כביסה סנסיישן 4 ליטר,"הנקל סוד בע""\מ",IL,מרכך כביסה סוד לבן ס,ליטרים,4.00,ליטר,false,,18.90,4.7250,false,1,110711
7290000245270,false,"פרסיל אבקה לכביסה רגיל שקית 1.25 ק""ג","הנקל סוד בע""מ",IL,פרסיל Active Soda שק,קילוגרמים,1.25,"ק""ג",false,,15.90,12.7200,false,1,110715
7290000245287,false,"פרסיל אבקת כביסה 1.250 ק""ג קולור ויניגר","הנקל סוד בע""מ",IL,פרסיל קולור שקית 1.2,קילוגרמים,1.25,"ק""ג",false,,15.90,12.7200,false,1,110716
7290000245478,false,"אבקת כביסה לבגדי תינוקות 1.25 ק""ג סוד","הנקל סוד בע""מ",IL,אבקת הכביסה - סוד לת,קילוגרמים,1.25,"ק""ג",false,,12.90,10.3200,true,1,110718
7290000245508,false,"אב.כביסה סוד פרפקט 1.25ק""ג-שקית כחולה","הנקל סוד בע""\מ",IL,א.כ. סוד פרפקט שקית,קילוגרמים,1.25,"ק""ג",false,,12.90,10.3200,false,1,110720
7290000245782,false,סוד סופט מרכך כביסה ורוד 4 ליטר,"הנקל סוד בע""\מ",IL,מ.כביסה סוד ורוד 4 ל,ליטרים,4.00,ליטר,false,,18.90,4.7250,false,1,110735
7290000245799,false,סוד סופט מרכך כביסה כחול 4 ליטר,"הנקל סוד בע""\מ",IL,מ.כביסה סוד כחול 4 ל,ליטרים,4.00,ליטר,false,,18.90,4.7250,false,1,110736
7290000253220,false,שוקולד צ'יפס חום אופנהיימר 260 גר',אופנהיימר,IL,שוקולד ציפס,גרמים,260.00,100 גרם,false,,11.90,0.0458,true,1,111180
7290000253251,false,שוקולד צ'יפס לבן אופנהיימר 250 גרם,אופנהיימר,IL,שוקולד צי'פס אופנהיי,גרמים,250.00,100 גרם,false,,11.90,0.0476,true,1,98473
7290000253374,false,מיני שוקולד צ'יפס 250 גרם- 66% מוצקי קקאו,אופנהיימר,IL,מיני שוקולד צ'יפס 25,גרמים,250.00,100 גרם,false,,14.90,0.0596,true,1,218060
7290000253459,false,נטיפי צ'יפס בטעם קרמל אופנהיימר 250 גרם,אופנהיימר,IL,נטיפי צ'יפס בטעם קרמ,גרמים,250.00,100 גרם,false,,11.90,0.0476,true,1,211381
7290000262161,false,נייר טואלט לב אדום 40 גלילים מולט,מולט / שמורת טבע,IL,נייר טואלט מולט 40 ל,גרמים,3160.00,100 גרם,false,,36.90,0.0117,false,1,103068
7290000262413,false,חיתולי האגיס אקסטרה קייר מידה 5 34 יחידות,חוגלה קימברלי,IL,האגיס אקסטרה קייר מי,יחידה,0.00,יחידה,false,,49.90,0.0000,false,1,189931
7290000263359,false,חיתולים ליטל בייביז מידה 1 האגיס 40 יחידות,קימברלי קלארק שיווק,IL,האגיס שלב 1 כותנה או,יחידה,0.00,יחידה,false,,37.90,0.0000,false,1,124921
7290000265001,false,חזה דל שומן ברביקיו,,,חזה דל שומן ברביקיו,קילוגרמים,1.00,"ק""ג",true,,59.90,59.9000,true,1,115088
7290000267012,false,שקד מולבן שלם100ג'שקדיה,"דין שיווק וקלייה בע""",IL,שקד מולבן שלם 100 גר,גרמים,100.00,100 גרם,false,,9.90,0.0990,true,1,97324
7290000267029,false,שקדים מולבנים חצויים השף 100 גרם,"דין שיווק וקלייה בע""",IL,שקדים מולבנים חצויים,גרמים,100.00,100 גרם,false,,9.90,0.0990,true,1,111181
7290000267036,false,שקדים מולבנים משובבים השף 100 גרם,"דין שיווק וקלייה בע""",IL,שקדים משובבים 100 גר,גרמים,100.00,100 גרם,false,,9.90,0.0990,true,1,97325
7290000267050,false,שקדים טבעיים טחונים השף 100 גרם,"דין שיווק וקלייה בע""",IL,שקד טבעי טחון 100 גר,גרמים,100.00,100 גרם,false,,9.90,0.0990,true,1,111183
7290000267104,false,שקד מולבן גרוס/מרוסק 100 גרם,"דין שיווק וקלייה בע""",IL,שקד טבעי גרוס 100 גר,גרמים,100.00,100 גרם,false,,8.90,0.0890,true,1,97326
7290000267548,false,אגוזי מלך טחונים השף 100 גרם,"דין שיווק וקלייה בע""",IL,אגוזי מלך טחונים השף,גרמים,100.00,100 גרם,false,,8.90,0.0890,true,1,115553
7290000267555,false,בוטנים גרוסים 100ג'שקדיה,"דין שיווק וקלייה בע""",IL,בוטנים טבעים טחונים,גרמים,100.00,100 גרם,false,,5.50,0.0550,true,1,115554
7290000267586,false,גרעייני חמניה קלופים 150 גר,"דין שיווק וקלייה בע""",IL,גרעיני חמניה קלופים,גרמים,150.00,100 גרם,false,,6.50,0.0433,true,1,139062
7290000267678,false,גרעיני דלעת טבעי קלוף שקדיה 150 ג',"דין שיווק וקלייה בע""",IL,גרעיני דלעת טבעי קלו,גרמים,150.00,100 גרם,false,,8.50,0.0567,true,1,128745
7290000272696,false,עסיס מיץ לימון טבעי משומר 1 ל' אסם,בית-השיטה עסיס תעשיות מז,IL,מיץ לימון משומר 1ליט,ליטרים,1.00,ליטר,false,,9.90,9.9000,false,1,93950
7290000272726,false,חומץ רכיבים רכיבים טבעיים 5% עסיס 1 ליטר,בית-השיטה עסיס תעשיות מז,IL,חומץ 5% אסם,ליטרים,1.00,ליטר,false,,6.90,6.9000,true,1,93952
7290000286228,false,ספוגיות לניקוי כללי סנו סושי 6 יחידות,סנו מפעלי ברונו בעמ,IL,סנו סושי שישיה,יחידה,0.00,יחידה,false,,11.50,0.0000,false,1,108161
7290000286549,false,מטליות לניקוי כללי סנו סושי 9 יחידות,נועם אורים תעשיות בע,IL,מטלית לכל 9 בשקי,יחידה,0.00,יחידה,false,,11.90,0.0000,false,1,108169
7290000286631,false,"סנו אבקה לניקוי ומירוק בריח לימון 600 מ""ל",קריות זול,IL,מלוי סנו X לימון,גרמים,600.00,100 גרם,false,,7.20,0.0120,true,1,108172
7290000286761,false,ניילון נצמד סנו סושי פלסטיק מארז 30X2 מ',מיוצר עי קונדיטוריית,CN,זוג ניילון נצמד,יחידה,0.00,יחידה,false,,11.50,0.0000,false,1,108174
7290000286907,false,"ספריי מסיר כתמים באירוסול ""סנו""",סנו מפעלי ברונוס בעמ,IL,סנו מסיר כתמים,מיליליטרים,170.00,"100 מ""ל",false,,24.90,0.1465,true,1,108177
7290000286921,false,"ספריי להסרת כתמים סנו קל 750 מ""ל",סנו מפעלי ברונוס בעמ,IL,סנוקל רסס כבס,מיליליטרים,750.00,"100 מ""ל",false,,12.90,0.0172,false,1,108179
7290000286945,false,"סנו רהיט אקדח מרסס 500מ""ל","סנו מפעלי ברונוס בע""\מ",IL,סנו רהיט,מיליליטרים,500.00,"100 מ""ל",false,,24.90,0.0498,true,1,108180
7290000287195,false,"סנו רהיט ספריי עשיר בווקס להברקה 305 מ""ל",מיוצר עי קונדיטוריית,IL,סנו רהיט,מיליליטרים,300.00,"100 מ""ל",false,,13.90,0.0463,false,1,108184
7290000287409,false,"שלישיית סנובון תות לאסלה ""סנו""",סנו מפעלי ברונוס בעמ,IL,סנובון שלישיות,גרמים,165.00,100 גרם,false,,12.90,0.0782,true,1,108191
7290000287430,false,סנובון צבעוני לאסלה בריח לימון שלישייה,סנו מפעלי ברונו בעמ,IL,סנובון שלישיה צבעוני,גרמים,165.00,100 גרם,false,,12.90,0.0782,true,1,108192
7290000287492,false,"סנובון נוזל לניקוי אסלות בריח לימון סנו 750 מ""ל","סנו מפעלי ברונוס בע""מ",IL,סנובון נוזלי,מיליליטרים,750.00,"100 מ""ל",false,,9.90,0.0132,true,1,108194
7290000287621,false,"אנטי קאלק נוזל לניקוי אסלות סנו 750 מ""ל",מיוצר עי קונדיטוריית,IL,סנו C.W עם זרבוב,מיליליטרים,750.00,"100 מ""ל",false,,12.90,0.0172,true,1,111982
7290000288017,false,אקונומיקה בריח לימון סנו ז'אוול 1 ליטר,"סנו מפעלי ברונוס בע""",IL,אקונומיקה סנו 1,ליטרים,1.00,ליטר,false,,8.50,8.5000,true,1,108203
7290000288024,false,סנו - ז'אוול אקונומיקה בריח לימון 4 ליטר,"סנו מפעלי ברונוס בע""מ",IL,סנו לימון אקונ,ליטרים,4.00,ליטר,false,,16.90,4.2250,false,1,108204
7290000288031,false,"אקונומיקה תו תקן 4 ליטר ""סנו""","סנו מפעלי ברונוס בע""\מ",IL,אקונומיקה 4 ליטר,ליטרים,4.00,ליטר,false,,13.00,3.2500,true,1,141626
7290000288048,false,סנו זאוול מרסס מונבלאן 1 ליטר,"סנו מפעלי ברונוס בע""מ",IL,סנו ג'בל תרסיס,ליטרים,1.00,ליטר,false,,18.90,18.9000,false,1,108205
7290000288079,false,סנו - ז'אוול אקונומיקה לימון 2 ליטר,"סנו מפעלי ברונוס בע""מ",IL,סנו ג'בל 2 ליטר,ליטרים,2.00,ליטר,false,,9.90,4.9500,false,1,108206
7290000288109,false,"אבקת כביסה מקסימה אפקט ג''אוול 1.25 ק""ג סנו",סנו מפעלי ברונוס בעמ,IL,שקית סנו מקסימה,קילוגרמים,1.25,"ק""ג",false,,14.90,11.9200,false,1,108208
7290000288352,false,"קוטל חרקים וזוחלים K-300 סנו 630 מ""ל","סנו מפעלי ברונוס בע""מ",IL,סנו ק 300-,מיליליטרים,630.00,"100 מ""ל",false,,21.90,0.0348,false,1,108215
7290000288642,false,מקסימה מרכך כביסה סנסיטיב בייבי סנו 4 ליטר,"סנו מפעלי ברונוס בע""\מ",IL,מרכך סנו 4 ליטר,ליטרים,4.00,ליטר,false,,21.90,5.4750,false,1,108226
7290000288727,false,סנו מקסימה אבקת כביסה מאסק מילוי 1.25,קריות זול,IL,אבקת כביסה סנו,קילוגרמים,1.25,"ק""ג",false,,14.90,11.9200,false,1,108227
7290000288840,false,סנו - מים מזוקקים 2 ליטר,החברה הדרומית,IL,מים מזוקקים 2 לי,ליטרים,2.00,ליטר,false,,14.50,7.2500,true,1,108229
7290000289069,false,סנו - ז'אוול מרסס קצף ניקוי בתוספת אקונומיקה בריח לימון 1 ליטר,"סנו מפעלי ברונוס בע""מ",IL,סנו ג'בל ספריי,ליטרים,1.00,ליטר,false,,18.90,18.9000,false,1,108234
7290000289236,false,K3 נמלים פיתיון ג'ל - קוטל נמלים בבית ובחצר,"סנו מפעלי ברונוס בע""\מ",IL,סנו K3 נמלים פתיון ג,גרמים,12.00,100 גרם,false,,49.90,4.1583,true,1,212742
7290000289472,false,סנו סושי שקיות אשפה - 50 יחידות,מיוצר עי קונדיטוריית,IL,שקיות אשפה סושי טבע,יחידה,0.00,יחידה,false,,20.90,0.0000,true,1,108237
7290000289595,false,"אורביטול משחת שיניים לילדים בטעם תות שדה 145 מ""ל",טרופיקל דגיל תעשיות קוסמ,IL,משחת שיניים אורביטול,גרמים,100.00,100 גרם,false,,9.90,0.0990,true,1,133259
7290000289748,false,"מסיר שומנים לתנורים פורטה פלוס סנו 750 מ""ל","סנו מפעלי ברונוס בע""\מ",IL,סנו פורטה פלוס,מיליליטרים,750.00,"100 מ""ל",false,,13.90,0.0185,false,1,108244
7290000289892,false,"סנו פרש ענק מאונטן טורקיז 375 מ""ל",סנו fresh,IL,סנו פרש תרסיס,מיליליטרים,375.00,"100 מ""ל",false,,13.50,0.0360,true,1,108246
7290000289915,false,"סנו פרש ענק קוקו וניל צהוב 375 מ""ל",סנו fresh,IL,סנופרש ענק,מיליליטרים,375.00,"100 מ""ל",false,,13.50,0.0360,true,1,108247
7290000291857,false,פוליויקס נוזל רצפות בניחוח גולדן סאנרייז סנו 2 ליטר,סנו פוליויקס,IL,פוליוקס 2 ליטר,ליטרים,2.00,ליטר,false,,19.90,9.9500,false,1,108252
7290000291956,false,סנו ז'אוול בריח לבנדר 1 ל',סנו,,סנו ג'בל מונט בל,ליטרים,1.00,ליטר,false,,8.50,8.5000,true,1,134357
7290000291963,false,אקונומיקה סמיכה בריח לימון סנו ז'אוול 1 ליטר,קריות זול,IL,סנו ג'בל 1 ליטר,ליטרים,1.00,ליטר,false,,8.50,8.5000,true,1,127707
7290000292137,false,"נוזל לניקוי וטיפול מוצרי עור סנו 500 מ""ל",מיוצר עי קונדיטוריית,IL,סנו מנקה עור נוזל,מיליליטרים,500.00,"100 מ""ל",false,,29.90,0.0598,true,1,108255
7290000292311,false,פוליויקס נוזל רצפות בניחוח סחלבים סנו 2 ליטר,"סנו מפעלי ברונוס בע""\מ",IL,סנו פוליוקס 2 ל',ליטרים,2.00,ליטר,false,,19.90,9.9500,false,1,108258
7290000292533,false,סנו גל לניקוי כללי על בסיס שמן אורנים 1ל,החברה הדרומית,IL,סנו ג'ל ניקוי,ליטרים,1.00,ליטר,false,,15.90,15.9000,true,1,108264
7290000292915,false,"תרסיס לניקוי כללי רסס ונגב סנו 750 מ""ל","סנו מפעלי ברונוס בע""\מ",IL,סנו רסס ונגב+אקד,מיליליטרים,715.00,"100 מ""ל",false,,12.90,0.0180,false,1,108272
7290000293073,false,מקסימה מרכך כביסה ביו לבן סנו 4 ליטר,"סנו מפעלי ברונוס בע""\מ",IL,מרכך סנו 4 ליטר,ליטרים,4.00,ליטר,false,,21.90,5.4750,false,1,108276
7290000293530,false,סנו פרש סופג לחות שקית מילוי 340 גרם,סנו מפעלי ברונו בעמ,IL,סנו סופג לחות מי,גרמים,340.00,100 גרם,false,,15.90,0.0468,true,1,108279
7290000293943,false,"מרסס לבן מסיר אבנית 1 ליטר אנטי קאלק ""סנו""",מיוצר עי קונדיטוריית,IL,מרסס אנטי קאלק,ליטרים,1.00,ליטר,false,,19.90,19.9000,true,1,108282
7290000294575,false,סנו סושי רב מגבת 63 דפים בגליל,סנו מפעלי ברונוס בעמ,IL,סנו רב מגבת (63 דפים,יחידה,0.00,יחידה,false,,12.90,0.0000,false,1,108288
7290000294780,false,אקונומיקה סמיכה בריח לימון סנו ז'אוול 4 ליטר,"סנו מפעלי ברונוס בע""מ",IL,סנו ז'אוול סמיכה 4 ל,ליטרים,4.00,ליטר,false,,16.90,4.2250,false,1,108291
7290000295299,false,סנו סושי כריות הפלא רב תכלתיות רביעייה,סנו מפעלי ברונו בעמ,IL,סנו סושי אקטיב ר,יחידה,0.00,יחידה,false,,11.50,0.0000,false,1,108294
7290000295336,false,סנו מקסימה אבקת כביסה סנסטיב מילוי1.25,סנו מפעלי ברונוס בעמ,IL,סנו מקסימה שקית,קילוגרמים,1.25,"ק""ג",false,,14.90,11.9200,false,1,108296
7290000295343,false,"אבקת כביסה מקסימה ביו 1.25 ק""ג סנו",סנו מקסימה,IL,סנו מקסימה מילוי,קילוגרמים,1.25,"ק""ג",false,,14.90,11.9200,false,1,108297
7290000295367,false,"מקסימה אבקת כביסה אפקט ז'אוול סנו 2.5 ק""ג",סנו מקסימה,IL,סנו מקסימה 5 2 ק,קילוגרמים,2.50,"ק""ג",false,,25.90,10.3600,false,1,108298
7290000295404,false,שקיות אשפה עם שרוך 54 * 65 סנו סושי 60 יחידות,מיוצר עי קונדיטוריית,IL,שקיות אשפה סושי רחבו,יחידה,0.00,יחידה,false,,24.90,0.0000,true,1,108299
7290000295503,false,זוג שקיות מזון טבע 19*25 סנו סושי 150 יחידות,"אשפלסט תעשיות בע""מ",CN,זוג שקיות סושי למזון,יחידה,0.00,יחידה,false,,14.90,0.0000,false,1,108301
7290000295541,false,רב מגבת ג'מבו סנו סושי 75 יחידות,מיוצר עי קונדיטוריית,IL,סנו רב מגבת ג'מבו (7,יחידה,0.00,יחידה,false,,18.90,0.0000,true,1,108303
7290000295558,false,"רדיד אלומיניום רוחב 30 ס""מ סנו סושי 2 יח' 7.5 מטר",מולינו ניקולי s.p.a,TR,זוג רדיד אלומיניום ק,יחידה,0.00,יחידה,false,,11.50,0.0000,false,1,108304
7290000295565,false,"רדיד אלומיניום רוחב 45 ס""מ סנו 2 יח' 7.5 מטר",בורסה פאזרי,TR,זוג רדיד אלומיניום ג,יחידה,0.00,יחידה,false,,20.00,0.0000,false,1,116395
7290000295572,false,"מארז זוגי מנקה אסלות 00 סנו 750 מ""ל",מיוצר עי קונדיטוריית,IL,זוג מנקה אסלות,ליטרים,1.50,ליטר,false,,19.90,13.2667,true,1,108305
7290000295589,false,טלק לתינוק בייבי כיף 200 גרם,מייצר :אשבל בע''מ .,IL,בייבי כיף טלק במיכל,גרמים,200.00,100 גרם,false,,14.90,0.0745,true,1,108306
7290000295794,false,ספוגיות מתכת אל חלד לניקוי סנו 3 יחידות,סנו,,ספוגיות אל חלד זוג,יחידה,0.00,יחידה,false,,13.00,0.0000,true,1,118980
7290000300900,false,שניצל תירס מרכיבים טבעיים טבעול 750 גרם,עיצובים 2020 (4.8),IL,שניצל תירס טבעול,גרמים,750.00,100 גרם,false,,24.90,0.0332,false,1,93964
7290000302027,false,סיגריות טיים אדום פא,"דובק בע""מ",IL,טיים רגיל פקט,יחידה,0.00,יחידה,false,,280.00,0.0000,false,1,101920
7290000303581,false,פול מצרי פרי הגליל 560 גרם,"פרי הגליל בע""""מ",IL,פול מצרי פרי הגליל 5,גרמים,560.00,100 גרם,false,,6.90,0.0123,false,1,99663
7290000303598,false,שעועית ברוטב עגבניות פרי הגליל 570 גרם,"פרי הגליל בע""""מ",IL,שעועית ברוטב 570 גרם,גרמים,570.00,100 גרם,false,,6.90,0.0121,false,1,99664
7290000303604,false,חומוס שלם מוכן לאכילה פרי הגליל 550 גרם,השוואת מחירונים,IL,חומוס שלם פרי הגליל,גרמים,550.00,100 גרם,false,,6.90,0.0125,false,1,99665
7290000307015,false,אפונת גינה בינונית פרי הגליל 550 גרם,"פרי הגליל בע""""מ",IL,אפונה פרי הגליל 550,גרמים,550.00,100 גרם,false,,6.90,0.0125,false,1,99667
7290000307046,false,אפונת גינה וגזר פרי הגליל 550 גרם,"פרי הגליל בע""""מ",IL,אפונה וגזר 550 גרם,גרמים,550.00,100 גרם,false,,6.90,0.0125,false,1,99668
7290000307220,false,גרעיני תירס מתוק בואקום פרי הגליל 285 גרם,"פרי הגליל בע""""מ",IL,תירס פרי הגליל 340 ג,גרמים,340.00,100 גרם,false,,5.50,0.0162,false,1,99669
7290000307237,false,גרעיני תירס מתוק פרי הגליל 550 גרם,"פרי הגליל בע""""מ",IL,תירס פרי הגליל 550 ג,גרמים,550.00,100 גרם,false,,6.90,0.0125,false,1,99670
7290000307343,false,שעועית ירוקה חתוכה פרי הגליל 550 גרם,"פרי הגליל בע""""מ",IL,שעועית ירוקה 550 גרם,גרמים,550.00,100 גרם,false,,6.90,0.0125,true,1,99676
7290000307800,false,פול ירוק פרי הגליל 800 גרם,"פרי הגליל בע""""מ",IL,פול פרי גליל,גרמים,800.00,100 גרם,false,,13.90,0.0174,true,1,99677
7290000307985,false,"גרעיני תירס מתוק ללא מלח פרי הגליל 340 גרם לל""ס","פרי הגליל בע""""מ",IL,תירס ללא מלח,גרמים,325.00,100 גרם,false,,5.50,0.0169,false,1,99678
7290000311203,false,"וופלים בטעם שוקולד ""מן"" 200 גרם",תות ממתקי איכות,IL,וופלים 200 גר שוקו,גרמים,200.00,100 גרם,false,,5.20,0.0260,false,1,117848
7290000311210,false,"וופלים בטעם לימון ""מן"" 200 גרם","רוקחמן בע""מ",IL,וופלים 200 גר לימון,גרמים,200.00,100 גרם,false,,5.20,0.0260,false,1,116106
7290000311227,false,"וופלים במילוי קרם קפה ""מן"" 200 גרם","רוקחמן בע""מ",IL,וופלים 200 גר קפה מן,גרמים,200.00,100 גרם,false,,5.20,0.0260,false,1,116107
7290000311258,false,מן וופל מצופה שוקולד 250 גרם,"רוקחמן בע""מ",IL,מן וופל מצופה 250 גר,גרמים,250.00,100 גרם,false,,7.50,0.0300,true,1,213962
7290000311272,false,מן-וופלים במילוי חלווה 180 ג,"רוקחמן בע""מ",IL,וופלים מן חלבה,גרמים,180.00,100 גרם,false,,5.20,0.0289,false,1,127132
7290000311357,false,מן וופלים בטעם אגוזים 10*28 גר-נ.ל.פ,"רוקחמן בע""מ",IL,וופל אגוזים עשיריות,גרמים,280.00,100 גרם,false,,12.90,0.0461,true,1,114189
7290000311364,false,מן וופלים שוקולד טייק 1 מן 10*21 גרם,מן עוגיות,IL,וופל מן מארז 10 יח',גרמים,210.00,100 גרם,false,,8.90,0.0424,true,1,180194
7290000311425,false,ופל מצופה עשיריות מן 220 גרם מארז 10 יחידות,תות ממתקי איכות,IL,וופל מצופה כחול 10יח,גרמים,200.00,100 גרם,false,,9.50,0.0475,true,1,114019
7290000311432,false,עוגיות גרנולה קינמון ללא תוספת סוכר 200ג,"רוקחמן בע""מ",IL,עוגיות מן גרנולה קינ,גרמים,200.00,100 גרם,false,,10.90,0.0545,true,1,262889
7290000311463,false,מן עוגיות חיטה מלאה חמאה ללא סוכר 200 גרם,"רוקחמן בע""מ",IL,מן עוגיות חמאה ללא ס,גרמים,200.00,100 גרם,false,,10.90,0.0545,true,1,219001
7290000311470,false,מיני ופלים בטעם שוקולד ללא סוכר מן 200 גרם,"רוקחמן בע""מ",IL,וופל מיני ללא תוספת,גרמים,200.00,100 גרם,false,,10.90,0.0545,true,1,264652
7290000311487,false,מאגדת וופל שוקולד מקמח מלא ללא סוכר 20 ג'*7 יח' מן,"רוקחמן בע""מ",IL,וופל מן ללא תוספת סו,גרמים,140.00,100 גרם,false,,8.50,0.0607,true,1,266391
7290000311708,false,מן עוגיות מחיטה מלאה 300 גרם*נ.ל.פ,תות ממתקי איכות,IL,מן עוגיות חיטה מלאה,גרמים,300.00,100 גרם,false,,7.90,0.0263,true,1,111438
7290000311715,false,מן עוגיות כוכבים בטעם שוקולד 300 גרם*נ.ל.פ,תות ממתקי איכות,IL,מן עוגיות שוקולד,גרמים,300.00,100 גרם,false,,7.90,0.0263,true,1,111439
7290000311746,false,עוגיות מן בטעם קרמל 300 גר',"רוקחמן בע""מ",IL,עוגיות מן קרמל 300 ג,גרמים,300.00,100 גרם,false,,7.90,0.0263,true,1,187952
7290000311845,false,מן עוגיות חיטה מלאה ללא תוספת סוכר 200 ג,"רוקחמן בע""מ",IL,עוגיות מן חיטה מלאה,גרמים,200.00,100 גרם,false,,10.90,0.0545,true,1,189797
7290000311869,false,מן-וופלים בטעם שוק ללא תוספת סוכר 180ג,תות ממתקי איכות,IL,וופל ללא סוכר 180 גר,גרמים,180.00,100 גרם,false,,8.90,0.0494,true,1,142319
7290000311876,false,מן-וופלים בטעם וניל ללא תוספת סוכר 180ג,"רוקחמן בע""מ",IL,וופל מן וניל ללא סוכ,גרמים,180.00,100 גרם,false,,8.90,0.0494,true,1,192134
7290000311883,false,מן עוגיות גרנולה ללא תוספת סוכר 200 גר,תות ממתקי איכות,IL,מן עוגיות גרנולה ללא,גרמים,200.00,100 גרם,false,,10.90,0.0545,true,1,148901
7290000311890,false,ופלים בטעם לימון ללא תוספת סוכר 180 גרם,"רוקחמן בע""מ",IL,וופל מן לימון ללא סו,גרמים,180.00,100 גרם,false,,8.90,0.0494,true,1,216532
7290000313160,false,זהבה ושלושת הדובים עוגיות בטעם שוקולד אסם 350 גרם,"הגביע מוצרי וופלים בע""\מ",IL,עוגיות זהבה 3 דובים,גרמים,250.00,100 גרם,false,,7.90,0.0316,true,1,93976
7290000313184,false,עוגיות חברים גן חיות וניל אסם 250 גר',"הגביע מוצרי וופלים בע""\מ",IL,עוגיות גן חיות,גרמים,250.00,100 גרם,false,,7.90,0.0316,true,1,93977
7290000313290,false,נודלס אטריות מסולסלות הסדרה האסייתית,תאי פרזידנט פוד בנגק,TH,נודלס א.מסולסלות 200,גרמים,200.00,100 גרם,false,,9.90,0.0495,true,1,93979
7290000315126,false,קנור ציר עוף משחתי 300 ג,יוניליוור ישראל מזון בע\,IL,קנור ציר עוף,גרמים,300.00,100 גרם,false,,27.90,0.0930,true,1,101464
7290000315133,false,קנור ציר בקר משחתי 300ג,יוניליוור ישראל מזון בע\,IL,קנור ציר בקר,גרמים,300.00,100 גרם,false,,27.90,0.0930,true,1,101465
7290000318103,false,פסטרמה ברביקיו במשקל,מעדני יחיעם,IL,פסטרמה ברביקיו,קילוגרמים,1.00,"ק""ג",true,,72.90,72.9000,false,1,99955
7290000318127,false,"נקניקיות ביס 380 גרם ""יחיעם""",מעדני יחיעם 1993,IL,נקניקיות ביס 380,גרמים,380.00,100 גרם,false,,11.90,0.0313,true,1,99982
7290000318165,false,פסטרמה צלויה על גחלי,מעדני יחיעם,IL,פסטרמה אמיתית צל,קילוגרמים,1.00,"ק""ג",true,,79.90,79.9000,false,1,99957
7290000318189,false,פסטרמה ברביקיו על האש 300 גרם יחיעם,מעדני יחיעם,IL,פסטרמה ברביקיו על הא,גרמים,300.00,100 גרם,false,,25.90,0.0863,true,1,265802
7290000318288,false,פסטרמה חזה הודו בדבש,מעדני יחיעם,IL,חזה הודו בדבש יח,קילוגרמים,1.00,"ק""ג",true,,79.90,79.9000,false,1,99959
7290000318479,false,נקניק פרושוטו בקר יחיעם 100 גרם,תאי פרזידנט פוד פאבל,IL,פרשוטו עגל,גרמים,100.00,100 גרם,false,,25.90,0.2590,true,1,99995
7290000318530,false,רוסטביף צלי בקר במשק,מעדני יחיעם,IL,רוסטביף יחיעם,קילוגרמים,1.00,"ק""ג",true,,149.90,149.9000,false,1,99961
7290000318677,false,נקניק סלמי סרוולט יחיעם 150 גרם,מעדני יחיעם 1993,IL,סרוולט 150גר יחיעם,גרמים,150.00,100 גרם,false,,25.90,0.1727,true,1,113819
7290000318806,false,סלמי סרוולד אמיתי במשקל,מעדני יחיעם,IL,סרוולד יחיעם,קילוגרמים,1.00,"ק""ג",true,,179.90,179.9000,true,1,99963
7290000318837,false,קורנדביף בקר במשקל,מעדני יחיעם,IL,פסטרמה קורנביף י,קילוגרמים,1.00,"ק""ג",true,,139.90,139.9000,false,1,99964
7290000318851,false,סלמי קונייאק יחיעם,מעדני יחיעם,IL,סלמי קוניאק,קילוגרמים,1.00,"ק""ג",true,,89.90,89.9000,false,1,99965
7290000318868,false,סלמי פפרוני במשקל,מעדני יחיעם,IL,סלמי פפרוני,קילוגרמים,1.00,"ק""ג",true,,89.90,89.9000,false,1,99966
7290000318882,false,סלמי מעושן איטלקי במ,מעדני יחיעם,IL,מעושן איטלקי יחיעם,קילוגרמים,1.00,"ק""ג",true,,69.90,69.9000,false,1,99967
7290000318929,false,סלמי צרפתי מובחר במשקל,מעדני יחיעם,IL,סלמי צרפתי,קילוגרמים,1.00,"ק""ג",true,,179.90,179.9000,true,1,99970
7290000318943,false,פסטרמה של פעם מעושן 1.5% יחיעם 200 גרם,תאי פרזידנט פוד פאבל,IL,פסטרמה של פעם 200 ג',גרמים,200.00,100 גרם,false,,21.90,0.1095,true,1,114690
7290000319063,false,כתף בקר מפולפל יחיעם 150 גרם,מעדני יחיעם,IL,כתף בקר מעושן מפולפל,גרמים,150.00,100 גרם,false,,25.90,0.1727,true,1,201598
7290000319124,false,סלמי סרוולט מאפ יחיעם 250 גרם,מעדני יחיעם 1993,IL,סרוולד יחיעם,גרמים,250.00,100 גרם,false,,37.90,0.1516,true,1,100006
7290000319131,false,נקניקיות עוף יחיעם 400 גרם,מעדני יחיעם 1993,IL,נקניקיות עוף 400,גרמים,400.00,100 גרם,false,,10.90,0.0273,true,1,100007
7290000319339,false,סלמי פרח במשקל,מעדני יחיעם,IL,סלמי פרח,קילוגרמים,1.00,"ק""ג",true,,99.90,99.9000,false,1,139995
7290000319414,false,נקניקיות ברטוורסט 280 גרם יחיעם,מעדני יחיעם,IL,נקניקיות פרימיום ברא,גרמים,280.00,100 גרם,false,,20.90,0.0746,true,1,266459
7290000319520,false,נקניק סלמי צרפתי יחיעם 100 גרם,מעדני יחיעם 1993,IL,סלמי צרפתי 100 גר,גרמים,100.00,100 גרם,false,,19.90,0.1990,true,1,100015
7290000319704,false,נקניק כתף בקר מעושן,מעדני יחיעם,IL,כתף בקר מעושן יחיעם,קילוגרמים,1.00,"ק""ג",true,,139.90,139.9000,false,1,99973
7290000319728,false,סלמי איטלקי מפולפל ב,מעדני יחיעם,IL,איטלקי מפולפל יח,קילוגרמים,1.00,"ק""ג",true,,79.90,79.9000,false,1,99974
7290000319759,false,נקניק סלמי תה מעדניי,מעדני יחיעם,IL,סלמי תה יחיעם,קילוגרמים,1.00,"ק""ג",true,,46.90,46.9000,false,1,148813
7290000319803,false,קבנוס קלאסי יחיעם 125 גרם,תאי פרזידנט פוד פאבל,IL,קבנוס קלאסי 125 גרם,גרמים,125.00,100 גרם,false,,13.90,0.1112,true,1,186857
7290000319834,false,קבנוס פפרוני קלאסי 125 גרם,תאי פרזידנט פוד פאבל,IL,קבנוס פפרוני קלאסי 1,גרמים,125.00,100 גרם,false,,13.90,0.1112,true,1,186741
7290000334745,false,"אמריקאן צ'יפס תפוגן 1.5 ק""ג","תעשיות תפוגן בע""מ",IL,תפוגן אמריקן ציפס 1.,יחידה,1.50,יחידה,false,,26.90,17.9333,true,1,93997
7290000339191,false,אבקת הלבנה רן ללא כל,זוהר דליה - 3P Local,IL,רן להלבנה,גרמים,350.00,100 גרם,false,,24.90,0.0711,true,1,101489
7290000339566,false,בדין מרכך כביסה ורוד 4 ליטר,יוניליור ישראל טיפוח איש,IL,בדין 4 ליטר,ליטרים,4.00,ליטר,false,,19.90,4.9750,false,1,101490
7290000341071,false,בדין - מרכך כביסה בייבי לבן 2 ליטר,יוניליור ישראל טיפוח איש,IL,בייבי בדין 2 ליט,ליטרים,2.00,ליטר,false,,20.00,10.0000,true,1,101497
7290000342832,false,מרכך כביסה צהוב בדין 4 ליטר,יוניליוור פארם,IL,בדין 4 ליטר,ליטרים,4.00,ליטר,false,,19.90,4.9750,false,1,101501
7290000342856,false,מרכך כביסה כחול בדין 4 ליטר,יוניליור ישראל טיפוח איש,IL,בדין 4 ליטר,ליטרים,4.00,ליטר,false,,19.90,4.9750,false,1,101502
7290000345208,false,תה כחול קלאסיק ויסוצקי 25 יחידות,תה ויסוצקי,IL,ויסוצקי קלאסיק 25 שק,גרמים,25.00,100 גרם,false,,6.70,0.2680,true,1,97338
7290000345215,false,תה כחול קלאסיק ויסוצקי 100 יחידות,מולינו ניקולי s.p.a,IL,ויסוצקי קלאסיק 100 ש,גרמים,100.00,100 גרם,false,,15.90,0.1590,false,1,97339
7290000345260,false,תה קלאסיק מעטפות ויסוצקי 25 יחידות,מולינו ניקולי s.p.a,IL,ויסוצקי קלאסיק 25 שק,גרמים,37.50,100 גרם,false,,7.20,0.1920,true,1,97341
7290000345277,false,תה ויסוצקי קלאסי אריזה ירוקה מרובעת (50שקיקים),מולינו ניקולי s.p.a,IL,ויסוצקי קלאסיק 50 שק,גרמים,75.00,100 גרם,false,,13.50,0.1800,true,1,97342
7290000345284,false,תה ויסוצקי קלאסי אריזה ירוקה מרובעת (100 שקיקים),מולינו ניקולי s.p.a,IL,ויסוצקי קלאסיק 100 ש,גרמים,150.00,100 גרם,false,,16.90,0.1127,false,1,97343
7290000345291,false,תה ארל גריי ויסוצקי 25 יחידות,תה ויסוצקי,IL,ארל גריי 25 שקיקים,גרמים,37.50,100 גרם,false,,15.90,0.4240,false,1,97344
7290000345307,false,תה ארל גריי ויסוצקי 50 יחידות,מולינו ניקולי s.p.a,IL,תה ארל גריי 50 שקיק,גרמים,75.00,100 גרם,false,,28.90,0.3853,false,1,97345
7290000346021,false,חליטת קמומיל הגן הקסום ויסוצקי 50 יחידות,בית ויסוצקי,IL,תה חליטת קמומיל 50 ש,גרמים,75.00,100 גרם,false,,34.90,0.4653,true,1,97356
7290000346120,false,חליטת קינמון הגן הקסום ויסוצקי 25 יחידות,תה ויסוצקי,IL,תה קסם הקינמון 25 שק,גרמים,62.50,100 גרם,false,,18.90,0.3024,false,1,97359
7290000346137,false,חליטת הילולי פירות הגן הקסום ויסוצקי 25 יחידות,תה ויסוצקי,IL,תה חליטת הילולי פירו,גרמים,62.50,100 גרם,false,,18.90,0.3024,false,1,97360
7290000346168,false,חליטת שומר הגן הקסום ויסוצקי 25 יחידות,תה ויסוצקי,IL,תה חליטת שומר 25 שקי,גרמים,37.50,100 גרם,false,,18.90,0.5040,false,1,97363
7290000346199,false,חליטת פירות יער הגן הקסום ויסוצקי 25 יחידות,תה ויסוצקי,IL,תה חליטת פירות יער 2,גרמים,67.50,100 גרם,false,,18.90,0.2800,false,1,97364
7290000346205,false,חליטת קמומיל הגן הקסום ויסוצקי 25 יחידות,תה ויסוצקי,IL,תה חליטת קמומיל 25 ש,גרמים,37.50,100 גרם,false,,18.90,0.5040,false,1,97365
7290000346212,false,חליטת מנטה הגן הקסום ויסוצקי 25 יחידות,תה ויסוצקי,IL,תה חליטת מנטה 25 שקי,גרמים,50.00,100 גרם,false,,18.90,0.3780,false,1,97366
7290000347738,false,תה ירוק נענע ויסוצקי 25 יחידות,תה ויסוצקי,IL,תה ירוק נענע 25 שקיק,גרמים,37.50,100 גרם,false,,24.90,0.6640,false,1,97379
7290000347752,false,תה ירוק לימונית ולואיזה 25 שקיקים *1.5 ג'' ויסוצקי,תה ויסוצקי,IL,תה ירוק לימונית,גרמים,37.50,100 גרם,false,,24.90,0.6640,false,1,97381
7290000355382,false,עגבניות מרוסק' ובזלי' A2.5 טל וטרי 800ג',"מילוז(1989)בע""""מ",IL,עגבניות מרוסקות עם ב,גרמים,800.00,100 גרם,false,,7.20,0.0090,false,1,109167
7290000355405,false,עגבניות מרוסקות עם בצל טל 800 גרם,"מילוז(1989)בע""""מ",IL,עגבניות מרוסקות עם ב,גרמים,800.00,100 גרם,false,,7.20,0.0090,false,1,109168
7290000355412,false,עגבניות מרוסקות A2.5 ושום טל וטרי 800 גר',"מילוז(1989)בע""""מ",IL,עגבניות מרוסקות עם ש,גרמים,800.00,100 גרם,false,,7.20,0.0090,false,1,109169
7290000355481,false,רסק עגבניות BX22 טומטו 600ג' A2,"מילוז(1989)בע""""מ",IL,רוטב עגבניות מרוכז מ,גרמים,600.00,100 גרם,false,,5.50,0.0092,true,1,121274
7290000355498,false,רוטב עגבניות A2 BX28 טומטו 580ג',"מילוז(1989)בע""""מ",IL,רוטב עגבניות,גרמים,600.00,100 גרם,false,,6.50,0.0108,true,1,122444
7290000355757,false,עגבניות מרוסקות טל וטרי 800 גרם,"מילוז(1989)בע""""מ",IL,עגבניות מרוסקות 800,גרמים,800.00,100 גרם,false,,7.20,0.0090,false,1,109173
7290000363011,false,סלמי קוניאק מובחר טירת צבי במשקל,הנסיך- מפעל לייצור ט,IL,קוניאק טירת צבי,קילוגרמים,1.00,"ק""ג",true,,84.90,84.9000,false,1,97571
7290000363400,false,נקניק סלמי פפרוני טי,הנסיך- מפעל לייצור ט,IL,סלמי פפרוני,קילוגרמים,1.00,"ק""ג",true,,84.90,84.9000,false,1,140948
7290000363462,false,נקניק סלמי מעושן איט,טירת- צבי,IL,סלמי מעושן איטלק,קילוגרמים,1.00,"ק""ג",true,,84.90,84.9000,false,1,97573
7290000363486,false,נקניק סלמי תה במשקל,טירת- צבי,IL,נקניק תה טירת צב,קילוגרמים,1.00,"ק""ג",true,,56.90,56.9000,false,1,97574
7290000364261,false,"דקניקים, סלסולי פסטרמה כתף בקר מעושנת 120 גרם",הנסיך- מפעל לייצור ט,IL,סלסולי כתף בקר,גרמים,120.00,100 גרם,false,,15.90,0.1325,false,1,124212
7290000364278,false,דקניקים סלסולי סלמי איטלקי משובח טירת צבי 120 גרם,הנסיך- מפעל לייצור ט,IL,סלסולי סלמי איטלקי מ,גרמים,120.00,100 גרם,false,,15.90,0.1325,false,1,124213
7290000364285,false,דקניקים סלסולי פסטרמה הודו טירת צבי 120 גרם,הנסיך- מפעל לייצור ט,IL,סלסולי פסטרמה הודו,גרמים,120.00,100 גרם,false,,15.90,0.1325,false,1,124214
7290000364292,false,דקניקים סלסולי פסטרמה הודו על גחלים 1% טירת צבי 120 גרם,הנסיך- מפעל לייצור ט,IL,סלסולי פסטרמה הודו ע,גרמים,120.00,100 גרם,false,,15.90,0.1325,false,1,126907
7290000364544,false,פסטרמה עוף בגריל במש,טירת צבי,IL,פסטרמה עוף בגריל,קילוגרמים,1.00,"ק""ג",true,,84.90,84.9000,false,1,157080
7290000364803,false,נקניקיות בקר אמריקאיות טירת צבי 500 גרם,הנסיך- מפעל לייצור ט,IL,נקנקיות אמריקאיו,גרמים,500.00,100 גרם,false,,27.90,0.0558,true,1,97729
7290000364810,false,נקניקיות עגל 500 גרםטירת צבי,הנסיך- מפעל לייצור ט,IL,נקניקיות עגל 500 ג',גרמים,500.00,100 גרם,false,,27.90,0.0558,true,1,97730
7290000364858,false,"נקניקיות עוף טרי טירת צבי 1 ק""ג",הנסיך- מפעל לייצור ט,IL,נקנקיות עוף 1 קג,יחידה,1.00,יחידה,false,,26.90,26.9000,false,1,97731
7290000364872,false,נקניקיות עוף טירת צבי 400 גרם,טיב טירת צבי 2000,IL,נקנקיות עוף טירת,גרמים,400.00,100 גרם,false,,11.90,0.0298,true,1,97732
7290000364957,false,נקניקיות עוף מיני מיני טירת צבי 700 גרם,הנסיך- מפעל לייצור ט,IL,נקנקיות מיני,גרמים,700.00,100 גרם,false,,26.90,0.0384,true,1,97733
7290000365046,false,פסטרמה כתף בקר מעושן,טירת- צבי,IL,כתף בקר טירת צבי,קילוגרמים,1.00,"ק""ג",true,,109.90,109.9000,false,1,117602
7290000365107,false,כתף בקר מפולפל במשקל,טירת- צבי,IL,כתף מפולפל טירת צבי,קילוגרמים,1.00,"ק""ג",true,,109.90,109.9000,false,1,118520
7290000365398,false,חזה הודו בדבשטירת צבי,טירת- צבי,IL,פסטרמה דבש ט.צבי,קילוגרמים,1.00,"ק""ג",true,,84.90,84.9000,false,1,97578
7290000365756,false,פסטרמה על גחלים ד.ש משקל,טירת צבי,IL,פסטרמה הודו ברביקיו,קילוגרמים,1.00,"ק""ג",true,,84.90,84.9000,false,1,97579
7290000365909,false,פסטרמה הודו מעושנתטירת צבי,טירת- צבי,IL,פסטרמה הודו מעושנת,קילוגרמים,1.00,"ק""ג",true,,84.90,84.9000,false,1,97581
7290000365954,false,פסטרמה על גחלים משקל,טירת- צבי,IL,פסטרמה על גחלים,קילוגרמים,1.00,"ק""ג",true,,84.90,84.9000,false,1,97582
7290000367590,false,פסטרמה כפרית וסלמי פריזר כפרי טירת צבי 2*400 גרם,טיב טירת צבי 2000,IL,זוג פסטרמה טירת,גרמים,800.00,100 גרם,false,,29.90,0.0374,true,1,97743
7290000369037,false,סלט קוביות בולגרית גבינות ניצן 200 גרם,גבינות אמיר ניצן בעמ,IL,סלט קוביות בולגרית 2,גרמים,200.00,100 גרם,false,,15.90,0.0795,true,1,211120
7290000369365,false,מעדן גבינה בולגרית עם חציל 9% ניצן 200 גרם,גבינות אמיר ניצן בעמ,IL,חציל עירוני מעדן בול,גרמים,200.00,100 גרם,false,,13.90,0.0695,true,1,144706
7290000369617,false,מעדן כדורי פטה בשמן מתובל ניצן 230 גרם,גבינות אמיר ניצן בעמ,IL,כדורי מעדן גבינה 150,גרמים,150.00,100 גרם,false,,19.90,0.1327,true,1,211062
7290000369709,false,חמאה עירונית בתוספת ריחן ושום טרי גבינות ניצן 100 גרם,גבינות אמיר ניצן בעמ,IL,ממרח חמאה 100 גרם,גרמים,100.00,100 גרם,false,,13.90,0.1390,true,1,102630
7290000377209,false,בוטן מטוגן קליית גת 200 גרם,"ג'י אנד ג'י בע""מ",IL,בוטנים 200,גרמים,200.00,100 גרם,false,,6.90,0.0345,true,1,102141
7290000377452,false,גרעיני אבטיח קליית גת 200 גרם,הדקלאים אגודת שיתופי,IL,גרעיני אבטיח 200ח,גרמים,200.00,100 גרם,false,,12.00,0.0600,true,1,102145
7290000377612,false,מיץ תפוזים סחוט טבעי פריגת 400 מל,גת גבעת חיים,IL,פריגת סחוט תפוז 400,יחידה,400.00,יחידה,false,,9.50,0.0238,true,1,93106
7290000379203,false,לחם עינן קל פרוס מחיטה מלאה אנג'ל 500 גרם,מאפיית שלמה א. אנג'\ל בע,IL,לחם עינן קל,גרמים,500.00,100 גרם,false,,14.90,0.0298,true,1,96748
7290000379258,false,"חלה מתוקה קונדטוריה ארוזה ""אנג'ל""",מאפיית שלמה א. אנג'\ל בע,IL,חלה מתוקה,גרמים,500.00,100 גרם,false,,14.90,0.0298,true,1,96749
7290000379357,false,חלה קלה פרוסה אנגל 5,מאפיית שלמה א. אנג'\ל בע,IL,חלה קלה,גרמים,500.00,100 גרם,false,,18.90,0.0378,true,1,96752
7290000408316,false,יוגורט דנונה דל לקטוז 200 גרם,מיוצר עי קונדיטוריית,IL,יוגורט דנונה טבעי 3%,מיליליטרים,200.00,"100 מ""ל",false,,3.70,0.0185,true,1,95509
7290000408354,false,יוגורט עם אורז מצופה שוקולד קקאו 175 ג' דנונה,"שטראוס בריאות בע""\מ",IL,דנונה קראנצ' פצפוצים,מיליליטרים,175.00,"100 מ""ל",false,,4.80,0.0274,false,1,95510
7290000412481,false,נוזל לניקוי אסלות 00 סנו 1 ליטר,מיוצר עי קונדיטוריית,IL,מנקה אסלות 1ליטר,ליטרים,1.00,ליטר,false,,7.90,7.9000,false,1,108314
7290000412764,false,"פזטוקס קוטל חרקים סנו 630 מ""ל",קריות זול,,פזטוקס ארזול,מיליליטרים,630.00,"100 מ""ל",false,,18.90,0.0300,true,1,108315
7290000416021,false,ממרח בטעם שוקולד השחר חלבי 500,השחר העולה,IL,ממרח השחר 500 גרם,גרמים,500.00,100 גרם,false,,13.90,0.0278,false,1,108620
7290000416045,false,"קרם מובחר למריחה השחר 1 ק""ג",השחר העולה תעשייות מ,IL,"ממרח השחר 1 ק""ג",קילוגרמים,1.00,"ק""ג",false,,23.90,23.9000,false,1,108621
7290000416618,false,קרם מובחר בטעם שוקולד פרווה השחר למהדרין,השחר העולה תעשייות מ,IL,ממרח שוקולד השחר פרו,גרמים,400.00,100 גרם,false,,10.60,0.0265,true,1,108624
7290000416632,false,קרם מובחר בטעם שוקולד פרווה השחר למהדרין,השחר העולה תעשית ממת,IL,ממרח השחר פרווה 1 ק,יחידה,1.00,יחידה,false,,23.90,23.9000,false,1,108625
7290000419220,false,לנדוור כחול המקורי קפה טחון טורקי 3*100 גרם 16 יח',קפה לנדוור,IL,מארז קפה לנדוור טחון,גרמים,300.00,100 גרם,false,,18.90,0.0630,false,1,116806
7290000419374,false,שלישיית קפה טחון טורקי לנדוור 100 גרם,קפה לנדוור,IL,מארז שלישייה קפה שחו,גרמים,300.00,100 גרם,false,,18.90,0.0630,false,1,134131
7290000419923,false,לנדוור קפה אספרסו טחון בואקום 200 גר,קפה לנדוור,IL,אספרסו לנדוור טחון ב,גרמים,200.00,100 גרם,false,,19.90,0.0995,true,1,118175
7290000420325,false,"פופסטאר פופקורן למקירוגל בטעם טבעי 5 שקיות,500 גרם",פרסטון פארמס,US,פופסטאר טבעי 5יח',גרמים,500.00,100 גרם,false,,12.90,0.0258,false,1,107431
7290000420332,false,פופסטאר פופקורן למיקרוגל בטעם חמאה 5 יחידות 500 גרם,פרסטון פארמס,US,פופסטאר חמאה 5יח',גרמים,500.00,100 גרם,false,,12.90,0.0258,false,1,107432
7290000420417,false,גלילונית שקיות אשפה 52X65 עם שרוך 60 יחידות,"איטיליאן פוד, אס.פי.",IL,גלילונית 50X70 עם לש,יחידה,0.00,יחידה,false,,24.00,0.0000,false,1,107433
7290000430102,false,קוביות קרח בשקית מיסטר אייס 2 קילו,"אייס (קיובס) בע""מ -",IL,"שקיות קרח 2 ק""ג",יחידה,2.00,יחידה,false,,9.90,4.9500,true,1,108981
7290000432212,false,נרות שבת אקסטרא 72 י,פאלאס,IL,נרות שבת 72,יחידה,0.00,יחידה,false,,29.90,0.0000,true,1,197674
7290000432649,false,נרות שבת מס 6 180 גר,פאלאס,IL,נרות שבת 6,גרמים,180.00,100 גרם,false,,4.50,0.0250,true,1,265470
7290000432656,false,נרות שבת 8 יחידות,פאלאס,IL,נרות שבת מס' 8,גרמים,180.00,100 גרם,false,,4.50,0.0250,true,1,265471
7290000432663,false,נרות חימום 10 קוד,"פאלאס בע""מ",IL,נרות שבת מס' 10,גרמים,180.00,100 גרם,false,,4.50,0.0250,true,1,265472
7290000432670,false,נרות שבת 12 יחידות,,IL,נרות שבת מס' 12,גרמים,180.00,100 גרם,false,,4.50,0.0250,true,1,265473
7290000432687,false,נרות שבת 16 יחידות,"פאלאס בע""מ",IL,נרות שבת מס' 16,גרמים,180.00,100 גרם,false,,4.50,0.0250,true,1,265474
7290000446523,false,ממרח בוטנים מתוק בטר אנד דיפרנט 350 גרם,בטר אנד דיפרנט,IL,חמאת בוטנים מתוקה,גרמים,350.00,100 גרם,false,,12.90,0.0369,true,1,191409
7290000446547,false,חמאת בוטנים טבעית בטר אנד דיפרנט 350 גרם,"בטר אנד דיפרנט בע""מ",IL,חמאת בוטנים טבעית,גרמים,350.00,100 גרם,false,,12.90,0.0369,true,1,146760
7290000446554,false,"חמאת בוטנים טבעית בטר אנד דיפרנט 1 ק""ג",בטר אנד דיפרנט B&D,IL,חמאת בוטנים טבעית 1,קילוגרמים,1.00,"100 ק""ג",false,,27.90,27.9000,true,1,190074
7290000446745,false,חמאת שקדים 100% טבעי 350ג' בי&די,בטר אנד דיפרנט,IL,חמאת שקדים,גרמים,350.00,100 גרם,false,,42.90,0.1226,true,1,210660
7290000446776,false,פיצפוצי אורז מלא ללא סוכר ומלח בשקית 450 גרם,בטר אנד דיפרנט,IL,פיצפוצי אורז מלא ללא,גרמים,450.00,100 גרם,false,,18.90,0.0420,true,1,185726
7290000449128,false,סיף פנטסטיק לימון ניקוי רב תכליתי 4ל',יוניליוור ישראל טיפוח אי,IL,פנטסטיק 4 ליטר,ליטרים,4.00,ליטר,false,,19.90,4.9750,false,1,101505
7290000450209,false,פוסידון טונה בהירה בשמן 77 גרם,"מיוצר עי וליגר בעמ,",IL,טונה פוסידון בשמן 11,גרמים,110.00,100 גרם,false,,6.00,0.0545,true,1,109195
7290000453019,false,שמרים טריים לאפייה שקית שמרית 50 ג',"פאקא תעשיות בע""\מ",IL,שמרית,גרמים,50.00,100 גרם,false,,4.60,0.0920,false,1,95512
7290000453200,false,בלילה להכנת פנקייק עם רכיבים ביתיים,"פאקא תעשיות בע""מ",DE,בלילה מצוננת להכנת פ,מיליליטרים,750.00,"100 מ""ל",false,,21.90,0.0292,true,1,219760
7290000453385,false,שמרים יבשים פארא אינסטנט 500 גרם עלית,"פאקא תעשיות בע""מ",GB,שמרים יבשים פאקא,גרמים,500.00,100 גרם,false,,15.70,0.0314,true,1,190380
7290000453408,false,בצק פיצה דק מצונן ומוכן לאפייה שמרית 415 גרם,"פאקא תעשיות בע""מ",FR,בצק פיצה דק מצונן ומ,גרמים,415.00,100 גרם,false,,16.90,0.0407,true,1,208615
7290000453415,false,בצק עלים מצונן ומוכן לאפייה שמרית 300 גרם,"פאקא תעשיות בע""מ",FR,בצק עלים מצונן ומוכן,גרמים,300.00,100 גרם,false,,16.90,0.0563,true,1,208616
7290000453422,false,בצק פילו מצונן ומוכן לאפייה שמרית 300 גרם,"פאקא תעשיות בע""מ",GR,בצק פילו מוכן לאפייה,גרמים,300.00,100 גרם,false,,16.90,0.0563,true,1,208617
7290000453446,false,פיצה קראסט בצק שמרים מצונן להכנת פיצה ופוקצ'ה,"פאקא תעשיות בע""מ",IL,פיצה קראסט שמרית,גרמים,500.00,100 גרם,false,,21.90,0.0438,true,1,262620
7290000453781,false,שמרים יבשים שמרית 125 גרם,"פאקא תעשיות בע""מ",PT,שמרים יבשים,גרמים,125.00,100 גרם,false,,6.30,0.0504,true,1,204398
7290000453798,false,שמרית שמרים יבשים אקטיביים 500 גר',"גי' בי' רכיבים בע""מ",IL,שמרים אקטיבים 500 גר,גרמים,500.00,100 גרם,false,,16.50,0.0330,false,1,201849
7290000453866,false,נטורינה תחליף מרגרינה לבישול ואפיה קוקוס שמרית 200 גרם,גרונבאנג- גרונדנסק א,DK,נטורינה קוקוס שמרית,גרמים,200.00,100 גרם,false,,7.60,0.0380,false,1,199812
7290000453880,false,מרגרינה ללא מלח לאפיה ובישול שמרית 200גר,"פאקא תעשיות בע""מ",IL,מרגרינה ללא מלח לאפי,גרמים,200.00,100 גרם,false,,5.90,0.0295,false,1,191902
7290000453897,false,מרגרינה בטעם חמאה שמרית 200 גרם,גרונבאנג- גרונדנסק א,IL,מרגרינה בטעם חמאה 20,גרמים,200.00,100 גרם,false,,5.90,0.0295,false,1,191903
7290000461625,false,בייגלה שמיניות מלח בייגל בייגל 400 ג',בייגל את בייגל מזון 198),IL,בייגלה שמיניות גדולו,גרמים,400.00,100 גרם,false,,8.90,0.0223,true,1,101511
7290000461656,false,בייגלה מקלות מלוחים בייגל בייגל 400 גרם,בייגל את בייגל מזון 198),IL,מקלות בייגל,גרמים,400.00,100 גרם,false,,8.90,0.0223,true,1,101513
7290000461700,false,בייגלה שמיניות גדולות מלוחות 400 גרם,בייגל את בייגל מזון 198),IL,בייגלה גדול גדול,גרמים,400.00,100 גרם,false,,13.90,0.0348,true,1,101514
7290000461793,false,בייגלה ארוך ארוך סידרה ירוקה בייגל בייגל 150 גרם,בייגל את בייגל מזון 198),IL,מקלות מלוחים קטן,גרמים,150.00,100 גרם,false,,6.90,0.0460,false,1,101517
7290000462103,false,סחוג תימני אדום חריף עדין זהבי הכרם 150 גרם,קריניסה ויטמין אס אי,IL,סחוג זהבי,גרמים,150.00,100 גרם,false,,8.90,0.0593,true,1,95514
7290000462141,false,סחוג אדום תימני מקורי חריף מאוד זהבי 150 גרם,קריניסה ויטמין אס אי,IL,סחוג חריף מאוד זהבי,גרמים,150.00,100 גרם,false,,8.90,0.0593,true,1,120035
7290000462172,false,סחוג תימני ירוק חריף זהבי הכרם 150 גרם,קריניסה ויטמין אס אי,IL,סחוג,גרמים,150.00,100 גרם,false,,8.90,0.0593,true,1,95515
7290000467153,false,מלך החומוס סמיר הגדול 400 גרם צבר,סלטי צבר,IL,חומוס סמיר הגדול,גרמים,400.00,100 גרם,false,,13.90,0.0348,true,1,147244
7290000469638,false,"ספריי לגיהוץ קל מריטו 500 מ""ל",בולטון מניטובה,IT,מריטו 500 מל,מיליליטרים,500.00,"100 מ""ל",false,,22.90,0.0458,true,1,96269
7290000474076,false,"חלב קרטון 3%-1 ליטר ""טרה""-מוצר בפיקוח",קריות זול,IL,חלב טרה 3% בקרטון,ליטרים,1.00,ליטר,false,,6.23,6.2300,false,1,93116
7290000474090,false,"חלב בקרטון 1%- 1 ליטר בד""צ - מוצר בפיקוח",מילקו תעשיות בעמ,IL,חלב טרה הומוגני דל ש,ליטרים,1.00,ליטר,false,,5.86,5.8600,false,1,93117
7290000474502,false,גבינה לבנה טרה 5% מרכיבים טבעיים,הפריט בפיקוח,IL,גבינה לבנה 250 גר' ט,גרמים,250.00,100 גרם,false,,4.98,0.0199,false,1,93127
7290000474540,false,טוב טעם גבינה לבנה 3% טרה 250 גרם,קריות זול,IL,גבינה טוב טעם 3% טרה,גרמים,250.00,100 גרם,false,,11.50,0.0460,false,1,93129
7290000474830,false,נעם גבינה צהובה מגורדת 28% טרה 500 גרם,מילקו תעשיות בעמ,IL,גבינה מגורדת חצי קשה,גרמים,500.00,100 גרם,false,,34.50,0.0690,true,1,189033
7290000480107,false,קוואקר שיבולת שועל פחית 500 גרם,וולקרס סנקס לימיטד,GB,קוואקר שיבולת שועל פ,גרמים,500.00,100 גרם,false,,11.90,0.0238,false,1,106894
7290000480442,false,קוואקר שיבולת שועל בשקית 500 גרם,פריטו ליי FRITO-LAY,IL,שיבולת שועל קוואקר ב,גרמים,500.00,100 גרם,false,,12.90,0.0258,false,1,106903
7290000481029,false,פיתות בטעם ביתי 10 יחידו,דגנית עין בר תעשיות מזון,IL,פיתות רגילות עשירייה,קילוגרמים,1.00,"ק""ג",false,,12.90,12.9000,true,1,212235
7290000481043,false,10 פיתות מקמח כוסמין מלא דגנית,דגנית עין בר תעשיות מזון,IL,פיתות כוסמין 10 יח',גרמים,700.00,100 גרם,false,,17.90,0.0256,true,1,216898
7290000481074,false,לחם משלושה קמחים מלאים 750 גר,דגנית עין בר תעשיות מזון,IL,לחם משלושה קמחים מלא,גרמים,750.00,100 גרם,false,,15.90,0.0212,true,1,264637
7290000481197,false,לחם מחמצת גרעינים ושיבולת שועל 550 גרם דגנית,פריט ללא פיקוח,IL,לחם מחמצת גרעינים וש,גרמים,550.00,100 גרם,false,,17.90,0.0325,true,1,266108
7290000481531,false,דגנית עין בר לחמניות אצבע מחיטה מלאה בשקית 750 ג',דגנית עין בר תעשיות מזון,IL,מארז 10 לחמניות אצבע,גרמים,750.00,100 גרם,false,,12.50,0.0167,false,1,150295
7290000481647,false,חלה צמה מתוקה,דגנית עין בר,,חלה צמה מתוקה,גרמים,500.00,100 גרם,false,,12.90,0.0258,true,1,105291
7290000481883,false,דגנית עין בר מארז לחמניות 10 יח'*75 ג',דגנית עין בר תעשיות מזון,IL,מארז לחמניות אצבע עש,גרמים,750.00,100 גרם,false,,11.90,0.0159,false,1,149416
7290000482019,false,שקיות לצליה קוקי 10 יחידות,"ש. שסטוביץ בע""מ",IL,שקיות קוקי- 10 יח',יחידה,0.00,יחידה,false,,9.90,0.0000,true,1,96270
7290000483412,false,טפטופים מעורבים קישוטי עוגה מסוכר וחלבון,המרשלג פרלינס בעמ,IL,קישוטים לעוגה,גרמים,60.00,100 גרם,false,,12.00,0.2000,true,1,111193
7290000484549,false,"כהל 96% לשתיה 750 מ""ל",,IL,גולד כהל 96%,מיליליטרים,750.00,"100 מ""ל",false,,124.90,0.1665,false,1,263525
7290000484747,false,עראק עלית 700 מל 40% כהל,יקב הגליל יוסף גולד ובניו,IL,עלית הארק,מיליליטרים,700.00,"100 מ""ל",false,,55.90,0.0799,false,1,193949
7290000490601,false,גלידל וניל פלדמן מארז שמינייה,הגלידות של פלדמן,IL,מאגדת גלידל דיאט שלג,גרמים,400.00,100 גרם,false,,29.90,0.0747,true,1,109883
7290000493176,false,אסם אבקת רוטב צלי לבשר 22 ג',"אסם השקעות בע""\מ",IL,רוטב צלי באבקה,גרמים,22.00,100 גרם,false,,4.40,0.2000,true,1,94071
7290000493183,false,אבקת רוטב פטריות לבשר-30 גרם,"אסם השקעות בע""\מ",IL,רוטב פטריות באבקה,גרמים,30.00,100 גרם,false,,4.40,0.1467,true,1,94072
7290000504025,false,ממתיק סוכרזית פטרייה עלית 300 גרם,אף.סי תבליני בגליל ב,IL,פטריה 300טבל',גרמים,246.00,100 גרם,false,,8.50,0.0346,true,1,98828
7290000504049,false,סוכרזית קלאסי קנקן 1200 טבליות,אף.סי תבליני בגליל ב,IL,סוכרזית קנקן,גרמים,984.00,100 גרם,false,,24.50,0.0249,true,1,98830
7290000504209,false,"סוכרזית דיאט טיפ נוזלי 220 מ""ל",אף.סי תבליני בגליל ב,IL,דיאט טיפ ממתיק,יחידה,220.00,יחידה,false,,19.50,0.0886,true,1,98831
7290000504278,false,ממתיק סוכרזית אריזת פטנט 700 טבליות,אף.סי תבליני בגליל ב,IL,סוכרזית פטנט,גרמים,574.00,100 גרם,false,,17.90,0.0312,true,1,98833
7290000518114,false,אבקת סוכר מתוק וקל 200 גרם,קריות זול,IL,מתוק וקל אבקה,גרמים,200.00,100 גרם,false,,10.50,0.0525,true,1,104800
7290000518121,false,ממתיק מתוק וקל 50 יחידות,קריות זול,IL,מתוק וקל 50יח,גרמים,50.00,100 גרם,false,,6.50,0.1300,true,1,111194
7290000518152,false,ממתיק זהב מתוק וקל 50 שקיות,קריות זול,IL,מתוק וקל זהב,גרמים,25.00,100 גרם,false,,6.90,0.2760,true,1,104801
7290000518169,false,ממתיק מתוק וקל 1000 טבליות,קריות זול,IL,מתוק וקל 1000 יח,גרמים,820.00,100 גרם,false,,10.90,0.0133,true,1,104802
7290000518176,false,ממתיק מתוק וקל 250 שקיות,מתוק וקל בעמ,IL,מתוק וקל 250,גרמים,250.00,100 גרם,false,,18.90,0.0756,true,1,104803
7290000518190,false,מתוק וקל סטיביה 100 יחידות,מתוק וקל,IL,מתוק וקל סטיביה 100,יחידה,0.00,יחידה,false,,26.90,0.0000,true,1,197687
7290000518220,false,ממתיק סוכרה דיאט 100 יחידות,פתח תקווה,IL,סוכרה דיאט 100 שקיות,יחידה,0.00,יחידה,false,,25.00,0.0000,true,1,197624
7290000518237,false,סוכרה דיאט אבקת 100 גרם,מתוק וקל בעמ,IL,סוכרה דיאט אבקה 100,גרמים,100.00,100 גרם,false,,23.90,0.2390,true,1,197357
7290000518251,false,ממתיק זהב מתוק וקל 100 יחידות,קריות זול,IL,מתוק וקל זהב 100,גרמים,100.00,100 גרם,false,,12.90,0.1290,true,1,104805
7290000518336,false,ממתק צמר גפן מתוק מסיבים תזונתיים,מתוק וקל בעמ,IL,צמר גפן מתוק,גרמים,10.00,100 גרם,false,,5.00,0.5000,true,1,219183
7290000518398,false,"סוכרה דיאט טיפות 150 מ""ל",פתח תקווה,IL,סוכרה דיאט טיפות,יחידה,0.00,יחידה,false,,26.90,0.0000,true,1,198243
7290000518879,false,סוכרה דיאט 250 שקיות אריזת חסכון,מתוק וקל בעמ,IL,סוכרה דיאט 250 שקיות,גרמים,200.00,100 גרם,false,,49.90,0.2495,true,1,147029
7290000521008,false,יין אדום יבש של סגל750מל,"כרמי צבי - אחים סגל בע""\",IL,של סגל אדום יבש,מיליליטרים,750.00,"100 מ""ל",false,,19.90,0.0265,false,1,110051
7290000521022,false,"של סגל, יין לבן חצי יבש 750 מ""ל","מיוצר ע""י כרמי צבי-",IL,יין לבן חצי יבש,יחידה,750.00,יחידה,false,,19.90,0.0265,false,1,110053
7290000521428,false,"מרום גליל סינגל, שרדונה 750מל","כרמי צבי-אחים סגל בע""\מ",IL,יין מרום גליל שרדונה,מיליליטרים,750.00,"100 מ""ל",false,,24.90,0.0332,false,1,262607
7290000523125,false,מלח הארץ הים האדום 250 ג' עדין,"חברת מלח הארץ אילת בע""\מ",IL,מלח ים 200 גר',גרמים,250.00,100 גרם,false,,5.50,0.0220,true,1,103205
7290000523224,false,מלח הארץ הים האדום 500 ג' עדין,"חברת מלח הארץ אילת בע""\מ",IL,מלח ים 500 גר',גרמים,500.00,100 גרם,false,,7.90,0.0158,true,1,103206
7290000523514,false,מלח ים יבש מלח הארץ 250 גרם מופחת נתרן,"חברת מלח הארץ אילת בע""\מ",IL,מלח ים מופחת נתרן,גרמים,250.00,100 גרם,false,,10.00,0.0400,true,1,103207
7290000523521,false,מלח ים מלח הארץ 250 גרם מועשר ביוד,חברת מלח הארץ אילת ב,IL,מלח מועשר ביוד,גרמים,250.00,100 גרם,false,,5.90,0.0236,true,1,98482
7290000523804,false,"מלח עדין צנצנת 1 ק""ג מלח הארץ","חברת מלח הארץ אילת בע""\מ",IL,מלח הארץ עדין 1קג,קילוגרמים,1.00,"ק""ג",false,,7.50,7.5000,true,1,120592
7290000523811,false,"צנצנת מלח גס 1 ק""ג מלח הארץ","חברת מלח הארץ אילת בע""\מ",IL,מלח הארץ גס 1קג,קילוגרמים,1.00,"ק""ג",false,,7.50,7.5000,true,1,120593
7290000525969,false,מיץ תפוזים סחוט רכיבים טבעיים פרימור 1 ליטר,"גניר (1992) בע""מ",IL,פרימור סחוט תפוזים 1,ליטרים,1.00,ליטר,false,,15.90,15.9000,false,1,95516
7290000529806,false,תה ירוק יסמין 1.5 גרם עדנים,,,תה ירוק יסמין אורגני,גרמים,30.00,100 גרם,false,,16.90,0.5633,true,1,194092
7290000529851,false,תה ירוק נענע אורגני,,,תה ירוק נענע אורגני,גרמים,30.00,100 גרם,false,,16.90,0.5633,true,1,194094
7290000530024,false,נקניק תה מעושן רחב במשקל,זוגלובק,IL,תה זוגלובק,קילוגרמים,1.00,"ק""ג",true,,49.90,49.9000,false,1,100703
7290000530031,false,סלמי פיין צר זוגלובק,זוגלובק,IL,סלמי פיין צר,קילוגרמים,1.00,"ק""ג",true,,52.90,52.9000,true,1,100724
7290000530048,false,נקניק סלמי פפרוני במ,זוגלובק,IL,סלמי פפרוני,קילוגרמים,1.00,"ק""ג",true,,46.90,46.9000,false,1,100704
7290000530062,false,נקניק מעושן איטלקי במשקל,זוגלובק,IL,מעושן איטלקי בלו,קילוגרמים,1.00,"ק""ג",true,,72.90,72.9000,true,1,100705
7290000530086,false,נקניק סלמי מעושן זוגלובק 600 גרם,נקניק נהריה כשר זוגל,IL,סלמי מעוש 7000ן,גרמים,610.00,100 גרם,false,,31.90,0.0523,true,1,100725
7290000530116,false,נקניק סלמי מעושן בשן 470 ג' זוגלובק,נקניק נהריה כשר זוגל,IL,נקניק בשן,גרמים,485.00,100 גרם,false,,25.90,0.0534,true,1,100726
7290000530178,false,נקניק קוניאק זוגלובק,זוגלובק,IL,נקניק קוניאק זוגלובק,קילוגרמים,1.00,"ק""ג",true,,79.90,79.9000,true,1,100707
7290000530192,false,נקניק סלמי סרוולד במ,זוגלובק,IL,סרבלד זוגלובק,קילוגרמים,1.00,"ק""ג",true,,119.90,119.9000,true,1,100708
7290000530260,false,נקניק מרטדלה רחב במשקל,זוגלובק,IL,מרטדלה רחב,קילוגרמים,1.00,"ק""ג",true,,35.90,35.9000,true,1,100709
7290000530291,false,נקניק מבשר הודו קטן זוגלובק 750 גרם,נקניק נהריה כשר זוגל,IL,נקניק מבשר הודו,גרמים,800.00,100 גרם,false,,17.90,0.0224,true,1,107806
7290000530369,false,גולן ח.הודו מעוש.שלם משק,זוגלובק,IL,גולן-חזה מעושן,קילוגרמים,1.00,"ק""ג",true,,79.90,79.9000,false,1,100710
7290000530413,false,המבורגר זהב זוגלובק 400 גרם,נקניק נהריה כשר זוגל,IL,המבורגר זהב,גרמים,400.00,100 גרם,false,,19.90,0.0497,true,1,100729
7290000530444,false,כתף בקר מעושן אורלנדו מש,זוגלובק,IL,כתף בקר זוגלובק,קילוגרמים,1.00,"ק""ג",true,,109.90,109.9000,true,1,126951
7290000530598,false,נקניקיות עוף וינר זוגלובק 500 גרם,נקניק נהריה כשר זוגל,IL,נקנקיות,גרמים,500.00,100 גרם,false,,17.00,0.0340,true,1,100733
7290000530604,false,נקניקיות וינר חריפות גוליבר 500ג זוגלובק,נקניק נהריה כשר זוגל,IL,נקנקיות חריפות,גרמים,500.00,100 גרם,false,,16.50,0.0330,true,1,100734
7290000530703,false,פסטרמה חרמון כפרית ונקניק תה מעושן זוגלובק 2*400 גרם,נקניק נהריה כשר זוגל,IL,חרמון כפרית 400+תה 4,גרמים,800.00,100 גרם,false,,26.90,0.0336,true,1,124487
7290000531410,false,פסטרממיה בדבש טהור במשקל,זוגלובק,IL,פסטרממיה בדבש טה,קילוגרמים,1.00,"ק""ג",true,,79.90,79.9000,false,1,114945
7290000531601,false,סטייקבורגר זהב זוגלובק 400 גרם,נקניק נהריה כשר זוגל,IL,סטייקבורגר זהב,גרמים,400.00,100 גרם,false,,19.90,0.0497,true,1,100747
7290000532400,false,חזה הודו ברביקיו במשקל,זוגלובק,IL,פסטרמה בר בי קיו זו,קילוגרמים,1.00,"ק""ג",true,,79.90,79.9000,false,1,100713
7290000532585,false,נקניק רוסטביף חצוי ב,זוגלובק,IL,רוסטביף זוגלובק,קילוגרמים,1.00,"ק""ג",true,,109.90,109.9000,true,1,135727
7290000532721,false,כתף בקר בפלפל טורו במשקל,זוגלובק,IL,טורו זוגלובק,קילוגרמים,1.00,"ק""ג",true,,109.90,109.9000,false,1,100715
7290000533353,false,"בצק עלים צרפתי 1 ק""ג זוגלובק",נקניק נהריה כשר זוגל,IL,בצק עלים זוגלובק,קילוגרמים,1.00,"ק""ג",false,,19.90,19.9000,false,1,100763
7290000534718,false,חזה הודו תבור דל שומן מש,זוגלובק,IL,תבור-חזה הודו דל שומ,קילוגרמים,1.00,"ק""ג",true,,79.90,79.9000,false,1,112869
7290000536743,false,שניצלונים קריספי ט. תירס 500 גר' זוגלובק,נקניק נהריה כשר זוגל,IL,קריספי סטיקס תירס,גרמים,500.00,100 גרם,false,,13.90,0.0278,true,1,149951
7290000537566,false,נקניקיות עוף טרי 400 ג' זוגלובק,נקניק נהריה כשר זוגל,IL,נקנקיות עוף טרי,גרמים,400.00,100 גרם,false,,15.90,0.0398,true,1,100799
7290000538099,false,פסטרממיה כפרית במשקל,זוגלובק,IL,פסטרממיה כפרית,קילוגרמים,1.00,"ק""ג",true,,79.90,79.9000,false,1,118711
7290000538105,false,נקניק סלמי סרוולד 200 ג' זוגלובק,נקניק נהריה כשר זוגל,,סרוולד 200 גר,גרמים,200.00,100 גרם,false,,31.90,0.1595,true,1,100805
7290000551098,false,בשר שריר מס8' מוכשר קג,טיבון ויל,XX,שריר הזרוע מוכשר מס',קילוגרמים,1.00,"ק""ג",true,,33.90,33.9000,true,1,150935
7290000552194,false,קישקע טיבון ויל 500 גרם,טיבון ויל אחזקות בעמ,IL,קישקע 500 גר' טיבון,גרמים,500.00,100 גרם,false,,12.90,0.0258,true,1,109208
7290000552569,false,סטייקבורגר בקר טיבון ויל 400 גרם,"טיבון ויל אחזקות בע""\מ",IL,סטייקבורגר 400 גר',גרמים,400.00,100 גרם,false,,18.90,0.0472,false,1,109209
7290000554006,false,גבינה קשקבלו משולשים,מחלבות גד,IL,גבינת קשקבל גד,קילוגרמים,1.00,"ק""ג",true,,129.90,129.9000,true,1,99806
7290000554402,false,מעדן חלב מלבי 5% גד 170 גרם,"מיוצר ע""\י קוד יצרן EDNK",IL,מלבי 5% גד,גרמים,160.00,100 גרם,false,,5.90,0.0369,true,1,99810
7290000554457,false,גבינה צפתית במליחות עדינה 5% גד 350 גרם,"מחלבות גד בע""\מ",IL,צפתית גד 5%,גרמים,350.00,100 גרם,false,,22.90,0.0654,true,1,99811
7290000554471,false,נקניק מוצרלה 22 אחוז 180גרם גד מהדרין,"מחלבות גד בע""\מ",IL,מוצרלה 22%,גרמים,180.00,100 גרם,false,,17.90,0.0994,true,1,99812
7290000554532,false,גבינה צפתית מעודנת במלח ים 5% 200 ג' גד,הנסיך- מפעל לייצור ט,IL,צפתית מעודנת 5% 200ג,גרמים,200.00,100 גרם,false,,14.90,0.0745,true,1,119403
7290000554600,false,מוצרלה מגורדת 22 אחוז 300גרם גד מהדרין,מחלבות גד בעמ,IL,מוצרלה מגורדת 22%,גרמים,300.00,100 גרם,false,,27.90,0.0930,true,1,99814
7290000554624,false,מעדן חלב ירח מתוק עם אורז 3% גד 150 גרם,"מיוצר ע""\י קוד יצרן EDNK",IL,ירח מתוק 3% גד,גרמים,150.00,100 גרם,false,,5.90,0.0393,true,1,99815
7290000554655,false,מוצרלה מעושנת בנקניק,מחלבות גד,IL,מוצרלה מעושנת בנקניק,קילוגרמים,1.00,"ק""ג",true,,89.90,89.9000,true,1,115783
7290000554686,false,גבינת לאבנה בתוספת שמן זית וזעתר 5% גד 250 גרם,מחלבות גד בעמ,IL,לבנה 5% זעתר גד,גרמים,250.00,100 גרם,false,,14.90,0.0596,true,1,99816
7290000554754,false,גבינה מוצרלה כדורקטן,מחלבות גד,IL,מוצרלה במים קטן,קילוגרמים,1.00,"ק""ג",true,,95.90,95.9000,true,1,112189
7290000554792,false,גבינה בולגרית 5%במשקל,מחלבות גד,IL,בולגרית 5% גד מעודנת,קילוגרמים,1.00,"ק""ג",true,,59.90,59.9000,false,1,112190
7290000554815,false,מוצרלה נקניק 22% במשקל,מחלבות גד,IL,מוצרלה גד,קילוגרמים,1.00,"ק""ג",true,,85.90,85.9000,false,1,99807
7290000554822,false,ריקוטה גבינה לבנה בסגנון איטלקי 5% גד 250 גרם,מחלבות גד בעמ,IL,ריקוטה אורדה 5% גד,גרמים,250.00,100 גרם,false,,14.50,0.0580,true,1,99820
7290000554839,false,מסקרפונה שמנת מתוקה קשה בסגנון איטלקי 40% גד 250 גרם,מחלבות גד בעמ,IL,מסקרפונה 40% גד,גרמים,250.00,100 גרם,false,,22.50,0.0900,true,1,99821
7290000554921,false,גבינת ריקוטה איטלקית,מחלבות גד,IL,ריקוטה גד 5%,קילוגרמים,1.00,"ק""ג",true,,59.90,59.9000,false,1,112192
7290000554969,false,גב.שמנת 30%שומן1קג משקל,מחלבות גד,IL,גבינת שמנת טבעית גד,קילוגרמים,1.00,"ק""ג",true,,47.90,47.9000,true,1,115740
7290000554983,false,גבינה לאבנה גד במשקל,מחלבות גד,IL,לבנה במשקל,קילוגרמים,1.00,"ק""ג",true,,41.90,41.9000,true,1,112271
7290000554990,false,כדורי מוצרלה במים במ,מחלבות גד,IL,מוצרלה גד במים,קילוגרמים,1.00,"ק""ג",true,,95.90,95.9000,true,1,112194
7290000555501,false,פיקדון 30 אגורות,,,פיקדון בק' ריק,יחידה,0.00,יחידה,false,,0.30,0.0000,false,1,92931
7290000555502,false,פיקדון שש בק',,,פיקדון שש בק',יחידה,0.00,יחידה,false,,1.80,0.0000,false,1,92942
7290000555503,false,פיקדון בירה קוזל,פריגת,,פיקדון ארבע בק',יחידה,0.00,יחידה,false,,1.20,0.0000,false,1,93070
7290000555507,false,פיקדון שתיים עשרה בק,,,פיקדון שתיים עשרה בק,יחידה,0.00,יחידה,false,,3.60,0.0000,false,1,199105
7290000560021,false,אדג' ג'ל ורוד נגד חתכים 198ג',המאפיה של הרמן,US,אדג' ג'ל סגול נגד חת,גרמים,200.00,100 גרם,false,,17.90,0.0895,false,1,107443
7290000560533,false,אדג' ג'ל גילוח ירוק לעור רגיל 198גרם,אס.סי ג'ונסון ובניו,US,אדג' ג'ל ירוק לעור ר,גרמים,200.00,100 גרם,false,,17.90,0.0895,false,1,107445
7290000560540,false,אדג' ג'ל גילוח כתום לעור רגיש 198גרם,המאפיה של הרמן,US,אדג' ג'ל כתום לעור ר,גרמים,200.00,100 גרם,false,,17.90,0.0895,false,1,107446
7290000571119,false,גאודה טבעי בית יצחק,תנובה מרכז שיתופי לש,IL,גאודה טבעי בית יצחק,קילוגרמים,1.00,"ק""ג",true,,109.90,109.9000,false,1,112279
7290000571188,false,גבינת גאודה תום עיזים במשקל,תנובה מרכז שיתופי לש,IL,גאודה תום עיזים בית,קילוגרמים,1.00,"ק""ג",true,,159.90,159.9000,false,1,112891
7290000571232,false,גבינת גאודה טבעית פרוס 30% המחלווה 150ג',גבינות משק אחים מאיר בית,IL,גבינת גאודה 30% בית,גרמים,150.00,100 גרם,false,,23.90,0.1593,true,1,120775
7290000571294,false,גבינת גאודה מעושנת ב,מחלבה בית יצחק,IL,גאודה מעושנת בית יצח,קילוגרמים,1.00,"ק""ג",true,,109.90,109.9000,true,1,144149
7290000571300,false,גאודה מעושנת פרוס 200 גרם המחלבה,גבינות משק אחים מאיר,IL,גאודה פרוס מעושנת,גרמים,150.00,100 גרם,false,,23.90,0.1593,true,1,137188
7290000571386,false,המחלבה יוגורמה יוגורט מחלב כבשים 5% 850 גרם,גבינות משק אחים מאיר בית,IL,יוגורט מחלב כבשים 5%,גרמים,850.00,100 גרם,false,,26.90,0.0316,true,1,96951
7290000571478,false,גבינת תום עיזים פרוס המחלבה 200 גרם,גבינות משק אחים מאיר בית,IL,גבינת תום עיזים 30%,גרמים,150.00,100 גרם,false,,35.90,0.2393,true,1,123306
7290000571812,false,גבינת פרמז'ן מגורד 200 גרם,גבינות משק אחים מאיר,IL,פרמזן מגורד בית יצחק,גרמים,200.00,100 גרם,false,,22.50,0.1125,true,1,146763
7290000572055,false,אחוה חלוה ללא סוכר עם סיבים ואגוזים 400 גרם,אחדות ביחר לטחינה חל,IL,חלוה לייט 400 גרם,גרמים,400.00,100 גרם,false,,13.50,0.0338,true,1,111443
7290000572208,false,חלוה בטעם וניל אחווה 100 גרם,שוורצקוף& הנקל דיסלד,IL,חלבה אחווה וניל 100,גרמים,100.00,100 גרם,false,,2.90,0.0290,false,1,111446
7290000572222,false,חלווה בלוק וניל אחוה 500 גרם,שוורצקוף& הנקל דיסלד,IL,חלבה וניל בלוק אחווה,גרמים,500.00,100 גרם,false,,11.50,0.0230,true,1,111448
7290000572321,false,חלבה סנדויץ,אחוה,,חלבה סנדויץ,קילוגרמים,1.00,"ק""ג",true,,32.90,32.9000,true,1,111413
7290000572529,false,חלוה עם פיסטוק אחווה 400 גרם,אחדות ביחר לטחינה חל,IL,חלבה פיסטוק אחווה 40,גרמים,400.00,100 גרם,false,,12.50,0.0313,true,1,111450
7290000572536,false,אחווה חלווה ווניל במגש 400 גר,אחדות ביחר לטחינה חל,IL,חלבה אחווה וניל 400,גרמים,400.00,100 גרם,false,,10.90,0.0273,true,1,111451
7290000572543,false,חלוה בטעם שוקו וניל אחווה 400 גרם,אחדות ביחר לטחינה חל,IL,חלבה אחווה שוקו וניל,גרמים,400.00,100 גרם,false,,10.90,0.0273,true,1,111452
7290000572628,false,חטיפי חלווה ללא סוכר בקופסא 250 גרם,שוורצקוף& הנקל דיסלד,IL,חלבה אחווה וניל ללא,גרמים,275.00,100 גרם,false,,13.90,0.0505,true,1,111453
7290000572673,false,מארז חלווה אחוה 12 יחידות 300 גרם,שוורצקוף& הנקל דיסלד,IL,חלבה אורגנית אחווה מ,גרמים,300.00,100 גרם,false,,13.90,0.0463,true,1,111455
7290000574028,false,לחם שחור מועשר בחומצה פולית וויטמינים דגנים 750 גרם,יוניליוור גרמניה Gm,IL,לחם שחור מועשר בחומצ,גרמים,750.00,100 גרם,false,,7.90,0.0105,false,1,209385
7290000574035,false,לחם אחיד פרוס 750גרם דגנית עין בר,יוניליוור גרמניה Gm,IL,לחם שחור פרוס דגנית,גרמים,750.00,100 גרם,false,,6.50,0.0087,false,1,105294
7290000574066,false,לחם מלא פלוס שיפון 750 ג' דגנית עין בר,דגנית עין בר תעשיות מזון,IL,לחם מלא פלוס שיפון,גרמים,750.00,100 גרם,false,,15.90,0.0212,true,1,148055
7290000574141,false,לחם חיטה מלא 750ג' דגנית עין בר,דגנית עין בר תעשיות מזון,IL,לחם חיטה מלא דגנית,גרמים,750.00,100 גרם,false,,12.90,0.0172,false,1,105299
7290000574172,false,לחם קל מחיטה מלאה 750 ג' דגנית עין בר,דגנית עין בר תעשיות מזון,IL,לחם קל מחיטה מלאה,גרמים,750.00,100 גרם,false,,14.90,0.0199,false,1,120117
7290000574370,false,לחם שיפון אמיתי קל 750 ג' דגנית עין בר,דגנית עין בר תעשיות מזון,IL,לחם שיפון אמיתי קל,גרמים,750.00,100 גרם,false,,17.90,0.0239,true,1,135133
7290000574455,false,לחם חיטה מלא פלוס כוסמין 750 ג' דגנית עין בר,פריט ללא פיקוח,IL,לחם חיטה מלא כוסמין,גרמים,750.00,100 גרם,false,,14.90,0.0199,true,1,186682
7290000574509,false,מארז 6 לחמניות אצבע דגנית,מאפ. דגנית עין-בר,IL,6 לחמניות חצויות,גרמים,450.00,100 גרם,false,,13.50,0.0300,true,1,105306
7290000604039,false,ביצים בינוניות M תנובה 12 יחידות,תנובה,,ביצים בינוני M,יחידה,0.00,יחידה,false,,11.15,0.0000,false,1,133902
7290000604343,false,תמר דקל נור פרי השמש 400 גר,פרי וירק טמרה ושותפי,,תמרים 400גר',גרמים,400.00,100 גרם,false,,9.90,0.0248,true,1,112261
7290000630526,false,עוף טרי מפורק,תנובה בשר,,עוף טרי מפורק,קילוגרמים,1.00,"ק""ג",true,,19.90,19.9000,false,1,97587
7290000631059,false,כבד לצליה בלבד תפזור,תנובה,IL,כבד לצליה בלבד תפזור,קילוגרמים,1.00,"ק""ג",true,,16.90,16.9000,false,1,97589
7290000632278,false,שניצל עוף טרי,,,שניצל עוף טרי,קילוגרמים,1.00,"ק""ג",true,,39.90,39.9000,false,1,97592
7290000632452,false,כרעיים עוף טרי תפזור,,,כרעיים עוף טרי תפזור,קילוגרמים,1.00,"ק""ג",true,,26.90,26.9000,false,1,97594
7290000632629,false,שווארמה פרגיות,,,שווארמה פרגיות,קילוגרמים,1.00,"ק""ג",true,,64.90,64.9000,false,1,109657
7290000633855,false,כנפיים עוף טרי (ללא,,,כנפיים עוף טרי (ללא,קילוגרמים,1.00,"ק""ג",true,,9.90,9.9000,false,1,97597
7290000640150,false,הודו נקבה שלם טרי,,,הודו שלם,קילוגרמים,1.00,"ק""ג",true,,29.90,29.9000,false,1,97600
7290000640419,false,שריר זרוע מס' 8 חלק,עוף ירושלים מהדרין,,שריר זרוע מס' 8 חלק,קילוגרמים,1.00,"ק""ג",true,,41.00,41.0000,false,1,114865
7290000640945,false,פילה עוף טרי,,,פילה עוף טרי,קילוגרמים,1.00,"ק""ג",true,,33.90,33.9000,false,1,185841
7290000641751,false,חזה הודו טרי,,,חזה הודו טרי,קילוגרמים,1.00,"ק""ג",true,,32.90,32.9000,false,1,97605
7290000642352,false,טרי ה.נתחי חזה,,,טרי ה.נתחי חזה,קילוגרמים,1.00,"ק""ג",true,,29.90,29.9000,false,1,97606
7290000642840,false,שוק הודו טרי,,,שוק הודו טרי,קילוגרמים,1.00,"ק""ג",true,,29.90,29.9000,false,1,97607
7290000643243,false,שווארמה הודו נקבה טר,תנובה בשר,,טרי הודו שווארמה נקב,קילוגרמים,1.00,"ק""ג",true,,71.90,71.9000,false,1,97608
7290000643359,false,טרי שוק הודו מפורק ל,,,טרי שוק הודו מפורק ל,קילוגרמים,1.00,"ק""ג",true,,57.90,57.9000,false,1,97609
7290000643946,false,כנף הודו טרי,,,כנף הודו טרי,קילוגרמים,1.00,"ק""ג",true,,13.90,13.9000,false,1,109660
7290000644356,false,גרון הודו נ. טרי,,,גרון הודו טרי,קילוגרמים,1.00,"ק""ג",true,,31.90,31.9000,false,1,97611
7290000644783,false,נתחי פילה סלמון קפוא קג,דגי תנובה,DK,פילה סלמון מנות בואק,קילוגרמים,1.00,"ק""ג",true,,84.90,84.9000,true,1,125550
7290000646299,false,פילה נסיכת הנילוס 100% דג קפוא תנובה,דגי תנובה,IL,פילה נסיכת הנילוס,קילוגרמים,1.00,"ק""ג",true,,52.90,52.9000,true,1,211261
7290000653266,false,כנפיים עוף טרי חצוי,,,כנפיים עוף טרי חצוי,קילוגרמים,1.00,"ק""ג",true,,8.90,8.9000,false,1,144808
7290000654546,false,פילה אמנון 7-9 100% דג תנובה,תנובה,CN,פילה אמנון 7-9 תנובה,קילוגרמים,1.00,"ק""ג",true,,34.90,34.9000,true,1,214384
7290000655376,false,פילה דניס קפוא תנובה,דגי תנובה,TR,פילה דניס קפוא תנובה,קילוגרמים,1.00,"ק""ג",true,,81.90,81.9000,true,1,196484
7290000656991,false,בשר ראש,טיבון ויל,,בשר ראש,קילוגרמים,1.00,"ק""ג",true,,64.90,64.9000,false,1,109228
7290000659312,false,דגי תנובה פילה סלומון קפוא בוואקום,דגי תנובה,IL,פילה סלמון קפוא,קילוגרמים,1.00,"ק""ג",true,,72.90,72.9000,true,1,97615
7290000661629,false,צלי כתף 5 חלק,,,צלי כתף 5 חלק,קילוגרמים,1.00,"ק""ג",true,,72.90,72.9000,false,1,205599
7290000662817,false,סלמון מעושן 100 גרם נורבגי מדג טרי,דגי תנובה,צ'ילה (TDE),סלמון מעושן 100 גר',גרמים,100.00,100 גרם,false,,21.00,0.2100,true,1,217154
7290000663036,false,פילה אמנון קפוא ללא עור 100% דג תנובה,דגי תנובה,IL,פילה אמנון קפוא ללא,קילוגרמים,1.00,"ק""ג",true,,34.90,34.9000,true,1,217183
7290000663104,false,שווארמה פרגית להקפצה,תנובה בשר,IL,שווארמה פרגית להקפצה,גרמים,300.00,100 גרם,false,,29.90,0.0997,true,1,216957
7290000663135,false,קוביות סלומון קפוא 100% דג 300 גרם תנובה,"צ'\ילה, Ll MONTT, PUERTO",CL,קוביות סלומון להקפצה,גרמים,300.00,100 גרם,false,,29.90,0.0997,true,1,219407
7290000668888,false,אנטריקוט מבכירה פרימ,,,אנטריקוט מבכירה פרימ,קילוגרמים,1.00,"ק""ג",true,,179.00,179.0000,false,1,211349
7290000679440,false,"קמיל בלו משחת החתלה לתינוק ד""ר פישר 100 גרם",פישר מעבדות פרמצבטיות בע,IL,משחה לתינוק קמיל בלו,גרמים,100.00,100 גרם,false,,15.90,0.1590,true,1,100140
7290000688084,false,מי עדן פקק ספורטאים500מל,"מופק ממקור בזלתי עדן ,1",IL,מי עדן ספורט 5 0.,יחידה,500.00,יחידה,false,,2.70,0.0054,false,1,103455
7290000688374,false,"מים מינרליים מי עדן בייבי 6*330 מ""ל","מופק ממקור בזלתי עדן ,1",IL,מי עדן בייבי שישייה,ליטרים,1.98,ליטר,false,,13.90,7.0202,false,1,103458
7290000688381,false,שישיית מי עדן פקק ספורט 0.5 ליטר,"מופק ממקור בזלתי עדן ,1",IL,מי עדן שישייה 0.5 ל',ליטרים,3.00,ליטר,false,,12.90,4.3000,false,1,103459
7290000688466,false,מים מינרלים פקק ספור,מופק ממקור בזלתי עדן,IL,מי עדן ג'ים 750,יחידה,750.00,יחידה,false,,3.10,0.0041,true,1,103460
7290000688503,false,"מים מינרלים פקק ספורט מי עדן 6*750 מ""ל","מופק ממקור בזלתי עדן ,1",IL,מי עדן ספורט שישייה,ליטרים,4.50,ליטר,false,,14.90,3.3111,true,1,103463
7290000692203,false,נוזל לניקוי כללי ורצפות בניחוח לימון אג'קס 2 ליטר,הנסיך- מפעל לייצור ט,GR,אג'קס ירוק 2 ליטר,ליטרים,2.00,ליטר,false,,22.90,11.4500,false,1,96278
7290000692210,false,נוזל לניקוי כללי ורצפות בניחוח לבנדר אג'קס 2 ליטר,הנסיך- מפעל לייצור ט,GR,אג'קס סגול 2 ליטר,ליטרים,2.00,ליטר,false,,22.90,11.4500,false,1,96279
7290000692456,false,אג'קס חלונות זוג 750*2 מל ספריי ורפיל,הנסיך- מפעל לייצור ט,GR,אג'קס לחלונות זוג,ליטרים,1.50,ליטר,false,,24.90,16.6000,true,1,96284
7290000803067,false,"משחת שיניים לילדים גילאים 6-2 אלמקס 75 מ""ל",הנסיך- מפעל לייצור ט,PL,אלמקס משחת שיניים לי,גרמים,75.00,100 גרם,false,,15.90,0.2120,true,1,107467
7290000803180,false,"מרידול - מי פה שטיפה דנטלית 400 מ""ל",קולגייט פלמוליב,CH,מרידול שטיפת פה 400מ,מיליליטרים,400.00,"100 מ""ל",false,,29.90,0.0747,true,1,107468
7290000804484,false,אלמקס שטיפת פה דנטלית למניעת עששת 400מל,קולגייט פלמוליב,CH,אלמקס מי פה לשטיפה 4,מיליליטרים,400.00,"100 מ""ל",false,,27.90,0.0697,true,1,107471
7290000805597,false,"מזון לכלבים בונזו מזון כלבים סניור 3 ק""ג","ביופט בע""מ",IL,בונזו סניור,קילוגרמים,3.00,"ק""ג",false,,47.90,15.9667,false,1,106908
7290000805924,false,"מזון חתולים לה קט דגים 2.85 ק""ג","ביופט בע""מ",IL,"לה קט דגים 2.85 ק""ג",קילוגרמים,2.85,"ק""ג",false,,59.90,21.0175,false,1,106919
7290000830001,false,אגוזי ברזיל,,,אגוזי ברזיל,קילוגרמים,1.00,"ק""ג",true,,69.00,69.0000,true,1,100539
7290000841557,false,"סטרילי נוזל חיטוי 500 מ""ל לניקוי פירות וירקות",,IL,סטרילי טבע-תרכיז לני,מיליליטרים,500.00,"100 מ""ל",false,,13.50,0.0270,true,1,142508
7290000910697,false,פילה טונה טרי,,,פילה טונה טרי,קילוגרמים,1.00,"ק""ג",true,,160.00,160.0000,false,1,127442
7290001045169,false,מיץ תפוחי עץ צלול פרימור 1 ליטר,"גניר (1992) בע""מ",IL,פרימור מיץ תפוחים צל,ליטרים,1.00,ליטר,false,,15.90,15.9000,true,1,95519
7290001045657,false,פרימור מיץ תפוחים סחוט מקורר 400מל,פרימור,IL,"פרימור תפוחים 400 מ""",יחידה,400.00,יחידה,false,,8.70,0.0218,true,1,149039
7290001045688,false,"מיץ תפוזים סחוט פרימור 400 מ""ל",פרימור,IL,פרימור תפוזים סחוט 4,מיליליטרים,400.00,"100 מ""ל",false,,8.70,0.0218,true,1,174020
7290001050064,false,"אבקת סוכר פרימיום 1 ק""ג",ר.ס-.חברה ליבוא וייצור מ,IL,אבקת סוכר פרימיום 1ק,גרמים,100.00,100 גרם,false,,9.90,0.0990,true,1,193968
7290001121023,false,פסטרמה של פעם יחיעם,מעדני יחיעם,IL,פסטרמה של פעם יחיעם,קילוגרמים,1.00,"ק""ג",true,,79.90,79.9000,false,1,99975
7290001121054,false,צמד חמד פסטרמה וסלמי יחיעם 700 גרם,תאי פרזידנט פוד פאבל,IL,זוג פסטרמה יחיעם,גרמים,700.00,100 גרם,false,,24.90,0.0356,true,1,100021
7290001121177,false,פסטרמה פרגיות על האש,יחיעם,,פסטרמה פרגיות על האש,קילוגרמים,1.00,"ק""ג",true,,79.90,79.9000,false,1,99978
7290001121672,false,פסטרמה מעודנת בפפריקה 300 ג' יחיעם,מעדני יחיעם 1993,IL,פסטרמה מעודנת בפפריק,גרמים,300.00,100 גרם,false,,22.90,0.0763,true,1,138213
7290001121849,false,פסטרמה ברביקיו יחיעם 250 גרם ר.טבעיים,מעדני יחיעם 1993,IL,פסטרמה 100% חומרים ט,גרמים,250.00,100 גרם,false,,25.90,0.1036,true,1,141704
7290001123775,false,שווארמה אמיתית פרגיות טיבון ויל 500 גרם,"טיבול ויל אחזקות בע""",IL,שווארמה אמיתית פרגי,גרמים,500.00,100 גרם,false,,21.90,0.0438,true,1,109240
7290001124536,false,ארוחת נודלס טעם תירס מג'יק 70 גרם,טאט הוי פוד בעמ,SG,מגיק איטריות,גרמים,70.00,100 גרם,false,,5.00,0.0714,false,1,109242
7290001133484,false,"פילה סלמון פרימיום עד""ח 1.4-1.8 ק""ג",לאטי עזרא,NO,פילה סלמון נורבגי,קילוגרמים,1.00,"ק""ג",true,,79.90,79.9000,true,1,208607
7290001136287,false,"שמפו לשיער רגיל בבושם פרחים נקה 7 750 מ""ל","אמיליה קוסמטיקס בע""מ",IL,נקה 7-שמפו רגיל ירו,מיליליטרים,750.00,"100 מ""ל",false,,11.90,0.0159,true,1,107845
7290001136294,false,"שמפו לשיער יבש בבישום פרחים נקה 7 750 מ""ל","אמיליה קוסמטיקס בע""מ",IL,נקה 7-שמפו יבש אדו,מיליליטרים,750.00,"100 מ""ל",false,,11.90,0.0159,true,1,107846
7290001136300,false,"נקה 7 שמפו ומרכך לסירוק קל 750 מ""ל",אמיליה קוסמטיקס בעמ,IL,נקה 7-שמפו סירוק קל,מיליליטרים,750.00,"100 מ""ל",false,,11.90,0.0159,true,1,107847
7290001136362,false,נקה 7 תחליב רחצה אלוורה ארומה ירוק 1 ל',מיוצר בסין.יבוא ושיו,IL,נקה תחליב רחצה ירוק,ליטרים,1.00,ליטר,false,,13.90,13.9000,true,1,107852
7290001136683,false,"מרכך לשיער רגיל בבושם פרחים נקה 7 750 מ""ל","אמיליה קוסמטיקס בע""מ",IL,נקה 7-מייצב רגיל ירו,מיליליטרים,750.00,"100 מ""ל",false,,11.90,0.0159,true,1,107855
7290001136799,false,נקה 7 תחליב רחצה ארומה ורוד יסמין 1 ל',מיוצר בסין.יבוא ושיו,IL,נקה תחליב רחצה ורוד,ליטרים,1.00,ליטר,false,,13.90,13.9000,true,1,107858
7290001136973,false,נקה 7 תחליב רחצה ארומה קמומיל לבן 1 ל',טרופיקל דגיל תעשיות,IL,נקה תחליב רחצה לבן ק,ליטרים,1.00,ליטר,false,,13.90,13.9000,true,1,107863
7290001164266,false,אפקטבעי גרנולה ללא סוכר 500גר,אפקט טבעי בעמ,IL,גרנולה ללא סוכר,גרמים,500.00,100 גרם,false,,21.00,0.0420,true,1,172370
7290001164402,false,אפקטבעי ג'עלה בצנצנת 200 גרם,בטר אנד דיפרנט,IL,תערובת ג'עלה,גרמים,200.00,100 גרם,false,,12.90,0.0645,true,1,110831
7290001164419,false,גאלה תערובת אגוזים וגרעינים לסלט 600 גר,"אפקטבעי בע""מ",IL,תערובת ג'עלה,גרמים,600.00,100 גרם,false,,28.90,0.0482,true,1,110832
7290001193549,false,ערכת חנוכה שלהבת מוצק{ללא חזרות},מעגל הזמן,IL,ערכת שלהבת מוצק לחנו,יחידה,0.00,יחידה,false,,44.90,0.0000,true,1,215063
7290001193792,false,שמן זית למאור מנצסטר,,,שמן זית למאור שלהבת,יחידה,0.00,יחידה,false,,22.90,0.0000,true,1,215067
7290001216040,false,טחינה גולמית שומשום טהור אל ארז 500 גרם,אגס ירוק מסחר ושירותים,IL,טחינה אל ארז 0.5קג,יחידה,1.00,יחידה,false,,15.00,15.0000,true,1,115013
7290001216057,false,"טחינה שומשום טהור אל ארז 1 ק""ג",אגס ירוק מסחר ושירותים,IL,טחינה אל ארז 1קג,גרמים,500.00,100 גרם,false,,27.90,0.0558,true,1,115014
7290001216101,false,"טחינה שומשום מלא אל ארז 1 ק""ג",טחינה אל ארז,IL,טחינה מלאה 1 קג אל א,גרמים,1000.00,100 גרם,false,,29.90,0.0299,true,1,214968
7290001216231,false,טחינה גולמית שומשום מלא אל ארז 500 גרם,אגס ירוק מסחר ושירותים,IL,טחינה מלאה אל ארז,גרמים,500.00,100 גרם,false,,15.90,0.0318,true,1,118778
7290001230331,false,סיגריות כאמל בוקס חפ,Unknown,CH,כאמל בוקס,יחידה,0.00,יחידה,false,,31.00,0.0000,false,1,95427
7290001230739,false,כאמל כחול חפיסה חפיסה,Unknown,CH,כאמל כחול,יחידה,0.00,יחידה,false,,31.00,0.0000,false,1,95428
7290001231932,false,ווינסטון כחול בוקס חפיסה,Unknown,CH,וינסטון כחול בוקס,יחידה,0.00,יחידה,false,,33.00,0.0000,false,1,110987
7290001235938,false,וינסטון כחול ארוך חפיסה,Unknown,CH,וינסטון כחול ארוך,יחידה,0.00,יחידה,false,,33.00,0.0000,false,1,115933
7290001246962,false,אקופרינד-נוזל כלים תפוז 1 ליטר,פ.פ.ח. שאביט,IL,אקופרנד נוזל כלים תפ,ליטרים,1.00,ליטר,false,,13.90,13.9000,true,1,210991
7290001247068,false,קרטונית נקטר ספרינג תות בננה 1 ליטר,יפאורה שותפות מובגלת לשיווק,IL,ספרינג קרטונית תות ב,ליטרים,1.00,ליטר,false,,6.90,6.9000,false,1,103472
7290001247082,false,מיץ עגבניות רכיבים טבעיים ספרינג 1 ליטר,יפאורה שותפות מובגלת לשיווק,IL,ספרינג קרטונית עגבני,ליטרים,1.00,ליטר,false,,6.90,6.9000,false,1,103474
7290001247099,false,קרטונית נקטר ספרינג מנגו 1 ליטר,יפאורה שותפות מובגלת לשיווק,IL,ספרינג קרטונית מנגו,ליטרים,1.00,ליטר,false,,6.90,6.9000,false,1,103475
7290001247105,false,קרטונית נקטר ספרינג אפרסק 1 ליטר,יפאורה שותפות מובגלת לשיווק,IL,ספרינג קרטונית אפרסק,ליטרים,1.00,ליטר,false,,6.90,6.9000,false,1,103476
7290001247112,false,קרטונית נקטר ספרינג לימונענע 1 ליטר,יפאורה שותפות מובגלת לשיווק,IL,ספרינג קרטונית לימונ,ליטרים,1.00,ליטר,false,,6.90,6.9000,false,1,103477
7290001247129,false,נקטר ספרינג תפוזים קרטונית 1 ל',יפאורה שותפות מובגלת לשיווק,IL,ספרינג קרטונית תפוזי,ליטרים,1.00,ליטר,false,,6.90,6.9000,false,1,103478
7290001247143,false,קרטונית נקטר ספרינג תפוחים 1 ליטר,יפאורה שותפות מובגלת לשיווק,IL,ספרינג קרטונית תפוחי,ליטרים,1.00,ליטר,false,,6.90,6.9000,false,1,103480
7290001258118,false,קממבר טבעי יעקבס לקג,גבינות משק יעקבס,IL,גבינת קממברט,קילוגרמים,1.00,"ק""ג",true,,110.00,110.0000,true,1,100960
7290001258163,false,סנט מור עיזים 26% במשקל,גבינות משק יעקבס,IL,גבינת סנט מור,קילוגרמים,1.00,"ק""ג",true,,145.00,145.0000,true,1,100961
7290001258415,false,רוקפור באריזת ווקום יעקובס 180 גרם,גבינות משק יעקבס,IL,גבינת רוקפור 32%,גרמים,180.00,גרם,false,,26.90,0.1494,true,1,115767
7290001258446,false,"יעקבס יוגורט כבשים 5% 850 מ""ל",גבינות משק יעקבס,IL,יוגורט כבשים 5%,מיליליטרים,850.00,"100 מ""ל",false,,18.90,0.0222,true,1,122964
7290001258552,false,גבינה לאבנה בקר 250 גרם,בטר אנד דיפרנט,IL,גבינת לבנה בקר 250 ג,גרמים,250.00,100 גרם,false,,11.50,0.0460,true,1,207229
7290001258576,false,גאודה ואקום יעקובס 200 גרם,גבינות משק יעקבס,IL,גבינת גאודה 28%,גרמים,180.00,גרם,false,,23.90,0.1328,true,1,115766
7290001258620,false,גבינת מנצ'גו מחלב כבשים יעקבס 180 גרם,גבינות יעקבס,IL,גבינת מנצ'גו,יחידה,0.00,יחידה,false,,22.90,0.0000,true,1,202170
7290001258668,false,גבינת עז מה 5% יעקבס 250 גרם,גבינות משק יעקבס,IL,גבינת עז מה 5% 250 מ,מיליליטרים,250.00,"100 מ""ל",false,,16.90,0.0676,true,1,122063
7290001258682,false,"יוגורט עיזים באריזה 500 מ""ל",גבינות משק יעקבס,IL,יוגורט עיזים 3% 500,מיליליטרים,500.00,"100 מ""ל",false,,13.90,0.0278,true,1,118897
7290001258729,false,לאבנה עיזים יעקובס 250 גרם,גבינות משק יעקבס,IL,"לבנה עיזים 250 מ""ל",גרמים,250.00,100 גרם,false,,16.90,0.0676,true,1,121711
7290001258774,false,מוצרלה בייבי 150 גרם יעקובס,גבינות משק יעקבס,IL,גבינת מוצרלה 140 גר',גרמים,140.00,100 גרם,false,,11.50,0.0821,true,1,207260
7290001258798,false,פטה כבשים יעקבס 250 גר,גבינות משק יעקבס,IL,גבינת פטה כבשים 250,גרמים,250.00,100 גרם,false,,29.90,0.1196,true,1,136466
7290001258804,false,קשקבל גבינה חצי קשה יעקבס 180 גרם,גבינות משק יעקבס,IL,גבינת קשקבל 180 גר',גרמים,180.00,100 גרם,false,,26.90,0.1494,true,1,136467
7290001258958,false,מוצרלה מגורדת יעקבס 200 גרם,גבינות משק יעקבס,IL,מוצרלה מגורדת 200 גר,גרמים,200.00,100 גרם,false,,21.90,0.1095,true,1,147053
7290001258972,false,גבינת חלומי בואקום 2,גבינות משק יעקבס,IL,גבינת חלומי 200 גר',גרמים,200.00,100 גרם,false,,21.90,0.1095,true,1,147054
7290001274934,false,"שמיניית גלידל פרי לימון ""פלדמן""",הגלידות של פלדמן,IL,מאגדת גלידל דיאט קרח,גרמים,640.00,100 גרם,false,,24.90,0.0389,true,1,109890
7290001274941,false,"שמיניית גלידל פרי פטל ""פלדמן""",הגלידות של פלדמן,IL,מאגדת גלידל דיאט קרח,גרמים,640.00,100 גרם,false,,24.90,0.0389,true,1,109891
7290001305058,false,"פלמוליב - נטורלס תחליב רחצה חלב ודבש 500 מ""ל",הנסיך- מפעל לייצור ט,TR,פלמוליב סבון נוזלי ל,מיליליטרים,500.00,"100 מ""ל",false,,14.90,0.0298,false,1,96294
7290001305188,false,"נוזל לניקוי כלים בריח לימון פלמוליב 750 מ""ל",יבואן ומשווק: ש. שסט,GR,פלמוליב לכלים שקוף ל,מיליליטרים,750.00,"100 מ""ל",false,,9.90,0.0132,false,1,96298
7290001327180,false,שטראוס קרמיסימו וניל ציפ 1.33 ליטר,"גלידת שטראוס בע""\מ, רחוב",IL,גלידה קרמיסימו וניל,ליטרים,1.33,ליטר,false,,24.90,18.7218,false,1,95957
7290001327791,false,גלידת קרמיסימו וניל עוגיות חלבי,"גלידת שטראוס בע""\מ, רחוב",IL,קרמיסימו וניל עוגיות,ליטרים,1.33,ליטר,false,,24.90,18.7218,false,1,95962
7290001333211,false,כנף צלוי,,,כנף צלוי,קילוגרמים,1.00,"ק""ג",true,,30.00,30.0000,false,1,266590
7290001333785,false,פילה טוויסט,,,פילה טוויסט,קילוגרמים,1.00,"ק""ג",true,,85.00,85.0000,false,1,266591
7290001361009,false,עוגת טורט קייבסקי,האי נאם סי או אל.טי.,IL,עוגת טורט קייבסק,גרמים,700.00,100 גרם,false,,76.90,0.1099,true,1,100854
7290001361016,false,עוגת גינגי שכבות בצק,GS עבור נטו מלינדה ס,IL,עוגת דבש גינג'ית,גרמים,600.00,100 גרם,false,,41.90,0.0698,true,1,100855
7290001361023,false,עוגת מולטית פס 600 ג,נטלי פלוס,,עוגה מולטית,גרמים,650.00,100 גרם,false,,41.90,0.0645,true,1,100856
7290001361054,false,אקלרים פטיסייר (600 ג'),אף.סי תבליני בגליל ב,IL,פחזניות,גרמים,600.00,100 גרם,false,,42.90,0.0715,true,1,100858
7290001361061,false,פחזניות בציפוי שוקולד 600 גרם,"נטלי פלוס בע""מ",IL,פחזניות שוקולד,יחידה,0.00,יחידה,false,,42.90,0.0000,true,1,136757
7290001361085,false,עוגת נפוליאון פס 600,אף.סי תבליני בגליל ב,IL,עוגת נפוליאון,גרמים,600.00,100 גרם,false,,41.90,0.0698,true,1,100860
7290001361092,false,עוגת פיצוץ פס 400 גר,GS עבור נטו מלינדה ס,IL,עוגת פיצוץ,גרמים,500.00,100 גרם,false,,41.90,0.0838,true,1,100861
7290001361160,false,עוגה מיסטיקה אננס 750 גר,נטלי פלוס,,עוגת מיסטיקה נטלי,גרמים,600.00,100 גרם,false,,74.90,0.1248,true,1,161114
7290001361177,false,עוגת דובדבנים פס 650,נטלי פלוס,,עוגת דובדבן,גרמים,650.00,100 גרם,false,,48.90,0.0752,true,1,100868
7290001361207,false,עוגת פס אוכמניות 650,נטלי פלוס,,עוגת אוכמניות,גרמים,650.00,100 גרם,false,,48.90,0.0752,true,1,100870
7290001361269,false,פס קייבסקי ללא קמח 3,נטלי פלוס בעמ,IL,עוגת טורט קייב,גרמים,400.00,100 גרם,false,,41.90,0.1047,true,1,211733
7290001361344,false,עוגת מוזה פס של נטלי,"נטלי פלוס בע""מ",IL,פס עוגת מוזה,גרמים,400.00,100 גרם,false,,46.90,0.1172,true,1,201696
7290001361436,false,פס שמנת סמנטיק 550 גרם,נטלי פלוס בעמ,IL,עוגת עטרת נטלי,גרמים,550.00,100 גרם,false,,41.90,0.0762,true,1,215543
7290001361450,false,עוגת מותק - ריבת חלב 650 ג',נטלי פלוס,,עוגת מותק ריבת חלב,גרמים,600.00,100 גרם,false,,74.90,0.1248,true,1,118780
7290001361580,false,פס היער השחור נטלי 550 גרם,"נטלי פלוס בע""מ",IL,פס היער השחור נטלי 5,גרמים,550.00,100 גרם,false,,41.90,0.0762,true,1,215541
7290001361733,false,פס אלפחורס נטלי 550 גרם,נטלי פלוס בעמ,IL,פס אלפחורס נטלי 550,גרמים,550.00,100 גרם,false,,41.90,0.0762,true,1,215542
7290001361894,false,פס טראפלס שוקולד 450 ג',נטלי פלוס,,פס טראפלס שוקולד,יחידה,0.00,יחידה,false,,34.90,0.0000,true,1,189552
7290001361924,false,פס גבינה פרורוים 500 גר,נטלי פלוס,,עוגת פס גבינה נטלי,גרמים,500.00,100 גרם,false,,34.90,0.0698,true,1,142000
7290001361931,false,פחזניות במילוי גבינה (350 ג'),האי נאם סי או אל.טי.,IL,פחזניות במילוי גבינה,גרמים,450.00,100 גרם,false,,36.90,0.0820,true,1,123819
7290001361979,false,פס גבינה פירורים ללא סוכר 450 ג',נטלי פלוס,,פס גבינה ללא תוספת ס,גרמים,500.00,100 גרם,false,,34.90,0.0698,true,1,141833
7290001385074,false,אסאדו טרי א.א.מגש קג,תנובה,IL,מארז אסאדו טרי,קילוגרמים,1.00,"ק""ג",true,,71.90,71.9000,true,1,266673
7290001407547,false,טחינה גולמית משומשום מלא פי 6 בארכה 500ג',"רושדי תעשיות מזון בע""\מ",IL,טחינה 100% שומשום,גרמים,500.00,100 גרם,false,,16.90,0.0338,false,1,185476
7290001407769,false,טחינה גולמית שומשום מלא בארכה 500 גרם,"רושדי תעשיות מזון בע""\מ",IL,טחינה משומשום מלא,גרמים,500.00,100 גרם,false,,16.90,0.0338,false,1,107492
7290001407936,false,בארכה-טחינה גולמית מעודנת בקבוק לחיץ 310 ג',"רושדי תעשיות מזון בע""\מ",IL,טחינה בארכה מעודנת,גרמים,310.00,100 גרם,false,,12.90,0.0416,true,1,192684
7290001419618,false,וופל בלגי עלמה שחור לבן וניל 200ג',"גילרו בע""מ",IL,גילרו ופל בלגי 200ג',גרמים,200.00,100 גרם,false,,3.20,0.0160,true,1,124545
7290001419779,false,וופל שוקו' עלמה קלאסי 200 גר,"גילרו בע""מ",IL,וופל גילרו קלאסי 200,גרמים,200.00,100 גרם,false,,3.20,0.0160,true,1,117239
7290001419793,false,גביעי גלידה מגולגל עלמה גילרו 30 יח',"גילרו בע""מ",IL,גביעי גלידה מגולגלים,יחידה,0.00,יחידה,false,,11.50,0.0000,true,1,137159
7290001436790,false,נקנקיות מרגז מיני אקסטרה חריף ארוז בלדי 500 ג',יוליניבר,IL,בלדי- מרגז מיני חריף,גרמים,500.00,100 גרם,false,,25.90,0.0518,true,1,196372
7290001439029,false,נר קוקסויה גדול,יושלם,,נר קוקסויה גדול,יחידה,0.00,יחידה,false,,30.00,0.0000,true,1,263165
7290001455456,false,"פילה נסיכת הנילוס פרוס בד""ץ.",בלדי,UG,פילה נסיכת הנילוס פר,קילוגרמים,1.00,"ק""ג",true,,57.90,57.9000,true,1,197728
7290001459935,false,"אפונה 800 גרם בד""ץ עדה חרדית",פספרוסט,BE,אפונה 800 גר',גרמים,800.00,100 גרם,false,,9.90,0.0124,true,1,199250
7290001461457,false,בגט רוסטיק קמח מלא ו,פילסברי,,בגט רוסטיק קמח מלא,יחידה,0.00,יחידה,false,,8.90,0.0000,true,1,215675
7290001468159,false,ריבת חלב צנצנת 300 גרם,מ.א.מ השלושה,,ריבת חלב נאמן 330 גר,גרמים,330.00,100 גרם,false,,11.90,0.0361,true,1,135150
7290001468319,false,"מיץ לימון נאמן 200מ""ל",ITAL LEMON,,מיץ לימון טבעי 0,יחידה,200.00,יחידה,false,,5.60,0.0280,true,1,112334
7290001468692,false,קורנפלור 200 גרם,,,קורנפלור 200 גרם,גרמים,200.00,100 גרם,false,,3.90,0.0195,true,1,266621
7290001468708,false,קורנפלור 500 גרם,ר.ס.,,קורנפלור 500 גר',גרמים,500.00,100 גרם,false,,6.50,0.0130,true,1,227261
7290001468715,false,אבקת סוכר 100 גרם,ר.ס.,,אבקת סוכר 100 גר,גרמים,100.00,100 גרם,false,,1.70,0.0170,true,1,120881
7290001468753,false,קמח תפוחי אדמה 500 ג' נאמן,תבליני ביטון,IL,"קמח תפו""א",גרמים,500.00,100 גרם,false,,6.90,0.0138,true,1,113394
7290001468890,false,אלכוהול 70%,,,אלכוהול 70%,מיליליטרים,100.00,"100 מ""ל",false,,4.90,0.0490,true,1,121661
7290001482094,false,גבינה פרמז'נו משולשים ויליפוד 200ג',זנטי אס. אי לאלין,IT,פרמזנו וילי פוד 200ג,גרמים,200.00,100 גרם,false,,22.90,0.1145,true,1,140277
7290001482384,false,חתיכות אננס בסירופ קל וילי פוד 227 גרם,וילי פוד,TH,חתיכות אננס בסירופ ק,גרמים,227.00,100 גרם,false,,3.60,0.0159,true,1,105090
7290001482506,false,וילי פוד חומץ בלסמי בדץ 500מל,וילי פוד,IT,חומץ בלסמי 500,יחידה,500.00,יחידה,false,,19.90,0.0398,true,1,105093
7290001485019,false,גבינת קרם שמנת טבעי 5% טרה 200 גרם,קריות זול,IL,גבינת שמנת טבעי 5%,גרמים,200.00,100 גרם,false,,11.50,0.0575,true,1,93139
7290001491096,false,תה ירוק בתוספת לימונית ולואיזה 50 שקיקים ויסוצקי,תה ויסוצקי,IL,תה ירוק לימונית 50 ש,גרמים,75.00,100 גרם,false,,45.90,0.6120,false,1,97383
7290001507070,false,פתיבר חרובים מקמח מלא אורגני השדה מוצרים אורגנים 200 גרם,השדה מוצרים אורגניים,IL,פתי בר חרובים מקמח מ,גרמים,200.00,100 גרם,false,,8.40,0.0420,true,1,119066
7290001515310,false,שש כריות קרצוף יפניות סקוטש ברייט,3m,,שש כריות קרצוף יפניו,יחידה,0.00,יחידה,false,,13.90,0.0000,true,1,187177
7290001515631,false,שלושה ספוגי קרצוף קשיחים ארוכים אדומים,שיוך למחסן 17,ES,ספוג קירצוף קשיח,יחידה,0.00,יחידה,false,,9.90,0.0000,true,1,110924
7290001552025,false,קוסקוס של אמא פרבורגר 800 גרם,פרבורגר רויאל,IL,קוסקוס של אמא 800 גר,גרמים,800.00,100 גרם,false,,15.90,0.0199,true,1,190177
7290001566626,false,כוסברה שלם נווה תבלי,,,כוסברה שלם נווה תבלי,גרמים,80.00,100 גרם,false,,8.40,0.1050,true,1,197760
7290001566633,false,תבלין כוסברה 40 גר -,,,תבלין כוסברה 40 גר -,גרמים,40.00,100 גרם,false,,8.40,0.2100,true,1,196750
7290001567555,false,פסטרמה מעודנת עם דבש 300 ג' יחיעם,מעדני יחיעם,IL,פסטרמה מעודנת עם דבש,גרמים,300.00,100 גרם,false,,22.90,0.0763,true,1,195769
7290001567708,false,נקניקיות וינר יחיעם 400 גרם,מעדני יחיעם,IL,נקניקיות וינר 400 גר,גרמים,400.00,100 גרם,false,,12.90,0.0323,true,1,191246
7290001567760,false,פסטרמה של פעם יחיעם 300 גרם,מעדני יחיעם,IL,פסטרמה של פעם 300 גר,גרמים,300.00,100 גרם,false,,25.90,0.0863,true,1,192581
7290001567807,false,"כתף בקר מעושן לח""מ 250 גרם ""יחיעם""",מעדני יחיעם,IL,כתף בקר מעושן 250 גר,גרמים,250.00,100 גרם,false,,25.90,0.1036,true,1,192624
7290001567814,false,סלמי מעושן בסגנון איטלקי 300 ג' יחיעם,מעדני יחיעם,IL,סלמי מעושן בסגנון אי,גרמים,300.00,100 גרם,false,,22.90,0.0763,true,1,192703
7290001594025,false,"קוקה קולה זכוכית 350 מ""ל",החברה המרכזית לייצור,IL,בק' קולה 350,יחידה,350.00,יחידה,false,,5.90,0.0169,true,1,93165
7290001594155,false,"קוקה-קולה בבקבוק אישי 500 מ""ל",החברה המרכזית לייצור משקאות,IL,קוקה קולה בקבוק 0.5,מיליליטרים,500.00,"100 מ""ל",false,,6.00,0.0120,false,1,93174
7290001594230,false,קינלי סודה בבקבוק זכוכית,החברה המרכזית לייצור,IL,קינלי סודה 250,יחידה,250.00,יחידה,false,,3.20,0.0128,false,1,93179
7290001594377,false,פריגת תפוזים 0.5 ליטר חייב בפקדון,מבשלות בירה בינלאומיות ב,IL,פריגת תפוזים 5 0.,יחידה,500.00,יחידה,false,,5.90,0.0118,true,1,93180
7290001594391,false,"פריגת משקה קל ענבים בבקבוק אישי 500 מ""ל",מבשלות בירה בינלאומיות ב,IL,פריגת ענבים 5 0.,יחידה,500.00,יחידה,false,,5.90,0.0118,true,1,93182
7290001594568,false,"קרלסברג פחית 500 מ""ל פקדון",מבשלות בירה בינלאומיות ב,RO,קרלסברג בירה פחית 50,מיליליטרים,500.00,"100 מ""ל",false,,9.00,0.0180,true,1,93194
7290001594575,false,"בירה טובורג רד פחית 500 מ""ל",מבשלות בירה בינלאומיות ב,IL,"טובורג פחית 500 מ""ל",מיליליטרים,500.00,"100 מ""ל",false,,8.90,0.0178,true,1,93195
7290001594810,false,"בירה שחורה מאלטי בקב' מארז 330X6מ""ל",החברה המרכזית לייצור משקאות,IL,מאלטי שישיית בקבוק 3,ליטרים,1.98,ליטר,false,,29.40,14.8485,true,1,93201
7290001594858,false,"שישייה בירה טובורג רד בקבוק 330 מ""ל",מבשלות בירה בינלאומיות ב,IL,טובורג שישייה בקבוק,ליטרים,1.98,ליטר,false,,34.90,17.6263,false,1,93204
7290001594865,false,"שישייה בירה קרלסברג בקבוק 330 מ""ל",מבשלות בירה בינלאומיות ב,IL,קרלסברג שישייה בקבוק,ליטרים,1.98,ליטר,false,,34.90,17.6263,false,1,93205
7290001598085,false,לחם משפחתי עם דגנים מקמח מלא,מאפית יוסף בראון,IL,לחם קסטן משפחתי חיטה,גרמים,1100.00,100 גרם,false,,14.50,0.0132,true,1,193414
7290001598115,false,לחם בריאות מקמח מלא 700 גר,מאפיית יוסף ברון,,לחם חיטה מלאה 100%,גרמים,700.00,100 גרם,false,,10.90,0.0156,true,1,263874
7290001598122,false,לחם מיוחד - צהוב מקמח שיפון וקמח מלא,קונדיטוריית ברון,IL,לחם מיוחד שיפון עם ח,גרמים,700.00,100 גרם,false,,10.90,0.0156,true,1,263873
7290001598191,false,לחם קל שיפון מלא מהדרין 700גר,מאפיית יוסף ברון בעמ,IL,לחם שיפון קל,גרמים,550.00,100 גרם,false,,10.90,0.0198,true,1,263889
7290001598269,false,לחם 7 דגנים קל 36 קל' ללא שמרים550 גר',מאפית יוסף בראון,IL,לחם מחמצת עם דגנים,גרמים,550.00,100 גרם,false,,10.90,0.0198,true,1,263875
7290001598276,false,"לחם 7 דגנים קל מקמח חיטה מלא ללא שמרים 1.1 ק""ג הברון",מאפיית יוסף ברון,IL,לחם קסטן מחמצת עם דג,גרמים,1100.00,100 גרם,false,,14.50,0.0132,true,1,214898
7290001598429,false,פרנה מרוקאית חמשת 4,מאפיית יוסף ברון בעמ,IL,פרנה מרוקאית 4 יח',גרמים,500.00,100 גרם,false,,9.90,0.0198,true,1,215508
7290001598528,false,לחם כוסמין 100% 450ג' הברון,מאפיית יוסף ברון בעמ,IL,"לחם כוסמין ""חמשת""",גרמים,500.00,100 גרם,false,,15.90,0.0318,true,1,263890
7290001598580,false,פיתות כוסמין 6יח 99 קלוריות,מאפיית יוסף ברון בעמ,IL,פיתות כוסמין חמישייה,גרמים,372.00,100 גרם,false,,15.90,0.0427,true,1,263887
7290001670057,false,כפיות לבן 100 יחידות,הנמל אריזות ושיווק ב,IL,כפיות חד פעמי- 100 י,יחידה,0.00,יחידה,false,,11.90,0.0000,true,1,108672
7290001670064,false,סכינים חד פעמי לבן 100 יח',בי רייט,CN,סכינים חד פעמי- 100,יחידה,0.00,יחידה,false,,10.90,0.0000,true,1,108673
7290001670071,false,כפות חד פעמי לבן 100 יח',הנמל אריזות ושיווק ב,IL,כפות חד פעמי 100 יח',יחידה,0.00,יחידה,false,,10.90,0.0000,true,1,108674
7290001670224,false,מלית פרג פוליבה 400 גרם,"פוליבה בע""מ",IL,מלית פרג 400 גר,גרמים,400.00,100 גרם,false,,11.50,0.0288,true,1,108676
7290001670354,false,"מפת שולחן סופגת לבן 137X274 ס""מ במיוחד",הנמל,IL,מפת שולחן סופגת לבן,יחידה,0.00,יחידה,false,,9.50,0.0000,true,1,108677
7290001670385,false,מפיות אירוח 33X33 סמ לבן 100 יח',הנמל,,מפיות לאירוח 100,יחידה,0.00,יחידה,false,,4.50,0.0000,true,1,218615
7290001670408,false,נרות חימום בשקית 50 יח`,לחמנו,CN,נר חימום בשקית 0,יחידה,0.00,יחידה,false,,10.90,0.0000,true,1,188228
7290001670651,false,מנגל חד פעמי קטן הנמל,יבוא ושיווק: הנמל אר,IL,מנגל חד-פעמי,יחידה,0.00,יחידה,false,,14.90,0.0000,true,1,108686
7290001670842,false,מלית חלווה פוליבה 400 ג',"פוליבה בע""מ",IL,מלית חלבה,גרמים,400.00,100 גרם,false,,10.90,0.0273,true,1,108691
7290001670859,false,מלית דובדבנים פוליבה 400 ג',קריות זול,IL,מלית דבדבנים,גרמים,400.00,100 גרם,false,,12.90,0.0323,true,1,108692
7290001670873,false,"צלחות גדולות לבנות קשיח ח""פ הנמל 66יח'",הנמל אריזות ושיווק ב,IL,"צלחות 1 ק""ג",יחידה,0.00,יחידה,false,,39.90,0.0000,false,1,108694
7290001690147,false,מון בלאן טעם טוב גבינה מותכת6% 120 גרם,שלושת האופים,IL,גבינת טעם טוב מותכת,גרמים,120.00,100 גרם,false,,11.50,0.0958,true,1,262847
7290001710159,false,גולש עגל ואקום במשקל,לאטי עזרא גלם ודגים,IL,גולש עגל קפוא ארוז מ,קילוגרמים,1.00,"ק""ג",true,,42.90,42.9000,true,1,134108
7290001710579,false,שיפודי פרגיות מעדני,,,שיפודי פרגיות מעדני,קילוגרמים,1.00,"ק""ג",true,,75.90,75.9000,true,1,263708
7290001713105,false,עלמה נייר אפייה 42*37 50 יח',קומפלקס כימיקלים,IL,נייר אפייה 50 יח',יחידה,0.00,יחידה,false,,8.50,0.0000,true,1,260534
7290001713150,false,סנט מוריץ מתז אקונומיקה Bleach קצף לימון 1 ליטר,קומפלקס כימיקלים בעמ,IL,אקונומיקה קצף ניקוי,ליטרים,1.00,ליטר,false,,9.90,9.9000,true,1,207363
7290001713167,false,סנט מוריץ - מרסס קצף ניקוי 1 ליטר סניטרי אפור,קומפלקס כימיקלים בעמ,IL,קצף לניקוי כלים סניט,ליטרים,1.00,ליטר,false,,9.90,9.9000,true,1,207364
7290001713242,false,עלמה שקיות אשפה 25 יחידות 75*90 עם ידית,אסיר פלסט,TR,שקיות אשפה עם ידיות,יחידה,0.00,יחידה,false,,11.50,0.0000,true,1,218034
7290001713464,false,עלמה שקיות אשפה 100 יחידות 52*65 עם שרוך,קומפלקס כימיקלים,IL,שקיות אשפה עלמה עם ש,יחידה,0.00,יחידה,false,,19.90,0.0000,true,1,263367
7290001713662,false,מרכך כביסה pure בניחוח מלון רויאל 1 ל' סנט מוריץ,"קומפלקס כימיקלים בע""",TR,מרכך כביסה בניחוח מל,ליטרים,1.00,ליטר,false,,10.90,10.9000,true,1,219747
7290001713860,false,PURE מרכך כביסה בניחוח מלון ספא 1 ליטר,"קומפלקס כימיקלים בע""",TR,מרכך כביסה בניחוח מל,ליטרים,1.00,ליטר,false,,10.90,10.9000,true,1,219748
7290001713884,false,עלמה מטליות מיקרופייבר שלישייה לרצפה,קומפלקס כימיקלים,CN,מטליות לריצפה מיקרופ,יחידה,0.00,יחידה,false,,13.90,0.0000,true,1,211453
7290001713891,false,עלמה מיקרופייבר חמישייה לניקוי חמישייה סנט מוריץ,קומפלקס כימיקלים,CN,מטליות מיקרופייבר חמ,יחידה,0.00,יחידה,false,,7.90,0.0000,true,1,206702
7290001713907,false,בלנקו ג'ל אקונומיקה סמיכה 4 ליטר,קומפלקס כימיקלים,IL,אקונומיקה BLANCO ג'ל,ליטרים,4.00,ליטר,false,,11.90,2.9750,true,1,212440
7290001713921,false,אקונומיקה bleach מבושמת 4 ל' סנט מוריץ,קומפלקס כימיקלים בעמ,IL,אקונומיקה מבושמת 4 ל,ליטרים,4.00,ליטר,false,,9.90,2.4750,true,1,217132
7290001720943,false,בצק פילו 500 גר,אופרה,,בצק פילו 500 גר,גרמים,500.00,100 גרם,false,,19.90,0.0398,true,1,102792
7290001723364,false,מוצץ סיל' אורט' ידית קצר-זוג-מרכז.,Nx,DE,מוצץ טוליפס,יחידה,0.00,יחידה,false,,25.90,0.0000,true,1,115662
7290001780428,false,גלידיאט שלגון מצופה נסטלה 312 גרם מארז 6 יחידות,גלידות נסטלה )נגה גלידות,IL,מאגדת שלגונים לייט ש,גרמים,312.00,100 גרם,false,,26.90,0.0862,true,1,100601
7290001791349,false,פיסגה אקונומיקה ריחנית סנו 4 ליטר,"סנו מפעלי ברונוס בע""מ",IL,אקונומיקה ריחנית פסג,ליטרים,4.00,ליטר,false,,12.90,3.2250,false,1,136570
7290001813454,false,"עוגיות חיוכים שוקולד עלית 900 גרם מארז 6 יחידות בד""צ",אפיפית נצרת תעשיות ב,IL,עוגיות חיוכים 00,גרמים,900.00,100 גרם,false,,23.90,0.0266,true,1,98848
7290001813478,false,"עוגיות חיוכים וניל עלית 900 גרם מארז 6 יחידות בד""צ",אפיפית נצרת תעשיות ב,IL,עוגיות חיוכים ונ,גרמים,900.00,100 גרם,false,,23.90,0.0266,true,1,98849
7290001817377,false,צ'יטוס חטיף איקס עיגול פיצה 60 גרם,"שטראוס פריטו ליי בע""\מ )",IL,ציטוס 60 גר,גרמים,60.00,100 גרם,false,,3.40,0.0567,true,1,99385
7290001835340,false,פרמיו לבבות 100 גרם,סאטורן,CN,פרמיו לבבות 100 גר',גרמים,100.00,100 גרם,false,,15.00,0.1500,true,1,264609
7290001835364,false,פרמיו חטיפי ברווז מובחרים,,CN,פרמיו חטיפי ברווז 10,גרמים,100.00,100 גרם,false,,15.00,0.1500,true,1,264610
7290001865439,false,פמילי אל סבון נוזלי בניחוח וניל 1 ליטר,אף.סי תבליני בגליל ב,IL,פמלי אל סבון ליטר ונ,ליטרים,1.00,ליטר,false,,11.90,11.9000,false,1,122865
7290001865453,false,פמילי לקשרי 1 ליטר לבנדר ארומטי+משאבה,מיוצר עי קונדיטוריית,TR,פמלי אל סבון ליטר לב,ליטרים,1.00,ליטר,false,,11.90,11.9000,false,1,122866
7290001881873,false,"מאמא מרי כרוב עם חמוציות 1 ק""ג",מאמא מרי,,כרוב לבן כבוש עם חמו,גרמים,750.00,100 גרם,false,,18.90,0.0252,true,1,266622
7290001901656,false,היימיש פיש הדג המיוחד 7 קציצות 600 גרם,דג טעים בעמ,IL,געפילטע פיש צנצנת,גרמים,320.00,100 גרם,false,,15.90,0.0497,true,1,190815
7290001901670,false,גפילטע פיש דיאט 4 קציצות בצנצנת הדג המיוחד 670 גרם,דג טעים בעמ,IL,גפילטעפיש 4 קציצות ל,גרמים,470.00,100 גרם,false,,19.90,0.0423,true,1,191811
7290001917527,false,פרש וואנס פדיות קוסמטיות מארז שלישיה,פרש וואנס Fresh Ones,IL,פדיות קוסמטיות **1X3,יחידה,0.00,יחידה,false,,19.90,0.0000,true,1,111783
7290001946015,false,אריסה של ביטון,תבליני ביטון מאיר,IL,אריסה של ביטון,גרמים,250.00,100 גרם,false,,11.90,0.0476,true,1,102750
7290001946046,false,עמבה ביטון,תבליני ביטון מאיר,IL,עמבה ביטון,גרמים,400.00,100 גרם,false,,11.90,0.0298,true,1,112916
7290001946077,false,אריסה חריפה 250 גרם,תבליני ביטון מאיר,IL,אריסה חריפה,יחידה,250.00,יחידה,false,,11.90,0.0476,true,1,122820
7290001946114,false,סחוג אדום 150 גר ביט,,IL,סחוג אדום 150 גר ביט,גרמים,150.00,100 גרם,false,,9.50,0.0633,true,1,147458
7290001946237,false,פלפל צ'ומה ביטון,תבליני ביטון מאיר,IL,פלפל צ'ומה ביטון,יחידה,0.00,יחידה,false,,11.90,0.0000,true,1,114084
7290001946299,false,סחוג ירוק תבליני ביט,תבליני ביטון מאיר,IL,סחוג ירוק תבליני ביט,יחידה,250.00,יחידה,false,,11.90,0.0476,true,1,125352
7290001946381,false,פפריקה מתוקה ביטון 3,,,פפריקה מתוקה ביטון 3,גרמים,300.00,100 גרם,false,,18.90,0.0630,true,1,145427
7290001946503,false,שום כתוש ביטון,תבליני ביטון מאיר,IL,שום כתוש ביטון,יחידה,0.00,יחידה,false,,11.90,0.0000,true,1,102731
7290001946725,false,לימון בלאדי ביטון,תבליני ביטון מאיר,IL,לימון בלאדי ביטון,יחידה,250.00,יחידה,false,,11.90,0.0476,true,1,124236
7290001946749,false,סחוג ירוק 150 גר ביט,,,סחוג ירוק 150 גר ביט,גרמים,150.00,100 גרם,false,,9.50,0.0633,true,1,147459
7290001973233,false,"קמיל בלו מגבונים לחים סנסיטיב ד""ר פישר 120 יחידות",פישר מעבדות פרמצבטיות,IL,קמיל בלו מגבונים,יחידה,0.00,יחידה,false,,10.00,0.0000,true,1,100155
7290001973332,false,"קמיל בלו מגבונים לפנים סנסיטיב ד""ר פישר 60 יחידות","ד""ר פישר Dr fischer",IL,מגבונים לפנים קמ,יחידה,0.00,יחידה,false,,8.90,0.0000,true,1,100158
7290001975015,false,"טובורג מלא גרין חוזר 500 מ""ל",מבשלות בירה בינלאומיות ב,IL,טובורג גרין בירה בקב,מיליליטרים,500.00,"100 מ""ל",false,,7.40,0.0148,false,1,93206
7290001990117,false,שומשום סוגת 100 גרם,האי נאם סי או אל.טי.,IL,שומשום 100 גר סו,גרמים,100.00,100 גרם,false,,4.50,0.0450,true,1,98631
7290001990148,false,"סוכר גולדן קלאסי בצנצנת סוגת 1 ק""ג",האי נאם סי או אל.טי.,IL,סוכר גולדן קלאסי,יחידה,1.00,יחידה,false,,11.90,11.9000,true,1,98632
7290001990261,false,"סוגת חומוס 1 ק""ג","סוגת תעשיות בע""\מ",IL,חומוס 1 קג סוגת,יחידה,1.00,יחידה,false,,13.90,13.9000,true,1,116420
7290001990278,false,"שעועית לבנה סוגת 1 ק""ג","סוגת תעשיות בע""\מ",IL,שעועית לבנה 1 קג,יחידה,1.00,יחידה,false,,19.90,19.9000,false,1,112321
7290001990377,false,שעועית בובס 500 גרם סוגת,סוגת תעשיות בעמ,IL,שעועית בובס 500,גרמים,500.00,100 גרם,false,,10.90,0.0218,true,1,98633
7290001990391,false,אפונה יבשה 1קג סוגת,"סוגת תעשיות בע""\מ",IL,אפונה יבשה 1 קג,יחידה,1.00,יחידה,false,,12.90,12.9000,true,1,147573
7290001990407,false,"עדשים ירוקים 1 ק""ג סוגת","סוגת תעשיות בע""\מ",IL,עדשים ירוקים 1 ק,קילוגרמים,1.00,"ק""ג",false,,13.90,13.9000,true,1,139373
7290001990421,false,"פופקורן גרעינים סוגת 1 ק""ג","סוגת תעשיות בע""\מ",IL,"פופקורן סוגת 1 ק""ג",קילוגרמים,1.00,"ק""ג",false,,9.90,9.9000,true,1,149052
7290002001782,false,קרם לכף הרגל פנגאל פלוס,אינטרקוסמא,IL,חדש-פנג'ל פלוס קרם כ,גרמים,100.00,100 גרם,false,,16.90,0.1690,true,1,103706
7290002002857,false,"מגע הדבש, ניירות להסרת שיער בשעווה, 50 יחידות","איטיליאן פוד, אס.פי.",IL,מגע המשי נייר הדבש 5,יחידה,0.00,יחידה,false,,24.90,0.0000,true,1,103714
7290002003168,false,קרם ידיים מארז שלישיית פנג'ל 3X80-גרם,אינטרקוסמא 1985 במ,IL,מארז שלישית פנג'ל קל,מיליליטרים,300.00,"100 מ""ל",false,,21.90,0.0730,true,1,107517
7290002007029,false,קוקוס טחון 100 ג' הנמל,יבוא ושיווק: הנמל אר,IL,קוקוס 100,גרמים,100.00,100 גרם,false,,3.40,0.0340,false,1,108696
7290002007234,false,אבקת סוכר הנמל 100 גרם,"מיוצר וארוז ע""י: ר.ס",IL,אבקת סוכר,גרמים,100.00,100 גרם,false,,1.90,0.0190,true,1,108715
7290002007241,false,סודה לשתיה הנמל 50 גרם,"מיוצר וארוז ע""י: BAS",IL,סודה 50 ג',גרמים,50.00,100 גרם,false,,1.70,0.0340,true,1,108716
7290002007357,false,שקיות צליה דליקטס מיקרוגל הנמל 10 יח',הנמל,IL,שקיות לצליה- 10 יח',יחידה,0.00,יחידה,false,,5.70,0.0000,true,1,108720
7290002007371,false,פירורי לחם הנמל 500 ג',הנמל אריזות ושיווק ב,IL,פרורי לחם 500,גרמים,500.00,100 גרם,false,,6.30,0.0126,true,1,108722
7290002007401,false,קליפות הדרים מסוכרות 100 ג' הנמל,הדרום תעשיות מזון בע,IL,פירות מסוכרים 100 גר,גרמים,100.00,100 גרם,false,,5.20,0.0520,true,1,108724
7290002007487,false,צמר פלדה הנמל 100 גרם,"איטיליאן פוד, אס.פי.",IL,צמר פלדה 100 גר',גרמים,100.00,גרם,false,,3.90,0.0390,true,1,136663
7290002007500,false,קיסמי שיניים הנמל במבוק 500 יחידות,הנמל אריזות ושיווק בעמ,IL,קסמים חבית 500,יחידה,0.00,יחידה,false,,3.80,0.0000,true,1,108728
7290002007746,false,"צבע מאכל כחול 55 מ""ל הנמל",הנמל אריזות ושיווק ב,IL,צבע מאכל כחול,יחידה,55.00,יחידה,false,,3.00,0.0545,true,1,108730
7290002007852,false,"תמצית אפייה בטעמים שונים 55 מ""ל הנמל",ממתקי עלה יצור ושיוו,IL,תמצית וניל,יחידה,55.00,יחידה,false,,3.20,0.0582,true,1,108732
7290002007890,false,כוסות שתייה קרה 100 יח` 200 PP מל`,אריזות מדף - פלזית,IL,כוסות 100 יח',יחידה,0.00,יחידה,false,,8.90,0.0000,false,1,108735
7290002007982,false,מזלגות חד פעמי 100 י,הנמל אריזות ושיווק ב,IL,מזלגות 100 יח',יחידה,0.00,יחידה,false,,10.90,0.0000,true,1,108740
7290002007999,false,"צלחות גדולות ח""פ הנמל 50 יח'",אריזות מדף - פלזית,IL,צלחות גדול חד פעמי-,יחידה,0.00,יחידה,false,,14.90,0.0000,true,1,108741
7290002008040,false,שיפודי במבוק הנמל 100 יחידות,"הנמל אריזות ושיווק בע""\מ",IL,שיפודים-100 יח',יחידה,0.00,יחידה,false,,2.80,0.0000,true,1,108742
7290002008057,false,"תמצית אפייה בטעם רום 55 מ""ל הנמל",ממתקי עלה יצור שיווק,IL,תמצית רום,יחידה,55.00,יחידה,false,,3.20,0.0582,true,1,108743
7290002008118,false,צמרוני עץ לאוזניים 100יח,שוורצקוף& הנקל דיסלד,CN,צמרונים עץ,יחידה,0.00,יחידה,false,,1.60,0.0000,true,1,108748
7290002008156,false,גביעי נייר מספר 5 הנמל 1 יחידה,קריות זול,IL,עטרות חום מס' 5- 130,יחידה,0.00,יחידה,false,,5.60,0.0000,true,1,108751
7290002008170,false,גביעי נייר מספר 3 הנמל 1 יחידה,הנמל,IL,עטרות חום מס' 3- 130,יחידה,0.00,יחידה,false,,4.80,0.0000,true,1,108753
7290002008187,false,קשים מתקפלים לשתיה הנמל 40 יחידות,יבוא ושיווק: הנמל אריזות,CN,קשים מתקפלים- 40 יח',יחידה,0.00,יחידה,false,,1.80,0.0000,true,1,108754
7290002008224,false,סוכריות לקישוט צבעונית הנמל 100 ג',ממתקי עלה בעמ,IL,מזרה עגול צנצ',גרמים,60.00,100 גרם,false,,5.50,0.0917,true,1,108756
7290002008309,false,עטרות נייר חום לעוגה מס' 4 הנמל 130יח',"הנמל אריזות ושיווק בע""\מ",IL,עטרות חום מס' 4- 130,יחידה,0.00,יחידה,false,,5.00,0.0000,true,1,108759
7290002008347,false,קורנפלור 500 גרם הנמל,הנמל,IL,קורנפלור 500 גר',גרמים,500.00,100 גרם,false,,5.90,0.0118,true,1,136664
7290002008354,false,מפת שולחן פלסטיק 8 יחידו,"איטיליאן פוד, אס.פי.",IL,מפות שולחן בגליל- 8,גרמים,400.00,100 גרם,false,,9.90,0.0248,true,1,108760
7290002008491,false,סוכריות לקישוט שוקולד 100 ג' הנמל,ממתקי עלה יצור שיווק,IL,מזרה שוקולד צנצנ,גרמים,100.00,100 גרם,false,,5.50,0.0550,true,1,108768
7290002008507,false,נייר אפיה הנמל 50 יחידות,הנמל אריזות ושיווק ב,IL,נייר אפיה- 50 יח',יחידה,0.00,יחידה,false,,8.90,0.0000,true,1,108769
7290002008576,false,מפיון מפיות בדיספנסר,קריות זול,,מפיון קופסא 100יח הנ,יחידה,0.00,יחידה,false,,3.70,0.0000,true,1,138320
7290002008620,false,"צבע מאכל ירוק 55 מ""ל הנמל",ממתקי עלה יצור שיווק,IL,צבע מאכל ירוק,יחידה,55.00,יחידה,false,,3.00,0.0545,true,1,108773
7290002008668,false,צמרוני כותנה ביוטי הנמל עגול 200 יחידות,הנמל,TR,צמרונים 200 יח',יחידה,0.00,יחידה,false,,3.90,0.0000,true,1,125774
7290002008743,false,סוכר וניל עשירייה הנמל 100 גרם,"מיוצר וארוז ע""י: ר.ס",IL,סוכר וניל,גרמים,100.00,100 גרם,false,,2.40,0.0240,true,1,136112
7290002008750,false,אבקת אפיה עשירייה הנמל 100 גרם,"מיוצר ע""י:ר.ס. חברה",IL,אבקת אפיה הנמל,גרמים,100.00,100 גרם,false,,2.40,0.0240,true,1,108776
7290002008774,false,שומשום הנמל 200 גרם,הנמל אריזות ושיווק ב,IL,שומשום 200,גרמים,200.00,100 גרם,false,,5.50,0.0275,true,1,108777
7290002008835,false,מגן כיריים הנמל 4 יחידות,מיוצר בסין.יבוא ושיו,CN,מגן כיריים,יחידה,0.00,יחידה,false,,4.80,0.0000,true,1,108778
7290002008989,false,קישקשים קשים לשתיה 225יח הנמל,שיווק: הנמל אריזות ושיוו,CN,קישקשים 225יח,יחידה,0.00,יחידה,false,,9.50,0.0000,true,1,108780
7290002013174,false,פסטרמה של פעם זוגלוב,זוגלובק,IL,פסטרמה של פעם זוגלוב,קילוגרמים,1.00,"ק""ג",true,,79.90,79.9000,false,1,126888
7290002019787,false,רוטב עגבניות מרוכז מאוד 260 גרם פריניר,פריניר ( הדס 1987) ב,IL,רוטב עגבניות פרי ניר,גרמים,260.00,100 גרם,false,,3.50,0.0135,false,1,99528
7290002019794,false,רוטב עגבניות מרוכז מאוד 100 גרם פריניר,פריניר ( הדס 1987) ב,IL,רוטב עגבניות 100 גר,גרמים,100.00,100 גרם,false,,1.70,0.0170,false,1,99529
7290002026341,false,צ'יפס בטטה טוגני בטטה מוקפאים,מוצרי איכות אמריקאיים,CA,צ'יפס בטטה 500 גר',גרמים,500.00,100 גרם,false,,14.90,0.0298,true,1,189000
7290002026365,false,טבעות בצל טוגני טבעות בצל מצופים,מוצרי איכות אמריקאיים,BE,טבעות בצל 500 גר',גרמים,500.00,100 גרם,false,,10.90,0.0218,true,1,189002
7290002026402,false,בראנץ אנד קראנץ בלינצס גבינה 350 גרם,מוצרי איכות אמריקאיים בע,IL,בלינצ'ס גבינה,גרמים,350.00,100 גרם,false,,14.90,0.0426,true,1,143207
7290002026440,false,פרצלס בייגלה בראנץ אנד קראנץ 280 ג',מוצרי איכות אמריקאיים בע,IL,פרצל חם מהמקפיא,גרמים,280.00,100 גרם,false,,14.90,0.0532,true,1,143212
7290002026587,false,וופל בלגי פרווה בראנץ אנד קראנץ 8 יח',בראנץ' אנד קראנץ Brunch& Crunch,BE,וופל בלגי,גרמים,280.00,100 גרם,false,,14.90,0.0532,true,1,213608
7290002026884,false,"מאגדת גלידת בן& ג'ריס צאנקי מיקס 400 מ""ל",מוצרי איכות אמריקאיים בע,IL,מאגדת צ'אנקי מיקס,גרמים,400.00,100 גרם,false,,27.90,0.0697,true,1,218449
7290002026891,false,"מאגדת גלידת בן& ג'ריס קוקי מיקס 400מ""ל",מוצרי איכות אמריקאיים בע,IL,מאגדת שלגונים קוקי מ,גרמים,400.00,100 גרם,false,,27.90,0.0697,true,1,218285
7290002040019,false,קוסקוס רגיל הנמל 350 גרם,"קוסקוס מזון בע""מ",IL,קוסקוס רגיל 350 גר ה,גרמים,350.00,100 גרם,false,,5.50,0.0157,false,1,108782
7290002040064,false,קוסקוס דק הנמל 350 גרם,קוסקוס מזון,IL,קוסקוס דק,גרמים,350.00,100 גרם,false,,5.50,0.0157,false,1,108787
7290002040071,false,קוסקוס עבה שקית 350 גרם הנמל,קוסקוס מזון,IL,קוסקוס עבה,גרמים,350.00,100 גרם,false,,5.50,0.0157,false,1,108788
7290002040088,false,קוסקוס מלא הנמל 350 גרם,קוסקוס מזון,IL,קוסקוס מלא 350 גר',גרמים,350.00,100 גרם,false,,6.00,0.0171,true,1,108789
7290002043218,false,אקסטרה צ'יפס אורז חום מלא מלח 60 גרם,נוהלס ג'\י אס סי.,BG,צ'יפס אורז חום מלא מ,גרמים,60.00,100 גרם,false,,6.90,0.1150,true,1,216019
7290002050018,false,גרעיני אבטיח 170 גר',זארובי,,גרעיני אבטיח 170 גר',גרמים,170.00,100 גרם,false,,14.90,0.0876,true,1,187022
7290002050025,false,"פרורי לחם מוזהב 1 ק""ג",זארובי,,פירורי לחם זהוב 1 קג,קילוגרמים,1.00,"ק""ג",false,,10.90,10.9000,true,1,186773
7290002050032,false,פיצוחים פרימיום בטעמים 630 ג',זארובי,,תערובת אגוזים ופיצוח,גרמים,630.00,100 גרם,false,,57.90,0.0919,true,1,265910
7290002050803,false,סוכריות גומי זארובי,זארובי,,מארז סוכריות גומי 60,גרמים,600.00,100 גרם,false,,21.90,0.0365,true,1,216347
7290002050940,false,ג'עלה פרימיום זארובי,זארובי,,ג'עלה פרימיום זארובי,גרמים,500.00,100 גרם,false,,29.90,0.0598,true,1,265766
7290002050988,false,גרנולה פרימיום זארוב,זארובי,,גרנולה פרימיום זארוב,גרמים,450.00,100 גרם,false,,17.90,0.0398,true,1,265771
7290002053118,false,אטריות ביצים עבות מספר 14 אוריינט 200 גרם,האי נאם סי או אל.טי.,PL,איטריות ביצים מס' 14,גרמים,200.00,100 גרם,false,,8.70,0.0435,true,1,109719
7290002053354,false,אטריות נודלס סיני להקפצה אוריינט 300 גרם,טאביט ספ.ז.או.או,PL,איטריות נודלס סיני,גרמים,300.00,100 גרם,false,,13.90,0.0463,true,1,109724
7290002053538,false,נודלס בסגנון תאילנדי 25 תוספת אוריינטל 500 גרם,פ.פ.ח. טאביה ספ זאו.או,PL,נודלס תאילנדי 500גר,גרמים,500.00,100 גרם,false,,10.90,0.0218,true,1,208879
7290002057031,false,זיתים מבוקעים פיקנטי קבוצת יבנה 340 גרם,קבוצת יבנה,IL,זיתים מבוקעים 340 גר,גרמים,340.00,100 גרם,false,,8.50,0.0250,true,1,103208
7290002057062,false,זיתים מנזנילו ירוק בינוני קבוצת יבנה 340 גרם,קבוצת יבנה,IL,זיתים מנזלינו בינוני,גרמים,540.00,100 גרם,false,,6.90,0.0128,true,1,139010
7290002057109,false,זיתים יבנה ירוקים גדולים מאוד שום מנזלינ,קבוצת יבנה,IL,זיתים מנזנילו גדולים,גרמים,340.00,100 גרם,false,,8.90,0.0262,true,1,112873
7290002057123,false,זיתים ירוקים מנזנילו קבוצת יבנה 560 גרם,קבוצת יבנה,IL,זיתים ירוקים נטולי ג,גרמים,275.00,100 גרם,false,,8.20,0.0298,true,1,103210
7290002057161,false,זיתים מרינט ביין גדול מאד קבוצת יבנה 340 גרם,קבוצת יבנה,IL,זית מרינד חתוך בחומץ,גרמים,275.00,100 גרם,false,,9.40,0.0342,true,1,112871
7290002057178,false,זיתים שחורים גדולים מנזלינו קבוצת יבנה 3,קבוצת יבנה,IL,זית שחור טבעי יבנה,גרמים,340.00,100 גרם,false,,9.40,0.0276,true,1,124724
7290002057185,false,טבעות זיתים ירוקים קבוצת יבנה 560 גרם,קבוצת יבנה,IL,טבעות זיתים ירוקים 2,גרמים,275.00,100 גרם,false,,8.20,0.0298,true,1,112853
7290002057352,false,מלפפונים במלח ‏9‏-‏7‏ קבוצת יבנה 320 גרם,קבוצת יבנה מוצרי מזון,IL,מלפפון במלח 7-9 320,גרמים,320.00,100 גרם,false,,6.20,0.0194,true,1,103211
7290002057369,false,מלפפונים במלח ‏12‏-‏10‏ קבוצת יבנה 320 גרם,קבוצת יבנה,IL,מלפפונים במלח 12-10,גרמים,320.00,100 גרם,false,,7.20,0.0225,true,1,103212
7290002057376,false,מלפפונים במלח ‏17‏-‏13‏ קבוצת יבנה 320 גרם,קבוצת יבנה,IL,מלפפון במלח 13-17 32,גרמים,320.00,100 גרם,false,,8.20,0.0256,false,1,103213
7290002057383,false,מלפפונים במלח ‏25‏-‏18‏ קבוצת יבנה 320 גרם,קבוצת יבנה,IL,מלפפון במלח 18-25 32,גרמים,320.00,100 גרם,false,,8.90,0.0278,true,1,103214
7290002057451,false,מלפפונים בחומץ ‏9‏-‏7 קבוצת יבנה 290 גרם,קבוצת יבנה מוצרי מזון,IL,מלפפון בחומץ 7-9 290,גרמים,290.00,100 גרם,false,,6.20,0.0214,true,1,112941
7290002057468,false,מלפפון יבנה בחומץ בינוניים 10-12 290 גרם,קבוצת יבנה,IL,מלפפון בחומץ 10-12 2,גרמים,290.00,100 גרם,false,,7.20,0.0248,true,1,112874
7290002057475,false,מלפפונים בחומץ ‏17‏-‏13 קבוצת יבנה 290 גרם,קבוצת יבנה,IL,מלפפון בחומץ 13-17 2,גרמים,290.00,100 גרם,false,,8.20,0.0283,true,1,112875
7290002057482,false,מלפפונים קטנים בחומץ קבוצת יבנה 560 גרם,קבוצת יבנה,IL,מלפפון בחומץ 18-25 2,גרמים,290.00,100 גרם,false,,8.90,0.0307,true,1,112876
7290002057604,false,פלפל חריף שיפקה קבוצת יבנה 225 גרם.,קבוצת יבנה,IL,פלפל חריף שיפקה 225,גרמים,225.00,100 גרם,false,,5.90,0.0262,true,1,103215
7290002057628,false,טבעות זיתים מושחר קבוצת יבנה 275 גרם,קבוצת יבנה,IL,זיתים טבעות מושחרים,גרמים,275.00,100 גרם,false,,9.40,0.0342,true,1,112877
7290002057703,false,חצילים במלח קבוצת יבנה 320 גרם,קבוצת יבנה,IL,חצילים במלח 320 גרם,גרמים,320.00,100 גרם,false,,6.50,0.0203,true,1,103216
7290002057734,false,זיתים חרוזית מושחר קבוצת יבנה 275 גרם,קבוצת יבנה,IL,זיתים מושחרים נטולי,גרמים,275.00,100 גרם,false,,9.40,0.0342,true,1,112831
7290002065555,false,שישיית לחמנייה הכי רכה בהפסקה אנג'ל 450 גרם,מאפיית שלמה א. אנג'\ל בע,IL,שש לחמניות אנג'ל,גרמים,450.00,100 גרם,false,,10.90,0.0242,true,1,96761
7290002065616,false,לחם שיפון גרעינים פרוס אחדות 750 גרם,מאפיית שלמה א. אנג'\ל בע,IL,לחם שיפון גרעינים,גרמים,750.00,100 גרם,false,,13.90,0.0185,true,1,121031
7290002075035,false,אובלטים מלוחים דקיקים ברט 500 גרם,שוקוטרייד בעמ,IL,אובלטים 500 גר,גרמים,500.00,100 גרם,false,,21.90,0.0438,true,1,111196
7290002075271,false,סוכריות ריקולה בשקית בטעם צמחים,(EITAN (CHOCOTRADE,CH,סוכריות ריקולה 75גר,גרמים,70.00,100 גרם,false,,12.90,0.1843,true,1,195766
7290002096009,false,דובשניות חפץ 450 גרם,חפץ,,דובשניות חפץ 450 גר,גרמים,450.00,100 גרם,false,,10.90,0.0242,true,1,111471
7290002096498,false,עוגיות דובשנית חפץ 6,חפץ אליקים,IL,"דובשניות חפץ 600 ג""ר",גרמים,600.00,100 גרם,false,,12.90,0.0215,true,1,135101
7290002107071,false,גבינת פטה עיזים מעודנת 16% משק צוריאל 200 גרם,מחלבת משק צוריאל,IL,פטה עיזים מעודנת,גרמים,200.00,100 גרם,false,,24.90,0.1245,true,1,111525
7290002107385,false,גליל גבינת עיזים מה עז משק צוריאל 180 גרם,מחלבת משק צוריאל,IL,דליקטס עז 20% 180 גר,גרמים,180.00,100 גרם,false,,23.90,0.1328,true,1,117063
7290002107491,false,גבינה לבנה מחלב עיזים למריחה 5% משק צוריאל 250 גרם,מחלבת משק צוריאל,IL,גבינת עיזים 5%,גרמים,250.00,100 גרם,false,,14.90,0.0596,false,1,111534
7290002107798,false,גבינה בולגרית מעודנת 5% משק צוריאל 250 גרם,מחלבת משק צוריאל,IL,בולגרית מעודנת 5% מש,גרמים,250.00,100 גרם,false,,22.50,0.0900,true,1,111540
7290002107965,false,טבורוג גבינה לאפייה 5% צוריאל 500 ג',מחלבת משק צוריאל,IL,טבורוג 5% 500 גר,גרמים,500.00,100 גרם,false,,25.90,0.0518,true,1,115340
7290002109488,false,קבב 100% אמיתי טיבון ויל 440 גרם,"טיבון ויל אחזקות בע""\מ",IL,קבב אמיתי 100% טיבון,גרמים,440.00,100 גרם,false,,19.90,0.0452,false,1,138475
7290002129479,false,פיצה מרגריטה איטלקית דקה שלושת האופים 320 גרם,האי נאם סי או אל.טי.,IT,פיצה איטלקית דקה שלו,גרמים,320.00,100 גרם,false,,13.90,0.0434,false,1,196821
7290002130567,false,דבש דבורים טהור פרחי בר יד מרדכי 350 גרם,מכוורת יד מרדכי שטראוס ב,IL,דבש יד מרדכי 350 גרם,גרמים,350.00,100 גרם,false,,16.90,0.0483,false,1,98868
7290002130574,false,דבש טהור מפרחי בר בזכוכית 500 ג' יד מרדכי,מכוורת יד מרדכי שטראוס ב,IL,דבש טהור 500 גר,גרמים,500.00,100 גרם,false,,27.90,0.0558,false,1,98869
7290002132011,false,עוגיות מזרחיות מלוחות עבאדי 400 גרם,מאפיית יוסף ושמחה עבאדי,IL,מזרחיות עגול,גרמים,400.00,100 גרם,false,,17.90,0.0447,false,1,97390
7290002133032,false,פתיתי קשקבל 29% גבינות השומרון 300 גרם,"מחלבת השומרון בע""מ",IL,פתיתי קשקבל 22% גבינ,גרמים,300.00,100 גרם,false,,29.90,0.0997,true,1,100119
7290002133094,false,גבינת ברינזה צאן במש,"מחלבת השומרון בע""מ",IL,ברינזה צאן,קילוגרמים,1.00,"ק""ג",true,,79.90,79.9000,false,1,100116
7290002133148,false,צפתית רכה שומרון במש,"מחלבת השומרון בע""מ",IL,צפתית שומרון טבעית/,קילוגרמים,1.00,"ק""ג",true,,55.90,55.9000,false,1,100117
7290002133162,false,גבינה בולגרית 5% גבינות השומרון 250 גרם,מחלבת השומרון,IL,בולגרית גביע 5%,גרמים,250.00,100 גרם,false,,19.90,0.0796,true,1,100123
7290002133193,false,בולגרית שומרון מעדני,מחלבת השומרון בעמ,IL,בולגרית שומרון מעדני,קילוגרמים,1.00,"ק""ג",true,,55.90,55.9000,false,1,103768
7290002133247,false,לאבנה עם שמן זית וזעתר 5% גבינות השומרון 250 גרם,מחלבת השומרון,IL,לבנה זעתר 5% - 250 ג,גרמים,250.00,100 גרם,false,,13.50,0.0540,true,1,100125
7290002133506,false,יוגורט של פעם חלב עיזים 4% גבינות השומרון 400 גרם,מחלבת השומרון,IL,יוגורט של פעם עיזים,מיליליטרים,400.00,"100 מ""ל",false,,12.50,0.0313,true,1,119045
7290002133520,false,יוגורט של פעם 3% גבינות השומרון 400 גרם,מחלבת השומרון,IL,יוגורט של פעם 3%,גרמים,400.00,100 גרם,false,,9.90,0.0248,true,1,100126
7290002133537,false,יוגורט של פעם חלב עיזים 4% גבינות השומרון 180 גרם,מחלבת השומרון,IL,יוגורט של פעם 3% עיז,גרמים,180.00,100 גרם,false,,6.60,0.0367,true,1,119333
7290002133551,false,גבינת לאבנה עם שמן זית וזעתר 5% השומרון 500 גרם,מחלבת השומרון,IL,לאבנה 5% עם שמן זית,גרמים,500.00,100 גרם,false,,19.90,0.0398,true,1,214494
7290002133575,false,יוגורט של פעם חלב כבשים 5% גבינות השומרון 400 גרם,מחלבת השומרון,IL,יוגורט של פעם כבשים,מיליליטרים,400.00,"100 מ""ל",false,,12.50,0.0313,true,1,119046
7290002133612,false,"יוגורט יווני אותנטי 8% גבינות השומרון 180 מ""ל",מחלבת השומרון,IL,יוגורט יווני אותנטי,מיליליטרים,180.00,"100 מ""ל",false,,5.90,0.0328,true,1,119335
7290002133643,false,גבינת פטה צאן 22% גבינות השומרון 200 גרם,מחלבת השומרון,IL,פטה גביע 22%,גרמים,200.00,100 גרם,false,,23.00,0.1150,true,1,100128
7290002133858,false,גבינה בולגרית צאן 18% גבינות השומרון 250 גרם,מחלבת השומרון,IL,בולגרית צאן 18%,גרמים,250.00,100 גרם,false,,22.90,0.0916,true,1,100135
7290002133889,false,גבינה בולגרית מעודנת 5% 250 גרם,מחלבת השומרון,IL,בולגרית מעודנת 5%,גרמים,250.00,100 גרם,false,,19.90,0.0796,true,1,115576
7290002133940,false,יוגורט של פעם כבשים 4% גבינות השומרון 180 גרם,מחלבת השומרון,IL,יוגורט של פעם כבשים,מיליליטרים,180.00,"100 מ""ל",false,,6.60,0.0367,true,1,95081
7290002139898,false,אנטריקוט עם עצם טרי ארוז,תנובה,IL,מארז סטיק עם עצם,קילוגרמים,1.00,"ק""ג",true,,165.90,165.9000,true,1,219307
7290002150077,false,פלאפל חמים וטעים 400,"חמים וטעים בע""מ",IL,פלאפל אמיתי 400 גר,גרמים,400.00,100 גרם,false,,15.50,0.0388,true,1,186339
7290002150718,false,קרפלך כיסוני בצק במי,"חמים וטעים בע""מ",IL,חמים וטעים-קרפלך תפו,גרמים,400.00,100 גרם,false,,15.50,0.0388,true,1,186302
7290002150732,false,קרפלך במילוי בשר 400גרם,"חמים וטעים בע""מ",IL,קרפלך בשר 400 גר,גרמים,400.00,100 גרם,false,,15.50,0.0388,true,1,150885
7290002150794,false,סיגרים במילוי בשר 40,"חמים וטעים בע""מ",IL,סיגרים בשר 400 גר,גרמים,400.00,100 גרם,false,,15.50,0.0388,true,1,150886
7290002150817,false,"סיגר תפו""א חמים וטעי","חמים וטעים בע""מ",IL,"סיגרים תפו""א 400",גרמים,400.00,100 גרם,false,,15.50,0.0388,true,1,150887
7290002150831,false,"פסטל תפו""א חמים וטעי","חמים וטעים בע""מ",IL,"פסטל תפו""א 400 גר",גרמים,400.00,100 גרם,false,,15.50,0.0388,true,1,185875
7290002150848,false,אגרול סיני חמים וטעי,"חמים וטעים בע""מ",IL,אגרול סיני 400 גר,גרמים,400.00,100 גרם,false,,15.50,0.0388,true,1,186003
7290002150862,false,קובה בורגול בשר 400 גרם,"חמים וטעים בע""מ",IL,קובה בשר מטוגן 400 ג,גרמים,400.00,100 גרם,false,,15.50,0.0388,true,1,150888
7290002157953,false,מארז נתחי טונה בהירה בשמן קנולה - 4 יחידות,דיאמנט פוד פרודקט,IL,טונה קנולה 4*140 גר,גרמים,560.00,100 גרם,false,,18.90,0.0337,false,1,194126
7290002157960,false,רביעיית טונה במים ויליגר 140 גרם,ויליגר,IL,טונה במים 4*140 גר ו,גרמים,560.00,100 גרם,false,,18.90,0.0337,false,1,194127
7290002190141,false,ריבת חלב קונדיטור 450גרם,Barhan gida sanayi v,IL,ריבת חלב 450 גר',גרמים,450.00,100 גרם,false,,14.50,0.0322,true,1,135259
7290002190516,false,"ריבת חלב גלעם-קומידה 500ג' 12X-כשל""פ",אשבל מזון פונקציונלי בע\,IL,ריבת חלב 500 גר,גרמים,500.00,100 גרם,false,,14.50,0.0290,true,1,94795
7290002195054,false,המבורגר בלדי 400 גרם ארוז,יוליניבר,IL,המבורגר בלדי 400 גר',גרמים,400.00,100 גרם,false,,11.90,0.0298,false,1,121694
7290002196495,false,רוטב ג'ינג'ר ופלפל אדום,משק דבורים לין,IL,רוטב דבש עם זנגביל,יחידה,320.00,יחידה,false,,21.90,0.0684,true,1,111591
7290002196822,false,רוטב שום לימון ושמן זית,משק דבורים לין,IL,רוטב דבש שום לימון,יחידה,320.00,יחידה,false,,21.90,0.0684,true,1,166284
7290002196884,false,"רוטב בוטנים וקארי 350 מ""ל","משק דבורים לין בע""\מ",IL,רוטב דבש עם בוטנים,יחידה,320.00,יחידה,false,,21.90,0.0684,true,1,111593
7290002211044,false,"סולת - חום רוט 1 ק""ג",,,סולת 1 קג,קילוגרמים,1.00,"ק""ג",false,,6.50,6.5000,false,1,103227
7290002211112,false,"קמח לבן 1 ק""ג כחול טחנת רוט",,IL,"קמח 1 ק""ג",קילוגרמים,1.00,"ק""ג",false,,4.40,4.4000,false,1,212860
7290002232964,false,דגש צפוי פז טחון דק 600 גרם,"תירפז בע""מ",IL,פרורי לחם ללא גלוטן,גרמים,600.00,100 גרם,false,,26.90,0.0448,true,1,203137
7290002232995,false,פירורים לציפוי פז לל,פ.פ.ח. שאביט,IL,פירורי לחם ללא גלוטן,גרמים,600.00,100 גרם,false,,26.90,0.0448,true,1,203138
7290002239185,false,אפונה מוקפאת 800 ג' פרי הגליל,"פרי הגליל בע""""מ",IL,אפונה 800 פרי גל,גרמים,800.00,100 גרם,false,,9.90,0.0124,false,1,99679
7290002239215,false,אפונה וגזר קפוא פרי גליל 800 גרם,"פרי הגליל בע""""מ",IL,אפונה וגזר 800,גרמים,800.00,100 גרם,false,,9.90,0.0124,true,1,99680
7290002239277,false,גזר גמדי קפוא פרי גליל 800ג',"פרי הגליל בע""""מ",IL,גזר גמדי פרי גלי,גרמים,800.00,100 גרם,false,,9.90,0.0124,true,1,99681
7290002239307,false,שעועית צהובה 800 ג ' פרי הגליל,"פרי הגליל בע""""מ",IL,שעועית צהובה,גרמים,800.00,100 גרם,false,,9.90,0.0124,true,1,99682
7290002239338,false,שעועית ירוקה פרי הגליל 800 גרם,"פרי הגליל בע""""מ",IL,שעועית ירוקה פרי גלי,גרמים,800.00,100 גרם,false,,9.90,0.0124,true,1,99683
7290002239369,false,שעועית ירוקה שלמה 800 גרם פרי הגליל,"פרי הגליל בע""""מ",IL,שעועית שלמה 800,גרמים,800.00,100 גרם,false,,9.90,0.0124,true,1,99684
7290002239420,false,תירס גרעינים 800 ג ' פרי הגליל,"פרי הגליל בע""""מ",IL,תירס גרעינים 800,גרמים,800.00,100 גרם,false,,9.90,0.0124,true,1,99686
7290002253006,false,שום כתוש דורות בצנצנת 200 גרם,עיצובים 2020 (3.8),IL,שום כתוש טרי 200גר ד,גרמים,200.00,100 גרם,false,,19.90,0.0995,true,1,94088
7290002253105,false,קוביות שום כתוש טרי דורות 80 גרם,עיצובים 2020 (3.8),IL,קוביות שום כתוש דורו,גרמים,80.00,100 גרם,false,,14.50,0.1813,false,1,94090
7290002253150,false,קוביות בזיליקום קצוץ דורות 70 גרם,עיצובים 2020 (3.8),IL,בזיליקום קפוא קצוץ ד,גרמים,70.00,100 גרם,false,,11.00,0.1571,true,1,94091
7290002253167,false,פטרוזיליה קצוצה דורות 70 גרם,עיצובים 2020 (3.8),IL,פטרוזליה קצוצה דורות,גרמים,70.00,100 גרם,false,,11.00,0.1571,true,1,94092
7290002253181,false,קוביות כוסברה קצוצה דורות 70 גרם,עיצובים 2020 (3.8),IL,כוסברה קצוצה דורות,גרמים,70.00,100 גרם,false,,11.00,0.1571,true,1,94094
7290002253198,false,ג'ינג'ר טרי כתוש במגשית 70 ג' דורות,עיצובים 2020 (3.8),IL,ג'ינג'ר טרי כתוש במג,גרמים,90.00,100 גרם,false,,12.00,0.1333,true,1,94095
7290002253235,false,דורות רוטב פסטו 160 גרם,עיצובים 2020 (3.8),IL,רוטב פסטו דורות,גרמים,160.00,100 גרם,false,,12.90,0.0806,true,1,186092
7290002259572,false,ספונטקס - כפפות זוג מס' 6,ספונטקס,MY,כפפות גומי,יחידה,0.00,יחידה,false,,7.50,0.0000,true,1,104810
7290002259640,false,דיימונד רדיד אלומיניום צר 30 ס''מ 7.5 מ'-,ריינולדס מוצרי צריכה,US,רדיד אלומיניום,יחידה,0.00,יחידה,false,,12.90,0.0000,true,1,104470
7290002277248,false,גבינה מון בלאן זעתר 120 גר,שלושת האופים,IL,מון בלאן עם זעתר,גרמים,120.00,100 גרם,false,,11.50,0.0958,true,1,192455
7290002278528,false,כריות ניקוי שבתכלין ביאנקו שייני 2 יחידות,מ.א ייצור ושיווק מטל,IL,כריות יפניות לשבת,יחידה,0.00,יחידה,false,,7.90,0.0000,true,1,204919
7290002281382,false,נתחי פילה סלמון קפוא דלידג,דלידג,IL,נתחי פילה סלמון קפוא,קילוגרמים,1.00,"ק""ג",true,,89.90,89.9000,false,1,204649
7290002281498,false,גבינה צהובה מגורדת על בסיס חלב 500 ג' ריץ,האי נאם סי או אל.טי.,PL,גבינת ר'יץ מגורדת 50,גרמים,500.00,100 גרם,false,,22.90,0.0458,false,1,208185
7290002291046,false,המבורגר מסעדות 480 גרם הקצביה בלדי,יוליניבר,IL,המבורגר מסעדות קצביה,גרמים,480.00,100 גרם,false,,22.90,0.0477,true,1,135488
7290002300878,false,צ'דר אנגלי,,,צ'דר אנגלי,קילוגרמים,1.00,"ק""ג",true,,125.00,125.0000,true,1,192918
7290002300885,false,צ'דר אנגלי כתום,,,צ'דר אנגלי כתום,קילוגרמים,1.00,"ק""ג",true,,110.00,110.0000,true,1,149887
7290002304203,false,קונפיטורה ביתית תות לייט 600 גר,ענבי ציון,IL,קונפיטורה תות שדה לי,גרמים,600.00,100 גרם,false,,26.90,0.0448,true,1,97754
7290002304227,false,קונפיטורה ביתית דובדבן חמוציות לייט 600,ענבי ציון,IL,קונפיטורה דובדבן חמו,גרמים,600.00,100 גרם,false,,26.90,0.0448,true,1,97755
7290002304241,false,קונפיטורה ביתית פירות יער לייט 600 גר,ענבי ציון,IL,קונפיטורה פירות יער,גרמים,600.00,100 גרם,false,,26.90,0.0448,true,1,97756
7290002304609,false,קונפיטורה ביתי ענבי ציון תות 600 גרם,ענבי ציון,IL,קונפיטורה תות שדה 60,גרמים,600.00,100 גרם,false,,19.90,0.0332,true,1,97759
7290002304616,false,קונפיטורה ביתית ענבי ציון משמש 600 גרם,ענבי ציון,IL,קונפיטורה משמש 600 ג,גרמים,600.00,100 גרם,false,,19.90,0.0332,false,1,97760
7290002304623,false,קונפיטורה ביתי ענבי ציון פירות יער 600 גר,ענבי ציון,IL,קונפיטורה פירות יער,גרמים,600.00,100 גרם,false,,19.90,0.0332,true,1,97761
7290002304630,false,קונפיטורה ביתי ענבי ציון דובדבן 600 גרם,ענבי ציון,IL,קונפיטורה דובדבן 600,גרמים,600.00,100 גרם,false,,19.90,0.0332,true,1,97762
7290002304654,false,קונפיטורה ביתי ענבי ציון שזיף 600 גרם,ענבי ציון,IL,קונפיטורה שזיף 600 ג,גרמים,600.00,100 גרם,false,,19.90,0.0332,false,1,97764
7290002304661,false,קונפיטורה ביתי ענבי ציון אוכמניות 600 גרם,ענבי ציון,IL,קונפיטורה אוכמניות 6,גרמים,600.00,100 גרם,false,,19.90,0.0332,false,1,123798
7290002323204,false,ספרינג תפוחים לייט 1.5 ל,יפאורה שותפות מובגלת לשיווק,IL,ספרינג דיאט תפוח 1.5,ליטרים,1.50,ליטר,false,,6.60,4.4000,false,1,103494
7290002327059,false,"בצק עלים 1 ק""ג שלושת האופים קהילות",שלושת האופים,IL,בצק עלים 1 קג,קילוגרמים,1.00,"ק""ג",false,,15.90,15.9000,true,1,145897
7290002327516,false,גחנון אפוי למיקרו או,אופרה,,ג'חנון אפוי 650 גר',גרמים,650.00,100 גרם,false,,15.90,0.0245,true,1,185799
7290002327608,false,קונכיות בצק אופרה,אופרה,,קונכיות בצק אופרה,גרמים,500.00,100 גרם,false,,18.90,0.0378,false,1,102795
7290002327615,false,ג'חנון 900 גר' אופרה,חסון את לוי,,ג'חנון 900 גר' אופרה,גרמים,900.00,100 גרם,false,,14.50,0.0161,true,1,102796
7290002327622,false,ג'חנון 650 גר אופרה,אופרה,,ג'חנון 650 גר אופרה,גרמים,650.00,100 גרם,false,,12.90,0.0198,false,1,102797
7290002327646,false,מלוואח אופרה 700 ג,אופרה,,מלווח אופרה,גרמים,700.00,100 גרם,false,,13.90,0.0199,false,1,102799
7290002327660,false,"בורקס תפו""א אופרה",חסון את לוי,,"בורקס תפו""א אופרה",גרמים,800.00,100 גרם,false,,14.50,0.0181,false,1,102800
7290002327677,false,בורקס גבינה אופרה,אופרה,,בורקס גבינה אופרה,גרמים,800.00,100 גרם,false,,18.90,0.0236,true,1,102801
7290002327684,false,בצק עלים 1 קג אופרה,אופרה,,בצק עלים 1 קג אופרה,קילוגרמים,1.00,"ק""ג",false,,15.90,15.9000,false,1,102802
7290002327691,false,אופרה בורקס מיני תפו,אופרה,,"מיני בורקס תפו""א",גרמים,800.00,100 גרם,false,,15.90,0.0199,false,1,102803
7290002327707,false,אופרה מיני בורקס גבי,אופרה,,מיני בורקס גבינה,גרמים,800.00,100 גרם,false,,18.90,0.0236,true,1,102804
7290002331018,false,"נביעות מים עם פקק ספורט 500מ""ל",נביעות טבע הגליל בעמ,IL,נביעות 5 0.,יחידה,500.00,יחידה,false,,2.90,0.0058,true,1,93217
7290002331025,false,"מים מינרלים נביעות ספורט 500 מ""ל פקדון",נביעות טבע הגליל בעמ,IL,נביעות 0.5 ליטר -,יחידה,500.00,יחידה,false,,2.60,0.0052,true,1,93218
7290002331094,false,"מים מינרליים GO TO נביעות 755 מ""ל",נביעות טבע הגליל בעמ,IL,נביעות 75 0.,יחידה,755.00,יחידה,false,,3.00,0.0040,true,1,93219
7290002331360,false,"נביעות מים מינרליים טו גו מארז 500X6מ""ל",נביעות טבע,IL,נביעות שישייה 0.5 ל',ליטרים,3.00,ליטר,false,,12.90,4.3000,false,1,93228
7290002331421,false,"שישיית מים מינרליים GO TO נביעות 755 מ""ל",נביעות טבע הגליל בעמ,IL,"נביעות שישיה 750 מ""ל",ליטרים,4.50,ליטר,false,,16.90,3.7556,false,1,93229
7290002331476,false,"נביעות בייבי מים מינרלים 250מ""ל",נביעות,,נביעות אישי בייבי,מיליליטרים,320.00,"100 מ""ל",false,,2.40,0.0075,true,1,147323
7290002331483,false,"שישיית נביעות אישי בייבי 320 מ""ל",נביעות טבע הגליל בעמ,IL,שישייה נביעות אישי ב,ליטרים,1.92,ליטר,false,,13.90,7.2396,true,1,145712
7290002331490,false,מים מינרליים נביעות 1 ליטר,נביעות טבע הגליל בעמ,IL,נביעות 1 ליטר,ליטרים,1.00,ליטר,false,,2.90,2.9000,false,1,147281
7290002331711,false,נביעות+מים מינרליים בטעם ענבים,נביעות טבע הגליל בעמ,IL,נביעות+ ענבים 0.5 לי,יחידה,500.00,יחידה,false,,6.00,0.0120,true,1,115062
7290002333098,false,חומוס גרגירים אורגני 500 גרם - הרדוף,אול אורגני,IL,חומוס 500 גרם,גרמים,500.00,100 גרם,false,,10.90,0.0218,true,1,195302
7290002333104,false,בורגול אורגני 500 גרם - הרדוף,אול אורגני,IL,בורגול 500 גרם,גרמים,500.00,100 גרם,false,,7.90,0.0158,true,1,104815
7290002333456,false,גריסי פנינה אורגני הרדוף 500 גרם,אול אורגני,IL,גריסי פנינה 500 גרם,גרמים,500.00,100 גרם,false,,9.50,0.0190,true,1,104820
7290002333463,false,שעועית מש אורגני הרדוף 500 גרם,אול אורגני,IL,שעועית מש אורגני 500,גרמים,500.00,100 גרם,false,,14.50,0.0290,true,1,111830
7290002333500,false,עדשים אדומות אורגני 500 גרם - הרדוף,אול אורגני,IL,עדשים אדומים 500 גרם,גרמים,500.00,100 גרם,false,,11.90,0.0238,true,1,104821
7290002333678,false,שומשום מלא אורגני הרדוף 300 גרם,אול אורגני,IL,שומשום 300גר',גרמים,500.00,100 גרם,false,,11.90,0.0238,true,1,104822
7290002333838,false,כוסמת אורגנית ירוקה 500 גרם - הרדוף,אול אורגני,IL,כוסמת 500 גרם,גרמים,500.00,100 גרם,false,,10.90,0.0218,true,1,104825
7290002333951,false,עדשים ירוקות אורגני 500 גרם - הרדוף,אול אורגני,IL,עדשים ירוקים 500גר',גרמים,500.00,100 גרם,false,,11.90,0.0238,true,1,104833
7290002333968,false,עדשים צהובות חצויות אורגני 500 גר,אול אורגני,IL,עדשים צהובות הרדוף,גרמים,500.00,100 גרם,false,,11.90,0.0238,true,1,205230
7290002333975,false,שעועית אדומה הרדוף א,,,שעועית אדומה 0.5קג',גרמים,500.00,100 גרם,false,,14.00,0.0280,true,1,185846
7290002333982,false,שעועית לבנה אורגנית 500 גר,אול אורגני,IL,שעועית לבנה 500גר',גרמים,500.00,100 גרם,false,,14.50,0.0290,true,1,104835
7290002333999,false,גרעיני חמניות קלופים אורגני הרדוף 300 גרם,אול אורגני,IL,גרעיני חמניות 300גר',גרמים,300.00,100 גרם,false,,11.90,0.0397,true,1,104836
7290002341024,false,שלישיית מטליות מיקרופייבר לרצפה,,,מטליות מיקרופייבר לר,יחידה,0.00,יחידה,false,,12.90,0.0000,true,1,208597
7290002342021,false,מטליות לשיש 5 יח',,,מטליות לשיש 5 יח',יחידה,0.00,יחידה,false,,6.90,0.0000,true,1,208671
7290002345022,false,אנטריקוט דק דק מינוט סטייק אל גאוצ'ו 250 גרם,"טיבון ויל אחזקות בע""\מ",IL,אנטריקוט דקדק 250 גר,גרמים,250.00,100 גרם,false,,15.90,0.0636,true,1,199949
7290002345060,false,גב.מאסדם הולנדי 29% משקל,סר קאשנדל בי.וי,NL,גבינת מאסדם מעדניה,קילוגרמים,1.00,"ק""ג",true,,94.90,94.9000,true,1,201787
7290002345282,false,נתחי פילה סלמון קפוא דלידג,דלי דג,IL,נתחי פילה סלמון קפוא,קילוגרמים,1.00,"ק""ג",true,,89.90,89.9000,false,1,200660
7290002348139,false,ארטישוק תחתיות 210 ג' ויליגר,האי נאם סי או אל.טי.,EG,תחתיות ארטישוק 400 ג,גרמים,400.00,100 גרם,false,,9.90,0.0248,true,1,127615
7290002348306,false,קוקטייל פירות טרופיי,,,קוקטייל פירות 850 גר,גרמים,850.00,100 גרם,false,,8.90,0.0105,true,1,109276
7290002353836,false,סרדינים רוברט בשמן זית 115 גרם,קונסרבס פורטוגל נורטה,PT,סרדין רוברטס בשמן זי,גרמים,120.00,100 גרם,false,,7.90,0.0658,true,1,109282
7290002360124,false,חליטת צמחים ורד הבר והיביסקוס פומפדור 20 יחידות,TEEKANNE- POMPADOU,DE,תה צמחים פומפדור 20,גרמים,30.00,100 גרם,false,,15.90,0.5300,true,1,96306
7290002360155,false,חליטת תה פרחי שומר פומפדור 20 שקיקים,TEEKANNE- POMPADOU,DE,תה פומפדור שומר 20 ש,גרמים,40.00,100 גרם,false,,15.90,0.3975,true,1,96308
7290002360278,false,חליטת צמחים פומפדור מנטה 20 יחידות,"איטיליאן פוד, אס.פי.",DE,תה פומפדור מינטה,גרמים,45.00,100 גרם,false,,15.90,0.3533,true,1,96312
7290002360285,false,חליטת צמחים פומפדור קמומיל 20 יחידות,TEEKANNE- POMPADOU,DE,חליטת תה קמומיל פומפ,גרמים,30.00,100 גרם,false,,15.90,0.5300,true,1,96313
7290002371526,false,דקניקים סלסולי פסטרמה שום וצילי פיקנטי טירת צבי 120 גרם,הנסיך- מפעל לייצור ט,IL,סלסולי פסטרמה שום וצ,גרמים,120.00,100 גרם,false,,15.90,0.1325,true,1,145275
7290002371533,false,דקניקים סלסולי פסטרמה דבש טירת צבי 120 גרם,הנסיך- מפעל לייצור ט,IL,סילסולי פסטרמה ודבש,יחידה,0.00,יחידה,false,,15.90,0.0000,true,1,145276
7290002371540,false,דקניקים קורנדביף ללא גלוטן טירת צבי 120 גרם,הנסיך- מפעל לייצור ט,IL,קורנדביף 120 גר',גרמים,120.00,100 גרם,false,,15.90,0.1325,true,1,145277
7290002371571,false,פסטרמה פרגיות לבאגט במשקלטירת צבי,טירת- צבי,IL,פסטרמה פרגיות טירת צ,קילוגרמים,1.00,"ק""ג",true,,84.90,84.9000,false,1,121945
7290002371939,false,סרוולד בסגנון צרפתי דליקטיב 120 גרם,הנסיך- מפעל לייצור ט,IL,סרוולד צרפתי 120 גר',גרמים,120.00,100 גרם,false,,26.90,0.2242,false,1,145278
7290002374268,false,שמן חמניות מילומור 1 ליטר,שמן תעשיות,IL,שמן חמניות מילומ,ליטרים,1.00,ליטר,false,,10.90,10.9000,false,1,110208
7290002374312,false,"שמן קנולה מילומור 1 ל' עד""ח","נארז ע""י : א.ג. גילר",IL,שמן קנולה מילומו,ליטרים,1.00,ליטר,false,,10.90,10.9000,false,1,110209
7290002374640,false,שמן בריאות קנולה פלוס אומגה 3 עץ הזית 1 ליטר,שמן תעשיות,EE,שמן קנולה פלוס אומגה,ליטרים,1.00,ליטר,false,,14.90,14.9000,false,1,150188
7290002385738,false,גבינת מנצ'גו משולשים גד,מחלבות גד,IL,גבינת מנצ'גו משולשים,קילוגרמים,1.00,"ק""ג",true,,155.90,155.9000,true,1,136266
7290002395409,false,גבינה צהובה 28% נועם,החברה המרכזית,,גבינה צהובה נעם 28%,קילוגרמים,1.00,"ק""ג",true,,44.79,44.7900,false,1,142350
7290002395416,false,גבינה צהובה נעם 9%,החברה המרכזית,,גבינה צהובה נעם 9%,קילוגרמים,1.00,"ק""ג",true,,76.90,76.9000,false,1,142490
7290002395423,false,גבינה צהובה 22% נועם,החברה המרכזית,,גבינה צהובה נעם 22%,קילוגרמים,1.00,"ק""ג",true,,42.58,42.5800,false,1,142351
7290002407034,false,"זית סורי מבוקע ג""השא",ג'השאן,IL,זית סורי מבוקע 800 ג,גרמים,800.00,100 גרם,false,,18.90,0.0236,false,1,106984
7290002407102,false,זית סנטה גדול ג'השאן 800 ג',ג'השאן,IL,זית סנטה גדול 800 גר,גרמים,800.00,100 גרם,false,,18.90,0.0236,false,1,125599
7290002407348,false,"שמן זית כתית מעולה 750 מ""ל ג'השאן",משק משפחת ג'השאן,IL,שמן זית 750 ג'השאן,מיליליטרים,750.00,"100 מ""ל",false,,29.90,0.0399,false,1,106992
7290002407454,false,שמן זית כתית מעולה ס,,,שמן זית 750 זן סורי,מיליליטרים,750.00,"100 מ""ל",false,,36.90,0.0492,false,1,132891
7290002407461,false,שמן זית כתית מעולה ג,ג'השאן,,שמן זית 750 זן נבאלי,מיליליטרים,750.00,"100 מ""ל",false,,36.90,0.0492,true,1,128839
7290002410348,false,"רוסטביף עגל ברשת קפוא ק""",מעדני הטלה,IL,רוסטביף סינטה עגל מע,קילוגרמים,1.00,"ק""ג",true,,46.90,46.9000,true,1,128084
7290002410713,false,קישקע ממולא קפוא 500גרם,לאטי עזרא גלם ודגים,IL,קישקע ממולא 500 גר',גרמים,500.00,100 גרם,false,,10.90,0.0218,true,1,117988
7290002410874,false,רבעי פרגיות ממולאות קג,לאטי עזרא גלם ודגים,IL,רבעי פרגיות ממולא (מ,קילוגרמים,1.00,"ק""ג",true,,51.90,51.9000,true,1,116428
7290002447146,false,שניצל עגל א.אדום טריארוז,תנובה,IL,מארז שניצל עגל טרי,קילוגרמים,1.00,"ק""ג",true,,95.00,95.0000,true,1,208803
7290002447214,false,מח עצם,,,מח עצם,קילוגרמים,1.00,"ק""ג",true,,37.90,37.9000,false,1,97620
7290002447405,false,בקר טחון,,,בקר טחון,קילוגרמים,1.00,"ק""ג",true,,65.00,65.0000,false,1,97622
7290002447412,false,כבד עגל טרי א.א במשקל,תנובה,IL,כבד עגל טרי לצליה בל,קילוגרמים,1.00,"ק""ג",true,,34.90,34.9000,false,1,97623
7290002447429,false,חזה ) פלטה ( טרי מוכשר,בקר תנובה,IL,חזה עגל טרי,קילוגרמים,1.00,"ק""ג",true,,49.90,49.9000,true,1,97624
7290002447436,false,כתף עגל טרי,,,כתף עגל טרי,קילוגרמים,1.00,"ק""ג",true,,75.00,75.0000,false,1,97625
7290002447443,false,צלי כתף עגל,,,צלי כתף עגל,קילוגרמים,1.00,"ק""ג",true,,89.90,89.9000,false,1,97626
7290002447450,false,פילה מדומה לקדירה,,,פילה מדומה לקדירה,קילוגרמים,1.00,"ק""ג",true,,79.90,79.9000,false,1,97627
7290002447467,false,אסאדו א.א במשקל,תנובה,IL,אסדו עגל טרי,קילוגרמים,1.00,"ק""ג",true,,55.00,55.0000,false,1,97628
7290002447474,false,צוואר עגל טרי.,,,צוואר עגל טרי.,קילוגרמים,1.00,"ק""ג",true,,74.90,74.9000,false,1,97629
7290002447481,false,צא'ך עגל טרי,אדום אדום,,צא'ך עגל טרי,קילוגרמים,1.00,"ק""ג",true,,74.90,74.9000,false,1,97630
7290002447498,false,ויסבראטן עגל טרי,אדום אדום,,ויסבראטן עגל טרי,קילוגרמים,1.00,"ק""ג",true,,74.90,74.9000,false,1,97631
7290002447511,false,זנב עגל טרי,אדום אדום,,זנב עגל טרי,קילוגרמים,1.00,"ק""ג",true,,69.90,69.9000,false,1,97633
7290002447528,false,אווזית לקדירה,אדום אדום,,אווזית לקדירה,קילוגרמים,1.00,"ק""ג",true,,74.90,74.9000,false,1,97634
7290002447542,false,אנטריקוט טרי מוכשר,בקר תנובה,IL,אנטריקוט עגל טרי,קילוגרמים,1.00,"ק""ג",true,,159.00,159.0000,false,1,97636
7290002447559,false,סינטה עגל טרי א.א במשקל,אדום אדום,IL,סינטה עגל טרי,קילוגרמים,1.00,"ק""ג",true,,129.00,129.0000,false,1,97637
7290002447566,false,אוסובוקו טרי מוכשר,בקר תנובה,IL,אוסובוקו עגל טרי,קילוגרמים,1.00,"ק""ג",true,,55.00,55.0000,false,1,97638
7290002447573,false,שייטל עגל טרי,אדום אדום,,שייטל עגל טרי,קילוגרמים,1.00,"ק""ג",true,,84.90,84.9000,false,1,97639
7290002447580,false,פילה עגל טרי א.א במשקל,אדום אדום,IL,פילה עגל טרי,קילוגרמים,1.00,"ק""ג",true,,239.00,239.0000,false,1,97640
7290002447597,false,שריר הזרוע,,,שריר הזרוע,קילוגרמים,1.00,"ק""ג",true,,75.00,75.0000,true,1,97641
7290002447887,false,צוואר עם עצם,,,צוואר עם עצם,קילוגרמים,1.00,"ק""ג",true,,49.90,49.9000,false,1,97643
7290002447894,false,סטייק עם עצם,,,סטייק עם עצם,קילוגרמים,1.00,"ק""ג",true,,120.00,120.0000,false,1,97644
7290002447979,false,בשר כף טרי,אדום אדום,,בשר כף טרי,קילוגרמים,1.00,"ק""ג",true,,74.90,74.9000,false,1,97646
7290002460060,false,קמח לבן 1קג מן,מן,,קמח לבן 1קג מן,יחידה,1.00,יחידה,false,,3.90,3.9000,false,1,103224
7290002475101,false,גפילטע פיש ללא סוכר 4 מנו,"דג טעים (משווק ע""י א",IL,גפילט פיש ללא סו.,גרמים,575.00,100 גרם,false,,17.90,0.0311,true,1,123352
7290002475125,false,גפילטעפיש קציצות 670,,,גפילטעפיש קציצות 670,גרמים,670.00,100 גרם,false,,20.90,0.0312,true,1,196716
7290002475170,false,"גפילטע פיש 6 מנות""מיטל"" צ","דג טעים (משווק ע""י א",,קציצות דגים צנצנ,גרמים,670.00,100 גרם,false,,20.90,0.0312,true,1,99881
7290002479109,false,"דבש פרחי בר עמק חפר 1 ק""ג",מכוורת עמק חפר,IL,"דבש 1 ק""ג עמק חפ",יחידה,1.00,יחידה,false,,47.90,47.9000,true,1,140562
7290002479352,false,דבש טהור מפרחי בר עמק חפר 350 גרם,מכוורת עמק חפר,IL,דבש עמק חפר טהור פרח,גרמים,350.00,100 גרם,false,,18.50,0.0529,true,1,128335
7290002479925,false,דבש מפרחי הדרים לחיץ 350 גרם,מכוורת עמק חפר,IL,דבש טהור מפרחי בר עמ,גרמים,350.00,100 גרם,false,,21.90,0.0626,true,1,128757
7290002485025,false,סלט חומוס מסעדות 500 גרם,"סלטי שמיר 2006 בע""מ",IL,חומוס מסעדות 500גר,גרמים,500.00,100 גרם,false,,13.90,0.0278,true,1,114354
7290002485049,false,סלט חומוס מסבחה 500 גרם,"סלטי שמיר 2006 בע""מ",IL,סלט חומוס מסבחה 500ג,גרמים,500.00,100 גרם,false,,13.90,0.0278,true,1,114350
7290002485063,false,סלט חומוס אבו גוש בי,"סלטי שמיר 2006 בע""מ",IL,חומוס אבו גוש 500גר,גרמים,500.00,100 גרם,false,,13.90,0.0278,true,1,114351
7290002488460,false,תמר מג'הול עסיסי 500 גר,,,תמר מג'הול סופר עסיס,גרמים,500.00,100 גרם,false,,24.90,0.0498,true,1,265227
7290002502067,false,בונג'ור חלה קלועה 560 גרם,בונז'ור,IL,חלה רגילה קלועה,יחידה,0.00,יחידה,false,,9.90,0.0000,true,1,112030
7290002507451,false,קציצות דג סלמון דלידג 750 גר',דלידג בעמ,IL,קציצות סלמון לבישול,גרמים,750.00,100 גרם,false,,31.90,0.0425,true,1,197820
7290002507604,false,פיצה שגב השף מאיטליה 350 גרם,האי נאם סי או אל.טי.,IT,פיצת השף מאיטליה 320,גרמים,320.00,100 גרם,false,,14.90,0.0466,true,1,197541
7290002511137,false,מעדניה - פטה עיזים,מחלבת המושבה,IL,פטה עיזים מושבה,קילוגרמים,1.00,"ק""ג",true,,89.90,89.9000,true,1,147659
7290002511229,false,בולגרית מעודנת 16% במשקל,"מחלבת המושבה בע""מ",IL,בולגרית מעודנת המושב,קילוגרמים,1.00,"ק""ג",true,,51.90,51.9000,true,1,147646
7290002511236,false,בולגרית מעודנת5% במשקל,"מחלבת המושבה בע""מ",IL,בולגרית מעודנת מושבה,קילוגרמים,1.00,"ק""ג",true,,51.90,51.9000,true,1,124125
7290002511281,false,גבינת ברינזה צאן18% משקל,"מחלבת המושבה בע""מ",IL,ברינזה צאן מושבה,קילוגרמים,1.00,"ק""ג",true,,99.90,99.9000,true,1,147645
7290002511427,false,אצבעות שוקולד וניל במשקל,"מחלבת המושבה בע""מ",IL,אצבעות שוקולד וניל מ,קילוגרמים,1.00,"ק""ג",true,,69.90,69.9000,true,1,147577
7290002515371,false,"קמיל בלו אל סבון לתינוקות ד""ר פישר 1 ליטר",פישר מעבדות פרמצבטיות בע,IL,קמיל בלו קלאסיק אל ס,ליטרים,1.00,ליטר,false,,26.90,26.9000,true,1,100160
7290002517108,false,אורגנו 10 גרם טעם וריח,"תבליני טעם וריח בע""מ",IL,אורגנו מיכל קטן,גרמים,10.00,100 גרם,false,,5.50,0.5500,true,1,103280
7290002517269,false,"פלפל שחור שלם 350 גרם ""טעם וריח""",תות ממתקי איכות,IL,פלפל שחור שלם מיכל ק,גרמים,35.00,100 גרם,false,,9.50,0.2714,true,1,111647
7290002517276,false,פלפל אנגלי שלם 25 גר' טעם וריח,תות ממתקי איכות,IL,מיכל קטן פלפל אנגלי,גרמים,25.00,100 גרם,false,,5.50,0.2200,true,1,103282
7290002517337,false,אורגנו עלים 20 גר' טעם וריח,"תבליני טעם וריח בע""מ",IL,עשבי תיבול שקיות,גרמים,30.00,100 גרם,false,,5.90,0.1967,true,1,103285
7290002517375,false,בזילקום עלים 30 גר' טעם וריח,"תבליני טעם וריח בע""מ",IL,בזיליקום שקית 30 גר',גרמים,30.00,100 גרם,false,,5.90,0.1967,true,1,115613
7290002517566,false,תערובת תיבול לדג- 80 גרם,תות ממתקי איכות,IL,תערובת תיבול לדג,גרמים,80.00,100 גרם,false,,9.00,0.1125,true,1,103294
7290002517603,false,תבלין בזיליקום מיכל 10ג',"תבליני טעם וריח בע""מ",IL,בזיליקום מיכל קטן,גרמים,10.00,100 גרם,false,,5.50,0.5500,true,1,111782
7290002517634,false,כוזברה 30 גר מיכל קט,תות ממתקי איכות,IL,כוזברה במיכל,גרמים,30.00,100 גרם,false,,5.50,0.1833,true,1,113052
7290002517689,false,תבלין קרי 40 גרם מיכל קטן,תות ממתקי איכות,IL,אבקת קרי במיכל,גרמים,40.00,100 גרם,false,,5.50,0.1375,true,1,103302
7290002517726,false,קינמון מקלות 15 גר' טעם וריח,"תבליני טעם וריח בע""מ",IL,מקלות קינמון במיכל,גרמים,15.00,100 גרם,false,,5.50,0.3667,true,1,112583
7290002517733,false,תבלין קצח טעם וריח 4,תות ממתקי איכות,IL,קצח מיכל קטן,גרמים,40.00,100 גרם,false,,5.50,0.1375,true,1,103305
7290002517801,false,תבלין צ'ילי כתוש - חריף (פלפל קיינה) 30 ג',"תבליני טעם וריח בע""מ",IL,צ'ילי כתוש-חריף מיכל,גרמים,30.00,100 גרם,false,,5.50,0.1833,true,1,103308
7290002517825,false,"פלפל לבן טחון 40 גרם ""טעם וריח""","תבליני טעם וריח בע""מ",IL,פלפל לבן טחון במיכל,גרמים,40.00,100 גרם,false,,9.50,0.2375,true,1,113305
7290002517849,false,תבלין שום גבישי 50 גר,תות ממתקי איכות,IL,שום גבישי מיכל קטן,גרמים,50.00,100 גרם,false,,5.50,0.1100,true,1,103310
7290002517863,false,תבלין ציפורן טחון 80ג',"תבליני טעם וריח בע""מ",IL,ציפורן טחון,גרמים,40.00,100 גרם,false,,9.50,0.2375,true,1,112185
7290002542506,false,"בקבוק בירה קורונה 355 מ""ל",קריניציה ויטמינה אס,MX,קורונה בירה בקבוק 35,מיליליטרים,355.00,"100 מ""ל",false,,10.00,0.0282,true,1,125359
7290002542780,false,"שישייה בירה סטלה ארטואה בקבוק 330X6 מ""ל","אינבב, ברוורייפליין",BE,שישיה בירה סטלה בק',מיליליטרים,1980.00,"100 מ""ל",false,,29.90,0.0151,false,1,260605
7290002542841,false,"שישייה בירה לף בלונד בקבוק 330X6 מ""ל","אינבב, ברוורייפליין",BE,שישיית בירה לף בלונד,ליטרים,1.98,ליטר,false,,44.90,22.6768,false,1,261973
7290002542865,false,"שישייה בירה הוגרדן בקבוק 330X6 מ""ל","אינבב, ברוורייפליין",BE,שישיית בירה הוגרדן,ליטרים,1.98,ליטר,false,,44.90,22.6768,false,1,261593
7290002543237,false,דגני בוקר קלוגס קורנפלקס 750 גרם,קלוגס קומפני אוף גרייט ב,GB,קורנפלקס קלוגס 750 ג,גרמים,750.00,100 גרם,false,,13.90,0.0185,false,1,96338
7290002581352,false,קרקר עם חיטה מלאה ללא סוכר 250 גר',אפיפית נצרת,IL,דגן קרקר חיטה 250 גר,גרמים,250.00,100 גרם,false,,7.50,0.0300,true,1,197596
7290002581536,false,הדר וופל נפוליטנה ללא סוכר 250 גרם,אפיפית נצרת,IL,וופל שוקולד ללא סוכר,גרמים,250.00,100 גרם,false,,8.90,0.0356,true,1,196738
7290002596523,false,סטייק אנטריקוט משובח,לאטי עזרא גלם ודגים,IL,סטייק אנטריקוט משובח,קילוגרמים,1.00,"ק""ג",true,,84.90,84.9000,true,1,134109
7290002628088,false,טחון הודו בלדי 500 גרם,בלדי,,טחון הודו בלדי,גרמים,500.00,100 גרם,false,,9.90,0.0198,true,1,134786
7290002628255,false,כרעיים עוף קפוא בלדי,בלדי,,כרעיים עוף קפוא בלדי,קילוגרמים,1.00,"ק""ג",true,,28.90,28.9000,false,1,135486
7290002628293,false,טחון עוף קפוא 500 גרם בלדי,בלדי,IL,טחון עוף בלדי 500 גר,גרמים,500.00,100 גרם,false,,9.90,0.0198,true,1,134787
7290002628453,false,פילה מדומה מס' 6 קפו,בלדי,,פילה מדומה מס' 6 קפו,קילוגרמים,1.00,"ק""ג",true,,49.90,49.9000,true,1,95389
7290002651116,false,גחנון חמסי 1 קג לא א,מאפיית אריאל,IL,ג'חנון חמסי,קילוגרמים,1.00,"ק""ג",false,,15.90,15.9000,true,1,134110
7290002651123,false,מלאווח חמסי ארוז 1 ק,מאפיית אריאל,IL,מלווח חמסי,קילוגרמים,1.00,"ק""ג",false,,15.90,15.9000,true,1,134111
7290002654612,false,סחלב - חלב ישראל 500 גרם,,,תערובת להכנת סחלב,גרמים,400.00,100 גרם,false,,17.50,0.0438,true,1,98068
7290002654667,false,תערובת להכנת עוגת וניל כהאנס 560ג',י.כהן,,תערובת לעוגת וני,גרמים,560.00,100 גרם,false,,12.90,0.0230,true,1,98069
7290002674221,false,"אקווה פרש משחת שינים משאבה מנטה 100 מ""ל",גלקסו סמית קליין,GB,אקווה פרש משאבה,גרמים,100.00,100 גרם,false,,16.90,0.1690,true,1,104478
7290002674269,false,"אקווה פרש - משחת שיניים מנטה עדין 125 מ""ל",גלקסוסמיתקליין,SK,משחת שיניים אקווה פר,גרמים,125.00,100 גרם,false,,8.90,0.0712,true,1,212473
7290002688532,false,ירך הודו זכר,,,ירך הודו זכר,קילוגרמים,1.00,"ק""ג",true,,57.90,57.9000,false,1,112323
7290002692393,false,שמן קנולה מזוכך מועשר עץ הזית 1 ליטר,שמן תעשיות בעמ,EE,שמן קנולה ויטמין E,ליטרים,1.00,ליטר,false,,14.90,14.9000,false,1,110214
7290002692478,false,"שמן זית כתית מעולה קלאסי מעודן 750 מ""ל עץ הזית","מרקאולאו, ספרד.אבסה,",IT,שמן זית כתית מעולה 7,יחידה,750.00,יחידה,false,,29.90,0.0399,false,1,110219
7290002692768,false,"תרסיס שמן קנולה מזוכך ללא תוספת גז עץ הזית 200 מ""ל",טרנסומס פוד איי בי,IT,תרסיס שמן קנולה,יחידה,200.00,יחידה,false,,14.90,0.0745,false,1,119353
7290002692775,false,"תרסיס שמן קנולה בטעם חמאה עץ הזית 200 מ""ל",קומפניה,IT,תרסיס שמן טעם חמאה,מיליליטרים,200.00,"100 מ""ל",false,,14.90,0.0745,false,1,206688
7290002692782,false,"תרסיס שמן זית כתית מעולה ללא תוספת גז עץ הזית 150 מ""ל",י.ב טכנולוגיות אריזה,IT,תרסיס שמן זית,יחידה,200.00,יחידה,false,,14.90,0.0745,false,1,119355
7290002706960,false,דג פילה ברבוניה 400 גרם דלידג,נטו מלינדה,VN,פילה ברבוניה מגש 400,גרמים,400.00,100 גרם,false,,23.90,0.0597,true,1,264813
7290002707165,false,קמח 1 קג,,,קמח 1 קג,קילוגרמים,1.00,"ק""ג",false,,4.40,4.4000,false,1,265987
7290002715504,false,ארוחת נודלס בטעם עוף מג'יק 70 גרם,טאט הוי פוד בעמ,SG,מרק מג'יק,גרמים,70.00,100 גרם,false,,5.00,0.0714,false,1,109293
7290002715511,false,ארוחת נודלס בטעם בשר מג'יק 70 גרם,טאט הוי פוד בעמ,SG,מרק מג'יק,גרמים,70.00,100 גרם,false,,5.00,0.0714,false,1,109294
7290002715528,false,ארוחת נודלס בטעם ירקות מג'יק 70 גרם,טאט הוי פוד בעמ,SG,מרק מג'יק,גרמים,70.00,100 גרם,false,,5.00,0.0714,false,1,109295
7290002715580,false,ארוחת נודלס בטעם סיני חריף מג'יק 70 גרם,טאט הוי פוד בעמ,SG,מרק מגיק,גרמים,70.00,100 גרם,false,,5.00,0.0714,false,1,109297
7290002730262,false,"נוזל לניקוי כלים קלאסי פלמוליב 750 מ""ל",יבואן ומשווק: ש. שסט,GR,פלמוליב קריסטל,מיליליטרים,750.00,"100 מ""ל",false,,9.90,0.0132,false,1,96345
7290002730675,false,"קולגייט משחת שיניים אדומה משפחתי 100 מ""ל",קולגייט-פלמוליב,PL,משחת שיניים קולגייט,מיליליטרים,100.00,"100 מ""ל",false,,10.90,0.1090,false,1,96353
7290002730811,false,"משחת שיניים ג'ל פסים מרעננים קולגייט 100 מ""ל",הנסיך- מפעל לייצור ט,PL,משחת שיניים קולגייט,מיליליטרים,100.00,"100 מ""ל",false,,11.90,0.1190,false,1,96355
7290002730903,false,פלמוליב סבון מוצק ורדים רביעייה * 125 ג',הנסיך- מפעל לייצור ט,TR,סבון פלמוליב מוצ,גרמים,500.00,100 גרם,false,,17.00,0.0340,true,1,96357
7290002730941,false,כדורי צמר גפן בלונס 100 יחידות,הנסיך- מפעל לייצור ט,GR,בלונס צמר גפן,גרמים,100.00,100 גרם,false,,5.90,0.0590,true,1,96360
7290002735007,false,"בצק עלים מרודד ינון 1 ק""ג",קפוא-זן,,בצק עלים ינון,יחידה,1.00,יחידה,false,,14.90,14.9000,true,1,121393
7290002735014,false,מלוואח ארוז ינון 800 גר',ג'נרל מילס סאן אדריא,IL,מלווח ינון,גרמים,800.00,100 גרם,false,,14.90,0.0186,true,1,93041
7290002735021,false,ג'חנון קפוא ינון 750 גרם,ג'נרל מילס סאן אדריא,IL,ג'חנון ינון,גרמים,750.00,100 גרם,false,,14.90,0.0199,true,1,93042
7290002735274,false,ג'חנון אפוי ינון 600 גרם,ג'נרל מילס סאן אדריא,IL,ג'חנון יינון אפוי 60,גרמים,600.00,100 גרם,false,,17.90,0.0298,true,1,93043
7290002735915,false,בורקס מיני גבינה ינון 800 גרם,,,מיני בורקס גבינה יינ,גרמים,800.00,100 גרם,false,,19.90,0.0249,true,1,194731
7290002750963,false,באגט רוסטיק פילסברי,פילסברי,,באגט רוסטיק,יחידה,0.00,יחידה,false,,8.90,0.0000,true,1,208439
7290002752332,false,"סוכריות מנטוס פירות בגליל, 37.5 גרם",הדקלאים אגודת שיתופי,NL,מנטוס פירות,גרמים,37.50,100 גרם,false,,2.90,0.0773,true,1,102148
7290002752349,false,סוכריות מנטוס מנטה 40יח' בגליל 38ג',פרפטי ואן מלה,NL,מנטוס מנטה,גרמים,37.50,100 גרם,false,,2.90,0.0773,true,1,102149
7290002752493,false,רביעיה סוכריות מנטה 4* 16 ג' טיק טק,פררו - אלבה,ZA,טיק טק רביעיה,גרמים,64.00,100 גרם,false,,9.90,0.1547,true,1,102150
7290002753223,false,רביעייה סוכריות תפוז 4*16 ג' טיק טק,פררו - אלבה,ZA,טיק טק רביעיה,גרמים,64.00,100 גרם,false,,9.90,0.1547,true,1,102152
7290002753995,false,סוכריות עדשים לקישוט עוגה וורנר 6*25 גרם,היינץ צפון אמריקה מק,DE,קישוטי שוקולד,גרמים,150.00,100 גרם,false,,15.90,0.1060,true,1,102156
7290002757511,false,דלידג קציצות דג לבישול 750 גר קהילות,האי נאם סי או אל.טי.,IL,קציצות דג לבישול,גרמים,750.00,100 גרם,false,,31.90,0.0425,true,1,121640
7290002768043,false,"תיאדנט מי-פה ענק פלאוריד 150 מ""ל",אמיליה קוסמטיקס בע'\'\מ,IL,מי פה ענק+פלואור,מיליליטרים,150.00,"100 מ""ל",false,,17.90,0.1193,true,1,107892
7290002768074,false,אל סבון נוזלי רגיל דרמפון 1 ליטר,"אמיליה קוסמטיקס בע""מ",IL,דרמפון,ליטרים,1.00,ליטר,false,,15.90,15.9000,true,1,107893
7290002768159,false,"קצף אמבט בת אורן קרליין 500 מ""ל",פארק תעשיות עמק חפרמ,IL,בת אורן,מיליליטרים,500.00,"100 מ""ל",false,,15.90,0.0318,true,1,107894
7290002771104,false,קפה עם הל אל נחלה 500 גרם,מולינו ניקולי s.p.a,IL,קפה שחור אלנחלה 500,גרמים,500.00,100 גרם,false,,29.90,0.0598,false,1,125540
7290002771128,false,קפה אלנח'לה בלי הל 250 ג',מולינו ניקולי s.p.a,IL,קפה שחור אלנחלה 250,גרמים,250.00,100 גרם,false,,14.90,0.0596,true,1,94688
7290002793311,false,שירות והחלפה מילוי גז 60 סודהסטרים,סודה סטרים,IL,מילוי גז לבלון 60ליט,יחידה,0.00,יחידה,false,,56.90,0.0000,false,1,138454
7290002805151,false,סיף פנטסטיק לרצפות בניחוח סחלבים 4ל',יוניליוור ישראל טיפו,IL,שמפו לרצפות 4 לי,ליטרים,4.00,ליטר,false,,19.90,4.9750,false,1,101545
7290002808398,false,חומץתפוחי עץ טבעי 47,אולד דאץ,US,חומץ תפוחים 5%,יחידה,473.00,יחידה,false,,8.90,0.0188,true,1,117277
7290002808527,false,חומץ תפוחים 5% טבעי,אולד דטש,US,חומץ תפוחים,ליטרים,1.00,ליטר,false,,13.90,13.9000,true,1,119862
7290002814016,false,"מסיר שומנים מתז 750 מ""ל סנט מוריץ כשל""פ עד""ח","קומפלקס כימיקלים בע""",IL,מסיר שומנים,מיליליטרים,750.00,"100 מ""ל",false,,14.90,0.0199,false,1,111395
7290002814054,false,סנט מוריץ מתז אנטרטיק מתז 1 ליטר,קומפלקס כימיקלים בעמ,IL,אנטרטיק במתז 1 ליטר,ליטרים,1.00,ליטר,false,,9.90,9.9000,true,1,207365
7290002814078,false,סנט מוריץ נוזל לניקוי אמבט אנטרטיק 1ל',"קומפלקס כימיקלים בע""",IL,אנטרטיק אסלות,ליטרים,1.00,ליטר,false,,7.90,7.9000,true,1,111397
7290002814290,false,קצף מרוכז 1 ליטר בלנקו בניחוח לימון משמיד 99.9%,קומפלקס כימיקלים בעמ,IL,קצף מרוכז אקונומיקה,ליטרים,1.00,ליטר,false,,9.90,9.9000,true,1,261745
7290002814528,false,נוזל לניקוי האסלה סנט מוריץ 1 ליטר,קומפלקס כימיקלים בעמ,IL,סנט מוריץ לאסלה,ליטרים,1.00,ליטר,false,,7.00,7.0000,true,1,111404
7290002814542,false,סנט מוריץ שקיות אשפה 75*90 -25 יח',קומפלקס כימיקלים בעמ,CN,אשפתון סנט מוריץ 90*,יחידה,0.00,יחידה,false,,9.90,0.0000,true,1,211323
7290002814580,false,טורנדו גרגירים לפתיחת סתימות 200 גרם,"קומפלקס כימיקלים בע""",IL,טורנדו גרגירים לפתיח,גרמים,200.00,100 גרם,false,,12.90,0.0645,true,1,198174
7290002814597,false,סנט מוריץ טורנדו נוזל לפתיחת סתימות 1 לי,קומפלקס כימיקלים,IL,טורנדו נוזל לפתיחת ס,ליטרים,1.00,ליטר,false,,13.90,13.9000,true,1,195453
7290002814603,false,"סנט מוריץ - מרסס מסיר שומנים קר מבושם לימון 750 מ""ל",קומפלקס כימיקלים בעמ,IL,מסיר שומנים מבושם 75,מיליליטרים,750.00,"100 מ""ל",false,,11.90,0.0159,false,1,199720
7290002814665,false,סנט מוריץ - מרסס מסיר עובש 1 ליטר,קומפלקס כימיקלים,IL,מסיר עובש 1 ליטר סנט,ליטרים,1.00,ליטר,false,,9.90,9.9000,true,1,219405
7290002814870,false,"סנט מוריץ - מרסס מסיר שומנים קר מבושם לוונדר\פרחים 750 מ""ל",קומפלקס כימיקלים בעמ,IL,מסיר שומנים בניחוח פ,מיליליטרים,750.00,"100 מ""ל",false,,11.90,0.0159,true,1,205708
7290002814887,false,מטליות רצפה לניקוי ובישום סנטמוריץ,קומפלקס כימיקלים,CN,מטליות לחות לניקוי ר,יחידה,0.00,יחידה,false,,9.90,0.0000,true,1,209886
7290002814894,false,אקונומיקה קצף ניקוי 1לוונדר ליטר- סנט מוריץ,קומפלקס כימיקלים,IL,אקונומיקה קצף ניקוי,ליטרים,1.00,ליטר,false,,9.90,9.9000,true,1,213933
7290002814917,false,סנט מוריץ שמפו רצפות בניחוח לבנדר 4 ליטר,קומפלקס כימיקלים,IL,נוזל לניקוי רצפות 4,ליטרים,4.00,ליטר,false,,13.90,3.4750,true,1,149108
7290002814948,false,סנט מוריץ מגבוני דלי לרצפה 50 יחידות עם חור,קומפלקס כימיקלים,IL,מגבונים לריצפה 50 יח,יחידה,0.00,יחידה,false,,29.90,0.0000,true,1,265727
7290002814986,false,סנט מוריץ מגבונים לניקוי כללי בדלי 400 יחידות בריח לימון,קומפלקס כימיקלים,IL,מגבונים לניקוי כללי,יחידה,0.00,יחידה,false,,21.90,0.0000,true,1,265324
7290002824183,false,"גבינה לבנה סקי 500 גרם 5% ""שטראוס"" -מוצר בפיקוח",מיוצר עי קונדיטוריית,IL,גבינת סקי 5% 500 גרם,גרמים,500.00,100 גרם,false,,9.96,0.0199,false,1,95531
7290002824466,false,יוגורט דנונה ביו לבן 0% שומן 200 גרם,"שטראוס בריאות בע""\מ",IL,דנונה טבעי 0%,מיליליטרים,200.00,"100 מ""ל",false,,3.70,0.0185,true,1,95532
7290002824640,false,"גבינת סקי 250 גרם 5% ""שטראוס"" -מוצר בפיקוח",מיוצר עי קונדיטוריית,IL,גבינה סקי 5%,גרמים,250.00,100 גרם,false,,4.98,0.0199,false,1,95534
7290002830184,false,פילה דג לברק יפני,תנובה,IL,פילה לברק 7-9,קילוגרמים,1.00,"ק""ג",true,,51.90,51.9000,true,1,142792
7290002830948,false,גבינת עיזים מותכת 30% מון בלאן 120 גרם,סלס קרית מלאכי ישראל,IL,מון בלאן עיזים 30% -,גרמים,120.00,100 גרם,false,,11.90,0.0992,true,1,127322
7290002842002,false,פתיתי שיבולת שועל קוואקר אנגלי מורנפלייק,מורנינג פוד,GB,קוואקר אנגלי 500 גרם,גרמים,500.00,100 גרם,false,,11.50,0.0230,true,1,111213
7290002842293,false,סרדין מינרבה חריף 120 גרם,יו.אס.איי וליו קו,,סרדינים בשמן חמניות,גרמים,120.00,100 גרם,false,,6.20,0.0517,true,1,111217
7290002842309,false,סרדין מינרבה בשמן 120 גרם,יו.אס.איי וליו קו,,סרדינים מינרבה בשמן,גרמים,82.00,100 גרם,false,,6.20,0.0756,true,1,111218
7290002842415,false,פילה אנשובי אמיתי 50 גרם,יו.אס.איי וליו קו,,פילה אנשובי,גרמים,56.00,100 גרם,false,,6.50,0.1161,true,1,111219
7290002842569,false,משקה חמוציות 1.89 ל',קליפסטאר,US,משקה קל חמוציות,ליטרים,1.89,ליטר,false,,21.00,11.1111,true,1,125275
7290002868996,false,"קוטג' 5% שומן, רכיבים טבעיים, 250 גרם",קריות זול,IL,קוט'ג ביו 5% טרה,גרמים,250.00,100 גרם,false,,5.90,0.0236,false,1,93243
7290002871248,false,"בירה טובורג רד בקבוק 500 מ""ל חוזר",מבשלות בירה בינלאומיות ב,IL,טובורג בירה בקבוק 50,מיליליטרים,500.00,"100 מ""ל",false,,7.60,0.0152,false,1,93244
7290002871361,false,"בירה קרלסברג בקבוק 500 מ""ל חוזר",מבשלות בירה בינלאומיות ב,IL,קרלסברג בירה בקבוק 5,מיליליטרים,500.00,"100 מ""ל",false,,7.60,0.0152,false,1,93245
7290002879237,false,טורטילה צ'יפס ברביקיו 200 פלוטקין,דדוש דניאל,,טורטילה ברביקיו/צ'יל,יחידה,0.00,יחידה,false,,9.90,0.0000,true,1,202900
7290002879282,false,טורטיה צ'יפס רגיל 200 פלוטקין,אן. וי סנק פוד,BE,סומבררו תירס טבעי 20,גרמים,200.00,100 גרם,false,,9.90,0.0495,true,1,138512
7290002879299,false,מלפפון מוחמצים בטעם חמוץ מתוק,דדוש דניאל,PL,מלפפונים כבושים,גרמים,860.00,100 גרם,false,,18.90,0.0220,true,1,114561
7290002879305,false,מלפפונים קטנים בחומץ,דדוש דניאל,PL,מלפפונים קטנים ב,גרמים,680.00,100 גרם,false,,19.90,0.0293,true,1,114562
7290002879411,false,מלפפונים פרוסים גריי,פרנצוסקה,PL,סלט מלפפונים חמוץ-מת,גרמים,370.00,100 גרם,false,,13.90,0.0376,true,1,151778
7290002881209,false,רסק תפוחי עץ דיאט 700 ג' תומר,KONSERVENFABRIEK BALTUSSEN,NL,"רסק תפו""ע 720 גר'",גרמים,720.00,100 גרם,false,,10.90,0.0151,true,1,147914
7290002881216,false,רסק תפוחי עץ לא ממותק תומר 700 גרם,KONSERVENFABRIEK BALTUSSEN,NL,"רסק תפו""ע דיאט 720 ג",גרמים,720.00,100 גרם,false,,10.90,0.0151,true,1,147915
7290002881254,false,קוקטייל פירות טרופיים בסירופ קל תומר 825 גרם,סאנרייז אגריקלטור,TH,קוקטייל פירות בסירופ,גרמים,460.00,100 גרם,false,,9.50,0.0207,true,1,266492
7290002881261,false,"ליצ'י שלם 565 גרם ""תומר""",גיבונג אינדסקיאלס,CN,ליצ'י שלם בסירופ קל,גרמים,230.00,100 גרם,false,,9.40,0.0409,true,1,265508
7290002881278,false,לפתן אפרסק חצאים תומ,Elbak s.a - greek ca,,אפרסק חצאים תומר,גרמים,470.00,100 גרם,false,,9.90,0.0211,true,1,265506
7290002881407,false,נודלס אטריות ביצים דק תומר 400ג',קריות זול,CN,תומר-אטריות ביצים דק,גרמים,400.00,100 גרם,false,,5.90,0.0148,true,1,151284
7290002881414,false,תומר-אטריות ביציםעבו,אופאל,CN,תומר-אטריות ביציםעבו,גרמים,400.00,100 גרם,false,,6.50,0.0163,true,1,157607
7290002881506,false,חמאת בוטנים תומר 510 ג',Niza s a,,חמאת בוטנים 510 גר',גרמים,510.00,100 גרם,false,,9.90,0.0194,true,1,190272
7290002881513,false,חמאת בוטנים עם שברי בוטנים 510 ג' תומר,Niza s a,,חמאת בוטנים עם שברי,גרמים,510.00,100 גרם,false,,9.90,0.0194,true,1,190267
7290002881735,false,לבבות דקל שלם 410 גר תומר,אינקופלמיטו אס.אי,EC,לבבות דקל שלם 410 גר,גרמים,410.00,100 גרם,false,,10.90,0.0266,true,1,212105
7290002881865,false,פטריות שמפיניון חתוכות 400 ג' תומר,Prochamp B.V,NL,פטריות חתוכות תומר,גרמים,230.00,100 גרם,false,,4.90,0.0213,true,1,265789
7290002881940,false,סרדינים מרוקאי בשמן חמניות 125ג' תומר,Union des pecheries,,סרדינים בשמן חמניות,גרמים,125.00,100 גרם,false,,3.90,0.0312,true,1,208264
7290002881957,false,סרדינים מרוקאי חריף בשמן חמניות 125ג' תומר,Union des pecheries,,סרדינים בשמן חמניות,גרמים,90.00,100 גרם,false,,3.90,0.0433,true,1,207341
7290002900092,false,סטייק בורגר טירת צבי,הנסיך- מפעל לייצור ט,IL,סטייק בורגר 100% בקר,גרמים,400.00,100 גרם,false,,22.90,0.0572,false,1,97790
7290002900207,false,המבורגר אמיתי 100% 400 גרם-תנובה,הנסיך- מפעל לייצור ט,IL,המבורגר אמיתי 100% ב,גרמים,400.00,100 גרם,false,,22.90,0.0572,false,1,97795
7290002900313,false,פסטרמה ספרדיתטירת צבי,טירת- צבי,IL,פסטרמה ספרדית טירת צ,קילוגרמים,1.00,"ק""ג",true,,84.90,84.9000,false,1,97649
7290002900566,false,פסטרמה ברביקיו דל שומן טירת צבי 400 גרם,הנסיך- מפעל לייצור ט,IL,פסטרמה ברביקיו טירת,גרמים,360.00,100 גרם,false,,31.90,0.0886,true,1,97807
7290002904694,false,"טיטניום דאודורנט ספריי לגברים 150 מ""ל","אמיליה קוסמטיקס בע""מ",IL,דאוד' טטניום,מיליליטרים,150.00,"100 מ""ל",false,,15.90,0.1060,true,1,107896
7290002909804,false,פילה בקלה (מרלוזה ) ללא עור ארגנטיני,אל מאריסקו,AR,פילה בקלה ללא עור,קילוגרמים,1.00,"ק""ג",true,,31.90,31.9000,true,1,194241
7290002909972,false,שעועית ירוקה שלמה בלדי 800 גרם,פספרוסט,BE,שעועית ירוקה שלמה 80,גרמים,800.00,100 גרם,false,,9.90,0.0124,true,1,199256
7290002909989,false,"שעועית ירוקה חתוכה 800 גר' בד""ץ (ממותג)",,,שעועית ירוקה חתוכה 8,גרמים,800.00,100 גרם,false,,9.90,0.0124,true,1,199257
7290002911043,false,צנצנת דבש החורש 1000,,,"דבש חורש 1 ק""ג",קילוגרמים,1.00,"ק""ג",false,,41.90,41.9000,true,1,102497
7290002921226,false,"חלב לניקוי רהיטי עור יעקבי 250 מ""ל",יעקובי,CH,הזלין קרם בק',יחידה,250.00,יחידה,false,,29.90,0.1196,true,1,103336
7290002921240,false,"קרבונה שמפוזר לניקוי שטיחים וריפוד יעקבי 650 מ""ל",קרבונה Carbona,MX,שמפוזר,מיליליטרים,650.00,"100 מ""ל",false,,28.90,0.0445,true,1,103338
7290002921332,false,סבון פלא אסטוניש מסיר כתמים 75גר,יעקובי אסטוניש,GB,סבון אסטוניש,גרמים,75.00,100 גרם,false,,15.90,0.2120,true,1,103339
7290002921349,false,לוקטייט סופר גלו 3 - זוגי,יעקובי סופר גלו,TR,סופר גלו,יחידה,0.00,יחידה,false,,13.90,0.0000,true,1,103340
7290002922117,false,מקלות קינמון וסוכר חום,"אקלר בע""מ",IL,עוגיות בראוניס אקלר,גרמים,400.00,100 גרם,false,,23.90,0.0597,true,1,109773
7290002929536,false,שלושת האופים קובה למ,האי נאם סי או אל.טי.,IL,קובה למרק 600 גר,גרמים,600.00,גרם,false,,12.90,0.0215,true,1,186510
7290002929642,false,רביעיית טונה בשמן ויליגר 140 גרם,דיאמנט פוד פרודקט קו,TH,טונה ויליגר בשמן 4*1,גרמים,560.00,100 גרם,false,,18.90,0.0337,false,1,149511
7290002973218,false,מחלבנה פטה יווני 400ג,סולי מאזו,HU,פטה יווני מחלבנה 400,גרמים,400.00,100 גרם,false,,18.00,0.0450,true,1,119473
7290002987963,false,"סלט חומוס אחלה 1 ק""ג",מיוצר עי קונדיטוריית,IL,"חומוס אחלה 1 ק""ג",גרמים,1.00,גרם,false,,13.90,13.9000,false,1,95539
7290002996415,false,לשון בקר מוכשר,,,לשון בקר מוכשר,קילוגרמים,1.00,"ק""ג",true,,31.90,31.9000,true,1,266662
7290003009183,false,"סירופ דיאט תפוחים פריגת 750 מ""ל",סירופ - גבעת חיים,IL,סירופ דיאט תפוחים 75,יחידה,750.00,יחידה,false,,22.90,0.0305,true,1,93258
7290003009312,false,בוטן קלוי קליית גת 200 גרם,הדקלאים אגודת שיתופי,IL,בוטן קלוי 200 גר,גרמים,200.00,100 גרם,false,,6.90,0.0345,true,1,102157
7290003009596,false,"סירופ דיאט אשכוליות פריגת 750 מ""ל",סירופ - גבעת חיים,IL,סירופ דיאט אשכוליות,יחידה,750.00,יחידה,false,,22.90,0.0305,false,1,93268
7290003009640,false,מיץ תפוזים סחוט רכיבים טבעיים פריגת 1 ליטר,פריגת מצוננים,IL,פריגת סחוט תפוז 1 לי,ליטרים,1.00,ליטר,false,,16.00,16.0000,false,1,93273
7290003015627,false,"נוזל רצפות אפרסק 2 ליטר ""ריצפז פרש""","סנו מפעלי ברונוס בע""",IL,ריצפז פרש אפרסק 2ל',ליטרים,2.00,ליטר,false,,17.90,8.9500,false,1,108355
7290003015641,false,"נוזל רצפות יסמין 2 ליטר ""ריצפז פרש""",קריות זול,IL,ריצפז פרש יסמין 2 לי,ליטרים,2.00,ליטר,false,,17.90,8.9500,false,1,108357
7290003026036,false,"ד""ר פישר - קמיל בלו סנסיטיב אל סבון עדין לתינוק 1 ליטר",פישר מעבדות פרמצבטיות בע,IL,קמיל בלו סנסיטיב ורו,ליטרים,1.00,ליטר,false,,29.90,29.9000,true,1,100165
7290003026197,false,"קמיל בלו סנסטיב שמן טיפולי ד""ר פישר 500 מ""ל",פישר מעבדות פרמצבטיות בע,IL,קמיל פלוס שמן,גרמים,520.00,100 גרם,false,,24.90,0.0479,true,1,100166
7290003026227,false,"קמיל בלו שמפו לתינוק סנסיטיב אל דמע ד""ר פישר 1 ליטר",פישר מעבדות פרמצבטיות בע,IL,קמיל בלו שמפו סנסיטי,ליטרים,1.00,ליטר,false,,29.90,29.9000,true,1,100167
7290003029181,false,משקה יטבתה שוקו' בקבוק 1ל מהדרין,שטראוס גרופ,IL,שוקו 2% - 1 ליטר,ליטרים,1.00,ליטר,false,,12.50,12.5000,false,1,95545
7290003029372,false,משקה חלב בטעם בננה יטבתה 1 ליטר,שטראוס גרופ,IL,משקה חלב בננה 2% - 1,ליטרים,1.00,ליטר,false,,12.50,12.5000,false,1,95550
7290003029389,false,"משקה חלב בננה פקק ספורט 250 מ""ל יוטבתה",שטראוס גרופ,IL,משקה חלב בננה 2%,מיליליטרים,250.00,"100 מ""ל",false,,5.20,0.0208,true,1,95551
7290003029433,false,"משקה יטבתה שוקו פקק 250 מ""ל מהדרין",שטראוס גרופ,IL,שוקו יטבתה בקבוק 2%,מיליליטרים,250.00,"100 מ""ל",false,,5.20,0.0208,true,1,95555
7290003029532,false,מוקה בבקבוק יטבתה 1 ליטר מהדרין,שטראוס גרופ,IL,מוקה יטבתה 2% - 1 לי,ליטרים,1.00,ליטר,false,,12.50,12.5000,false,1,95558
7290003029792,false,"משקה יטבתה שוקו שקיות מהדרין מארז 225X8מ""ל",שטראוס גרופ,IL,שוקו מארז שמינייה 2%,ליטרים,1.80,ליטר,false,,21.00,11.6667,false,1,95566
7290003029815,false,כד חלב 3% יטבתה 2 ליטר מהדרין,שטראוס גרופ,IL,חלב יטבתה 3% - 2 ליט,ליטרים,2.00,ליטר,false,,15.90,7.9500,false,1,95568
7290003029907,false,אייס קפה יטבתה 1 ליטר מהדרין,שטראוס גרופ,IL,קפה יטבתה 2% 1 ליטר,ליטרים,1.00,ליטר,false,,12.50,12.5000,false,1,95573
7290003054060,false,אבקת חרדל קולמנס אנגלי 113 גרם,,,אבקת חרדל קולמנס,גרמים,113.00,100 גרם,false,,24.90,0.2204,true,1,106996
7290003054183,false,מסטמכר לחם שיפון מלא 500ג,מרום את קונפינו,DE,לחם שיפון מלא,גרמים,500.00,100 גרם,false,,12.90,0.0258,true,1,111235
7290003054213,false,מסטמכר לחם שיפון כפרי 500ג,מסטמכר גוטרסלאו,DE,לחם שיפון,גרמים,500.00,100 גרם,false,,12.90,0.0258,true,1,111238
7290003054220,false,מסטמכר לחם שיפון פומפרניקל 500ג,מסטמאכר ג'.אמ.בי.הי,DE,לחם שיפון פומפרנ,גרמים,500.00,100 גרם,false,,12.90,0.0258,true,1,111239
7290003054657,false,חרדל ריין דיז'ון אקסטרה פורטה 370 גרם,ריין דיז'ון reine dijon,FR,חרדל דיזו'ן 350 גרם,גרמים,350.00,100 גרם,false,,10.90,0.0311,true,1,111242
7290003054725,false,חרדל אנגלי קולמנס 100 גרם,,,חרדל אנגלי,גרמים,100.00,100 גרם,false,,12.50,0.1250,true,1,111246
7290003069156,false,פילה סלמון וי קפוא,דלידג,,פילה סלמון קפוא,קילוגרמים,1.00,"ק""ג",true,,79.90,79.9000,true,1,203237
7290003069583,false,סטייק סלמון פרוס נורווגי,דלידג - נטו,XX,סטייק סלמון נורווגי,קילוגרמים,1.00,"ק""ג",true,,69.90,69.9000,true,1,135311
7290003069590,false,"פילה פוטית עם עור קפוא דלידג 1 ק""ג",דאליאן גואופו אקאטיק,CN,סול ארוז,יחידה,1.00,יחידה,false,,37.90,37.9000,true,1,130217
7290003072804,false,פסטרמה של פעם טירת צבי 200 גרם,טיב טירת צבי 2000,IL,פסטרמה של פעם 200 גר,גרמים,200.00,100 גרם,false,,24.90,0.1245,true,1,208706
7290003072811,false,נקניקיות בראטוורסט 320 גרם טירת צבי ללא גלוטן,טיב טירת צבי 2000,IL,נקניקיות בראטוורסט 3,גרמים,320.00,100 גרם,false,,23.90,0.0747,true,1,208457
7290003072859,false,רוסטביף טירת צבי 120 גרם,הנסיך- מפעל לייצור ט,IL,רוסטביף 120 גר' טירת,גרמים,120.00,100 גרם,false,,26.90,0.2242,true,1,213517
7290003072965,false,קבנוס חריף מעושן טירת צבי 120 גרם,טיב טירת צבי 2000,IL,קבנוס חריף מעושן 120,גרמים,120.00,100 גרם,false,,10.90,0.0908,true,1,216436
7290003072972,false,קבנוס בתיבול מעושן טירת צבי 120 גרם,טיב טירת צבי 2000,IL,קבנוס בתיבול שום 120,גרמים,120.00,100 גרם,false,,10.90,0.0908,true,1,216437
7290003078738,false,לימון בלאדי ק 250 גרם,תבליני הדור השלישי,IL,לימון כבוש פרג,גרמים,250.00,100 גרם,false,,15.90,0.0636,true,1,168398
7290003102136,false,צמר גפן COTTON SOFT רפואי 100 גר' 3102136,הדקלאים אגודת שיתופי,TR,צמר גפן 100 גר',גרמים,100.00,100 גרם,false,,4.50,0.0450,true,1,191268
7290003116171,false,צ'ונגו מטוגן,,,צ'ונגו מטוגן,קילוגרמים,1.00,"ק""ג",true,,55.00,55.0000,false,1,266592
7290003121083,false,ארוחת נודלס בטעם בשר בשקית מג'יק 85 גרם,טאט הוי פוד בעמ,SG,מג'יק בשר שקית,גרמים,85.00,100 גרם,false,,2.70,0.0318,true,1,109307
7290003121090,false,ארוחת נודלס ירקות בשקית מג'יק 85 גרם,זנטי אס. אי לאלין,SG,מג'יק ירקות שקית,גרמים,85.00,100 גרם,false,,2.70,0.0318,false,1,109308
7290003121106,false,ארוחת נודלס טעם עוף בשקית מג'יק 85 גרם,"טאט פוד הוי בע""מ",SG,מג'יק עוף שקית,גרמים,85.00,100 גרם,false,,2.70,0.0318,true,1,109309
7290003126712,false,יוגורט עיזים מחלב מלא 3.7% משק צוריאל 150 גרם,מחלבת משק צוריאל,IL,יוגורט עיזים מחלב מל,מיליליטרים,140.00,"100 מ""ל",false,,6.20,0.0443,true,1,118828
7290003126958,false,טופו גבינה גוש בואקום צוריאל 300 ג',א.י.ן תעשיות מזון בע,IL,טופו צוריאל 9%,גרמים,300.00,100 גרם,false,,12.00,0.0400,true,1,111568
7290003130399,false,מברשת שיניים לילדים שלב 2 אקווה פרש.,גלקסו סמית קליין,IN,מברשת שיניים אקו,יחידה,0.00,יחידה,false,,9.90,0.0000,true,1,176985
7290003137343,false,שניצל הודו טרי,,,שניצל הודו טרי,קילוגרמים,1.00,"ק""ג",true,,34.90,34.9000,false,1,199007
7290003140237,false,"סילאן לחיץ קליית גת 360 גרם כשל""פ",ליימן מותגים,IL,סילאן לחיץ 360 גר' ק,גרמים,360.00,100 גרם,false,,11.90,0.0331,true,1,151233
7290003141159,false,יוגטה מרשמלו ממתק מוקצף בטעמי תות שדה ווניל 180 גרם,יוגוטה,IL,מרשמלו יוגטה,יחידה,0.00,יחידה,false,,8.50,0.0000,true,1,140527
7290003142361,false,הוט פופ פופקורן מתוק מלוח 500 גרם,הוט פופ,US,הוטפופ מתוק מלוח,גרמים,500.00,100 גרם,false,,15.00,0.0300,true,1,265823
7290003142477,false,ערמונים קלופים וקלויים 100 גרם,הדקלאים אגודת שיתופי,IL,ערמונים קלופים וקלוי,גרמים,100.00,100 גרם,false,,6.40,0.0640,true,1,139363
7290003143139,false,סילאן תמרים קלית גת 900 ג',"טעמי הגליל בע""\מ",IL,סילאן קליית גת 900 ג,גרמים,900.00,100 גרם,false,,14.90,0.0166,true,1,136319
7290003143146,false,ממרח תמרים קליית גת 450 גרם,הדקלאים אגודת שיתופי,IL,ממרח תמרים קליית גת,גרמים,450.00,100 גרם,false,,6.00,0.0133,true,1,136320
7290003143337,false,סילאן רכיבים טבעיים לחיץ קליית גת 350 גרם,ליימן מותגים,IL,סילאן טבעי לחיץ 350,גרמים,350.00,100 גרם,false,,14.50,0.0414,false,1,151234
7290003144310,false,תערובת אגוזים וחמוציות קליית גת 150 גרם,ליימן מותגים,IL,תערובת אגוזים וחמוצי,גרמים,150.00,100 גרם,false,,16.50,0.1100,true,1,188769
7290003145751,false,"קליית גת אגוזי קלויים, 200 גרם",הדקלאים אגודת שיתופי,IL,קשיו קלוי 200 גר',גרמים,200.00,100 גרם,false,,18.00,0.0900,true,1,119757
7290003145959,false,פקאן טבעי קליית גת 150 גרם,ליימן מותגים,IL,פקאן טבעי 150גר גת,גרמים,150.00,100 גרם,false,,18.90,0.1260,true,1,136225
7290003185719,false,קבב רומני טיבון ויל 500 גרם,טיבון ויל אחזקות בעמ,IL,קבב רומני 400 גר,גרמים,500.00,100 גרם,false,,18.90,0.0378,false,1,109310
7290003185726,false,קבב מזרחי טיבון ויל 500 גרם,טיבון ויל אחזקות בעמ,IL,קבב מזרחי 500 גר',גרמים,500.00,100 גרם,false,,18.90,0.0378,false,1,109311
7290003187843,false,עגל טחון טיבון ויל 500 גרם,טיבון ויל אחזקות בעמ,IL,בקר 100% טחון עגל טי,גרמים,500.00,100 גרם,false,,25.90,0.0518,true,1,109319
7290003189045,false,צהובה הולנדית מחיר לפי מ,צי תעשיות מזון יבנה,IL,גבינה צהובה הולנדית,קילוגרמים,1.00,"ק""ג",true,,38.90,38.9000,true,1,113085
7290003189199,false,צהובה טובה חריפה במש,צי תעשיות מזון יבנה,IL,גבינה מקסיקנית,קילוגרמים,1.00,"ק""ג",true,,41.90,41.9000,true,1,113086
7290003189274,false,בנוסח מעושנת גליל26%משקל,צי תעשיות מזון יבנה,IL,גבינה מעושנת,קילוגרמים,1.00,"ק""ג",true,,41.90,41.9000,true,1,109665
7290003208586,false,"וורמוט מרטיני לבן 750 מ""ל",מרטיני ורוסי,IT,מרטיני ביאנקו,מיליליטרים,750.00,"100 מ""ל",false,,44.90,0.0599,true,1,124873
7290003208609,false,"וורמוט מרטיני אדום מתוק 750 מ""ל",מרטיני ורוסי,IT,מרטיני רוסו,יחידה,750.00,יחידה,false,,44.90,0.0599,true,1,124874
7290003210114,false,"טרופית בוסתן 200 מ""ל",בוסתן,IL,"טרופית בוסתן 200 מ""ל",מיליליטרים,200.00,"100 מ""ל",false,,1.50,0.0075,true,1,217436
7290003210121,false,"טרופית בוסתן 200 מ""ל",,,"טרופית בוסתן 200 מ""ל",מיליליטרים,200.00,"100 מ""ל",false,,1.50,0.0075,true,1,217437
7290003217014,false,חמישיית פיתות מזרחיות דגנית,יוניליוור גרמניה Gm,IL,פיתות רגילות תנע,גרמים,500.00,100 גרם,false,,6.90,0.0138,true,1,113712
7290003229109,false,פסטרמה הודו בפפריקה טירת צבי 400 גרם,הנסיך- מפעל לייצור ט,IL,פסטרמה בפפריקה,גרמים,400.00,100 גרם,false,,31.90,0.0797,true,1,97814
7290003229116,false,פסטרמה הודו בדבש שומן טירת צבי 400 גרם,הנסיך- מפעל לייצור ט,IL,פסטרמה בדבש טירת,גרמים,400.00,100 גרם,false,,31.90,0.0797,true,1,97815
7290003229123,false,פסטרמה הודו על גחלים 2% טירת צבי 400 גרם,הנסיך- מפעל לייצור ט,IL,פסטרמה גחלים טיר,גרמים,400.00,100 גרם,false,,31.90,0.0797,true,1,97816
7290003229147,false,נקניק סלמי איטלקי מעושן טירת צבי 300 גרם,הנסיך- מפעל לייצור ט,IL,סלמי איטלקי 300,גרמים,300.00,100 גרם,false,,31.90,0.1063,true,1,97818
7290003229154,false,נקניק סלמי קוניאק טירת צבי 300 גרם,הנסיך- מפעל לייצור ט,IL,סלמי קוניאק 300,גרמים,300.00,100 גרם,false,,31.90,0.1063,true,1,97819
7290003229192,false,נקניק כתף בקר מעושן 2% טירת צבי 400 גרם,טיב טירת צבי 2000,IL,א.מ. כתף בקר מעושן 4,גרמים,400.00,100 גרם,false,,31.90,0.0797,true,1,97822
7290003229208,false,פסטרמה ספרדית 2% טירת צבי 360 גרם,טירת צבי - מדף,IL,פסטרמה ספרדית 360 גר,גרמים,360.00,100 גרם,false,,31.90,0.0886,true,1,97823
7290003229222,false,נקניק סלמי תה טירת צבי 300 גרם,הנסיך- מפעל לייצור ט,IL,סלמי תה טירת צבי,גרמים,300.00,100 גרם,false,,23.90,0.0797,true,1,127383
7290003268252,false,לחם חיטה מלא לילדים 750 ג' דגנית עין בר,דגנית עין בר תעשיות מזון,IL,לחם חיטה מלא ללא גרע,גרמים,750.00,100 גרם,false,,13.90,0.0185,false,1,187390
7290003268429,false,לחם ירוק מקמח מלא 750 ג' דגנית עין בר,דגנית עין בר תעשיות מזון,IL,לחם ירוק מקמח מלא,גרמים,750.00,100 גרם,false,,14.90,0.0199,true,1,148139
7290003287055,false,שיפודי פרגיות בלדי ק,בלדי,IL,שיפודי פרגיות בלדי ק,גרמים,500.00,100 גרם,false,,42.90,0.0858,true,1,135215
7290003287253,false,נקניקיות מרגז הקצביה 500 גרם בלדי,בלדי,IL,מרגז בלדי קצביה ארוז,גרמים,500.00,100 גרם,false,,25.90,0.0518,true,1,135949
7290003287260,false,נקניקיות צ'וריסוס ארוז קפוא בלדי 600 ג',בלדי,IL,צ'וריסוס קצביה בלדי,גרמים,600.00,100 גרם,false,,25.90,0.0432,false,1,136237
7290003287284,false,קבב ביתי קצביה ארוז 600 ג' - 8 יח',בלדי,IL,קבב ביתי קצביה ארוז,גרמים,600.00,100 גרם,false,,25.90,0.0432,false,1,135938
7290003287291,false,קבב טלה וצנובר קצביה ארוז 600 ג' - 8 יח',יוליניבר,IL,קבב טלה וצנובר בלדי,גרמים,600.00,100 גרם,false,,25.90,0.0432,false,1,136238
7290003287307,false,קבב רומני קצביה ארוז 600 ג' - 8 יח',בלדי,,קבב רומני קצביה 600,גרמים,600.00,100 גרם,false,,25.90,0.0432,false,1,136406
7290003287314,false,קבב על מקל קינמון קצביה ארוז 520 ג' - 8 יח',בלדי,,קבב על מקל קינמון קצ,גרמים,520.00,100 גרם,false,,25.90,0.0498,true,1,201712
7290003287956,false,בלדי פילה לברק יפני 5-7 בוואקום,בלדי פרטי,CN,פילה לברק 5-7 בוואקו,קילוגרמים,1.00,"ק""ג",true,,43.90,43.9000,true,1,148761
7290003310555,false,"מאגדת טילון קרם עוגיות 4*100 מ""ל בן וג'ירי",מוצרי איכות אמריקאיים,IL,מאגדת טילונים,גרמים,400.00,100 גרם,false,,27.90,0.0697,true,1,218286
7290003318100,false,וופל בטעם שוקולד מנעמים 200 ג',מנעמים תעשיות מזון,IL,וופל שוקולד 200,גרמים,250.00,100 גרם,false,,3.50,0.0140,false,1,97393
7290003318131,false,ופל קלאסיק אגוז 200 גרם מנעמים,מנעמים תעשיות מזון,IL,ופל מנעמים אגוזים,גרמים,200.00,100 גרם,false,,3.50,0.0175,false,1,122368
7290003318155,false,וופל טעם לימון מנעמים 200 ג',מנעמים תעשיות מזון,IL,וופל לימון 200 גר,גרמים,250.00,100 גרם,false,,3.50,0.0140,false,1,97394
7290003321155,false,יוגורט בר עם פקאן מצופה שוקולד 183 ג' דנונה,"שטראוס בריאות בע""\מ",IL,דנונה קראנצ' שבבי פק,מיליליטרים,175.00,"100 מ""ל",false,,4.80,0.0274,false,1,95575
7290003321292,false,גבינה לבנה 9% שומן 250 ג' שטראוס,מיוצר עי קונדיטוריית,IL,סקי 9%,גרמים,250.00,100 גרם,false,,5.00,0.0200,false,1,95576
7290003332007,false,קפה שחור עם הל 250 גרם,סובחי נחלה ובניו,IL,קפה נח'לה אדום 250 ג,גרמים,250.00,100 גרם,false,,13.90,0.0556,true,1,140325
7290003332014,false,קפה נח'לה אדום עם הל500ג,קפה אל נח'לה,IL,קפה נח'לה אדום 500 ג,גרמים,500.00,100 גרם,false,,26.90,0.0538,true,1,264295
7290003332045,false,קפה נחלה אדום ללא הל 250ג',קפה אל נחלה,IL,קפה נח'לה אדום בלי ה,גרמים,250.00,100 גרם,false,,13.90,0.0556,true,1,150749
7290003387205,false,דאו' ספיד סטיק בסיסי ירוק רגיל לגבר 63ג',הנסיך- מפעל לייצור ט,US,ספיד סטיק,גרמים,63.00,100 גרם,false,,19.90,0.3159,false,1,96364
7290003387410,false,בלונס פדים להסרת איפור שלישייה,ספטונה,GR,בלונס מסיר איפור שלש,יחידה,0.00,יחידה,false,,21.90,0.0000,true,1,122493
7290003400500,false,חטיף הרשי ריזס נאטרייגיס 47 גרם,ליימן מותגים,US,חטיף נאטרייג'ס קרמל,גרמים,47.00,100 גרם,false,,4.50,0.0957,true,1,145221
7290003402809,false,חטיף הרשי ריזס שוקולד לבן 39 גר,ליימן מותגים,US,ריזס לבן 39 גר',גרמים,39.00,100 גרם,false,,4.50,0.1154,true,1,206232
7290003411054,false,שקיות צליה גדול דליקטס רוסטי הנמל 5יח`,סאדאת איסטנבול,TR,שקיות לצליה גדול- 5,יחידה,0.00,יחידה,false,,4.60,0.0000,true,1,108795
7290003411238,false,שמרים יבשים נמסים הנ,ברוגמאן גנט,BE,שמרים נמסים 500 גר,גרמים,500.00,100 גרם,false,,13.90,0.0278,true,1,108797
7290003411313,false,מפת אל בד מעורב צבעים 120X180 הנמל משובחת,שיווק: הנמל אריזות ושיוו,IL,מפות חד פעמי,גרמים,100.00,100 גרם,false,,6.50,0.0650,false,1,121458
7290003411405,false,נר נשמה להבית 24 שעות,מיוצר בסין.יבוא ושיו,CN,נר נשמה 24 שעות בפח,יחידה,0.00,יחידה,false,,1.80,0.0000,true,1,196485
7290003411528,false,מלית קינמון פוליבה 450 גרם,"פוליבה בע""מ",IL,מלית קינמון,גרמים,450.00,100 גרם,false,,11.50,0.0256,true,1,108805
7290003411566,false,צמרוני עץ הנמל 200 יחידות,שוורצקוף& הנקל דיסלד,CN,קיסמי אזניים 200 יח,יחידה,0.00,יחידה,false,,2.30,0.0000,true,1,197818
7290003411573,false,צלחות עמוקות לבן 30 יחידות,אריזות מדף - פלזית,IL,צלחות עמוקות- 30 יח',יחידה,0.00,יחידה,false,,17.90,0.0000,true,1,108807
7290003411689,false,ליפתניות לבן 25 יחידות,הנמל אריזות ושיווק ב,IL,צלחות ליפתן 25 יח',יחידה,0.00,יחידה,false,,5.20,0.0000,true,1,108808
7290003411696,false,"מרקיות לבן ח""פ הנמל 25 יח'",פלסטכים תורכיה,IL,סט מרקיות 25 יח,יחידה,0.00,יחידה,false,,9.20,0.0000,true,1,108809
7290003411726,false,קיסמי שיניים מלחיה הנמל 300יח',הנמל אריזות ושיווק בעמ,IL,קיסמי שיניים הנמ,יחידה,0.00,יחידה,false,,3.50,0.0000,true,1,108811
7290003411993,false,גפרורים הנמל 10 יחידות,"איטיליאן פוד, אס.פי.",SE,גפרורים,יחידה,0.00,יחידה,false,,2.60,0.0000,true,1,122957
7290003414406,false,הרשי ריזס נטיפי אפייה בוטנים 283 גר',ליימן מותגים,US,ריזס נטיפים לאפייה,גרמים,283.00,100 גרם,false,,13.90,0.0491,true,1,186065
7290003423909,false,חטיף קוקיס אנד קרים לבן 43 גרם,ליימן מותגים,US,חטיף קוקיז אנד קרים,יחידה,0.00,יחידה,false,,4.50,0.0000,true,1,145216
7290003427154,false,"שמן זית כתית מעולה טעם מעודן זיתא 750 מ""ל",זיתא תעשיות שמן זיתt\,IL,"שמן זית זיתא 750 מ""ל",יחידה,750.00,יחידה,false,,32.90,0.0439,false,1,97399
7290003434657,false,אשכולות אגוזי לוז חמוציות ואורז מלא בשוקולד מריר 120 גרם,הום מייד,IL,אשכולות אגוזי לוז חמ,גרמים,120.00,100 גרם,false,,12.90,0.1075,true,1,217753
7290003438006,false,ממרח אולביה פסטו וצנובר איטלקי 190ג',מיוצר עי קונדיטוריית,IL,ממרח פסטו,גרמים,190.00,100 גרם,false,,13.90,0.0732,true,1,104853
7290003438013,false,ממרח זיתים ירוקים אוליביה 190 גרם,קריות זול,IL,ממרח זיתים,גרמים,190.00,100 גרם,false,,13.90,0.0732,true,1,104854
7290003438020,false,ממרח עגבניות מיובשות אוליביה 190 גרם,מיוצר עי קונדיטוריית,IL,ממרח עגבניות,גרמים,190.00,100 גרם,false,,13.90,0.0732,true,1,104855
7290003438709,false,ממרח אולביה זיתים שחורים וירוקים 190 ג',גוד פוד פרודקטס S.p,IL,ממרח זיתים שחורים,גרמים,190.00,100 גרם,false,,13.90,0.0732,true,1,104859
7290003438853,false,אוליביה ממרח אריסה חריפה 185 גר ',אוליביה,IL,אריסה חריפה 185 גר',גרמים,185.00,100 גרם,false,,13.90,0.0751,true,1,186304
7290003438990,false,עיטורי עגבניות מיובשות וזיתים אוליביה 280 ג',אוליביה גורמה בעמ,IL,עיטורי עגבניות מיובש,גרמים,220.00,100 גרם,false,,19.90,0.0905,true,1,104862
7290003444009,false,הרשי ריזס חטיף במילוי בוטנים 42 גרם,ליימן מותגים,US,ריזס שוקולד חלב הרשי,גרמים,42.00,100 גרם,false,,4.50,0.1071,true,1,145223
7290003450602,false,חרדל אמיתי צהוב בקבוק לחיץ 255 גר,היינץ צפון אמריקה מקבוצת ה.י.היינץ,US,חרדל אמיתי היינץ,גרמים,255.00,100 גרם,false,,9.90,0.0388,true,1,107013
7290003450725,false,חומץ היינץ בן יין אד,ה.י.היינץ קומפני ל.פ,US,חומץ בן יין,יחידה,355.00,יחידה,false,,11.90,0.0335,true,1,107016
7290003457861,false,סולרו קלאסיק חלבי - פירות טרופיים,"מיוצר ע""\י גלידת שטראוס",IL,קרטיב סולרו,יחידה,0.00,יחידה,false,,8.90,0.0000,true,1,154597
7290003457991,false,טילון קורנטו וניל עם וופל ואגוזי לוז מסוכרים,"גלידת שטראוס בע""\מ, רחוב",IL,מאגדת קורנטו קלאסיק,יח',6.00,יח',false,,34.90,5.8167,true,1,95985
7290003475124,false,בלונס מסיר איפור 80 יח,קריות זול,GR,צמר גפן עננים 100 גר,גרמים,100.00,100 גרם,false,,5.90,0.0590,true,1,113163
7290003514007,false,מנה שקדי מרק מנה 400 גרם,מנה Mana,IL,שקדי מרק מנה,גרמים,400.00,100 גרם,false,,8.90,0.0223,false,1,138118
7290003520572,false,מטריות חרובים שקית בודד (בשרוול 6 שקיות),תופינית,,מארז שש מטריות משוקו,גרמים,45.00,100 גרם,false,,15.90,0.3533,true,1,148516
7290003521074,false,"ד""ר פישר - סרקל מרכך שיער לילדים 1 ליטר",פישר מעבדות פרמצבטיות בע,IL,מרכך סרקל,ליטרים,1.00,ליטר,false,,27.90,27.9000,true,1,100173
7290003521166,false,"ד""ר פישר - סרקל קרם רוזמרין לילדים 325 מ""ל",פישר מעבדות פרמצבטיות בע,IL,סרקל קרם שיער רו,גרמים,325.00,100 גרם,false,,26.90,0.0828,true,1,100175
7290003521197,false,"ד""ר פישר - סרקל תרסיס מתיר קשרים 340 מ""ל",פישר מעבדות פרמצבטיות בע,IL,סרקל ספריי,מיליליטרים,340.00,"100 מ""ל",false,,26.90,0.0791,true,1,100176
7290003524297,false,אספרגוס לבן שלם בצנצנת ויליגר 330 גרם,צ'אמפהאוס טרידייג קו,CN,אספרגוס לבן שלם 330,גרמים,330.00,100 גרם,false,,9.90,0.0300,true,1,136247
7290003527380,false,דובדבן ללא חרצן בצנצנת ויליגר 680 גרם,גולדסטארקפט,,דבדבן מתוק ללא חרצני,יחידה,680.00,יחידה,false,,8.90,0.0131,true,1,139393
7290003550753,false,רביעיית טונה בשמן פוסידון 108 גרם,"מיוצר עי וליגר בעמ,",IL,רביעייה טונה פוסידון,גרמים,432.00,100 גרם,false,,21.00,0.0486,false,1,118357
7290003561193,false,בונז'ור לחמניות בייבי חליות 70 ג',בונז'ור,,בייבי חליות בונז'ור,גרמים,90.00,100 גרם,false,,2.50,0.0278,true,1,124041
7290003570164,false,מינוט שווארמה פרגית 300 גרם ארוז בלדי,"בלדי בע""\מ",IL,מינוט שווארמה פרגית,גרמים,300.00,100 גרם,false,,29.90,0.0997,true,1,202345
7290003570171,false,מינוט שניצל 300 גרם ארוז בלדי,"בלדי בע""\מ",IL,מינוט שניצל 300 גר',גרמים,300.00,100 גרם,false,,23.90,0.0797,true,1,202346
7290003570928,false,קבב בלדי קצביה ארוז קפוא 500ג',בלאדי,IL,קבב בלדי קצביה 500 ג,גרמים,500.00,100 גרם,false,,25.90,0.0518,true,1,201544
7290003578108,false,חתיכות אננס בסירופ קל וילי פוד 850 גרם,טקרנג פינאפל אינדסטר,TH,חתיכות אננס בסירופ ק,גרמים,850.00,100 גרם,false,,9.40,0.0111,false,1,105098
7290003578177,false,תירס צעיר שלם וילי פוד 210 גרם,מגסטיק פוד אידסטרי ק,TH,תירס גמדי צעיר שלם 4,גרמים,410.00,100 גרם,false,,7.20,0.0176,true,1,105101
7290003578313,false,דובדבנים ללא חרצנים ויליפוד 680 גרם,דל מונטה היילס אס.אי,HR,דובדבן חמוץ ללא חרצנ,גרמים,680.00,100 גרם,false,,9.90,0.0146,true,1,105105
7290003578931,false,גבינת ראסטה חצי רכה,מוראטביי,TR,גבינת ראסטה חצי רכה,קילוגרמים,1.00,"ק""ג",true,,99.90,99.9000,true,1,150857
7290003598311,false,מינוט סטייק חלק ריאה 300 ג',"בלדי בע""\מ",IL,מינוט סטייק 300 גר',יחידה,0.00,יחידה,false,,26.90,0.0000,true,1,199342
7290003598472,false,סלמון מנות נורבגי בוואקום,סאנסי,NO,פילה סלמון מנות נורב,קילוגרמים,1.00,"ק""ג",true,,84.90,84.9000,true,1,199211
7290003598748,false,מקרל נורבגי שלם ארוז - הדייג,,,מקרל נורבגי שלם ארוז,קילוגרמים,1.00,"ק""ג",true,,23.90,23.9000,true,1,199326
7290003643004,false,"סוגת אורז בסמטי קלאסי 1 ק""ג",האי נאם סי או אל.טי.,IL,אורז בסמטי קלאסי 1 ק,גרמים,1.00,גרם,false,,12.90,12.9000,false,1,98637
7290003643134,false,סוכר וניל סוגת 100 גרם מארז 10 יחידות,גוד פוד פרודקטס S.p,IL,סוכר וניל סוגת,גרמים,100.00,100 גרם,false,,2.80,0.0280,false,1,98639
7290003643158,false,קורנפולר שקית 200 ג' סוגת,המאפיה של הרמן,IL,קורנפלור 200 גר,גרמים,200.00,100 גרם,false,,2.80,0.0140,true,1,134490
7290003643165,false,קורנפלור סוגת 500 גר,"י. כהן בע""מ",IL,קורנפלור 500 גר,גרמים,500.00,100 גרם,false,,5.90,0.0118,true,1,132949
7290003643325,false,קוסקוס בינוני סוגת 350 גרם,"אסיף תעשיות מזון בע""\מ",IL,קוסקוס בינוני סוגת,גרמים,350.00,100 גרם,false,,4.90,0.0140,false,1,128865
7290003643387,false,"סוכר לבן בצנצנת 1 ק""ג סוגת",האי נאם סי או אל.טי.,IL,סוכר לבן צנצנת,יחידה,1.00,יחידה,false,,9.90,9.9000,false,1,98645
7290003643646,false,"סוכר דמררה קלאסי בצנצנת סוגת 1 ק""ג",האי נאם סי או אל.טי.,IL,סוכר דמררה צנצנת,גרמים,1.00,100 גרם,false,,11.90,11.9000,false,1,98647
7290003643684,false,אפונה יבשה סוגת 500 גר',האי נאם סי או אל.טי.,IL,אפונה יבשה 500,גרמים,500.00,100 גרם,false,,6.50,0.0130,true,1,98648
7290003643714,false,חומוס גרגירים 500 גרם סוגת,האי נאם סי או אל.טי.,IL,חומוס 500 סוגת,גרמים,500.00,100 גרם,false,,7.90,0.0158,true,1,98650
7290003643738,false,סוגת חיטה 500 גרם,האי נאם סי או אל.טי.,IL,חיטה יבשה 500,גרמים,500.00,100 גרם,false,,4.90,0.0098,false,1,98651
7290003643745,false,סוגת כוסמת 500 גרם,האי נאם סי או אל.טי.,IL,כוסמת סוגת,גרמים,500.00,100 גרם,false,,7.90,0.0158,true,1,98652
7290003643752,false,עדשים ירוקים יבש סוגת 500 גר',האי נאם סי או אל.טי.,IL,עדשים ירוקים,גרמים,500.00,100 גרם,false,,7.90,0.0158,true,1,98653
7290003643769,false,עדשים אדומים יבש סוגת 500 גר',"סוגת תעשיות בע""\מ",IL,עדשים אדומים,גרמים,500.00,100 גרם,false,,7.90,0.0158,true,1,98654
7290003643776,false,"פופקורן גרעינים סוגת 500 ג' כשל""פ",האי נאם סי או אל.טי.,IL,פופקורן 500 גר,גרמים,500.00,100 גרם,false,,4.90,0.0098,true,1,98655
7290003643783,false,קוקוס טחון סוגת 100 גרם,האי נאם סי או אל.טי.,IL,קוקוס 100 גר,גרמים,100.00,100 גרם,false,,4.20,0.0420,true,1,98656
7290003643806,false,שעועית לבנה יבשה סוגת 500 ג',האי נאם סי או אל.טי.,IL,שעועית לבנה 500,גרמים,500.00,100 גרם,false,,10.90,0.0218,true,1,98657
7290003643813,false,שעועית אדומה יבשה סוגת 500 גר',האי נאם סי או אל.טי.,IL,שעועית אדומה 500,גרמים,500.00,100 גרם,false,,10.90,0.0218,true,1,98658
7290003643820,false,חומוס ענק יבש סוגת 500 גרם,"סוגת תעשיות בע""\מ",IL,חומוס ענק 500 סו,גרמים,500.00,100 גרם,false,,11.90,0.0238,true,1,98659
7290003648184,false,סלמון מעושן בואקום 1,,,סלמון מעושן בואקום 1,גרמים,100.00,100 גרם,false,,19.90,0.1990,true,1,111937
7290003648221,false,מקרל בשמן מעדניה,,,מקרל בשמן קנולה,קילוגרמים,1.00,"ק""ג",true,,124.90,124.9000,true,1,112119
7290003703234,false,באגט אוטנטיק לבן,בונז'ור,,באגט אוטנטיק לבן,יחידה,0.00,יחידה,false,,7.90,0.0000,true,1,113088
7290003703241,false,באגט אוטנטיק כפרי,בונז'ור,,באגט אוטנטיק כפרי,יחידה,0.00,יחידה,false,,6.00,0.0000,true,1,113089
7290003706013,false,"שורש פטרוזיליה ארוז ""ביכורי השדה""",ביכורי שדה דרום 2002,IL,שורש פטרוזיליה ארוז,יחידה,0.00,יחידה,false,,4.90,0.0000,true,1,200638
7290003715107,false,בוטנים קלופים 400 גר,זארובי,IL,בוטנים קלויים 00,גרמים,400.00,100 גרם,false,,11.00,0.0275,true,1,92951
7290003715299,false,מעורב מובחר זארובי 3,זארובי,,פיצוחים מעורב,גרמים,200.00,100 גרם,false,,19.90,0.0995,true,1,92960
7290003715329,false,בוטן קלוי בקליפה 350,,,בוטנים עם קליפה,גרמים,350.00,100 גרם,false,,10.90,0.0311,true,1,148417
7290003715411,false,צנובר סיני גדול 100,זארובי פיצוחי הגליל,IL,צנובר 100 גר,גרמים,100.00,100 גרם,false,,26.90,0.2690,true,1,92966
7290003715596,false,אגוזי מלך 300 גר,זארובי,IL,אגוזי מלך 300 גר,גרמים,300.00,100 גרם,false,,28.90,0.0963,true,1,119282
7290003715688,false,שקד מולבן גפרורים 10,זארובי,,שקד מולבן,גרמים,250.00,100 גרם,false,,9.90,0.0396,true,1,92975
7290003715695,false,גרעיני חמניות מקולפי,זארובי,IL,חמניות מקולפים,גרמים,100.00,100 גרם,false,,3.50,0.0350,true,1,111974
7290003715718,false,פיסטוק מקולף,זארובי,,פיסטוק מקולף,גרמים,100.00,100 גרם,false,,19.90,0.1990,true,1,147887
7290003715732,false,שקד גרוס 100 גרם,זארובי,,שקד גרוס 100 גר,גרמים,100.00,100 גרם,false,,9.90,0.0990,true,1,92976
7290003715749,false,אגוז מלך גרוס 100 גר,זארובי,,אגוזי מלך גרוסים,גרמים,100.00,100 גרם,false,,9.90,0.0990,true,1,92977
7290003715824,false,פרג טחון 100 גר,זארובי,,פרג 100 גר',גרמים,100.00,100 גרם,false,,4.90,0.0490,true,1,203884
7290003715831,false,אגוזים טחונים 100גר',זארובי,,אגוזים טחונים 100גר',גרמים,100.00,100 גרם,false,,9.90,0.0990,true,1,92981
7290003726141,false,טופו אמיתי כפרי בריא 300 גרם,ג'נרל מילס סאן אדריא,IL,טופו טבעי 300 גר,גרמים,300.00,100 גרם,false,,12.90,0.0430,true,1,99827
7290003726615,false,"טופו ויילר 300 גרם ""שטראוס""",הדקלאים אגודת שיתופי,IL,טופו הבית במרקם קשה-,גרמים,300.00,100 גרם,false,,11.90,0.0397,true,1,207114
7290003726875,false,טופו חומוס בתוספת פסטו 300 ג' משק ויילר,"משק ויילר בע""\מ",IL,טופו חומוס בתוספת פס,גרמים,300.00,100 גרם,false,,12.90,0.0430,true,1,262605
7290003744831,false,אובלטים עם בצל 300 גר',,,אובלטים בצל ברט,גרמים,300.00,100 גרם,false,,12.90,0.0430,true,1,143797
7290003744855,false,אובלטים עם שומשום 300 גר,"ברט בע""מ",IL,אובלטים מלוחים,גרמים,300.00,100 גרם,false,,12.90,0.0430,true,1,143803
7290003781652,false,צלפים במי מלח וילי פוד 230 גרם,קריות זול,TR,צלפים 370 גרם,גרמים,370.00,100 גרם,false,,9.90,0.0268,true,1,105116
7290003781850,false,גבינת קשקבל פרוסות 200 גרם - דיספליי (18),סאסו פטוראגס קומטויס אף,TR,גבינת קשקבל פרוסות,גרמים,200.00,100 גרם,false,,19.90,0.0995,true,1,218007
7290003782123,false,מטיאס אמיתי בשמן,,,מטיאס אמיתי בשמן,קילוגרמים,1.00,"ק""ג",true,,119.90,119.9000,true,1,139955
7290003804252,false,תיבולית קנור בנוסח הודי 72 גרם,יוניליוור ישראל מזון בע\,IL,תיבולית קנור הודי,גרמים,72.00,100 גרם,false,,10.00,0.1389,false,1,101586
7290003804320,false,תיבולית שום ופטרוזיליה קנור 72 גרם,יוניליוור ישראל מזון בע\,IL,תיבולית שום ופטרוזיל,גרמים,72.00,100 גרם,false,,10.00,0.1389,false,1,101587
7290003804368,false,"תיבוליות בזיליקום קנור 72 גרם בד""צ",יוניליוור ישראל מזון בע\,IL,תיבולית קנור בזי,גרמים,72.00,100 גרם,false,,10.00,0.1389,false,1,101590
7290003804382,false,"תיבוליות פטריות קנור 72 גרם בד""צ",יוניליוור ישראל מזון בע\,IL,תיבולית פטריות,גרמים,72.00,100 גרם,false,,10.00,0.1389,false,1,101592
7290003805501,false,"פתית שוודי חסכוני בד""צ 300 גרם",יוניליוור ישראל מזון בע\,IL,פתית שבדי חסכוני,גרמים,300.00,100 גרם,false,,18.50,0.0617,true,1,101614
7290003805587,false,"פתית חיטה מלאה בד""צ 250 גרם-קופסא",יוניליוור ישראל מזון בע\,IL,פתית חיטה מלאה,גרמים,250.00,100 גרם,false,,18.50,0.0740,true,1,126913
7290003807178,false,"רוטב קנור סויה בסגנון סיני 300 מ""ל",יוניליוור ישראל מזון בע\,IL,רוטב סויה בסגנון סינ,יחידה,300.00,יחידה,false,,12.90,0.0430,true,1,101644
7290003807482,false,קנור רוטב טריאקי מופחת נתרן 370 גרם,יוניליוור ישראל מזון בע\,IL,רוטב טריאקי קנור,יחידה,300.00,יחידה,false,,12.90,0.0430,true,1,101655
7290003864478,false,סרדינים בשמן צמחי פתח קל ויליפוד 110 גרם,גולדן פרייז קאנינג א,TH,סרדינים בשמן צמחי 11,גרמים,110.00,100 גרם,false,,4.90,0.0445,true,1,105124
7290003864485,false,סרדינים ברוטב עגבנ יות ויליפוד 110ג' פתח קל,גולדן פרייז קאנינג א,TH,סרדינים ברוטב עגבניו,גרמים,110.00,100 גרם,false,,4.90,0.0445,true,1,105125
7290003864492,false,סרדינים בשמן צמחי חריף פתח קל ויליפוד 110ג',גולדן פרייז קאנינג א,TH,סרדינים בשמן צמחי פי,גרמים,110.00,100 גרם,false,,4.90,0.0445,true,1,105126
7290003882922,false,עלי גפן ממולאים באורז וילי פוד 360 גרם,הזה פלאקספו פוד קו ב,CN,עלי גפן ממולאים 400,גרמים,400.00,100 גרם,false,,8.90,0.0223,true,1,105132
7290003893690,false,"פילה אמנון בד""ץ מחיר לפי",ג.עופר,IL,פילה אמנון 5-7,קילוגרמים,1.00,"ק""ג",true,,22.90,22.9000,false,1,214969
7290003903771,false,קפה נמס קפוצ'ינו רגיל 200 ג',שטראס קפה בי.וי,IL,קפוצ'ינו פחית 200 גר,גרמים,200.00,100 גרם,false,,24.90,0.1245,true,1,98891
7290003903788,false,קפוצינו פחית וניל 200ג',שטראס קפה בי.וי,IL,קפוצ'ינו וניל 200 גר,גרמים,200.00,100 גרם,false,,24.90,0.1245,true,1,98892
7290003911486,false,המבורגר אנגוס חלק אר,,,המבורגר אנגוס חלק אר,קילוגרמים,1.00,"ק""ג",true,,69.90,69.9000,true,1,212367
7290003976065,false,אקופרנד מרכך כביסה מרוכז קסם אביבי 1 ליט,אקופרנד,,אקופרנד מרכך כביסה מ,יחידה,0.00,יחידה,false,,19.90,0.0000,true,1,218630
7290003976119,false,אקופרנד נוזל כלים לבנדר ללא 750SLS מל,אקופרנד,IL,אקופרנד נוזל כלים,יחידה,0.00,יחידה,false,,13.90,0.0000,true,1,212953
7290003989096,false,סלט חצילים פיקנטי אחלה 500 גרם,מיוצר עי קונדיטוריית,IL,חציל מיזרחי אחלה,גרמים,500.00,100 גרם,false,,16.50,0.0330,true,1,95578
7290003989539,false,לורנצו רביולי במילוי גבינה,מיוצר עי קונדיטוריית,IL,רביולי גבינה,גרמים,400.00,100 גרם,false,,19.90,0.0497,true,1,95579
7290003989553,false,פסטה טורטליני גבינה ופטריות 400 גרם,מיוצר עי קונדיטוריית,IL,טורטליני פיטריות,גרמים,400.00,100 גרם,false,,19.90,0.0497,true,1,95580
7290004011284,false,ריצ בסיס להכנת קצפת 25% 212מל,ריצ' פרודקטס קורפריי,US,בסיס להכנת קצפת ריץ',מיליליטרים,212.00,"100 מ""ל",false,,7.50,0.0354,true,1,123113
7290004011291,false,"קצפת ריץ' בסיס קרטונית 425 מ""ל",ריצ' פרודקטס קורפורי,US,בסיס הכנת קצפת 425מל,מיליליטרים,425.00,"100 מ""ל",false,,12.90,0.0304,true,1,123951
7290004011338,false,"ספריי קצפת מתוקה מוכנה ריץ' 250 מ""ל",האי נאם סי או אל.טי.,IT,ריץ' קצפת מיכל 22.5%,גרמים,250.00,100 גרם,false,,10.90,0.0436,false,1,123839
7290004011345,false,"ספריי קצפת מתוקה מוכנה פרווה ריץ' 238 מ""ל",האי נאם סי או אל.טי.,IT,ר'יצ קצפת פרווה 250,גרמים,250.00,100 גרם,false,,10.90,0.0436,false,1,135117
7290004011796,false,קבבונים בקר קפוא אל גאוצ''ו 400ג',"טיבון ויל אחזקות בע""",IL,קבבונים אל גאוצ'ו 40,גרמים,400.00,100 גרם,false,,21.90,0.0547,false,1,125181
7290004011802,false,נקניקיות צ'וריסוס אל גאוצ'ו 400 גר',טיבון ויל אחזקות בעמ,IL,צוריסוס אל גאוצ'ו 40,גרמים,400.00,100 גרם,false,,21.90,0.0547,false,1,125182
7290004011819,false,המבורגר ריב אנטריקוט אל גאוצ'ו 360 גרם,האי נאם סי או אל.טי.,IL,המבורגר ריב אנטריקוט,גרמים,360.00,100 גרם,false,,21.90,0.0608,false,1,136976
7290004011826,false,מיני המבורגר ריב אנטריקוט,טיבון ויל אחזקות בעמ,IL,מיני המבורגר ריב אנט,גרמים,320.00,100 גרם,false,,21.90,0.0684,false,1,136977
7290004022309,false,עדשי מ&מ'ס חמאת בוטנים80,מרס,GB,סוכריות אם אנד אם 80,גרמים,80.00,100 גרם,false,,7.50,0.0938,true,1,197845
7290004043108,false,עדשי מ&מ'ס שוקולד 89 גרם,מרס,US,סוכריות אם אנד אם 89,גרמים,89.00,100 גרם,false,,7.50,0.0843,true,1,197841
7290004043205,false,עדשי שוק.מ&מ'ס בוטנים90ג,מרס,US,סוכריות אם אנד אם 92,גרמים,92.00,100 גרם,false,,7.50,0.0815,true,1,197846
7290004063016,false,"מלח שולחן דק סלית 1 ק""ג בדץ",האי נאם סי או אל.טי.,IL,מלח דק 1 קג,יחידה,1.00,יחידה,false,,1.90,1.9000,false,1,103219
7290004063092,false,"מלח הארץ מלח מדיח 2 ק""ג","מלח הארץ אילת בע""מ",,מלח למדיח 2קג,קילוגרמים,2.00,"ק""ג",false,,10.90,5.4500,false,1,128149
7290004063115,false,"מלח מטבח עבה להמלחת בשר ובישול 1 ק""ג",האי נאם סי או אל.טי.,IL,מלח עבה 1 קג,יחידה,1.00,יחידה,false,,1.90,1.9000,false,1,103220
7290004064082,false,מטחנה מלח ים טבעי מלח הארץ 100 גרם,חברת מלח הארץ אילת ב,IL,מטחנה מלח ים טבעי,גרמים,250.00,100 גרם,false,,13.50,0.0540,true,1,192301
7290004064099,false,מטחנה מלח ים מהרי ההימלאיה מלח הארץ 100 גרם,"חברת מלח הארץ אילת בע""\מ",IL,מטחנה מלח מהרי ההימל,גרמים,250.00,100 גרם,false,,15.90,0.0636,true,1,192302
7290004064105,false,מטחנה מלח עשבי תיבול מלח הארץ 100 גרם,"מלח הארץ אילת בע""מ",IL,מטחנה מלח ים עשבי תי,גרמים,250.00,100 גרם,false,,15.90,0.0636,true,1,192303
7290004064174,false,"תבלין מלח ההימלאיה דק בצנצנת 1 ק""ג","חברת מלח הארץ אילת בע""\מ",PK,מלח הארץ הימלאיה דק,קילוגרמים,1.00,"ק""ג",false,,15.90,15.9000,true,1,200214
7290004064181,false,"תבלין מלח ההימלאיה גס בצנצנת 1 ק""ג","חברת מלח הארץ אילת בע""\מ",PK,מלח הארץ הימלאיה גס,קילוגרמים,1.00,"ק""ג",false,,15.90,15.9000,true,1,200215
7290004064228,false,מלח במטחנה אקסטרא תבלינים שום ופלפל 125 גר',"חברת מלח הארץ אילת בע""\מ",IL,מטחנת מלח אקטרא תבלי,גרמים,125.00,100 גרם,false,,15.90,0.1272,true,1,204054
7290004064280,false,מלח מופחת נתרן בצנצנת מלח הארץ 600 גרם,חברת מלח הארץ אילת ב,IL,מלח מופחת נתרן בצנצנ,גרמים,600.00,100 גרם,false,,15.90,0.0265,true,1,207977
7290004064297,false,"מלח מועשר ביוד בצנצנת מלח הארץ 1 ק""ג","חברת מלח הארץ אילת בע""\מ",IL,מלח מועשר ביוד צנצנת,קילוגרמים,1.00,"ק""ג",false,,8.90,8.9000,true,1,207600
7290004064303,false,מלח אטלנטי בצנצנת מלח הארץ 800 גרם,"חברת מלח הארץ אילת בע""\מ",IL,מלח אטלנטי בצנצנת 80,גרמים,800.00,100 גרם,false,,18.90,0.0236,true,1,207601
7290004064389,false,מלח הימלאייה דק מלחייה 250 גרם,"חברת מלח הארץ אילת בע""\מ",IL,מלח הימאליה דק מלחיה,גרמים,250.00,100 גרם,false,,10.00,0.0400,false,1,215910
7290004068011,false,"יוגורט כבשים בדלי 5 אחוז 60 מ""ל גד","מיוצר ע""י קוד יצרן M",IL,יוגורט כבשים 600 גר,גרמים,600.00,100 גרם,false,,18.00,0.0300,true,1,140046
7290004068028,false,"ציזיקי יוגורט לשתיה גד 500 מ""ל",מיוצר על ידי קוד יצר,IL,יוגורט ציזיקי לשתייה,מיליליטרים,500.00,"100 מ""ל",false,,9.90,0.0198,true,1,141732
7290004068035,false,"יוגורט לשתייה איירן 3% גד 500 מ""ל","מיוצר ע""י קוד יצרן M",IL,"יוגורט איירן 500 מ""ל",מיליליטרים,500.00,"100 מ""ל",false,,7.90,0.0158,true,1,141499
7290004068172,false,"יוגורט עיזים בדלי 5% 600 מ""ל רובין",קוד יצרן MKN,IL,יוגורט עיזים דלי 600,גרמים,600.00,100 גרם,false,,18.00,0.0300,true,1,145912
7290004068332,false,גבינה קממבר בקר משולשים גד,מחלבות גד,IL,קממבר בקר משולשים,קילוגרמים,1.00,"ק""ג",true,,119.90,119.9000,true,1,146394
7290004068424,false,גבינה גאודה משולשים,מחלבות גד,IL,גאודה גלגל גד,קילוגרמים,1.00,"ק""ג",true,,119.90,119.9000,true,1,147119
7290004068509,false,בולגרית 5% גד,,,בולגרית 5% גד,קילוגרמים,1.00,"ק""ג",true,,54.60,54.6000,false,1,199820
7290004078225,false,"שטיפת פה קולגייט פלקס מינט ירוק 500מ""ל",קולגייט- פלמוליב,PL,פלקס מי פה,מיליליטרים,500.00,"100 מ""ל",false,,29.90,0.0598,false,1,96372
7290004078270,false,נוזל לניקוי כלים בריח לימון פלמוליב 1 ליטר,יבואן ומשווק: ש. שסט,GR,פלמוליב לכלים לימון,ליטרים,1.00,ליטר,false,,13.90,13.9000,false,1,96375
7290004078690,false,"גל אקונומיקה אגקס ניחוח רענן 750 מ""ל",הנסיך- מפעל לייצור ט,GR,אג'קס ג'ל לאסלה,יחידה,750.00,יחידה,false,,14.90,0.0199,true,1,96383
7290004078942,false,ליידי ספיד סטיק - דאודורנט ג'ל לאישה 65 גרם,קולגייט-פלמוליב,US,ספיד סטיק ג'ל,גרמים,63.00,100 גרם,false,,19.90,0.3159,true,1,96388
7290004091217,false,"גודרדס, חומר לניקוי והברקת כלי כסף 144 מל",אס סי גונסון פורטוגל,PT,גודרס להברקת כלי כסף,יחידה,144.00,יחידה,false,,21.90,0.1521,true,1,107558
7290004091248,false,וזלין פטרוליום אינטנסיב קאר ג'ל 106 גר',"יוניליוור ארה""ב, ג'ו",US,ווזלין מס 2,גרמים,106.00,100 גרם,false,,16.90,0.1594,true,1,101669
7290004091255,false,"ואזלין פטרוליום ג'ל 225מ""ל","יוניליוור ארה""ב, ג'ו",US,ואזלין מס 3,גרמים,225.00,100 גרם,false,,22.90,0.1018,true,1,101670
7290004119133,false,כד יוגורט תנובה 6.5% שומן 1.5 ליטר,מיוצר עי קונדיטוריית,IL,יוגורט בכד 7% 1.5 לי,ליטרים,1.50,100 ליטר,false,,18.30,12.2000,true,1,96961
7290004119225,false,יופלה יוגורט אננס %3 גביע 150 גרם,תנובה מרכז שיתופי לש,IL,יופלה אננס ספונטני 3,מיליליטרים,150.00,"100 מ""ל",false,,5.10,0.0340,true,1,96962
7290004120061,false,מעדן חלב בטעם שוקו וניל שוניל 2% קרלו 125 גרם,תנובה מרכז שיתופי לש,IL,קרלו מעדן שוניל 1.5%,גרמים,125.00,100 גרם,false,,3.00,0.0240,true,1,96969
7290004120108,false,יופלה דיאט יוגורט דובדבן %0 גביע 150גרם,תנובה מרכז שיתופי לש,IL,יופלה דבדבן 0%,מיליליטרים,150.00,"100 מ""ל",false,,5.10,0.0340,true,1,96971
7290004120566,false,פיראוס 24% גבינה בולגרית 250 גרם,תנובה חלב,IL,בולגרית פיראוס 24%,גרמים,250.00,100 גרם,false,,24.50,0.0980,false,1,96984
7290004120573,false,פיראוס 16% גבינה בולגרית 250 גרם,תנובה מרכז שיתופי לש,IL,בולגרית פיראוס 16%,גרמים,250.00,100 גרם,false,,24.50,0.0980,false,1,96985
7290004120634,false,גבינה פיראוס בולגרית 5% 250 גרם,תנובה מרכז שיתופי לש,IL,בולגרית פיראוס 5%,גרמים,250.00,100 גרם,false,,24.50,0.0980,false,1,96986
7290004120832,false,"חלב 2 ליטר 3% כד ""תנובה""- מוצר בפיקוח",תנובה מרכז שיתופי לש,IL,חלב כד 3% מהדרין,ליטרים,2.00,ליטר,false,,12.46,6.2300,false,1,96989
7290004121280,false,"שמנת חמוצה 9% חצי מנה תנובה 100 מ""ל",,,שמנת תנובה 9% חצי מנ,מיליליטרים,100.00,"100 מ""ל",false,,1.30,0.0130,false,1,218613
7290004121488,false,יופלה דיאט אפרסק 0% גביע 150 גרם,תנובה מרכז שיתופי לש,IL,יופלה אפרסק חטוב 0%,מיליליטרים,150.00,"100 מ""ל",false,,5.10,0.0340,true,1,96997
7290004121754,false,יוגורט ביו עוגת גבינה ותות 3% יופלה 150 גרם,תנובה חלב,IL,יופלה עוגת גבינה ותו,מיליליטרים,150.00,"100 מ""ל",false,,5.10,0.0340,true,1,97007
7290004121839,false,גבינת פטה כבשים 20% פיראוס 250 גרם,תנובה מרכז שיתופי לש,IL,פטה כבשים 20% פיראוס,גרמים,250.00,100 גרם,false,,28.50,0.1140,false,1,97008
7290004122119,false,פתיתי פרמזן לפסטה 23% השף הלבן 100 גרם,פ.פ.ח. שאביט,IL,פתיתי פרמזן לאפיה 23,גרמים,100.00,100 גרם,false,,12.60,0.1260,true,1,97012
7290004122195,false,גוש חלב גבינה צהובה פרוסה 28% תנובה 200 גרם,תנובה חלב,IL,גוש חלב פרוס 28%,גרמים,200.00,100 גרם,false,,14.60,0.0730,false,1,97013
7290004122270,false,עמק קלאסית פרוסות גבינה חצי קשה 28% 200 גרם,תנובה מרכז שיתופי לש,IL,עמק פרוסות 28%,גרמים,200.00,100 גרם,false,,16.90,0.0845,false,1,97014
7290004122348,false,גבינת עמק לייט פרוס בקופסא 200 גרם,תנובה מרכז שיתופי לש,IL,עמק לייט 9%,גרמים,200.00,100 גרם,false,,17.90,0.0895,false,1,97016
7290004122607,false,גבינת עמק לייט 9% במשקל,תנובה מרכז שיתופי לש,IL,עמק לייט למעדניה,קילוגרמים,1.00,"ק""ג",true,,76.90,76.9000,true,1,96847
7290004122676,false,גבינת חמד לייט 5% פיראוס 250 ג',"תנובה,מחלבת טנא נוגה",IL,גבינת חמד 5% גביע 25,גרמים,250.00,100 גרם,false,,18.90,0.0756,false,1,97020
7290004122683,false,עמק חטיף אצבעות גבינה חצי קשה 28% שומן,תנובה מרכז שיתופי לש,IL,אצבעות חטיף גבינת עמ,גרמים,172.00,100 גרם,false,,16.90,0.0983,false,1,97021
7290004124205,false,יופלה דיאט יוגורט תות %0 גביע 150 גרם,תנובה מרכז שיתופי לש,IL,יופלה תות קליל 0%,מיליליטרים,150.00,"100 מ""ל",false,,5.10,0.0340,false,1,97039
7290004124847,false,"קצפת צמחית השף הלבן 500 מ""ל תנובה",תנובה מרכז שיתופי לש,IL,קצפת צימחית השף הלבן,מיליליטרים,500.00,"100 מ""ל",false,,16.50,0.0330,true,1,97045
7290004125370,false,"שמנת חמוצה 9% מופחתת שומן תנובה 200 מ""ל מהדרין",תנובה מרכז שיתופי לש,IL,שמנת תנובה 9%,גרמים,200.00,100 גרם,false,,3.80,0.0190,true,1,97049
7290004125400,false,"אשל שלי מהדרין 200 מ""ל 4.5% ""תנובה""- מוצר בפיקוח",פארייפאבה אגרואינדוס,IL,שלי אשל 4.5%,מיליליטרים,200.00,"100 מ""ל",false,,1.69,0.0084,false,1,97050
7290004125417,false,"גיל 3% שלי 200 מ""ל ""תנובה"" -מוצר בפיקוח",תנובה מרכז שיתופי לש,IL,שלי גיל 3%,מיליליטרים,200.00,"100 מ""ל",false,,1.51,0.0076,false,1,97051
7290004125455,false,"שמנת חמוצה 200 מ""ל 15% ""תנובה"" -מוצר בפיקוח",תנובה מרכז שיתופי לש,IL,שמנת 15%,מיליליטרים,200.00,"100 מ""ל",false,,2.40,0.0120,false,1,97052
7290004125462,false,"שמנת חמוצה 15% תנובה 500 מ""ל מהדרין",תנובה מרכז שיתופי לש,IL,שמנת חמוצה 15%,יחידה,500.00,יחידה,false,,6.00,0.0120,false,1,97053
7290004125509,false,"שמנת חמוצה 15% מועשרת תנובה 100 מ""ל",תנובה מרכז שיתופי לש,IL,שמנת אורגינל 15%,מיליליטרים,100.00,"100 מ""ל",false,,1.70,0.0170,false,1,97055
7290004125578,false,משקה סויה מעושר בסידן תנובה 1ל',תנובה מרכז שיתופי לש,IL,משקה סויה מועשר 1.6%,ליטרים,1.00,ליטר,false,,9.90,9.9000,false,1,97057
7290004125585,false,משקה סויה בטעם וניל תנובה 1 ליטר,תנובה מרכז שיתופי לש,IL,משקה סויה וניל 1.45%,ליטרים,1.00,ליטר,false,,10.60,10.6000,false,1,97058
7290004125721,false,"השף הלבן שמנת עמידה לבישול 15% תנובה 250 מ""ל",תנובה מרכז שיתופי לש,IL,שמנת לבישול 15%,מיליליטרים,250.00,"100 מ""ל",false,,8.70,0.0348,true,1,97064
7290004125738,false,שמנת מתוקה להקצפה32% 250מל עמיד השף הלבן,תנובה מרכז שיתופי לש,IL,שמנת להקצפה 32%,מיליליטרים,250.00,"100 מ""ל",false,,6.90,0.0276,true,1,97065
7290004125776,false,גבינה צהובה עמק 28% 400 גרם בקופסא,תנובה חלב,IL,עמק פרוס 28% 400 גרם,גרמים,400.00,100 גרם,false,,31.00,0.0775,false,1,97067
7290004126674,false,טל העמק פרוסות גבינה חצי קשה לייט %9 200 גרם בקופסא,תנובה מרכז שיתופי לש,IL,טל העמק לייט 9%,גרמים,200.00,100 גרם,false,,19.90,0.0995,true,1,97077
7290004126759,false,יוגורט דיאט יופלה פירות יער 150 גרם,תנובה חלב,IL,יופלה פירות יער 0%,מיליליטרים,150.00,"100 מ""ל",false,,5.10,0.0340,true,1,97081
7290004126872,false,משקאות חלב תנובה שוקו בקבוק 250מל,תנובה חלב,IL,שוקו בקבוקון 2%,מיליליטרים,250.00,"100 מ""ל",false,,5.90,0.0236,true,1,97082
7290004127077,false,קוטג תנובה 3% גביע 250 גרם מהדרין,מיוצר עי קונדיטוריית,IL,קוט'ג תנובה 3%,גרמים,250.00,100 גרם,false,,5.50,0.0220,false,1,97083
7290004127329,false,קוטג תנובה גביע 250 גרם %5 ו.מהדרין,מיוצר עי קונדיטוריית,IL,קוטג' תנובה 5% 250 ג,גרמים,250.00,100 גרם,false,,5.50,0.0220,false,1,97086
7290004127336,false,קוטג תנובה גביע 250 גרם %9 ו.מהדרין,מיוצר עי קונדיטוריית,IL,קוטג' תנובה 9% 250 ג,גרמים,250.00,100 גרם,false,,5.50,0.0220,false,1,97087
7290004127800,false,"גבינה לבנה 500 גרם 5% ""תנובה"" -מוצר בפיקוח",מיוצר עי קונדיטוריית,IL,גבינה לבנה 5% 500 גר,גרמים,500.00,100 גרם,false,,9.96,0.0199,false,1,97089
7290004127817,false,גבינה לבנה 9% שומן 500 ג' תנובה,מיוצר עי קונדיטוריית,IL,גבינה לבנה 9% 500 גר,גרמים,500.00,100 גרם,false,,10.00,0.0200,false,1,97090
7290004127862,false,**תנובה גבינה למריחה מהדרין 5% 750ג,תנובה מרכז שיתופי לש,IL,גבינה 5% 750,גרמים,750.00,100 גרם,false,,14.94,0.0199,false,1,97091
7290004127916,false,גבינה לבנה 0.5% שומן 500 ג' תנובה,תנובה מרכז שיתופי לש,IL,גבינה תנובה 0.5%,גרמים,500.00,100 גרם,false,,10.00,0.0200,false,1,97093
7290004128333,false,לאבנה על בסיס יוגורט %9 שומן 500 ג' פיראוס,תנובה חלב,IL,לבנה פיראוס 9% - 500,גרמים,500.00,100 גרם,false,,20.90,0.0418,false,1,97104
7290004128340,false,קרם גבינת שמנת %5 בטעם טבעי 200 ג' תנובה,תנובה חלב,IL,גבינת קרם 5% טבעית,גרמים,200.00,100 גרם,false,,11.90,0.0595,true,1,97105
7290004128364,false,קרם גבינת שמנת 5% עם זיתים ירוקים 200 ג' תנובה,"תנובה, מחלבת תל יוסף",IL,גבינת קרם 5% זית,גרמים,200.00,100 גרם,false,,11.90,0.0595,true,1,97106
7290004128432,false,פתיתים מיוחדים לפיצה על בסיס גבינה 500 ג',תנובה חלב,IL,פתיתים מיוחדים לפיצה,גרמים,500.00,100 גרם,false,,23.50,0.0470,false,1,115569
7290004129101,false,גבינת שמנת 25% בטעם טבעי 225 ג' נפוליאון,תנובה מרכז שיתופי לש,IL,נפוליאון טבעי 30%,גרמים,225.00,100 גרם,false,,13.90,0.0618,false,1,97117
7290004129118,false,גבינת שמנת 24% עם זיתים ירוקים 225 ג' נפוליאון,תנובה מרכז שיתופי לש,IL,נפוליאון זיתים 27%,גרמים,225.00,100 גרם,false,,13.90,0.0618,false,1,97118
7290004129156,false,גבינת שמנת25% עם שום שמיר 225 ג' נפוליאון,תנובה מרכז שיתופי לש,IL,נפוליאון שום שמיר 30,גרמים,225.00,100 גרם,false,,13.90,0.0618,false,1,97119
7290004129545,false,גבינה לבנה 3% 250 גרם ועדת מהדרין,מחלבת אלון תבור,IL,גבינה תנובה 3%,גרמים,250.00,100 גרם,false,,5.00,0.0200,false,1,97127
7290004129736,false,יוגורט במתיקות מעודנת 1.5% שומן 200 ג' יופלה,תנובה מרכז שיתופי לש,IL,יופלה במתיקות מעודנת,מיליליטרים,200.00,"100 מ""ל",false,,4.50,0.0225,true,1,97131
7290004129767,false,"3% 'יופלה לבן מארז שמינייה 1.2 ק""ג",מחלבת אלון תבור,IL,יופלה טבעי 3% שמיניה,מיליליטרים,1200.00,"100 מ""ל",false,,18.40,0.0153,true,1,97132
7290004130794,false,משקה סויה במתיקות מופחתת תנובה 1 ליטר,תנובה מרכז שיתופי לש,IL,משקה סויה מועשר 1.6%,ליטרים,1.00,ליטר,false,,10.60,10.6000,false,1,97139
7290004130916,false,יוגורט יופלה פירות יער בשמנת 3% 150 גרם,תנובה מרכז שיתופי לש,IL,יופלה פירות יער בשמנ,מיליליטרים,150.00,"100 מ""ל",false,,5.10,0.0340,false,1,97142
7290004131074,false,"חלב 1 ליטר 3% קרטון ""תנובה""- מוצר בפיקוח",תנובה מרכז שיתופי לש,IL,חלב 3% טרי בקרטון מה,ליטרים,1.00,ליטר,false,,6.23,6.2300,false,1,97147
7290004131227,false,גבינה לבנה 3% שומן 500 גרם מהדרין,תנובה מרכז שיתופי לש,IL,גבינה למריחה 3%,גרמים,500.00,100 גרם,false,,10.00,0.0200,false,1,97150
7290004131432,false,יוגורט יופלה לבן ביו 3% 200 גרם,מיוצר עי קונדיטוריית,IL,יופלה טבעי 3%,מיליליטרים,200.00,"100 מ""ל",false,,4.00,0.0200,true,1,97151
7290004131456,false,יוגורט ביו 1.5% שומן 200 ג' יופלה,מיוצר עי קונדיטוריית,IL,יופלה טבעי 1.5%,מיליליטרים,200.00,"100 מ""ל",false,,4.00,0.0200,true,1,97152
7290004131814,false,גבינה צפתית 5% מעודנת 200 ג' פיראוס,פארייפאבה אגרואינדוס,IL,גבינת פיראוס צפתית מ,גרמים,200.00,100 גרם,false,,15.90,0.0795,false,1,97165
7290004131845,false,גבינת לאבנה 9% שומן 750 ג' פיראוס,תנובה מרכז שיתופי לש,IL,לאבנה פיראוס 9% 750,גרמים,750.00,100 גרם,false,,23.90,0.0319,false,1,139846
7290004132552,false,משקה סויה בטעם טבעי לייט תנובה 1 ליטר,תנובה מרכז שיתופי לש,IL,דיאט סויה טבעי 1.8%,ליטרים,1.00,ליטר,false,,10.60,10.6000,false,1,97186
7290004132712,false,חטיף אצבעות גבינת מוצרלה 20% 172 ג' עמק,תנובה מרכז שיתופי לש,IL,אצבעות גבינת מוצרלה,גרמים,174.00,100 גרם,false,,16.90,0.0971,false,1,97194
7290004132903,false,גבינה לבנה 3% מהדרין תנובה 250 גרם,תנובה מרכז שיתופי לש,IL,"גבינה 3% בד""צ",גרמים,250.00,100 גרם,false,,5.00,0.0200,false,1,156487
7290004133511,false,יופלה מאגדת לבן 1.5% מעודן 8 יח' * 150 ג',מיוצר עי קונדיטוריית,IL,שמיניית יופלה במתיקו,מיליליטרים,1200.00,"100 מ""ל",false,,21.90,0.0182,true,1,97212
7290004134945,false,יוגורט מוקה 3% שומן 150 ג' יופלה,תנובה מרכז שיתופי לש,IL,יופלה מוקה 3%,מיליליטרים,150.00,"100 מ""ל",false,,5.10,0.0340,true,1,97247
7290004135324,false,פיראוס בולגרית מע5%משקל,תנובה מרכז שיתופי לש,IL,בולגרית 5% מעודנת תנ,קילוגרמים,1.00,"ק""ג",true,,49.90,49.9000,false,1,96850
7290004135614,false,גבינה בולגרית מעודנת 5% פיראוס 250 גרם,תנובה חלב,IL,בולגרית מעודנת 5% תנ,גרמים,250.00,100 גרם,false,,23.90,0.0956,false,1,114039
7290004136291,false,צפתית 5% מעודנת תנוב,תנובה,IL,צפתית מעודנת,קילוגרמים,1.00,"ק""ג",true,,59.90,59.9000,true,1,120176
7290004136598,false,מארז הפסקת אוכל עם קורנפלקס ומשקה חלב עמיד בטעם וניל,פארייפאבה אגרואינדוס,IL,מארז הפסקת אוכל חלב,מיליליטרים,150.00,"100 מ""ל",false,,9.30,0.0620,false,1,112319
7290004136857,false,מעדן גלי פטל תנובה 125 גרם,תנובה מרכז שיתופי לש,IL,ג'לי פטל תנובה,גרמים,125.00,100 גרם,false,,2.40,0.0192,true,1,111833
7290004136864,false,מעדן ג'לי בטעם אננס עם חתיכות תנובה 125 גרם,תנובה חלב,IL,ג'לי אננס עם חתיכו א,גרמים,125.00,100 גרם,false,,2.80,0.0224,true,1,111834
7290004136871,false,מעדן ג'לי בטעם אפרסק עם חתיכות תנובה 125 גרם,תנובה מרכז שיתופי לש,IL,ג'לי אפרסק עם חתיכות,גרמים,125.00,100 גרם,false,,2.80,0.0224,true,1,111835
7290004137021,false,"שמנת עמידה לבישול מופחת שומן 10% השף הלבן 250 מ""ל",תנובה מרכז שיתופי לש,IL,שמנת לבישול מופחת שו,מיליליטרים,250.00,"100 מ""ל",false,,8.70,0.0348,false,1,115520
7290004137311,false,עמק לייט משפחתית 9% 400ג-ועדת מהדרין,תנובה חלב,IL,עמק לייט 9% 400 גרם,גרמים,400.00,100 גרם,false,,31.90,0.0797,false,1,115102
7290004137809,false,פיראוס לאבנה 5% גביע 250 גרם,"תנובה, מחלבת אלון תב",IL,לאבנה 5% פיראוס,גרמים,250.00,100 גרם,false,,13.00,0.0520,false,1,115352
7290004146993,false,נקה 7 מרכך שיער צבוע ומובהר 750 מל,אמיליה קוסמטיקס,IL,נקה 7-מייצב צבוע כתו,מיליליטרים,750.00,"100 מ""ל",false,,11.90,0.0159,true,1,107926
7290004147020,false,גיישנית מקורית/יפאני,איסן,JP,ספוג יפני לרחצה,יחידה,0.00,יחידה,false,,22.90,0.0000,true,1,105244
7290004147051,false,קיסמי שיניים רפואיים 300יח',וולטרס,,קיסמי שיניים צנצ,יחידה,0.00,יחידה,false,,10.90,0.0000,true,1,105246
7290004147150,false,ליפות גב לרחצה + רצו,מיה טריידינג,CN,רצועות מסאז' לגב,יחידה,0.00,יחידה,false,,12.90,0.0000,true,1,105249
7290004147280,false,שקית כביסון,מיה טריידינג,CN,שקית כביסון,יחידה,750.00,יחידה,false,,9.90,0.0132,true,1,105254
7290004147334,false,סוגרן שקיות מזון,מיה טריידינג,CN,סוגרן שקיות,יחידה,0.00,יחידה,false,,7.90,0.0000,true,1,114704
7290004147440,false,קוצץ ציפורניים,,,קוצץ ציפורניים,יחידה,0.00,יחידה,false,,8.90,0.0000,true,1,121248
7290004147969,false,קיסמי שיניים מלח,,,קיסמי שיניים מלח,יחידה,0.00,יחידה,false,,3.80,0.0000,true,1,105261
7290004199241,false,נרות חימום חסידים 50 יחידות,חסידים,,נרות חימום 50 יח',יחידה,0.00,יחידה,false,,9.90,0.0000,true,1,266551
7290004199456,false,מיכל חלוקה לאבקת חלב 4 תאים טוליפס פרמיום,,,מיכל חלוקה לאבקת חלב,יחידה,0.00,יחידה,false,,16.90,0.0000,true,1,191548
7290004199777,false,צימרוני אוזניים פלסטיק בכוס 300 יחידות אינטרסאן,כוטון סופט,,צימרוני אוזניים בכוס,יחידה,0.00,יחידה,false,,7.50,0.0000,true,1,136639
7290004199784,false,כפפות S לטקס עם איבוק עדין 100 יח- SAFE TOUCH,סייף טאצ,TH,כפפות לטקס 100 יח' S,יחידה,0.00,יחידה,false,,17.90,0.0000,true,1,214391
7290004199791,false,כפפות M לטקס עם איבוק עדין 100 יח- SAFE TOUCH,סייף טאצ,TH,כפפות לטקס 100 יח' M,יחידה,0.00,יחידה,false,,17.90,0.0000,true,1,214392
7290004199807,false,כפפות L לטקס עם איבוק עדין 100 יח- SAFE TOUCH,סייף טאצ,TH,כפפות לטקס 100 יח' L,יחידה,0.00,יחידה,false,,17.90,0.0000,true,1,214393
7290004200930,false,זיקוק זוג 15 סמ בשקית,שמחה זה אנחנו,CN,זוג זיקוקין,יחידה,0.00,יחידה,false,,7.20,0.0000,true,1,95357
7290004218034,false,אוסובוקו קפוא,,,אוסובוקו קפוא,קילוגרמים,1.00,"ק""ג",true,,55.00,55.0000,false,1,126971
7290004219277,false,אנשובי ארוך בצנצנת ויליפוד 80 גרם,קונסרבאס פרדו,IT,אנשובי ארוך צנצנ,גרמים,100.00,100 גרם,false,,12.00,0.1200,true,1,105134
7290004219284,false,אנשובי עגול בצנצנת ויליפוד 80 גרם,קונסרבאס פרדו,IT,פילה אנשובי עגול בשמ,גרמים,80.00,100 גרם,false,,12.00,0.1500,true,1,105135
7290004219819,false,קומפלטה מלבין קפה הולנדי 200ג,פריזלנד פודס קיוויט,NL,מלבין קפה הולנדי,גרמים,200.00,100 גרם,false,,10.90,0.0545,true,1,105136
7290004221409,false,וובר רוטב חזרת 453 גרם בקבוק לחיץ,וובר ספרינגפילד,,רוטב חזרת SANDWICH P,גרמים,454.00,100 גרם,false,,19.90,0.0438,true,1,100393
7290004225278,false,בסגנון דנבלו 28% במשקל,נטו מלינדה סיימן,IL,גבינת דנאבלו,קילוגרמים,1.00,"ק""ג",true,,84.90,84.9000,true,1,140689
7290004225285,false,גבינה בסגנון דנאבלו 100 ג',האי נאם סי או אל.טי.,DK,גבינת דנבלו 100 גר,גרמים,100.00,100 גרם,false,,11.90,0.1190,true,1,144715
7290004225872,false,קרם קוקוס ויליגר 400 גרם,טקרנג פינאפלה אינדוס,TH,"קרם קוקוס 400 מ""ל",מיליליטרים,400.00,"100 מ""ל",false,,6.30,0.0157,true,1,143300
7290004230081,false,קציצות עוף ברוטב עגבניות שגב 800 גרם,"טיבון ויל אחזקות בע""\מ",IL,קציצות עוף ברוטב עגב,גרמים,800.00,100 גרם,false,,22.90,0.0286,true,1,140996
7290004230104,false,קציצות בקר ברוטב עגבניות שגב,טיבון ויל אחזקות בעמ,IL,קציצות בקר ברוטב עגב,גרמים,800.00,100 גרם,false,,22.90,0.0286,true,1,186423
7290004230326,false,מקלות פילו תפוח עץ 600גר,שלושת האופים שגמור,IL,"שטרודל פילו תפ""ע",גרמים,600.00,100 גרם,false,,21.00,0.0350,true,1,189008
7290004230333,false,"מקלות בורקס פילו תפו""א שגב 600 גר",שלושת האופים שגמור,IL,מקלות בורקס פילו שגב,גרמים,600.00,100 גרם,false,,21.00,0.0350,true,1,141825
7290004230340,false,מקלות בורקס פילו תרד ובצל שגב 600 ג,שלושת האופים שגמור,IL,מקלות בורקס פילו תרד,גרמים,600.00,100 גרם,false,,21.00,0.0350,true,1,141826
7290004230364,false,שגב מקלות בורקס פילו גבינה צרפתי 600 גר,שלושת האופים שגמור,IL,מקלות בורקס פילו גבי,גרמים,600.00,100 גרם,false,,21.00,0.0350,true,1,141828
7290004256371,false,ריץ פרוס 400 ג' -צהובה פרוסה,מלקפול אלוורטוסקה,PL,גבינת ריץ פרוסה 400,גרמים,400.00,100 גרם,false,,17.90,0.0447,false,1,208197
7290004256753,false,עלי לסיגר מרוקאי לפסטיליה 450 גרם,סטאר סנקס,IL,עלי סיגר לפסטילייה,יחידה,0.00,יחידה,false,,13.90,0.0000,true,1,207197
7290004324605,false,גבינה מותכת למריחה בטעם רוקפור 7% מון בלאן 120 ג',האי נאם סי או אל.טי.,IL,מון בלאן רוקפור לייט,גרמים,120.00,100 גרם,false,,13.00,0.1083,true,1,109392
7290004324858,false,קבב כבש טיבון ויל 500 גרם,"טיבון ויל אחזקות בע""",IL,קבב כבש,גרמים,500.00,100 גרם,false,,18.90,0.0378,false,1,109394
7290004329990,false,שניצל עוף פרוס קפוא,בלדי,,שניצל עוף פרוס,קילוגרמים,1.00,"ק""ג",true,,42.90,42.9000,true,1,95394
7290004339425,false,שווארמה מהצומח 350 גרם טבע דלי,טבע דלי בעמ,IL,שווארמה מהצומח טבע ד,גרמים,350.00,100 גרם,false,,24.90,0.0711,true,1,189659
7290004339784,false,המבורגר ניו יורק על האש 400 גרם טבע דלי,טבע דלי,IL,טבע דלי-המבורגר מהצו,גרמים,400.00,100 גרם,false,,24.90,0.0622,true,1,147699
7290004364489,false,שריר בננה ואקום,,,שריר בננה ואקום,קילוגרמים,1.00,"ק""ג",true,,69.90,69.9000,false,1,263159
7290004386825,false,שעועית בגודל ענק אפויה ברוטב עגבניות -מוכן לאכילה,וילי פוד,GR,שעועית ברוטב עגבניות,גרמים,420.00,100 גרם,false,,7.90,0.0188,true,1,211722
7290004492274,false,בייגלה טבעות מלוחות בייגל בייגל 400 גרם,יוניליוור מזון,IL,בייגלה טבעות מלוחות,גרמים,400.00,100 גרם,false,,8.90,0.0223,true,1,101677
7290004492762,false,"נשנושים תירס אפוי טעם טבעי בייגל בייגל 325 גרם בד""צ",בייגל את בייגל מזון 198),IL,נשנושים תירס,גרמים,325.00,100 גרם,false,,13.50,0.0415,false,1,101693
7290004494049,false,פומה סוביניון בלאן-דלתון 750 מל,"יקב דלתון בע""\מ",IL,דלתון גליל סובניון ב,מיליליטרים,750.00,"100 מ""ל",false,,59.90,0.0799,true,1,261932
7290004494315,false,יין כנען מוסקטו דלתון 750 מל,"יקב דלתון בע""מ",IL,מוסקטו דלתון,מיליליטרים,750.00,"100 מ""ל",false,,37.50,0.0500,true,1,119362
7290004494353,false,"יין עלמה אייבורי 750 מ""ל דלתון","יקב דלתון בע""מ",IL,יין דלתון עלמה לבן,מיליליטרים,750.00,"100 מ""ל",false,,79.90,0.1065,true,1,264519
7290004494377,false,"יין אדום שיראז סדרת דלתון 750 מ""ל","יקב דלתון בע""\מ",IL,דלתון גליל שיראז,מיליליטרים,750.00,"100 מ""ל",false,,59.90,0.0799,true,1,102705
7290004494599,false,"יין עלמה קרימזון 750 מ""ל דלתון","יקב דלתון בע""מ",IL,עלמה אדום כהה,מיליליטרים,750.00,"100 מ""ל",false,,79.90,0.1065,true,1,117071
7290004494919,false,יין כנען קברנה שיראז 750 מל דלתון,"יקב דלתון בע""מ",IL,כנען קברנה שיראז,מיליליטרים,750.00,"100 מ""ל",false,,37.50,0.0500,true,1,195141
7290004517403,false,סלט איקרה לבנה / אדו,,,סלט איקרה לבנה / אדו,גרמים,250.00,100 גרם,false,,14.90,0.0596,true,1,195455
7290004517465,false,סלט איקרה ורודה 250,,,סלט איקרה ורודה,גרמים,250.00,100 גרם,false,,14.90,0.0596,true,1,199106
7290004518011,false,מקרל מעושן בוואקום,,,מקרל מעושן בוואקום,קילוגרמים,1.00,"ק""ג",true,,65.00,65.0000,true,1,209751
7290004518158,false,טונה מעושנת,,,טונה מעושנת,קילוגרמים,1.00,"ק""ג",true,,150.00,150.0000,true,1,207454
7290004518226,false,מקרוסקה בוואקום,,,מקרוסקה בוואקום,קילוגרמים,1.00,"ק""ג",true,,100.00,100.0000,true,1,209618
7290004518462,false,סלומון פרוס 100 גר',,,סלומון פרוס 100 גר',יחידה,0.00,יחידה,false,,24.90,0.0000,true,1,209750
7290004518561,false,סלמון מעושן פרוס 200,,,סלמון מעושן פרוס 200,גרמים,200.00,100 גרם,false,,49.90,0.2495,true,1,212046
7290004536039,false,כפפות דלפין זוג ורוד מס8,ספונטקס,MY,כפפות דלפין,יחידה,0.00,יחידה,false,,7.50,0.0000,true,1,104864
7290004536053,false,כפפות דלפין 2 צבעים מס' 7,גורי,,כפפות מס 7,יחידה,0.00,יחידה,false,,11.90,0.0000,true,1,104866
7290004536060,false,כפפות דלפין 2 צבע מס' 8 MAPA,גורי,,כפפות מס 8,יחידה,0.00,יחידה,false,,11.90,0.0000,true,1,104867
7290004554903,false,"גלידת פנטזיה שוקו וניל 900 מ""ל שטראוס","גלידת שטראוס בע""\מ, רחוב",IL,פנטזיה פרווה,יחידה,900.00,יחידה,false,,23.90,0.0266,true,1,95996
7290004584306,false,רבעיית גמדים בטעם תות בננה * 100 ג' שטראוס,מיוצר עי קונדיטוריית,IL,סופר גמדים תות בננה,גרמים,400.00,100 גרם,false,,11.60,0.0290,true,1,95584
7290004584351,false,גבינה לבנה סימפוניה עם תוספות 200 ג' חמישית 200,"שטראוס בריאות בע""\מ",IL,סימפוניה 5%,גרמים,200.00,100 גרם,false,,11.20,0.0560,false,1,95585
7290004584528,false,יוגורט דנונה ביו לבן 1.7% שומן 200 גרם,מיוצר עי קונדיטוריית,IL,יוגורט דנונה ביו 1.7,מיליליטרים,200.00,"100 מ""ל",false,,3.70,0.0185,true,1,95586
7290004585907,false,דני ועדן וניל 1.5% 125ג' שטראוס,מיוצר עי קונדיטוריית,IL,דני וניל 1.5%,מיליליטרים,130.00,"100 מ""ל",false,,2.70,0.0208,true,1,95588
7290004603175,false,מלח הים האדום גס מלח הארץ 500 גרם,"חברת מלח הארץ אילת בע""\מ",IL,מלח גס 500 גר',גרמים,500.00,100 גרם,false,,7.90,0.0158,true,1,145887
7290004639006,false,קוסקוס טוניסאי קפוא 800 גר,מטעמי פאר,IL,קוסקוס קפוא 800 גר',גרמים,800.00,100 גרם,false,,15.90,0.0199,true,1,100543
7290004652487,false,מנצ'גו כבשים עם כמהי,,,מנצ'גו כבשים עם כמהי,קילוגרמים,1.00,"ק""ג",true,,169.00,169.0000,true,1,264007
7290004658960,false,יין אמרלד ריזלינג פרייבט קולקשן יקבי כרמל,אגודת הכורמים הקואופרטיב,IL,אמרלד ריזלינג PRIVAT,מיליליטרים,750.00,"100 מ""ל",false,,34.90,0.0465,false,1,103612
7290004725600,false,גבינה סקנדינבית31% משקל,תנובה חלב,IL,גבינה סקנדינבית,קילוגרמים,1.00,"ק""ג",true,,79.90,79.9000,false,1,194737
7290004731076,false,"סבון נוזלי לידיים אלוורה ""כיף""",טרופיקל דגיל תעשיות,IL,אל סבון כיף 1 ליטר א,ליטרים,1.00,ליטר,false,,12.90,12.9000,true,1,138476
7290004731083,false,"סבון נוזלי לידיים ג'נסינג ""כיף""",טרופיקל דגיל תעשיות,IL,כיף ג'נסינג 1 ליטר,ליטרים,1.00,ליטר,false,,12.90,12.9000,true,1,138477
7290004731410,false,"שלישיית כריות קרצוף ירוקות סנו סושי 25X10.6 ס""מ",קריות זול,IL,סקוטש סושי ענק ירוק,יחידה,0.00,יחידה,false,,9.90,0.0000,true,1,108368
7290004731472,false,"שלישיית אלסבון צבעוני כיף 500 מ""ל",טרופיקל דגיל תעשיות,IL,כיף סבון נוזלי שלישי,ליטרים,1.50,ליטר,false,,19.90,13.2667,true,1,108372
7290004731519,false,"מקסימה מרכך ומבשם כביסה למייבש סנסיטיב סנו 750 מ""ל",סנו מקסימה,IL,סנו מקסימה למייבש,מיליליטרים,750.00,"100 מ""ל",false,,19.90,0.0265,true,1,108374
7290004731564,false,"מקסימה מבשם ומרכך למייבש הכביסה בלו בלוסום 750 מ""ל",סנו מקסימה,IL,סנו מקסימה ספריי למי,מיליליטרים,750.00,"100 מ""ל",false,,19.90,0.0265,true,1,198077
7290004731670,false,"מטהר אוויר דואופרש פצ'ולי לבנדר סנו 300 מ""ל","סנו מפעלי ברונוס בע""\מ",IL,דואופרש אפרסק ומנדרי,מיליליטרים,300.00,"100 מ""ל",false,,12.90,0.0430,true,1,108380
7290004731687,false,"מטהר אויר בניחוח וניל ולמון גראס סנו 300 מ""ל",סנו מפעלי ברונוס בעמ,IL,דואופרש וניל,יחידה,300.00,יחידה,false,,12.90,0.0430,true,1,108381
7290004731984,false,משחת שיניים אורביטול להלבנה 145 גר,טרופיקל דגיל תעשיות קוסמ,IL,אורביטול משחת שיניים,מיליליטרים,145.00,"100 מ""ל",false,,14.90,0.1028,true,1,211451
7290004737719,false,אספרגוס שלם מקולף בצנצנת ויליפוד 330 גרם,קריות זול,CN,אספרגוס שלם מקולף 33,גרמים,330.00,100 גרם,false,,9.90,0.0300,true,1,105141
7290004737900,false,חלב כחוש מרוכז וממותק בתוספת שמן צמחי ויליפוד 397 גרם,יו.איי.בי מאריג'אמפו,LT,חלב מרוכז,גרמים,397.00,100 גרם,false,,9.90,0.0249,true,1,105143
7290004768294,false,"פילה אמנון 5-7 ללא עור הדייג בוואקום חת""ס",Unknown,CN,פילה אמנון 5-7 ללא ע,קילוגרמים,1.00,"ק""ג",true,,26.90,26.9000,false,1,208719
7290004829186,false,קולפן שוויצרי,,,קולפן שוויצרי,יחידה,0.00,יחידה,false,,16.90,0.0000,true,1,193639
7290004861025,false,גבינה בולגרית 5% במשקל,"מחלבת המושבה בע""מ",IL,גבינה בולגרית המושבה,קילוגרמים,1.00,"ק""ג",true,,51.90,51.9000,true,1,113994
7290004861056,false,צפתית/ברינזה 5% המוש,"מחלבת המושבה בע""מ",IL,צפתית 5% המושבה,קילוגרמים,1.00,"ק""ג",true,,52.90,52.9000,true,1,147578
7290004861063,false,גבינת קש המושבה במשק,"מחלבת המושבה בע""מ",IL,גבינת קש המושבה במשק,קילוגרמים,1.00,"ק""ג",true,,54.90,54.9000,true,1,113830
7290004861285,false,גבינה טבורוג המושבה,"מחלבת המושבה בע""מ",IL,גבינה טבורוג המושבה,קילוגרמים,1.00,"ק""ג",true,,39.90,39.9000,true,1,113758
7290004861407,false,מוצרלה כדורים מושבה,,,מוצרלה כדורים מושבה,קילוגרמים,1.00,"ק""ג",true,,95.90,95.9000,true,1,147801
7290004861445,false,כדורי לבנה בזעתר במשקל,מחלבת מושבה,IL,כדורי לבנה בשמן המוש,קילוגרמים,1.00,"ק""ג",true,,149.90,149.9000,true,1,116886
7290004952778,false,טופו מפולי סויה אורגני הרדוף 300 גר,כפר בריא בעמ,IL,טופו אורגני 8.5%,גרמים,300.00,100 גרם,false,,14.90,0.0497,true,1,97529
7290004955762,false,טחינה גולמית 450 גרם זארובי,זארובי,,טחינה 450 גר' זארובי,גרמים,450.00,100 גרם,false,,12.90,0.0287,true,1,215206
7290004955779,false,טחינה 900 גר' זארובי,זארובי,,טחינה 900 גר' זארובי,גרמים,900.00,100 גרם,false,,23.90,0.0266,true,1,215207
7290004977009,false,עמבה הודית סלטי משני,משני,,עמבה 300 גר' משני,גרמים,300.00,100 גרם,false,,14.90,0.0497,true,1,201640
7290004977016,false,ממרח לימון סלטי משני,סלטי משני,,ממרח לימון 300 גר',גרמים,300.00,100 גרם,false,,12.90,0.0430,true,1,202001
7290004977023,false,סלט אבוקדו עם ביצים,משני,,סלט אבוקדו עם ביצים,גרמים,300.00,100 גרם,false,,19.90,0.0663,true,1,210860
7290004982355,false,צדר טריפל סיימן במשק,כושר דיירי,GB,גבינת טריפל צ'דר,קילוגרמים,1.00,"ק""ג",true,,140.00,140.0000,true,1,191704
7290004982393,false,גבינה ברס בלו במשקל1,בנוגראן,FR,גבינת ברס בלו,קילוגרמים,1.00,"ק""ג",true,,185.00,185.0000,true,1,134227
7290005008184,false,"סבון נוזלי בניחוח חלב שקדים פלמוליב 500 מ""ל",הנסיך- מפעל לייצור ט,TR,פלמוליב סבון נוזלי ש,מיליליטרים,500.00,"100 מ""ל",false,,14.90,0.0298,false,1,96392
7290005008191,false,"סבון נוזלי ארומה בניחוח לבנדר פטצ'ולי וילנג ילנג פלמוליב 500 מ""ל",הנסיך- מפעל לייצור ט,TR,סבון נוזלי פלמוליב ס,מיליליטרים,500.00,"100 מ""ל",false,,14.90,0.0298,false,1,96393
7290005008436,false,מטליות אוניברסל רב שימושיות 9יח,,IL,מטליות אוניברסל תשיע,יחידה,0.00,יחידה,false,,12.90,0.0000,true,1,109695
7290005020346,false,"רום בקרדי לבן 750 מ""ל",תאגיד בקרדי,US,רום בקרדי לבן 7,יחידה,700.00,יחידה,false,,99.90,0.1427,true,1,99938
7290005041198,false,מעדני הטלה קבב ביתי,לאטי עזרא גלם ודגים,IL,"קבב ביתי 1 ק""ג",קילוגרמים,1.00,"ק""ג",false,,45.90,45.9000,true,1,142500
7290005068058,false,גרעיני תירס קל - תירס מזן מתוק מופחת קלוריות,"פרי הגליל בע""""מ",IL,תירס קל 550 גרם,גרמים,550.00,100 גרם,false,,6.90,0.0125,false,1,99703
7290005079290,false,נעם גבינה צהובה15% משקל,טרה,IL,גבינה צהובה 15% נעם,קילוגרמים,1.00,"ק""ג",true,,68.90,68.9000,false,1,190798
7290005079344,false,מוצרלה נועם רכיבים ט,מחלבת משק צוריאל,IL,מוצרלה נעם,קילוגרמים,1.00,"ק""ג",true,,81.90,81.9000,false,1,200477
7290005079412,false,גבינה אמנטל נעם 30% משקל,טרה,IL,נעם אמנטל מעדניה,קילוגרמים,1.00,"ק""ג",true,,63.90,63.9000,true,1,197748
7290005084355,false,סנסודין משחת שיניים דואל קר פלואוריד 75,גלקסו סמית קליין,GB,סנסודין דואל קר,מיליליטרים,75.00,"100 מ""ל",false,,21.90,0.2920,true,1,104498
7290005111761,false,"מזון לכלבים בונזו מזון כלבים בשר 3 ק""ג","ביופט בע""מ",FR,"בונזו בשר 3 ק""ג",קילוגרמים,3.00,"ק""ג",false,,47.90,15.9667,false,1,107035
7290005113222,false,זיתים קוקטייל וגמבה יבנה 350ג',קבוצת יבנה,IL,מיקס זיתים 340 גרם ל,גרמים,340.00,100 גרם,false,,9.90,0.0291,true,1,115565
7290005174551,false,סלט חומוס עם צנוברים 125 ג' אחלה,מיוצר עי קונדיטוריית,IL,סלט חומוס אחלה א,גרמים,125.00,100 גרם,false,,4.60,0.0368,true,1,95592
7290005174575,false,טחינה אחלה יום יום משובחת 125ג',מיוצר עי קונדיטוריית,IL,סלט טחינה אישי א,גרמים,125.00,100 גרם,false,,4.60,0.0368,true,1,95594
7290005175589,false,"קמח תירס ללא גלוטן וילי פוד 1 ק""ג",קריות זול,AR,קמח תירס 1 קג,יחידה,1.00,יחידה,false,,9.90,9.9000,true,1,105145
7290005197758,false,"עוגיות חיוכים שוקולד עלית 150 גרם בד""צ",אפיפית נצרת תעשיות ב,IL,חיוכים שוקו עלית,גרמים,150.00,100 גרם,false,,5.30,0.0353,true,1,98903
7290005199288,false,מסטיק MUST בטעם פטל לימון ללא סוכר 28 גרם,"שטראוס גרופ בע""מ",IL,מסטיק מאסט טעם פטל ל,גרמים,28.00,100 גרם,false,,4.60,0.1643,false,1,98908
7290005199578,false,קפה פלטינום נטול קפאין עלית 200 גרם,שטראוס קפה בי.וי.,IL,קפה נמס פלטינום נטול,גרמים,200.00,100 גרם,false,,31.90,0.1595,false,1,98913
7290005199738,false,גומי מאסט בטעם פפרמינט ריח פה נעים פליפטופ 28 ג' עלית,"שטראוס גרופ בע""מ",IL,מסטיק מאסט בטעם פפרמ,גרמים,28.00,100 גרם,false,,4.60,0.1643,false,1,98915
7290005200786,false,תפוצ'יפס בטעם שמנת בצל עלית 50 גרם,"שטראוס פריטו ליי בע""\מ )",IL,תפוציפס 50,גרמים,50.00,100 גרם,false,,3.90,0.0780,true,1,99398
7290005201882,false,קפה טורקי בצלופן עלית 200 גרם,הנסיך- מפעל לייצור ט,IL,קפה טורקי 200,גרמים,200.00,100 גרם,false,,14.90,0.0745,false,1,98926
7290005270000,false,עלי סיגר מרוקאי 500,"חמים וטעים בע""מ",IL,עלי סיגר מרוקאי 500,גרמים,500.00,100 גרם,false,,14.90,0.0298,true,1,103103
7290005287206,false,רביעיית טונה בשמן סטארקיסט 160 גרם,"סטארקיסט פודור בע""מ",VN,רביעייה טונה בשמן 4x,גרמים,640.00,100 גרם,false,,24.90,0.0389,false,1,107069
7290005287251,false,רביעיית טונה במים סטארקיסט 160 גרם,"סטארקיסט פודור בע""מ",VN,רביעייה טונה סטארקיס,גרמים,640.00,100 גרם,false,,24.90,0.0389,false,1,107071
7290005287510,false,"סטארקיסט טונה בשמן עם פלפל חריף 160 גרם בד""צ",תאי יוניון גרופ,TH,טונה סטארקיסט בשמן פ,גרמים,160.00,100 גרם,false,,7.60,0.0475,true,1,142212
7290005287527,false,"סטארקיסט טונה בשמן עם לימון 160 גרם בד""צ","סטארקיסט פודור בע""מ",TH,טונה סטארקיסט בשמן ל,גרמים,160.00,100 גרם,false,,7.60,0.0475,true,1,142553
7290005287534,false,"סטארקיסט טונה בשמן עישון טבעי 160 גרם בד""צ",תאי יוניון גרופ,IL,טונה סטארקיסט בשמן ע,גרמים,160.00,100 גרם,false,,7.60,0.0475,true,1,142535
7290005287657,false,"סטארקיסט ממרח טונה 160 גרם בד""צ","סטארקיסט פודור בע""מ",TH,ממרח טונה סטאר קיסט,גרמים,160.00,100 גרם,false,,7.90,0.0494,true,1,116950
7290005296246,false,"פותח סתימות דריין אאוט 946 מ""ל יעקבי",יוליניבר,US,פותח סתימות,מיליליטרים,946.00,"100 מ""ל",false,,29.90,0.0316,true,1,103349
7290005296260,false,"אסטוניש ספריי רסס ונגב לניקוי כללי יעקבי 750 מ""ל",יעקובי אסטוניש,GB,אסטוניש רסס נגב,מיליליטרים,750.00,"100 מ""ל",false,,11.90,0.0159,true,1,103350
7290005296857,false,"פוליבוי ספריי מנקה ומבריק הכל יעקבי 300 מ""ל",דרמרס DRAMERS,DE,פוליבוי מרסס לכל הרה,מיליליטרים,300.00,"100 מ""ל",false,,14.90,0.0497,true,1,103356
7290005296895,false,פוליבוי קצף לכלי כסף,פוליבוי,DE,פוליבוי כסף בקבו,מיליליטרים,200.00,"100 מ""ל",false,,21.90,0.1095,true,1,103359
7290005317125,false,ביסקוויט חצי מצופה הדר 175 גרם,אפיפית נצרת תעשיות ב,IL,ביסקויט חצי מצופה,גרמים,175.00,100 גרם,false,,5.90,0.0337,true,1,195870
7290005317194,false,בסקויט מתוק רגיל/שוקו 110 גר,אפיפית נצרת,IL,פתיבר וניל הדר 110 ג,גרמים,110.00,100 גרם,false,,3.00,0.0273,true,1,197179
7290005317200,false,קרקר טופז טעמים שונים 110 גר,אפיפית נצרת,IL,קרקר טופז הדר 110 גר,גרמים,110.00,100 גרם,false,,3.00,0.0273,true,1,196888
7290005326387,false,עגבניות מיובשות בשמן זית אוליביה 270 גרם,אוליביה,IL,עגבניות מיובשות אולי,גרמים,280.00,100 גרם,false,,19.90,0.0711,true,1,104892
7290005326677,false,רוטב ברביקיו אוליביה 350 גר,,IL,רוטב ברביקיו 350 גר',גרמים,350.00,100 גרם,false,,13.90,0.0397,true,1,203269
7290005384837,false,"מיץ לימונים מלימונים טריים 500 מ""ל",דריבדוס סיטרוס,ES,מיץ לימון טבעי,מיליליטרים,500.00,"100 מ""ל",false,,7.00,0.0140,true,1,105150
7290005384851,false,וילי פוד מיץ לימון בדץ 200מל,קריות זול,IT,מיץ לימון משומר,מיליליטרים,200.00,"100 מ""ל",false,,4.90,0.0245,true,1,105152
7290005384868,false,בסיגנון דנאבלו 29% במשקל,,IL,גבינת דנאבלו מעדניה,קילוגרמים,1.00,"ק""ג",true,,89.90,89.9000,true,1,105066
7290005384899,false,פטינה ים תיכונית בסג,וילי פוד,IL,פטה יוונית,קילוגרמים,1.00,"ק""ג",true,,37.00,37.0000,true,1,105155
7290005423253,false,"סנו - מקסימה מרסס למייבש כביסה אולטרה פרש 750 מ""ל","סנו מפעלי ברונוס בע""\מ",IL,מבשם למייבש כביסה,מיליליטרים,750.00,"100 מ""ל",false,,19.90,0.0265,true,1,108394
7290005423499,false,"תרסיס לניקוי משטחי נירוסטה אירוסל סנו 500 מ""ל",מיוצר עי קונדיטוריית,IL,סנו נירוסטה,מיליליטרים,500.00,"100 מ""ל",false,,19.90,0.0398,true,1,108400
7290005423567,false,מטליות ניקוי רב שימושיות בגליל סנו סושי 40 יחידות,אסותא תעשיות אלבד בע,IL,מטליות לניקוי כללי צ,יחידה,0.00,יחידה,false,,19.90,0.0000,true,1,108402
7290005423635,false,ריצפז נוזל רצפות דוחה תיקנים סנו 2 ליטר,מיוצר עי קונדיטוריית,IL,ריצפז דוחה חרקים,ליטרים,2.00,ליטר,false,,21.90,10.9500,false,1,108404
7290005423734,false,מרכך כביסה מרוכז אולטרא פרש סנו מקסימה 4 ליטר,"סנו מפעלי ברונוס בע""\מ",IL,מרכך סנו 4 ליטר,ליטרים,4.00,ליטר,false,,21.90,5.4750,false,1,108405
7290005423833,false,פוליויקס נוזל לניקוי פרקט סנו 2 ליטר,"סנו מפעלי ברונוס בע""\מ",IL,פוליוקס פרקט,ליטרים,2.00,ליטר,false,,19.90,9.9500,true,1,108406
7290005423871,false,שלישיית משחת שיניים מנטול אורביטול 145 גרם,טרופיקל דגיל תעשיות קוסמ,IL,אורביטול שלישיה,גרמים,435.00,100 גרם,false,,19.90,0.0457,true,1,108407
7290005423918,false,סנו - מקסימה מרכך כביסה היפואלרגני אלוורה 4 ליטר,"סנו מפעלי ברונוס בע""\מ",IL,מרכך כביסה סנו מקסימ,ליטרים,4.00,ליטר,false,,22.90,5.7250,false,1,108409
7290005424021,false,"סנופרש הום מנטרל ריחות רעים 350 מ""ל",סנו fresh,IL,ריפרש מנטרל ריחות,מיליליטרים,350.00,"100 מ""ל",false,,14.90,0.0426,true,1,264853
7290005424113,false,מטליות רצפה סנו סושי 4 יחידות,סנו סושי,IL,סנו סושי מטליות,יחידה,0.00,יחידה,false,,13.00,0.0000,true,1,108411
7290005424403,false,"אל סבון כיף אצות ים קטיפתי 1ליטר,",טרופיקל דגיל תעשיות,IL,כיף 1 ליטר אצות ים,ליטרים,1.00,ליטר,false,,12.90,12.9000,true,1,138478
7290005424700,false,סנו - פורטה פלוס מרסס מסיר שומנים 1 ליטר,"סנו מפעלי ברונוס בע""\מ",IL,סנו פורטה פלוס 1 ליט,ליטרים,1.00,ליטר,false,,18.90,18.9000,true,1,202769
7290005424809,false,כריות קרצוף ענקיות לניקוי כללי סנו סושי 3 יחידות,קריות זול,IL,סקוטש סנו סושי,יחידה,0.00,יחידה,false,,9.90,0.0000,true,1,108421
7290005424847,false,"מפיות סופט לבנות לשולחן (150 יח') ""סנו""",מיוצר עי קונדיטוריית,TR,סנו סושי מפיות אירוח,יחידה,0.00,יחידה,false,,7.90,0.0000,true,1,108422
7290005425110,false,"חיטוי משטחים 99.9% מתז מחטא ומשמיד 750 מ""ל","סנו מפעלי ברונוס בע""\מ",IL,סנו חיטוי משטחים 99.,מיליליטרים,750.00,"100 מ""ל",false,,14.90,0.0199,true,1,205561
7290005425127,false,"חיטוי משטחים 99.9% מתז לשומנים ואבנית 750 מ""ל","סנו מפעלי ברונוס בע""\מ",IL,סנו חיטוי וניקוי יסו,מיליליטרים,750.00,"100 מ""ל",false,,14.90,0.0199,true,1,205562
7290005425202,false,אבקת כביסה ביו מקסימה לכתמים קשים,"סנו מפעלי ברונוס בע""\מ",IL,סנו מקסימה 5 2 ק,קילוגרמים,2.50,"ק""ג",false,,25.90,10.3600,false,1,108438
7290005425646,false,קליר נוזל לניקוי חלונות רב תכליתי סנו 1 ליטר,"סנו מפעלי ברונוס בע""\מ",IL,סנוקליר נוזל רב תכלי,ליטרים,1.00,ליטר,false,,11.90,11.9000,false,1,108441
7290005425714,false,"שמפו שטיחים סנו פלוס 600 מ""ל","סנו מפעלי ברונוס בע""\מ",IL,סנו שמפו שטיחים,מיליליטרים,600.00,"100 מ""ל",false,,23.90,0.0398,true,1,108444
7290005426230,false,מטלית הפלא לרצפה מיקרופייבר סנו 1יח',סנו סושי,IL,סושי סחבה לריצפה,יחידה,0.00,יחידה,false,,11.90,0.0000,false,1,108457
7290005426384,false,"סנומוד מבשם אויר מיס מיליון סטטוס סנו 150 מ""ל",סנו מפעלי ברונוס בעמ,IL,סנומוד תרסיס,מיליליטרים,150.00,"100 מ""ל",false,,12.90,0.0860,true,1,108461
7290005426629,false,"סנו דואופרש אורן לוטוס ופרחי מים ודובדבן, 300 מ""ל",סנו fresh,IL,דאוד' פרש אורן ד,מיליליטרים,300.00,"100 מ""ל",false,,12.90,0.0430,true,1,108472
7290005426803,false,מקסימה מרכך כביסה פצ'ולי לבנדר סגול סנו 4 ליטר,סנו מקסימה,IL,מרכך סנו מקסימה,ליטרים,4.00,ליטר,false,,21.90,5.4750,false,1,108477
7290005426971,false,סנובון סבון לאסלה תפוח כחול סנו 3 יחידות,סנו מפעלי ברונו בעמ,IL,סנובון כחול שליש,גרמים,165.00,100 גרם,false,,14.90,0.0903,false,1,108487
7290005427107,false,סנו - סושי מגבות נייר הפלא 6 יחידות,מיוצר עי קונדיטוריית,IL,סושי מגבות הפלא למטב,יחידה,0.00,יחידה,false,,11.90,0.0000,false,1,108492
7290005427848,false,מטליות ניקוי רב שימושיות בגליל סנו סושי 40 יחידות,קריות זול,IL,סנו מטליות בגליל ורו,יחידה,0.00,יחידה,false,,19.90,0.0000,true,1,108535
7290005427978,false,"תחליב רחצה לפנים פילינג קרמה 180 מ""ל",גוד פוד פרודקטס S.p,IL,תחליב פנים קרמה,מיליליטרים,180.00,"100 מ""ל",false,,14.90,0.0828,true,1,108544
7290005428845,false,מפיות סנו סופט 33*33 100 יחידות,"חי מוצרי נייר בע""מ",IL,סנו סופט מפיות 33*33,יחידה,0.00,יחידה,false,,8.90,0.0000,true,1,108559
7290005428852,false,ממחטות טישו צבעוניים סנו סופט 5 יח' *100דף,ישרפייפר,IL,סנו סופט מגבוני טישו,גרמים,650.00,100 גרם,false,,15.90,0.0245,true,1,112365
7290005429279,false,סנו מקסימה קומפקט קומפקט אפקט גאוול 6 ק,סנו מפעלי ברונוס בעמ,IL,סנו מקסימה אפקט ג'או,קילוגרמים,6.00,"ק""ג",false,,49.90,8.3167,false,1,108569
7290005429286,false,"אבקת כביסה מקסימה ביו 6 ק""ג סנו",סנו מקסימה,IL,סנו מקסימה ביו 6 קג,קילוגרמים,6.00,"ק""ג",false,,49.90,8.3167,false,1,108570
7290005430602,false,"סנו אוקסיג'ן ספריי להסרת כתמים עם חמצן פעיל 750 מ""ל","סנו מפעלי ברונוס בע""",IL,מסיר כתמים סנו,מיליליטרים,750.00,"100 מ""ל",false,,19.90,0.0265,false,1,108574
7290005430671,false,פוליויקס נוזל לניקוי קרמיקה סנו 2 ליטר,סנו מפעלי ברונו בעמ,IL,פוליוקס קרמיקה,ליטרים,2.00,ליטר,false,,19.90,9.9500,false,1,108579
7290005430961,false,שמפו לכביסה עדינה ביד בד גארד סנו מקסימה 1 ליטר,יושלם,,בד גארד נוזל 1 ל,ליטרים,1.00,ליטר,false,,17.50,17.5000,true,1,108583
7290005431159,false,תותים בקצפת לייט עדן קינוחים 80 גרם,עדן קינוחים,IL,תותים בקצפת לייט,גרמים,80.00,100 גרם,false,,6.90,0.0863,true,1,225837
7290005431883,false,מלבי חלבי עדן קינוחים 165 גרם,עדן קינוחים Eden,IL,מלבי חלבי 165 גר',גרמים,165.00,100 גרם,false,,6.90,0.0418,true,1,209714
7290005431906,false,קדאיף עדן קינוחים 82 גרם,עדן קינוחים Eden,IL,קדאיף 82 גר',גרמים,82.00,100 גרם,false,,6.90,0.0841,true,1,209716
7290005431913,false,עוגת גבינה פירורים עדן קינוחים 92 גרם,עדן קינוחים Eden,IL,עוגת גבינה פירורים 9,גרמים,92.00,100 גרם,false,,6.90,0.0750,true,1,209717
7290005431920,false,עוגת גבינה פירורים לייט עדן קינוחים 78 גרם,עדן קינוחים Eden,IL,עוגת גבינה פירורים ל,גרמים,78.00,100 גרם,false,,6.90,0.0885,true,1,209718
7290005431937,false,טירמיסו עדן קינוחים 82 גרם,עדן קינוחים Eden,IL,טירמיסו 82 גר',גרמים,82.00,100 גרם,false,,6.90,0.0841,true,1,209719
7290005431968,false,מלבי שמנת עדן קינוחים 150 גרם,עדן קינוחים Eden,IL,מלבי שמנת,גרמים,150.00,100 גרם,false,,7.90,0.0527,true,1,211818
7290005477669,false,סבון נוזלי דרמפון מועשר לחות קרליין 1 ליטר,"אמיליה קוסמטיקס בע""מ",IL,דרמפון מועשר לחו,ליטרים,1.00,ליטר,false,,15.90,15.9000,true,1,107931
7290005509445,false,עוגיות מיני קוקיס חמאה בצנצנת כרמית 600 גרם,כרמית תעשיות ממתקים,IL,מיני קוקיס בטעם חמאה,גרמים,600.00,100 גרם,false,,15.90,0.0265,true,1,104500
7290005559587,false,מאפה נקניקיה בבצק מעדנות 800ג',מיוצר עי קונדיטוריית,IL,מאפה נקניקיה בבצק,גרמים,800.00,100 גרם,false,,27.90,0.0349,false,1,97841
7290005559709,false,בורקס פיצה מעדנות 700 גרם,"מעדנות בע""\מ",IL,בורקס פיצה,גרמים,700.00,100 גרם,false,,24.90,0.0356,false,1,97847
7290005559907,false,פיצה משפחתית 100% גבינה מעדנות 500 גרם,מיוצר עי קונדיטוריית,IL,פיצה משפחתית גבינה,גרמים,500.00,100 גרם,false,,19.90,0.0398,false,1,97851
7290005559914,false,פיצה משפחתית עם 100% גבינה בתוספת זיתים מעדנות 550 גרם,מיוצר עי קונדיטוריית,IL,פיצה משפחתית זיתים,גרמים,550.00,100 גרם,false,,19.90,0.0362,false,1,97852
7290005559990,false,בצק פילאס תורכי מעדנות 600 גרם,מיוצר עי קונדיטוריית,IL,בצק פילס תורכי,גרמים,600.00,100 גרם,false,,19.90,0.0332,false,1,97860
7290005589027,false,סוכריות לקקני ישראל 10יח,,IL,לקקן מוצץ / תרנגול 1,גרמים,90.00,100 גרם,false,,12.90,0.1433,true,1,216098
7290005589492,false,שלווה חיטה מלאה דבש 200 גרם דגן,מפעלי דגן,IL,חיטה מלאה תפוחה בציפ,גרמים,200.00,100 גרם,false,,6.50,0.0325,true,1,187737
7290005591761,false,דבש טהור מפרחי בר בלחיץ 400 ג' יד מרדכי,מכוורת יד מרדכי שטראוס ב,IL,דבש יד מרדכי לחיץ טה,גרמים,400.00,100 גרם,false,,26.90,0.0672,false,1,98927
7290005651069,false,"מזון חתולים לה קט מיקס 2.85 ק""ג","ביופט בע""מ",FR,"לה קט מיקס 2.85 ק""ג",קילוגרמים,2.85,"ק""ג",false,,59.90,21.0175,false,1,107085
7290005651366,false,"מזון לכלבים בונזו מזון כלבים כבד 3 ק""ג","ביופט בע""מ",IL,"בונזו כבד 3 ק""ג",קילוגרמים,3.00,"ק""ג",false,,47.90,15.9667,false,1,107086
7290005651427,false,שלישיות מעדני בונזו לכלבים 400X3 גרם,קריות זול,FR,שלישיית מעדן בונזו מ,קילוגרמים,1.23,"ק""ג",false,,16.90,13.7398,true,1,107089
7290005658990,false,כעכים מלוחים שיבולת,,,כעכים מלוחים שיבולת,גרמים,300.00,100 גרם,false,,18.90,0.0630,true,1,265001
7290005719738,false,"תמצית בטעם רום 50 מ""ל",קריות זול,,"תמצית בטעם רום 50 מ""",מיליליטרים,50.00,"100 מ""ל",false,,4.90,0.0980,true,1,214845
7290005789380,false,פרשיס קוסמטיקס מגבונים להסרת איפור 54 יח',ווטנאפס,,פרשיס קוסמטיקס להסרת,יחידה,0.00,יחידה,false,,14.90,0.0000,true,1,110925
7290005838002,false,מעדן גבינה ויוגורט בטעם וניל 88 ג' דניאלה,"שטראוס בריאות בע""מ",IL,דניאלה 5%,מיליליטרים,150.00,"100 מ""ל",false,,4.10,0.0273,true,1,95598
7290005838613,false,"סקי וניל בודד 125 גרם ""שטראוס""","שטראוס בריאות בע""\מ",IL,סקי וניל 3%,גרמים,125.00,100 גרם,false,,3.90,0.0312,false,1,95601
7290005838972,false,גבינת יום יום 5% שטראוס 125ג',מיוצר עי קונדיטוריית,IL,סקי % 3 125 גר,גרמים,125.00,100 גרם,false,,3.30,0.0264,true,1,95602
7290005839078,false,שמיניית יוגורט לבן 3% ביו דנונה 150 גרם,מיוצר עי קונדיטוריית,IL,דנונה ביו 3% שמיניה,ליטרים,1.20,ליטר,false,,17.80,14.8333,true,1,95603
7290005839108,false,גבינה לבנה סימפוניה עם תוספות 200 ג'+זיתים 5%,"שטראוס בריאות בע""\מ",IL,סימפוניה זיתים 5%,גרמים,200.00,100 גרם,false,,11.20,0.0560,false,1,95604
7290005839313,false,"מילקי טופ מגולגלת שטראוס 170 מ""ל",מיוצר עי קונדיטוריית,IL,מילקי טופ 8%,מיליליטרים,130.00,"100 מ""ל",false,,4.70,0.0362,true,1,95605
7290005896415,false,"בירה איגל לאגר פרימיום 5% 500 מ""ל פחית","טמפו משקאות בע""מ",IL,בירה איגל פחית 500 מ,מיליליטרים,500.00,"100 מ""ל",false,,5.50,0.0110,true,1,198566
7290005896439,false,"בירה מכבי, בקבוק חוזר 500 מ''ל","טמפו משקאות בע""מ",IL,מכבי בירה בקבוק 500,מיליליטרים,500.00,"100 מ""ל",false,,6.20,0.0124,false,1,137138
7290005896453,false,"בירה מכבי 7.9%, בירה חזקה, בקבוק חוזר 500 מ''ל",טמפו משקאות בע''מ,IL,בירה מכבי חוזר 7.9%,מיליליטרים,500.00,"100 מ""ל",false,,6.70,0.0134,false,1,195633
7290005896460,false,"בירה איגל לאגר חזקה 7.8% 500 מ""ל פחית",טמפו,IL,איגל בירה חזקה פחית,מיליליטרים,500.00,"100 מ""ל",false,,5.90,0.0118,true,1,200892
7290005896620,false,סאן בנדטו - מוגז עדין - 1.5 ליטר,אקווה מינרלה סאן בנד,IT,מים סאן בנדטו מו,ליטרים,1.50,ליטר,false,,4.50,3.0000,true,1,110075
7290005896637,false,סאן בנדטו - מים מינרלים טבעיים מהאלפים 1.5 ליטר,אקווה מינרלה סאן בנדטו ב,IT,מים סאן בנדטו 1.5 לי,ליטרים,1.50,ליטר,false,,4.00,2.6667,true,1,262834
7290005896972,false,שישיית פפסי מקס דל קלוריות 1.5 ליטר,טמפו 7.5%,IL,שישייה פפסי מקס 1.5,ליטרים,9.00,ליטר,false,,26.90,2.9889,false,1,110081
7290005930102,false,ג`ל חזק לעיצוב השיער,,,ג`ל חזק לעיצוב השיער,ליטרים,400.00,100 ליטר,false,,19.90,0.0497,true,1,150213
7290005930188,false,קרם לחות לתלתלים,,,קרם לחות לתלתלים,מיליליטרים,400.00,"100 מ""ל",false,,21.90,0.0547,true,1,212057
7290005930720,false,חמאת גוף מסק שיק ספא,,,חמאת גוף מסק שיק ספא,מיליליטרים,350.00,"100 מ""ל",false,,25.90,0.0740,true,1,121398
7290005966347,false,יין גמלא סובניון בלנק 750 מל,יקבי רמת הגולן קצרין,IL,גמלא השמורה סוביניון,מיליליטרים,750.00,"100 מ""ל",false,,49.90,0.0665,true,1,101007
7290005966422,false,יין ירדן שרדונה 2020 750 מל,יקבי רמת הגולן,,ירדן שרדונה,מיליליטרים,750.00,"100 מ""ל",false,,65.00,0.0867,true,1,101011
7290005992018,false,"יוגורט עיזים לשתייה 3% 500 מ""ל רובין","מיוצר ע""\י קוד יצרן MKN",IL,יוגורט עיזים,יחידה,500.00,יחידה,false,,13.90,0.0278,true,1,99829
7290005992575,false,גבינה בולגרית למריחה 5% גד 250 גרם,מחלבות גד בעמ,IL,בולגרית למריחה 5%,גרמים,250.00,100 גרם,false,,17.90,0.0716,true,1,99835
7290005992735,false,לאבנה טבעית 5% 250 גר' - רבנות,הנסיך- מפעל לייצור ט,IL,לבנה 5% גד 250 גרם,גרמים,250.00,100 גרם,false,,12.00,0.0480,true,1,104293
7290005992858,false,גבינת פטה עיזים במשק,יושלם,IL,פטה עיזים גד 5%,קילוגרמים,1.00,"ק""ג",true,,119.90,119.9000,true,1,132990
7290005996009,false,סלמי גלילי מעושן 400 ג' יחיעם,מעדני יחיעםn\,IL,סלמי גליל מעושן 400,גרמים,400.00,100 גרם,false,,21.90,0.0547,true,1,206269
7290005996054,false,סלמי סרוולט הונגרי ב,מעדני יחיעם,IL,סרוולט הונגרי יחיעם,קילוגרמים,1.00,"ק""ג",true,,209.90,209.9000,false,1,212634
7290005996078,false,סרוולט בסגנון הונגרי יחיעם 125 גרם,מעדני יחיעם,IL,סרוולט הולגרי 125 גר,גרמים,125.00,100 גרם,false,,26.90,0.2152,true,1,213827
7290005996153,false,נקניקיות צרפתיות פרימיום 280 גרם,מעדני יחיעם,IL,נקניקיות צרפתיות פרמ,גרמים,280.00,100 גרם,false,,20.90,0.0746,true,1,210334
7290005996160,false,נקניקיות צוריסו פרימיום יחיעם 280 גרם,מעדני יחיעם,IL,נקניקיות צוריסו פרימ,גרמים,280.00,100 גרם,false,,20.90,0.0746,true,1,210335
7290005996740,false,סלמי פפרוני יחיעם 300 ג',מעדני יחיעם 1993,IL,סלמי פפרוני 300 גר',גרמים,300.00,100 גרם,false,,19.90,0.0663,true,1,217960
7290006199027,false,מאגדת גלידל וניל מצופה סורבה תות שדה [8],הגלידות של פלדמן,IL,מאגדת גלידל דיאט שלג,גרמים,600.00,100 גרם,false,,29.90,0.0498,true,1,109892
7290006199942,false,"שמיניית גלידל פרי דובדבן ""פלדמן""",הגלידות של פלדמן,IL,מאגדת גלידל דיאט קרח,גרמים,640.00,100 גרם,false,,24.90,0.0389,true,1,114813
7290006210876,false,בונז'ור לחמנית אצבע יח',בונז'ור,,לחמניות אצבע בונז'ור,יחידה,0.00,יחידה,false,,1.50,0.0000,false,1,112048
7290006210890,false,בונז'ור חליות 150ג,בונז'ור,,חליות בונזור,גרמים,150.00,100 גרם,false,,3.50,0.0233,true,1,112548
7290006210913,false,בונז'ור לחם איטלקי 340ג',בונז'ור,,לחם איטלקי,יחידה,0.00,יחידה,false,,5.90,0.0000,true,1,112028
7290006229427,false,סן בנדטו - מים מינרלים - מארז שישיית 500 מל,קריות זול,IT,סאן בנדטו שישייה 0.5,ליטרים,3.00,ליטר,false,,12.90,4.3000,false,1,110083
7290006229588,false,בירה איגל לאגר פרימיום חזקה 6.3% 500 מל,"טמפו משקאות בע""מ",IL,בירה איגל פחית 500 מ,מיליליטרים,500.00,"100 מ""ל",false,,5.50,0.0110,true,1,198567
7290006235244,false,"קמיל בלו פסטה משחת החתלה צמחי מרפא ד""ר פישר 100 מ""ל",פישר מעבדות פרמצבטיות בע,IL,קמיל בלו צמחי מר,גרמים,100.00,100 גרם,false,,21.90,0.2190,true,1,144801
7290006241153,false,פקאן סיני 150 ג בשקית קליית גת,"ג'י אנד ג'י בע""מ",IL,פקאן סיני 150 גר,גרמים,200.00,100 גרם,false,,19.00,0.0950,true,1,102177
7290006241191,false,אגוזי מלך קליית גת 150 גר,הדקלאים אגודת שיתופי,US,אגוזי מלך 150 גר,גרמים,200.00,100 גרם,false,,16.50,0.0825,false,1,102178
7290006241214,false,שקד טבעי קליית גת 200 גרם,הדקלאים אגודת שיתופי,IL,שקד טבעי 200 גר,גרמים,200.00,100 גרם,false,,16.90,0.0845,true,1,102179
7290006241504,false,"משקה תפוזים קפוא פריגת 340 מ""ל",פריגת מצוננים,IL,תרכיז פריגת תפוזים,מיליליטרים,340.00,"100 מ""ל",false,,12.90,0.0379,true,1,93324
7290006241535,false,תרכיז פריגת קפוא מנג,היינץ צפון אמריקה מק,IL,תרכיז פריגת קפוא מנג,מיליליטרים,340.00,"100 מ""ל",false,,12.90,0.0379,true,1,93327
7290006241689,false,"משקה לימונים מרוכז קפוא פריגת 280 מ""ל",היינץ צפון אמריקה מק,IL,פריגת לימון קפוא,מיליליטרים,340.00,"100 מ""ל",false,,12.90,0.0379,true,1,93333
7290006251275,false,תה ירוק סיני קלאסי ויסוצקי 25 יחידות,תה ויסוצקי,IL,תה ירוק סיני 25 שקיק,גרמים,37.50,100 גרם,false,,24.90,0.6640,false,1,97411
7290006251282,false,חליטת חמוציות הגן הקסום ויסוצקי 25 יחידות,תה ויסוצקי,IL,תה חליטת קרנברי 25 ש,גרמים,75.00,100 גרם,false,,18.90,0.2520,false,1,97412
7290006251343,false,חליטת פסיפלורה מנגו הגן הקסום ויסוצקי 25 יחידות,תה ויסוצקי,IL,תה חליטת מנגו ופסיפל,גרמים,62.50,100 גרם,false,,18.90,0.3024,false,1,97414
7290006251374,false,תה ירוק לימונית וג'ינג'ר ויסוצקי 25 יחידות,תה ויסוצקי,IL,תה ירוק לימונית 25 ש,גרמים,25.00,100 גרם,false,,24.90,0.9960,false,1,97416
7290006251589,false,תה ירוק עם עלי נענע 50 שקיקים ויסוצקי,בית ויסוצקי,IL,תה ירוק נענע,גרמים,75.00,100 גרם,false,,45.90,0.6120,false,1,97417
7290006265500,false,פטריות שמפיניון ארוז מרינה,"מרינה פטריות הגליל בע""מ",IL,פטריות שמפניון בסלסל,גרמים,250.00,100 גרם,false,,8.90,0.0356,true,1,109868
7290006265548,false,נבטים סינים מרינה ארוז 360ג',"מרינה פטריות הגליל בע""מ",IL,נבטים סינים,גרמים,360.00,100 גרם,false,,5.90,0.0164,true,1,103891
7290006265890,false,נבטי גרעיני חמניה יח,"מרינה פטריות הגליל בע""מ",IL,נבטי חמניה מרינה,יחידה,0.00,יחידה,false,,8.90,0.0000,true,1,145762
7290006271174,false,ג'חנון לאפיה בתנור מעדנות 700 גרם,מיוצר עי קונדיטוריית,IL,ג'חנון מעדנות 700 גר,גרמים,700.00,100 גרם,false,,15.90,0.0227,false,1,97863
7290006271181,false,ג'חנון אפוי למיקרוגל מעדנות 750 גרם,מיוצר עי קונדיטוריית,IL,ג'חנון אפוי 750 גר',גרמים,750.00,100 גרם,false,,22.90,0.0305,false,1,97864
7290006271648,false,מיני בורקס תפוחי אדמה מעדנות 800 גרם,"מעדנות בע""\מ",IL,"מיני בורקס תפו""א",גרמים,800.00,100 גרם,false,,23.90,0.0299,false,1,97880
7290006271655,false,מיני בורקס גבינה מעדנות 800 גרם,מיוצר עי קונדיטוריית,IL,מיני בורקס גבינה,גרמים,800.00,100 גרם,false,,26.50,0.0331,false,1,97881
7290006271761,false,מיני ג'חנון אפוי מעדנות 600 גרם,מיוצר עי קונדיטוריית,IL,מיני ג'חנון אפוי,גרמים,600.00,100 גרם,false,,19.90,0.0332,false,1,97886
7290006272072,false,חטיפי פיצה גבינה מעדנות 650 גרם,"מעדנות בע""\מ",IL,חטיפי פיצה,גרמים,650.00,100 גרם,false,,25.90,0.0398,false,1,97896
7290006272430,false,בצק עלים חמאה מעדנות 600 גרם,מיוצר עי קונדיטוריית,IL,בצק עלים חמאה,גרמים,600.00,100 גרם,false,,25.90,0.0432,false,1,116668
7290006306159,false,פסטנונה-לזניה 4 גבינות 500גר,פסטה נונה Pasta Nonn,IL,לזניה 4 גבינות,גרמים,500.00,100 גרם,false,,37.50,0.0750,true,1,118331
7290006306296,false,רביולי במילוי גבינה לילדים פסטה נונה גד 400 גרם,דורום תעשיות מזון ופסטה,IL,רביולי גבינה לילדים,יחידה,400.00,יחידה,false,,25.90,0.0647,true,1,130240
7290006306302,false,רביולי במילוי גבינות פרמזן ריקוטה 400 ג' פסטה נונה,דורום תעשיות מזון ופסטה,IL,רביולי גבינה פרמזן,גרמים,400.00,100 גרם,false,,25.90,0.0647,true,1,99843
7290006306319,false,רביולי נונה במילוי בטטה 400 גרם,דורום תעשיות מזון ופסטה,IL,רביולי בטטה,גרמים,400.00,100 גרם,false,,25.90,0.0647,true,1,99844
7290006306326,false,רביולי במילוי פטריות וגבינת פרמזן פסטה נונה 400 ג',דורום תעשיות מזון ופסטה,IL,רביולי פטריות,גרמים,400.00,100 גרם,false,,25.90,0.0647,true,1,99845
7290006342645,false,טורטיה גדולה שקדיה 840 גרם 12 יחידות,אלקטי קוראבייכיסיגיד,TR,טורטיה גדולה,יחידה,0.00,יחידה,false,,14.90,0.0000,true,1,148508
7290006362209,false,"יין דרך ארץ קברנה סוביניון 750 מ""ל",המאפיה של הרמן,IL,יין דרך ארץ קברנה סו,מיליליטרים,750.00,"100 מ""ל",false,,29.90,0.0399,true,1,259101
7290006374615,false,מזון מלכות מרוכז במיוחד 5.8% 340גר,קריות זול,IL,מזון מלכות יד מרדכי,גרמים,340.00,100 גרם,false,,43.90,0.1291,true,1,98940
7290006374653,false,דבש לייט מופחת קלוריות יד מרדכי 350 ג',מכוורת יד מרדכי שטראוס ב,IL,דבש לייט יד מרדכי 35,גרמים,350.00,100 גרם,false,,26.50,0.0757,true,1,98941
7290006374738,false,קונפיטורית תות 340 גר' יד מרדכי,אף.סי תבליני בגליל ב,IL,קונפיטורה תות יד מרד,גרמים,340.00,100 גרם,false,,13.50,0.0397,true,1,98948
7290006376039,false,קוואקר שבולת שועל 500 גרם,,,קוואקר שקית 500 גרם,גרמים,500.00,100 גרם,false,,6.90,0.0138,true,1,188861
7290006449955,false,מלפפון בייבי מארז,"מרינה פטריות הגליל בע""מ",IL,מלפפון בייבי,גרמים,500.00,100 גרם,false,,8.90,0.0178,true,1,136956
7290006461049,false,סינטה מיושן חלק חצוי,קצביית פרימיום,IL,סינטה מיושן חלק חצוי,קילוגרמים,1.00,"ק""ג",true,,119.00,119.0000,false,1,214927
7290006461087,false,אנטריקוט אנגוס פיטום,,,אנטריקוט אנגוס פיטום,קילוגרמים,1.00,"ק""ג",true,,189.90,189.9000,false,1,212370
7290006461100,false,אנטריקוט פרימיום מוכ,,,אנטריקוט פרימיום מוכ,קילוגרמים,1.00,"ק""ג",true,,199.90,199.9000,false,1,212371
7290006461155,false,פריים ריב פרוס מקוצב,,,פריים ריב פרוס מקוצב,קילוגרמים,1.00,"ק""ג",true,,159.90,159.9000,false,1,261747
7290006461605,false,אסאדו אנגוס מצונן מפ,קצביית פרימיום,IL,אסאדו אנגוס מצונן מפ,קילוגרמים,1.00,"ק""ג",true,,79.90,79.9000,false,1,214928
7290006461698,false,צלי כתף ארגנטינה אית,קצביית פרימיום,IL,צלי כתף לויתן,קילוגרמים,1.00,"ק""ג",true,,99.90,99.9000,false,1,211276
7290006461735,false,בריסקט אנגוס מצונן,,,בריסקט אנגוס מצונן,קילוגרמים,1.00,"ק""ג",true,,59.90,59.9000,false,1,214925
7290006461773,false,שריר מוזות מצונן בוו,,,שריר מוזות מצונן בוו,קילוגרמים,1.00,"ק""ג",true,,69.90,69.9000,false,1,214929
7290006461834,false,קרפציו אנגוס פידלוט,קצביית פרימיום,IL,קרפציו אנגוס,גרמים,100.00,100 גרם,false,,26.90,0.2690,false,1,212374
7290006461940,false,דנוור סטייק פרוס מנו,קצביית פרימיום,IL,דנוור סטייק פרוס מנו,קילוגרמים,1.00,"ק""ג",true,,149.90,149.9000,false,1,218235
7290006492432,false,גבינת מוצרלה בייבי 18% גד 150 גרם,מחלבות גד בעמ,IL,מוצרלה בייבי 18%,גרמים,170.00,100 גרם,false,,15.50,0.0912,true,1,99855
7290006492616,false,גבינה בולגרית מעודנת פרוסות 5% גד 250 גרם,DSH עבור מחלבות גד ב,IL,פרוסות בולגרית מעודנ,גרמים,250.00,100 גרם,false,,27.90,0.1116,true,1,99857
7290006492630,false,גבינת פרומעז עיזים 22% גד 180 גרם,מחלבות גד בעמ,IL,גבינת גליל גד עזים 2,גרמים,180.00,100 גרם,false,,24.50,0.1361,true,1,99859
7290006492647,false,מטבעות גבינה עזים 22 אחוז 150גרם גד,"מיוצר ע""י קוד יצרן t",IL,מטבעות עיזים 150 גרם,גרמים,150.00,100 גרם,false,,24.90,0.1660,true,1,99860
7290006492685,false,גבינת לאבנה 5% מחלב עזים גד 250 גרם,מחלבות גד בעמ,IL,לבנה עיזים 3%,גרמים,250.00,100 גרם,false,,18.40,0.0736,true,1,137458
7290006492852,false,גבינת עיזים למריחה 5% שומן 250 ג' גד,גבינות מדף,IL,גבינת עיזים 5%,גרמים,250.00,100 גרם,false,,18.00,0.0720,true,1,99866
7290006492913,false,גבינת לאבנה ציזיקי 5% מחלבות גד 250 גרם,מחלבות גד בעמ,IL,לבנה צזיקי 250,גרמים,250.00,100 גרם,false,,13.90,0.0556,true,1,99872
7290006494917,false,וופל במילוי קרם בטעם שוקולד ללא תוספת סוכר,"איטיליאן פוד, אס.פי.",IL,מרמולייט ופל בטעם שו,גרמים,180.00,100 גרם,false,,10.90,0.0606,true,1,107617
7290006494924,false,ופלים במילוי קרם בטעם לימון ללא תוספת סוכר,"גילרו בע""מ",IL,מרמולייט ופל בטעם לי,גרמים,180.00,100 גרם,false,,10.90,0.0606,true,1,107618
7290006496126,false,"גרנולה פרימיום 1 ק""ג",,,"גרנולה פרימיום 1 ק""ג",קילוגרמים,1.00,"ק""ג",false,,26.90,26.9000,true,1,263298
7290006496560,false,מחית וניל 90 גר',,,מחית וניל 90 גר',גרמים,90.00,100 גרם,false,,39.90,0.4433,true,1,218294
7290006496799,false,אריתריטול טהור 800 ג,,,אריתריטול טהור 800 ג,גרמים,800.00,100 גרם,false,,45.90,0.0574,true,1,265365
7290006496997,false,געלה תערובת להעשרת ס,,,געלה תערובת להעשרת ס,יחידה,0.00,יחידה,false,,18.90,0.0000,true,1,261885
7290006498052,false,דנונה ביו יוגורט טבעי מהדרין 3% 150 ג',שטראוס גרופ,IL,דנונה טבעי 3% מהדרין,יחידה,0.00,יחידה,false,,2.60,0.0000,true,1,150252
7290006511010,false,פרמז'נו שקיל וילי פו,ויליפוד,IT,פרמז'נו שקיל וילי פו,קילוגרמים,1.00,"ק""ג",true,,115.00,115.0000,true,1,142954
7290006511157,false,"פטריות שלמות ויליפוד 400 גרם בד""ץ",אוקצ'מפס אס.איי אויי,PL,פטריות שמפניון שלמות,גרמים,400.00,100 גרם,false,,7.50,0.0188,false,1,105161
7290006511904,false,גבינת אדם כדורים במשקל,ברגלנדמיל,NL,גבינת אדם כדורים,קילוגרמים,1.00,"ק""ג",true,,70.00,70.0000,true,1,137513
7290006546012,false,שעועית בנוסח מקסיקני בטעם חריף 580 ג' פרי הגליל,"פרי הגליל בע""""מ",IL,צ'ילי חריף בנוסח מקס,גרמים,580.00,100 גרם,false,,6.50,0.0112,false,1,185216
7290006546302,false,"צ'יפס קיטרינג פרי גליל 1.5 ק""ג","פרי הגליל בע""""מ",IL,צי'פס 5 1 קג.,יחידה,1.50,יחידה,false,,17.90,11.9333,true,1,99708
7290006546319,false,"סטייק צ'יפס פרי הגליל 1.5 ק""ג","פרי הגליל בע""""מ",IL,סטייק צי'פס,קילוגרמים,1.50,"ק""ג",false,,17.90,11.9333,true,1,99709
7290006546371,false,במיה 600 גרם פרי הגליל,"פרי הגליל בע""""מ",IL,במיה פרי גליל,גרמים,600.00,100 גרם,false,,13.90,0.0232,true,1,99711
7290006546388,false,תחתיות ארטישוק פרי הגליל 400 גרם,"פרי הגליל בע""""מ",IL,תחתיות ארטישוק פרי ג,גרמים,400.00,100 גרם,false,,13.90,0.0348,true,1,112075
7290006546524,false,צי'פס מובחר קפוא פרי גליל 800 ג',"פרי הגליל בע""""מ",IL,ציפס מובחר 800 גר,גרמים,800.00,100 גרם,false,,11.90,0.0149,true,1,120157
7290006554017,false,עוגיות מרוקאיות 500 גרם ארקד,"ארקד מוצרי אפיה בע""מ",IL,עוגיות ארקד,גרמים,500.00,100 גרם,false,,18.90,0.0378,false,1,108982
7290006554024,false,עוגיות ביתיות תמרים,"ארקד מוצרי אפיה בע""מ",IL,עוגיות ביתיות תמ,גרמים,500.00,100 גרם,false,,18.90,0.0378,true,1,109779
7290006554031,false,עוגיות ביתיות אגוזים,"ארקד מוצרי אפיה בע""מ",IL,עוגיות ביתיות אג,גרמים,500.00,100 גרם,false,,18.90,0.0378,false,1,109780
7290006554055,false,עוגיות חלבה ביתיות 3,"ארקד מוצרי אפיה בע""מ",IL,עוגיות חלבה ארקד 300,יחידה,0.00,יחידה,false,,18.90,0.0000,true,1,108983
7290006554062,false,עוגיות גרנולה ארקד 2,"ארקד מוצרי אפיה בע""מ",IL,עוגיות גרנולה ארקד 2,גרמים,250.00,100 גרם,false,,18.90,0.0756,true,1,135375
7290006554079,false,עוגיות גרנולה ללא תו,"ארקד מוצרי אפיה בע""מ",IL,עוגיות ארקד גרנולה ל,גרמים,250.00,100 גרם,false,,18.90,0.0756,true,1,138402
7290006554086,false,עוגיות עינוגית 400 ג,"ארקד מוצרי אפיה בע""מ",,עוגיות ביתיות עי,גרמים,500.00,100 גרם,false,,18.90,0.0378,true,1,109781
7290006554093,false,עוגיות סהרונים ביתיו,"ארקד מוצרי אפיה בע""מ",IL,עוגיות סהרונים ארקד,גרמים,300.00,100 גרם,false,,18.90,0.0630,false,1,108984
7290006554109,false,עוגיות רייף 300 גר א,"ארקד מוצרי אפיה בע""מ",IL,עוגיות רייף ארקד,יחידה,300.00,יחידה,false,,18.90,0.0630,false,1,126566
7290006554123,false,עוגיות פריכות עם שקד,"ארקד מוצרי אפיה בע""מ",IL,עוגיות שקדים ארקד,גרמים,250.00,100 גרם,false,,18.90,0.0756,true,1,133781
7290006554154,false,עוגיות מרנג נשיקות 1,"ארקד מוצרי אפיה בע""מ",,עוגיות מרנג נשיקות 1,גרמים,100.00,100 גרם,false,,18.90,0.1890,true,1,139155
7290006554161,false,עוגיות משקפיים קינמו,"ארקד מוצרי אפיה בע""מ",IL,עוגיות משקפיים 250 ג,גרמים,250.00,100 גרם,false,,18.90,0.0756,false,1,146526
7290006554260,false,עוגיות שושנים 250 גר,"ארקד מוצרי אפיה בע""מ",IL,עוגיות שושנים 250 גר,גרמים,250.00,100 גרם,false,,18.90,0.0756,true,1,150661
7290006554307,false,עוגיות מרוקאית ללא ס,"ארקד מוצרי אפיה בע""מ",IL,עוגיות מרוקאיות ללא,גרמים,300.00,100 גרם,false,,18.90,0.0630,true,1,108985
7290006554345,false,עוגיות תמרים ללא סוכ,"ארקד מוצרי אפיה בע""מ",IL,עוגיות במילוי ממרח ת,גרמים,250.00,100 גרם,false,,18.90,0.0756,false,1,198111
7290006554413,false,עוגיות מרוקאיות ארקד,"ארקד מוצרי אפיה בע""מ",IL,עוגיות מרוקאיות ארקד,יחידה,300.00,יחידה,false,,18.90,0.0630,false,1,120683
7290006562913,false,סטיק עוף וברווז פרמי,,,סטיק עוף וברווז פרמי,גרמים,15.00,100 גרם,false,,7.00,0.4667,true,1,265373
7290006567048,false,פתיתי קוסקוס ישראלי אסם 350 גרם,"מיוצר ע""י קוד יצרן K",IL,פתיתי קוסקוס ישראלי,גרמים,350.00,100 גרם,false,,8.00,0.0229,false,1,94136
7290006578105,false,גרוייר לה פריבורג במשקל,,CH,גבינת גרוייר לה פריב,קילוגרמים,1.00,"ק""ג",true,,199.00,199.0000,true,1,263489
7290006578303,false,ברי כמהין בקר 31% במשקל,איסיני סנט מור,FR,גבינת ברי כמהין,קילוגרמים,1.00,"ק""ג",true,,220.00,220.0000,true,1,263490
7290006578853,false,הנרי וויליך גבינת טרמנדס כמהין במשקל,kaasmakerij henri wi,NL,גבינת טרמנדס כמהיון,קילוגרמים,1.00,"ק""ג",true,,175.00,175.0000,true,1,217733
7290006618085,false,"אסטוניש תרסיס ניקוי אמבטיה וכיורים יעקבי 750 מ""ל",יעקובי אסטוניש,GB,אסטוניש מרסס לאמבט,מיליליטרים,750.00,"100 מ""ל",false,,11.90,0.0159,true,1,103366
7290006618610,false,הפי ספוגיות לניקוי כלים חלביים ובשריים יעקבי 6 יחידות,יעקובי,TR,ספוגיות לכלים חלבי ב,יחידה,0.00,יחידה,false,,8.90,0.0000,true,1,103377
7290006618665,false,מטלית גילדה לרכב הפי,סיפי קנג,TW,ג'ילדה לרכב,יחידה,0.00,יחידה,false,,23.90,0.0000,true,1,103311
7290006625144,false,גבינת גאודה בקר הולנ,,NL,גאודה הולנדית,קילוגרמים,1.00,"ק""ג",true,,90.00,90.0000,true,1,201912
7290006651570,false,"קמיל בלו צמחי מרפא שמפו ואל סבון ד""ר פישר 750 מ""ל",פישר מעבדות פרמצבטיות בע,IL,קמיל בלו צמחי מרפא א,מיליליטרים,750.00,"100 מ""ל",false,,17.90,0.0239,true,1,100193
7290006653819,false,פתיתי קוסקוס דק 350 גרם,"מיוצר ע""י קוד יצרן K",IL,קוסקוס דק אסם,גרמים,350.00,100 גרם,false,,8.00,0.0229,false,1,94171
7290006660602,false,מי קוקוס אורגני גרין קוקו קרטונית 1 ליטר,בן טרה ג'וינט סטוק,VN,משקה מי קוקוס אורגני,ליטרים,1.00,ליטר,false,,18.90,18.9000,true,1,205232
7290006660640,false,קמח טף ללא גלוטן דגש,נטורפוד,IL,דגש קמח טף 500 גר',גרמים,500.00,100 גרם,false,,22.90,0.0458,true,1,206984
7290006664037,false,גמדים דגנים ארוחת בוקר מארז 100X4ג',"שטראוס בריאות בע""\מ",IL,גמדים ארוחת בוקר 5%,מיליליטרים,400.00,"100 מ""ל",false,,11.60,0.0290,true,1,95632
7290006664051,false,"אקטימל לבן 1.51 ק""ג מארז 14 יחידות",מיוצר עי קונדיטוריית,IL,מארז אקטימל טבעי 1.6,ליטרים,1.40,ליטר,false,,29.90,21.3571,false,1,95633
7290006664310,false,גבינה לבנה 3% שומן 250 ג' שטראוס,מיוצר עי קונדיטוריית,IL,סקי 3% 250 גר,גרמים,250.00,100 גרם,false,,5.00,0.0200,false,1,95638
7290006664402,false,גבינה לבנה סקי 5% שומן 750 גרם,מיוצר עי קונדיטוריית,IL,גבינת סקי 5% 750 גר',גרמים,750.00,100 גרם,false,,14.94,0.0199,false,1,95641
7290006664532,false,יוגורט עם תות 3% שומן 150 ג' דנונה,מיוצר עי קונדיטוריית,IL,דנונה תות 3%,מיליליטרים,150.00,"100 מ""ל",false,,3.70,0.0247,false,1,95644
7290006664655,false,"אקטימל לבן טבעי מארז 100X8 מ""ל",מיוצר עי קונדיטוריית,IL,שמיניה אקטימל טבעי 1,מיליליטרים,800.00,"100 מ""ל",false,,21.10,0.0264,false,1,95648
7290006664693,false,יוגורט עם אפרסק 3% שומן 150 ג' דנונה,מיוצר עי קונדיטוריית,IL,דנונה אפרסק 3%,מיליליטרים,150.00,"100 מ""ל",false,,3.70,0.0247,false,1,95651
7290006664990,false,"יוגורט דנונה ביו לבן 1.7% שומן 8*150 מ""ל",מיוצר עי קונדיטוריית,IL,מארז יוגורט ביו 1.5%,ליטרים,1.20,ליטר,false,,17.80,14.8333,true,1,95657
7290006666307,false,חומוס אורגינל סלטי מ,סלטי משני,IL,חומוס אורגינל סלטי מ,גרמים,300.00,100 גרם,false,,12.90,0.0430,true,1,110869
7290006666314,false,סלט טחינה משומשום טהור,סלטי משני,IL,טחינה 300 גרם,גרמים,300.00,100 גרם,false,,12.90,0.0430,true,1,110870
7290006666338,false,סלט טחינה ירוקה עם פטרוזיליה,סלטי משני,IL,טחינה ירוקה 300 גרם,גרמים,300.00,100 גרם,false,,14.50,0.0483,true,1,110872
7290006666345,false,סלט חצילים במיונז על האש,סלטי משני,IL,חציל במיונז 300 גרם,גרמים,300.00,100 גרם,false,,19.90,0.0663,true,1,112789
7290006666352,false,סלט חצילים על האש בטחינה,סלטי משני,IL,חציל בטחינה 300 גרם,גרמים,300.00,100 גרם,false,,19.90,0.0663,true,1,112552
7290006666406,false,סלט חציל טבעי סלטי מ,סלטי משני,IL,סלט חציל טבעי סלטי מ,גרמים,300.00,100 גרם,false,,21.90,0.0730,true,1,114099
7290006666413,false,סלט כרוב שוודי 300 גרם,סלטי משני,IL,סלט כרוב שוודי אדום,גרמים,300.00,100 גרם,false,,15.90,0.0530,true,1,113296
7290006666420,false,סלט כרוב קולסלאו בסגנון אמריקאי,סלטי משני,IL,קולסלו כרוב אמריקאי,גרמים,300.00,100 גרם,false,,15.90,0.0530,true,1,113297
7290006666437,false,סלט טורקי 300 ג משני,סלטי משני,IL,טורקי 300 גרם,גרמים,300.00,100 גרם,false,,16.90,0.0563,true,1,113298
7290006666444,false,סלט עגבניות מטבוחה חריף,סלטי משני,IL,מטבוחה 300 גרם,גרמים,300.00,100 גרם,false,,19.90,0.0663,true,1,112438
7290006666451,false,סלט עגבניות סלסה חריף,סלטי משני,IL,סלסה 300 גרם,גרמים,300.00,100 גרם,false,,19.90,0.0663,true,1,113299
7290006666468,false,סלט גזר חריף במיץ לימון,סלטי משני,IL,גזר חריף בלימון 300,גרמים,300.00,100 גרם,false,,19.90,0.0663,true,1,110874
7290006666499,false,סלט טונה לבנה במיונז300ג,סלטי משני,IL,סלט טונה לבנה,גרמים,300.00,100 גרם,false,,28.90,0.0963,true,1,110867
7290006666529,false,סלט פלפלים מרוקאי חריף,סלטי משני,IL,פלפלים מרוקאי חריף מ,גרמים,300.00,100 גרם,false,,21.90,0.0730,true,1,110877
7290006666543,false,סלט קוביות סלק 300 גרם,סלטי משני,IL,סלט קוביות סלק משני,גרמים,300.00,100 גרם,false,,16.90,0.0563,true,1,112553
7290006666567,false,סלט חציל נוסח מרוקאי,סלטי משני,,חציל בנוסח מרוקאי,גרמים,300.00,100 גרם,false,,23.90,0.0797,true,1,172408
7290006666628,false,סלט ביצים 300 גר משנ,סלטי משני,IL,סלט ביצים משני,יחידה,0.00,יחידה,false,,29.90,0.0000,true,1,124174
7290006681003,false,גלידה תות לימון סורבה 1.33 ל' קרמיסימו,"גלידת שטראוס בע""\מ, רחוב",IL,קרמיסימו סורבה תות ל,ליטרים,1.33,ליטר,false,,24.90,18.7218,false,1,96003
7290006681553,false,קרמבו בטעם וניל שטראוס 8 יחידות,"גלידת שטראוס בע""\מ",IL,קרמבו וניל שמיניה,יחידה,0.00,יחידה,false,,15.90,0.0000,true,1,96018
7290006681560,false,קרמבו בטעם מוקה שטראוס 8 יחידות,"גלידת שטראוס בע""מ",IL,קרמבו שמיניה,גרמים,200.00,100 גרם,false,,15.90,0.0795,true,1,96019
7290006681577,false,מאגדת קרחון אסקימו לימון דובדובן 10 יח' שטראוס,"מיוצר ע""\י גלידת שטראוס",IL,מאגדת קרחונים אסקימו,יח',10.00,יח',false,,17.90,1.7900,false,1,96020
7290006704511,false,"תפו""א גמדי אדום למיקרו מרינה 750ג'","מרינה פטריות הגליל בע""מ",IL,"תפ""א למיקרוגל לבן גמ",יחידה,0.00,יחידה,false,,6.90,0.0000,true,1,103911
7290006704542,false,תרד לא שטוף יח ( ניוזילנדי ),"סנפרוסט בע""מ",IL,תרד,גרמים,300.00,100 גרם,false,,9.90,0.0330,true,1,103913
7290006704573,false,בצל ירוק א שער מגש,"מרינה פטריות הגליל בע""מ",IL,בצל ירוק,יחידה,0.00,יחידה,false,,4.90,0.0000,true,1,204977
7290006707352,false,פטם חזה פרוס מצונן מגש טרי,עוף טוב,IL,חזה פטם פרוס טרי במג,קילוגרמים,1.00,"ק""ג",true,,36.90,36.9000,true,1,150793
7290006707369,false,כרעיים עוף ללא אנטיביוטיקה במגש ע.טוב,עוף טוב,IL,כרעיים פטם במגש טרי,קילוגרמים,1.00,"ק""ג",true,,28.90,28.9000,true,1,150795
7290006707376,false,פטם ירכיים מצונן מגש טרי,עוף טוב,IL,ירכיים פטם טרי במגש,קילוגרמים,1.00,"ק""ג",true,,28.90,28.9000,true,1,150796
7290006707383,false,פטם שוקיים מצונן מגש טרי,עוף טוב,IL,שוקיים ארוז טרי,קילוגרמים,1.00,"ק""ג",true,,29.90,29.9000,true,1,147692
7290006707390,false,פרגיות עוף טרי ארוז,עוף טוב,IL,פרגיות טרי במגש,קילוגרמים,1.00,"ק""ג",true,,66.90,66.9000,true,1,150797
7290006707420,false,עוף טרי במגש מחיר לפי מש,עוף טוב,IL,עוף מצונן ארוז במגש,קילוגרמים,1.00,"ק""ג",true,,21.90,21.9000,true,1,139890
7290006707437,false,כנפיים עוף טרי במגש,עוף טוב,IL,כנפיים עוף טרי במגש,קילוגרמים,1.00,"ק""ג",true,,9.90,9.9000,true,1,147110
7290006707444,false,קורקבן מצונן במגש טר,עוף טוב,IL,קורקבן מצונן במגש טר,קילוגרמים,1.00,"ק""ג",true,,9.90,9.9000,true,1,186310
7290006707451,false,לב עוף טרי במגש,עוף טוב,IL,לב עוף טרי במגש,קילוגרמים,1.00,"ק""ג",true,,24.90,24.9000,true,1,149857
7290006707468,false,כבד עוף טרי ארוז לצל,עוף טוב,IL,כבד עוף טרי ארוז,קילוגרמים,1.00,"ק""ג",true,,16.90,16.9000,true,1,148930
7290006707543,false,פילה פטם טרי במגש,עוף טוב,IL,פילה פטם טרי במגש,קילוגרמים,1.00,"ק""ג",true,,35.90,35.9000,true,1,150794
7290006708069,false,גרון הודו טרי ארוז עוף טוב,עוף טוב,IL,גרון הודו טרי-עוף טו,קילוגרמים,1.00,"ק""ג",true,,31.90,31.9000,false,1,188833
7290006708137,false,קוקטייל עוף מצונן,עוף טוב,IL,קוקטייל עוף מצונן,קילוגרמים,1.00,"ק""ג",true,,28.90,28.9000,true,1,185626
7290006708151,false,חזה פרוס דק טרי מצונ,עוף טוב,IL,חזה פרוס דק טרי מצונ,קילוגרמים,1.00,"ק""ג",true,,41.00,41.0000,true,1,187270
7290006708847,false,חזה עוף טרי חצוי ארוז קג,קצביית פרימיום,IL,חזה חצוי טרי ארוז עו,קילוגרמים,1.00,"ק""ג",true,,35.90,35.9000,true,1,202598
7290006712684,false,ספיד סטיק 24/7 סטיק כחול ח,קולגייט פלמוליב,US,ספיד סטיק כחול,גרמים,51.00,100 גרם,false,,19.90,0.3902,true,1,96426
7290006712981,false,"משחת שיניים קולגייט ספיידרמן מגיל שש 50 מ""ל",הנסיך- מפעל לייצור ט,PL,משחת שינים קולגייט ס,מיליליטרים,50.00,"100 מ""ל",false,,10.90,0.2180,true,1,96430
7290006714428,false,רגל עגל פרוס קפוא קג,לאטי עזרא גלם ודגים,IL,רגל עגל פרוס,קילוגרמים,1.00,"ק""ג",true,,39.90,39.9000,true,1,125686
7290006714824,false,עצמות עגל פרוס קפוא ארוז,מעדני הטלה והעגל,IL,עצמות עגל,קילוגרמים,1.00,"ק""ג",true,,25.90,25.9000,true,1,150209
7290006724496,false,חמאת שומשום אורגנית 500 גרם ליב,,,טחינה אורגנית,גרמים,500.00,100 גרם,false,,17.90,0.0358,true,1,186403
7290006724809,false,ממרח ארטישוק 185גרם ליב,,IL,ממרח ארטישוק 185 גר',גרמים,185.00,100 גרם,false,,21.90,0.1184,true,1,261451
7290006728432,false,פיקניה עגלה טרי פרימ,,,פיקניה עגלה טרי פרימ,קילוגרמים,1.00,"ק""ג",true,,150.00,150.0000,false,1,217992
7290006730084,false,שלוקים אייס פופ שמינ,קלית סיטבון בעמ,IL,שלוק אייס פופ שמיניי,גרמים,800.00,100 גרם,false,,5.90,0.0074,true,1,212861
7290006730350,false,טרופית עם פקק,,,טרופית עם פקק,מיליליטרים,200.00,"100 מ""ל",false,,1.50,0.0075,true,1,146128
7290006739131,false,בצק גולמי פילו זוגלובק 500ג',מאפיית אריאל,IL,בצק פילו 500 גר',גרמים,500.00,100 גרם,false,,14.90,0.0298,true,1,147498
7290006739247,false,פסטרמה איטלקית זוגלו,זוגלובק,IL,פסטרמה איטלקית,קילוגרמים,1.00,"ק""ג",true,,79.90,79.9000,false,1,115226
7290006739292,false,נקניק פסטרמה פרגיות ציפוי תירס,נקניק נהריה כשר זוגל,IL,פסטרמה תבור חזה הודו,גרמים,330.00,100 גרם,false,,25.90,0.0785,true,1,119696
7290006739407,false,שניצל תירס לייט זוגלובק 600 גרם,נקניק נהריה כשר זוגל,IL,שניצל תירס לייט,גרמים,630.00,100 גרם,false,,22.90,0.0363,true,1,126636
7290006739414,false,נקניק סלמי קוניאק זוגלובק 300 גרם,נקניק נהריה כשר זוגל,IL,סלמי קוניאק 300 גר',גרמים,300.00,100 גרם,false,,25.90,0.0863,false,1,119000
7290006739421,false,נקניק סלמי מעושן איטלקי זוגלובק 300 גרם,נקניק נהריה כשר זוגל,IL,סלמי מעושן איטלקי 30,גרמים,300.00,100 גרם,false,,25.90,0.0863,true,1,119007
7290006739445,false,שניצל תירס קלאסי 750 ג' זוגלובק,נקניק נהריה כשר זוגל,IL,שניצל תירס זוגלובק,גרמים,750.00,100 גרם,false,,22.90,0.0305,false,1,120151
7290006739544,false,נקניק כתף בקר 3% 300 גרם,זוגלובק,IL,כתף בקר זוגלובק 300,גרמים,300.00,100 גרם,false,,28.90,0.0963,true,1,124124
7290006742162,false,המבורגר מזרחי זוגלובק 400 גרם,נקניק נהריה כשר זוגל,IL,המבורגר מזרחי 400 גר,גרמים,400.00,100 גרם,false,,19.90,0.0497,true,1,111838
7290006742278,false,פסטרמה הודו צלויה על לבנים 330 ג' זוגלובק,נקניק נהריה כשר זוגל,IL,פסטרממיה צלויה על לב,גרמים,330.00,100 גרם,false,,25.90,0.0785,true,1,121808
7290006742292,false,פסטרמה הודו בדבש 330 ג' זוגלובק,נקניק נהריה כשר זוגל,IL,פסטרממיה בדבש 330 גר,גרמים,330.00,100 גרם,false,,25.90,0.0785,true,1,121809
7290006742315,false,פסטרמה חזה הודו ברביקיו 2% זוגלובק 330 גרם,נקניק נהריה כשר זוגל,IL,חזה הודו ברביקיו 330,גרמים,330.00,100 גרם,false,,25.90,0.0785,true,1,121810
7290006753380,false,מעדני הטלה- חזה בקר,,,מעדני הטלה- חזה בקר,קילוגרמים,1.00,"ק""ג",true,,42.90,42.9000,true,1,266603
7290006764072,false,"בירה גולדסטאר בקבוק 500 מ""ל חוזר","טמפו משקאות בע""\מ",IL,גולדסטאר בירה בקבוק,מיליליטרים,500.00,"100 מ""ל",false,,6.70,0.0134,false,1,110090
7290006764096,false,"בירה איגל 500 מ""ל 3.8% בקבוק חוזר","טמפו משקאות בע""\מ",IL,בירה איגל 3.8% חוזר,מיליליטרים,500.00,"100 מ""ל",false,,4.90,0.0098,false,1,194638
7290006764157,false,"בירה גולדסטאר Unfiltered, בירה לא מסוננת, בקבוק חוזר 500 מ""ל",טמפו משקאות בע''מ,IL,גולדסטאר לא מסונן חו,מיליליטרים,500.00,"100 מ""ל",false,,7.50,0.0150,true,1,203696
7290006764478,false,"בירה נשר מאלט בקבוק זכוכית 330 מ""ל","טמפו משקאות בע""מ",IL,נשר מאלט בקבוק 330 מ,מיליליטרים,330.00,"100 מ""ל",false,,4.20,0.0127,true,1,110093
7290006764485,false,"בירה שחורה נשר מאלט שישייה ח""פ 330*6 מ''ל","טמפו משקאות בע""\ם.",IL,נשר מאלט שישייה בקבו,ליטרים,1.98,ליטר,false,,28.90,14.5960,false,1,110094
7290006765000,false,טורטיה מקמח מלא שקדיה 540 גרם,אלקטי קוראבייכיסיגיד,TR,עלי טורטייה בתוספת ס,גרמים,540.00,100 גרם,false,,9.90,0.0183,true,1,144421
7290006775016,false,עוגה מבית טוב 450 גרם תפוז,אחדות ביחר לטחינה חל,IL,עוגת תפוז 450 גרם אח,גרמים,450.00,100 גרם,false,,9.90,0.0220,true,1,117030
7290006775023,false,"עוגה מבית טוב"" 450 גרם אנגלית",אחדות ביחר לטחינה חל,IL,עוגה אנגלית אחוה,גרמים,450.00,100 גרם,false,,9.90,0.0220,true,1,117031
7290006775030,false,"עוגה מבית טוב"" 450 גרם שוקו-ציפס",אחדות ביחר לטחינה חל,IL,עוגה שוקו ציפס 450 ג,גרמים,450.00,100 גרם,false,,9.90,0.0220,true,1,117032
7290006775047,false,"עוגה מבית טוב"" 450 גרם שוקולד",אחדות ביחר לטחינה חל,IL,עוגה שוקולד אחוה,גרמים,450.00,100 גרם,false,,9.90,0.0220,true,1,117033
7290006775054,false,עוגת שיש אחווה 450 ג' אחוה,אחדות ביחר לטחינה חל,IL,עוגת שיש אחוה,גרמים,450.00,100 גרם,false,,9.90,0.0220,true,1,117094
7290006775085,false,עוגת שמרים במילוי שוקולד אחוה,אחדות ביחר לטחינה חל,IL,עוגת שמרים שוקולדאחו,גרמים,400.00,100 גרם,false,,11.00,0.0275,true,1,117035
7290006775337,false,עוגת שמרים במילוי פרג אחווה,אחדות ביחר לטחינה חל,IL,עוגת שמרים פרג 400 ג,גרמים,400.00,100 גרם,false,,11.00,0.0275,true,1,117036
7290006775344,false,עוגת שמרים במילוי קרם קינמון אחוה 400 גרם,אחדות ביחר לטחינה חל,IL,עוגת שמרים קינמון וא,גרמים,400.00,100 גרם,false,,11.00,0.0275,true,1,117037
7290006775764,false,"עוגת שוקוצ'יפס לל""ס אחדות 400 גר'",אחדות ביחר לטחינה חל,IL,עוגת שוקולד צ'יפס לל,גרמים,400.00,100 גרם,false,,11.50,0.0288,true,1,117096
7290006775894,false,אחדות עוגת שיש ללא תוספת סוכר 400 גרם,"אחדות ביח""ר לטחינה ח",IL,עוגת שיש ללא סוכר אח,יחידה,400.00,יחידה,false,,11.50,0.0288,true,1,128261
7290006784025,false,עלמה ספוג הפלא להסרת כתמים קשים,קומפלקס כימיקלים,IL,ספוגית בפלא,יחידה,0.00,יחידה,false,,7.90,0.0000,true,1,217248
7290006784032,false,עלמה כריות יפניות - ללא שריטות 6 יחידות,קומפלקס כימיקלים,IL,ספוגית לניקוי כלים,יחידה,0.00,יחידה,false,,7.50,0.0000,true,1,247756
7290006784063,false,מרכך כביסה פיור נייטשר ורוד 1 ל',"קומפלקס כימיקלים בע""",TR,מרכך כביסה כחול 1 לי,ליטרים,1.00,ליטר,false,,10.90,10.9000,true,1,263806
7290006784070,false,עלמה כריות קרצוף 2+1 יחידות,קומפלקס כימיקלים,IL,כריות קרצוף,יחידה,0.00,יחידה,false,,6.50,0.0000,true,1,140561
7290006784346,false,"תרסיס לניקוי שטיחים סנט מוריץ 630 מ""ל",קומפלקס כימיקלים בעמ,IL,קצף לניקוי שטיחים,מיליליטרים,630.00,"100 מ""ל",false,,15.90,0.0252,true,1,122505
7290006784360,false,חלונית סנט מוריץ לניקוי חלונות 1 ליטר,"קומפלקס כימיקלים בע""",IL,חלונית 1ליטר סנט מור,ליטרים,1.00,ליטר,false,,8.50,8.5000,false,1,123114
7290006784377,false,מרכך כביסה פיור נייטשר כחול 1 ליטר,"קומפלקס כימיקלים בע""",TR,מרכך כביסה ורוד 1 לי,ליטרים,1.00,ליטר,false,,10.90,10.9000,true,1,263807
7290006784506,false,"אוקסי מסיר כתמים 750 מ""ל",קומפלקס כימיקלים,IL,"מסיר כתמים 750 מ""ל O",מיליליטרים,750.00,"100 מ""ל",false,,10.90,0.0145,true,1,150058
7290006784605,false,"מילוי מכשיר אוויר 250 מ""ל fashion midnight secret סנט מוריץ",קומפלקס כימיקלים בעמ,TR,מטהר אוויר למכשיר או,מיליליטרים,250.00,"100 מ""ל",false,,9.90,0.0396,true,1,264121
7290006784643,false,"מילוי מכשיר אוויר 250 מ""ל fashion rose gold סנט מוריץ",קומפלקס כימיקלים בעמ,TR,מטהר אוויר למכשיר או,מיליליטרים,250.00,"100 מ""ל",false,,9.90,0.0396,true,1,264123
7290006785633,false,שקית 10 בלונים מיטלי,Unknown,,בלונים,יחידה,0.00,יחידה,false,,6.40,0.0000,true,1,151032
7290006788405,false,"קרליין - נושם אקטיב דאודורנט רול און לאישה ברודו 75 מ""ל",מיוצר עי : אמיליה קוסמטי,IL,רול און קרליין,גרמים,75.00,100 גרם,false,,12.90,0.1720,true,1,107963
7290006788443,false,"קרליין - נושם אוקסיג'ן דאודורנט רול און לאישה סגול 75 מ""ל","אמיליה קוסמטיקס בע""מ",IL,רול און קרליין,גרמים,75.00,100 גרם,false,,12.90,0.1720,true,1,107967
7290006788467,false,"קרליין - נושם אקטיב דאודורנט ספריי לאישה בורדו 200 מ""ל",מיוצר עי : אמיליה קוסמטי,IL,דאודורנט קרליין,מיליליטרים,200.00,"100 מ""ל",false,,12.90,0.0645,true,1,107969
7290006788474,false,"קרליין - נושם אקווה דאודורנט ספריי לאישה כחול 200 מ""ל",אמיליה קוסמטיקס,IL,דאודורנט קרליין,גרמים,75.00,100 גרם,false,,12.90,0.1720,true,1,107970
7290006788481,false,"קרליין - נושם סאן רייס דאודורנט ספריי לאישה כתום 200 מ""ל",מיוצר עי : אמיליה קוסמטי,IL,דאודורנט קרליין,מיליליטרים,200.00,"100 מ""ל",false,,12.90,0.0645,true,1,107971
7290006788504,false,"קרליין - נושם אוקסיג'ן דאודורנט ספריי לאישה סגול 200 מ""ל",מיוצר עי : אמיליה קוסמטי,IL,דאודורנט קרליין,מיליליטרים,200.00,"100 מ""ל",false,,12.90,0.0645,true,1,107973
7290006804877,false,פיתה ביס פילסברי 1/,פילסברי,,פיתה ביס עשיריה,גרמים,500.00,100 גרם,false,,13.90,0.0278,true,1,203769
7290006805355,false,"פילסברי, כדורים בטעם שוקולד, תערובת להכנת כדורים בטעם שוקולד. 500 גרם.",הדקלאים אגודת שיתופי,IL,תערובת כדורי שוק,גרמים,500.00,100 גרם,false,,17.90,0.0358,true,1,102189
7290006805850,false,פילסברי פנקייק תערובת להכנת חביתיות,הדקלאים אגודת שיתופי,IL,תערובת להכנת פנקייקס,גרמים,500.00,100 גרם,false,,17.90,0.0358,true,1,102190
7290006809025,false,שמן זית עץ השדה פיקו,,,שמן זית עץ השדה פיקו,מיליליטרים,750.00,"100 מ""ל",false,,43.90,0.0585,true,1,136576
7290006809032,false,עץ השדה- שמן זית פיק,,,עץ השדה- שמן זית פיק,מיליליטרים,750.00,"100 מ""ל",false,,43.90,0.0585,true,1,148464
7290006809049,false,שמן השדה-שמן ארבקינה,,,שמן השדה-שמן ארבקינה,מיליליטרים,750.00,"100 מ""ל",false,,43.90,0.0585,true,1,148529
7290006809087,false,עץ השדה-שמן זית סורי,,,עץ השדה-שמן זית סורי,מיליליטרים,750.00,"100 מ""ל",false,,43.90,0.0585,true,1,150456
7290006809094,false,שמן זית קורטינה,,,שמן זית קורטינה,מיליליטרים,750.00,"100 מ""ל",false,,43.90,0.0585,true,1,202120
7290006809711,false,עץ השדה ממרח שום,,,עץ השדה ממרח שום,גרמים,230.00,100 גרם,false,,18.90,0.0822,true,1,202353
7290006822192,false,נקטר דיאט חמוציות אושן ספריי פריגת 1 ליטר,מבשלות בירה בינלאומיות ב,IL,מיץ חמוציות דיאט אוש,ליטרים,1.00,ליטר,false,,12.90,12.9000,false,1,93374
7290006855190,false,חטיף תמרים ואגוזי מלך עם בננה ללא תוספת סוכר,טבעית מוצרים מן הטבע בעמ,IL,ברבריא חטיף תמר א.מל,גרמים,120.00,100 גרם,false,,16.00,0.1333,true,1,219654
7290006855206,false,חטיף בר שזיפים קוקוס ואוכמניות מארז 120 גרם,טבעית מוצרים מן הטבע,IL,חטיף בר שזיפים קוקוס,גרמים,120.00,100 גרם,false,,16.00,0.1333,true,1,149437
7290006855244,false,ברבריא חטיף אגוזים שקדים וצימוקים 30*4,טבעית מוצרים מן הטבע בעמ,IL,חטיף בר אגוזים שקדים,גרמים,120.00,100 גרם,false,,16.00,0.1333,true,1,149438
7290006855251,false,חטיף קשיו חמוציות וסילאן ברבריא 4*30 ג',טבעית מוצרים מן הטבע בעמ,IL,חטיף בר קשיו אגוזי מ,גרמים,120.00,100 גרם,false,,16.00,0.1333,true,1,149439
7290006866363,false,מיץ סחוט אשכוליות אדומות פרימור 1 ליטר,"גניר (1992) בע""מ",IL,פרימור מיץ אשכולית א,ליטרים,1.00,ליטר,false,,15.90,15.9000,true,1,95663
7290006899224,false,סרמוני תה - 20 ירוק יסמין - קופסת פירמידה,תה סרמוני בעמ,IL,סרמוני תה ירוק יסמין,גרמים,40.00,100 גרם,false,,16.90,0.4225,true,1,261916
7290006899255,false,סרמוני תה - 20 ארל גריי - קופסת פירמידה,תה סרמוני בעמ,,תה סרמוני ארל גריי,גרמים,40.00,100 גרם,false,,16.90,0.4225,true,1,195040
7290006899316,false,תה סרמוני סנצה יפני 20 שקיות,תה סרמוני בעמ,IL,סרמוני תה ירוק סנצ'ה,גרמים,40.00,100 גרם,false,,16.90,0.4225,true,1,195042
7290006899354,false,סרמוני תה - 20 פרחי קמומיל - קופסת פירמידה,תה סרמוני בעמ,IL,תה סרמוני קמומיל,גרמים,21.00,100 גרם,false,,16.90,0.8048,true,1,195043
7290006899705,false,סרמוני תה - 20 ירוק לימונית - קופסת פירמידה,תה סרמוני בעמ,IL,סרמוני תה ירוק לימונ,גרמים,44.00,100 גרם,false,,16.90,0.3841,true,1,216749
7290006960023,false,כרוב כבוש מאמא מרי 7,מאמא מרי,IL,כרוב לבן כבוש 750 גר,גרמים,750.00,100 גרם,false,,18.90,0.0252,true,1,266623
7290006960429,false,"מאמא מרי כרוב בולגרי 1 ק""ג",מאמא מרי,IL,כרוב לבן כבוש בסגנון,גרמים,750.00,100 גרם,false,,18.90,0.0252,true,1,266624
7290006983152,false,קרוטונים מתובלים למרק אסם 400 גרם,עינת תעשיות מזון אגו,IL,קרוטונים מתובלים למר,גרמים,400.00,100 גרם,false,,18.90,0.0472,true,1,94201
7290006983176,false,אוסם - לחמית שיפון 250 גרם,"אסם השקעות בע""\מ",IL,לחמית שיפון,גרמים,230.00,100 גרם,false,,8.70,0.0378,true,1,94202
7290006983206,false,פלאפל בקלי קלות- תערובת להכנת פלאפל,"אסם השקעות בע""\מ",IL,פלאפל בקלי קלות 180,גרמים,180.00,100 גרם,false,,9.70,0.0539,true,1,94203
7290006983763,false,עוגת הבית שוקולד 400 גרם אסם.,מיוצר עי קונדיטוריית,IL,עוגת הבית שוקולד,גרמים,400.00,100 גרם,false,,13.90,0.0348,false,1,192667
7290006983770,false,עוגת הבית שיש אסם 400 גרם,מיוצר עי קונדיטוריית,IL,עוגת הבית שיש,גרמים,400.00,100 גרם,false,,13.90,0.0348,false,1,94214
7290006983787,false,עוגת הבית שוקולד צ'יפס אסם 400 גרם,מיוצר עי קונדיטוריית,IL,עוגת הבית שוקולד,גרמים,400.00,100 גרם,false,,13.90,0.0348,false,1,94215
7290006983794,false,עוגת הבית בטעם תפוז אסם 400 גרם,מיוצר עי קונדיטוריית,IL,עוגת הבית תפוז,גרמים,400.00,100 גרם,false,,13.90,0.0348,false,1,94216
7290006992185,false,"מטרנה - דייסת אורז פרוביוטי כשל""פ 200 גרם",מולינו ניקולי s.p.a,IL,דייסת מטרנה אורז 200,גרמים,200.00,100 גרם,false,,13.90,0.0695,false,1,107092
7290006992390,false,"מטרנה - דייסת וניל פרוביוטי כשל""פ 200 גרם",מולינו ניקולי s.p.a,IL,"דייסת וניל 200 בד""צ",גרמים,200.00,100 גרם,false,,13.90,0.0695,true,1,107098
7290008000796,false,"סופרמן משחת שיניים לילדים בטעם פירות כצט 50 מ""ל",כצט נוביס,IL,סופרמן מ.שיניים,מיליליטרים,50.00,"100 מ""ל",false,,10.90,0.2180,true,1,127131
7290008000826,false,"משחת שיניים לילדים בטעם פירות לגילאים 2-6 כצט 50 מ""ל",כצט נוביס,IL,משחת שיניים לילדים ב,מיליליטרים,50.00,"100 מ""ל",false,,10.90,0.2180,true,1,125576
7290008023542,false,סיף פנטסטיק שמפו רצפות כתום 4ל',יוניליוור ישראל טיפוח אי,IL,שמפו רצפות 4 ליט,ליטרים,4.00,ליטר,false,,19.90,4.9750,false,1,101733
7290008068512,false,בייבי פסטה משחה קמומיל לתינוק 100 גר',ויטאמד צריכה,IL,בייבי פסטה+קמומיל,גרמים,100.00,100 גרם,false,,18.90,0.1890,true,1,173564
7290008084956,false,בייבי פסטה משחה לתינוק,בייבי פסטה,IL,בייבי פסטה משחה לתינ,גרמים,120.00,100 גרם,false,,15.90,0.1325,true,1,99508
7290008089296,false,בייבי פסטה טלק 200 גרם,,,טלק בייבי פסטה 200 ג,גרמים,200.00,100 גרם,false,,13.90,0.0695,true,1,211340
7290008116541,false,"שטיפת פה ליסטרין קול מינט 500 מ""ל",ג'\ונסון אנד ג'\ונסון,IT,"ליסטרין 500 מ""ל",מיליליטרים,500.00,"100 מ""ל",false,,16.90,0.0338,true,1,151295
7290008116565,false,ליסטרין שטיפת פה פרש 500 מל,ג'\ונסון אנד ג'\ונסון,IT,"ליסטרין 500 מ""ל",מיליליטרים,500.00,"100 מ""ל",false,,16.90,0.0338,true,1,151296
7290008154222,false,שניצלונים עוף טוב 700 גרם,"מוצרי עוף טוב (2001) בע""",IL,עוף טוב שניצלונים 70,גרמים,700.00,100 גרם,false,,19.90,0.0284,false,1,94244
7290008175173,false,חמאה מפינלנד ללא מלח 200 גרם ויליפוד,ואליו אל.טי.די,FI,חמאה ללא מלח 200 גר,גרמים,200.00,100 גרם,false,,11.90,0.0595,true,1,105171
7290008175210,false,גבינת פרמזן מגורדת 90ג' ויליפוד,זנטי אס.איי.,IT,גבינה פרמזן,גרמים,90.00,100 גרם,false,,15.90,0.1767,true,1,139641
7290008175760,false,מנצגו חלב כבשים מעדניה שקיל,אלפסטור,ES,גבינת מנצ'גו,קילוגרמים,1.00,"ק""ג",true,,99.90,99.9000,true,1,143800
7290008175777,false,גבינת איבריקו31% במשקל,יושלם,ES,איבריקו גבינה קשה וי,קילוגרמים,1.00,"ק""ג",true,,110.00,110.0000,true,1,143801
7290008175814,false,וילי פוד פטריות שמפיניון חתוך בדץ 400ג,"אוקצ'מפ אס, איי אויי",PL,פטריות שמפניון חתוכו,גרמים,400.00,100 גרם,false,,4.90,0.0123,false,1,105177
7290008190909,false,עוגיות מיני קוקיס שוקולד צ'יפס בצנצנת כרמית 600 גרם,כרמית תעשיות ממתקים,IL,עוגיות מיני קוקיס כר,גרמים,600.00,100 גרם,false,,15.90,0.0265,true,1,104533
7290008190985,false,לקקן בטעם גלידה 50 יח',דורקן סקרלמה סאן. וי,TR,לקקן גלידה,גרמים,500.00,100 גרם,false,,14.90,0.0298,true,1,104536
7290008254250,false,שוק טלה חלק קורדרו,,,שוק טלה חלק קורדרו,קילוגרמים,1.00,"ק""ג",true,,109.90,109.9000,false,1,212186
7290008263030,false,פסטה פנה מלא אורגני הרדוף 500 גרם,פסטיפיסוי פליצ'טי,IT,פסטה פנה מקמח מלא,גרמים,500.00,100 גרם,false,,9.90,0.0198,true,1,104894
7290008263481,false,פסטה פנה אורגנית הרדוף 500 גר`,פסטיפיסוי פליצ'טי,IT,פסטה פנה קמח לבן,גרמים,500.00,100 גרם,false,,9.90,0.0198,true,1,197869
7290008263498,false,הרדוף פסטה פוסילי מקמח לבן 500 גרם,פסטיפיסוי פליצ'טי,IT,פסטה פוסילי קמח לבן,גרמים,500.00,100 גרם,false,,9.90,0.0198,true,1,197870
7290008263597,false,קוואקר אורגני הרדוף 500 גרם,אול אורגני,IL,קוואקר אורגני הרדוף,גרמים,500.00,100 גרם,false,,9.90,0.0198,true,1,104905
7290008263641,false,קוואקר עדין אורגני 500 גרם - הרדוף,אול אורגני,IL,קוואקר עדין אורגני 5,גרמים,500.00,100 גרם,false,,9.90,0.0198,true,1,113423
7290008263658,false,"משקה סויה ללת""ס אורגני 1 ליטר",ליקואטס,ES,משקה סויה אורגני ללא,ליטרים,1.00,ליטר,false,,10.90,10.9000,true,1,195718
7290008318518,false,"דאו.לאבליין ספריי 187מ""ל",חלאבין,IL,לאבליין דאודורנט,מיליליטרים,150.00,"100 מ""ל",false,,18.90,0.1260,true,1,103188
7290008330107,false,מרכך כביסה בדין סגול 4 ליטר,יוניליור ישראל טיפוח איש,IL,בדין 4 ליטר מרען,ליטרים,4.00,ליטר,false,,19.90,4.9750,false,1,101736
7290008335553,false,קובה במילוי בשר 600 גרם,האי נאם סי או אל.טי.,IL,קובה בשר וצנובר,גרמים,600.00,100 גרם,false,,12.90,0.0215,true,1,186515
7290008335560,false,סיגרים במילוי בשר 600גרם,האי נאם סי או אל.טי.,IL,סיגרים בשר,גרמים,600.00,100 גרם,false,,12.90,0.0215,true,1,186516
7290008340618,false,סלמון מעושן מצונן דלידג 100 ג',ויליגר תעשיות בעמ,IL,סלמון 100 גר,גרמים,100.00,100 גרם,false,,18.90,0.1890,true,1,170136
7290008343466,false,בצק פילו 500 גרם שלושת האופים,שלושת האופים שגמור,IL,בצק פילו 500 גר',גרמים,500.00,100 גרם,false,,18.90,0.0378,true,1,102808
7290008344272,false,המבורגר 100% טיבון ויל 400 גרם,טיבון ויל אחזקות בעמ,IL,100% המבורגר 400 גר',גרמים,400.00,100 גרם,false,,18.90,0.0472,false,1,109476
7290008345576,false,סלט איקרה ביתית לבנה 300 גרם דלידג,כלורוקס אוקלנד,IL,איקרא ביתית,גרמים,300.00,100 גרם,false,,19.90,0.0663,true,1,109488
7290008345583,false,איקרה ביתית ורוד 300 גרם דלידג,כלורוקס אוקלנד,IL,איקרא ביתית ורוד,גרמים,300.00,100 גרם,false,,19.90,0.0663,true,1,109489
7290008347211,false,אצבעות דג מצופות דלידג 700 גרם,אף.סי תבליני בגליל ב,IL,אצבעות דג 700 גרם,גרמים,700.00,100 גרם,false,,22.90,0.0327,true,1,109508
7290008403238,false,גבינת ברי צרפתית32% משקל,קואופורטיב איסיני סנט מר,FR,גבינת ברי איסיני,קילוגרמים,1.00,"ק""ג",true,,145.00,145.0000,true,1,190024
7290008403474,false,גבינת קומטה,,,גבינת קומטה,קילוגרמים,1.00,"ק""ג",true,,155.90,155.9000,true,1,196658
7290008403832,false,אולד רוטרדם בקר במשקל,הנרי ויליך,NL,גבינת אולד רוטרדם בק,קילוגרמים,1.00,"ק""ג",true,,165.00,165.0000,true,1,207235
7290008403849,false,אולד רוטרדם עיזים במשקל,הנרי ויליך,NL,גבינת אולד רוטרדם עי,קילוגרמים,1.00,"ק""ג",true,,215.00,215.0000,true,1,207236
7290008403900,false,גבינת גאודה עגבניות וזיתים במשקל,מיוצר עי קונדיטוריית,NL,גאודה עגבניות זיתים,קילוגרמים,1.00,"ק""ג",true,,115.00,115.0000,true,1,215698
7290008403917,false,גבינת גאודה פסטו במשקל,הנרי ויליך,NL,גאודה פסטו ירוק,קילוגרמים,1.00,"ק""ג",true,,140.00,140.0000,true,1,211915
7290008403931,false,גבינת גאודה כמון במשקל,מיוצר עי קונדיטוריית,NL,גאודה כמון,קילוגרמים,1.00,"ק""ג",true,,115.00,115.0000,true,1,216651
7290008408073,false,"EVEN קרם קרטין טיפולי לשיער צבוע/פגום 500 מ""ל",י.שיאון,IL,מים מזוקקים 4 ל',ליטרים,4.00,ליטר,false,,13.90,3.4750,true,1,119669
7290008409049,false,שניצלונים בציפוי שומשום מיני מיני דק מאמא עוף 500 גרם,תנובה גליל שותפות מוגבלת,IL,מיני מיני שניצלונים,גרמים,500.00,100 גרם,false,,24.90,0.0498,false,1,140203
7290008409100,false,אצבעות שניצל בציפוי שומשום מאמא עוף 700 גרם,תנובה גליל שותפות מוגבלת,IL,אצבעות שניצל בציפוי,גרמים,700.00,100 גרם,false,,31.90,0.0456,false,1,97922
7290008409124,false,מאמא עוף קפוא שניצל ג'ונגל פריך 700 גרם,תנובה גליל שותפות מוגבלת,IL,שניצל ג'ונגל מאמא עו,גרמים,700.00,100 גרם,false,,31.90,0.0456,false,1,97924
7290008409216,false,מאמא עוף קפוא שניצל דק פריך 700 גרם,תנובה גליל,IL,שניצל דק פריך מאמא ע,גרמים,700.00,100 גרם,false,,37.90,0.0541,false,1,120307
7290008409223,false,שניצל דק דק מתובל מאמא עוף 700 גרם,תנובה גליל שותפות מוגבלת,IL,שניצל דק מתובל מאמא,גרמים,700.00,100 גרם,false,,37.90,0.0541,false,1,121259
7290008409315,false,שניצלונים בציפוי פריך מיני מיני דק מאמא עוף 500 גרם,תנובה גליל,IL,מיני מיני דק שניצלונ,גרמים,500.00,100 גרם,false,,24.90,0.0498,false,1,140201
7290008409407,false,שניצל דק צ'יפס מאמא עוף 700 גרם,תנובה גליל שותפות מוגבלת,IL,שניצל דק צ'יפס,גרמים,700.00,100 גרם,false,,37.90,0.0541,false,1,126708
7290008409551,false,שניצל עוף אמיתי בציפוי מעודן 700 ג' מאמא עוף,תנובה גליל שותפות מוגבלת,IL,שניצל מעודן,גרמים,700.00,100 גרם,false,,37.90,0.0541,false,1,97943
7290008409568,false,שניצל עוף אמיתי בציפוי שבבי ציפס 700 גר,תנובה גליל שותפות מוגבלת,IL,שניצל עוף אמיתי בציפ,גרמים,700.00,100 גרם,false,,37.90,0.0541,false,1,97944
7290008409582,false,שניצל עוף אמיתי בציפוי ביתי מאמא עוף 700 גרם,תנובה גליל שותפות מוגבלת,IL,שניצל אמיתי ביתי,גרמים,700.00,100 גרם,false,,37.90,0.0541,false,1,97946
7290008409605,false,כוכבי עוף בציפוי מעודן מאמא עוף 700 גרם,תנובה גליל שותפות מוגבלת,IL,כוכבי עוף בציפוי,גרמים,700.00,100 גרם,false,,31.90,0.0456,false,1,97948
7290008409773,false,קציצות עוף אמיתיות מאמא עוף 700 גרם,תנובה גליל שותפות מוגבלת,IL,קציצות עוף מאמא,גרמים,700.00,100 גרם,false,,28.90,0.0413,false,1,97953
7290008417006,false,פפריקה מתוקה עם שמן,נווה תבלין,,פפריקה מתוקה עם שמן,גרמים,100.00,100 גרם,false,,8.40,0.0840,true,1,100886
7290008417013,false,פפריקה מתוקה גרוסה,נווה תבלין,,פפריקה מתוקה גרוסה,גרמים,100.00,100 גרם,false,,8.40,0.0840,true,1,100887
7290008417020,false,פפריקה חריפה 110,נווה תבלין,,פפריקה חריפה,גרמים,100.00,100 גרם,false,,8.40,0.0840,true,1,100888
7290008417037,false,פלפל שחור טחון במיכל,נווה תבלין,,פלפל שחור טחון במיכל,גרמים,80.00,100 גרם,false,,8.40,0.1050,true,1,100889
7290008417044,false,פלפל שחור גרוס במיכל,נווה תבלין,,פלפל שחור גרוס במיכל,גרמים,80.00,100 גרם,false,,8.40,0.1050,true,1,100890
7290008417051,false,תבלין פלפל לבן,נווה תבלין,,תבלין פלפל לבן,גרמים,60.00,100 גרם,false,,8.40,0.1400,true,1,100891
7290008417068,false,כמון מזרחי מיכל פלסט,נווה תבלין,,כמון מזרחי מיכל פלסט,גרמים,110.00,100 גרם,false,,8.40,0.0764,true,1,100892
7290008417075,false,כורכום טחון מיכל פלס,נווה תבלין,,כורכום טחון מיכל פלס,גרמים,110.00,100 גרם,false,,8.40,0.0764,true,1,100893
7290008417082,false,חוואג' לקפה מיכל פלס,נווה תבלין,,חוואג' לקפה מיכל פלס,גרמים,110.00,100 גרם,false,,8.40,0.0764,true,1,100894
7290008417099,false,תבלין חווא'ג למרק,נווה תבלין,,תבלין חווא'ג למרק,גרמים,110.00,100 גרם,false,,8.40,0.0764,true,1,100895
7290008417105,false,קינמון טחון 110,נווה תבלין,,קינמון טחון,גרמים,120.00,100 גרם,false,,8.40,0.0700,true,1,100896
7290008417112,false,תבלין מלח לימון,נווה תבלין,,תבלין מלח לימון,גרמים,130.00,100 גרם,false,,8.40,0.0646,true,1,100897
7290008417129,false,עלי דפנה במיכל פלסטי,נווה תבלין,,עלי דפנה במיכל פלסטי,גרמים,35.00,100 גרם,false,,8.40,0.2400,true,1,100898
7290008417150,false,תבלין קארי טחון,נווה תבלין,,תבלין קארי טחון,גרמים,110.00,100 גרם,false,,8.40,0.0764,true,1,100900
7290008417167,false,קימל טחון/שלם,נווה תבלין,,קימל טחון/שלם,גרמים,110.00,100 גרם,false,,8.40,0.0764,true,1,100901
7290008417174,false,אבקת שום,נווה תבלין,,אבקת שום,גרמים,110.00,100 גרם,false,,8.40,0.0764,true,1,100902
7290008417198,false,תבלין בצל יבש,נווה תבלין,,תבלין בצל יבש,גרמים,120.00,100 גרם,false,,8.40,0.0700,true,1,100904
7290008417204,false,תבלין לשווארמה 110,נווה תבלין,,תבלין לשווארמה,גרמים,110.00,100 גרם,false,,8.40,0.0764,true,1,100905
7290008417211,false,תבלין לדג,נווה תבלין,,תבלין לדג,גרמים,120.00,100 גרם,false,,8.40,0.0700,true,1,100906
7290008417228,false,תבלין על אש 110,נווה תבלין,,תבלין על האש,גרמים,110.00,100 גרם,false,,8.40,0.0764,true,1,100907
7290008417235,false,זנגויל טחון מיכל פלס,נווה תבלין,,זנגויל טחון מיכל פלס,גרמים,120.00,100 גרם,false,,8.40,0.0700,true,1,100908
7290008417242,false,תבלין אורגנו,נווה תבלין,,תבלין אורגנו,גרמים,50.00,100 גרם,false,,8.40,0.1680,true,1,100909
7290008417259,false,תבלין לקציצות,נווה תבלין,,תבלין לקציצות,גרמים,110.00,100 גרם,false,,8.40,0.0764,true,1,100910
7290008417266,false,זעתר עם שומשום מיכל,נווה תבלין,,זעתר עם שומשום מיכל,גרמים,110.00,100 גרם,false,,8.40,0.0764,true,1,100911
7290008417273,false,כוסברה ירק / שלם,נווה תבלין,,כוסברה ירק / שלם,גרמים,40.00,100 גרם,false,,8.40,0.2100,true,1,100912
7290008417280,false,אגוז מוסקט טחון 60 ג,נווה תבלין,,אגוז מוסקט - שלם / ט,גרמים,60.00,100 גרם,false,,8.40,0.1400,true,1,100913
7290008417372,false,תבלין לגריל עוף 120,נווה תבלין,,תבלין גריל עוף,גרמים,110.00,100 גרם,false,,8.40,0.0764,true,1,100914
7290008417389,false,שום גבישי 110,נווה תבלין,,שום גבישי,גרמים,110.00,100 גרם,false,,8.40,0.0764,true,1,100915
7290008417419,false,תבלין שמיר,נווה תבלין,,תבלין שמיר,גרמים,50.00,100 גרם,false,,8.40,0.1680,true,1,100918
7290008417426,false,פטרוזיליה יבשה 110 ג,נווה תבלין,,תבלין פטרוזיליה,גרמים,40.00,100 גרם,false,,8.40,0.2100,true,1,100919
7290008417440,false,פלפל שחור שלם במיכל,נווה תבלין,,פלפל שחור שלם במיכל,גרמים,80.00,100 גרם,false,,8.40,0.1050,true,1,100921
7290008417457,false,תבלין רוזמרין,נווה תבלין,,תבלין רוזמרין,גרמים,60.00,100 גרם,false,,8.40,0.1400,true,1,100922
7290008417464,false,תבלין לעוף,נווה תבלין,,תבלין לעוף,גרמים,110.00,100 גרם,false,,8.40,0.0764,true,1,100923
7290008417501,false,תבלין בהרט,נווה תבלין,,תבלין בהרט,גרמים,110.00,100 גרם,false,,8.40,0.0764,true,1,100925
7290008417518,false,תבלין למעורב ירושלמי,נווה תבלין,,תבלין למעורב ירו,גרמים,110.00,100 גרם,false,,8.40,0.0764,true,1,100926
7290008417532,false,תבלין סומק,נווה תבלין,,תבלין סומק,גרמים,100.00,100 גרם,false,,8.40,0.0840,true,1,100928
7290008417587,false,נווה התבלין כמון ארוז 400 גרם,נווה תבלין,,כמון מזרחי 400 גר',גרמים,400.00,100 גרם,false,,20.00,0.0500,true,1,197048
7290008417594,false,כורכום טחון 400 גר,נווה תבלין,,כורכום טחון 400 גר,גרמים,400.00,100 גרם,false,,20.00,0.0500,true,1,161148
7290008417600,false,פפריקה מתוקה 400 ג,נווה תבלין,,פפריקה מתוקה 400 ג,גרמים,400.00,100 גרם,false,,20.00,0.0500,true,1,138319
7290008417617,false,מלח לימון 600 גר,נווה תבלין,,מלח לימון 600 גר,גרמים,600.00,100 גרם,false,,20.00,0.0333,true,1,138625
7290008417624,false,פפריקה מתוקה עם שום,נווה תבלין,,פפריקה מתוקה 400 גר',גרמים,400.00,100 גרם,false,,20.00,0.0500,true,1,100931
7290008417631,false,פפריקה מתוקה 110,נווה תבלין,,פפריקה מתוקה,גרמים,100.00,100 גרם,false,,8.40,0.0840,true,1,100932
7290008417648,false,צ'ילי מקסיקני 120,נווה תבלין,,צי'לי מקסיקני,גרמים,110.00,100 גרם,false,,8.40,0.0764,true,1,100933
7290008417655,false,מקלות קינמון במיכל פ,נווה תבלין,,מקלות קינמון במיכל פ,גרמים,110.00,100 גרם,false,,8.40,0.0764,true,1,100934
7290008417723,false,תבלין קצח,נווה תבלין,,תבלין קצח,גרמים,90.00,100 גרם,false,,8.40,0.0933,true,1,100937
7290008417815,false,פפריקה מתוקה מעושנת,נווה תבלין,,פפריקה מתוקה מעושנת,גרמים,90.00,100 גרם,false,,8.40,0.0933,true,1,140330
7290008417822,false,תערובת תיבול טוסקנה,נווה תבלין,,תערובת תיבול טוסקנה,גרמים,100.00,100 גרם,false,,8.40,0.0840,true,1,140331
7290008417877,false,תערובת פילדלפיה,,,פילדלפיה תבלין,גרמים,100.00,100 גרם,false,,8.40,0.0840,true,1,150041
7290008417969,false,תבלין ציפורן- שלם/טח,נווה תבלין,,תבלין ציפורן- שלם/טח,גרמים,120.00,100 גרם,false,,8.40,0.0700,true,1,100943
7290008423052,false,ממרח עגבניות מיובשות בשמן זית 250גר,תבליני הדור השלישי,IL,עגבניות מיובשות,גרמים,250.00,100 גרם,false,,15.90,0.0636,true,1,130422
7290008425155,false,"שמן זית אורגני 750 מ""ל",,IL,"שמן זית 750 מ""ל",מיליליטרים,750.00,"100 מ""ל",false,,59.90,0.0799,true,1,211148
7290008425186,false,זיתים אורגניים סורי400גר,,IL,זיתים סורים 400 גרם,גרמים,400.00,100 גרם,false,,22.90,0.0572,true,1,203837
7290008425193,false,זיתים נבאלי 400 גרם,,IL,זיתים נבאלי,גרמים,400.00,100 גרם,false,,22.90,0.0572,true,1,206779
7290008425209,false,זיתים פיקואל 400 גרם,,IL,זיתים פיקואל 400גרם,גרמים,400.00,100 גרם,false,,22.90,0.0572,true,1,209331
7290008425346,false,"נקטר אפרסק 330 מ""ל",,,נקטר אפרסק 330 מל,מיליליטרים,330.00,"100 מ""ל",false,,12.90,0.0391,true,1,206780
7290008425452,false,מיץ אשכולית טבעי סמדר330,,IL,מיץ אשכוליות 330 מל,מיליליטרים,330.00,"100 מ""ל",false,,12.90,0.0391,true,1,203838
7290008443616,false,"מרכך לשיער יבש אדום נקה 7 750 מ""ל","אמיליה קוסמטיקס בע""מ",IL,נקה 7-מייצב יבש אדו,מיליליטרים,750.00,"100 מ""ל",false,,11.90,0.0159,true,1,108064
7290008443647,false,"מרכך לשיער מתולתל סגול, 750 מ""ל נקה 7","אמיליה קוסמטיקס בע""מ",IL,נקה 7-מייצב מתולתל ס,מיליליטרים,750.00,"100 מ""ל",false,,11.90,0.0159,true,1,108067
7290008461047,false,גב.ברי לה רוסטיק 31%משקל,נטו מלינדה סיימן,FR,גבינת ברי לה רוס,קילוגרמים,1.00,"ק""ג",true,,160.00,160.0000,true,1,110542
7290008461221,false,סרדינים רוברט בשמן חמניות 115 גרם,"רמירז, מטוסינוס",PT,סרדין רוברט בשמן 115,גרמים,115.00,100 גרם,false,,6.90,0.0600,true,1,109524
7290008461238,false,סרדינים בשמן חמניות ופלפל חריף רוברט 84 גרם,"רמירז, מטוסינוס",PT,סרדין רוברט חריף בשמ,גרמים,115.00,100 גרם,false,,6.90,0.0600,true,1,109525
7290008461283,false,גבינת טריפל צ'דר חצי קשה הגבינות של נני 200 גרם,דאוליי צ'סמייקרס,GB,צ'דר טריפל 200 גר,גרמים,200.00,100 גרם,false,,22.90,0.1145,true,1,213687
7290008462310,false,גבינת סנט מור עיזים משקל,סואניון,FR,גבינת סנט מור עיזים,קילוגרמים,1.00,"ק""ג",true,,149.90,149.9000,true,1,109107
7290008464109,false,"בירה גולדסטאר Unfiltered, בירה לא מסוננת, בקבוק 330 מ""ל","טמפו משקאות בע""מ",IL,"גולדסטאר 330 מ""ל לא",מיליליטרים,330.00,"100 מ""ל",false,,7.20,0.0218,true,1,141403
7290008464130,false,"בירה גולדסטאר Unfiltered, בירה לא מסוננת, מארז שישייה, בקבוק 330 מ""ל",טמפו,IL,גולדסטאר לא מסונן שי,ליטרים,1.98,ליטר,false,,32.90,16.6162,false,1,141580
7290008464222,false,"בירה מכבי 7.9%, בירה חזקה, פחית 500 מ""ל","טמפו משקאות בע""\מ",IL,מכבי 7.9% פחית 500 מ,מיליליטרים,500.00,"100 מ""ל",false,,7.20,0.0144,true,1,187055
7290008464345,false,"בירה גולדסטאר, בקבוק 330 מ''ל",טמפו משקאות בע''מ,IL,גולדסטאר בק' 330,יחידה,330.00,יחידה,false,,7.00,0.0212,true,1,110105
7290008464468,false,"בירה גולדסטאר, פחית 500 מ""ל","טמפו משקות בע""\מ",IL,גולדסטאר בירה פחית 5,מיליליטרים,500.00,"100 מ""ל",false,,7.90,0.0158,false,1,110110
7290008464475,false,"בירה מכבי, פחית 500 מ""ל","טמפו משקאות בע""\מ",IL,מכבי בירה פחית 500 מ,מיליליטרים,500.00,"100 מ""ל",false,,6.90,0.0138,false,1,110111
7290008464604,false,"בירה הייניקן פחית 500 מ""ל",טמפו משקאות בע''מ,NL,הייניקן בירה פחית 50,מיליליטרים,500.00,"100 מ""ל",false,,9.50,0.0190,false,1,110116
7290008464611,false,"הסודה של טמפו, מי סודה בגיזוז חזק, 275 מל",טמפו משקאות בעמ,IL,"סודה 275 מ""ל בקבוק",מיליליטרים,275.00,"100 מ""ל",false,,3.00,0.0109,true,1,203290
7290008464628,false,"טמפו ביטר למון גזוז בטעם ביטר לימון, 275 מל","טמפו משקאות בע""\מ",IL,סודה ביטר למון 275 מ,מיליליטרים,275.00,"100 מ""ל",false,,4.50,0.0164,true,1,212777
7290008464635,false,"מי טוניק, גזוז בטעם טוניק 275 מל",טמפו משקאות בעמ,IL,"מי טוניק טמפו 275 מ""",מיליליטרים,275.00,"100 מ""ל",false,,4.50,0.0164,true,1,203389
7290008464642,false,"טמפו ג'ינג'ר אייל גזוז בטעם ג'ינג'ר, 275 מל","טמפו משקאות בע""מ",IL,"ג'ינג'ר אייל 275 מ""ל",מיליליטרים,275.00,"100 מ""ל",false,,3.90,0.0142,true,1,211139
7290008464673,false,"בירה גולדסטאר SLOWBREW פחית 10%, 500 מ""ל","טמפו משקאות בע""\מ",IL,בירה גולדסטאר 10% SL,מיליליטרים,500.00,"100 מ""ל",false,,8.50,0.0170,true,1,205318
7290008464697,false,"בירה מכבי 7.9%, בירה חזקה, מארז שישייה, בקבוק 330 מ""ל",טמפו,IL,שישיית מכבי 7.9% אלכ,מיליליטרים,1980.00,"100 מ""ל",false,,32.90,0.0166,false,1,149992
7290008464703,false,"שישיית בירה מכבי בקבוק 330 מ""ל",טמפו משקאות בע''מ,IL,מכבי שישייה בקבוק 33,ליטרים,1.98,ליטר,false,,32.90,16.6162,false,1,110117
7290008464741,false,"בירה גולדסטאר, מארז שישייה, בקבוק 330 מ''ל","טמפו משקאות בע""\מ",IL,גולדסטאר שישייה בקבו,ליטרים,1.98,ליטר,false,,29.90,15.1010,false,1,110121
7290008464796,false,"בירה היינקן, מארז שישייה, בקבוק 330 מ''ל",טמפו משקאות בע''מ,IL,הייניקן שישייה בקבוק,ליטרים,1.98,ליטר,false,,32.90,16.6162,false,1,110125
7290008466677,false,עוגיות פרימיום ללא ס,דין שיווק,IL,עוגיות ללא סוכר,גרמים,300.00,100 גרם,false,,21.90,0.0730,true,1,264883
7290008466707,false,עוגיות פרימיום 200-250 גרם,דין שיווק,IL,עוגיות פרימיום 300 ג,גרמים,300.00,100 גרם,false,,21.90,0.0730,true,1,261160
7290008470759,false,מסטיק אורביט ספירמינט מארז שמינייה,אורביט Orbit,FR,מארז שמינייה אורביט,יחידה,0.00,יחידה,false,,16.90,0.0000,true,1,143987
7290008473057,false,מגבונים קמיל בלו טו גו שקית 3*30 יח,"ד""ר פישר Dr fischer",IL,"מגבונים ד""ר פישר",יחידה,0.00,יחידה,false,,15.90,0.0000,true,1,100194
7290008482530,false,תערובת להכנה קלה פנקייק 400 ג',י.כהן,IL,תערובת לפנקייק,גרמים,400.00,100 גרם,false,,12.90,0.0323,true,1,98083
7290008493413,false,פירורי לחם מאיר בייגל פירורי גריסיני 200 גרם,מאיר את ביגל,IL,פירורי גריסיני 200 ג,גרמים,200.00,100 גרם,false,,6.50,0.0325,true,1,104928
7290008493710,false,פרורי גריסני זהב פירורי לחם מאיר בייגל 200 גרם,מאיר את ביגל,IL,פירורי גריסיני זהב 2,גרמים,200.00,100 גרם,false,,6.50,0.0325,true,1,185238
7290008499088,false,אסאדו עם עצם מנות,,,אסאדו עם עצם מנות,קילוגרמים,1.00,"ק""ג",true,,79.90,79.9000,false,1,214931
7290008499101,false,אוסובקו עגל פרוס אית,קצביית פרימיום,IL,אוסובוקו עגל פרוס בו,קילוגרמים,1.00,"ק""ג",true,,69.90,69.9000,false,1,214932
7290008589987,false,נרות שבת מס' 16,לייברט,CN,נרות שבת מס' 16,יחידה,0.00,יחידה,false,,2.90,0.0000,true,1,265126
7290008590013,false,נרות שבת מס' 8,לייברט,CN,נרות שבת מס' 8,יחידה,0.00,יחידה,false,,2.90,0.0000,true,1,265128
7290008590143,false,נרות שבת דלוקס 3 שעו,,,נרות שבת דלוקס 3 שעו,יחידה,0.00,יחידה,false,,24.90,0.0000,true,1,265127
7290008644112,false,סלט מטבוחה יום יום אחלה 125 גרם,"שטראוס גרופ בע""\מ",IL,מטבוחה יום יום,גרמים,125.00,100 גרם,false,,4.60,0.0368,true,1,95667
7290008644235,false,עלי בייבי שטראוס 120 גרם,שטראוס בריאות ירקות טריי,IL,לקט עלי בייבי שטראוס,גרמים,120.00,100 גרם,false,,10.50,0.0875,true,1,95670
7290008644945,false,לקט לסלט המושבה שטראוס 450 גרם,שטראוס בריאות ירקות טריי,IL,סלט המושבה שטראוס 45,גרמים,450.00,100 גרם,false,,12.90,0.0287,true,1,95678
7290008670005,false,רקנאטי גליל עליון שרדונה 750 מל,,,רקאנטי שרדונה 2017,מיליליטרים,750.00,"100 מ""ל",false,,49.90,0.0665,true,1,108836
7290008670135,false,רקנאטי גליל עליון סוביניון בלאן 750 מל,רקנאטי,,רקנאטי סובניון בלאן,מיליליטרים,750.00,"100 מ""ל",false,,49.90,0.0665,true,1,108842
7290008670159,false,"יין רקנאטי יסמין לבן 750 מ""ל","יקבי רקנאטי בע""מ",IL,יין רקנטי יסמין לבן,מיליליטרים,750.00,"100 מ""ל",false,,34.90,0.0465,true,1,108844
7290008670197,false,רקנאטי רזרב שרדונה 750 מל,יקב רקנאטי,IL,יין רקאנטי שרדונה רז,יחידה,750.00,יחידה,false,,84.90,0.1132,true,1,119110
7290008670302,false,"יין רקנאטי רזרב קברנה סוביניון 750 מ""ל",רקנאטי,IL,רקנאטי רזרב קברנה סו,מיליליטרים,750.00,"100 מ""ל",false,,84.90,0.1132,true,1,108854
7290008670388,false,רקנאטי רוזה 2007 750 מל,רקנאטי,IL,רקנאטי רוזה 2006,יחידה,750.00,יחידה,false,,65.90,0.0879,true,1,115698
7290008670678,false,יין רקנאטי רזרב מרלו 750 מל,רקנאטי,IL,יין רקנאטי רזרב מרלו,מיליליטרים,750.00,"100 מ""ל",false,,84.90,0.1132,true,1,185219
7290008670913,false,רקנאטי גליל עליון קברנה סובניון 750 מל,רקנאטי,IL,רקנאטי גליל עליון קב,מיליליטרים,750.00,"100 מ""ל",false,,49.90,0.0665,true,1,202331
7290008670920,false,יין רקנאטי גליל עליון מרלו 750 מל,,,רקנאטי גליל עליון מר,מיליליטרים,750.00,"100 מ""ל",false,,49.90,0.0665,true,1,202332
7290008670937,false,רקנאטי גליל עליון שיראז 2017 750 מל,,,רקנאטי סירה 2018,מיליליטרים,750.00,"100 מ""ל",false,,49.90,0.0665,true,1,212173
7290008679411,false,כפפות לבית ולמטבח קט,קריות זול,TH,כפפות,יחידה,0.00,יחידה,false,,8.00,0.0000,true,1,128252
7290008679428,false,כפפות הנדי לבית ולמטבח בינוני,קריות זול,TW,כפפות גומי,יחידה,0.00,יחידה,false,,8.00,0.0000,true,1,94859
7290008679435,false,כפפות הנדי לבית ולמטבח גדול,קריות זול,TH,כפפות,יחידה,0.00,יחידה,false,,8.00,0.0000,true,1,128253
7290008679442,false,כפפות לבית ולמטבח הנדי,קריות זול,TH,כפפות רגישות במי,יחידה,0.00,יחידה,false,,8.00,0.0000,true,1,128254
7290008679459,false,כפפות הנדי רגישות במיוחד בינוני,קריות זול,TH,כפפות רגישות במי,יחידה,0.00,יחידה,false,,8.00,0.0000,true,1,94860
7290008679466,false,כפפות רגישות גדול הנדי,קריות זול,TH,כפפות רגישות במי,יחידה,0.00,יחידה,false,,8.00,0.0000,true,1,113208
7290008690713,false,נקטר חמוציות אושן ספריי פריגת 1 ליטר,מבשלות בירה בינלאומיות ב,IL,חמוציות אושן ספריי פ,ליטרים,1.00,ליטר,false,,12.90,12.9000,true,1,93430
7290008693134,false,מעדן גבינה ויוגורט בטעם תות 5% שומן 88 ג' דניאלה,"שטראוס בריאות בע""מ",IL,דניאלה תות שדה 5%,מיליליטרים,150.00,"100 מ""ל",false,,4.10,0.0273,true,1,95703
7290008713900,false,לחם שיפון עגול פרוס אנג'ל 750 גרם,מאפיית אנג'\ל אורנים מאפ,IL,לחם שיפון עגול 750 ג,גרמים,750.00,100 גרם,false,,13.90,0.0185,true,1,118305
7290008739955,false,נרות שולחן/חמסה ריחנ,,,ברכת הבית,יחידה,0.00,יחידה,false,,12.00,0.0000,true,1,120807
7290008745239,false,תפוצ'יפס קראנצ' בטעם טבעי עלית 50 גרם,"שטראוס פריטו ליי בע""\מ )",IL,תפוציפס 50 גר,גרמים,50.00,100 גרם,false,,3.90,0.0780,true,1,99402
7290008747547,false,תפוצ'יפס קראנץ' בטעם טבעי עלית 200 גרם,"שטראוס פריטו ליי בע""\מ )",IL,תפוציפס טבעי,גרמים,200.00,100 גרם,false,,11.90,0.0595,false,1,99404
7290008750264,false,"מסטיק מאסט ציקלס דובדבן 28 גרם לל""ס מגדים","שטראוס גרופ בע""מ",IL,מסטיק מאסט בטעם דובד,גרמים,28.00,100 גרם,false,,4.60,0.1643,false,1,99038
7290008752244,false,תפוצ'יפס קראנץ' בטעם גריל עלית 50 גרם,"שטראוס פריטו ליי בע""\מ )",IL,תפוציפס גריל,גרמים,50.00,100 גרם,false,,3.90,0.0780,true,1,99414
7290008753111,false,תפוצ'יפס קראנץ' בטעם מקסיקני עלית 50 גרם,"שטראוס פריטו ליי בע""\מ )",IL,תפוציפס 50 גר,גרמים,50.00,100 גרם,false,,3.90,0.0780,true,1,99417
7290008753364,false,דוריטוס גריל עלית 55 ג',שטראוס פריטו ליי בע,IL,דוריטוס גריל,גרמים,55.00,100 גרם,false,,3.20,0.0582,true,1,99419
7290008753371,false,דוריטוס נאצו מקסיקני 55 גר,STRAUSS-ISRAEL,IL,דוריטוס נאצ'ו,גרמים,55.00,100 גרם,false,,3.20,0.0582,true,1,99420
7290008753388,false,דוריטוס טבעי עלית 55 ג',שטראוס פריטו ליי בע,IL,דוריטוס טבעי,גרמים,55.00,100 גרם,false,,3.20,0.0582,true,1,99421
7290008754040,false,ממרח בטעם שוקולד פרה מגדים עלית 850 גרם,שטראוס גרופ,IL,ממרח שוקולד פרה פרוו,גרמים,850.00,100 גרם,false,,18.90,0.0222,true,1,99063
7290008754415,false,גומי מאסט בטעם ספירמינט עדין פליפטופ 28 ג' עלית,"שטראוס גרופ בע""מ",IL,מסטיק מאסט בטעם מנטה,גרמים,28.00,100 גרם,false,,4.60,0.1643,false,1,99069
7290008754422,false,גומי מאסט בטעם פפרמינט קלאסי פליפטופ 28 ג' עלית,"שטראוס גרופ בע""מ",IL,מסטיק מאסט בטעם מנטה,גרמים,28.00,100 גרם,false,,4.60,0.1643,false,1,99070
7290008757003,false,"שוופס ג'ינג'ר 250 מ""ל זכוכית",שוופס,,שוופס גינגר אייל 250,יחידה,250.00,יחידה,false,,5.90,0.0236,true,1,103546
7290008757010,false,"שוופס ביטר למון 250 מ""ל זכוכית",יפאורה שותפות מובגלת לשיווק,IL,שוופס 250 ביטר,יחידה,250.00,יחידה,false,,5.90,0.0236,true,1,124857
7290008757034,false,"שוופס סודה זכוכית 250 מ""ל",יפאורה שותפות מובגלת לשיווק,IL,סודה שוופס 250 מ,יחידה,250.00,יחידה,false,,3.20,0.0128,true,1,103547
7290008757980,false,קרטונית ספרינג נקטר רימונים 1 ליטר,יפאורה שותפות מובגלת לשיווק,IL,ספרינג רימונים קרטונ,ליטרים,1.00,ליטר,false,,6.90,6.9000,false,1,103560
7290008775816,false,ערגליות עוגיות במילוי שוקולד אסם 300 גרם,מיוצר עי קונדיטוריית,IL,ערגליות שוקו 300,גרמים,300.00,100 גרם,false,,10.60,0.0353,false,1,94287
7290008775823,false,ערגליות עוגיות תות שדה אסם 300 גרם,מיוצר עי קונדיטוריית,IL,ערגליות תות שדה,גרמים,300.00,100 גרם,false,,10.60,0.0353,false,1,94288
7290008784009,false,גומיות משרד,,,גומיות משרד,יחידה,0.00,יחידה,false,,7.90,0.0000,true,1,143932
7290008784450,false,צבטיות סוג א,,,צבטיות סוג א,יחידה,0.00,יחידה,false,,23.90,0.0000,true,1,142145
7290008784474,false,מספריים לציפורני,,,מספריים לציפורני,יחידה,0.00,יחידה,false,,14.90,0.0000,true,1,209047
7290008784542,false,ספוג רחצה קויוטה מסג,סודובסקי,IL,קויוטה מסג',יחידה,0.00,יחידה,false,,7.00,0.0000,true,1,127518
7290008784597,false,פלסטר עמיד במים 100,,,פלסטר עמיד במים 100,יחידה,0.00,יחידה,false,,9.90,0.0000,true,1,125706
7290008801119,false,"יין סוביניון בלאן סלקטד כרמל 750 מ""ל",אגודת הכורמים הקואופרטיב,IL,סלקטד סוביניון בלאן,מיליליטרים,750.00,"100 מ""ל",false,,29.90,0.0399,false,1,103616
7290008801157,false,"יין מרלו סלקטד כרמל כרמל 750 מ""ל",כרמל מזרחי,IL,סלקטד מרלו,מיליליטרים,750.00,"100 מ""ל",false,,29.90,0.0399,false,1,103618
7290008801522,false,יין קינג דויד קונקורד אדום מתוק 750 מל,אגודת הכורמים הקואופרטיב,IL,קונקורד KING DAVID,מיליליטרים,750.00,"100 מ""ל",false,,19.90,0.0265,true,1,103629
7290008801539,false,יין כרמל 120 קינג דיוויד יקבי כרמל,אגודת הכורמים הקואופרטיב,IL,כרמל 120 KING DAVID,מיליליטרים,750.00,"100 מ""ל",false,,19.90,0.0265,true,1,103630
7290008801546,false,יין מוסקט מתוק קינג דיוויד יקבי כרמל,אגודת הכורמים הקואופרטיב,IL,מוסקט KING DAVID לבן,מיליליטרים,750.00,"100 מ""ל",false,,19.90,0.0265,true,1,103631
7290008801843,false,"יין קברנה סוביניון סלקטד כרמל 750 מ""ל","כד בני דרום בע""מ",IL,סלקטד קברנה סוביניון,מיליליטרים,750.00,"100 מ""ל",false,,29.90,0.0399,false,1,103632
7290008801850,false,סלקטד אמרלד ריזלינג לבן חצי יבש 750 מל,אגודת הכורמים הקואופרטיב,IL,סלקטד אמרלד ריזלינג,מיליליטרים,750.00,"100 מ""ל",false,,29.90,0.0399,true,1,103633
7290008802291,false,יין מרלו פרייבט קולקשן יקבי כרמל,אגודת הכורמים הקואופרטיב,IL,מרלו PRIVATE COLLECT,מיליליטרים,750.00,"100 מ""ל",false,,34.90,0.0465,false,1,103636
7290008802895,false,יין קברנה סוביניון פרייבט קולקשן יקבי כרמל,אגודת הכורמים הקאופורטיב,IL,קברנה סוביניון PRIVA,מיליליטרים,750.00,"100 מ""ל",false,,34.90,0.0465,false,1,103642
7290008803090,false,"יין מרלו קולקשיין הסדרה האזורית כרמל 750 מ""ל",אגודת הכורמים הקואופרטיב,IL,מרלו גלילי עליון הסד,מיליליטרים,750.00,"100 מ""ל",false,,54.90,0.0732,false,1,103645
7290008804189,false,יין קברנה סוביניון גליל עליון סדרה אזורית יקבי כרמל,אגודת הכורמים הקואופרטיב,IL,קברנה סוביניון גליל,מיליליטרים,750.00,"100 מ""ל",false,,54.90,0.0732,false,1,111920
7290008804332,false,שיראז אדום יבש פריווט קולקשיין 750מל,אגודת הכורמים הקואופרטיב,IL,"שיראז 750 מ""ל .P.C",מיליליטרים,750.00,"100 מ""ל",false,,34.90,0.0465,false,1,103650
7290008804455,false,יין אזורית רוזה חצי יבש 750 מל,אגודת הכורמים הקואופרטיב,IL,יין רוזה הסדרה האזור,מיליליטרים,750.00,"100 מ""ל",false,,54.90,0.0732,false,1,196039
7290008805049,false,סלקטד זינפנדל כרמל מזרחי 750 מל,"כד בני דרום בע""מ",IL,יין רוזה סלקטד,מיליליטרים,750.00,"100 מ""ל",false,,29.90,0.0399,false,1,103661
7290008805384,false,סלקטד מוסקטו לבן מבעבע 750 מל 2016,אגודת הכורמים הקואופרטיב,IL,סלקטד מוסקטו לבן מבע,מיליליטרים,750.00,"100 מ""ל",false,,29.90,0.0399,false,1,103663
7290008805964,false,יין קברנה שיראז גליל עליון סדרה אזורית יקבי כרמל,אגודת הכורמים הקואופרטיב,IL,קברנה שיראז גליל עלי,מיליליטרים,750.00,"100 מ""ל",false,,54.90,0.0732,false,1,111916
7290008806961,false,גלידה שוקולד שבבי שוקולד פרה 1.33 ל' קרמיסימו,"גלידת שטראוס בע""\מ, רחוב",IL,גלידה קרמיסימו שוקול,ליטרים,1.33,ליטר,false,,24.90,18.7218,false,1,96053
7290008806985,false,נישנושים גלידה שוקו וניל בציפוי שוקולד 60 יח' קרמיסימו,"גלידת שטראוס בע""\מ, רחוב",IL,קרמיסימו נשנושים 60,גרמים,630.00,100 גרם,false,,49.90,0.0792,false,1,96055
7290008807012,false,"יין טבע מוסקט חצי יבש 750 מ""ל",אליעז בנימינה,IL,מוסקט טבע בנימינה,מיליליטרים,750.00,"100 מ""ל",false,,21.90,0.0292,false,1,108855
7290008807029,false,"יין טבע אמרלד ריזלינג 750 מ""ל",יקבי בינימינה,IL,בנימינה אמרלד ריזלינ,מיליליטרים,750.00,"100 מ""ל",false,,21.90,0.0292,false,1,108856
7290008807302,false,ליקר שוקולד 700 מל,אליעז בנימינה,IL,ליקר שוקולד,יחידה,700.00,יחידה,false,,49.90,0.0713,true,1,108866
7290008807326,false,ליקר בנימינה אמרטו 7,אליעז בנימינה,IL,ליקר אמרטו,יחידה,700.00,יחידה,false,,49.90,0.0713,true,1,178109
7290008807364,false,ליקר קרם דה קסיס יקב,אליעז בנימינה,IL,ליקר קרם דה קסיס,יחידה,700.00,יחידה,false,,49.90,0.0713,true,1,108871
7290008807487,false,יין יוגב קברנה סובינ,יקבי בנימינה,,יוגב קברנה מרלו,יחידה,750.00,יחידה,false,,36.90,0.0492,true,1,121384
7290008832014,false,קרטון טרופית 18 יח',,,קרטון טרופית 18 יח',יחידה,0.00,יחידה,false,,10.90,0.0000,true,1,207589
7290008835442,false,פילה מדומה מס' 6 חלק,sociedad anonima car,AR,פילה מדומה מס' 6 חלק,קילוגרמים,1.00,"ק""ג",true,,39.90,39.9000,true,1,263949
7290008835770,false,לשון בקר חלק ארגנטינה,frigorifico alberdi,AR,לשון בקר חלק ארגנטינ,קילוגרמים,1.00,"ק""ג",true,,39.90,39.9000,false,1,263256
7290008836494,false,מיץ ענבים תירוש אדום אפרת 1 ליטר,יקב טפרברג 1870 בעמ,IL,מיץ ענבים 1 ליטר,ליטרים,1.00,ליטר,false,,13.90,13.9000,true,1,141027
7290008841634,false,קשיו חריף מתוק קופסא,זארובי,,קשיו קלוי בטעם חריף,גרמים,200.00,100 גרם,false,,16.90,0.0845,true,1,260633
7290008841887,false,קשיו קלוי 180 גרם זארובי,זארובי,,קשיו קלוי 180 גר' קו,גרמים,180.00,100 גרם,false,,15.00,0.0833,true,1,261135
7290008846219,false,"שמן זית כתית מעולה חלוצה 750 מ""ל",האי נאם סי או אל.טי.,IL,שמן זית כתית מעולה ח,יחידה,750.00,יחידה,false,,39.90,0.0532,false,1,98539
7290008849470,false,פלפל צ'ומה חריף אוליביה 185 גרם,אוליביה גורמה בעמ,IL,ממרח פלפל צ'ומה,גרמים,185.00,100 גרם,false,,13.90,0.0751,true,1,104929
7290008849586,false,רוטב לעוף ריבת בצל אוליביה 310 גרם,קריות זול,IL,רוטב ריבת בצל לעוף,גרמים,310.00,100 גרם,false,,13.90,0.0448,true,1,104936
7290008849609,false,רוטב לעוף שום דבש אוליביה 330 גרם,אוליביה גורמה (1996),IL,רוטב שום ודבש לעוף,גרמים,330.00,100 גרם,false,,13.90,0.0421,true,1,104937
7290008849739,false,רוטב סויה אמיתי אוליביה 310 גרם,קריות זול,IL,רוטב סויה קלאסי אולי,יחידה,290.00,יחידה,false,,13.90,0.0479,true,1,104939
7290008855136,false,ניוקי תפוא מעדניה,Unknown,IL,"ניוקי תפו""א",גרמים,450.00,100 גרם,false,,27.90,0.0620,true,1,206592
7290008855204,false,רביולי עיזים מעדניה,Unknown,IL,רביולי צאן,גרמים,450.00,100 גרם,false,,39.90,0.0887,true,1,206594
7290008855228,false,רביולי תרד וריקוטה פ,Unknown,IL,רביולי תרד וריקוטה פ,גרמים,450.00,100 גרם,false,,37.90,0.0842,true,1,206595
7290008855297,false,רביולי פרמזן מעדניה,Unknown,IL,רביולי פרמזן,גרמים,450.00,100 גרם,false,,37.90,0.0842,true,1,207889
7290008855419,false,רוטב עגבניות 250 מל,Unknown,IL,רוטב עגבניות,גרמים,250.00,100 גרם,false,,24.90,0.0996,true,1,207890
7290008855426,false,רוטב אלפרדו שמנת 250 גרם,Unknown,IL,רוטב שמנת פטריות,גרמים,250.00,100 גרם,false,,32.90,0.1316,true,1,206597
7290008855433,false,רוטב פסטו 250 מל,Unknown,,רוטב פסטו,גרמים,250.00,100 גרם,false,,33.90,0.1356,true,1,206598
7290008855440,false,רוטב שמנת ועגבניות 250 גר,Unknown,IL,רוטב שמנת ועגבניות,גרמים,250.00,100 גרם,false,,32.90,0.1316,true,1,206599
7290008855457,false,רוטב שמנת פטריות 250,Unknown,IL,רוטב פטריות,מיליליטרים,250.00,"100 מ""ל",false,,32.90,0.1316,true,1,207891
7290008855525,false,רביולי פטריות חלבי,Unknown,IL,רביולי פטריות,גרמים,450.00,100 גרם,false,,37.90,0.0842,true,1,207892
7290008855532,false,רביולי מוצרלה,,IL,רביולי מוצרלה,גרמים,500.00,100 גרם,false,,38.90,0.0778,true,1,208174
7290008855563,false,רביולי פורמגו מעדנה,Unknown,,רביולי פורמג'ו,גרמים,450.00,100 גרם,false,,38.90,0.0864,true,1,206602
7290008855587,false,רביולי ריקוטה,,,רביולי ריקוטה,גרמים,500.00,100 גרם,false,,37.90,0.0758,true,1,214753
7290008855839,false,לזניה עגבניות וגבינו,,,לזניה עגבניות וגבינו,גרמים,650.00,100 גרם,false,,62.90,0.0968,true,1,215040
7290008881043,false,שמן לצ'ינו פח 2 ליטר,,,שמן לצ'ינו פח 2 ליטר,ליטרים,2.00,ליטר,false,,94.90,47.4500,true,1,215677
7290008881203,false,שמן זית 2 ליטר מסיק,יושלם,,שמן זית פח 2 ליטר,ליטרים,2.00,ליטר,false,,94.90,47.4500,true,1,126608
7290008881227,false,"שמן הבית מסיק 750 מ""",עדן בריאות טבע מרקט,,"שמן הבית מסיק 750 מ""",יחידה,750.00,יחידה,false,,46.90,0.0625,true,1,120162
7290008881241,false,שמן זית אסקל קיבוץ מ,,,שמן זית אסקל קיבוץ מ,מיליליטרים,0.75,"100 מ""ל",false,,46.90,62.5333,true,1,126609
7290008881265,false,שמן זית קורטינה קיבו,יושלם,,שמן זית קורטינה קיבו,מיליליטרים,750.00,"100 מ""ל",false,,46.90,0.0625,true,1,120163
7290008881272,false,שמן זית פיקואל קיבוץ,מסיק קיבוץ מגל,IL,שמן זית פיקואל קיבוץ,מיליליטרים,750.00,"100 מ""ל",false,,46.90,0.0625,true,1,136063
7290008881289,false,שמן זית לצ'ינו 750 מ,,,שמן זית לצ'ינו 750 מ,מיליליטרים,750.00,"100 מ""ל",false,,59.90,0.0799,true,1,213455
7290008881296,false,שמן זית קורינייקי ק,מסיק קיבוץ מגל,IL,שמן זית קורינייקי ק,מיליליטרים,750.00,"100 מ""ל",false,,46.90,0.0625,true,1,120166
7290008881494,false,"שמן ארבקינה 750 מ""ל",מסיק קיבוץ מגל,,"שמן ארבקינה 750 מ""ל",מיליליטרים,750.00,"100 מ""ל",false,,46.90,0.0625,true,1,194565
7290008909761,false,"קרלסברג בקבוק יחיד 330מ""ל",מבשלות בירה בינלאומי,IL,"קרלסברג בק' 330 מ""ל",מיליליטרים,330.00,"100 מ""ל",false,,7.50,0.0227,true,1,116216
7290008909853,false,"קוקה קולה זירו בקבוק 500 מ""ל.",החברה המרכזית לייצור משקאות,IL,קוקה קולה ZERO בקבו,מיליליטרים,500.00,"100 מ""ל",false,,6.00,0.0120,false,1,114442
7290008909877,false,ק קולה דיאט ZERO שישייה 1.5 ליטר,החברה המרכזית לייצור משקאות,IL,קוקה קולה ZERO שישיי,ליטרים,9.00,ליטר,false,,38.00,4.2222,false,1,114444
7290008909884,false,"קוקה קולה זירו 350 מ""ל בקבוק זכוכית",החברה המרכזית לייצור משק,IL,קוקה קולה 350 בקבוק,יחידה,350.00,יחידה,false,,5.50,0.0157,true,1,126707
7290008921015,false,"קברנה פטיס סירה ""תשבי""","יקבי הבארון בע""מ",,תשבי קברנה סירה,מיליליטרים,750.00,"100 מ""ל",false,,29.90,0.0399,true,1,110177
7290008921022,false,יין תישבי פרנץ ריזלי,"יקבי הבארון בע""מ",,תשבי פרנץ' ריזלינג,מיליליטרים,750.00,"100 מ""ל",false,,29.90,0.0399,true,1,110178
7290008921077,false,יין תשבי מלבק 750 מל,יקב התשבי,IL,תשבי מלבק,מיליליטרים,750.00,"100 מ""ל",false,,39.90,0.0532,true,1,211158
7290008921084,false,יין תשבי רובי קברנה,תשבי,,רובי קברנה תשבי,מיליליטרים,750.00,"100 מ""ל",false,,39.90,0.0532,true,1,219296
7290008921169,false,"קברנה אדום סוביניון ""תשבי""","יקבי הבארון בע""מ",,תשבי קברנה סוביניון,מיליליטרים,750.00,"100 מ""ל",false,,39.90,0.0532,true,1,110181
7290008921176,false,יין תשבי ויניארדס מר,"יקבי הבארון בע""מ",,יין תשבי מרלו,יחידה,750.00,יחידה,false,,39.90,0.0532,true,1,110182
7290008921190,false,"יין לבן אמרלד ריזלינג ""תשבי""",יקב תשבי,,תשבי אמרלד ריזלינג,מיליליטרים,750.00,"100 מ""ל",false,,29.90,0.0399,true,1,133707
7290008921275,false,"יין אדום שיראז ""תשבי""",יושלם,,תישבי שיראז 2008,יחידה,750.00,יחידה,false,,39.90,0.0532,true,1,124898
7290008921299,false,יין פטיט וורדו תישבי,,,יין פטיט וורדו תישבי,מיליליטרים,750.00,"100 מ""ל",false,,39.90,0.0532,true,1,189167
7290008921312,false,"קברנה סובניון 750 מ""ל תשבי אסטייט",יקבי הבארון – תשבי,,קברנה סוביניון א,יחידה,750.00,יחידה,false,,69.90,0.0932,true,1,110185
7290008921329,false,"יין מרלו ""תישבי אסטייט""",יקבי הבארון – תשבי,,תשבי אסטייט מרלו,מיליליטרים,750.00,"100 מ""ל",false,,69.90,0.0932,true,1,110186
7290008921336,false,יין תישבי אסטייט שרד,"יקבי הבארון בע""מ",,תשבי אסטייט שרדו,יחידה,750.00,יחידה,false,,45.00,0.0600,true,1,111874
7290008921459,false,"יין תישבי שיראז 750 מ""ל",יקב תישבי יקבי הברון,,תשביאסטייט שיראז,יחידה,750.00,יחידה,false,,69.90,0.0932,true,1,197464
7290008921541,false,"יין קברנה מרלו ""תישבי אסטייט""",,,תשבי קברנה מרלו 2014,מיליליטרים,750.00,"100 מ""ל",false,,69.90,0.0932,true,1,212174
7290008921558,false,יין תשבי מלבק אסטייט,תשבי,,תשבי מלבק אסטייט,מיליליטרים,750.00,"100 מ""ל",false,,69.90,0.0932,true,1,262216
7290008921602,false,"יין פטיט ורוד ""תישבי אסטייט""",יקב התשבי,IL,תשבי פטיט ורדו אסטיי,מיליליטרים,750.00,"100 מ""ל",false,,69.90,0.0932,true,1,218032
7290008921633,false,יין תישבי אסטייט פינ,יקבי הבארון,IL,פינק סוביניון תשבי,מיליליטרים,750.00,"100 מ""ל",false,,45.00,0.0600,true,1,207266
7290008921688,false,יין סינגל אסטייט פטי,תשבי,,יין פטיט סירה תשבי,מיליליטרים,750.00,"100 מ""ל",false,,99.90,0.1332,true,1,214608
7290008921695,false,יין רוזה מ נואר תשבי,יקב התשבי,IL,תשבי רוזה מ-נואר,מיליליטרים,750.00,"100 מ""ל",false,,79.90,0.1065,true,1,211157
7290008921718,false,יין גוורצטרמינר לבן חצי יבש,יקב תשבי,,תשבי גוורצטרמינר,מיליליטרים,750.00,"100 מ""ל",false,,45.00,0.0600,true,1,136616
7290008921732,false,יין תשבי אסטייט רוזה,יקבי תישבי,IL,יין תשבי רוזה,מיליליטרים,750.00,"100 מ""ל",false,,39.90,0.0532,true,1,265117
7290008945172,false,"שקיות אשפה עם שרוך 52 * 65 ס""מ גלילונית 40 יחידות","אשפלסט תעשיות בע""מ",IL,גלילונית לפח מטבח 40,יחידה,0.00,יחידה,false,,15.90,0.0000,true,1,107641
7290008945202,false,גלילונית שקיות אשפה ענק 90/75 50 יח,"קילט ניהול פרוייקטים בע""מ",IL,גלילונית לאשפה משרדי,יחידה,0.00,יחידה,false,,19.90,0.0000,true,1,107642
7290008961585,false,כוסמת פוסולסקי דבור 800 גר,סנקי,IL,כוסמת 800 גר,גרמים,800.00,100 גרם,false,,12.90,0.0161,true,1,212897
7290008975780,false,"מזון לכלבים בונזו מזון כלבים גזע קטן 3 ק""ג","ביופט בע""מ",FR,בונזו בשר 3 קג,קילוגרמים,4.00,"ק""ג",false,,47.90,11.9750,false,1,107130
7290008989473,false,ממרח חרובים בטעם שוקולד בטר אנד דיפרנט 350 גרם,"בטר אנד דיפרנט בע""מ",IL,ממרח חרובים בטעם שוק,גרמים,350.00,100 גרם,false,,12.90,0.0369,true,1,147041
7290008989572,false,ממרח חלווה בטעם וניל בטר אנד דיפרנט 350 גרם,,IL,ממרח חלבה וניל 300 ג,גרמים,300.00,100 גרם,false,,11.90,0.0397,true,1,150427
7290008989671,false,"ציפוי עדיף פריך ""ללא גלוטן"" בטר אנד דיפרנט 250 גרם",בטר אנד דיפרנט,IL,ציפוי עדיף פריך גס ל,גרמים,250.00,100 גרם,false,,9.90,0.0396,true,1,197101
7290008989848,false,ממרח חמאת בוטנים קרנצי בטר אנד דיפרנט 350 גרם,בטר אנד דיפרנט B&D,IL,ממרח בוטנים קראנצ'י,גרמים,350.00,100 גרם,false,,12.90,0.0369,true,1,149845
7290010023141,false,תה לימונענע הגן הקסום ויסוצקי 25 יחידות,תה ויסוצקי,IL,תה חליטת לימון ונענע,גרמים,50.00,100 גרם,false,,18.90,0.3780,false,1,97425
7290010032419,false,"דבש פרחי בר 1 ק""ג מכוורת צוקרמן",,IL,"דבש 1 ק""ג פרחי בר",קילוגרמים,1.00,"ק""ג",false,,49.90,49.9000,true,1,150399
7290010060597,false,"סרקל שמפו דר' פישר 1.250 מ""ל",פישר תעשיות,IL,שמפו סרקל 1.25 ליטר,ליטרים,1.25,ליטר,false,,24.90,19.9200,true,1,266227
7290010060603,false,סרקל מרכך 1.25 25% חינם,"ד""ר פישר",IL,סרקל מרכך 1.25 ליטר,ליטרים,1.25,ליטר,false,,24.90,19.9200,true,1,266226
7290010065059,false,מחית פירות מעורבים ג'וניור פרינוק 190 גרם,פרוטה פודווין איי.אס,CZ,מחית פרינוק 190 גרם,גרמים,190.00,100 גרם,false,,6.50,0.0342,true,1,94864
7290010065271,false,פרינוק - מחית תפוחי עץ 130 גרם,פרינוק,CZ,"מחית פרינוק תפו""ע 13",גרמים,130.00,100 גרם,false,,5.50,0.0423,true,1,199269
7290010065295,false,פרינוק - מחית תפוחי עץ ובננה 130 גרם,פרינוק,CZ,"מחית פרינוק תפו""ע+בנ",גרמים,130.00,100 גרם,false,,5.50,0.0423,true,1,94875
7290010065318,false,מחית תפוח עץ ג'וניור פרינוק 190 גרם,פרוטה פודווין איי.אס,CZ,פרינוק תפוחים,גרמים,190.00,100 גרם,false,,6.50,0.0342,true,1,166709
7290010065332,false,מחית תפוח עץ בננה ג'וניור פרינוק 190 גרם,פרוטה פודווין איי.אס,CZ,"פרינוק גוניור תפ""ע ב",גרמים,760.00,100 גרם,false,,6.50,0.0086,true,1,94879
7290010065349,false,מחית סלט פירות ג'וניור פרינוק 190 גרם,פרוטה פודווין איי.אס,CZ,פרינוק גו'ניור סלט פ,גרמים,190.00,100 גרם,false,,6.50,0.0342,true,1,94880
7290010065721,false,פרינוק - מחית לפתן פירות 130 גרם,פרינוק,CZ,פרינוק לפתן פירות,גרמים,130.00,100 גרם,false,,5.50,0.0423,true,1,112444
7290010065745,false,מחית לפתן פירות ג'וניור פרינוק 190 גרם,פרוטה פודווין איי.אס,CZ,פרינוק גו'ניור ליפתן,גרמים,190.00,100 גרם,false,,6.50,0.0342,true,1,94884
7290010066025,false,נתחי טונה בהירה בשמן158ג,תעשיות פילטונה,IL,טונה פיל טונה בשמן,גרמים,112.00,100 גרם,false,,5.90,0.0527,false,1,207125
7290010066513,false,נתחי טונה בשמן צמחי רביעיה *158ג' פילטונה,תעשיות פילטונה,IL,פיל טונה רביעיה בשמן,גרמים,632.00,100 גרם,false,,22.90,0.0362,false,1,143515
7290010066575,false,נתחי טונה במים רביעיה *158ג' פילטונה,תעשיות פילטונה,IL,פיל טונה רביעיה במים,גרמים,632.00,100 גרם,false,,22.90,0.0362,false,1,143513
7290010066582,false,נתחי טונה בשמן קנולה רביעיה * 158 ג' פילטונה,תעשיות פילטונה,IL,פיל טונה רביעיה בשמן,גרמים,632.00,100 גרם,false,,22.90,0.0362,false,1,143516
7290010066599,false,מארז רביעיית טונה בשמן זית 4*160 גרם,תעשיות פילטונה,IL,פיל טונה רביעיה בשמן,גרמים,632.00,100 גרם,false,,27.90,0.0441,true,1,143517
7290010092031,false,נס קפה-עוגיות מרוקאי,,,נס קפה-עוגיות מרוקאי,גרמים,450.00,100 גרם,false,,16.90,0.0376,true,1,190153
7290010092604,false,רול תמר וקינמון נס ב,,,רול תמר וקינמון נס ב,גרמים,500.00,100 גרם,false,,25.90,0.0518,true,1,264999
7290010116980,false,אבקת שוקולית שקית עלית 850 ג',הנסיך- מפעל לייצור ט,IL,שוקולית 850 גרם,גרמים,850.00,100 גרם,false,,16.90,0.0199,false,1,99101
7290010117857,false,דוריטוס חריף אש 55 ג' עלית,STRAUSS-ISRAEL,IL,דוריטוס חריף אש,גרמים,55.00,100 גרם,false,,3.20,0.0582,true,1,119404
7290010117970,false,סבבה בוטנים קלויים מצופים - אריזה אישית,"שטראוס פריטו ליי בע""",IL,בוטנים אמריקאים עלית,גרמים,50.00,100 גרם,false,,2.00,0.0400,true,1,176158
7290010119950,false,דוריטוס חמוץ חריף 55 גרם-סטריפ,שטראוס גרופ,,דוריטוס חמוץ מתוק,גרמים,55.00,100 גרם,false,,3.20,0.0582,true,1,99438
7290010124107,false,סטייקבורגר זהב 400 גרם הקצביה בלדי,בלדי,IL,סטייק בורגר 400 גר',גרמים,400.00,100 גרם,false,,17.90,0.0447,true,1,207271
7290010124190,false,אל מטאדור שניצל בקר מלינסה 250 גרם בלדי,בלדי,IL,שניצל בקר מליסה 250,גרמים,250.00,100 גרם,false,,11.90,0.0476,true,1,207272
7290010124213,false,אל מטאדור סינטה בקר דק דק 250 גרם בלדי,בלאדי,IL,סינטה בקר דק דק 250,גרמים,250.00,100 גרם,false,,16.90,0.0676,true,1,207273
7290010124473,false,"אפונה עדינה 600 גרם ארוז - בד""ץ עדה חרדית",פספרוסט,BE,אפונה עדינה 600 גר',גרמים,600.00,100 גרם,false,,11.90,0.0198,true,1,215001
7290010124503,false,שומן כבש מעובד ארוז בלדי 200גר,בלדי,IL,שומן כבש בלדי 200 גר,גרמים,200.00,100 גרם,false,,12.90,0.0645,true,1,136398
7290010161669,false,אדם פרימייר דאודורנט ספריי 200 מל,זוהר קוסמטיקס,IL,דאודורנט אדם פרמייר,מיליליטרים,200.00,"100 מ""ל",false,,14.90,0.0745,true,1,126773
7290010163069,false,צנובר 100 גרם ששון הקולה,"דין שיווק וקלייה בע""",IL,צנובר גדול 100 גר,גרמים,100.00,100 גרם,false,,22.90,0.2290,true,1,150059
7290010173037,false,"יין הרי גליל רוזה, 750 מ""ל י יקב הרי גליל",יקבי רמת הגולן,IL,יין גליל רוזה,מיליליטרים,750.00,"100 מ""ל",false,,35.90,0.0479,false,1,101028
7290010173174,false,"יין אלון 2019 750 מ""ל הרי גליל",יקבי רמת הגולן,IL,יין הרי גליל אלון 20,מיליליטרים,750.00,"100 מ""ל",false,,50.00,0.0667,false,1,151304
7290010173181,false,יין אלה הרי גליל 750 מל,יקבי רמת הגולן,IL,יין גליל אלה 2019,מיליליטרים,750.00,"100 מ""ל",false,,50.00,0.0667,false,1,181066
7290010195268,false,פופקורן פופסטאר חמישייה מופחת שומן טבעי,פופ סטאר,US,פופסטאר מופחת שומן ט,גרמים,425.00,100 גרם,false,,12.90,0.0304,false,1,133241
7290010195275,false,פופ סטאר גרעיני תירס להכנת פופקורן במיקרוגל בטעם חמאה מופחת שומן 425 גרם,פופ סטאר,US,פופסטאר מופחת שומן ח,גרמים,425.00,100 גרם,false,,12.90,0.0304,false,1,133242
7290010196678,false,שקיות ענק לצליה בתנור קוקי 2*5 יח,ש.שסטוביץ,IL,שקיות קוקי ענק 10 יח,יחידה,0.00,יחידה,false,,17.90,0.0000,true,1,96466
7290010237531,false,"פפסי קולה פלסטיק 500 מ""ל","טמפו משקאות בע""ם.",IL,פפסי קולה בקבוק 0.5,מיליליטרים,500.00,"100 מ""ל",false,,4.50,0.0090,false,1,114587
7290010237548,false,"פפסי מקס דל קלוריות 500 מ""ל בקבוק",טמפו משקאות בעמ,IL,פפסי מקס 0.5 ליטר,יחידה,500.00,יחידה,false,,4.00,0.0080,false,1,114588
7290010237562,false,משקה פפסי מרינדה קוו,"טמפו משקאות בע""מ",IL,מירינדה בקבוק 0.5 ל',מיליליטרים,500.00,"100 מ""ל",false,,4.50,0.0090,false,1,126925
7290010237579,false,משקה סבן אפ קוול 500,"טמפו משקאות בע""מ",IL,סבן אפ בקבוק 0.5 ל',מיליליטרים,500.00,"100 מ""ל",false,,3.50,0.0070,false,1,114590
7290010237586,false,סבן אפ דיאט פלסטיק 500מל,טמפו 7.5%,IL,דיאט סבן אפ בקבוק 0.,מיליליטרים,500.00,"100 מ""ל",false,,4.00,0.0080,false,1,126926
7290010237890,false,"בירה הייניקן בקבוק 500 מ""ל חוזר",טמפו משקאות בע''מ,IL,הייניקן בירה בקבוק 5,מיליליטרים,500.00,"100 מ""ל",false,,8.00,0.0160,true,1,110151
7290010259311,false,חלב קוקוס ויליפוד 400ג',אסיאטיק אגרו אינדוסטרי,TH,"קרם קוקוס 400 מ""ל",גרמים,400.00,100 גרם,false,,6.90,0.0173,true,1,207817
7290010259359,false,וילי פוד נודלס אטר.ביצים להקפצה בדץ 200ג,פוג'יאן לונגהאי אנלי,CN,אטריות נודלס ביצים מ,גרמים,200.00,100 גרם,false,,4.40,0.0220,true,1,105188
7290010259366,false,וילי פוד נודלס אטר.ביצים מסולסל בדץ 200ג,פוג'יאן לונגהאי אנלי,CN,אטריות נודלס ביצים מ,גרמים,200.00,100 גרם,false,,4.40,0.0220,true,1,105189
7290010259823,false,מנת השף 70 גרם ויליפוד מרק עם נודלס בטעם עוף,נמצ'או(תאילנד) בעמ,TH,מנת השף מרק נודלס טע,גרמים,70.00,100 גרם,false,,4.90,0.0700,true,1,105191
7290010259830,false,מנת השף נודלס בסגנון סיני פיקנטי וילי פוד 70 גרם,נמצ'או(תאילנד) בעמ,TH,מנת השף מרק עם נודלס,גרמים,70.00,100 גרם,false,,4.90,0.0700,true,1,105192
7290010259847,false,מנת השף מרק עם נודלס בטעם תירס ויליפוד 70 גרם,קריות זול,TH,מנת השף מרק עם נודלס,גרמים,70.00,100 גרם,false,,4.90,0.0700,true,1,105193
7290010259854,false,מנת השף מרק עם נודלס בטעם פטריות ויליפוד 70 גרם,נמצ'או(תאילנד) בעמ,TH,מנת השף מרק נודלס פט,גרמים,70.00,100 גרם,false,,4.90,0.0700,true,1,105194
7290010259861,false,מנת השף מרק עם נודלס בטעם ירקות ויליפוד 70 גרם,קריות זול,TH,מנת השף מרק נודלס יר,גרמים,70.00,100 גרם,false,,4.90,0.0700,true,1,105195
7290010259991,false,צנימים מיוחדים בטעם טבעי 250 ג',קריות זול,PT,צנימים 250 גרם,גרמים,250.00,100 גרם,false,,6.90,0.0276,true,1,143340
7290010287239,false,יין קברנה סוביניון י,,,יין קברנה סוביניון י,מיליליטרים,750.00,"100 מ""ל",false,,29.90,0.0399,true,1,263148
7290010298143,false,יין שאטו בלריב דובוא,,,יין שאטו בלריב דובוא,מיליליטרים,750.00,"100 מ""ל",false,,56.90,0.0759,true,1,203563
7290010298273,false,"יין דרך ארץ שרדונה 750 מ""ל",ברקן,IL,יין דרך ארץ שרדונה,מיליליטרים,750.00,"100 מ""ל",false,,29.90,0.0399,true,1,261522
7290010300471,false,חוט דנטלי ושעווה מנטה קלין 50 מטר,,,חוט דנטלי עם שעווה 5,יחידה,0.00,יחידה,false,,9.90,0.0000,true,1,213519
7290010300488,false,קיסמים וחוט דנטלי דנטה קלין 40 יח',,,קיסם+חוט דנטלי 40 יח,יחידה,0.00,יחידה,false,,7.90,0.0000,true,1,186386
7290010300563,false,שקיות צליה 10 יח',oylum,,שקיות צליה 10 יח',יחידה,0.00,יחידה,false,,4.00,0.0000,true,1,264714
7290010300747,false,קיסמים דנטליים 200 יח',THAI FONG,CN,קיסמים דנטליים 200 י,יחידה,0.00,יחידה,false,,9.00,0.0000,true,1,112381
7290010300914,false,גביעים לעוגה מס' 5,,,גביעים לעוגה מס' 5,יחידה,0.00,יחידה,false,,5.90,0.0000,true,1,266461
7290010328093,false,ממרח חלווה אחווה 400 ג' מהדרין,אחדות בית חרושת לטחי,IL,ממרח חלבה אחוה 400 ג,גרמים,400.00,100 גרם,false,,11.90,0.0298,true,1,111491
7290010328246,false,טחינה גולמית שומשום מלא אחווה 500 ג',"אחדות ביח""ר לטחינה ח",IL,טחינה משומשום מלא אח,גרמים,500.00,100 גרם,false,,10.90,0.0218,false,1,117850
7290010328253,false,טחינה גולמית משומשום טבעי אחווה 500 גרם,"אחדות ביח""ר לטחינה ח",IL,טחינה שומשום טבעי אח,גרמים,500.00,100 גרם,false,,10.90,0.0218,false,1,115873
7290010328468,false,מארז מיני חלווה אחוה בטעמים 18 יחידות 216 גרם,שוורצקוף& הנקל דיסלד,IL,חטיפי מיני חלבה,גרמים,216.00,100 גרם,false,,10.90,0.0505,true,1,142727
7290010328505,false,"מארז מיני חלווה 15 יחידות לל""ס אחוה 150 גרם",אחדות ביחר לטחינה חל,IL,חטיפי מיני חלבה ללא,גרמים,150.00,100 גרם,false,,10.90,0.0727,true,1,145730
7290010328710,false,קיצפיות בטעם וניל תות 18,אחדות ביחר לטחינה חל,IL,קצפיות אחוה,גרמים,180.00,100 גרם,false,,9.90,0.0550,true,1,189160
7290010328727,false,ממרח טחינה עם שוקולד אחווה 400 גרם,אחדות ביחר לטחינה חל,IL,ממרח טחינה עם שוקולד,גרמים,400.00,100 גרם,false,,11.90,0.0298,true,1,190778
7290010328734,false,ממרח טחינה עם סילאן אחווה 400 גרם,אחדות ביחר לטחינה חל,IL,ממרח טחינה עם סילאן,גרמים,400.00,100 גרם,false,,11.90,0.0298,true,1,192376
7290010328819,false,ממרח טחינה עם שוקולד משומשום מלא אחווה 400 גרם,אחדות ביחר לטחינה חל,IL,ממרח טחינה שוקולד לל,גרמים,400.00,100 גרם,false,,11.90,0.0298,true,1,194809
7290010329854,false,מיני קוקיס עוגיות בטעם חמאה ללא סוכר כרמית 600 גרם,כרמית,IL,מיני קוקיס חמאה ללא,גרמים,700.00,100 גרם,false,,21.90,0.0313,true,1,114816
7290010471669,false,יוגורט תות עם קורנפלקס מצופה שוקולד ללא גלוטן 3.9%,"שטראוס בריאות בע""\מ",IL,דנונה קראנצ יוגורט ת,גרמים,175.00,100 גרם,false,,4.80,0.0274,false,1,95720
7290010472307,false,"שמיניית משקה גמדים תות בננה דיסני 108 מ""ל","שטראוס בריאות בע""\מ",IL,גמדים לשתיה תות בננה,מיליליטרים,800.00,"100 מ""ל",false,,21.00,0.0263,true,1,95732
7290010504428,false,"ד""ר פישר - סרקל תרסיס מתיר קשרים 325 מ""ל * 2",פישר מעבדות פרמצבטיות בע,IL,סרקל מתיר קשרים זוגו,ליטרים,1.00,ליטר,false,,34.90,34.9000,true,1,179239
7290010513727,false,פנקו פרורי לחם 200 גרם (קינגדאו),קינגדאו גוניון פודס,CN,פנקו מזרח ומערב,גרמים,200.00,100 גרם,false,,7.00,0.0350,true,1,150653
7290010535156,false,פלסטר 50'חי,,,פלסטר 50'חי,יחידה,0.00,יחידה,false,,8.50,0.0000,true,1,219772
7290010535309,false,משטח ייבוש כלים לשיי,,,משטח ייבוש כלים לשיי,יחידה,0.00,יחידה,false,,10.00,0.0000,true,1,188876
7290010535378,false,שלישית כדורי רחצה,,,שלישית כדורי רחצה,יחידה,0.00,יחידה,false,,9.90,0.0000,true,1,105268
7290010535408,false,קופסא למברשות שיניים,מיה טריידינג,CN,מארז קופסאות למברשת,יחידה,0.00,יחידה,false,,9.90,0.0000,true,1,122595
7290010535460,false,מאפינס 50 יח,,,מאפינס 50 יח,יחידה,0.00,יחידה,false,,10.90,0.0000,true,1,191810
7290010535576,false,סליל דבק דו צדדי,,,סליל דבק דו צדדי,יחידה,0.00,יחידה,false,,7.90,0.0000,true,1,204336
7290010535606,false,דבק 3 שניות בלוח,,,דבק 3 שניות בלוח,יחידה,0.00,יחידה,false,,9.90,0.0000,true,1,167337
7290010535682,false,מטלית מיקרו פייבר,,,מטלית מיקרו פייבר,יחידה,0.00,יחידה,false,,8.90,0.0000,true,1,207263
7290010535699,false,חוט דנטאלי 50 מטר רפ,מיה טריידינג,CN,חוט דנטלי סוג א 50 מ,יחידה,0.00,יחידה,false,,9.90,0.0000,true,1,121637
7290010535910,false,סקוטץ קוצים 2 יח',,,סקוטץ קוצים 2 יח',יחידה,0.00,יחידה,false,,9.00,0.0000,true,1,117617
7290010546169,false,"גרנולה בטעם ""דינמי"" בתוספת שקדים וצימוק",מנדל טי אמ סחר,IL,מנדל גרנולה-שקדים וצ,גרמים,400.00,100 גרם,false,,18.90,0.0472,true,1,142805
7290010546336,false,מנדל גרנולה בסילאן ללא תוספת סוכר 400 גר,"מנדל סחר ושיווק בע""מ",IL,גרנולה ודגנים ללא תו,גרמים,400.00,100 גרם,false,,18.90,0.0472,true,1,188316
7290010546565,false,גרנולה שוקולד מנדל 400 גר,מנדל,,גרנולה שוקולד 400 גר,גרמים,400.00,100 גרם,false,,18.90,0.0472,true,1,200323
7290010561414,false,ברילי לחם קל extra ציה וטף 500 גרם,אשבל מזון פונקציונלי,IL,ברילי לחם קל אקסטרה,גרמים,500.00,100 גרם,false,,19.90,0.0398,true,1,215696
7290010561445,false,עוגיות שוקוצ'יפס 180 גרם,אשבל מזון פונקציונלי,IL,ברילי פיתות,גרמים,420.00,100 גרם,false,,19.90,0.0474,true,1,215197
7290010569120,false,חטיף גלידה שמנת בטעם נוגה עם קרם שוקולד,"מיוצר ע""\י גלידת שטראוס",IL,שלגון פסק זמן,יחידה,0.00,יחידה,false,,8.90,0.0000,true,1,96065
7290010587445,false,"יין טוליפ וויט פרנק 750 מ""ל",מיוצר וממולא על ידי יקב,IL,טוליפ וויט פרנק 2017,מיליליטרים,750.00,"100 מ""ל",false,,65.00,0.0867,true,1,201529
7290010587452,false,טוליפ וויט יבש טוליפ750מ,מיוצר וממולא על ידי יקב,IL,טוליפ- וויט טוליפ 20,מיליליטרים,750.00,"100 מ""ל",false,,65.00,0.0867,true,1,202581
7290010587469,false,"יין טוליפ קברנה סוביניון 750 מ""ל",מיוצר וממולא על ידי יקב,IL,טוליפ קברנה סוביניון,מיליליטרים,750.00,"100 מ""ל",false,,59.90,0.0799,true,1,201528
7290010587476,false,"יין טוליפ מרלו 750 מ""ל",מיוצר וממולא על ידי יקב,IL,טוליפ מרלו 2017,מיליליטרים,750.00,"100 מ""ל",false,,59.90,0.0799,true,1,201530
7290010589135,false,גליליות ממולא קרם פט,וישם דברי מתיקה,IL,גליליות קרם,יחידה,0.00,יחידה,false,,29.90,0.0000,true,1,211678
7290010589227,false,כדורי שוקולד טעם שוק,וישם דברי מתיקה,IL,כדורי וופר שבבי וופר,גרמים,400.00,100 גרם,false,,29.90,0.0747,true,1,194511
7290010589364,false,עוגת וופל במילוי קרם,וישם דברי מתיקה,IL,עוגת וופל במילוי קרם,גרמים,270.00,100 גרם,false,,29.90,0.1107,true,1,261570
7290010589371,false,עוגת וופל במילוי קרם,וישם דברי מתיקה,IL,עוגת וופל במילוי קרם,גרמים,270.00,100 גרם,false,,29.90,0.1107,true,1,261566
7290010589388,false,עוגת וופל במילוי ריב,וישם דברי מתיקה,IL,עוגת וופל במילוי קרם,גרמים,270.00,100 גרם,false,,29.90,0.1107,true,1,261571
7290010627004,false,טחינה גולמית מסורתית ירושלים 500 ג',"בראשית ירושלים בע""מ",IL,טחינה ירושלים 500 גר,גרמים,500.00,100 גרם,false,,14.90,0.0298,true,1,192509
7290010627844,false,טחינה גולמית שומשום מלא ירושלים 500גרם,"טחינה ירושליים בע""מ",IL,טחינה ירושלים 500 מל,גרמים,500.00,100 גרם,false,,14.90,0.0298,true,1,193521
7290010632121,false,כוס אימון עם ידיות ופיה רכה ML360 טוליפס פרמיום,טוליפס Tulips,CN,כוס אימון שאינה מטפט,יחידה,0.00,יחידה,false,,16.90,0.0000,true,1,114873
7290010632138,false,נשכן קור עם ג'ל טוליפס פרמיום,F.H.P CO LT,CN,נשכן קור עם ג'ל,יחידה,0.00,יחידה,false,,10.90,0.0000,true,1,196713
7290010632442,false,קופסא למוצץ,,,קופסא למוצץ,יחידה,0.00,יחידה,false,,14.90,0.0000,true,1,191549
7290010632466,false,סט טיפוח לציפורניים,,,סט טיפוח לציפורנים,יחידה,0.00,יחידה,false,,27.90,0.0000,true,1,198028
7290010632534,false,כוסות + מכסים - מארז 6 יח',מולינו ניקולי s.p.a,CN,כוס ומכסה נובי,יחידה,0.00,יחידה,false,,24.90,0.0000,true,1,127329
7290010632572,false,נשכן שרשרת חרוזים נו,מולינו ניקולי s.p.a,CN,נשכן שרשרת חרוזים,יחידה,0.00,יחידה,false,,31.90,0.0000,true,1,113241
7290010632633,false,מוצץ גומי בליסטר 3יח,B.R Works,IN,מוצץ גומי 3יח,יחידה,0.00,יחידה,false,,12.90,0.0000,true,1,134271
7290010632787,false,צימרוני אוזניים מעץ 300 יח,הדקלאים אגודת שיתופי,CN,צימרוני אוזניים 300י,יחידה,0.00,יחידה,false,,4.20,0.0000,true,1,143596
7290010650002,false,פטריות יער טריות -יחידה,ביכורי שדה דרום 2002,IL,פטריות יער,גרמים,170.00,100 גרם,false,,12.90,0.0759,true,1,144013
7290010650019,false,אנדיב בלגי אמיתי חוות תקוע,מרינה פטריות הגליל,IL,אנדיב בלגי,גרמים,150.00,100 גרם,false,,13.90,0.0927,true,1,128336
7290010650033,false,בצלצלי שאלוט תקוע אר,חוות פטריות תקוע,NL,בצלצלי שאלוט 350 גר',גרמים,350.00,100 גרם,false,,14.90,0.0426,true,1,135903
7290010650040,false,פטריות שיטאקי חוות תקוע,ביכורי שדה דרום 2002,IL,פטריות שיטאקי טרי או,גרמים,100.00,100 גרם,false,,11.90,0.1190,true,1,144014
7290010650064,false,פטריות יער מיובשות חוות תקוע 25 גרם,חוות תקוע,IL,פטריות יער מיובשות 2,גרמים,20.00,100 גרם,false,,6.40,0.3200,true,1,114045
7290010650088,false,פטריות שמפיניון מיובשות 25 גרם,חוות פטריות תקוע,CN,פטריות שמפיניון מיוב,גרמים,25.00,100 גרם,false,,8.40,0.3360,true,1,113867
7290010650255,false,לקט פטריות למרק חוות תקוע 25 גרם,תקוע,IL,לקט פטריות מיובשות ל,גרמים,25.00,100 גרם,false,,11.90,0.4760,true,1,123212
7290010650279,false,לקט פטריות לפסטה 25 גרם,חקלאי,IL,לקט פטריות מיובשות ל,גרמים,25.00,100 גרם,false,,11.90,0.4760,true,1,123213
7290010650286,false,בייבי ברוקולי חוות תקוע,,,בייבי ברוקולי,גרמים,350.00,100 גרם,false,,12.90,0.0369,true,1,190334
7290010650293,false,בצלצלי שאלוט מקולף ת,תקוע,,שאלוט קלוף ארוז,גרמים,250.00,100 גרם,false,,12.90,0.0516,true,1,144889
7290010650354,false,שורש כורכום טרי חוות תקוע 120 גרם,פסטה לנסי,IL,כורכום טרי,גרמים,120.00,100 גרם,false,,14.90,0.1242,true,1,144412
7290010650408,false,בצלצלי פנינה תקוע יח,פסטה לנסי,IL,בצלי פנינה 500 גר',גרמים,500.00,100 גרם,false,,14.90,0.0298,true,1,151694
7290010650576,false,פטריות שנוקי טרי ארו,חוות פטריות תקוע,IL,פטריות שינוקי,גרמים,150.00,100 גרם,false,,9.90,0.0660,true,1,144357
7290010650590,false,ריזוטו פטריות מיובשות,חוות פטריות תקוע,IL,ריזוטו פטריות,גרמים,275.00,100 גרם,false,,15.90,0.0578,true,1,144291
7290010650668,false,למון גראס -חוות תקוע,ביכורי השקמה,IL,למון גראס -חוות תקוע,יחידה,0.00,יחידה,false,,10.90,0.0000,true,1,145417
7290010650705,false,חסה רדיקו 250 גר,שולמית,IL,אפונת שלג,יחידה,0.00,יחידה,false,,16.90,0.0000,true,1,201078
7290010650767,false,אנדיב אדום 220 גרם,פמילי,IL,אנדיב אדום ארוז,יחידה,0.00,יחידה,false,,19.90,0.0000,true,1,187916
7290010650798,false,לקט בורגול ופטריות חוות תקוע,קרלו,IL,לקט בורגול ופטריות,גרמים,310.00,100 גרם,false,,13.90,0.0448,true,1,204433
7290010650804,false,לקט פתיתים ופטריות חוות תקוע,קרלו,IL,לקט פתיתים ופטריות,גרמים,235.00,100 גרם,false,,13.90,0.0591,true,1,204434
7290010650828,false,פטריות שימג'י חוות תקוע 150 גרם,שנגחאי פינק פוד קומפני,CN,פטריות שימג'י לבן,יחידה,0.00,יחידה,false,,10.90,0.0000,true,1,203965
7290010650989,false,תירס לבן מתוק תקוע,,,תירס לבן מתוק תקוע,גרמים,600.00,100 גרם,false,,21.90,0.0365,true,1,212902
7290010650996,false,"פטריות שי מג'י חומות, 150 גרם חוות תקוע",שנגחאי פינק פוד קומפני,CN,פטריות שימג'י חום,גרמים,150.00,100 גרם,false,,10.90,0.0727,true,1,218352
7290010657254,false,סרדינים מרוקאי בשמן צמחי 125 ג',יוניון דה פחריס,MA,סרדין קזבלנקה בשמן ס,גרמים,125.00,100 גרם,false,,4.40,0.0352,true,1,122131
7290010657292,false,צלפים בחומץ צנצנת 35,פ.ח סאנצאס,ES,צלפים בחומץ,גרמים,370.00,100 גרם,false,,12.50,0.0338,true,1,191156
7290010657315,false,עלי גפן ממולאים סטאר,,,עלי גפן ממולאים סטאר,גרמים,400.00,100 גרם,false,,9.40,0.0235,true,1,266143
7290010657490,false,סרדינים מרוקאי בשמן קזבלנקה פלפל חריף 125 ג',יוניון דה פחריס,MA,סרדין קזבלנקה בשמן ח,גרמים,125.00,100 גרם,false,,4.90,0.0392,true,1,118703
7290010657506,false,סרדין קזבלנקה בשמן ז,יוניון דה פחריס,MA,סרדין קזבלנקה בשמן ז,גרמים,125.00,100 גרם,false,,5.60,0.0448,true,1,113348
7290010657568,false,סרדין מרוקאי בשמן ולימון סטאר פוד 125 ג',יוניון דה פחריס,MA,סרדין קזבלנקה בשמן ס,גרמים,125.00,100 גרם,false,,4.90,0.0392,true,1,133308
7290010657674,false,תחתיות אטישוק סטאר פ,,,תחתיות אטישוק סטאר פ,גרמים,220.00,100 גרם,false,,10.90,0.0495,true,1,262528
7290010657681,false,פילה מקרל בשמן צמחי 125 ג קזבלנקה,יוניון דה פחריס,,פילה מקרל בשמן צמחי,גרמים,125.00,100 גרם,false,,7.90,0.0632,true,1,130258
7290010657698,false,פילה מקרל פלפל חריף 125 ג קזבלנקה,יוניון דה פחריס,,פילה מקרל עם פלפל חר,גרמים,125.00,100 גרם,false,,8.50,0.0680,true,1,137145
7290010657704,false,פילה מקרל בשמן זית 125 ג קזבלנקה,יוניון דה פחריס,,פילה מקרל בשמן זית,גרמים,125.00,100 גרם,false,,9.40,0.0752,true,1,133863
7290010657728,false,אמנדה סטר פוד כבד דג שיבוט 115גר,,,כבד דג שיבוט בשמן הד,גרמים,120.00,100 גרם,false,,11.90,0.0992,true,1,215699
7290010657902,false,בצלצלי פנינה סטאר פו,לוקסאפרס,ES,בצלצלי פנינה סטאר פו,גרמים,400.00,100 גרם,false,,9.90,0.0248,true,1,123370
7290010748853,false,"ד""ר פישר - אפקטיב קר קרם ידיים סנסיטיב 150 מ""ל",פישר מעבדות פרמצבטיות בע,IL,קרם ידיים וציפורניים,מיליליטרים,150.00,"100 מ""ל",false,,16.90,0.1127,true,1,126982
7290010748860,false,"ד""ר פישר - אפקטיב קר קרם ידיים אינטנסיב 150 מ""ל",פישר מעבדות פרמצבטיות בע,IL,קרם ידיים וציפורניים,מיליליטרים,150.00,"100 מ""ל",false,,16.90,0.1127,true,1,125404
7290010748884,false,אפקטיב קר קרם גוף אינטנסיב לעור יבש במיוחד ח 700,פישר מעבדות פרמצבטיות,IL,ק.גוף אפקטיב קר יבש,מיליליטרים,700.00,"100 מ""ל",false,,32.90,0.0470,true,1,124749
7290010766185,false,רוטב לפסטה עגבניות ובזיליקום אוליביה 420 גרם,אוליביה,IL,רוטב לפסטה עגבניות ו,יחידה,0.00,יחידה,false,,13.90,0.0000,true,1,134153
7290010778058,false,פטוציני לבן/ טריקולו,פסטה דיאורו,IL,פסטה פטוצ'יני טריה,גרמים,500.00,100 גרם,false,,19.90,0.0398,true,1,140453
7290010778065,false,"ניוקי תפו""א פסטה טרי",פסטה דיאורו,IL,"ניוקי תפו""א פסטה טרי",גרמים,500.00,100 גרם,false,,19.90,0.0398,true,1,140454
7290010778089,false,טורטליני גבינה 500גר,פסטה דיאורו,IL,טורטליני גבינה,יחידה,0.00,יחידה,false,,36.90,0.0000,true,1,181185
7290010778157,false,רביולי ריקוטה ותרד 5,פסטה דיאורו,IL,ריביולי ריקוטה תרד,גרמים,500.00,100 גרם,false,,31.90,0.0638,true,1,140456
7290010778164,false,ריביולי ריקוטה ופטרי,פסטה דיאורו,IL,ריביולי ריקוטה ופטרי,גרמים,500.00,100 גרם,false,,31.90,0.0638,true,1,140457
7290010778171,false,רביולי בטטה 500גר,פסטה דיאורו,IL,ריביולי בטטה,גרמים,500.00,100 גרם,false,,31.90,0.0638,true,1,140458
7290010778188,false,רביולי 4 גבינות 500ג,פסטה דיאורו,IL,ריביולי 4 גבינות,גרמים,500.00,100 גרם,false,,31.90,0.0638,true,1,140459
7290010778256,false,ריביולי ריקוטה פרמזן,פסטה דיאורו,IL,ריביולי ריקוטה פרמזן,גרמים,500.00,100 גרם,false,,31.90,0.0638,true,1,140463
7290010778263,false,רביולי גבינות צאן 50,פסטה דיאורו,IL,ריביולי גבינות צאן,גרמים,500.00,100 גרם,false,,31.90,0.0638,true,1,140464
7290010778300,false,רביולי מוצרלה 500גר,פסטה דיאורו,IL,ריביולי מוצרלה,גרמים,500.00,100 גרם,false,,31.90,0.0638,true,1,140641
7290010791538,false,מזון חתולים לה קט דליקטס עוף גורמה 85 גרם,"הייקיו, תאילנד",TH,לה קט עוף גורמה 85 ג,גרמים,85.00,100 גרם,false,,5.50,0.0647,true,1,107163
7290010791545,false,מזון חתולים לה קט דליקטס פטה כבד 85 גרם,"הייקיו, תאילנד",TH,לה קט דליקטס פטה כבד,גרמים,85.00,100 גרם,false,,5.50,0.0647,true,1,107164
7290010791552,false,לה-קט דליקטס טונה ברוטב 85 גר',"הייקיו, תאילנד",TH,לה קט דליקטס טונה,גרמים,85.00,100 גרם,false,,5.50,0.0647,true,1,107165
7290010791576,false,מזון חתולים לה קט דליקטס דגי אוקיאנוס 85 גרם,"הייקיו, תאילנד",TH,לה קט דליקטס דגי אוק,גרמים,85.00,100 גרם,false,,5.50,0.0647,true,1,112371
7290010791644,false,בונזו ג'וי מקלוני עןוף 90ג,בונזו,CN,בונזו גו'י מקלוני עו,גרמים,90.00,100 גרם,false,,17.00,0.1889,true,1,145144
7290010814695,false,שוקולד מריר פרווה ללא תוספת סוכר כרמית 85 גרם,כרמית תעשיות ממתקים בעמ,IL,שוקולד מריר ללא תוספ,גרמים,85.00,100 גרם,false,,5.90,0.0694,true,1,121249
7290010814701,false,שוקולד חלב ללא תוספת סוכר וסטהיים,"כרמית תעשיות ממתקים בע""\",IL,שוקולד חלב ללא תוספת,גרמים,85.00,100 גרם,false,,5.90,0.0694,true,1,121250
7290010849505,false,יין למברוסקו די לואיג'י רוסו דולצ'ה,פארייפאבה אגרואינדוס,IT,למברוסקו די לואיג'י,מיליליטרים,750.00,"100 מ""ל",false,,24.90,0.0332,true,1,123299
7290010849512,false,יין למברוסקו די לואיג'ירוזטו אמבילה,פארייפאבה אגרואינדוס,IT,למברוסקו די לואיג'י,מיליליטרים,750.00,"100 מ""ל",false,,24.90,0.0332,true,1,136787
7290010849529,false,יין למברוסקו די לואיג'י ביאנקו,פארייפאבה אגרואינדוס,IT,למברוסקו די לואיג'י,מיליליטרים,750.00,"100 מ""ל",false,,24.90,0.0332,true,1,150471
7290010883356,false,כפפות אלוורה רב שימושיות גדולות L סנו סושי,סנו סושי,CN,סנו סושי זוג כפפות א,יחידה,0.00,יחידה,false,,9.90,0.0000,true,1,113564
7290010883363,false,כפפות אלוורה רב שימושיות קטנות S סנו סושי,האי נאם סי או אל.טי.,CN,סנו סושי זוג כפפות א,יחידה,0.00,יחידה,false,,9.90,0.0000,true,1,113565
7290010883370,false,כפפות אלוורה רב שימושיות בינוניות M סנו סושי,האי נאם סי או אל.טי.,CN,סנו סושי זוג כפפות א,יחידה,0.00,יחידה,false,,9.90,0.0000,true,1,108589
7290010922024,false,"פסיפלורה קפואה 250 גרם- Shake It -בד""ץ עדה חרדית","הבו-קדו בע""\מn\",IL,פסיפלורה קפואה 250 ג,גרמים,250.00,100 גרם,false,,8.90,0.0356,true,1,265057
7290010922819,false,"מלון 250 גרם - Shake It - בד""ץ עדה חרדית","הבו-קדו בע""\מn\",IL,מלון קפוא 250 גר',גרמים,250.00,100 גרם,false,,8.90,0.0356,true,1,265059
7290010922857,false,"מנגו קפוא 250 גרם - Shake It - בד""ץ עדה חרדית","הבו-קדו בע""\מn\",IL,מנגו קפוא 250 גר',גרמים,250.00,100 גרם,false,,8.90,0.0356,true,1,265060
7290010922871,false,טחון בקר 1 קג ארוז קפוא -אשפר,,,"טחון בקר 1 ק""ג ארוז",קילוגרמים,1.00,"ק""ג",false,,29.90,29.9000,true,1,263694
7290010922895,false,המבורגר בקר בלדי אשפר 400 גרם ארוז,"בלדי בע""\מn\",IL,המבורגר בקר 400 גר',גרמים,400.00,100 גרם,false,,13.90,0.0348,true,1,261697
7290010922901,false,קבב מזרחי קפוא ארוז אשפר 400 גרם בלדי,"בלדי בע""\מ",IL,קבב מזרחי 400 גר',גרמים,400.00,100 גרם,false,,13.90,0.0348,true,1,261698
7290010922949,false,תות שדה קפוא 250 גרם - Shake It,"הבו-קדו בע""\מn\",IL,תות שדה קפוא 250 גר',גרמים,250.00,100 גרם,false,,8.90,0.0356,true,1,218415
7290010945146,false,קוטג' 3% מועשר בסידן טרה 250 ג' מהדרין,קריות זול,IL,קוט'ג 3% מועשר טרה,גרמים,250.00,100 גרם,false,,5.90,0.0236,false,1,93469
7290010945306,false,חלב בקרטון 3% 2 ליטר טרה,הפריט בפיקוח,IL,חלב 2 ליטר מהדרין,ליטרים,2.00,ליטר,false,,12.46,6.2300,false,1,93475
7290010945450,false,גבינה לבנה 3% 250 גר מועשר בסידן וויטמין,הפריט בפיקוח,IL,גבינה לבנה 3% 250 גר,גרמים,250.00,100 גרם,false,,4.98,0.0199,false,1,93484
7290010945481,false,גבינה לבנה טרה 5% מרכיבים טבעיים,הפריט בפיקוח,IL,גבינה לבנה 5% 500 גר,גרמים,500.00,100 גרם,false,,9.96,0.0199,false,1,93486
7290010970216,false,"חומץ בלסמי 500 מ""ל ""טעמים""",טעמים,IL,חומץ בלסמי איטלקי,מיליליטרים,500.00,"100 מ""ל",false,,19.90,0.0398,true,1,149023
7290010970223,false,חומץ יין אדום מונטני,"ג.מ טעם הארץ בע""\ם",IL,חומץ בן יין אדום,מיליליטרים,500.00,"100 מ""ל",false,,12.90,0.0258,true,1,149024
7290010970230,false,חומץ יין פירות הדר 500מל,ג.מ.טעם הארץ,IL,חומץ פירות הדר,מיליליטרים,500.00,"100 מ""ל",false,,17.90,0.0358,true,1,185829
7290010970650,false,קרם בלסמי חומץ מצומצם ממודנה איטליה 250,טעמים,,קרם מצומצם מחומץ בלס,מיליליטרים,250.00,"100 מ""ל",false,,29.90,0.1196,true,1,214231
7290011015374,false,"סחוט תפוחים צלול פריגת 400 מ""ל",היינץ צפון אמריקה מק,IL,פריגת סחוט תפוח צלול,יחידה,400.00,יחידה,false,,9.50,0.0238,true,1,178771
7290011015862,false,"פריגת סירופ דיאט לימונענע 750 מ""ל",סירופ - גבעת חיים,IL,סירופ דיאט לימון נענ,יחידה,750.00,יחידה,false,,22.90,0.0305,true,1,122518
7290011015985,false,"סירופ בטעם דיאט אננס 750 מ""ל פריגת",סירופ - גבעת חיים,IL,סירופ דיאט אננס 750,מיליליטרים,750.00,"100 מ""ל",false,,22.90,0.0305,true,1,139045
7290011017866,false,קוקה קולה קלאסי בפחית,החברה המרכזית לייצור משקאות,IL,קוקה קולה פחית,מיליליטרים,330.00,"100 מ""ל",false,,4.90,0.0148,false,1,139247
7290011017873,false,"פחיות קוקה קולה זירו 330 מ""ל",החברה המרכזית לייצור משקאות,IL,קוקה קולה זירו פחית,מיליליטרים,330.00,"100 מ""ל",false,,4.50,0.0136,true,1,141376
7290011017880,false,דיאט קוקה קולה פחית סליק 330מל,החברה המרכזית לייצור משקאות,IL,דיאט קולה פחית 330,מיליליטרים,330.00,"100 מ""ל",false,,4.50,0.0136,false,1,141885
7290011018184,false,פיוז טי תה קר בטעם אפרסק,מבשלות בירה בינלאומי,IL,FUZE tea אפרסק 0.5 ל,מיליליטרים,500.00,"100 מ""ל",false,,6.50,0.0130,true,1,138669
7290011018368,false,ויינשטפן בירת חיטה לא מסוננת,"ויינשטפן, ת.ד 1155 פ",DE,שישיה בירה ויינשטפן,ליטרים,1.98,ליטר,false,,69.90,35.3030,false,1,141306
7290011018443,false,"פנטה אורנג פחית סליק 330 מ""ל",החברה המרכזית לייצור משקאות,IL,פאנטה אורנ'ג פחית,מיליליטרים,330.00,"100 מ""ל",false,,4.90,0.0148,true,1,141865
7290011018924,false,"מארז פחיות דיאט קוקה קולה שישייה 330 מ""ל",החברה המרכזית לייצור משקאות,IL,מארז שישיית פחיות די,ליטרים,1.98,ליטר,false,,21.90,11.0606,false,1,142312
7290011026066,false,"ד""ר פישר - סרקל שמפו + מרכך לילדים 1 ליטר",פישר מעבדות פרמצבטיות בע,IL,סרקל שמפו+מרכך 1 ליט,ליטרים,1.00,ליטר,false,,27.90,27.9000,true,1,116377
7290011026530,false,ק.ב סנסטיב אל סבון לבנדר קמומיל לפני השינה 500 מ,פישר מעבדות פרמצבטיות בע,IL,אל סבון לתינוק לפני,מיליליטרים,500.00,"100 מ""ל",false,,19.90,0.0398,true,1,100234
7290011064020,false,בולגרית למריחה בטעמים 200 גר,גבינות אמיר ניצן בעמ,IL,בולגרית בעיר עם תוספ,גרמים,200.00,100 גרם,false,,13.90,0.0695,true,1,211036
7290011064075,false,מעדן לבנה מסבחה -אבו גוש 200 גרם,גבינות אמיר ניצן בעמ,IL,לאבנה אבו גוש 200 גר,גרמים,200.00,100 גרם,false,,13.90,0.0695,true,1,211064
7290011064099,false,ירקות או פרות ממולאים במעדן גבינה ניצן 125 גרם,גבינות אמיר ניצן בעמ,IL,ניצן-טאפס שכונתי פלפ,גרמים,125.00,100 גרם,false,,21.90,0.1752,true,1,145058
7290011081492,false,גלידה בטעם שלושה שוקולדים 1.33ל' קרמיסימו,"גלידת שטראוס בע""\מ, רחוב",IL,קרמיסימו שלושה שוקול,ליטרים,1.33,ליטר,false,,24.90,18.7218,false,1,96116
7290011081690,false,קרמיסימו פרווה שוקו ציפ+וניל ציפ 1.33ל,"גלידת שטראוס בע""\מ, רחוב",IL,קרמיסימו פרווה שוקו,ליטרים,1.33,ליטר,false,,24.90,18.7218,false,1,114234
7290011091125,false,תבלין לסטייק 120 גרם,תבליני הדור השלישי,IL,תבלין לסטייק,גרמים,120.00,100 גרם,false,,14.90,0.1242,true,1,204138
7290011091132,false,תבלין קארי הודי 120גר,תבליני הדור השלישי,IL,קארי הודי,גרמים,120.00,100 גרם,false,,14.90,0.1242,true,1,204139
7290011091262,false,פרג תבלין אורגנו 40ג,תבליני הדור השלישי,IL,אורגנו,גרמים,40.00,100 גרם,false,,13.90,0.3475,true,1,204183
7290011091347,false,תערובת גריל עוף 120,תבליני הדור השלישי,IL,גריל עוף,גרמים,120.00,100 גרם,false,,14.90,0.1242,true,1,204141
7290011091354,false,תבלין שווארמה ופרגיות 120 גרם,תבליני הדור השלישי,IL,תבלין לשווארמה,גרמים,120.00,100 גרם,false,,14.90,0.1242,true,1,204142
7290011091392,false,תבלין בהרט לקובה 100 גרם,תבליני הדור השלישי,IL,בהרט לקובה,גרמים,100.00,100 גרם,false,,16.90,0.1690,true,1,204167
7290011091408,false,תבליין חוויג מרק 120,תבליני הדור השלישי,IL,חוויג' למרק,גרמים,120.00,100 גרם,false,,14.90,0.1242,true,1,204144
7290011091460,false,כורכום טחון 150 גרם,תבליני הדור השלישי,IL,כורכום,גרמים,150.00,100 גרם,false,,14.90,0.0993,true,1,204147
7290011091507,false,פלפל שחור טחון 120 גרם,תבליני הדור השלישי,IL,פלפל שחור טחון,גרמים,100.00,100 גרם,false,,14.90,0.1490,true,1,204168
7290011091514,false,פרג פפריקה מתוקה בשמן 120ג,תבליני הדור השלישי,IL,פפריקה מתוקה בשמן,גרמים,120.00,100 גרם,false,,14.90,0.1242,true,1,204151
7290011091521,false,פרג תבלין כמון טחון 120ג,תבליני הדור השלישי,IL,כמון טחון,גרמים,120.00,100 גרם,false,,14.90,0.1242,true,1,204152
7290011091590,false,פפריקה חריפה 150 גרם,תבליני הדור השלישי,IL,פפריקה חריפה,גרמים,150.00,100 גרם,false,,14.90,0.0993,true,1,204154
7290011091606,false,פפריקה מתוקה 150 גרם פרג,תבליני הדור השלישי,IL,פפריקה מתוקה,גרמים,150.00,100 גרם,false,,14.90,0.0993,true,1,204155
7290011091651,false,שום גבישי פרג 150 גר,תבליני הדור השלישי,IL,שום גבישי,גרמים,150.00,100 גרם,false,,14.90,0.0993,true,1,204158
7290011115166,false,נקה 7 ארומה סבון נוזלי לבנדר 1 ל',טרופיקל דגיל תעשיות,IL,נקה תחליב רחצה סגול,ליטרים,1.00,ליטר,false,,13.90,13.9000,true,1,108123
7290011115173,false,נקה 7 ארומה סבון נוזלי וניל 1 ל',טרופיקל דגיל תעשיות,IL,נקה תחליב רחצה וניל,ליטרים,1.00,ליטר,false,,13.90,13.9000,true,1,108124
7290011115203,false,אל סבון מוצק מבושם בניחוח עדין קלאסיק - מארז רביעיה,טרופיקל דגיל תעשיות,IL,נקה 7-סבון מוצק ורוד,גרמים,400.00,100 גרם,false,,11.90,0.0298,true,1,111797
7290011115258,false,אל סבון מוצק מבושם בניחוח עדין קלאסיק - מארז רביעיה,"גליל כימיכלים בע""מ",IL,נקה 7 סבון מוצק ירוק,גרמים,400.00,100 גרם,false,,11.90,0.0298,true,1,111795
7290011115289,false,אל סבון מוצק מבושם בניחוח עדין קלאסיק - מארז רביעיה,"גליל כימיכלים בע""מ",IL,נקה 7- סבון מוצק ליל,גרמים,400.00,100 גרם,false,,11.90,0.0298,true,1,111796
7290011126209,false,הגן הקסום תה טעם תפוח וקינמון סיידר ויסוצקי 25 יח',תה ויסוצקי,IL,תה חליטת תפוח וקינמו,גרמים,55.00,100 גרם,false,,18.90,0.3436,false,1,97449
7290011126452,false,הגן הקסום תה בטעם קמומיל ונענע ויסוצקי 25 יחידות,תה ויסוצקי,IL,תה חליטת קמומיל ונענ,גרמים,37.50,100 גרם,false,,18.90,0.5040,false,1,113583
7290011126469,false,חליטת צמחים וקמומיל הגן הקסום ויסוצקי 25 יחידות,תה ויסוצקי,IL,תה חליטת קמומיל ודבש,גרמים,37.50,100 גרם,false,,18.90,0.5040,false,1,113584
7290011126940,false,תה ירוק ויסוצקי בתוספת מרווה 25 שקיקים,ויסוצקי ירוק,IL,תה ירוק בתוספת מרווה,גרמים,37.50,100 גרם,false,,24.90,0.6640,false,1,118276
7290011131050,false,גרנולה בתוספת פקאן 1 קילו גרין,ויטליאה ניקולה דו,MK,"גרנולה 1 ק""ג פקאן",קילוגרמים,1.00,"ק""ג",false,,24.90,24.9000,true,1,142419
7290011131371,false,"מוזלי שקדים ואגוזים 1 ק""ג גרין",ויטליאה ניקולה דו,MK,מוזלי קרנצ'י שקדים ו,קילוגרמים,1.00,"ק""ג",false,,24.90,24.9000,true,1,114476
7290011131395,false,"מוזלי בתוספת 30% פירות 1 ק""ג גרין",ויטליאה ניקולה דו,MK,מוזלי קרנצ'י 30% פיר,קילוגרמים,1.00,"ק""ג",false,,24.90,24.9000,true,1,114478
7290011131968,false,"גרנולה בתוספת שקדים ואגוזים גרין 1 ק""ג",ויטליה ניקולא דו,MK,"גרנולה 1 ק""ג אגוזים.",גרמים,1.00,גרם,false,,24.90,24.9000,true,1,120873
7290011132583,false,"פפסי מקס ליים 500 מ""ל מארז שישייה","טמפו משקאות בע""\מ",IL,פפסי מקס שישייה 0.5,ליטרים,3.00,ליטר,false,,19.90,6.6333,false,1,218011
7290011133634,false,"פפסי מקס פחית צרה מארז שישייה 330 מ""ל","טמפו משקאות בע""\מ",IL,פפסי פחית צרה שישייה,ליטרים,1.98,ליטר,false,,18.90,9.5455,true,1,209260
7290011148959,false,פלפל טינקרבל יח שמיטה,"מרינה פטריות הגליל בע""מ",IL,פלפל טינקרבל,יחידה,0.00,יחידה,false,,8.90,0.0000,true,1,138703
7290011153885,false,נייר אכיל ממותג דיסני,שמחה זה אנחנו,,נייר אכיל לעוגות,יחידה,0.00,יחידה,false,,18.40,0.0000,true,1,185157
7290011154035,false,"תרכיז תפוחים סחוט טעמי הגליל 500 מ""ל",טעמי הגליל,IL,תרכיז תפוחים סחוט טע,מיליליטרים,500.00,"100 מ""ל",false,,22.90,0.0458,true,1,212679
7290011154882,false,"תרכיז תפוזים 500 מ""ל טעמי הגליל",טעמי הגליל,IL,תרכיז תפוזים טבעי 50,מיליליטרים,500.00,"100 מ""ל",false,,26.90,0.0538,true,1,262031
7290011174323,false,"צ'יפס אמריקאי פרי הגליל 1.5 ק""ג","פרי הגליל בע""""מ",IL,צ'יפס אמריקאי 1.5 קי,יחידה,1.50,יחידה,false,,17.90,11.9333,true,1,111626
7290011174866,false,צ'יפס בטטה פרי הגליל 700 גרם,פרי הגליל,IL,צ'יפס בטטה 700גר פרי,גרמים,700.00,100 גרם,false,,14.90,0.0213,true,1,201375
7290011174897,false,אפונה עדינה פרי גליל 600 גר',"פרי הגליל בע""""מ",IL,אפונה עדינה 600 גר,גרמים,600.00,100 גרם,false,,13.90,0.0232,true,1,112078
7290011194215,false,מעדן גבינה ויוגורט בטעם בננה 5% שומן 88 ג' דניאלה,"שטראוס בריאות בע""מ",IL,דניאלה בננה 5%,מיליליטרים,150.00,"100 מ""ל",false,,4.10,0.0273,true,1,95802
7290011194246,false,קוטג' 5% עם סידן 250 ג' שטראוס,מיוצר עי קונדיטוריית,IL,קוטג' שטראוס 5%,גרמים,250.00,100 גרם,false,,6.00,0.0240,false,1,95804
7290011223038,false,בונומי עלים לקרמשניט שכבות אפויות מבצק עלים 300 גרם,בונומי ס.פ.א,IT,עלים לקרמשניט - בונו,גרמים,300.00,100 גרם,false,,16.00,0.0533,true,1,125449
7290011223045,false,בישקוטים בונומי 200 גרם,בונומי ס.פ.א,IT,בישקוטים בונומי 200ג,גרמים,200.00,100 גרם,false,,7.50,0.0375,true,1,125574
7290011223205,false,ריבת חלב ארגנטינאית דולקור דאנש 450 גרם,אשבל מזון פונקציונלי,IL,ריבת חלב ארגנטינאית,גרמים,454.00,100 גרם,false,,16.90,0.0372,true,1,107742
7290011223229,false,"טואלט דאק ג'ל לאסלה טיפות טל רעננות 55 מ""ל","איטיליאן פוד, אס.פי.",IT,ט.ד ג'ל אסלה טיפות ט,מיליליטרים,55.00,"100 מ""ל",false,,10.90,0.1982,true,1,107743
7290011233099,false,עוגת נשיקולד ענת טרלובסקי 300 גרם,,IL,העוגיות של ענת,גרמים,330.00,100 גרם,false,,39.90,0.1209,true,1,144839
7290011249212,false,וופל עלמה בלגי לימון 200 גר' ללא סוכר,"גילרו בע""מ",IL,וופל גילרו 200 גר' ב,גרמים,200.00,100 גרם,false,,3.20,0.0160,true,1,137225
7290011249250,false,עלמה גביעי גלידה אמריקאי 24 יח',"גילרו בע""מ",IL,גביעיי גלידה אמריקאי,יחידה,0.00,יחידה,false,,9.50,0.0000,true,1,180292
7290011249748,false,רולים גלילי ופל במילוי קרם שוקולד 100 ג' עלמה,"גילרו בע""מ",IL,רולים גלילי וופל בטע,גרמים,100.00,100 גרם,false,,3.50,0.0350,true,1,148683
7290011249755,false,רולים גלילי ופל במילוי קרם אגוזים 100 ג' עלמה,"גילרו בע""מ",IL,רולים אגוזים 100 גר',גרמים,100.00,100 גרם,false,,3.50,0.0350,true,1,149500
7290011302962,false,ערמונים טריים אלטאי,מוצר חקלאי טרי,CN,ערמונים טריים,קילוגרמים,1.00,"ק""ג",false,,29.90,29.9000,true,1,195355
7290011312381,false,פטריות סטייק פורטובל,"מרינה פטריות הגליל בע""מ",IL,סטייק פורטובלה,יחידה,0.00,יחידה,false,,14.90,0.0000,true,1,190496
7290011343002,false,"שמן זית קורנייקי 750 מ""ל",,IL,שמן זית קורנייקי 750,מיליליטרים,750.00,"100 מ""ל",false,,45.90,0.0612,true,1,138651
7290011343019,false,שמן זית שמן הבית 750,,,שמן זית שמן הבית 750,מיליליטרים,750.00,"100 מ""ל",false,,45.90,0.0612,true,1,138653
7290011343026,false,"שמן זית פישולין 750 מ""ל",,IL,שמן זית לצ'ינו 750מל,מיליליטרים,750.00,"100 מ""ל",false,,45.90,0.0612,true,1,138654
7290011343033,false,שמן זית לצינו 750 מל,,,שמן זית לצ'ינו 750מל,מיליליטרים,750.00,"100 מ""ל",false,,45.90,0.0612,true,1,138652
7290011343170,false,שמן זית פיקואל גשור 750 מל,,,ארץ גשום- שמן פיקואל,מיליליטרים,750.00,"100 מ""ל",false,,45.90,0.0612,true,1,201924
7290011343187,false,שמן זית קורטינה ארץ גשור 750 מל,,,ארץ גשום- שמן קורטינ,מיליליטרים,750.00,"100 מ""ל",false,,45.90,0.0612,true,1,201925
7290011343194,false,"שמן זית ארבקינה 750 מ""ל",,,"שמן זית 750 מ""ל",יחידה,0.00,יחידה,false,,45.90,0.0000,true,1,148696
7290011379018,false,מארז משפחתי שמפיניון 500 ג' מרינה,מרינה פטריות הגליל,IL,מארז פטריות צמד חמד,גרמים,500.00,100 גרם,false,,15.90,0.0318,true,1,123705
7290011379025,false,"פלפל צ'ילי ""מרינה""","מרינה פטריות הגליל בע""מ",IL,"פלפל צ'ילי ""מרינה""",יחידה,0.00,יחידה,false,,5.90,0.0000,true,1,124366
7290011379926,false,סלרי עלים ארוז יח,"מרינה פטריות הגליל בע""מ",IL,סלרי עלים ארוז,יחידה,0.00,יחידה,false,,6.90,0.0000,true,1,151576
7290011392055,false,אקווה פרש מברשת סופט פלקס 3 יחידות,גלקסוסמיתקליין,DE,מברשת שיניים פלקס של,יחידה,0.00,יחידה,false,,10.90,0.0000,true,1,134731
7290011424367,false,זרעים בצל נטורל גרין,,,זרעים בצל,יחידה,0.00,יחידה,false,,5.90,0.0000,true,1,216150
7290011424374,false,זרעים ברוקולי נטורל גרין,,,זרעים ברוקולי,יחידה,0.00,יחידה,false,,5.90,0.0000,true,1,216151
7290011424398,false,זרעים היביסקוס אדום,,,זרעים היביסקוס אדום,יחידה,0.00,יחידה,false,,5.90,0.0000,true,1,216153
7290011424411,false,זרעי חסה ירוקה יחידה,נטורל גרין,IL,זרעים חסה ירוקה,יחידה,0.00,יחידה,false,,5.90,0.0000,true,1,216155
7290011424510,false,זרעים מלון,,,זרעים מלון,יחידה,0.00,יחידה,false,,5.90,0.0000,true,1,216165
7290011424596,false,זרעים אורגניים-עגבני,,,זרעים עגבנייה,יחידה,0.00,יחידה,false,,5.90,0.0000,true,1,216173
7290011424640,false,זרעים צלוזיה,,,זרעים צלוזיה,יחידה,0.00,יחידה,false,,5.90,0.0000,true,1,216178
7290011424657,false,זרעים אורגניים-צנוני,,,זרעים צנונית,יחידה,0.00,יחידה,false,,5.90,0.0000,true,1,216179
7290011424671,false,זרעים רוקט,,,זרעים רוקט,יחידה,0.00,יחידה,false,,5.90,0.0000,true,1,216181
7290011424688,false,זרעים אורגניים-שומר,,,זרעים שומר,יחידה,0.00,יחידה,false,,5.90,0.0000,true,1,216182
7290011424749,false,זרעים אורגניים-גזר,,,זרעים גזר,יחידה,0.00,יחידה,false,,5.90,0.0000,true,1,216187
7290011424756,false,זרעים אורגניים-סלק,,,זרעים סלק אדום,יחידה,0.00,יחידה,false,,5.90,0.0000,true,1,216188
7290011424763,false,זרעים מיקס בזיל,,,זרעים מיקס בזיל,יחידה,0.00,יחידה,false,,5.90,0.0000,true,1,216189
7290011438142,false,"משקה יטבתה אייס קפה בבקבוק אישי 350 מ""ל",שטראוס גרופ,IL,משקה אייס קפה 2%,מיליליטרים,350.00,"100 מ""ל",false,,6.40,0.0183,true,1,95854
7290011447281,false,מטרנה פרימיום חלבי שלב 2 700 גרם חיסכון,מטרנה תעשיות ש.מ,IL,מטרנה חלבי שלב 2 700,גרמים,700.00,100 גרם,false,,60.00,0.0857,false,1,114548
7290011447304,false,מטרנה פרימיום חלבי שלב 3 700 גרם חיסכון,מטרנה תעשיות ש.מ,IL,מטרנה שלב 3 חלבי 700,גרמים,700.00,100 גרם,false,,60.00,0.0857,false,1,114432
7290011461058,false,מוסקו ריחניים ב 20 ש,יושלם,,ארומה בוקה,יחידה,0.00,יחידה,false,,19.90,0.0000,true,1,120808
7290011473006,false,קינואה אורגני לבנה 500 גרם,ארוז ע' תבואות,BO,קינואה אורגנית 500 ג,גרמים,500.00,100 גרם,false,,14.90,0.0298,true,1,139340
7290011473051,false,קוואקר עבה אורגני 500 גרם,ארוז ע' תבואות,GB,קוואקר אורגני תבואות,גרמים,500.00,100 גרם,false,,10.00,0.0200,true,1,141190
7290011473068,false,אורז פרא מעורב אורגני 500 גרם,תבואות,IT,אורז פרא מעורב אורגנ,גרמים,500.00,100 גרם,false,,16.90,0.0338,true,1,140139
7290011473082,false,אורז בסמטי מלא אורגני 500 גר,תבואות,IN,תבואות-אורז בסמטי מל,גרמים,500.00,100 גרם,false,,11.90,0.0238,true,1,141945
7290011473099,false,אורז עגול מלא אורגני 500 גר,תבואות,IT,אורז עגול מלא אורגני,מיליליטרים,500.00,"100 מ""ל",false,,9.90,0.0198,true,1,141921
7290011473143,false,קוסקוס אורגני תבואות500ג,תבואות,FR,קוסקוס מלא אורגני,גרמים,500.00,100 גרם,false,,11.90,0.0238,true,1,141059
7290011473181,false,עדשים שחורים אורגני 500 גרם תבאות,ארוז ע' תבואות,CA,עדשים שחורות אורגני,יחידה,0.00,יחידה,false,,15.00,0.0000,true,1,139278
7290011473198,false,"עדשים חומים אורגני 500 גרם ""תבואות""",,,תבואות עדשים חומים א,גרמים,500.00,100 גרם,false,,11.90,0.0238,true,1,147864
7290011473204,false,עדשים ירוקים אורגני 500 גרם,ארוז ע' תבואות,TR,תבואות עדשים ירוקות,גרמים,500.00,100 גרם,false,,11.90,0.0238,true,1,142522
7290011473211,false,"עדשים אדומים אורגני 500 גרם ""תבואות""",אורז ע'י,TR,עדשים אדומות אורגניו,גרמים,500.00,100 גרם,false,,11.90,0.0238,true,1,142515
7290011473228,false,אפונה ירוקה אורגנית 500 גרם,תבואות,,אפונה ירוקה אורגנית,גרמים,500.00,100 גרם,false,,10.00,0.0200,true,1,182244
7290011473242,false,פשתן זרעים אורגני 500 גרם,ארוז ע' תבואות,US,תבואות-פשתן אורגני,גרמים,500.00,100 גרם,false,,10.50,0.0210,true,1,141946
7290011473266,false,אמרנט אורגני 500 גר תבואות ללא גלוטן,תבואות,,אמרט אורגני 500 גר',גרמים,500.00,100 גרם,false,,13.90,0.0278,true,1,141711
7290011473273,false,בורגול אורגני 500 גרם,תבואות,TR,בורגול אורגני 500 גר,גרמים,500.00,100 גרם,false,,8.90,0.0178,true,1,141646
7290011473280,false,חומוס אורגני תבואות,ארוז ע' תבואות,IL,חומוס אורגני תבואות,גרמים,500.00,100 גרם,false,,10.90,0.0218,true,1,140531
7290011473297,false,גריסי פנינה אורגנים 500 גרם,אורז ע'י,IT,גריסי פנינה אורגניים,גרמים,500.00,100 גרם,false,,10.00,0.0200,true,1,142516
7290011473310,false,פולי אזוקי אורגני 500 גרם,תבואות,CN,פולי אזוקי 500 גר' ת,גרמים,500.00,100 גרם,false,,12.90,0.0258,true,1,142141
7290011473334,false,שעועית לבנה אורגנית 500 גרם,ארוז ע' תבואות,CN,שעועית לבנה אורגנית,גרמים,500.00,100 גרם,false,,11.90,0.0238,true,1,142686
7290011473365,false,תבואות דוחן אורגני,תבואות,US,תבואות דוחן אורגני,גרמים,500.00,100 גרם,false,,10.00,0.0200,true,1,149276
7290011473389,false,קמח כוסמין לבן אורגני 500 גרם,תבואות מוצרי מזון או,IT,קמח כוסמין לבן אורגנ,גרמים,500.00,100 גרם,false,,11.90,0.0238,true,1,135837
7290011473402,false,"קמח כוסמין מלא אורגני 500 גרם ""תבואות""",תבואות מוצרי מזון או,IT,קמח כוסמין מלא אורגנ,גרמים,500.00,100 גרם,false,,11.90,0.0238,true,1,137098
7290011473433,false,כוסמת אורגנית 500 גרם,אורז ע'י,CN,כוסמת אורגנית 500 גר,גרמים,500.00,100 גרם,false,,9.90,0.0198,true,1,142517
7290011473457,false,שומשום שחו אורגני 400 גרם,,CN,שומשום שחור אורגני 4,גרמים,400.00,100 גרם,false,,13.90,0.0348,true,1,151792
7290011473464,false,סובין שיבולת שועל אורגנית,תבואות,GB,סובין שיבולת שועל או,גרמים,400.00,100 גרם,false,,12.90,0.0323,true,1,143220
7290011473471,false,אורז בסמטי לבן אורגני 500 גרם,תבואות,IN,אורז בסמטי לבן אורגנ,גרמים,500.00,100 גרם,false,,11.90,0.0238,true,1,149943
7290011473488,false,קמח אורז מלא טבעי 500 גר,תבואות,,קמח אורז מלא טבעי 50,גרמים,500.00,100 גרם,false,,9.50,0.0190,true,1,141857
7290011473495,false,שמרי בירה-פתיתים טבעי 200 גר,תבואות,IL,פתיתי בירה טבעי 200,גרמים,200.00,100 גרם,false,,22.90,0.1145,true,1,141648
7290011473525,false,אורז בר שחור טבעי 40,תבואות,US,אורז בר שחור טבעי 40,גרמים,400.00,100 גרם,false,,31.90,0.0797,true,1,141497
7290011473549,false,קמח קינואה אורגני 500 גר תבואות,תבואות,BO,קמח קינואה אורגני 50,גרמים,500.00,100 גרם,false,,15.90,0.0318,true,1,197665
7290011473570,false,קמח חומוס טבעי 500 גרם תבואות,תבואות מוצרי מזון או,IL,קמח חומוס טבעי 500 ג,גרמים,500.00,100 גרם,false,,12.90,0.0258,true,1,141451
7290011473617,false,טיב הטבע ציה טבעי 300 גרם תבואות,תבואות,MX,זרעי צ'יה 300 גר',גרמים,300.00,100 גרם,false,,16.90,0.0563,true,1,182241
7290011473648,false,"סוכר חום אורגני 1 ק""ג ""תבואות""",ארוז ע' תבואות,BR,תבואות-סוכר דמררה או,קילוגרמים,1.00,"ק""ג",false,,10.90,10.9000,true,1,139651
7290011473655,false,סוכר קנים אורגני 1 קילו,ארוז ע' תבואות,BR,סוכר קנים אורגני 1קג,קילוגרמים,1.00,"ק""ג",false,,9.90,9.9000,true,1,139267
7290011473860,false,שמרי בירה-אבקה טבעי 250 גר,תבואות,FR,שמרי בירה אבקה 250 ג,גרמים,250.00,100 גרם,false,,22.90,0.0916,true,1,189379
7290011473877,false,קינואה אדומה אורגנית 500 גרם,יורופנה,BO,קינואה אדומה 500 גר',גרמים,500.00,100 גרם,false,,21.90,0.0438,true,1,151793
7290011473884,false,קינואה שחורה אורגנית 500 גרם תבואות,יורופנה,BO,תבואות קינואה שחורה,גרמים,500.00,100 גרם,false,,21.90,0.0438,true,1,147420
7290011473891,false,עדשים צהובים אורגני 500 גרם,תבואות,TR,עדשים צהוב אורגני 50,גרמים,500.00,100 גרם,false,,11.90,0.0238,true,1,151231
7290011473907,false,סובין חיטה טבעי 200 גרם,תבואות,IL,סובין חיטה 200 גר',גרמים,200.00,100 גרם,false,,4.90,0.0245,true,1,140017
7290011473921,false,סובין שיבולת שועל טבעי 500 גרם,תבואות,,סובין שיבולת שועל,גרמים,175.00,100 גרם,false,,11.90,0.0680,true,1,150518
7290011473952,false,קוואקר מהיר הכנה טבעי 400 גר,ארוז ע' תבואות,GB,קוואקר מהיר הכנה,גרמים,400.00,100 גרם,false,,6.90,0.0173,true,1,144946
7290011473969,false,קינואה טריו אורגנית 500 גרם,תבואות,BO,תבואות קינואה טריו א,גרמים,500.00,100 גרם,false,,21.90,0.0438,true,1,150459
7290011474003,false,שמן קוקוס אורגני כתית 300 גר תבואות,אדמג'י לוקומנג'י,,שמן קוקוס כתית אורגנ,מיליליטרים,300.00,"100 מ""ל",false,,18.90,0.0630,true,1,192754
7290011474058,false,ספגטי כוסמין מלא אורגני 500 ג',תבואות,,ספגטי כוסמין אורגני,גרמים,500.00,100 גרם,false,,18.90,0.0378,true,1,149957
7290011474249,false,ממרח שקדים טבעי 300 גרם,גי' אנד גי' בעמ,IL,ממרח שקדים,גרמים,300.00,100 גרם,false,,27.90,0.0930,true,1,192211
7290011474362,false,קמח עדשים אורגני 500 גרם תבואות,תבואות,TR,תבואות-קמח עדשים אור,גרמים,500.00,100 גרם,false,,12.90,0.0258,true,1,147935
7290011474386,false,קוואקר דק אורגני 500 גרם,תבואות,,קוואקר אורגני דק 500,גרמים,500.00,100 גרם,false,,10.00,0.0200,true,1,149946
7290011474447,false,קוואקר עבה טבעי 500 גרם תבאות,תבואות,,קוואקר עבה טבעי,גרמים,400.00,100 גרם,false,,6.50,0.0163,true,1,144950
7290011474454,false,שעועית MIX אורגני 500 גרם תבואות,תבואות,IL,תבואות שעועית מיקס א,גרמים,500.00,100 גרם,false,,13.90,0.0278,true,1,151232
7290011474492,false,"קינואה 1 ק""ג טיב בטב",,,"קינואה 1 ק""ג טיב בטב",קילוגרמים,1.00,"ק""ג",false,,17.90,17.9000,true,1,264976
7290011474591,false,פנה כוסמין מלא אורגני 500 גרם,,,פסטה כוסמין אורגני פ,גרמים,500.00,100 גרם,false,,18.90,0.0378,true,1,143141
7290011474683,false,מגידרה קינואה אורגנית 500 גרם תבואות,תבואות,IL,מג'דרה קינואה אורגני,גרמים,500.00,100 גרם,false,,19.90,0.0398,true,1,149956
7290011474898,false,סוכר קוקוס אורגני 300 גרם תבואות,תבואות,IL,תבואות-סוכר קוקוס או,גרמים,300.00,100 גרם,false,,13.90,0.0463,true,1,149655
7290011482008,false,"רכז רימונים 250 מ""ל",,,"רכז רימונים 250 מ""ל",מיליליטרים,250.00,"100 מ""ל",false,,16.50,0.0660,true,1,147697
7290011482138,false,"מי זוהר 250 מ""ל",לבריאות,IL,"מי זהר 250 מ""ל",מיליליטרים,250.00,"100 מ""ל",false,,13.90,0.0556,true,1,145486
7290011482145,false,"מי ורדים 250 מ""ל",לבריאות,IL,"מי ורדים 250 מ""ל",מיליליטרים,250.00,"100 מ""ל",false,,13.90,0.0556,true,1,145351
7290011482244,false,"סירופ מלבי 250 מ""ל",,,"סירופ מלבי 250 מ""ל",מיליליטרים,250.00,"100 מ""ל",false,,15.00,0.0600,true,1,198197
7290011489533,false,בייגלה שמיניות עם מל,מגדנית הדר,IL,בייגלה שמניות מלח 30,גרמים,300.00,100 גרם,false,,5.90,0.0197,true,1,216295
7290011489595,false,קרקר שומשום 110 גר' טופז,אפיפית נצרת,IL,קרקר טופז שומשום הדר,גרמים,110.00,100 גרם,false,,3.00,0.0273,true,1,196886
7290011489601,false,קרקר טופז טעם בצל 110 גר,אפיפית נצרת,IL,קרקר טופז בצל הדר 11,גרמים,110.00,100 גרם,false,,3.00,0.0273,true,1,215707
7290011489625,false,פתי בר ביסקויט בטעם שוקו,אפיפית נצרת,IL,פתיבר שוקו הדר 110 ג,גרמים,110.00,100 גרם,false,,3.00,0.0273,true,1,196887
7290011498177,false,ממרח שקד לבן מקולף 700 ג,שקד תבור,IL,ממרח שקד לבן 700 גר,גרמים,700.00,100 גרם,false,,59.90,0.0856,true,1,192062
7290011498221,false,גרוסליין - סילאן טבעי 900 גרם,אלמנדוס,IL,סילאן תמרים טבעי 900,גרמים,900.00,100 גרם,false,,15.90,0.0177,true,1,198257
7290011498283,false,אגוזי אדמה חמאה בוטנים 700 גר,שקד תבור,IL,חמאת בוטנים טבעית 70,גרמים,700.00,100 גרם,false,,21.90,0.0313,true,1,210933
7290011498368,false,ממרח פיסטוק אלת הבטנ,שקד תבור,IL,מחית פיסטוק טבעי 200,גרמים,200.00,100 גרם,false,,39.90,0.1995,true,1,192244
7290011498405,false,שמן קוקוס אורגני 350,שקד תבור,,שמן קוקוס אורגני 100,מיליליטרים,350.00,"100 מ""ל",false,,19.90,0.0569,true,1,192061
7290011498511,false,ממרח חלבה מלאה עשירה350ג,שקד תבור,IL,ממרח חלבה מלאה 350 ג,גרמים,350.00,100 גרם,false,,12.90,0.0369,true,1,211007
7290011498658,false,שמן אבוקדו כבישה קרה,שקד תבור,,שמן אבוקדו 100% בכבי,גרמים,250.00,100 גרם,false,,32.90,0.1316,true,1,210966
7290011498740,false,שקד מלא טחון בכבישה קרה,"אלמונדס בע""מ",IL,ממרח שקדים מלא 300 ג,גרמים,300.00,100 גרם,false,,29.90,0.0997,true,1,144870
7290011498870,false,מארז חטיפי תמר במילוי חמאת שקדים 150 גרם,"אלמנדוס בע""מ",IL,מארז חטיפי תמר במילו,גרמים,150.00,100 גרם,false,,14.90,0.0993,true,1,210950
7290011498894,false,מארז חטיפי תמר במילוי חמאת בוטנים 150 גרם,מרכז השקד,IL,מארז חטיפי תמר במילו,גרמים,150.00,100 גרם,false,,14.90,0.0993,true,1,210952
7290011498955,false,אגוזי אדמה חמאת בוטנ300ג,שקד תבור,IL,חמאת בוטנים טבעית,גרמים,300.00,100 גרם,false,,10.90,0.0363,true,1,192069
7290011498962,false,שקד לבן בכבישה קרה 300 ג,"אלמונדס בע""מ",IL,ממרח שקד לבן 300 גר,גרמים,300.00,100 גרם,false,,29.90,0.0997,true,1,144871
7290011498986,false,מארז חטיפי תמר במילוי חמאת קשיו בציפוי שוקולד 100% קקאו,שקד תבור,IL,מארז חטיפי תמר במילו,גרמים,150.00,100 גרם,false,,16.90,0.1127,true,1,192070
7290011499105,false,בולגרית מסורתית 5% 250 גרם -רבנות,ג'נרל מילס סאן אדריא,IL,בולגרית 5% 250גר,גרמים,250.00,100 גרם,false,,23.90,0.0956,true,1,99874
7290011499112,false,בולגרית מסורתית 16% 250 גרם - רבנות,"מיוצר ע""י dsh",IL,בולגרית 16% 250גר,גרמים,250.00,100 גרם,false,,23.90,0.0956,true,1,119871
7290011499129,false,גבינה בולגרית מעודנת קוביות קטנות 5% גד 200 גרם,קוד יצרן DSH,IL,קוביות בולגרית מעודנ,גרמים,200.00,100 גרם,false,,23.90,0.1195,true,1,112125
7290011499303,false,פטה עיזים מעודנת 5% בגביע 250 גרם - רבנות,ג'נרל מילס סאן אדריא,IL,בולגרית מעודנת עיזים,גרמים,250.00,100 גרם,false,,31.00,0.1240,true,1,115582
7290011499327,false,גבינה בולגרית מעודנת 5% 250 גרם - רבנות,מיוצר על ידי DSH עבו,IL,בולגרית מעודנת חלב ב,גרמים,250.00,100 גרם,false,,23.90,0.0956,true,1,115584
7290011499341,false,גבינת קשקבל ארוז 26 אחוז 250גרם גד,הנסיך- מפעל לייצור ט,IL,קאשקבל 22% 200 גרם ג,גרמים,200.00,100 גרם,false,,27.90,0.1395,true,1,116639
7290011499358,false,פטה עיזים מסורתית 20% בגביע 200 גרם - רובין,מיוצר על ידי קוד יצר,IL,פטה עיזים 20% 200 גר,גרמים,200.00,100 גרם,false,,27.90,0.1395,true,1,116369
7290011499365,false,גד חלומי 24% 200 גרם רובין,"מחלבות גד בע""\מ",IL,גבינת חלומי 24% 200,גרמים,200.00,100 גרם,false,,22.90,0.1145,true,1,116204
7290011499419,false,גבינה במרקם שמנת בטעם טבעי 5% ניו יורק,גבינות מדף,IL,גבינת קרם שמנת ניו י,גרמים,200.00,100 גרם,false,,12.90,0.0645,true,1,120085
7290011499525,false,גבינת לאבנה דרוזית 9% גד 500 גרם,מחלבות גד בעמ,IL,לאבנה 9% גד,גרמים,500.00,100 גרם,false,,21.00,0.0420,true,1,121231
7290011499624,false,שמנת 30% ניו יורק טבעי 200 גרם רבנות,גבינות מדף,IL,גבינת שמנת בטעם טבעי,גרמים,200.00,100 גרם,false,,13.90,0.0695,true,1,128059
7290011499846,false,גבינת ריקוטה פרסקה 9% גד 300 גרם,מחלבות גד בעמ,IL,ריקוטה פרסקה גד,גרמים,300.00,100 גרם,false,,18.90,0.0630,true,1,128296
7290011499853,false,גבינת שמנת זיתים 30אחוז 200גרם גד,מחלבות גד (שיווק 199,IL,גבינת שמנת זיתים 30%,גרמים,200.00,100 גרם,false,,13.90,0.0695,true,1,134679
7290011505073,false,מטלית הפלא 5 UNISUN יחידות ענק,יוניסן,,מטלית הפלא 5 יח' ענק,יחידה,0.00,יחידה,false,,21.90,0.0000,true,1,192731
7290011505141,false,מטלית הפלא לרצפות 2יח' ענק,יוניסן,,מטלית הפלא לרצפות 2,יחידה,0.00,יחידה,false,,21.90,0.0000,true,1,145941
7290011515683,false,מאגדת טילון אקסטרים וניל נסטלה 6 יחידות,תות תעשיות מזון (201,IL,מאגדת טילון אקסטרים,גרמים,432.00,100 גרם,false,,32.00,0.0741,true,1,100693
7290011515911,false,שלגונים מופחתי קלוריות בטעם ריבת חלב - 6 יח',גלידות נסטלה )נגה גלידות,IL,מאגדת שלגון לייט ריב,גרמים,312.00,100 גרם,false,,26.90,0.0862,true,1,118888
7290011517564,false,רוז לאב ליין דאו.רול און 48 ללא אלומיניו,חלאבין Halvin,IL,רול און לאב ליין,מיליליטרים,80.00,"100 מ""ל",false,,16.90,0.2112,true,1,120699
7290011518561,false,"אקטימל תות 1.51 ק""ג מארז 14 יחידות",מיוצר עי קונדיטוריית,IL,אקטימל תות 1.5% מארז,ליטרים,1.40,ליטר,false,,29.90,21.3571,false,1,95868
7290011524548,false,גרגירי חומוס פרי הגליל 800 גרם,"פרי הגליל בע""""מ",IL,גרגירי חומוס 800 גר',גרמים,800.00,100 גרם,false,,9.90,0.0124,true,1,125068
7290011524555,false,שעועית לבנה אפויה 800 ג' פרי הגליל,"פרי הגליל בע""""מ",IL,שעועית לבנה מבושלת 8,גרמים,800.00,100 גרם,false,,9.90,0.0124,true,1,125069
7290011525712,false,"קמיל בלו אל סבון סנסיטיב לפני השינה ד""ר פישר 1 ליטר",פישר מעבדות פרמצבטיות בע,IL,קמיל בלו סנסיטיב אל,ליטרים,1.00,ליטר,false,,29.90,29.9000,true,1,125412
7290011525729,false,שמפו לתינוק קמיל בלו סנסטיב לפני השינה עם לבנדר וקמומיל,פישר מעבדות פרמצבטיות בע,IL,קמיל בלו סנסיטיב לפנ,ליטרים,1.00,ליטר,false,,29.90,29.9000,true,1,125413
7290011530358,false,שייק איט 450 גרם friday מיקס פירות קפוא,"הבו-קדו בע""מ",IL,שייק איט כתום,גרמים,450.00,100 גרם,false,,24.90,0.0553,true,1,215611
7290011530471,false,"פולי סויה - אדממה 1 ק""ג בד""צ",,CN,"פולי סויה אדממה 1 ק""",קילוגרמים,1.00,"ק""ג",false,,16.90,16.9000,true,1,215000
7290011530488,false,שייק איט 450 גר saturday מיקס פירות קפוא,"הבו-קדו בע""מ",IL,שייק איט,גרמים,450.00,100 גרם,false,,24.90,0.0553,true,1,215865
7290011530525,false,מיקס פירות קפואים שייק איט צהוב - 3*150 ג',"הבו-קדו בע""מ",IL,שייק איט צהוב Tuesda,גרמים,150.00,100 גרם,false,,24.90,0.1660,true,1,213780
7290011530532,false,מיקס פירות קפואים שייק איט ירוק - 3*150 ג',"הבו-קדו בע""מ",IL,שייק איט ירוק monday,גרמים,150.00,100 גרם,false,,24.90,0.1660,true,1,213781
7290011530549,false,מיקס פירות קפואים שייק איט ורוד - 3*150 ג',"הבו-קדו בע""מ",IL,שייק איט ורוד Sunday,גרמים,150.00,100 גרם,false,,24.90,0.1660,true,1,212251
7290011530730,false,מיקס פירות קפואים שייק איט חום - 3*150 ג',"הבו-קדו בע""מ",IL,שייק איט חום Thursda,גרמים,150.00,100 גרם,false,,24.90,0.1660,true,1,212246
7290011530747,false,מיקס פירות קפואים שייק איט סגול - 3*150 ג',"הבו-קדו בע""מ",IL,שייק איט יום רביעי,גרמים,150.00,100 גרם,false,,24.90,0.1660,true,1,213782
7290011530945,false,קרפצ'יו עגל פרימיום 210 גרם בלדי,בלדי,IL,קרפציו עגל 210 גר' ב,גרמים,210.00,100 גרם,false,,36.90,0.1757,true,1,210204
7290011570644,false,קמח רב תכליתי ללא גלוטן אשבל 450 גרם,אשבל מזון פונקציונלי בע\,IL,קמח לחם כרגיל ללא גל,גרמים,500.00,100 גרם,false,,17.90,0.0358,true,1,186391
7290011570781,false,"קמח כרגיל ללא גלוטן בטעם וניל אשבל 1 ק""ג",אשבל מזון פונקציונלי בע\,IL,קמח כרגיל ללא גלוטן,גרמים,450.00,100 גרם,false,,17.90,0.0398,true,1,194236
7290011570798,false,"קמח כרגיל ללא גלוטן בטעם שוקולד אשבל 1 ק""ג",אשבל מזון פונקציונלי בע\,IL,קמח כרגיל ללא גלוטן,גרמים,450.00,100 גרם,false,,17.90,0.0398,true,1,194363
7290011570934,false,תערובת להכנת פנקייק ללא גלוטן 500 ג',אשבל מזון פונקציונאל,IL,תערובת להכנת פנקייק,גרמים,400.00,100 גרם,false,,17.90,0.0447,true,1,203005
7290011575007,false,"הפי מרסס שומר ברק למקלחון 750 מ""ל",יעקובי הפי,DE,הפי לאמבט ולמקלחון,מיליליטרים,750.00,"100 מ""ל",false,,19.90,0.0265,true,1,103394
7290011575014,false,מטליות הפי לניקוי רב שימושי 9 יח,יעקובי הפי,TR,מטליות הפי לניקוי כל,יחידה,0.00,יחידה,false,,11.90,0.0000,true,1,103395
7290011575250,false,מבריק וצובע נעליים הפי,יעקבי - הפי Hepi,ES,מבריק נעליים יעקבי,יחידה,0.00,יחידה,false,,10.90,0.0000,true,1,115850
7290011575809,false,"הגרטי תרסיס לניקוי כלי כסף יעקבי 200 מ""ל",יעקובי הפי,BE,הפי מבריק כסף ספריי,מיליליטרים,200.00,"100 מ""ל",false,,24.90,0.1245,true,1,118997
7290011587581,false,פילה אנשובי צנצנת 100גרם,אינוורסינס פריסקו,PE,אנשובי צנצנת תומר 10,גרמים,100.00,100 גרם,false,,11.50,0.1150,true,1,207905
7290011587598,false,שימורי אנשובי בפח 45 ג' תומר,אינוורסיונס פריסקו,PE,אנשובי בשמן חמניות 4,גרמים,45.00,100 גרם,false,,6.40,0.1422,true,1,210495
7290011587703,false,עגבניות מיובשות פסטו חריף תומר 340ג',תומר,IL,תומר-עגבניות מיובשות,גרמים,340.00,100 גרם,false,,12.90,0.0379,true,1,197202
7290011587833,false,חצאי עגבניות מיובשות מתובלות בשמן חמניות ועשבי תיבול,Sunto gida sun ve ti,,עגבניות מיובשות בשמ,גרמים,8.45,100 גרם,false,,12.90,1.5266,true,1,213097
7290011587840,false,עגבניות קצוצות בשמן 340 גר,תומר,,תומר-עגבניות מיובשות,גרמים,200.00,100 גרם,false,,13.00,0.0650,true,1,146270
7290011593087,false,"שמן זית כתית מעולה 750 מ""ל סבא חביב",סאן אויל עיבוד ושיוו,IL,שמן זית כתית מעולה ס,יחידה,750.00,יחידה,false,,27.90,0.0372,false,1,190686
7290011598211,false,"סנו - אנטי קאלק מרסס ניקוי כללי 4 ב-1 700 מ""ל",מיוצר עי קונדיטוריית,IL,סנו אנטי קאלק 4 באחד,מיליליטרים,700.00,"100 מ""ל",false,,18.90,0.0270,false,1,108603
7290011598365,false,רביעיית מטליות מיקרופייבר מקצועיות סנו סושי,סנו סושי,IL,מטליות סנו סושי מיקר,יחידה,0.00,יחידה,false,,15.90,0.0000,true,1,108607
7290011598372,false,מטלית מיקרופייבר פרופשיונל לרצפה סנו סושי,סנו סושי,IL,מטלית מיקרופייבר לרצ,יחידה,0.00,יחידה,false,,11.90,0.0000,true,1,108608
7290011598402,false,מקסימה מרכך כביסה ארומתרפי מאסק סנו 4 ליטר,"סנו מפעלי ברונוס בע""\מ",IL,מרכך סנו מקסימה 4 לי,ליטרים,4.00,ליטר,false,,21.90,5.4750,false,1,111657
7290011607180,false,"אבקת כביסה קולון 101 1.25 ק""ג",ריקט בנקיזר ( ניר אי,IL,קולון 101 1.25קג',יחידה,1.25,יחידה,false,,12.90,10.3200,false,1,104667
7290011607197,false,"קולון 101 אבקת כביסה 5 ק""ג",רקיט בנקיזר,IL,קולון 101 5קג',קילוגרמים,5.00,"ק""ג",false,,39.90,7.9800,false,1,190050
7290011615260,false,"טורטייה 20 ס""מ קוטר וילי פוד 540 גר",מוטלוקל גידה סאנאי ט,TR,טורטיה וילי פוד 540ג,גרמים,540.00,100 גרם,false,,9.90,0.0183,true,1,121781
7290011615277,false,"עלי טורטיוה קמח חיטה 25ס""מ 12יח' ויליפוד 840 ג'",מוטלוקל גידה סאנאי ט,TR,טורטיה וילי פוד 840ג,גרמים,840.00,100 גרם,false,,14.90,0.0177,true,1,121782
7290011618025,false,בייבי ביס הוט קידס נגיסי אורז לתינוק,גואנז'ו יונג וואנט פ,CN,נגיסי אורז לתינוקות,גרמים,50.00,100 גרם,false,,13.90,0.2780,true,1,133488
7290011622305,false,כתמטמינים חטיף לתינוקות אצבעות בוטנים ותירס - רביעיה,הארט Heart,IL,מארז 4 כתמטמינים 20,גרמים,80.00,100 גרם,false,,12.90,0.1613,true,1,191396
7290011622428,false,כתמטמינים-חטיף בריאות לתינוקות וילדים 45 ג',מיוצר עבור גולדן האר,IL,כתמטמינים 45 גר',גרמים,45.00,100 גרם,false,,6.90,0.1533,true,1,137116
7290011622442,false,טבעונים - חטיף טבעות דגנים מלאים בטעם טבעי 45 גרם,הארט Heart,IL,חטיף טבעות דגנים מלא,גרמים,45.00,100 גרם,false,,6.90,0.1533,true,1,139407
7290011622664,false,כתמטמינים - חטיף אצבעות טחינה אורז ותירס 45 גרם,אלס נוטרישן,IL,כתמטמינים טחינה 45 ג,גרמים,45.00,100 גרם,false,,6.90,0.1533,true,1,200324
7290011622756,false,ביסקוויטמינים פלוס בטעם שוקולד 150 גרם,מצות אביב בעמ,IL,ביסקוויטמינים פלוס ש,גרמים,150.00,100 גרם,false,,15.90,0.1060,true,1,213885
7290011622770,false,אצבעונים - פלוס בטעם וניל 130 גרם,מצות אביב בעמ,IL,אצבעונים פלוס,גרמים,130.00,100 גרם,false,,21.90,0.1685,true,1,212388
7290011688820,false,מיקס פירות טרופיים 5,,IL,מיקס פירות טרופיים,גרמים,500.00,100 גרם,false,,11.90,0.0238,true,1,215048
7290011695224,false,"רוטב צ'ילי מתוק 700 מ""ל",BAAECO,,רוטב צ'ילי מתוק 700מ,מיליליטרים,700.00,"100 מ""ל",false,,9.90,0.0141,true,1,139276
7290011695477,false,דבש טבעי מפרחי שדה,מכוורת עמק חפר,,דבש טבעי מפרחי שדה,גרמים,350.00,100 גרם,false,,22.90,0.0654,true,1,211694
7290011695552,false,אטבי סיליקון איכותיים 10 יח,ZHEJANG LONGQUAN,,אטבי כביסה איכותיים,יחידה,0.00,יחידה,false,,5.00,0.0000,true,1,122680
7290011695620,false,סירופ מייפל טופ 700ג',מיטב תעשיות,,סירופ בטעם מייפל,גרמים,700.00,100 גרם,false,,10.90,0.0156,true,1,140061
7290011695651,false,צנימים עגולים 300 גרם נאמן,S.P.A ניולט,IL,צנימים עגולים,גרמים,300.00,100 גרם,false,,10.90,0.0363,true,1,122170
7290011695712,false,חמאת בוטנים עם שברי 510 ג' NEEMAN,SUPER NUTRI,,חמאת בוטנים נאמן קרמ,גרמים,510.00,100 גרם,false,,11.90,0.0233,true,1,124910
7290011695972,false,טוסטים מלבנים בטעמים 100 גרם,נאמן Neeman,,טוסטים טעימים 100 גר,יחידה,100.00,יחידה,false,,7.50,0.0750,true,1,124886
7290011723101,false,טחינה הר ברכה 1 ליטר,הר ברכה תעשיות,,טחינה הר ברכה 950 גר,גרמים,950.00,100 גרם,false,,34.90,0.0367,true,1,147355
7290011723200,false,טחינה הר ברכה 100% שומשום טהור 500 גר,טחינה הר ברכה בעמ,IL,טחינה הר ברכה 450 גר,גרמים,450.00,100 גרם,false,,17.90,0.0398,true,1,147356
7290011728007,false,נאצוס תירס טבעי טרז פזוס 180 גרם,,IL,נאצ'וס תירס 180 גר',גרמים,180.00,100 גרם,false,,18.90,0.1050,true,1,199346
7290011743833,false,"סנסודיין משחת שיניים פרונאמל 75 מ""ל",גלקסו סמית קליין,GB,סנסודיין פרונאמל 75מ,מיליליטרים,75.00,"100 מ""ל",false,,24.90,0.3320,true,1,113580
7290011744885,false,"אקווה פרש משחת שיניים ילדים לשיני חלב 50 מ""ל",גלקסו סמית קליין,SK,אקוה פרש ילדים שני ח,מיליליטרים,50.00,"100 מ""ל",false,,15.90,0.3180,true,1,121374
7290011745707,false,משחת שיניים פרונמל Pro namel לילדים לגילאי 6-12,גלקסו סמית קליין,SK,סנסודיין פרונאמל ילד,מיליליטרים,50.00,"100 מ""ל",false,,15.90,0.3180,true,1,121056
7290011765088,false,ג'ל גילוח לעור רגיל מנטול Cool,טרופיקל דגיל תעשיות,TR,קרמה ג'ל גילוח כחול,מיליליטרים,200.00,"100 מ""ל",false,,12.90,0.0645,true,1,115310
7290011765392,false,"בוב ספוג שמפו לשיער לסירוק קל כיף 750 מ""ל",טרופיקל דגיל תעשיות,IL,שמפו כיף בוב ספוג 75,מיליליטרים,750.00,"100 מ""ל",false,,11.90,0.0159,true,1,108614
7290011765408,false,"בוב ספוג שמפו ומרכך לשיער לסירוק קל כיף 750 מ""ל",קוסמופארם בע''מ,IL,שמפו מרכך כיף בוב ספ,מיליליטרים,750.00,"100 מ""ל",false,,11.90,0.0159,true,1,108615
7290011765422,false,אל סבון מועשר בלחות ותמצית קמומיל - בוב ספוג,קוסמופארם בע'\'\מ,IL,אל סבון כייף לילדים,מיליליטרים,750.00,"100 מ""ל",false,,11.90,0.0159,true,1,108616
7290011765446,false,משחת שיניים לילדים בוב ספוג בטעם מיץ ענבים עם פלואוריד למניעת עששת,טרופיקל דגיל תעשיות קוסמ,IL,משחת שיניים אורביטול,גרמים,50.00,100 גרם,false,,9.90,0.1980,false,1,108618
7290011765613,false,סנו מסיר עובש בניחות לימון מתז 1 ל',"סנו מפעלי ברונוס בע""\מ",IL,סנו מסיר עובש בניחוח,ליטרים,1.00,ליטר,false,,17.90,17.9000,true,1,205563
7290011800840,false,רפי כהן סלט טחינה בלאדי צבר 400 גרם,רפי כהן / צבר,IL,טחינה לבנה רפי,גרמים,400.00,100 גרם,false,,15.90,0.0398,true,1,120999
7290011830007,false,"סוכר חום אורגני השדה מוצרים אורגנים 1 ק""ג",השדה מוצרים אורגניים,IN,"סוכר חום אורגני 1 ק""",קילוגרמים,1.00,"ק""ג",false,,11.90,11.9000,true,1,149495
7290011830243,false,אטריות אורג. ללא גלוטן מאורז תאילנדי 250,השדה מוצרים אורגניים,CN,אטריות אורגניות מאור,גרמים,250.00,100 גרם,false,,14.90,0.0596,true,1,134486
7290011830250,false,נודלס אורגני ללא גלוטן 100% כווסמת 250 גרם,השדה מוצרים אורגניים,CN,נודלס 100% כוסמת,גרמים,250.00,100 גרם,false,,16.90,0.0676,true,1,186907
7290011830274,false,אטריות אורגניות ללא גלוטן מאורז שחור 250,השדה מוצרים אורגניים,CN,נודלס אורז שחור,גרמים,250.00,100 גרם,false,,16.90,0.0676,true,1,134488
7290011830328,false,מחית (סקוויז) תפוח עץ אורגני 100 גרם,השדה מוצרים טבעיים ו,ES,מחית תפוחי עץ אורגני,גרמים,100.00,100 גרם,false,,4.40,0.0440,true,1,214031
7290011830335,false,מחית (סקוויז) תפוח עץ ובננה אורגני 100 גרם,השדה מוצרים טבעיים ו,ES,מחית תפוחי עץ ובננה,גרמים,100.00,100 גרם,false,,4.40,0.0440,true,1,214032
7290011830366,false,טליאטלה מקמח דורום 5 צבעים אורגני 500 גר,השדה מוצרים טבעיים ו,IT,פסטה אורגנית מקמח דו,גרמים,500.00,100 גרם,false,,25.90,0.0518,true,1,211980
7290011830564,false,ביסקוויט פתי בר כוסמין אורגני,השדה מוצרים אורגניים,IL,פתיבר כוסמין אורגני,גרמים,200.00,100 גרם,false,,11.90,0.0595,true,1,194662
7290011851606,false,סחלב תערובת הכנה 500 ג',י.כהן,,תערובת להכנת סחלב,גרמים,500.00,100 גרם,false,,15.90,0.0318,true,1,113316
7290011876494,false,שניצל עוף V ותירס מאמא עוף 750 גרם,תנובה גליל,IL,שניצל עוף ותירס מאמא,גרמים,750.00,100 גרם,false,,29.90,0.0399,false,1,97967
7290011877088,false,"רדיד אלומיניום רוחב 30 ס""מ, 18 מיקרון - מארז זוג",בורסה פאזרי,TR,סנו סושי צמד רדידי א,יחידה,0.00,יחידה,false,,16.90,0.0000,true,1,137150
7290011877095,false,"רדיד אלומיניום רוחב 45 ס""מ סנו סושי 2*7.5 מטר",בורסה פאזרי,TR,זוג רדיד אלומיניום ס,יחידה,0.00,יחידה,false,,22.00,0.0000,true,1,137892
7290011877101,false,"סנומוד מטהר אוויר מאסק סנו 150 מ""ל",מיוצר עי קונדיטוריית,IL,סנו מוד,מיליליטרים,150.00,"100 מ""ל",false,,12.90,0.0860,true,1,115066
7290011877859,false,סנו אינסטלטור חדש פותח סתימות 200ג',מיוצר עי קונדיטוריית,IL,סנו אינסטלטור,מיליליטרים,200.00,"100 מ""ל",false,,13.90,0.0695,true,1,118537
7290011877866,false,"מקסימה אבקת כביסה בניחוח מאסק סנו 6 ק""ג","סנו מפעלי ברונוס בע""\מ",IL,"מקסימה 6 ק""ג מאסק",קילוגרמים,6.00,"ק""ג",false,,49.90,8.3167,false,1,116682
7290011878351,false,תמרים מגהול 400 גרם אורגני,,IL,תמרים מג'הול 400 גרם,גרמים,400.00,100 גרם,false,,27.90,0.0697,true,1,199884
7290011912642,false,ליסטרין שטיפת פה הגנה על השיניים והחניכי,ג'\ונסון אנד ג'\ונסון,IT,"ליסטרין 500 מ""ל",מיליליטרים,500.00,"100 מ""ל",false,,16.90,0.0338,true,1,151297
7290011923013,false,דובדבן חמוץ אורגני מוקפא ללא גלעינים 300גר ליב,,RS,דובדבן חמוץ אורגני ק,גרמים,300.00,100 גרם,false,,24.90,0.0830,true,1,218310
7290011923020,false,אוכמניות אורגני קפוא 300 גרם,,RS,אוכמניות אורגניות מו,גרמים,300.00,100 גרם,false,,24.90,0.0830,true,1,218309
7290011923068,false,הצהובה הקלאסית פרוס תחליף שומן צמחי 200גר,,GR,פרוסות צהובה קלאסית,גרמים,200.00,100 גרם,false,,17.50,0.0875,true,1,261094
7290011923082,false,גבינה פרוסות בסגנון מוצרלה טבעוני 200 ג,,GR,פרוסות בסגנון מוצרלה,גרמים,200.00,100 גרם,false,,17.50,0.0875,true,1,260998
7290011923105,false,"פרוסות גבינה בסגנון צ'דר 200 גרם ""ליב""",,GR,פרוסות בסגנון צ'דר,גרמים,200.00,100 גרם,false,,17.50,0.0875,true,1,261095
7290011923273,false,טופו אורגני-ליב 300 גרם,א.י.ן תעשיות מזון בע,IL,טופו אורגני ליב,גרמים,300.00,100 גרם,false,,13.90,0.0463,true,1,144257
7290011923303,false,טופו טבעי 300גרם ליב,א.י.ן תעשיות מזון בע,IL,טופו טבעי 300 גר',גרמים,300.00,100 גרם,false,,11.90,0.0397,true,1,148986
7290011931162,false,סוכרלייט ממתיק נוזלי על בסיס סוכרלוז,אף.סי תבליני בגליל ב,IL,סוכרלייט נוזלי,יחידה,220.00,יחידה,false,,27.90,0.1268,true,1,114376
7290011947309,false,זיתים מצוננים סורי מבוקע ולימון כבוש זיתא 230 ג',זיתא – י.ט.ב תעשיות,IL,זית סורי מבוקע עם לי,גרמים,220.00,100 גרם,false,,12.90,0.0586,true,1,144268
7290011947316,false,זיתא זיתי קלמטה בשמן זית כתית מעולה 215ג,זיתא - י.ט.ב תעשיות,IL,זיתים קלמטה זיתא,יחידה,0.00,יחידה,false,,12.90,0.0000,true,1,150884
7290011947521,false,"שמן זית כתית מעולה מודגש זיתא 750 מ""ל",זיתא - י.ט.ב תעשיות,IL,שמן זית כתית מעולה 7,מיליליטרים,750.00,"100 מ""ל",false,,32.90,0.0439,false,1,210568
7290011947743,false,זיתים זיתא מיקס זית ירוק וזית קלמטה 215 גרם,זיתא - י.ט.ב תעשיות,IL,מיקס זית ירוק וזית ק,גרמים,215.00,100 גרם,false,,12.90,0.0600,true,1,210695
7290011947781,false,מיקס זית ירוק וזית קלמטה ללא גלעין עם שמן זית כתית מעולה,זיתא - י.ט.ב תעשיות,IL,מיקס זית ירוק וזית ק,גרמים,190.00,100 גרם,false,,12.90,0.0679,true,1,215530
7290011947798,false,זית קלמטה ללא גלעין עם שמן זית כתית מעולה,זיתא - י.ט.ב תעשיות,IL,זית קלמטה ללא גלעין,גרמים,190.00,100 גרם,false,,12.90,0.0679,true,1,215531
7290011947903,false,מיקס זיתים יווני זיתא 215 ג',זיתא - י.ט.ב תעשיות,IL,מיקס זיתים יווני זית,גרמים,215.00,100 גרם,false,,12.90,0.0600,true,1,218061
7290011964344,false,שום גבישי בקופ' 120 גר' טעם וריח,"תבליני טעם וריח בע""מ",IL,שום גבישי מיכל גדול,גרמים,120.00,100 גרם,false,,9.50,0.0792,true,1,114881
7290011964542,false,פפריקה מתוקה 400 גר' טעם וריח,"תבליני טעם וריח בע""מ",IL,פפריקה מתוקה 400 גר,גרמים,400.00,100 גרם,false,,23.90,0.0597,true,1,115961
7290011964566,false,גריל עוף 400 גר' טעם וריח,"תבליני טעם וריח בע""מ",IL,גריל עוף 400 גר' במי,גרמים,400.00,100 גרם,false,,23.90,0.0597,true,1,116890
7290011964573,false,פלפל שחור טחון 400 גרם,תבליני טעם וריח,,פלפל שחור טחון 400 ג,גרמים,400.00,100 גרם,false,,25.90,0.0647,true,1,213612
7290011964597,false,כמון טחון 400 גר' טעם וריח,"תבליני טעם וריח בע""מ",IL,כמון טחון 400 גר',גרמים,400.00,100 גרם,false,,23.90,0.0597,true,1,138665
7290011964603,false,כורכום 400 גר' טעם וריח,"תבליני טעם וריח בע""מ",IL,כורכום טחון 400 גר',יחידה,0.00,יחידה,false,,23.90,0.0000,true,1,124808
7290011964627,false,פפריקה מתוקה בשמן 400 גר' טעם וריח,"תבליני טעם וריח בע""מ",IL,פפריקה מתוקה בשמן 40,גרמים,400.00,100 גרם,false,,23.90,0.0597,true,1,116230
7290011964658,false,מלח לימון בקופ' 170 גר' טעם וריח,"תבליני טעם וריח בע""מ",IL,מלח לימון מיכל פלסטי,גרמים,170.00,100 גרם,false,,9.50,0.0559,true,1,119439
7290011964689,false,על האש לא מונוסודיום 100 גרם 100 גרם מיכל גדול,"תבליני טעם וריח בע""מ",IL,תערובת תיבול על האש,גרמים,100.00,100 גרם,false,,9.50,0.0950,true,1,125372
7290011964702,false,שווארמה ללא מונסודיום 100 גרם מיכל גדול,"תבליני טעם וריח בע""מ",IL,תערובת תיבול לשווארמ,גרמים,100.00,100 גרם,false,,9.50,0.0950,true,1,125377
7290011971694,false,ספגטי טריקולור מסמולינת דורום אורגני 500,פסטיפיסוי פליצ'טי,IT,ספגטי טריקולור דורום,יחידה,0.00,יחידה,false,,13.90,0.0000,true,1,196098
7290011988104,false,ווקס לשיער,,,ווקס לשיער,יחידה,0.00,יחידה,false,,25.90,0.0000,true,1,206424
7290011996017,false,טעם אסיה אטריות תרד 454 ג',טעמי אסיה Taste of Asia,CN,איטריות תרד,גרמים,454.00,100 גרם,false,,8.50,0.0187,true,1,114575
7290011996031,false,טעם אסיה אטריות בצים 454 ג',טעמי אסיה Taste of Asia,CN,איטריות ביצים,גרמים,454.00,100 גרם,false,,8.50,0.0187,true,1,114576
7290011996062,false,אורז לבן עגול מתאים להכנת סושי,טעמי אסיה Taste of Asia,ES,אורז לסושי 1 קג',יחידה,1.00,יחידה,false,,12.90,12.9000,true,1,116787
7290011996086,false,"רוטב צ''ילי חריף 700 מ""ל",טעמי אסיה Taste of Asia,TH,רוטב צ'ילי חריף 700,יחידה,700.00,יחידה,false,,10.90,0.0156,true,1,123505
7290011996093,false,"רוטב צילי מתוק 300 מ""ל ""אסיה""",טעמי אסיה Taste of Asia,,רוטב צ'ילי מתוק 300,יחידה,300.00,יחידה,false,,7.90,0.0263,true,1,116785
7290011996109,false,"צ'ילי מתוק 700 גרם ""אסיה""",טעמי אסיה Taste of Asia,TH,רוטב צ'ילי מתוק 700,יחידה,700.00,יחידה,false,,9.90,0.0141,true,1,116661
7290011996123,false,אצות לסושי נורי גולד 10 יחידות,טעמי אסיה Taste of Asia,CN,אצות ים נורי גולד 10,גרמים,25.00,100 גרם,false,,10.90,0.4360,true,1,120819
7290011996130,false,אצות ים קלויות נורי לסושי - 10 דפים,טעמי אסיה Taste of Asia,CN,אצות ים נורי 10 דפים,גרמים,25.00,100 גרם,false,,10.90,0.4360,true,1,114546
7290011996178,false,"רוטב סויה בסגנון יפני 300 מ""ל",guangdong good taste,CN,רוטב סויה בסגנון יפנ,יחידה,280.00,יחידה,false,,9.90,0.0354,true,1,123060
7290011996185,false,"חומץ אורז לסושי 250 מ""ל ""אסיה""",טעמי אסיה Taste of Asia,CN,חומץ אורז לבן לסושי,יחידה,250.00,יחידה,false,,7.90,0.0316,true,1,115742
7290011996222,false,מי אגוז קוקוס דל 400 גרם,טעמי אסיה Taste of Asia,TH,נוזל אגוזי קוקוס 400,גרמים,400.00,100 גרם,false,,5.90,0.0148,true,1,117362
7290011996277,false,מחצלת עגולה לגלגול סושי,טעמי אסיה Taste of Asia,CN,מחצלת עגולה לסושי,יחידה,0.00,יחידה,false,,5.90,0.0000,true,1,123372
7290011996284,false,"כלי לאידוי סטימר במבוק ""8",טעמי אסיה Taste of Asia,CN,"סטימר 8""",יחידה,0.00,יחידה,false,,21.90,0.0000,true,1,139794
7290011996291,false,כלי לאידוי קוטר 10,טעמי אסיה Taste of Asia,CN,"סטימר 10""",יחידה,0.00,יחידה,false,,28.90,0.0000,true,1,134561
7290011996499,false,אטריות אורז דקות טעם אסיה 400 גרם,fujian longhai,CN,מקלוני אורז דקים,גרמים,400.00,100 גרם,false,,7.90,0.0198,true,1,116669
7290011996512,false,"טעם אסיה טעם אסיה אטריות אורז 3מ""מ 400ג'",טעמי אסיה Taste of Asia,TH,"מקלוני אורז 3 מ""מ 40",גרמים,400.00,100 גרם,false,,8.90,0.0223,true,1,117887
7290011996529,false,"מקלוני אטריות אורז 400 גרם ""אסיה""",טעמי אסיה Taste of Asia,TH,"מקלוני אורז 5 מ""מ 40",גרמים,400.00,100 גרם,false,,8.90,0.0223,true,1,117888
7290011996550,false,טעם אסיה רוטב הויסין 240 ג',קיי.אר.אס.ספייסי פוד,TH,רוטב הוי סין,גרמים,240.00,100 גרם,false,,13.90,0.0579,true,1,122586
7290011996567,false,רוטב סאטה אסיה 240 ג,קיי.אר.אס.ספייסי פוד,TH,רוטב סאטה 240ג',גרמים,240.00,100 גרם,false,,13.90,0.0579,true,1,122587
7290011996581,false,"רוטב חמוץ מתוק 300 מ""ל ""אסיה""",טעמי אסיה Taste of Asia,TH,רוטב חמוץ מתוק 300 מ,יחידה,300.00,יחידה,false,,9.90,0.0330,true,1,116788
7290011996604,false,"רוטב פאד תאי 300 גרם ""אסיה""",טעמי אסיה Taste of Asia,TH,"רוטב פאד תאי 300 מ""ל",גרמים,366.00,100 גרם,false,,13.90,0.0380,true,1,116789
7290011996642,false,טעם אסיה שומשום שחור קלוי 100גר,טעמי אסיה Taste of Asia,CN,שומשום שחור קלוי,גרמים,100.00,100 גרם,false,,11.90,0.1190,true,1,122104
7290011996703,false,טעם אסיה אצות וקאמה 100גר,טעמי אסיה Taste of Asia,,אצות וואקאמה מיובשות,גרמים,100.00,100 גרם,false,,18.90,0.1890,true,1,138503
7290011996741,false,"חומץ אורז לסושי 500 מ""ל ""אסיה""",טעמי אסיה Taste of Asia,,חומץ אורז לסושי 500,יחידה,500.00,יחידה,false,,11.00,0.0220,true,1,121546
7290011996758,false,מזרח מערב קמח טמפורה כשר 500ג',טעמי אסיה Taste of Asia,CN,קמח טמפורה,גרמים,500.00,100 גרם,false,,9.90,0.0198,true,1,125563
7290011996789,false,פנקו פירורי לחם בסגנון יפני,טעמי אסיה Taste of Asia,CN,פנקו יפני,גרמים,200.00,100 גרם,false,,7.90,0.0395,true,1,120821
7290011996802,false,"אבקת וואסאבי 70 גרם ""אסיה""",טעמי אסיה Taste of Asia,CN,אבקת ווסבי 70 ג',גרמים,70.00,100 גרם,false,,14.90,0.2129,true,1,120822
7290011996819,false,"מקלוני אטריות שעועית 250 גרם ""אסיה""",טעמי אסיה Taste of Asia,CN,איטריות שעועית בסגנו,גרמים,250.00,100 גרם,false,,3.90,0.0156,true,1,120075
7290011996888,false,"רוטב- טריאקי 300 מ""ל",קיי.אר.אס.ספייסי פוד,TH,רוטב טריאקי 300ג',גרמים,365.00,100 גרם,false,,9.90,0.0271,true,1,120077
7290012001994,false,חרדל דיז'ון גרעינים 350 ג' ריין דיזון,ריין דיז'ון reine dijon,FR,חרדל דיג'ון גרעינים,גרמים,350.00,100 גרם,false,,11.90,0.0340,true,1,124123
7290012019012,false,"אספרגוס לבן שלם בצנצנת 330 גרם ""תומר""",,,אספרגוס לבן שלם,גרמים,330.00,100 גרם,false,,9.90,0.0300,true,1,265670
7290012019258,false,מחית תפוחי עץ רביעיה 4 * 113 ג' תומר,אינדיאן סאמר קו אופ אינק,US,תומר-מחית תפוחי עץ,גרמים,452.00,100 גרם,false,,9.90,0.0219,true,1,147916
7290012019265,false,רביעיית מחית תפוח עץ ללא תוספת סוכר תומר 113 גרם,אינדיאן סאמר קו אופ אינק,US,"רסק תפו""ע פלסטיק דיא",גרמים,452.00,100 גרם,false,,9.90,0.0219,true,1,147917
7290012019272,false,רביעיית מחית תפוח עץ וקינמון תומר 113 גרם,אינדיאן סאמר קו אופ אינק,US,"רסק תפו""ע+קינמון פלס",גרמים,452.00,100 גרם,false,,9.90,0.0219,true,1,147918
7290012022203,false,פריכיות קליליות חיטה,דילייט 2005,IL,קליליות חיטה מלאה,גרמים,100.00,100 גרם,false,,13.50,0.1350,true,1,137981
7290012022227,false,קליליות חיטה בטעם טבעי,דילייט 2005,IL,קליליות חיטה,גרמים,60.00,100 גרם,false,,11.50,0.1917,true,1,137979
7290012022272,false,פריכיות קליליות קידס,דילייט 2005,IL,קליליות קידס 30 גר,גרמים,30.00,100 גרם,false,,10.70,0.3567,true,1,186790
7290012046131,false,מטליות לניקוי וחיטוי כללי סופט קלין 400 יח',,,מטליות לניקוי כללי 4,יחידה,0.00,יחידה,false,,21.90,0.0000,true,1,212428
7290012046155,false,מטליות לחות לניקוי רצפות 50 יח,,,50 יח' מטליות לחות ל,יחידה,0.00,יחידה,false,,27.90,0.0000,true,1,212429
7290012046193,false,ספוגי קרצוף קשיחים ירוקים קצרים 9יח,M3,ES,סקוטש ברייט תשעה ספו,יחידה,0.00,יחידה,false,,13.90,0.0000,true,1,263344
7290012052200,false,גרנולה רפאל-אגוזים זרעים ופירות 800 גרם,רפאלס,IL,גרנולה רפאל זרעים,יחידה,800.00,יחידה,false,,27.90,0.0349,true,1,135721
7290012052217,false,גרנולה עם אגוזים ופירות יבשים במתיקות מעודנת,רפאלס,,רפאל-זרעים אגוזים ופ,יחידה,800.00,יחידה,false,,27.90,0.0349,true,1,135722
7290012052224,false,גרנולה רפאל-חלבה תמרים ואגוזים 800 גרם,רפאלס,IL,רפאל-חלבה תמרים ושקד,יחידה,800.00,יחידה,false,,27.90,0.0349,true,1,140472
7290012052231,false,גרנולה רפאל - פירות יער וקשיו,רפאלס,,גרנולה רפאל חמוציות,יחידה,800.00,יחידה,false,,27.90,0.0349,true,1,135723
7290012052323,false,מוזלי עם פירות יבשים ושקדים ללא תוספת סוכר,רפאלס,IL,מוזלי תענוג מיקס לא,קילוגרמים,1.00,"10 ק""ג",false,,22.90,22.9000,true,1,205113
7290012052330,false,גרנולה תענוג חלבה ותמרים 1 ק''ג,רפאלס,IL,"גרנולה תענוג 1 ק""ג",קילוגרמים,1.00,"ק""ג",false,,22.90,22.9000,true,1,205114
7290012052347,false,"גרנולה תענוג-צימוקים ושקדים ללא תוספת סוכר 1 ק""ג",רפאלס,IL,גרנולה תענוג ללא תוס,קילוגרמים,1.00,"ק""ג",false,,22.90,22.9000,true,1,205115
7290012052385,false,מוזלי עם חמוציות ושקדים ללא תוספת סוכר,רפאלס,IL,גרנולה רפאל שקדים ופ,גרמים,800.00,100 גרם,false,,27.90,0.0349,true,1,140474
7290012116025,false,שמפו פיית הפרפרים לסירוק קל מכיל רוזמרין,קוסמופארם בע'\'\מ,IL,פיות שמפו לשיער 750מ,מיליליטרים,750.00,"100 מ""ל",false,,11.90,0.0159,true,1,125484
7290012116032,false,כיף פיות מרכך לסירוק קל 750 מל,טרופיקל דגיל תעשיות,IL,פיות מרכך שיער 750מל,מיליליטרים,750.00,"100 מ""ל",false,,11.90,0.0159,true,1,125485
7290012116063,false,"כיף אל סבון פיות בתמציות קמומיל 750 מ""ל",טרופיקל דגיל תעשיות,IL,פיות אל סבון קמומיל,גרמים,750.00,100 גרם,false,,11.90,0.0159,true,1,125486
7290012116360,false,פוליויקס נוזל לניקוי רצפות גרניט פורצלן סנו 2 ליטר,"מפעלי סנו ברונוס בע""",IL,פוליוקס פורצלן סנו 2,ליטרים,2.00,ליטר,false,,19.90,9.9500,false,1,116101
7290012116551,false,אנטי קאלק נוזל לניקוי כללי סנו 2 ליטר,מיוצר עי קונדיטוריית,IL,אנטי קלאק 2 ליטר 4-ב,ליטרים,2.00,ליטר,false,,19.90,9.9500,true,1,119452
7290012116681,false,דאודורנט ג'ל אנטיפרספירנט אקטיב בלוק Calm,קוסמופארם בעמ,IL,דאודורנט ג'ל קרמ מן,מיליליטרים,75.00,"100 מ""ל",false,,14.90,0.1987,true,1,121136
7290012116735,false,סנו סופט גמבו נייר טואלט 24 גל 900מ קומפ,סנו מפעלי ברונוס בעמ,IL,נייר טואלט סופט ג'מב,גרמים,4300.00,100 גרם,false,,47.90,0.0111,false,1,118532
7290012117091,false,"אבקת כביסה סנסיטיב סנו מקסימה 6 ק""ג",סנו מקסימה,IL,"סנו מקסימה 6 ק""ג סנס",קילוגרמים,6.00,"ק""ג",false,,49.90,8.3167,false,1,120956
7290012117275,false,"קליר שקית מילוי לניקוי חלונות סנו 750 מ""ל",טרופיקל דגיל תעשיות,IL,סנו קליר מילוי 750 מ,מיליליטרים,750.00,"100 מ""ל",false,,7.90,0.0105,true,1,122048
7290012117350,false,"נוזל רצפות לילך 2 ליטר ""ריצפז פרש""","סנו מפעלי ברונוס בע""\מ",IL,ריצפז פרש לילך 2ל,ליטרים,2.00,ליטר,false,,17.90,8.9500,false,1,119733
7290012117381,false,"קרמה מן אפטר שייב ג'ל רגיל 150 מ""ל",קוסמופארם בע'\'\מ,IL,קרמה מן אפטר שייב,מיליליטרים,150.00,"100 מ""ל",false,,29.90,0.1993,true,1,119734
7290012117398,false,קרמה מן גל לאחר גילוח לעור עדין 150 מל,החברה הדרומית,IL,קרמה מן אפטר שייב,מיליליטרים,150.00,"100 מ""ל",false,,29.90,0.1993,true,1,119735
7290012117411,false,"שמפו וג'ל רחצה רויבוס 700 מ""ל ""קרמה""",קוסמופארם בע'\'\מ,IL,קרמה מן ג'ל רחצה במב,מיליליטרים,700.00,"100 מ""ל",false,,17.90,0.0256,true,1,120302
7290012117428,false,"ג'ל רחצה ושמפו מעיינות מנטה קרמה מן 700 מ""ל",טרופיקל דגיל תעשיות,IL,קרמה מן שמפו וג'ל רח,מיליליטרים,700.00,"100 מ""ל",false,,17.90,0.0256,true,1,122149
7290012117534,false,מרכך כביסה מרוכז תכלת קול סנו מקסימה 1 ליטר,"סנו מפעלי ברונוס בע""\מ",IL,מרכך מרוכז קול 1ל,ליטרים,1.00,ליטר,false,,16.90,16.9000,true,1,122610
7290012117541,false,מרכך כביסה מרוכז צהוב סנו מקסימה 1 ליטר,סנו מפעלי ברונוס בעמ,IL,מרכך מרוכז סנו זן 1ל,ליטרים,1.00,ליטר,false,,16.90,16.9000,true,1,122611
7290012117558,false,מקסימה מרכך כביסה מרוכז ורוד בניחוח מאסק סנו 1 ליטר,"סנו מפעלי ברונוס בע""\מ",IL,מרכך סנו מרוכז פי4 מ,ליטרים,1.00,ליטר,false,,16.90,16.9000,false,1,122786
7290012117565,false,כפפות סנו סושי לטקס S אריזת 100יח',סנו סושי,IL,כפפות סושי S לטקס,יחידה,0.00,יחידה,false,,29.90,0.0000,true,1,123992
7290012117572,false,כפפות סנו סושי לטקס M אריזת 100יח',סנו סושי,TH,כפפות לטקס M,יחידה,0.00,יחידה,false,,29.90,0.0000,true,1,122453
7290012117589,false,כפפות לטקס L סנו סושי 100 יחידות,סנו סושי,TH,סושי 100כפפות לטקס L,יחידה,0.00,יחידה,false,,29.90,0.0000,true,1,122612
7290012117732,false,מקסימה מרכך כביסה ארומתרפי קול סנו 4 ליטר,"סנו מפעלי ברונוס בע""\מ",IL,מרכך סנו 4ל COOL,ליטרים,4.00,ליטר,false,,21.90,5.4750,false,1,122312
7290012117916,false,אינסטלטור נוזל לפתיחת סתימות סנו 1 ליטר,"סנו מפעלי ברונוס בע""",IL,סנו אינסטלטור נוזלי,ליטרים,1.00,ליטר,false,,24.90,24.9000,true,1,122231
7290012129711,false,פרשיס מגבונים לחים 7,,,פרשיס מגבונים לחים 7,יחידה,0.00,יחידה,false,,4.80,0.0000,true,1,172512
7290012129728,false,מגבונים לחים פרשיס ללא בישום חמישייה,,IL,פרשיס חמישייה מגבוני,יחידה,0.00,יחידה,false,,19.90,0.0000,true,1,149937
7290012129735,false,פרשיס מגבונים לחים 7,,,פרשיס מגבונים לחים 7,יחידה,0.00,יחידה,false,,4.80,0.0000,true,1,148743
7290012129742,false,מגבונים פרשיס מבושם 72 יח' * חמישיה,,IL,פרשיס חמישייה מגבוני,יחידה,0.00,יחידה,false,,19.90,0.0000,true,1,149938
7290012139482,false,בג עצם לחוצה מעושנת בציפוי עוף 3 מקט ח,PINGYANG LELE PET PR,CN,חטיף בונזו ג'וי-עצם,גרמים,160.00,100 גרם,false,,21.90,0.1369,true,1,127781
7290012151538,false,אקונומיקה 4ליטר פולי,,,אקונומיקה 4ליטר פולי,ליטרים,4.00,ליטר,false,,10.90,2.7250,true,1,118329
7290012159411,false,לבבות דקל חתוך לינה 400 גרם,יושלם,IL,לבבות דקל חתוך,גרמים,220.00,100 גרם,false,,7.90,0.0359,true,1,128467
7290012173059,false,מנצ'יס 350גרם,זארובי פיצוחי הגליל,IL,מנצ'ס 350 גר,גרמים,350.00,100 גרם,false,,10.90,0.0311,true,1,119830
7290012173141,false,מיקס חמוציות פקאן 17,זארובי,,מיקס חמוציות פקאן,גרמים,170.00,100 גרם,false,,10.00,0.0588,true,1,125440
7290012173189,false,אגוז פקאן טבעי 150 גרם זארובי,זארובי,,אגוז פקאן,יחידה,150.00,יחידה,false,,18.90,0.1260,true,1,128739
7290012173271,false,זארובי-שקד טבעי 350ג,,IL,זארובי-שקד טבעי 350ג,גרמים,350.00,100 גרם,false,,28.90,0.0826,true,1,148569
7290012173301,false,זארובי-פיסטוק קלוי 3,זארובי,,זארובי-פיסטוק קלוי 3,גרמים,300.00,100 גרם,false,,28.90,0.0963,true,1,149085
7290012173325,false,בוטנים קלופים קופסא,זארובי,,בוטנים קלופים 350 גר,גרמים,350.00,100 גרם,false,,15.50,0.0443,true,1,149109
7290012173493,false,תערובת אגוזים בקופסא 300 גרם,זארובי,IL,תערובת אגוזים ושקדים,גרמים,300.00,100 גרם,false,,26.90,0.0897,true,1,262998
7290012173615,false,פקאן סיני 150 גר',זארובי,IL,פקאן סיני 150 גר',גרמים,150.00,100 גרם,false,,18.90,0.1260,false,1,137104
7290012173820,false,זארובי-פיסטוק קלוי,,IL,זארובי-פיסטוק קלוי,גרמים,150.00,100 גרם,false,,14.90,0.0993,true,1,146132
7290012173837,false,אגוז קשיו קלוי 170 ג,,IL,זארובי-קשיו קלוי,גרמים,170.00,100 גרם,false,,14.90,0.0876,true,1,146133
7290012173844,false,שקד קלוי 170 גרם זארובי,זארובי,,זארובי-שקד קלוי,גרמים,170.00,100 גרם,false,,14.90,0.0876,true,1,146134
7290012173882,false,זארובי-גרעינים שחורי,זארובי,IL,זארובי-גרעינים שחורי,גרמים,350.00,100 גרם,false,,10.90,0.0311,true,1,149086
7290012173905,false,פיצוחים מעורב פרימיו,,,פיצוחים מעורב פרימיו,גרמים,350.00,100 גרם,false,,27.90,0.0797,true,1,151914
7290012193125,false,ממתיק על בסיס סוכרלוז - טבליות,"קיפל טבליות וממתיקים בע""מ",CN,מרמולייט סוכרלוז 150,גרמים,123.00,100 גרם,false,,26.90,0.2187,true,1,116987
7290012193163,false,פמילי אל סבון נוזלי פריחת הדובדבן 1 ליטר,אף.סי תבליני בגליל ב,IL,פמלי אל סבון ליטר פר,ליטרים,1.00,ליטר,false,,11.90,11.9000,true,1,136392
7290012226014,false,נקניקיות וינר זוגלובק 800 גרם,נקניק נהריה כשר זוגל,IL,נקניקיות וינר 800 גר,גרמים,800.00,100 גרם,false,,22.90,0.0286,true,1,123568
7290012226021,false,נקניק סלמי מעושן פראג זוגלובק 400 גרם,נקניק נהריה כשר זוגל,IL,סלמי מעושן פראג 400ג,גרמים,400.00,100 גרם,false,,21.50,0.0538,true,1,122659
7290012226120,false,"קבנוס 135 גרם ""זוגלובק""",נקניק נהריה כשר זוגל,IL,קבנוס 135 גר',גרמים,135.00,100 גרם,false,,10.00,0.0741,true,1,125604
7290012226922,false,קבנוס בטעם שום זוגלובק 135 גרם,נקניק נהריה כשר זוגל,IL,קבנוס עם שום,גרמים,135.00,100 גרם,false,,10.00,0.0741,true,1,128195
7290012226939,false,קבנוס עם צ'ילי חריף זוגלובק 135 גרם,נקניק נהריה כשר זוגל,IL,קבנוס עם צ'ילי חריף,גרמים,135.00,100 גרם,false,,10.00,0.0741,true,1,128196
7290012227325,false,סלמי דק דק מעושן איטלקי 120 ג' זוגלובק,זוגלובק,IL,סלמי מעושן דק דק 120,גרמים,120.00,100 גרם,false,,13.90,0.1158,true,1,200932
7290012227400,false,נקניקיות עוף זוגלובק 800 גרם,נקניק נהריה כשר זוגל,IL,נקניקיות עוף 800 גר',גרמים,800.00,100 גרם,false,,22.90,0.0286,true,1,142479
7290012227912,false,קבנוס מעודן זוגלובק 135 גרם,זוגלובק,IL,קבנוס מעודן 135 גר',גרמים,135.00,100 גרם,false,,10.00,0.0741,true,1,198022
7290012227974,false,פסטרמה הודו בדבש טהור דק דק דק,זוגלובק,IL,פסטרמה בדבש 120 גר',גרמים,120.00,100 גרם,false,,13.90,0.1158,true,1,200933
7290012227981,false,פסטרמה דק דק ברביקיו 120 ג' זוגלובק,זוגלובק,IL,פסטרמה ברביקיו 120 ג,גרמים,120.00,100 גרם,false,,13.90,0.1158,true,1,200934
7290012227998,false,פסטרמה דק דק חזה בקר 120 ג' זוגלובק,זוגלובק,IL,חזה בקר 120 גר' דק ד,גרמים,120.00,100 גרם,false,,13.90,0.1158,true,1,200935
7290012228261,false,נקנקיות קנקרס הודו ועוף ריינהולד'ס זוגלובק 300 ג',זוגלובק,IL,נקניקיות בוקוורסט הו,גרמים,300.00,100 גרם,false,,19.90,0.0663,true,1,196763
7290012228278,false,נקנקיות בוקוורסט עוף ובקר ריינהולד'ס 310 ג' זוגלובק,זוגלובק,IL,נקניקיות בוקוורסט הו,גרמים,310.00,100 גרם,false,,19.90,0.0642,true,1,196764
7290012245312,false,"גולד ציפס אמריקאי 1.5 ק""ג קפוא זן",יוליניבר,IL,צ'יפס גולד אמריקאי 1,גרמים,1500.00,100 גרם,false,,21.90,0.0146,true,1,206429
7290012245329,false,"גולד צ'יפס קלאסי 1.5 ק""ג קפוא זן",יוליניבר,BE,צ'יפס גולד קלאסי 1.5,גרמים,1500.00,100 גרם,false,,21.90,0.0146,true,1,206430
7290012245336,false,"גולד צ'יפס סטייק 1.5 ק""ג גולד שארית",אגריסטו,IL,צ'יפס גולד סטייק 1.5,גרמים,1500.00,100 גרם,false,,21.90,0.0146,true,1,206431
7290012256004,false,כף אובלית,,,כף אובלית,יחידה,0.00,יחידה,false,,11.90,0.0000,true,1,181383
7290012256011,false,תרבד עץ,,,תרבד עץ,יחידה,0.00,יחידה,false,,11.90,0.0000,true,1,144100
7290012256028,false,מרית מחורצת,,,מרית מחורצת,יחידה,0.00,יחידה,false,,11.90,0.0000,true,1,181384
7290012256080,false,מרית סיליקון,,,מרית סיליקון,יחידה,0.00,יחידה,false,,13.90,0.0000,true,1,144102
7290012309939,false,חלווה מסולסלת בקופסא ששון הקולה 500 גרם,אף.סי תבליני בגליל ב,IL,חלבה מסולסלת 500 גר,גרמים,500.00,100 גרם,false,,14.90,0.0298,true,1,148211
7290012313240,false,מיקס זית ירוק וקלמטה קבוצת יבנה 560 גרם,קבוצת יבנה,IL,מיקס זיתים וקלמטה יב,גרמים,340.00,100 גרם,false,,10.90,0.0321,true,1,214372
7290012313547,false,זית קלמטה חומץ יין י,קבוצת יבנה,,זית קלמטה יבנה,גרמים,340.00,100 גרם,false,,9.40,0.0276,true,1,187950
7290012367717,false,קרם ידיים וציפורניים Intensive relief לעור יבש ומגורה,פישר מעבדות פרמצבטיות בע,IL,קרם ידיים אפקטיב 150,גרמים,100.00,100 גרם,false,,16.90,0.1690,true,1,141420
7290012404955,false,נקטר חמוציות ספרינג קולקשן 1.25 ליטר,יפאורה שותפות מובגלת לשיווק,IL,ספרינג Collection נק,ליטרים,1.25,ליטר,false,,12.90,10.3200,true,1,126831
7290012404993,false,נקטר דיאט חמוציות ספרינג קולקשן 1.25 ליטר,יפאורה שותפות מובגלת לשיווק,IL,נקטר דיאט חמוציות ספ,ליטרים,1.25,ליטר,false,,12.90,10.3200,true,1,126833
7290012413643,false,תה ירוק קמומיל ויסוצקי 25 יחידות,ויסוצקי ירוק,IL,תה ירוק קמומיל,גרמים,37.50,100 גרם,false,,24.90,0.6640,false,1,139552
7290012470486,false,כובע רחצה ניילון 4 י,,,כובע אמבטיה שקוף,יחידה,0.00,יחידה,false,,5.90,0.0000,true,1,122812
7290012470493,false,כובע רחצה 2 שכבות ענ,מיה טריידינג,CN,כובע רחצה 2 שכבות,יחידה,0.00,יחידה,false,,12.90,0.0000,true,1,122813
7290012470844,false,פלסטר עמיד במים לילד,,,פלסטר עמיד במים לילד,יחידה,0.00,יחידה,false,,6.50,0.0000,true,1,125708
7290012522581,false,טבעול שניצל תירס ללא גלוטן טבעול 664 גרם,עיצובים 2020 (4.8),IL,שניצל תירס ללא גלוטן,גרמים,664.00,100 גרם,false,,24.90,0.0375,false,1,135924
7290012561405,false,בצל חצי מטוגן דורות 180 גרם,עיצובים 2020 (3.8),IL,בצל חצי מטוגן דורות,גרמים,180.00,100 גרם,false,,11.50,0.0639,true,1,121742
7290012576591,false,"יין רזרב גוורצטרמינר 750 מ""ל שביעית",יקבי ברקן שיווק והפצה בע,IL,רזרב גוורטצטרמינר,מיליליטרים,750.00,"100 מ""ל",false,,34.90,0.0465,false,1,148899
7290012588242,false,"מים מינרלים מיי וואטר כדורגל מארז 500X6מ""ל",נרה קריטיס אס איי באריפט,GR,מים מינרלים כדורגל 5,מיליליטרים,3000.00,"100 מ""ל",false,,13.90,0.0046,false,1,201652
7290012602627,false,יערה בדבש 640 גרם,,,דבש יערה 500 גר',גרמים,500.00,100 גרם,false,,29.90,0.0598,true,1,195519
7290012637230,false,חליטת צ'אי מנאלי 80 גרם,יזרעאל זעתר,IL,חליטה צ'אי מנאלי,גרמים,80.00,100 גרם,false,,34.90,0.4362,true,1,215136
7290012637254,false,חליטת סיידר תפוחים 250גר,יזרעאל זעתר,IL,חליטה סיידר תפוחים,גרמים,250.00,100 גרם,false,,34.90,0.1396,true,1,212696
7290012637261,false,חליטת טרופיקנה 80 גרם,יזרעאל זעתר,IL,חליטה טרופיקנה,גרמים,80.00,100 גרם,false,,34.90,0.4362,true,1,215142
7290012637278,false,תה שחור-אנגלי 50 גרם,יזרעאל זעתר,IL,חליטת תה שחור,גרמים,50.00,100 גרם,false,,34.90,0.6980,true,1,215135
7290012637322,false,חליטת פירות יער 80 גרם,יזרעאל זעתר,IL,חליטה פירות יער,גרמים,80.00,100 גרם,false,,34.90,0.4362,true,1,212697
7290012637339,false,צנצנת גינגר לימון ודבש,יזרעאל זעתר,IL,חליטה ג'ינג'ר לימון,גרמים,80.00,100 גרם,false,,34.90,0.4362,true,1,212359
7290012637469,false,צנצנת חליטת תה בדואי,יזרעאל זעתר,IL,צנצנת חליטת תה בדואי,גרמים,80.00,100 גרם,false,,34.90,0.4362,true,1,215139
7290012637476,false,צנצנת חליטת תה ירוק,יזרעאל זעתר,IL,צנצנת חליטת תה ירוק,גרמים,80.00,100 גרם,false,,34.90,0.4362,true,1,215140
7290012637483,false,צנצנת חליטת תה לואיז,יזרעאל זעתר,IL,צנצנת חליטת תה לואיז,גרמים,80.00,100 גרם,false,,34.90,0.4362,true,1,215141
7290012645020,false,"יוגורט עיזים טבעי בבקבוק חלב הארץ 500 מ""ל",מחלבת סוסיא,IL,יוגורט עיזים טבעי 5,מיליליטרים,500.00,"100 מ""ל",false,,12.90,0.0258,true,1,194570
7290012645051,false,יוגורט עיזים חלב הארץ 350 גרם,חלב הארץ,IL,יוגורט עיזים 350 גר,גרמים,350.00,100 גרם,false,,12.30,0.0351,true,1,212188
7290012645112,false,יוגורט עיזים 2.8% בדלי חלב הארץ 750 גרם,מחלבות סוסיא,IL,יוגורט עיזים בדלי -,גרמים,750.00,100 גרם,false,,20.50,0.0273,true,1,194449
7290012645129,false,יוגורט כבשים 5% בדלי חלב הארץ 750 גרם,מחלבות סוסיא,IL,יוגורט כבשים בדלי -ח,גרמים,750.00,100 גרם,false,,20.50,0.0273,true,1,194450
7290012645174,false,גבינת עיזים 5% חלב הארץ 200 גרם,חלב הארץ,IL,גבינת עיזים 5%,גרמים,200.00,100 גרם,false,,13.60,0.0680,true,1,264395
7290012645280,false,גביע יוגורט כבשים בטעם טבעי 150 ג' היווני,מחלבות סוסיא,IL,יוגורט יווני מחלב כב,גרמים,150.00,100 גרם,false,,5.50,0.0367,true,1,194478
7290012645297,false,יוגורט עיזים ביו 2.8% טעם טבעי חלב הארץ 150 גרם,מחלבות סוסיא,IL,יוגורט מחלב עיזים,גרמים,150.00,100 גרם,false,,5.50,0.0367,true,1,194479
7290012645389,false,יוגורט עיזים 3.7%בבקבוק חלב הארץ 1 ליטר,מחלבות סוסיא,IL,יוגורט עיזים טבעי 1,ליטרים,1.00,ליטר,false,,22.90,22.9000,true,1,194492
7290012665059,false,קובה למרק חמים וטעים,"חמים וטעים בע""מ",IL,קובה למרק 400 גר,גרמים,400.00,100 גרם,false,,15.50,0.0388,true,1,150889
7290012697388,false,סוכרזית מצמח הסטיוויה כפית לכפית 100 גר,סוכרזית Sucrazit,IL,סוכרזית סטיוויה כפית,גרמים,100.00,100 גרם,false,,33.90,0.3390,true,1,137332
7290012724817,false,נענע יח בשקית,"מרינה פטריות הגליל בע""מ",IL,נענע בשקית,יחידה,0.00,יחידה,false,,3.90,0.0000,true,1,204979
7290012724824,false,שמיר יח בשקית,"מרינה פטריות הגליל בע""מ",IL,שמיר בשקית,יחידה,0.00,יחידה,false,,3.90,0.0000,true,1,204980
7290012724831,false,כוסברה יח בשקית,"מרינה פטריות הגליל בע""מ",IL,כוסברה בשקית,יחידה,0.00,יחידה,false,,3.90,0.0000,true,1,204981
7290012724848,false,פטרוזיליה יח בשקית,"מרינה פטריות הגליל בע""מ",IL,פטרוזליה בשקית,יחידה,0.00,יחידה,false,,3.90,0.0000,true,1,204982
7290012759529,false,טראפלס שקדים וטחינה 280 גר' - ממה,ממה חטיפי אנרגיה,IL,טראפלס טחינה ושקדים,גרמים,280.00,100 גרם,false,,32.90,0.1175,true,1,197123
7290012759659,false,משפחתית בראוניז תמר שוקולד קוקוס ואגוז מלך 240 גר' - ממה,ממה חטיפי אנרגיה,IL,עוגת בראוניז תמר שוק,גרמים,240.00,100 גרם,false,,24.90,0.1037,true,1,206159
7290012803215,false,וופל בלגי בטעם שוקולד ללא תוספת סוכר,בטר אנד דיפרנט,IL,טוסו ופל בלגי בטעם ש,גרמים,200.00,100 גרם,false,,10.90,0.0545,true,1,136834
7290012803222,false,טוסו ופל בסגנון בלגי בטעם לימון ללא תוספת סוכר 200 גרם,בטר אנד דיפרנט,IL,טוסו ופל בלגי בטעם ל,גרמים,200.00,100 גרם,false,,10.90,0.0545,true,1,136835
7290012803451,false,טוסו שוקולד מריר 62% מוצקי קקאו ללא תוספת סוכר 100 גרם,אלטינמארקה,TR,טוסו שוקולד מריר מעו,גרמים,100.00,100 גרם,false,,12.90,0.1290,true,1,145005
7290012803765,false,טוסו שוקולד מריר ללא תוספת סוכר 100 גרם,אלטינמארקה גידה סאן,TR,טוסו שוקולד מריר 100,גרמים,100.00,100 גרם,false,,12.90,0.1290,true,1,136891
7290012803772,false,טוסו שוקולד חלב ללא תוספת סוכר 100 גרם,אלטינמארקה גידה סאן,TR,טוסו שוקולד חלב 100ג,גרמים,100.00,100 גרם,false,,12.90,0.1290,true,1,136893
7290012803789,false,טוסו שוקולד מריר עם אגוזים ללא תוספת סוכר 100 גרם,אלטינמארקה גידה סאן,TR,טוסו שוקולד מריר עם,גרמים,100.00,100 גרם,false,,12.90,0.1290,true,1,136894
7290012803796,false,טוסו שוקולד חלב עם אגוזים ללא תוספת סוכר 100 גר',אלטינמארקה גידה סאן,TR,טוסו שוקולד חלב עם א,גרמים,100.00,100 גרם,false,,12.90,0.1290,true,1,136895
7290012823381,false,מקסימה מרכך כביסה מרוכז סנסטיב בייבי סנו 1 ליטר,"סנו מפעלי ברונוס בע""\מ",IL,מרכך מרוכז סנסיטיב 1,ליטרים,1.00,ליטר,false,,16.90,16.9000,true,1,124027
7290012823398,false,מטליות חד פעמיות לניקוי הרצפה בניחוח מרכך כביסה 10יח' סנו,סנו מפעלי ברונו בעמ,IL,ריצפז מטליות לחות לנ,יחידה,0.00,יחידה,false,,12.90,0.0000,true,1,199225
7290012823541,false,ריצפז פרש מטליות לחות לרצפה בניחוח לבנדר 10 יחידות,"סנו מפעלי ברונוס בע""\מ",IL,מטליות ריצפז פרש,יחידה,0.00,יחידה,false,,12.90,0.0000,true,1,123349
7290012823558,false,"מטליות לחות לרצפה 40*70 ס""מ סנו סושי 10 יחידות",סנו מפעלי ברונוס בעמ,IL,מטליות לחות לריצפה ס,יחידה,0.00,יחידה,false,,11.90,0.0000,false,1,124342
7290012823565,false,פוליויקס מטליות ענק לחות לפרקט סנו 10 יחידות,דינאמיק תעשיות,IL,מטלית פוליוקס פרקט,יחידה,0.00,יחידה,false,,14.90,0.0000,true,1,125488
7290012823589,false,ריצפז פרש בניחוח לימון מרענן,סנו פרש Fresh,IL,ריצפז לימון 2 ליטר,ליטרים,2.00,ליטר,false,,17.90,8.9500,false,1,128182
7290012823602,false,נייר טואלט סופט סילק לבן - מארז 32 גלילים,טרופיקל דגיל תעשיות,IL,נייר טואלט סופט סילק,גרמים,1950.00,100 גרם,false,,32.90,0.0169,false,1,128265
7290012823787,false,"סנו רסס ונגב שקית מילוי 750 מ""ל",סנו,IL,רסס ונגב מילוי 750מל,מיליליטרים,750.00,"100 מ""ל",false,,7.90,0.0105,true,1,126514
7290012823923,false,"מרכך כביסה מרוכז פרפיום גולדן מקסימה 750 מ""ל",סנו מפעלי ברונוס בעמ,IL,מרכך כביסה מרוכז פרפ,מיליליטרים,750.00,"100 מ""ל",false,,16.90,0.0225,true,1,125690
7290012823947,false,"סנו - מרכך כביסה מרוכז פרפיום קריסטל נואר 750 מ""ל",מיוצר עי קונדיטוריית,IL,מקסימה פרפיום מרכך כ,מיליליטרים,750.00,"100 מ""ל",false,,16.90,0.0225,true,1,126543
7290012865299,false,מסננת סיליקון,,,מסננת סיליקון,יחידה,0.00,יחידה,false,,19.90,0.0000,true,1,186443
7290012865817,false,"מספריים ביתיות 22 ס""",,,"מספריים ביתיות 22 ס""",יחידה,0.00,יחידה,false,,19.90,0.0000,true,1,197474
7290012865824,false,מספריים רב שימושיות,,,מספריים רב שימושיות,יחידה,0.00,יחידה,false,,25.90,0.0000,true,1,197475
7290012871054,false,שלווה חיטה מלאה דבש 200 גרם דגן,מפעלי דגן,,דגן-חיטה מלאה תפוחה,גרמים,220.00,100 גרם,false,,6.50,0.0295,true,1,189562
7290012871061,false,חטיף תירס פופ מתוק ד,מפעלי דגן,IL,דגן תירס פופ מתוק 15,גרמים,150.00,100 גרם,false,,6.50,0.0433,true,1,188870
7290012884986,false,תפוגן ציפס לתנור עד 4% שומן 1.5 קג,"תעשיות תפוגן בע""\מ",IL,צ'יפס לתנור 4% שומן,קילוגרמים,1.50,"ק""ג",false,,26.90,17.9333,true,1,142549
7290012901355,false,דודלס ארוחת אטריות עם גבינה 206 גרם,האי נאם סי או אל.טי.,US,פסטה גבינה לבן,גרמים,206.00,100 גרם,false,,10.90,0.0529,true,1,150912
7290012901362,false,אפלסנקס אורג.לא ממותק678,,CA,"רסק תפו""ע אורגני שי",גרמים,678.00,100 גרם,false,,25.90,0.0382,true,1,148431
7290012911156,false,"רוטב טריאקי שומשום 300 מ""ל ""אסיה""",קיי.אר.אס.ספייסי פוד,TH,רוטב טריאקי שומשום,יחידה,300.00,יחידה,false,,11.00,0.0367,true,1,124840
7290012911170,false,מיסו כהה-מחית פולי סויה,טעמי אסיה Taste of Asia,,מיסו כהה,גרמים,500.00,100 גרם,false,,10.90,0.0218,true,1,134278
7290012911293,false,דפי אורז ללא גלוטן 300 ג',טעמי אסיה Taste of Asia,VN,דפי אורז 300גר,גרמים,300.00,100 גרם,false,,11.90,0.0397,true,1,124067
7290012911415,false,ממרח קארי ירוק טעם אסיה 400ג,קיי אר אס ספייסי פוד,TH,ממרח קארי ירוק 400גר,גרמים,400.00,100 גרם,false,,17.90,0.0447,true,1,134479
7290012911422,false,"ממרח קארי אדום 400 גרם ""אסיה""",טעמי אסיה Taste of Asia,TH,ממרח קארי אדום 400גר,גרמים,400.00,100 גרם,false,,17.90,0.0447,true,1,134480
7290012911439,false,"קארי ממרח צהוב 400 גרם ""אסיה""",טעמי אסיה Taste of Asia,TH,ממרח קארי צהוב 400גר,גרמים,400.00,100 גרם,false,,17.90,0.0447,true,1,134481
7290012911477,false,"קרם קוקוס 400 גרם ""אסיה""",אסיאטיק אגרו אינדסטר,TH,"קרם קוקוס 400 מ""ל",יחידה,400.00,יחידה,false,,7.90,0.0198,true,1,133015
7290012911583,false,רצועות דלעת כבושה-קנפיו,טעמי אסיה Taste of Asia,CN,קנפיו רצועות דלעת כב,גרמים,100.00,100 גרם,false,,8.90,0.0890,true,1,134288
7290012911613,false,רצועות צנון יפני כבו,מזרח ומערב,,רצועות צנון יפני כבו,גרמים,100.00,100 גרם,false,,8.90,0.0890,true,1,193886
7290012911675,false,"פיטריות שטאקה 85 גרם ""אסיה""",טעמי אסיה Taste of Asia,IL,פטריות שטאקה 85 גר',גרמים,85.00,100 גרם,false,,17.90,0.2106,true,1,135952
7290012911729,false,"ג'ינג'ר ורוד לסושי 250 גרם ""אסיה""",טעמי אסיה Taste of Asia,CN,ג'נג'ר ורוד לסושי 25,גרמים,250.00,100 גרם,false,,7.90,0.0316,true,1,139322
7290012911804,false,"שמן שומשום כשר 150 מ""ל",גואנגדונג גוד טייסט,SG,"שמן שומשום 150מ""ל",יחידה,150.00,יחידה,false,,13.90,0.0927,true,1,127524
7290012911866,false,"דפי אורז מרוב עים 22 ס""מ 300 גרם",טעמי אסיה Taste of Asia,VN,"דפי אורז 22*22 ס""מ",גרמים,300.00,100 גרם,false,,11.90,0.0397,true,1,147457
7290012911934,false,שבבי אורז 227 גרם כש,טעמי אסיה Taste of Asia,TH,שבבי אורז,גרמים,227.00,100 גרם,false,,7.90,0.0348,true,1,140648
7290012911941,false,רוטב צ'ילי מתוק ללא תוספת סוכר,טעמי אסיה Taste of Asia,TH,רוטב צ'ילי מתוק 700מ,מיליליטרים,700.00,"100 מ""ל",false,,14.00,0.0200,true,1,141086
7290012911965,false,ג'ינג'ר לסושי ללא צבע כשר 250ג',טעמי אסיה Taste of Asia,CN,ג'ינג'ר לסושי ללא צב,גרמים,150.00,100 גרם,false,,7.90,0.0527,true,1,142367
7290012921025,false,"בקבוק בירה מלכה בהירה 330 מ""ל","בירה מלכה בע""מ",IL,בירה מלכה,מיליליטרים,330.00,"100 מ""ל",false,,13.90,0.0421,true,1,150263
7290012921032,false,"בקבוק בירה מלכה אדמונית 330 מ""ל","בירה מלכה בע""מ",IL,מלכה אדמונית בירה,מיליליטרים,330.00,"100 מ""ל",false,,13.90,0.0421,true,1,150264
7290012921049,false,בירה מלכה כהה בסגנון,"בירה מלכה בע""מ",IL,בירה מלכה כהה,מיליליטרים,330.00,"100 מ""ל",false,,13.90,0.0421,true,1,150260
7290012921056,false,"בקבוק בירה מלכה חיטה 330 מ""ל",מבשלת בירה ישראלית,IL,בירה מלכה חיטה,מיליליטרים,330.00,"100 מ""ל",false,,13.90,0.0421,true,1,150265
7290012921063,false,בירה מלכה הינדי בבקבוק,"בירה מלכה בע""מ",IL,בירה מלכה הינדי,יחידה,0.00,יחידה,false,,13.90,0.0000,true,1,150748
7290012921070,false,"בירה מלכה אדמונית 750 מ""ל","בירה מלכה בע""מ",IL,בירה מלכה אדמונית,מיליליטרים,330.00,"100 מ""ל",false,,29.90,0.0906,true,1,214334
7290012921087,false,"בירה מלכה בהירה 750 מ""ל","בירה מלכה בע""מ",IL,בירה מלכה בהירה 750,מיליליטרים,750.00,"100 מ""ל",false,,29.90,0.0399,true,1,214335
7290012938580,false,"סנסודיין משחת שיניים להלבנה עדינה 75 מ""ל",גלקסוסמית'\קליין קונסיומ,GB,סנסודיין הלבנה עדינה,מיליליטרים,75.00,"100 מ""ל",false,,21.90,0.2920,true,1,133544
7290012938597,false,"סנסודיין משחת שיניים רפיד רליף 75 מ""ל","סמיתקליין ביצ'ם בע""מ",GB,סנסודיין רפיד רליף,גרמים,75.00,100 גרם,false,,24.90,0.3320,true,1,128245
7290012938740,false,"משחת שיניים פרש מינט מנטה 75מ""ל סנסודיין",גלקסו סמית קליין,GB,"סנסודיין מנטה 75 מ""ל",מיליליטרים,75.00,"100 מ""ל",false,,21.90,0.2920,true,1,138422
7290012962578,false,צימרוני אוזניים עץ בקופסא 300 יחידות אינטרסאן,הדקלאים אגודת שיתופי,CN,צימרוני אוזניים עץ ב,יחידה,0.00,יחידה,false,,7.50,0.0000,true,1,191269
7290012982200,false,בשר 6 פילה מדומה חלק,,,בשר 6 פילה מדומה חלק,קילוגרמים,1.00,"ק""ג",true,,36.90,36.9000,false,1,263071
7290012982873,false,"פילה אמנון קפוא 7-9 בד""ץ",ג.עופר,IL,פילה אמנון 7-9,קילוגרמים,1.00,"ק""ג",true,,24.90,24.9000,false,1,150061
7290012983153,false,סילאן טבעי בקבוק לחיץ תמר כנרת 400 גר,מנדלז סי.אר. פרודקשן,IL,סילאן טבעי לחיץ 400,גרמים,400.00,100 גרם,false,,15.90,0.0398,true,1,147084
7290012983160,false,סילאן בקבוק לחיץ 400 גרם,"חצר כנרת מוצרי תמר אגש""ח",IL,סילאן לחיץ 400 גרם,גרמים,400.00,100 גרם,false,,11.50,0.0288,true,1,187491
7290012996672,false,סבון אסלה + בושם ל24 שעות ביום הפי,יוליניבר,IT,סבון אסלה+בושם,יחידה,80.00,יחידה,false,,9.90,0.1238,true,1,128392
7290012996702,false,הפי ג'ל דוחה עש ומבשם לארון הבגדים,יעקבי - הפי Hepi,IT,שקיות בד רחניות לבגד,יחידה,0.00,יחידה,false,,10.90,0.0000,true,1,128269
7290013027399,false,לחם קמח מלא קל בתוספת שיפון 750 ג' אנג'ל,מאפיית שלמה א. אנג'\ל בע,IL,לחם אנג'ל 100 בתוספת,גרמים,750.00,100 גרם,false,,15.90,0.0212,true,1,127471
7290013038432,false,מים אקווה נובה בקבוק יחיד,אקווה נובה Aqua Nova,IL,מים אקווה נובה 2ל,ליטרים,2.00,ליטר,false,,3.30,1.6500,true,1,262004
7290013083661,false,תחליף חלב מטרנה אקסטרה קר שלב 1 700 גרם,מטרנה תעשיות ש.מ,IL,מטרנה אקסטרה קר שלב,גרמים,700.00,100 גרם,false,,59.90,0.0856,false,1,125080
7290013083678,false,"מטרנה אקסטרה קר שלב 2 חסכון 700 גרם תמ""ל",מולינו ניקולי s.p.a,IL,מטרנה אקסטרה קר שלב,גרמים,700.00,100 גרם,false,,59.90,0.0856,false,1,125081
7290013083685,false,תחליף חלב מטרנה אקסטרה קר שלב 3 חסכון 700 גרם,מטרנה תעשיות ש.מ,IL,מטרנה אקסטרה קר שלב,גרמים,700.00,100 גרם,false,,59.90,0.0856,false,1,125082
7290013117212,false,בורקס פילו במילוי גבינה מעדנות 600 גר,מיוצר עי קונדיטוריית,IL,בורקס פילו מילוי גבי,גרמים,600.00,100 גרם,false,,19.90,0.0332,false,1,122933
7290013117229,false,"בורקס פילו במילוי תפו""א מעדנות 600 גר",מיוצר עי קונדיטוריית,IL,"בורקס פילו מילוי תפ""",גרמים,600.00,100 גרם,false,,19.90,0.0332,false,1,122934
7290013117243,false,בורקס פילו בולגרית מעדנות 600 גרם,מיוצר עי קונדיטוריית,IL,בורקס פילו בולגרית מ,גרמים,600.00,100 גרם,false,,19.90,0.0332,false,1,122936
7290013117410,false,בצק פריך מרודד למאפים מתוקים 900 ג' מעדנות,מיוצר עי קונדיטוריית,IL,בצק פריך מתוק מעדנות,גרמים,900.00,100 גרם,false,,21.90,0.0243,false,1,128114
7290013117427,false,בצק פריך מרודד למאפים מלוחים מעדנות 2*450 גרם,מיוצר עי קונדיטוריית,IL,בצק פריך מלוח מעדנות,גרמים,900.00,100 גרם,false,,19.90,0.0221,false,1,128115
7290013117526,false,בצק שמרים מרודד למאפים מתוקים מעדנות 900 גרם,"מעדנות בע""\מ",IL,בצק שמרים למאפים מתו,גרמים,900.00,100 גרם,false,,19.90,0.0221,false,1,132899
7290013121028,false,לחם לבן 500 גרם ללא גלוטן גרין לייט,אביב קונדיטוריה מעול,IL,לחם לבן ללא גלוטן גר,יחידה,0.00,יחידה,false,,17.90,0.0000,true,1,141930
7290013121035,false,לחם פשתן ללא גלוטן 500 גר קפוא,אביב קונדיטוריה מעול,IL,גרין ליין-לחם פשתן,גרמים,500.00,100 גרם,false,,19.90,0.0398,true,1,141931
7290013121042,false,לחם איטלקי ללא גלוטן 500 גר קפוא,אביב קונדיטוריה מעול,IL,גרין לייט-לחם איטלקי,גרמים,500.00,100 גרם,false,,19.90,0.0398,true,1,144139
7290013121110,false,לחמניות בורגר ללא גלוטן גרין לייט 4 * 87 גרם,אביב קונדיטוריה מעול,IL,גרין לייט-לחמניות בו,גרמים,350.00,100 גרם,false,,15.90,0.0454,true,1,144140
7290013121127,false,לחמניות מיני ללא גלוטן גרין לייט 6 יחידות,אביב קונדיטוריה מעול,IL,לחמניות מיני ללא גלו,יחידה,0.00,יחידה,false,,17.90,0.0000,true,1,141933
7290013121134,false,בייגל ללא גלוטן 430 גר קפוא,אביב קונדיטוריה מעול,IL,גרין ליין-בייגל אמרי,יחידה,0.00,יחידה,false,,19.90,0.0000,true,1,150004
7290013121158,false,לחמניות סנדוויץ ללא גלוטן גרין לייט 4 * 115 גרם,אביב קונדיטוריה מעול,IL,גרין ליין-לחמניות רב,גרמים,460.00,100 גרם,false,,17.90,0.0389,true,1,141934
7290013121165,false,לחמניות נקניקיה ללא גלוטן גרין לייט 6 * 77 גרם,אביב קונדיטוריה מעול,IL,שישיות לחמניות נקניק,יחידה,0.00,יחידה,false,,17.90,0.0000,true,1,141935
7290013121752,false,לחם לבן ביתי ללא גלוטן 700 גר קפוא,אביב קונדיטוריה מעול,IL,לחם לבן ביתי ללא גלו,גרמים,500.00,100 גרם,false,,21.90,0.0438,true,1,147105
7290013121769,false,רביעיית שליש באגט ללא תוספת סוכר וללא גלוטן,אביב קונדיטוריה מעול,IL,גרין ליין-לחמניות רב,גרמים,400.00,100 גרם,false,,17.90,0.0447,true,1,150770
7290013125279,false,פרשיס 60 מגבוני נייר טואלט לחים,,,מגבוני נייר טואלט לח,יחידה,0.00,יחידה,false,,6.90,0.0000,true,1,135388
7290013144157,false,תערובת להכנת סחלב 130גרם,א.ל ייצור ושיווק תבלינים,IL,סחלב 130 גר',גרמים,130.00,100 גרם,false,,9.90,0.0762,true,1,200191
7290013144195,false,מיימונס תערובת כדורי שוקולד 500 גרם.,א.ל ייצור ושיווק תבלינים,IL,תערובת כדורי שוקולד,יחידה,0.00,יחידה,false,,17.50,0.0000,true,1,199578
7290013144201,false,מיימונס תערובת פנקייק 400 גרם,א.ל ייצור ושיווק תבלינים,IL,תערובת פנקייק,יחידה,0.00,יחידה,false,,15.90,0.0000,true,1,199602
7290013144218,false,מיימונס תערובת עוגת וניל 560 גרם.,א.ל ייצור ושיווק תבלינים,IL,תערובת לעוגת וניל,גרמים,560.00,100 גרם,false,,17.50,0.0313,true,1,199831
7290013144232,false,מיימונס פודינג בטעם וניל 80 גרם,א.ל ייצור ושיווק תבלינים,IL,פודינג וניל 80 גר',גרמים,80.00,100 גרם,false,,5.60,0.0700,true,1,199579
7290013144317,false,מימונס ג'וני גלילית וופל למילוי 18 יחידות,הגביע מוצרי וופלים ב,IL,ג'וני גלילית וופל למ,יחידה,0.00,יחידה,false,,21.90,0.0000,true,1,199587
7290013144393,false,"תמצית בטעם וניל מימונס 50 מ""ל",א.ל ייצור ושיווק תבלינים,IL,תמצית אפיה בטעם וניל,מיליליטרים,50.00,"100 מ""ל",false,,4.90,0.0980,true,1,199589
7290013144416,false,"תמצית בטעם שקדים מימונס 50 מ""ל",א.ל ייצור ושיווק תבלינים,IL,תמצית אפיה בטעם שקדי,מיליליטרים,50.00,"100 מ""ל",false,,4.90,0.0980,true,1,199591
7290013144508,false,"תמצית בטעם ורדים מיימונס 50 מ""ל",מיוצר עי קונדיטוריית,IL,תמצית אפיה בטעם ורדי,מיליליטרים,50.00,"100 מ""ל",false,,8.90,0.1780,true,1,199833
7290013144515,false,מיימונס צבע מאכל צהוב 50 גרם,א.ל ייצור ושיווק תבלינים,IL,צבע מאכל צהוב,גרמים,50.00,100 גרם,false,,4.00,0.0800,true,1,199592
7290013144522,false,מימונס צבע מאכל ירוק 50 גרם,א.ל ייצור ושיווק תבלינים,IL,צבע מאכל ירוק,גרמים,50.00,100 גרם,false,,4.00,0.0800,true,1,199593
7290013144539,false,צבע מאכל אדום מימונס 50 גרם,א.ל ייצור ושיווק תבלינים,IL,צבע מאכל אדום,גרמים,50.00,100 גרם,false,,4.00,0.0800,true,1,199594
7290013144560,false,מיימונס צבע מאכל כחול 50 גרם,א.ל ייצור ושיווק תבלינים,IL,צבע מאכל כחול,גרמים,50.00,100 גרם,false,,4.00,0.0800,true,1,199595
7290013144614,false,"מיימונס סירופ מייפל אמיתי 100% מקנדה 236 מ""ל",הנסיך- מפעל לייצור ט,DK,סירופ מייפל אמיתי 10,יחידה,0.00,יחידה,false,,29.90,0.0000,true,1,199596
7290013144751,false,סירופ בטעם מייפל מימונס 500 גרם,א.ל ייצור ושיווק תבלינים,IL,סירופ בטעם מייפל 500,גרמים,500.00,100 גרם,false,,13.90,0.0278,true,1,199597
7290013144768,false,סירופ בטעם שוקולד מימונס 500 גרם,א.ל ייצור ושיווק תבלינים,IL,סירופ בטעם שוקולד 50,גרמים,500.00,100 גרם,false,,13.90,0.0278,true,1,199598
7290013144805,false,אבקת אייס קפה דיאט 320 גרם מימונס,מימונס אפייה,IL,אייס קפה דיאט 245 גר,גרמים,245.00,100 גרם,false,,19.90,0.0812,true,1,264892
7290013144911,false,מימונס מיקס שוקולד צ'יפס מריר וחלב 250 גרם,אינטרגטה תעשיות מזון 19),IL,מיקס שוקולד צ'יפס מר,גרמים,250.00,100 גרם,false,,14.90,0.0596,true,1,265017
7290013145017,false,אגוז מלך קלוף מיימונס 100 גרם,א.ל ייצור ושיווק תבלינים,IL,אגוז מלך קלוף 100 גר,גרמים,100.00,100 גרם,false,,12.90,0.1290,true,1,201177
7290013145024,false,מיימונס אגוז מלך טחון 100 גרם,א.ל ייצור ושיווק תבלינים,IL,אגוז מלך טחון,יחידה,0.00,יחידה,false,,13.90,0.0000,true,1,199604
7290013145048,false,מיימונס צנוברים 100 גרם,א.ל ייצור ושיווק תבלינים,IL,צנוברים 100 גר',גרמים,100.00,100 גרם,false,,27.90,0.2790,true,1,200189
7290013145062,false,"סירופ מייפל אמיתי 100% מימונס 187 מ""ל",מימונס אפייה,CA,סירופ מייפל אמיתי 18,מיליליטרים,187.00,"100 מ""ל",false,,19.90,0.1064,true,1,203988
7290013145079,false,שקד רכיבים טבעיים גרוס מיימונס 100 גרם,מימונס אפייה,IL,שקד טבעי גרוס 100 גר,גרמים,100.00,100 גרם,false,,13.90,0.1390,true,1,201681
7290013145109,false,שקד מולבון טחון מימונס 100 גרם,א.ל ייצור ושיווק תבלינים,IL,שקד מולבן טחון,יחידה,0.00,יחידה,false,,13.90,0.0000,true,1,199606
7290013145116,false,מיימונס שקד מולבן מקלות 100 גרם.,א.ל ייצור ושיווק תבלינים,IL,שקד מולבן מקלות,יחידה,0.00,יחידה,false,,13.90,0.0000,true,1,199607
7290013145123,false,מיימונס שקד מולבן פרוס 100 גרם,א.ל ייצור ושיווק תבלינים,IL,שקד מולבן פרוס 100 ג,גרמים,100.00,100 גרם,false,,13.90,0.1390,true,1,200190
7290013145130,false,"שקד מולבן חצוי 100 גרם ""מיימונס",מימונס אפייה,IL,שקד מולבן חצוי 100 ג,גרמים,100.00,100 גרם,false,,13.90,0.1390,true,1,201683
7290013145192,false,שומשום מיימונס 100 גרם,א.ל ייצור ושיווק תבלינים,IL,שומשום 100 גר',גרמים,100.00,100 גרם,false,,5.50,0.0550,true,1,202167
7290013145215,false,שומשום מימונס 400 גרם,א.ל ייצור ושיווק תבלינים,IL,שומשום 400 גר' מימונ,גרמים,400.00,100 גרם,false,,15.90,0.0398,true,1,209317
7290013145277,false,עלים לקרמשניט מימונס 300 גרם,מימונס אפייה,IT,עלים לקרמשניט 300 גר,גרמים,300.00,100 גרם,false,,16.90,0.0563,true,1,199851
7290013145390,false,מימונס שוקולד צ'יפס מהדרין 250 גר,אינטרגטה תעשיות מזון 19),IL,שוקולד צ'יפס 250 גר',גרמים,250.00,100 גרם,false,,8.90,0.0356,true,1,199608
7290013145406,false,שוקולד צ'יפס לבן מיימונס 250 גרם,אינטרגטה תעשיות מזון 19),IL,שוקולד צ'יפס לבן 250,גרמים,250.00,100 גרם,false,,8.90,0.0356,true,1,199609
7290013145437,false,שוקולד מריר מעולה ציפס מימונס 250 ג',אינטרגטה תעשיות מזון 19),IL,שוקולד צ'יפס אמיתי 4,גרמים,250.00,100 גרם,false,,14.50,0.0580,true,1,205893
7290013145444,false,שוקולד מריר מעולה ציפס 66% מימונס 250 ג',המאפיה של הרמן,IL,שוקולד צ'יפס 66%,גרמים,250.00,100 גרם,false,,15.90,0.0636,true,1,199852
7290013145529,false,סוכריות צבעוניות לקישוט מימונס 90 גרם,א.ל ייצור ושיווק תבלינים,IL,סוכריות צבעוניות לעו,גרמים,90.00,100 גרם,false,,5.90,0.0656,true,1,199853
7290013145536,false,סוכריות לקישוט בטעם שוקולד מיימונס 85 גרם,א.ל ייצור ושיווק תבלינים,IL,סוכריות בטעם שוקולד,גרמים,85.00,100 גרם,false,,5.90,0.0694,true,1,199854
7290013145567,false,מיימונס מיני מיני עדשים 90 גרם.,א.ל ייצור ושיווק תבלינים,IL,סוכריות מיני מיני עד,גרמים,90.00,100 גרם,false,,10.90,0.1211,true,1,199968
7290013145628,false,סוכריות צבעוניות לקישוט מימונס 200 גרם,א.ל ייצור ושיווק תבלינים,IL,סוכריות צבעוניות לקי,גרמים,200.00,100 גרם,false,,8.90,0.0445,true,1,199610
7290013145710,false,מיימונס דובדבנים מסוכרים 100 גרם,א.ל ייצור ושיווק תבלינים,IL,דובדבנים מסוכרים,יחידה,0.00,יחידה,false,,8.90,0.0000,true,1,199611
7290013145840,false,סוכר וניל מיימונס 10 יחידות,א.ל ייצור ושיווק תבלינים,IL,סוכר וניל 10 יח' בצל,יחידה,0.00,יחידה,false,,2.50,0.0000,true,1,199612
7290013145857,false,אבקת אפיה מיימונס 10 יחידות,מימונס אפייה,IL,אבקת אפיה 10 יח' בצל,יחידה,0.00,יחידה,false,,2.50,0.0000,true,1,199613
7290013145864,false,אבקת ג'לטין טהור מיימונס 28 גרם,א.ל ייצור ושיווק תבלינים,IL,ג'לטין טהור אבקה,גרמים,28.00,100 גרם,false,,11.90,0.4250,true,1,199614
7290013145901,false,סודה לשתיה מיימונס 100 גרם,א.ל ייצור ושיווק תבלינים,IL,סודה לשתיה 100 גר',גרמים,100.00,100 גרם,false,,1.90,0.0190,true,1,202168
7290013145918,false,אבקת סוכר מיימונס 100 גרם,א.ל ייצור ושיווק תבלינים,IL,אבקת סוכר 100 גר',גרמים,100.00,100 גרם,false,,1.90,0.0190,true,1,199969
7290013145949,false,אבקת סוכר פטנט מימונס 250 גרם,א.ל ייצור ושיווק תבלינים,IL,אבקת סוכר בפלסטיק,גרמים,250.00,100 גרם,false,,15.90,0.0636,true,1,199615
7290013145956,false,שמרים יבשים בוואקום מיימונס 500 גרם,הנסיך- מפעל לייצור ט,CN,שמרים יבשים בוואקום,גרמים,500.00,100 גרם,false,,14.90,0.0298,true,1,199616
7290013145963,false,שמרים יבשים בוואקום מיימונס 125 גרם,מימונס אפייה,CN,שמרים יבשים 125 גר',גרמים,125.00,100 גרם,false,,5.90,0.0472,true,1,201182
7290013145970,false,קורנפלור מימונס בשקית 200 ג',א.ל ייצור ושיווק תבלינים,IL,קורנפלור בשקית 200 ג,גרמים,200.00,100 גרם,false,,3.90,0.0195,true,1,199942
7290013146083,false,מיימונס מלית חלבה 400 גרם,אינטרגטה תעשיות מזון 19),IL,מלית חלבה לאפיה,גרמים,400.00,100 גרם,false,,14.90,0.0373,true,1,206411
7290013146403,false,סירופ בטעם קרמל מלוח מימונס 500 גרם,א.ל ייצור ושיווק תבלינים,IL,מימונס סירופ בטעם קר,גרמים,500.00,100 גרם,false,,15.90,0.0318,true,1,208638
7290013146427,false,נשיקות לקישוט צבע לבן מימונס 60 גרם,"מימונס אפיה בע""מ",IL,נשיקות לקישוט צבע לב,גרמים,60.00,100 גרם,false,,14.90,0.2483,true,1,213964
7290013146656,false,כוכבים תכלת ירוק לבן לקישוט 60 גרם,"מימונס אפיה בע""מ",IL,כוכבים תכלת ירוק לבן,גרמים,60.00,100 גרם,false,,11.90,0.1983,true,1,213353
7290013146663,false,אטריות צבעוניות לקישוט מימונס 55 גרם,"מימונס אפיה בע""מ",IL,אטריות צבעוניות לקיש,גרמים,55.00,100 גרם,false,,11.90,0.2164,true,1,213354
7290013146670,false,סוכריות לב סגול ורוד לבן לקישוט 60 גרם,"מימונס אפיה בע""מ",IL,סוכריות לב סגול ורוד,גרמים,60.00,100 גרם,false,,11.90,0.1983,true,1,213967
7290013146724,false,אבקת אייס קפה 350 גרם מימונס,מימונס אפייה,IL,אייס קפה 350 גר' מימ,גרמים,350.00,100 גרם,false,,16.90,0.0483,true,1,261436
7290013146854,false,קוקוס לבן טחון מימונס 400 ג',א.ל ייצור ושיווק תבלינים,IL,קוקוס לבן טחון 400 ג,גרמים,400.00,100 גרם,false,,15.90,0.0398,true,1,205966
7290013151322,false,סטאר פוד סרדין במי מלח 125 ג',יוניון דה פחריס,MA,סרדינים במי מלח,גרמים,125.00,100 גרם,false,,4.90,0.0392,true,1,145217
7290013151360,false,"סטאר פוד מי פריחת הדרים 500 מ""ל",אלימאד פוד,,מי פריחת הדרים,מיליליטרים,500.00,"100 מ""ל",false,,16.90,0.0338,true,1,195767
7290013151636,false,פילה סרדין בשמן זית,יוניון דה פחריס,,פילה סרדין בשמן זית,גרמים,90.00,100 גרם,false,,9.90,0.1100,true,1,193026
7290013153395,false,פריגת סחוט טרי רימונים 1ליטר,פריגת מצוננים,IL,פריגת סחוט רימון 1 ל,ליטרים,1.00,ליטר,false,,23.90,23.9000,true,1,187980
7290013153418,false,פריגת סחוט לימונענע 1 ליטר,פריגת מצוננים,IL,פריגת סחוט לימונענע,ליטרים,1.00,ליטר,false,,16.00,16.0000,true,1,189499
7290013153432,false,"פריגת סחוט לימונענע 400 מ""ל",היינץ צפון אמריקה מק,IL,פריגת סחוט לימונענע,מיליליטרים,400.00,"100 מ""ל",false,,9.50,0.0238,true,1,189925
7290013153593,false,תפוזים מתקתק 100% פריגת 1 ליטר,"גת גבעת חיים,",IL,מיץ תפוזים מתקתק 1 ל,ליטרים,1.00,ליטר,false,,12.50,12.5000,false,1,197981
7290013181015,false,"צלחות עגולות עלי דקל קוטר 25 ס""מ",תבניכל,IL,צלחות עגולות גדולות,יחידה,0.00,יחידה,false,,12.90,0.0000,true,1,136328
7290013181206,false,"צלחות מרובעות עלי דקל 25*25 ס""מ",תבניכל,,צלחת מרובעת גדולה,יחידה,0.00,יחידה,false,,12.90,0.0000,true,1,136334
7290013267665,false,סולרו מיני קלאסי - פירות טרופיים (חלבי),"מיוצר ע""\י גלידת שטראוס",IL,מאגדת מיני סולרו פיר,גרמים,354.00,100 גרם,false,,25.90,0.0732,true,1,135944
7290013268020,false,מקסימה מרכך כביסה מרוכז בניחוח אולטרא פרש סנו 1 ליטר,"סנו מפעלי ברונוס בע""\מ",IL,מרכך מרוכז א. פרש 1ל,ליטרים,1.00,ליטר,false,,16.90,16.9000,true,1,124365
7290013268037,false,מקסימה מרכך כביסה מרוכז בניחוח לבנדר פצ'ולי סנו 1 ליטר,"סנו מפעלי ברונוס בע""\מ",IL,מרכך כביסה מרוכז פצ',ליטרים,1.00,ליטר,false,,16.90,16.9000,true,1,124179
7290013268242,false,תרכיז ריחני לניקוי רצפות בריח מלון מפנק ריצפז פרש,"סנו מפעלו ברונוס בע""\מ",IL,ריצפז פרש הום מלון מ,ליטרים,2.00,ליטר,false,,21.90,10.9500,false,1,210039
7290013268839,false,פוליויקס פרקט-תרכיז ריחני לניקוי רצפות עץ,"סנו מפעלי ברונוס בע""\מ",IL,פוליויקס פרקט בניחוח,ליטרים,2.00,ליטר,false,,19.90,9.9500,true,1,202688
7290013268884,false,"נוזל רצפות מאסק 2 ליטר ""ריצפז פרש""",מיוצר עי קונדיטוריית,IL,ריצפז פרש מאסק 2 ל',ליטרים,2.00,ליטר,false,,17.90,8.9500,false,1,126712
7290013268891,false,אוקסיג'ן ג'ל ללא אקונומיקה עם חמצן פעיל סנו 3 ליטר,"סנו מפעלי ברונוס בע""\מ",IL,ג'ל אוקסיג'ן 3 ליטר,ליטרים,3.00,ליטר,false,,29.90,9.9667,true,1,134788
7290013268983,false,מרכך כביסה סופר מרוכז בבישום עוצמתי סנו מקסימה 1 ל',"סנו מפעלי ברונוס בע""\מ",IL,מרכך מרוכז 1 ליטר JO,ליטרים,1.00,ליטר,false,,16.90,16.9000,false,1,219238
7290013268990,false,מרכך כביסה מרוכז לבן ביו סנו מקסימה 1 ליטר,"סנו מפעלי ברונוס בע""\מ",IL,מרכך מרוכז מקסימה 1,ליטרים,1.00,ליטר,false,,16.90,16.9000,true,1,128186
7290013269003,false,מרכך כביסה סופר מרוכז בייבי לתינוקות ולעור רגיש,"סנו מפעלי ברונוס בע""\מ",IL,מרכך מרוכז מקסימה בי,ליטרים,1.00,ליטר,false,,18.90,18.9000,true,1,128187
7290013269096,false,מטליות לחות לטיפול במוצרי עור,מיוצר עי קונדיטוריית,IL,מטליות לניקוי עור,יחידה,0.00,יחידה,false,,14.90,0.0000,true,1,144189
7290013269157,false,"מרכך מבשם למייבש כביסה לבנדר סנו מקסימה 750 מ""ל",סנו מקסימה,,מקסימה למייבש לבנדר,מיליליטרים,750.00,"100 מ""ל",false,,19.90,0.0265,true,1,133909
7290013269263,false,ג'ל כביסה מרוכז מקסימה בבישום קריסטל נואר,סנו מפעלי ברונוס בעמ,IL,ג'ל כביסה קריסטל 3 ל,ליטרים,3.00,ליטר,false,,31.90,10.6333,true,1,134891
7290013269287,false,סנו - מקסימה ג'ל כביסה מרוכז מאסק 3 ליטר,"סנו מפעלי ברונוס בע""\מ",IL,ג'ל כביסה מאסק 3 ליט,ליטרים,3.00,ליטר,false,,31.90,10.6333,true,1,136119
7290013269300,false,ניילון נצמד פלוס סנו סושי 150 מטר,"מיוצר בהונג קונג, סי",IL,ניילון נצמד 150 מטר,יחידה,0.00,יחידה,false,,24.90,0.0000,true,1,141628
7290013269621,false,ריצפז פרש לניקוי רצפות בניחוח מלון בוטיק,מיוצר עי קונדיטוריית,IL,ריצפז פרש הום בניחוח,ליטרים,2.00,ליטר,false,,21.90,10.9500,false,1,204463
7290013269645,false,ריצפז פרש מטליות לחות לריצפה בניחוח מאסק 10 יחידות,סנו מפעלי ברונוס בעמ,IL,מטליות רצפז פרש,יחידה,0.00,יחידה,false,,12.90,0.0000,true,1,142979
7290013269669,false,ריצפז בניחוח פנטזיה לניקוי הרצפה,"סנו מפעלי ברונוס בע""",IL,ריצפז פנטזיה 3 ליטר,ליטרים,3.00,ליטר,false,,12.90,4.3000,true,1,137580
7290013269690,false,סנובון /פיסגה ג'ל בניחוח לימון-מרכז,Nicolas polandמשווק,PL,ג'ל אסלה סנובון לימו,מיליליטרים,55.00,"100 מ""ל",false,,7.90,0.1436,true,1,137107
7290013269751,false,מטליות לחותריצפז פרש לניקוי ריצפה בניחות מלון בוטיק 10 יח' סנו,טרופיקל דגיל תעשיות,IL,ריצפז מטליות לחות לנ,יחידה,0.00,יחידה,false,,12.90,0.0000,true,1,204946
7290013269850,false,נייר אפיה אקולוגי סנו סושי 50 יחידות,מולינו ניקולי s.p.a,IL,סושי נייר אפיה 50 יח,יחידה,0.00,יחידה,false,,14.90,0.0000,true,1,133082
7290013269911,false,"סנו K-333 קוטל חרקים ללא ריח 750מ""ל","סנו מפעלי ברונוס בע""",IL,333 K,מיליליטרים,750.00,"100 מ""ל",false,,29.90,0.0399,true,1,136994
7290013276124,false,"בקבוק בירה נגב אמבר אייל 330 מ""ל",הכרם משקאות חריפים בעמ,IL,נגב אמבר אייל בירה,מיליליטרים,330.00,"100 מ""ל",false,,13.90,0.0421,true,1,189310
7290013284310,false,רוטב פסטה לילדים פריניר 240 גרם,פריניר ( הדס 1987) ב,IL,רוטב פסטה לילדים,גרמים,240.00,100 גרם,false,,4.60,0.0192,true,1,150269
7290013310590,false,מטלית הפלא 30X30 UNISUN חמישיה,יוניסאן,,מטלית הפלא מיקרופייב,יחידה,0.00,יחידה,false,,10.90,0.0000,true,1,190077
7290013310675,false,מטלית הפלא לרצפות שלישיה UNISUN 50X80,יוניסן,,מטלית הפלא לרצפות של,יחידה,0.00,יחידה,false,,19.90,0.0000,true,1,190796
7290013358356,false,מאסטר שף - פירורי לחם מוזהבים 320 גרם,מנה י.א בעמ,IL,מנה פירורי לחם מוזהב,גרמים,350.00,100 גרם,false,,6.90,0.0197,true,1,137689
7290013358363,false,מאסטר שף פרורי לחם פנקו עבים בסגנון יפני 300 גר,קריניציה ויטמינה אס,IL,פירורי לחם פנקו מוזה,גרמים,300.00,100 גרם,false,,9.90,0.0330,true,1,137690
7290013358370,false,פנקו פירורי לחם מאסטר שף בטעם שום 300 גרם,"מיוצר ע""י מנה י.א בע",IL,פרורי לחם פנקו בטעם,גרמים,300.00,100 גרם,false,,9.90,0.0330,true,1,137691
7290013358417,false,מאסטר שף אסייאתי רוטב טריאקי 300 מל כשלפ,קריניציה ויטמינה אס,TH,רוטב טריאקי מנה,מיליליטרים,300.00,"100 מ""ל",false,,9.90,0.0330,true,1,186433
7290013358431,false,מאסטר שף קרוטונים לסלט עגבניות ובזיליקום,עינת תעשיות מזון אגו,IL,מנה קרוטונים לסלט בת,גרמים,200.00,100 גרם,false,,12.90,0.0645,true,1,143860
7290013358448,false,"קרוטונים לסלט אקסטרה ארוכים בתיבול שום, בצל ופטרוזיליה",עינת תעשיות מזון אגו,IL,מנה קרוטונים לסלט 4,גרמים,200.00,100 גרם,false,,12.90,0.0645,true,1,143861
7290013358462,false,"מיני קרוטונים למרק בתיבול שום, בצל ופטרוזיליה","עינת תעשיות מזון, אגשח ב",IL,מיני קרוטונים למרק ש,גרמים,350.00,100 גרם,false,,18.90,0.0540,true,1,143863
7290013358523,false,מאסטר שף שבבי בצל מטוגן 150 גרם,קריניציה ויטמינה אס,NL,שבבי בצל מנה,גרמים,150.00,100 גרם,false,,12.90,0.0860,true,1,148987
7290013358530,false,מאסטר שף אסייאתי רוטב צ'ילי מתוק 700 מל כשלפ,קריניציה ויטמינה אס,TH,רוטב צ'ילי מתוק מנה,מיליליטרים,700.00,"100 מ""ל",false,,12.90,0.0184,true,1,186324
7290013358547,false,מאסטר שף אסייאתי רוטב צ'ילי חריף 700 מל כשלפ,קי.אר.אס. ספייסי פוד,TH,רוטב צ'ילי חריף מנה,מיליליטרים,700.00,"100 מ""ל",false,,12.90,0.0184,true,1,186426
7290013358585,false,מנה אסייאתי נודלס ביצים להקפצה 400 מ.שף,הנסיך- מפעל לייצור ט,CN,נודלס ביצים להקפצה מ,גרמים,400.00,100 גרם,false,,7.90,0.0198,true,1,186837
7290013358837,false,מנה מאגדת פריכיות אורז עם מלח 264 גרם,Mana,,מאגדת פריכיות אורז ל,גרמים,264.00,100 גרם,false,,12.90,0.0489,true,1,197615
7290013366047,false,כרובית פיורטי (כרובית+ברוקולי),כרמלים שדות חדשים,IL,כרובית פיורטי 500 גר,גרמים,500.00,100 גרם,false,,21.90,0.0438,true,1,210244
7290013366085,false,תירס סופר סוויט ארוז,כרמלים שדות חדשים,IL,תירס מקולף מתוק במיו,יחידה,0.00,יחידה,false,,19.90,0.0000,true,1,187691
7290013366153,false,ברוקומיני ארוז בשקית,שוורצקופף והנקל,IL,ברוקומיני 300 גר',גרמים,300.00,100 גרם,false,,22.90,0.0763,true,1,214052
7290013366221,false,נבטי חמנייה כרמל יבו,שחף שיווק,IL,נבטי חמניה,יחידה,0.00,יחידה,false,,9.50,0.0000,true,1,127667
7290013366252,false,קטניות מונבטות יחידה,כרמלים שדות חדשים,IL,נבטוטי קטניות כרמל י,יחידה,0.00,יחידה,false,,8.90,0.0000,true,1,127670
7290013366634,false,כרמל יבולים חסה סלנו,שמיניית מעדן חלב שוק,IL,חסה SALANOVA,יחידה,0.00,יחידה,false,,12.90,0.0000,true,1,127647
7290013366641,false,רוקולה כרמלים 160 גר,מרינה פטריות הגליל,IL,רוקלה כרמל יבולים,יחידה,0.00,יחידה,false,,12.90,0.0000,true,1,127685
7290013366665,false,חסה גמביט קראנצית יחידה,כרמלים שדות חדשים,IL,חסה גמביט,יחידה,0.00,יחידה,false,,12.90,0.0000,true,1,259973
7290013366719,false,פאק צ'וי כרמל יבולם,כרמלים שדות חדשים,IL,פאק צ'וי כרמל יבולם,יחידה,0.00,יחידה,false,,12.90,0.0000,true,1,149965
7290013366986,false,ביצי חופש 18 יח' L,,,ביצי חופש 18 יח' L,יחידה,0.00,יחידה,false,,26.90,0.0000,false,1,266054
7290013381088,false,עמבה הודית נאמן 500 גר',נאמן,IL,עמבה הודית,גרמים,500.00,100 גרם,false,,9.40,0.0188,true,1,213103
7290013381316,false,לזניה 500 גר',PASTIFICIO FAZION,,לזניה 500 גר',גרמים,500.00,100 גרם,false,,14.50,0.0290,true,1,191813
7290013381323,false,לימונלה מיץ לימון,ITAL LEMON,,מיץ לימון 1 ליטר,ליטרים,1.00,ליטר,false,,16.00,16.0000,true,1,143218
7290013381712,false,קיסם שינויים+חוט דנטלי בקופסא 60יח,,,קיסם שיניים+חוט דנטל,יחידה,0.00,יחידה,false,,9.50,0.0000,true,1,141478
7290013381897,false,טורטיות מקמח חיטה 8י,GRAFER,IL,טורטיות מקמח חיטה 8י,יחידה,0.00,יחידה,false,,9.50,0.0000,true,1,157760
7290013381903,false,טורטיות גדול מקמח חיטה,GRAFER,,טורטיות גדול מקמח חי,יחידה,0.00,יחידה,false,,10.00,0.0000,true,1,143530
7290013381910,false,"טורטיות ללא חומר משמר דגנים 20 ס""מ 8",GRAFER,,טורטיות מדגנים 8יח,גרמים,320.00,100 גרם,false,,9.50,0.0297,true,1,157761
7290013389114,false,ניוקי תפוח אדמה לה פסטה 500 גרם,לה פסטה La' Pasta,,"לה פסטה ניוקי תפו""א",גרמים,500.00,100 גרם,false,,6.90,0.0138,true,1,190337
7290013389138,false,"ניוקי 500 ג' ""לה פסטה"" שלושה צבעים 500 גר' 12X",Ciemme alimentari sr,,ניוקי שלושה צבעים,גרמים,500.00,100 גרם,false,,6.90,0.0138,true,1,151181
7290013389145,false,"ניוקי 500 ג' ""לה פסטה"" מיני 500 גר' 12X",לה פסטה La' Pasta,,לה פסטה ניוקי מיני,גרמים,500.00,100 גרם,false,,6.90,0.0138,true,1,191809
7290013389398,false,"קמח תירס דק 1 ק""ג פולנטה",פיקטה piccata,,קמח תירס דק,קילוגרמים,1.00,"100 ק""ג",false,,10.90,10.9000,true,1,195171
7290013430083,false,"בירה אלכסנדר בלונד בקבוק 330 מ""ל",מנדלז סי.אר. פרודקשן,IL,אלכסנדר-BLOND בירה,מיליליטרים,330.00,"100 מ""ל",false,,12.90,0.0391,true,1,136226
7290013430090,false,בירה אלכסנדר אמברה AMBREE בירה ישראלית,מנדלז סי.אר. פרודקשן,IL,אלכסנדר-AMBREE בירה,מיליליטרים,330.00,"100 מ""ל",false,,12.90,0.0391,true,1,136227
7290013430250,false,"בירה אלקסנדר חיטה ישראלית כרמל 330 מ""ל",אלכסנדר- בירה ישראלית מע,IL,בירה אלכסנדר חיטה יש,מיליליטרים,330.00,"100 מ""ל",false,,12.90,0.0391,true,1,201800
7290013440648,false,מאגדת שלגוני אבטיח נסטלה 5 יחידות,גלידות נסטלה )נגה גלידות,IL,מאגדת קרחוני אבטיח 5,גרמים,540.00,100 גרם,false,,22.90,0.0424,true,1,135962
7290013442062,false,יוגורט עדין קטיפתי 6,מוטק'ה החולב,,יוגורט עדין קטיפתי,מיליליטרים,650.00,"100 מ""ל",false,,21.00,0.0323,false,1,126765
7290013442246,false,לבנה 9% מוטקה החולב,מוטק'ה החולב,IL,לבנה 9% מוטקה החולב,גרמים,280.00,100 גרם,false,,17.90,0.0639,false,1,263794
7290013442253,false,צפתית 16% מוטקה חולב,מוטק'ה החולב,IL,צפתית 16% מוטקה חולב,גרמים,250.00,100 גרם,false,,22.90,0.0916,false,1,263795
7290013442260,false,גבינה צפתית קצח כבשי,מוטק'ה החולב,IL,צפתית קצח 16% מוטקה,גרמים,250.00,100 גרם,false,,22.90,0.0916,false,1,263796
7290013442277,false,גבינה בסגנון פטה יוו,מוטק'ה החולב,IL,פטה 26% מוטקה החולב,גרמים,250.00,100 גרם,false,,31.90,0.1276,false,1,263797
7290013442284,false,גבינת ברי כבשים 140ג,מוטק'ה החולב,IL,ברי 22% מוטקה החולב,גרמים,140.00,100 גרם,false,,25.90,0.1850,true,1,263798
7290013442291,false,גבינת קממבר כבשים 14,מוטק'ה החולב,IL,קממבר 22% מוטקה החול,גרמים,140.00,100 גרם,false,,25.90,0.1850,false,1,263799
7290013442307,false,גבינת קממבר פקאן כבש,מוטק'ה החולב,IL,קממבר פקאן 23% מוטקה,גרמים,140.00,100 גרם,false,,25.90,0.1850,false,1,263800
7290013442314,false,גבינת סנט מור כבשים,מוטק'ה החולב,IL,סנט מור 22% מוטקה הח,גרמים,150.00,100 גרם,false,,28.90,0.1927,false,1,263801
7290013442321,false,גבינת כבשה צהובה בסגנון גאודה 150 גר,מוטק'ה החולב,IL,כבשה צהובה 27% מוטקה,גרמים,150.00,100 גרם,false,,25.90,0.1727,false,1,263802
7290013442338,false,גבינת כבשה חרדלית 150 גר,מוטק'ה החולב,IL,כבשה חרדלתי 27% מוטק,גרמים,150.00,100 גרם,false,,25.90,0.1727,false,1,263803
7290013442345,false,גבינה ארוטן כמהין עובש כמהין 150 גר,מוטק'ה החולב,IL,ארוטן כמהין 23% מוטק,גרמים,150.00,100 גרם,false,,29.90,0.1993,false,1,263804
7290013444547,false,מגבת פנים ג'אקרד,,,מגבת פנים ג'אקרד,יחידה,0.00,יחידה,false,,24.90,0.0000,true,1,189363
7290013451927,false,פריכיות כוסמת ללא תוספת מלח,זן - בר,IL,פריכיות כוסמת טבעי 1,גרמים,160.00,100 גרם,false,,9.90,0.0619,true,1,141864
7290013453068,false,עוגיות כוסמין ופירות יער ללא ת.ס 240 גר,האי נאם סי או אל.טי.,IL,עוגיות כוסמין ופירות,גרמים,240.00,100 גרם,false,,22.90,0.0954,true,1,149895
7290013453075,false,"דני וגלית עוגיות שיבולת שועל, טחינה וסילאן",דני וגלית בעמ,IL,עוגיות שיבולת שועל ט,גרמים,270.00,100 גרם,false,,22.90,0.0848,true,1,160138
7290013453082,false,עוגיות כוסמין שוקולדצ'יפס 230 גרם,,IL,עוגיות גרנולה ושוקול,גרמים,230.00,100 גרם,false,,22.90,0.0996,true,1,138363
7290013453105,false,דני וגלית עוגיות לתה מקמח מלא,,IL,"עוגיות לתה -""דני וגל",גרמים,240.00,100 גרם,false,,19.90,0.0829,true,1,138375
7290013453112,false,ריבועי כוסמין ללא ת.סוכר 250 גר,,IL,עוגיות ריבועי גרנולה,גרמים,250.00,100 גרם,false,,22.90,0.0916,true,1,138364
7290013453136,false,עוגיות כוסמין שטרודל תפוחים ללא תוספת סוכר טבעוני,דני וגלית,IL,עוגיות כוסמין בניחוח,גרמים,230.00,100 גרם,false,,22.90,0.0996,true,1,138365
7290013453174,false,קריספיס אגוזי לוז ומשמש 170 גר,האי נאם סי או אל.טי.,IL,קריספי'ס קרקרים אגוז,גרמים,170.00,100 גרם,false,,24.90,0.1465,true,1,265977
7290013453235,false,עוגיות טחינה וכוסמין230ג,דני וגלית בעמ,IL,עוגיות טחינה וכוסמין,גרמים,230.00,100 גרם,false,,22.90,0.0996,true,1,149002
7290013453242,false,עוגיות אניס מרוקאיות,,IL,עוגיות אניס מרוקאיות,גרמים,230.00,100 גרם,false,,19.90,0.0865,true,1,148438
7290013453600,false,עוגיות ביסקוטי שוקולדציפס ואגוזי לוז,"דני וגלית בע""מ",IL,עוגיות ביסקוטי שוקול,יחידה,0.00,יחידה,false,,22.90,0.0000,true,1,199201
7290013453617,false,עוגיות ביסקוטי שקדים וקוקוס לנמנעים לגלוטן,האי נאם סי או אל.טי.,IL,עוגיות ביסקוטי שקדים,גרמים,200.00,100 גרם,false,,24.90,0.1245,true,1,214349
7290013453624,false,דני וגלית עוגיות שוקולדצ'יפס מקמח שקדים וקמח אורז מלא 230 גרם,"דני וגלית בע""מ",IL,עוגיות שוקולד צ'יפס,יחידה,0.00,יחידה,false,,24.90,0.0000,true,1,206138
7290013453679,false,עוגיות אוכמניות ותפוז מקמח שקדים 230 גרם,דני וגלית בעמ,IL,עוגיות אוכמניות וגרי,גרמים,230.00,100 גרם,false,,24.90,0.1083,true,1,260687
7290013453686,false,"עוגיות מייפל ופקאן לל""ג 230 גרם",דני וגלית,IL,עוגיות קמח שקדים מיי,גרמים,230.00,100 גרם,false,,24.90,0.1083,true,1,266549
7290013453693,false,"עוגיות גרידת לימון וקשיו לל""ג 230 גרם",דני וגלית,IL,עוגיות קמח שקדים גרי,גרמים,230.00,100 גרם,false,,24.90,0.1083,true,1,266550
7290013472199,false,ערמונים קלופים וקלויים 105 גרם,בייג'גג פוינונג,CN,ערמונים קלופים וקלוי,גרמים,105.00,100 גרם,false,,5.50,0.0524,true,1,134019
7290013520067,false,לחמניות אצבע ארוז 10 יח,מאפיית אגמי,IL,מארז 10 לחמניות אצבע,גרמים,750.00,100 גרם,false,,12.90,0.0172,true,1,194312
7290013520463,false,לחם בריאות ושובע כוס,מאפיית אגמי,,לחם כוסמין אגמי,גרמים,600.00,100 גרם,false,,16.60,0.0277,true,1,191585
7290013520500,false,לחמניה ביס כוסמין מלא 8יח,מאפיית אגמי,IL,לחמניות ביס כוסמין,גרמים,400.00,100 גרם,false,,16.60,0.0415,true,1,198054
7290013521187,false,ספגטי עדשים אדומות אורגני 250 גרם ללא גלוטן,השדה מוצרים טבעיים ו,IT,ספגטי עדשים אדומות א,גרמים,250.00,100 גרם,false,,12.90,0.0516,true,1,210531
7290013521194,false,טורטיליוני כוסמת ללא גלוטן אורגני השדה 250גרם,השדה מוצרים טבעיים ו,IT,טורטיליוני כוסמת אור,גרמים,250.00,100 גרם,false,,12.90,0.0516,true,1,210532
7290013521200,false,פוזילי אפונה ירוקה ללא גלוטן אורגני השדה 250גרם,השדה מוצרים טבעיים ו,IT,פסטה פוזילי אפונה יר,גרמים,250.00,100 גרם,false,,12.90,0.0516,true,1,210533
7290013521217,false,"פנה אורז מלא לל""ג אורגני 250 גרם",השדה מוצרים טבעיים ו,,פסטה פנה אורז מלא או,גרמים,250.00,100 גרם,false,,12.90,0.0516,true,1,210534
7290013521309,false,מיונז אורגני השדה 33,השדה מוצרים טבעיים ו,NL,מיונז אורגני,גרמים,330.00,100 גרם,false,,20.90,0.0633,true,1,149015
7290013521347,false,חרדל דיזון אורגני 200 גר,השדה מוצרים אורגניים,NL,חרדל דיז'ון אורגני,גרמים,200.00,100 גרם,false,,13.90,0.0695,true,1,194678
7290013521408,false,אבקת מרק ירקות אורגנית 200 גרם,השדה מוצרים אורגניים,NL,אבקת מרק ירקות אורגנ,גרמים,200.00,100 גרם,false,,21.90,0.1095,true,1,149103
7290013521415,false,אבקת מרק בטעם עוף אורגני השדה מוצרים אורגנים 200 גרם,השדה מוצרים אורגניים,NL,אבקת מרק טעם עוף אור,גרמים,200.00,100 גרם,false,,21.90,0.1095,true,1,149104
7290013521743,false,שקדי מרק מקמח כוסמין 400 גר,,,שקדי מרק מקמח כוסמין,גרמים,400.00,100 גרם,false,,15.90,0.0398,true,1,197278
7290013531117,false,רוטב פסטה לילדים 240 גרם יכין,"זנלכל בע""\מ",IL,רוטב פסטה לילדים יכי,גרמים,240.00,100 גרם,false,,4.90,0.0204,true,1,133616
7290013531346,false,סירופ דיאט בטעם לימונענע יכין 1 ליטר,"זנלכל בע""\מ",IL,סירופ דיאט לימונענע,ליטרים,1.00,ליטר,false,,16.90,16.9000,true,1,137936
7290013531490,false,שעועית לבנה אפויה יכין,זנלכל,IL,פול מתובל יכין 580 ג,גרמים,580.00,100 גרם,false,,8.50,0.0147,true,1,148552
7290013531582,false,מארז זיתים ירוקים מגולענים יכין 200 גרם,פרופר,IL,שלישיית זיתים מגולענ,יחידה,0.00,יחידה,false,,12.90,0.0000,true,1,205567
7290013531612,false,רוטב לפסטה נפוליטנה יכין 240 גרם,זנלכל,IL,רוטב נפוליטנה 240 גר,גרמים,240.00,100 גרם,false,,4.90,0.0204,true,1,189288
7290013531629,false,רוטב לפסטה פומודורו 240 גרם יכין,היינץ צפון אמריקה מק,IL,פומודורו 240 גר' יכי,גרמים,240.00,100 גרם,false,,4.90,0.0204,true,1,189470
7290013531759,false,שעועית אפויה במים יכין 330 גרם,"זנלכל בע""\מ",IL,שעועית לבנה מבושלת ב,גרמים,330.00,100 גרם,false,,8.90,0.0270,true,1,186430
7290013579232,false,אוכמניות כחולות קפואות 250 גרם - Shake It,"הבו-קדו בע""\מn\",IL,אוכמניות כחולות קפוא,גרמים,250.00,100 גרם,false,,8.90,0.0356,true,1,218416
7290013580009,false,המבורגר זהב 400 גרם הקצביה בלדי,בלדי,IL,המבורגר זהב 400 גר',גרמים,400.00,100 גרם,false,,17.90,0.0447,true,1,207395
7290013581648,false,אל מטאדור מינוט סטייק 250 גרם בלדי,בלדי,IL,מינוט סטייק 250 גר',גרמים,250.00,100 גרם,false,,15.90,0.0636,true,1,262765
7290013585233,false,"ספרייט זירו פחית סליק 330 מ""ל",החברה המרכזית לייצור משקאות,IL,ספרייט זירו פחית 330,מיליליטרים,330.00,"100 מ""ל",false,,4.50,0.0136,true,1,186477
7290013585257,false,ספרייט זירו בבקבוק אישי,החברה המרכזית לייצור משקאות,IL,ספרייט ZERO 0.5 ליטר,מיליליטרים,500.00,"100 מ""ל",false,,6.00,0.0120,false,1,186388
7290013585387,false,קוקה קולה זירו בקבוק,החברה המרכזית לייצור משקאות,IL,קוקה קולה זירו 1 ליט,ליטרים,1.00,ליטר,false,,6.50,6.5000,false,1,185582
7290013585394,false,קוקה קולה 1ליטר בודד,החברה המרכזית לייצור משקאות,IL,קוקה קולה 1 ליטר,ליטרים,1.00,ליטר,false,,6.90,6.9000,false,1,185583
7290013585455,false,"ויינשטפן פסטביר בק 330 מ""ל",קוקה קולה,,בירה ווינשטפן פטסביר,מיליליטרים,330.00,"100 מ""ל",false,,12.90,0.0391,true,1,265944
7290013608260,false,מיץ רימונים 100%מיץ סחוט טרי מצונן 1ליט,"גניר (1992) בע""מ",IL,מיץ רימונים פרימור 1,ליטרים,1.00,ליטר,false,,22.90,22.9000,true,1,147993
7290013608864,false,פרימור משקה פירות הדר 1 ליטר בתוספת ויטמין C,"גניר (1992) בע""מ",IL,משקה פירות הדר בתוספ,ליטרים,1.00,ליטר,false,,15.90,15.9000,false,1,211623
7290013650153,false,"תמצית וניל טהורה 50 מ""ל",Global Gourmet Produ,US,תמצית וניל טהורה,מיליליטרים,50.00,"100 מ""ל",false,,51.90,1.0380,true,1,204653
7290013650276,false,ציה קטן 300 גרם,"העידן האורגני בע""מ",,זרעי צ'יה,גרמים,300.00,100 גרם,false,,16.90,0.0563,true,1,144909
7290013650481,false,"שמן פשתן 250 מ""ל",,US,"שמן פשתן 250 מ""ל",מיליליטרים,250.00,"100 מ""ל",false,,26.90,0.1076,true,1,140538
7290013650504,false,"שמן קצח 250 מ""ל",גידוורד אינטרנשיונל,,"שמן קצח 250 מ""ל",מיליליטרים,250.00,"100 מ""ל",false,,66.90,0.2676,true,1,146761
7290013650511,false,"תמצית וניל 100 מ""ל",,,"תמצית וניל 100 מ""ל",מיליליטרים,100.00,"100 מ""ל",false,,85.90,0.8590,true,1,181456
7290013650719,false,חמאת אגוז לוז 300 גר,יושלם,,ממרח אגוזי לוז,גרמים,450.00,100 גרם,false,,36.90,0.0820,true,1,144914
7290013652157,false,"ד""ר פישר - נטורל קר מגבונים להסרת איפור לעור רגיל יבש 30 יח' * 3",פישר מעבדות פרמצבטיות בע,IL,מגבונים להסרת איפור,יחידה,0.00,יחידה,false,,24.90,0.0000,true,1,139344
7290013713001,false,"בירה JEM'S אמבר אייל בקבוק 330 מ""ל","אביר הבר בע""מ",IL,בירה ג'מס אמבר אייל,מיליליטרים,330.00,"100 מ""ל",false,,12.90,0.0391,true,1,206543
7290013713018,false,"בירה JEM'S דארק לאגר בקבוק 330 מ""ל",,IL,בירה ג'מס לאגר כהה,מיליליטרים,330.00,"100 מ""ל",false,,12.90,0.0391,true,1,206544
7290013713025,false,"בירה ג'מס פילס בקבוק 330 מ""ל","אביר הבר בע""מ",IL,בירה ג'מס פילס,מיליליטרים,330.00,"100 מ""ל",false,,12.90,0.0391,true,1,206545
7290013713049,false,"בירה גמס 8.8 איל בלגי מחוזקת 330 מ""ל","אביר הבר בע""מ",IL,בירה ג'מס בקבוק,מיליליטרים,330.00,"100 מ""ל",false,,12.90,0.0391,true,1,206547
7290013713094,false,"בירה ג'יימס בלייזר בראון 330 מ""ל",יקבי כרמל,IL,בירה IPA ג'מס,מיליליטרים,330.00,"100 מ""ל",false,,12.90,0.0391,true,1,206549
7290013725684,false,"רוטב טריאקי 300 מ""ל",,TH,"רוטב טריאקי 300 מ""ל",מיליליטרים,300.00,"100 מ""ל",false,,11.90,0.0397,true,1,208097
7290013725691,false,רוטב סויה בסגנון יפני,,TH,רוטב סויה סו שף,מיליליטרים,300.00,"100 מ""ל",false,,9.90,0.0330,true,1,206223
7290013725714,false,רוטב סויה סגנון יפני623מ,"דין שיווק וקליה בע""מ",TH,רוטב סויה מובחר 623,מיליליטרים,623.00,"100 מ""ל",false,,10.90,0.0175,true,1,218327
7290013746689,false,עוג.ש.שועל אוכמניות250ג,"דגן מיני מזונות בע""\מ",IL,עוגיות שיבולת שועל ו,גרמים,250.00,100 גרם,false,,27.90,0.1116,true,1,265328
7290013746733,false,קרקר כוסמין עם חמניו,,,קרקר כוסמין עם חמניו,גרמים,200.00,100 גרם,false,,26.90,0.1345,true,1,196524
7290013746788,false,מקלוני כוסמין עם עגבניה ואורגנו 200 גרם,"דגן מיני מזונות בע""\מ",IL,מקלוני כוסמין עגבניה,גרמים,200.00,100 גרם,false,,21.90,0.1095,true,1,201759
7290013764027,false,אוק אנד אש - סיידר תפוחים יבש,,BE,אוק אנד אש - סיידר ת,מיליליטרים,330.00,"100 מ""ל",false,,13.90,0.0421,true,1,261438
7290013764041,false,סיידר תפוחים מתוק 330 מל,,BE,אוק אנד אש - סיידר ת,מיליליטרים,330.00,"100 מ""ל",false,,13.90,0.0421,true,1,261426
7290013764140,false,אוק אנד אש - שיכר לימונדה חמוציות,,BE,אוק אנד אש - שיכר לי,מיליליטרים,330.00,"100 מ""ל",false,,13.90,0.0421,true,1,261427
7290013771131,false,לאבנה עיזים 5% 250 גרם,מיוצר עי קונדיטוריית,IL,לבנה עיזים 5%,גרמים,250.00,100 גרם,false,,18.00,0.0720,true,1,135271
7290013771216,false,פטאקי 16% גבינות השומרון,מיוצר עי קונדיטוריית,IL,גבינת פטאקי 250 גר',גרמים,250.00,100 גרם,false,,14.90,0.0596,true,1,144079
7290013771384,false,יוגורט יווני השומרון,מיוצר עי קונדיטוריית,IL,יוגורט יווני 400 גר',גרמים,400.00,100 גרם,false,,10.90,0.0273,true,1,194859
7290013816016,false,שוקולד 100% קקאו - הולי קקאו,,IL,שוקולד הולי קקאו 100,גרמים,100.00,100 גרם,false,,18.90,0.1890,true,1,208747
7290013816160,false,שקדים מצופים שוקולד 70% - הולי קקאו,הולי קקאו שוקולד,IL,שקדים מצופים שוקולד,גרמים,100.00,100 גרם,false,,18.90,0.1890,true,1,208750
7290013816221,false,הולי קקאו שוקולד צ׳י,"הולי קקאו שוקולד בע""",IL,הולי קקאו שוקולד צ׳י,גרמים,250.00,100 גרם,false,,22.90,0.0916,true,1,217761
7290013816245,false,שוקולד 60% קקאו עם קפה - הולי קקאו,"הולי קקאו שוקולד בע""",IL,שוקולד מריר 60% קקאו,גרמים,100.00,100 גרם,false,,18.90,0.1890,true,1,211348
7290013816443,false,שוקולד 80% קקאו - הולי קקאו,"הולי קקאו שוקולד בע""",IL,שוקולד הולי קקאו 80%,גרמים,100.00,100 גרם,false,,18.90,0.1890,true,1,208756
7290013847102,false,נתחי טונה בהירה בשמן - מארז שלישיה,סטארקיסט Starkist,TR,טונה סטארקיסט בשמן ש,גרמים,225.00,100 גרם,false,,11.90,0.0529,false,1,133473
7290013847119,false,טונה סטארקיסט בשמן קנולה רביעיות בישול י,סטארקיסט,IL,סטארקיס רביעיית טונה,גרמים,640.00,100 גרם,false,,24.90,0.0389,false,1,264757
7290013847386,false,סטארקיסט נתחי טונה בהירה במים ושמן קנולה בטעם טבעי 140 גרם,סטארקיסט Starkist,IL,סטאר קיסט 4% שומן בט,גרמים,140.00,100 גרם,false,,7.60,0.0543,true,1,204937
7290013847393,false,סטארקיסט לייט נתחי טונה בהירה במים ושמן קנולה עם עשבי תיבול 140 גרם,סטארקיסט Starkist,IL,סטאר קיסט טונה עם עש,גרמים,140.00,100 גרם,false,,7.60,0.0543,true,1,204938
7290013847409,false,סטארקיסט לייט נתחי טונה בהירה במים ושמן קנולה עם לימון ופלפל חריף 140 גרם,סטארקיסט Starkist,IL,סטאר קיסט טונה עם לי,גרמים,140.00,100 גרם,false,,7.60,0.0543,true,1,204939
7290013847454,false,טונה סטארקיסט שמן קנולה רביעיות 4*160 גר,"טונה ויאטנם קו,. אל.טי.ד",VN,סטארקיסט רביעיית טונ,גרמים,640.00,100 גרם,false,,24.90,0.0389,false,1,196571
7290013847553,false,נתחי טונה בהירה במים דל נתרן - מארז רביעיה,"סטארקיסט פודור בע""מ",TH,טונה סטאר קיסט במים,גרמים,640.00,100 גרם,false,,24.90,0.0389,false,1,190114
7290013847812,false,נתחי טונה בהירה בשמן זית כתית מעולה Yellowfin,סטארקיסט Starkist,IL,טונה סטאר קיסט בשמן,גרמים,140.00,100 גרם,false,,8.90,0.0636,false,1,203429
7290013847867,false,מארז זוג טונה בשמן סויה 140 ג' סטארקיסט,"סטארקיסט פודור בע""מ",IL,זוג טונה סטאר קיסט ב,גרמים,280.00,100 גרם,false,,10.90,0.0389,false,1,266288
7290013848345,false,מארז מטליות לחיטוי וניקוי יסודי אנטיבקטריאלי 99.9%,סנו מפעלי ברונוס בעמ,IL,מטליות לחות לניקוי ש,יחידה,0.00,יחידה,false,,21.90,0.0000,true,1,205588
7290013848581,false,סנו סושי מגבות נייר בגליל ענק.,סנו,IL,סנו סושי-מגבת נייר 6,יחידה,0.00,יחידה,false,,11.90,0.0000,false,1,139040
7290013848611,false,רדיד אלומיניום עבה וחזק 61 מטר,סנו סושי,IL,רדידי אלומיניום 61 מ,יחידה,0.00,יחידה,false,,39.90,0.0000,true,1,140170
7290013848758,false,מקסימה גל כביסה מרוכז בייבי 3ליטר סנסטיב,"סנו מפעלי ברונוס בע""\מ",IL,ג'ל כביסה בייבי 3 לי,ליטרים,3.00,ליטר,false,,34.90,11.6333,true,1,144588
7290013861412,false,המתוקים של ששון קוקוס 250 גרם,קריניציה ויטמינה אס,IL,חטיף קוקוס 250גר' קו,גרמים,250.00,100 גרם,false,,9.90,0.0396,true,1,208347
7290013861429,false,המתוקים של ששון שומשום 250 גרם,קריניציה ויטמינה אס,IL,חטיפי שומשום 250 גרם,גרמים,250.00,100 גרם,false,,9.90,0.0396,true,1,190475
7290013883148,false,סופג ריחות במקרר ווליט 40 גרם,יעקבי - הפי Hepi,IT,הפי סופג ריחות במקרר,גרמים,40.00,100 גרם,false,,13.90,0.3475,true,1,135006
7290013883407,false,"דזיטול מרסס לחיטוי כללי יעקבי 750 מ""ל",יעקבי - דזיטול Desytol,ES,דזיטול מחטא ומשמיד ח,מיליליטרים,750.00,"100 מ""ל",false,,12.90,0.0172,true,1,137465
7290013883414,false,"מרסס מסיר כתמי חלודה איירון אאוט 473 מ""ל",summit brands,US,ספריי מסיר כתמי חלוד,מיליליטרים,470.00,"100 מ""ל",false,,29.90,0.0636,true,1,137802
7290013903075,false,תחליף בולגרית טבעוני,ביוט איילנד פודס בעמ,GB,בולגרית טבעונית 200,גרמים,200.00,100 גרם,false,,21.90,0.1095,true,1,193899
7290013903327,false,טופו בטעם טבעי 500 גרם,"א.י.ן תעשיות בע""מ",IL,טופו טבעי 500 גר',גרמים,500.00,100 גרם,false,,15.90,0.0318,true,1,206265
7290013903464,false,פולי סויה אורגנים קלופים מוקפאים (אדממה) 500גרם ליב,זהג'יאנג קינגסור,CN,פולי סויה אורגנים קל,גרמים,500.00,100 גרם,false,,14.90,0.0298,true,1,266510
7290013903808,false,קציצות קינואה עם חמוציות טבעוני 400 גרם,,IL,קציצות קינואה עם חמו,גרמים,400.00,100 גרם,false,,25.90,0.0647,true,1,218207
7290013903815,false,קציצות בטטה טבעוני 400 גרם,,IL,קציצות בטטה,גרמים,400.00,100 גרם,false,,25.90,0.0647,true,1,218208
7290013903822,false,קציצות כרובית וברוקולי טבעוני 400 גרם,,IL,קציצות ברוקולי וכרוב,גרמים,400.00,100 גרם,false,,25.90,0.0647,true,1,218209
7290013906052,false,נקניקיות פרגיות טירת צבי 300 גרם,הנסיך- מפעל לייצור ט,IL,נקניקיות פרגיות 300,גרמים,300.00,100 גרם,false,,11.90,0.0397,true,1,137011
7290013906212,false,"נקנקיות וינר טירת 1 ק""ג טירת צבי",הנסיך- מפעל לייצור ט,IL,"נקניקיות וינר 1 ק""ג",קילוגרמים,1.00,"ק""ג",false,,26.90,26.9000,true,1,143413
7290013906441,false,קבנוס טירת צבי 120 גרם,הנסיך- מפעל לייצור ט,IL,קבנוס 120 גר' ללא גל,גרמים,120.00,100 גרם,false,,10.90,0.0908,true,1,144047
7290013906458,false,קבנוס בטעם פיקנטי טירת צבי 120 גרם,הנסיך- מפעל לייצור ט,IL,קבנוס פיקנטי 120 גר',גרמים,120.00,100 גרם,false,,10.90,0.0908,true,1,144048
7290013906489,false,חטיפי מיני קבנוס טירת צבי 120 גרם,הנסיך- מפעל לייצור ט,IL,חטיפי קבנוס 120 גר',גרמים,120.00,100 גרם,false,,10.90,0.0908,true,1,144049
7290013906496,false,פסטרמה עגל בסגנון רומני טירת צבי 120 גר,הנסיך- מפעל לייצור ט,IL,פסטרמה עגל בסגנון רו,גרמים,120.00,100 גרם,false,,15.90,0.1325,true,1,149994
7290013906519,false,פרושוטו בקר טירת צבי 100 גרם,הנסיך- מפעל לייצור ט,IL,פרושוטו בקר פרוס דק,גרמים,100.00,100 גרם,false,,26.90,0.2690,true,1,149995
7290013906694,false,נקניקיות שקית קילו וחצי טירת צבי,הנסיך- מפעל לייצור ט,IL,"נקניקיות 1.5 ק""ג טיר",קילוגרמים,1.50,"ק""ג",false,,37.90,25.2667,true,1,262550
7290013927002,false,עוגיות דיקליות בטעם שוקו אחווה 400 ג',אחדות,IL,אחוה דקליות שוקולד 4,גרמים,400.00,100 גרם,false,,9.90,0.0248,true,1,133699
7290013927033,false,עוגיות מעמול במילוי תמרים ואגוזים אחווה 600 ג',אחוה,IL,אחוה מעמול במילוי תמ,גרמים,600.00,100 גרם,false,,10.90,0.0182,true,1,134004
7290013927064,false,א. עוגיות גרנולה עם פירות יער 400 ג'-אחווה,"אחדות ביח""ר לטחינה",IL,אחוה עוגיות גרנולה ו,גרמים,400.00,100 גרם,false,,9.90,0.0248,true,1,134009
7290013927637,false,חלוה ללא תוספת סוכר במגש 400 גר' אחוה,אחדות ביחר לטחינה חל,IL,חלוה ללא תוספת סוכר,גרמים,400.00,100 גרם,false,,13.90,0.0348,true,1,205431
7290013927644,false,עוגיות כתר בטעם תות במגש 400 גר' אחווה,אחוה,IL,עוגיות כתר בטעם תות,גרמים,400.00,100 גרם,false,,9.90,0.0248,true,1,206857
7290013937018,false,מאגדת שישיית ארטיקים,,,מארז 6 ארטיק מיני רי,גרמים,320.00,100 גרם,false,,22.90,0.0716,true,1,265762
7290013937056,false,שלגוני פריז שישיות לימון נענע נעורב,שיבניס בעמ,,מיני ארטיק פירות שיש,יחידה,0.00,יחידה,false,,22.90,0.0000,true,1,136765
7290013937070,false,מאגדת שישיית ארטיקים,שיבניס בעמ,,ארטיקים טיבעיים,יחידה,0.00,יחידה,false,,22.90,0.0000,true,1,141372
7290013937971,false,מאגדת שישיית ארטיקים,,,מארז ארטיקים טבעיים,גרמים,180.00,100 גרם,false,,22.90,0.1272,true,1,201335
7290013994042,false,זירעי פשתן אורגניים 300גר,אול אורגני,IL,זרעי פשתן אורגניים 3,גרמים,300.00,100 גרם,false,,8.90,0.0297,true,1,189375
7290013994318,false,קינואה מעורבת - טריקולור אורגנית 500 גרם הרדוף,אול אורגני,IL,קינואה טריקולור אורג,גרמים,500.00,100 גרם,false,,18.90,0.0378,true,1,195062
7290013994417,false,הרדוף גרעיני שיבולת שועל אורגני 500 גרם,אול אורגני,IL,גרעיני שבולת שועל או,גרמים,500.00,100 גרם,false,,8.50,0.0170,true,1,262769
7290013994547,false,אורז בסמטי חום אורגני הרדוף 500 גרם,אול אורגני,IL,אורז בסמטי מלא 500 ג,גרמים,500.00,100 גרם,false,,13.00,0.0260,true,1,186307
7290013994554,false,אורז בסמטי לבן 500 אורגני גרם - הרדוף,אול אורגני,IL,אורז בסמטי לבן 500 ג,גרמים,500.00,100 גרם,false,,13.00,0.0260,false,1,194747
7290013994585,false,גרעיני דלעת קלופים אורגניים 300 גרם הרדוף,אול אורגני,IL,גרעיני דלעת קלופים א,יחידה,0.00,יחידה,false,,16.90,0.0000,true,1,196898
7290013994653,false,קינואה רויאל אורגני 500 גרם - הרדוף,אול אורגני,IL,קינואה רויאל אורגנית,גרמים,500.00,100 גרם,false,,16.90,0.0338,true,1,195303
7290013994677,false,עדשים שחורות אורגני 500 גרם הרדוף,אול אורגני,IL,עדשים שחורות אורגני,גרמים,500.00,100 גרם,false,,14.90,0.0298,true,1,186313
7290013994684,false,אפונה ירוקה חצויה אורגנית 500 גר,אול אורגני,IL,אפונה ירוקה אורגנית,גרמים,500.00,100 גרם,false,,10.90,0.0218,true,1,186309
7290013994820,false,הרדוף שומשום שחור אורגני 300 גרם,אול אורגני,IL,שומשום שחור אורגני 3,גרמים,300.00,100 גרם,false,,14.90,0.0497,true,1,264701
7290014002135,false,תה ירוק מיקס 5 טעמים ויסוצקי 25 יחידות,תה ויסוצקי,IL,תה ירוק מיקס ויסוצקי,יחידה,0.00,יחידה,false,,24.90,0.0000,false,1,138676
7290014002197,false,חליטת קמומיל ולימונית הגן הקסום ויסוצקי 25 יחידות,תה ויסוצקי,IL,חליטת קמומיל ולימוני,יחידה,0.00,יחידה,false,,18.90,0.0000,false,1,139893
7290014002203,false,חליטת לימונית ולואיזה הגן הקסום ויסוצקי 25 יחידות,תה ויסוצקי,IL,חליטת לימונית ולואיז,יחידה,0.00,יחידה,false,,18.90,0.0000,false,1,139894
7290014002579,false,תה ירוק וניל ויסוצקי 25 יחידות,ויסוצקי ירוק,IL,תה ירוק וניל ויסוצקי,יחידה,0.00,יחידה,false,,24.90,0.0000,false,1,143690
7290014002944,false,גן קסום חליטת פירות וצמחים חמדת שקד 25 שקיקים,תה ויסוצקי,IL,תה חליטת פירות וצמחי,גרמים,57.50,100 גרם,false,,18.90,0.3287,false,1,150028
7290014021501,false,פרי FREE חטיף בננה קראנצ'י 27 גרם,לנאקו שוואנגטי פודסטאף,CN,חטיף פרי בננה קראנצ',גרמים,20.00,100 גרם,false,,7.90,0.3950,true,1,219131
7290014021518,false,פרי FREE חטיף אננס קראנצ'י 27 גרם,לנאקו שוואנגטי פודסטאף,CN,חטיף פרי אננס קראנצ',גרמים,20.00,100 גרם,false,,7.90,0.3950,true,1,202738
7290014021525,false,פרי FREE חטיף ליצ'י קראנצ'י 27 גרם,לנאקו שוואנגטי פודסטאף,CN,חטיף פרי ליצ'י קראנצ,גרמים,20.00,100 גרם,false,,7.90,0.3950,true,1,202739
7290014021532,false,פרי FREE חטיף אגס קראנצ'י 27 גרם,לנאקו שוואנגטי פודסטאף,CN,חטיף פרי אגס קראנצ'י,גרמים,20.00,100 גרם,false,,7.90,0.3950,true,1,202740
7290014021549,false,פרי FREE חטיף תפוח קראנצ'י 27 גרם,,CN,חטיף פרי תפוח קראנצ',גרמים,20.00,100 גרם,false,,7.90,0.3950,true,1,219132
7290014021648,false,פרי FREE חטיף משמש קראנצ'י 27 גרם,לנאקו שוואנגטי פודסטאף,CN,חטיף פרי משמש קראנצ',גרמים,20.00,100 גרם,false,,7.90,0.3950,true,1,264368
7290014021716,false,פרי FREE חטיף מנגו קראנצ'י 27 גרם,,CN,חטיף פרי מנגו קראנצ',גרמים,20.00,100 גרם,false,,7.90,0.3950,true,1,219133
7290014021778,false,מבוקשים- מארז 5 קשים בטעם שוקולד,,,5 קשים בטעם שוקולד,גרמים,30.00,100 גרם,false,,4.90,0.1633,true,1,219124
7290014021785,false,מבוקשים- מארז 5 קשים בטעם תות,,,5 קשים בטעם תות,גרמים,30.00,100 גרם,false,,4.90,0.1633,true,1,219125
7290014021792,false,מבוקשים- מארז 5 קשים בטעם בננה,,,5 קשים בטעם בננה,גרמים,30.00,100 גרם,false,,4.90,0.1633,true,1,219126
7290014021815,false,מארז 5 קשים בטעם אייס קפה 30 גרם,,,5 קשים בטעם אייס קפה,יחידה,0.00,יחידה,false,,4.90,0.0000,true,1,260702
7290014046016,false,פסטרמה של פעם דל שומן 2% רכיבים טבעיים,מעדני יחיעם,IL,פסטרמה של פעם 250 גר,גרמים,250.00,100 גרם,false,,25.90,0.1036,true,1,146255
7290014046030,false,"מוס כבד עוף 140 גרם ""יחיעם""",מעדני יחיעם 1993,IL,מוס כבד עוף יחיעם,גרמים,140.00,100 גרם,false,,14.90,0.1064,true,1,186010
7290014046436,false,נשנושי קבנוס יחיעם 125 גרם,מעדני יחיעם 1993,IL,נישנושי קבנוס 125 גר,גרמים,125.00,100 גרם,false,,12.90,0.1032,true,1,142519
7290014046474,false,"נקניקיות עוף יחיעם 1.5 ק""ג",מעדני יחיעם,IL,"נקניקיות עוף 1.5 ק""ג",קילוגרמים,1.50,"ק""ג",false,,26.90,17.9333,true,1,195087
7290014046580,false,"פסטרמה מעודנת על האש 300 גרם ""יחיעם""",מעדני יחיעם 1993,IL,פסטרמה מעודנת על גחל,גרמים,300.00,100 גרם,false,,22.90,0.0763,true,1,149773
7290014046757,false,סלמי תה מעדני יחיעם,מעדני יחיעם,IL,סלמי תה 300 גר' יחיע,גרמים,300.00,100 גרם,false,,22.90,0.0763,true,1,197999
7290014056015,false,"בירה שפירא סטאוט 330 מ""ל",,IL,בירה שפירא סטאוט 330,מיליליטרים,330.00,"100 מ""ל",false,,14.90,0.0452,true,1,215911
7290014059085,false,"משחת שיניים סנסודיין 75 מ""ל פרימיום לשיקום והגנה","סמית קליין ביצ'ם בע""",GB,סנסודיין משחה לשיקום,מיליליטרים,75.00,"100 מ""ל",false,,24.90,0.3320,true,1,137944
7290014059436,false,"משחת שיניים סנסודיין 75 מ""ל פרימיום לשיקום והגנה מלבינה 75 מ""ל","סמית קליין ביצ'ם בע""",GB,משחת שיניים סנסודיין,מיליליטרים,75.00,"100 מ""ל",false,,24.90,0.3320,true,1,186315
7290014066359,false,לנדוור-קפסולות אספרסו בלנסד(06) - 10יח'12X יח,"קפה לנדוור בע""\מ",IL,לנדוור קפסולות אספרס,גרמים,50.00,100 גרם,false,,15.90,0.3180,true,1,212594
7290014066366,false,לנדוור-קפסולות אספרסו ריסטרטו(08) - 10יח'12X יח,קפה לנדוור,IL,לנדוור קפסולות אספרס,גרמים,50.00,100 גרם,false,,15.90,0.3180,true,1,212595
7290014066373,false,לנדוור-קפסולות אספרסו קלאסיק(09) - 10יח'12X יח,קפה לנדוור,IL,לנדוור קפסולות אספרס,גרמים,50.00,100 גרם,false,,15.90,0.3180,true,1,212269
7290014066380,false,לנדוור-קפסולות אספרסו סופרימו(10) - 10יח'12X יח,קפה לנדוור,IL,לנדוור קפסולות אספרס,גרמים,50.00,100 גרם,false,,15.90,0.3180,true,1,212596
7290014066441,false,לנדוור-קפסולות אספרסו נטול קפאין(07) - 10יח'12X יח,קפה לנדוור,IL,לנדוור- קפסולות אספר,גרמים,50.00,100 גרם,false,,15.90,0.3180,true,1,212597
7290014066526,false,לנדוור-קפסולות אספרסו תערובת הבית(11) - 10יח'12X יח,קפה לנדוור,IL,לנדוור קפסולות אספרס,גרמים,50.00,100 גרם,false,,15.90,0.3180,true,1,212598
7290014066533,false,לנדוור-קפסולות אספרסו קלייה כפולה(12) - 10יח'12X יח,קפה לנדוור,IL,לנדוור קפסולות אספרס,גרמים,50.00,100 גרם,false,,15.90,0.3180,true,1,212599
7290014079014,false,לבבות קיסר ארוז נספק,"מרינה פטריות הגליל בע""מ",IL,לבבות קיסר עלים,גרמים,300.00,100 גרם,false,,9.90,0.0330,true,1,134617
7290014079076,false,נבטי אלפלפא מרינה,"מרינה פטריות הגליל בע""מ",IL,נבטי אלפלפא מרינה,יחידה,0.00,יחידה,false,,5.90,0.0000,true,1,140577
7290014079236,false,פטריות פורטובלה צעירות מרינה,מרינה פטריות הגליל,IL,פטריות פורטובלה מיני,גרמים,250.00,100 גרם,false,,8.90,0.0356,true,1,189279
7290014079328,false,פרסה כרישה ארוזה מרי,"מרינה פטריות הגליל בע""מ",IL,פרסה כרישה ארוזה מרי,יחידה,0.00,יחידה,false,,9.90,0.0000,true,1,204972
7290014079847,false,פטריות בייבי בלה צמד מרינה,"מרינה פטריות הגליל בע""מ",IL,פטריות פורטובלה בייב,גרמים,500.00,100 גרם,false,,15.90,0.0318,true,1,197909
7290014079854,false,לבבות חסה ארץ הגליל מרינה,"מרינה פטריות הגליל בע""מ",IL,לבבות חסה ארץ הגליל,יחידה,0.00,יחידה,false,,10.90,0.0000,true,1,198216
7290014083806,false,עוגיות בטעם חמאה 350 גרם בפח,וילי פוד,PT,עוגיות בטעם חמאה בפח,גרמים,350.00,100 גרם,false,,11.90,0.0340,true,1,140228
7290014083813,false,וילי פוד מריגה שפרוטים מעושנים בשמן 190ג,הנסיך- מפעל לייצור ט,LV,שפרוטים מעושנים בשמן,גרמים,190.00,100 גרם,false,,8.50,0.0447,true,1,140281
7290014094260,false,שיני שום קלוף קמעונאי,יאנונינגלנאגג פרודיס לטד,CN,שום קלוף,גרמים,170.00,100 גרם,false,,10.90,0.0641,true,1,151710
7290014094567,false,שמן זית כתית מעולה 750 מל אהרוני,"דין שיווק וקלייה בע""",IL,"שמן זית 750 מ""ל אהרו",מיליליטרים,750.00,"100 מ""ל",false,,29.90,0.0399,true,1,142220
7290014095861,false,שיבולת שועל דקה בשקית שקדיה 500 גרם,"דין שיווק וקלייה בע""",IL,שיבולת שועל דקה 500,גרמים,500.00,100 גרם,false,,5.00,0.0100,true,1,177793
7290014095960,false,שיבולת שועל עבה בשקית שקדיה 500 גרם,"דין שיווק וקלייה בע""",IL,שיבולת שועל עבה 500,גרמים,500.00,100 גרם,false,,5.00,0.0100,true,1,148225
7290014126343,false,בישוקטים בונומי וניל קקאו קקאו 200 גרם,דנשר,IT,בישקוטים בונומי וניל,גרמים,200.00,100 גרם,false,,7.50,0.0375,true,1,146532
7290014126428,false,מרמולייט סטיביה ממתיק 150 טבליות,מיוצר עי קונדיטוריית,CN,סוכרלוז סטיביה טבליו,גרמים,9.00,100 גרם,false,,26.90,2.9889,true,1,150284
7290014217003,false,פפריקה מעושנת בקופ' 90 גר' טעם וריח,"תבליני טעם וריח בע""מ",IL,פפריקה מעושנת 90 גר,גרמים,90.00,100 גרם,false,,9.50,0.1056,true,1,136992
7290014217010,false,דגים T130 -BUL בקופ' 90 גר' טעם וריח,"תבליני טעם וריח בע""מ",IL,מיכל תיבול לדגים,גרמים,90.00,100 גרם,false,,11.00,0.1222,true,1,138425
7290014217027,false,עוף T130 -BUL בקופ' 120 גר' טעם וריח,"תבליני טעם וריח בע""מ",IL,מיכל תיבול לעוף 120,גרמים,120.00,100 גרם,false,,11.00,0.0917,true,1,138426
7290014217065,false,אורגנו עלים בקופ' 30 גר' טעם וריח,"תבליני טעם וריח בע""מ",IL,אורגנו מיכל גדול 30,גרמים,30.00,100 גרם,false,,9.50,0.3167,true,1,136993
7290014217119,false,תערובת לצ'יפס בקופ' 100 גר' טעם וריח,"תבליני טעם וריח בע""מ",IL,מיכל תערות לצ'יפס,גרמים,100.00,100 גרם,false,,9.50,0.0950,true,1,149633
7290014217140,false,"מיכל ראס אל חנות 100 גר' ""טעם וריח""","תבליני טעם וריח בע""מ",IL,מיכל ראס אל חנות,גרמים,100.00,100 גרם,false,,9.50,0.0950,true,1,149636
7290014217157,false,תיבול טוסקנה בקופ' 120 גר' טעם וריח,"תבליני טעם וריח בע""מ",IL,מיכל תערובת תיבול טו,גרמים,120.00,100 גרם,false,,9.50,0.0792,true,1,149637
7290014217164,false,תבלין פטרוזיליה מיכל גדול 20 ג',"תבליני טעם וריח בע""מ",IL,מיכל פטרוזיליה,גרמים,20.00,100 גרם,false,,9.50,0.4750,true,1,149638
7290014217171,false,תערובת תיבול תיבול גריל דג מיכל 100ג',"תבליני טעם וריח בע""מ",IL,מיכל תערובת תיבול גר,גרמים,100.00,100 גרם,false,,9.50,0.0950,true,1,149639
7290014217201,false,"תערובת תיבול סומק 45 גרם ""טעם וריח""","תבליני טעם וריח בע""מ",IL,תערובת תיבול סומק,גרמים,45.00,100 גרם,false,,5.50,0.1222,true,1,189004
7290014217225,false,גריל עוף בקופ' 120 גר' טעם וריח,"תבליני טעם וריח בע""מ",IL,מיכל גריל עוף 120 גר,גרמים,120.00,100 גרם,false,,9.50,0.0792,true,1,146547
7290014217263,false,תיבול לפרגית בקופ' 100 גר' טעם וריח,"תבליני טעם וריח בע""מ",IL,תערובת תיבול לפרגיות,גרמים,100.00,100 גרם,false,,9.50,0.0950,true,1,191207
7290014217348,false,"מיכל צ'ילי כתוש 70 גר' ""טעם וריח""","תבליני טעם וריח בע""מ",IL,מיכל צ'ילי כתוש 70 ג,גרמים,70.00,100 גרם,false,,9.50,0.1357,true,1,146550
7290014217355,false,קרי אבקה בקופ' 100 גר' טעם וריח,"תבליני טעם וריח בע""מ",IL,מיכל אבקת קרי 100 גר,גרמים,100.00,100 גרם,false,,9.50,0.0950,true,1,146551
7290014217362,false,תיבול לקציצות בקופ' 100 גר' טעם וריח,"תבליני טעם וריח בע""מ",IL,מיכל תיבול לקציצות 1,גרמים,100.00,100 גרם,false,,9.50,0.0950,true,1,146552
7290014217379,false,תבלין למרינדה קלאסית 80 גרם טעם וריח,תבליני טעם וריח,IL,מרינדה קלאסית לעוף ט,גרמים,80.00,100 גרם,false,,10.90,0.1363,true,1,217726
7290014217386,false,מרינדת צ'ילי חריף 80 גרם טעם וריח,תבליני טעם וריח,IL,מרינדת צ'ילי חריף טע,גרמים,80.00,100 גרם,false,,10.90,0.1363,true,1,217727
7290014217478,false,תערובת עשבי תיבול איטלקי ים תיכוני 30ג',"תבליני טעם וריח בע""מ",IL,תערובת עשבי תיבול אי,גרמים,30.00,100 גרם,false,,9.50,0.3167,true,1,192048
7290014217485,false,תיבול קייג'ון בקופ' 100 גר' טעם וריח,"תבליני טעם וריח בע""מ",IL,תערובת תיבול קייגו'ן,גרמים,100.00,100 גרם,false,,9.50,0.0950,true,1,194066
7290014217492,false,תיבול פילדלפיה בקופ' 100 גר' טעם וריח,"תבליני טעם וריח בע""מ",IL,תערובת תיבול פילדלפי,גרמים,100.00,100 גרם,false,,9.50,0.0950,true,1,194067
7290014217515,false,תבלין ציפוי ללחם מלוח טעם וריח 90 ג',"תבליני טעם וריח בע""מ",IL,תערובת תבלינים לציפו,גרמים,90.00,100 גרם,false,,9.90,0.1100,true,1,202715
7290014217522,false,תערובת ללחם שום טעם וריח 100 ג',"תבליני טעם וריח בע""מ",IL,תערובת תיבול ללחם שו,גרמים,100.00,100 גרם,false,,9.90,0.0990,true,1,202712
7290014217911,false,תבלין פלפל אדום מתוק בשקית 150 גר,"תבליני טעם וריח בע""\מ",IL,פלפל מתוק שלם 150 גר,גרמים,150.00,100 גרם,false,,13.90,0.0927,true,1,206614
7290014218321,false,בורקס אישי יפו גבינה מעדנות 600 גרם,מיוצר עי קונדיטוריית,IL,בורקס יפו גבינה,גרמים,600.00,100 גרם,false,,18.50,0.0308,true,1,190213
7290014218338,false,"בורקס אישי יפו תפו""א מעדנות 600 גרם",מיוצר עי קונדיטוריית,IL,"בורקס יפו תפו""א",יחידה,0.00,יחידה,false,,15.90,0.0000,true,1,190214
7290014218536,false,בצק עלים מרודד מופחת שומן מעדנות 1 קג,תנובה מעדנות,IL,בצק עלים מופחת שומן,יחידה,0.00,יחידה,false,,21.90,0.0000,true,1,195380
7290014218932,false,חטיפי פיצה בתוספ זיתים בשקית מעדנות 710 גרם,מיוצר עי קונדיטוריית,IL,חטיפי פיצה זיתים מעד,גרמים,710.00,100 גרם,false,,26.90,0.0379,true,1,207371
7290014220133,false,כף ומזלג לסלט חד פעמ,,,כף ומזלג לסלט חד פעמ,יחידה,0.00,יחידה,false,,7.90,0.0000,true,1,148988
7290014220317,false,סט בקבוקים לטיול,,,סט בקבוקים לטיול,יחידה,0.00,יחידה,false,,8.90,0.0000,true,1,141481
7290014220478,false,שקיות לזילוף 20 יח,,,שקיות לזילוף 20 יח,יחידה,0.00,יחידה,false,,9.90,0.0000,true,1,150898
7290014220522,false,שקיות לזילוף 20 יח 3,,,שקיות לזילוף 20 יח 3,יחידה,0.00,יחידה,false,,11.90,0.0000,true,1,150899
7290014256637,false,"יין מבעבע מוסקטו באזז יקבי כרמל 750 מ""ל",יקבי כרמל Carmel Winery,IL,יין מוסקטו BUZZ,מיליליטרים,750.00,"100 מ""ל",false,,23.90,0.0319,false,1,182223
7290014298217,false,בקבוק 620 פתיחת לחיצה,,,בקבוק ילדים טריטן,יחידה,0.00,יחידה,false,,25.00,0.0000,true,1,218788
7290014298491,false,שבבי סבון מוסקו מפיץ,מוסקו,IL,מארז פרחי סבון,יחידה,0.00,יחידה,false,,25.00,0.0000,true,1,148291
7290014298996,false,בקבוק תרמי 500 מ''ל מוסקו,,,בקבוק שומר קור,יחידה,0.00,יחידה,false,,60.00,0.0000,true,1,188189
7290014308626,false,פלפל שחור גרוס דק 100 גרם,תבליני פרג,,פלפל שחור גרוס דק פר,גרמים,100.00,100 גרם,false,,14.90,0.1490,true,1,214217
7290014308978,false,מקלות קינמון שלם 80 גרם,תבליני הדור השלישי,IL,מקלות קינמון שלם פרג,גרמים,80.00,100 גרם,false,,14.90,0.1863,true,1,214218
7290014309012,false,אגוז מוסקט טחון 40 גרם,תבליני הדור השלישי,IL,אגוז מוסקט טחון פרג,גרמים,40.00,100 גרם,false,,16.90,0.4225,true,1,214219
7290014318113,false,"ניוקי תפו""א ללא גלוטן 500 גרם",VINCI,IT,ניוקי תפוח אדמה ללא,גרמים,500.00,100 גרם,false,,15.90,0.0318,true,1,198914
7290014318120,false,ארטישוק צעיר על הגריל בשמן 314 גרם,,,ארטישוק צעיר על הגרי,גרמים,314.00,100 גרם,false,,26.90,0.0857,true,1,210033
7290014318137,false,עגבניות מיובשות בשמן 285 ג' (12),,,עגבניות מיובשות בשמן,גרמים,285.00,100 גרם,false,,17.90,0.0628,true,1,198940
7290014318144,false,רבעי ארטישוק מתובלים בשמן 314 גר (12),,,רבעי ארטישוק מתובלים,גרמים,314.00,100 גרם,false,,26.90,0.0857,true,1,199527
7290014318168,false,ממרח פסטו 190 גרם,,,ממרח פסטו 190 גר',גרמים,190.00,100 גרם,false,,14.90,0.0784,true,1,198941
7290014318175,false,ממרח פסטו אדום עגבניות 190 גרם BELL,,,ממרח פסטו אדום עגבני,גרמים,190.00,100 גרם,false,,15.90,0.0837,true,1,198942
7290014318243,false,פולנטה איטלקית עדינה בווקום 1 קג,,,קמח תירס פולנטה עדינ,קילוגרמים,1.00,"ק""ג",false,,10.90,10.9000,true,1,195131
7290014318281,false,מחית פטריות כמהין 5% כשר 90 גר כשר (12),טרטופי,IT,מחית פטריות כמהין 90,גרמים,90.00,100 גרם,false,,56.90,0.6322,true,1,198930
7290014318311,false,מארז שלישיית עגבניות חתוכות דק במיץ עגבניות Rosso,,,עגבניות תמר פולפה של,גרמים,1200.00,100 גרם,false,,14.90,0.0124,true,1,199898
7290014318441,false,מחית עגבניות חלקה 68,,,מחית עגבניות חלקה,גרמים,680.00,100 גרם,false,,11.90,0.0175,true,1,199038
7290014318458,false,מחית עגבניות חתוכות דק Rustica,איטליקה Italica,,עגבניות חתוכות דק 68,גרמים,680.00,100 גרם,false,,11.90,0.0175,true,1,199534
7290014318588,false,טחינה אתיופית מלאה 380 גרם,,,טחינה אתיופית מלאה 3,גרמים,380.00,100 גרם,false,,19.90,0.0524,true,1,198915
7290014318663,false,"חומץ תפוחים אורגני ""עם האמא""750 מ""ל",,,חומץ תפוחים אורגני 7,מיליליטרים,750.00,"100 מ""ל",false,,17.90,0.0239,true,1,201848
7290014318861,false,"קרם קוקוס אורגני 17.5% שומן 250 מ""ל",,LK,קרם קוקוס אורגני,מיליליטרים,250.00,"100 מ""ל",false,,9.90,0.0396,true,1,217843
7290014321199,false,קרקר פשתן צ'ילי פיקנטי 125 גרם less & more,"ל.ב. סחר ושיווק בע""מ",IL,קרקר פשתן צ'ילי פיקנ,גרמים,125.00,100 גרם,false,,22.90,0.1832,true,1,263963
7290014321205,false,קרקר גרעיני פשתן 125 גרם less & more,"ל.ב. סחר ושיווק בע""מ",IL,קרקר גרעיני פשתן 125,גרמים,125.00,100 גרם,false,,22.90,0.1832,true,1,263965
7290014397286,false,מרכך כביסה מרוכז חלב ודבש סנו מקסימה 1 ליטר,סנו-מקסימה,IL,מרכך מרוכז חלב ודבש,ליטרים,1.00,ליטר,false,,16.90,16.9000,true,1,141817
7290014397453,false,סנו אוקסיגן גל מסיר כתמים כביסה לבנה 3 ל,סנו אוקסיג'ן,IL,אוקסיג'ן כביסה לבנה,ליטרים,3.00,ליטר,false,,29.90,9.9667,true,1,141819
7290014397538,false,"מבשם אויר סנו פרש הום בניחוח אביב 350 מ""ל",סנו מפעלי ברונוס בעמ,IL,מטהר אוויר לבית בוקר,מיליליטרים,350.00,"100 מ""ל",false,,12.90,0.0369,true,1,140706
7290014397705,false,פוליויקס נוזל לניקוי פרקט סנו 2 ליטר,סנו פוליויקס,IL,פוליווקס פרקט 2 ליטר,ליטרים,2.00,ליטר,false,,19.90,9.9500,true,1,144195
7290014397767,false,סנו ריצפז פרש הום 2 ליטר בניחוח כותנה-מרכז,"סנו מפעלי ברונוס בע""",IL,רצפז פרש הום 2 ליטר,ליטרים,2.00,ליטר,false,,21.90,10.9500,false,1,143311
7290014397781,false,סנו ריצפז פרש הום 2 ליטר בניחוח סבון,סנו פרש Fresh,IL,רצפז פרש הום 2 ליטר,ליטרים,2.00,ליטר,false,,21.90,10.9500,false,1,143313
7290014397873,false,מרכך כביסה בבישום עוצמתי ג'נטל בריז,סנו מפעלי ברונוס בעמ,IL,מרכך כביסה סנו מקסימ,ליטרים,4.00,ליטר,false,,21.90,5.4750,false,1,209642
7290014426061,false,משחת שיניים הלו קיטי בטעם ענבים לגיל 2-6,כצט נוביס,IL,משחת שיניים הלו קיטי,מיליליטרים,50.00,"100 מ""ל",false,,10.90,0.2180,true,1,139450
7290014435704,false,סלמון מעושן שמיר 100 גרם,שבעת הימים - שמיר,IL,שמיר-סלמון מעושן 100,גרמים,100.00,100 גרם,false,,21.90,0.2190,true,1,258411
7290014435803,false,מטיאס הולנדי (פרובנציאל) עם בצל בשמן 180 גרם,שבעת הימים - שמיר,IL,מטיאס הולנדי עם בצל,גרמים,180.00,100 גרם,false,,18.90,0.1050,true,1,146135
7290014435810,false,נתחי הרינג כבוש עם בצל במרינת חמוץ מתוק שמיר 220 גרם,שבעת הימים - שמיר,IL,הרינג כבוש עם בצל במ,גרמים,180.00,100 גרם,false,,18.90,0.1050,true,1,146148
7290014435827,false,פילה מקרל מעושן בשמן ויטהול 180 גר,שבעת הימים - שמיר,IL,פילה מקרל מעושן בשמן,גרמים,180.00,100 גרם,false,,24.90,0.1383,true,1,146136
7290014435834,false,מקרל מעושן פרוס בשמן שמיר 180 גרם,שבעת הימים - שמיר,IL,מקרל מעושן בשמן,גרמים,180.00,100 גרם,false,,24.90,0.1383,true,1,146137
7290014435841,false,פילה הרינג עם בצל בשמן מטיאס הולנדי שמיר 200 גרם,סלטי שמיר 2006 בעמ,IL,פילה מטיאס הולנדי בש,גרמים,180.00,100 גרם,false,,18.90,0.1050,true,1,146149
7290014435872,false,סלט הרינג עם מיונז שמיר 200 גרם,שבעת הימים - שמיר,IL,סלט הרינג עם מיונז,גרמים,180.00,100 גרם,false,,18.90,0.1050,true,1,146151
7290014435889,false,סלט מטיאס עם מיונז שמיר 200 גרם,שבעת הימים - שמיר,IL,סלט מטיאס עם מיונז,גרמים,180.00,100 גרם,false,,18.90,0.1050,true,1,146152
7290014435896,false,סלט סלמון עם מיונז שמיר 180 גרם,שבעת הימים - שמיר,IL,סלט סלמון עם מיונז,גרמים,180.00,100 גרם,false,,19.90,0.1106,true,1,146153
7290014455245,false,גבינת גרנה פדנו משולש 29% 200 גרם בית יוסף,מחלבת סוציאלה מנטובה,IT,גבינת גרנה פדנו משול,גרמים,200.00,100 גרם,false,,25.90,0.1295,true,1,189320
7290014455252,false,גבינה קשה מגורדת גרנה פדנו 29% שומן,מחלבות גד שיווק 1992,IT,גבינת גרנה פדנו מגור,גרמים,100.00,100 גרם,false,,12.60,0.1260,true,1,189321
7290014455320,false,גבינה כדורי מוצרלה פרסקה גד 100ג',מחלבות גד בעמ,IL,מוצרלה פרסקה כדור -,גרמים,100.00,100 גרם,false,,9.90,0.0990,true,1,185648
7290014455467,false,ירח מתוק מעדן חלב 2% ושיבולת שועל גד 150ג',גבינות מדף,IL,מעדן שיבולת שועל וחל,גרמים,150.00,100 גרם,false,,5.90,0.0393,true,1,189984
7290014466463,false,"יין הר חרמון מסקטו עברית 750 מ""ל",יקבי רמת הגולן קצרין,IL,ירדן הר חרמון מוסקטו,מיליליטרים,750.00,"100 מ""ל",false,,29.90,0.0399,false,1,144709
7290014466609,false,יין מרלו גמלא 2020 750 מל,יקבי רמת הגולן קצרין,IL,יין גמלא מרלו 2012,מיליליטרים,750.00,"100 מ""ל",false,,50.00,0.0667,true,1,192756
7290014466890,false,"יין גמלא השמורה קברנה מרלו 2020 750 מ""ל",יקבי רמת הגולן,IL,יין גמלא השמורה קברנ,מיליליטרים,750.00,"100 מ""ל",false,,49.90,0.0665,true,1,218948
7290014471412,false,"מוזלי בוטנים אגוזים ושקדים 1 ק""ג - 412 ירוק שקדיה","דין שיווק וקלייה בע""",IL,מיזלי בוטנים אגוזים,קילוגרמים,1.00,"ק""ג",false,,18.90,18.9000,true,1,143951
7290014471429,false,"מוזלי עם פירות 1 ק""ג - 429 סגול שקדיה","דין שיווק וקלייה בע""",IL,מיזלי פירות שקדיה 1,קילוגרמים,1.00,"ק""ג",false,,18.90,18.9000,true,1,143952
7290014471436,false,"מוזלי צימוקים תפוח קינמון וגרעיני חמניה 1 ק""ג כחול שקדיה","דין שיווק וקלייה בע""",IL,מיזלי צימוקים תפוח ק,קילוגרמים,1.00,"ק""ג",false,,19.90,19.9000,true,1,143953
7290014471443,false,"גרנולה צימוקים אגוזים ושקדים1 ק""ג חדש - 443 כתום שקדיה (כתום)","דין שיווק וקלייה בע""",IL,גרנולה צימוקים ואגוז,קילוגרמים,1.00,"ק""ג",false,,19.90,19.9000,true,1,144611
7290014472426,false,קונפיטורה דובדבן חמוץ 450 ג' שקדיה,"דין שיווק וקליה בע""מ",TR,קונפיטורה דובדבן חמו,גרמים,450.00,100 גרם,false,,13.90,0.0309,true,1,261993
7290014472990,false,ממרח 100% שקדים שקדיה 300 גרם,ג'\י אנד ג'\י פקאנס בעמ,IL,ממרח שקדים 100%,גרמים,300.00,100 גרם,false,,27.90,0.0930,true,1,147049
7290014500006,false,צלחת 10 עגולה מתכלה,,,צלחת 10 עגולה מתכלה,יחידה,0.00,יחידה,false,,19.90,0.0000,true,1,264732
7290014501522,false,יין הרי גליל מירון 2017 750 מל,יקבי רמת הגולן,,יין הרי גליל מירון 2,מיליליטרים,750.00,"100 מ""ל",false,,80.00,0.1067,true,1,212925
7290014503137,false,"יין כנען אדום דלתון 750 מ""ל","יקב דלתון בע""\מ",IL,יובלים דלתון אדום,מיליליטרים,750.00,"100 מ""ל",false,,37.50,0.0500,true,1,194967
7290014503144,false,יין כנען לבן דלתון 750 מל,"יקב דלתון בע""\מ",IL,יין יבולים דלתון לבן,מיליליטרים,750.00,"100 מ""ל",false,,37.50,0.0500,true,1,195781
7290014503625,false,דלתון קברנה סוביניון,"יקב דלתון בע""מ",,דלתון קברנה סוביניון,מיליליטרים,750.00,"100 מ""ל",false,,59.90,0.0799,true,1,210282
7290014503632,false,יין אסטייט מרלו דלתו,"יקב דלתון בע""מ",,דלתון מרלו אסטייט,מיליליטרים,750.00,"100 מ""ל",false,,59.90,0.0799,true,1,210283
7290014503649,false,יין אסטייט שיראז דלת,"יקב דלתון בע""מ",,דלתון שיראז אסטייט,מיליליטרים,750.00,"100 מ""ל",false,,59.90,0.0799,true,1,210284
7290014503656,false,יין אסטייט פטיט סירה,"יקב דלתון בע""מ",,דלתון פטיט סירה אסטי,מיליליטרים,750.00,"100 מ""ל",false,,59.90,0.0799,true,1,210285
7290014503830,false,"יין שרדונה אסטייט דלתון 750 מ""ל",יקב דלתון מרום גליל,,דלתון שרדונה אסטייט,מיליליטרים,750.00,"100 מ""ל",false,,59.90,0.0799,true,1,210289
7290014525009,false,חטיף סלים פרוט Slim fruit בטעם יוגורט ובמילוי תפוח,סלים דליס Slim Delis,ES,חטיף בריאות בטעם יוג,יחידה,0.00,יחידה,false,,10.90,0.0000,true,1,138689
7290014525016,false,עשיריית חטיף סלים פרוט מרבה יוגורט תות סלים דליס 18.2 גרם,סלים דליס Slim Delis,ES,חטיף בריאות בטעם יוג,יחידה,0.00,יחידה,false,,10.90,0.0000,true,1,138690
7290014525023,false,חטיף בריאות יוגורט במילוי פירות יער 182ג,סלים דליס Slim Delis,ES,חטיף בריאות במילוי,יחידה,0.00,יחידה,false,,10.90,0.0000,true,1,138691
7290014525290,false,חטיפי סלים דליס קריספי תות מרבה 125 גרם,סלים דליס Slim Delis,NL,מרבה סלים דליס קריספ,גרמים,125.00,100 גרם,false,,10.90,0.0872,true,1,191567
7290014525306,false,חטיפי סלים דליס קריספי אוכמניות מרבה 125 גרם,סלים דליס Slim Delis,NL,מרבה סלים דליס קריספ,גרמים,125.00,100 גרם,false,,10.90,0.0872,true,1,191568
7290014525313,false,חטיפי סלים דליס קריספי שוקולד מרבה 125 גרם,סלים דליס Slim Delis,NL,סלים דליס קריספי שוק,גרמים,125.00,100 גרם,false,,10.90,0.0872,true,1,192199
7290014525573,false,שוקו דליס עוגיות מצופות במילוי קרם שוקול,הלמה הלום בי.וי,NL,מרבה שוקודליס בציפוי,גרמים,145.00,100 גרם,false,,10.00,0.0690,true,1,203689
7290014525665,false,מרבה על חלל עוגיות קקאו וסוכריות שוק חלב 140 יח',"מרבה בע""\מ",NL,מרבה על חלל עוגיות ק,גרמים,140.00,100 גרם,false,,9.90,0.0707,true,1,217814
7290014525672,false,מרבה על חלל עוגיות עם סוכריות שוקולד 140 יח',"מרבה בע""\מ",NL,מרבה על חלל עוגיות ע,גרמים,140.00,100 גרם,false,,9.90,0.0707,true,1,217815
7290014547322,false,סנסודין זוג מברשות שיניים שיקום כחול+תכל,סנסודיין,CN,זוג מברשות סנסודיין,יחידה,0.00,יחידה,false,,27.90,0.0000,true,1,204575
7290014547353,false,סנסודין זוג מברשות שיניים דואלקר ירוק+יר,"L Co., Industrial Shummi",CN,זוג מברשות שיניים סנ,יחידה,0.00,יחידה,false,,17.90,0.0000,true,1,204576
7290014603028,false,שלגון סולרו שרבט תות-חלבי,"מיוצר ע""י גלידת שטרא",IL,שלגון סולרו וניל ותו,גרמים,76.00,100 גרם,false,,8.90,0.1171,true,1,140619
7290014648098,false,סכיני גילוח חד פעמי לה בלה חמישיה,,,סכיני גילוח לה בלה ח,יחידה,0.00,יחידה,false,,9.90,0.0000,true,1,186300
7290014648142,false,אלכוהול LA BELLE 70% מל 100,,,אלכוהול 70%,מיליליטרים,100.00,"100 מ""ל",false,,7.50,0.0750,true,1,201549
7290014648364,false,פלסטרים פארמה איד 40 יח,,,פלסטרים 40 יח,יחידה,0.00,יחידה,false,,8.90,0.0000,true,1,203759
7290014648388,false,פלסטרים פארמה איד לילדים 25 יח,,,פלסטרים לילדים 25 יח,יחידה,0.00,יחידה,false,,8.90,0.0000,true,1,207340
7290014648906,false,מסיר לק מהציפורניים,אקטיב,IL,מסיר לק מהציפורניים,מיליליטרים,100.00,"100 מ""ל",false,,4.90,0.0490,true,1,206245
7290014692299,false,גבינת ברי EURO CHEESE ויליפוד 125 גרם,יורו צ'יז Euro Cheese,DK,CASTELLO-גבינת ברי,גרמים,125.00,100 גרם,false,,20.00,0.1600,true,1,143441
7290014692305,false,גבינת קממבר EURO CHEESE ויליפוד 125 גרם,הנסיך- מפעל לייצור ט,DK,CASTELLO-גבינת קממבר,גרמים,125.00,100 גרם,false,,20.00,0.1600,true,1,143434
7290014692565,false,גרעיני תירס מתוק וילי פוד 320 גרם,אקו קונסרויפרי קי.אפ,HU,גרעיני תירס מתוק,גרמים,285.00,100 גרם,false,,5.20,0.0182,false,1,142564
7290014692817,false,גבינת מוצרלה מגורדתEURO CHEESE ויליפוד 200 גרם,הנסיך- מפעל לייצור ט,IL,מוצרלה מגורדת 200 גר,גרמים,200.00,100 גרם,false,,14.50,0.0725,true,1,149594
7290014749245,false,ספיישל רצועות שניצל שומשום עוף טוב 600 גרם,מוצרי עוף טוב (2001) בע\,IL,עוף טוב צונגו רצועות,גרמים,600.00,100 גרם,false,,41.90,0.0698,true,1,210149
7290014749764,false,עוף טוב שניצל עוף ביתי עדין כזה 700 גרם,מוצרי עוף טוב (2001) בע\,IL,עוף טוב שניצל עוף בי,גרמים,700.00,100 גרם,false,,44.90,0.0641,true,1,212583
7290014749863,false,שניצל דק ענק קריספי צ'יפס עוף טוב 720 גרם,מוצרי עוף טוב (2001) בע\,IL,עוף טוב שניצל דק ענק,גרמים,720.00,100 גרם,false,,41.90,0.0582,true,1,217935
7290014749887,false,שניצל דק ענק קריספי קלאסי עוף טוב 720 גרם,מוצרי עוף טוב (2001) בע\,IL,עוף טוב שניצל דק ענק,גרמים,720.00,100 גרם,false,,41.90,0.0582,true,1,218043
7290014758100,false,מאגדת יוגורט ביו 3% שומן 8 יח' *150ג' תנובה,מיוצר עי קונדיטוריית,IL,מאגדת יוגורט ביו 3%,גרמים,1200.00,100 גרם,false,,16.50,0.0138,true,1,141024
7290014758117,false,מאגדת יוגורט ביו 1.5% שומן 8 יח' *150 ג' תנובה,מיוצר עי קונדיטוריית,IL,מאגדת יוגורט ביו שמי,גרמים,1200.00,100 גרם,false,,16.50,0.0138,true,1,141025
7290014758162,false,חלב עיזים מלא 3.6% קרטון 1 ל' תנובה,תנובה מרכז שיתופי לש,IL,חלב עיזים מלא 3.6%,ליטרים,1.00,ליטר,false,,16.00,16.0000,true,1,143050
7290014758681,false,קוטג תנובה 1% גביע 250 גרם,מיוצר עי קונדיטוריית,IL,קוט'ג 1% תנובה,גרמים,250.00,100 גרם,false,,5.50,0.0220,false,1,141286
7290014759084,false,גבינת שמנת נפוליאון 16% מופחת שומן תנובה 225 גרם,תנובה מרכז שיתופי לש,IL,נפוליאון טבעי 16%,גרמים,225.00,100 גרם,false,,13.90,0.0618,false,1,144669
7290014759237,false,יוגורט תנובה 6.5% כד 3 ליטר,,,יוגורט 6.5% 3 ליטר,ליטרים,3.00,ליטר,false,,31.90,10.6333,false,1,203825
7290014759534,false,גבינה בולגרית למריחה טבעי 5% 200 ג' פיראוס,"תנובה, מחלבת תל יוסף",IL,בולגרית למריחה טבעי,גרמים,200.00,100 גרם,false,,14.90,0.0745,true,1,145635
7290014759909,false,פטה עיזים 5% פיראוס גביע 250 גרם,"תנובה, מחלבת טנא נוג",IL,פטה עיזים 5%,גרמים,250.00,100 גרם,false,,29.50,0.1180,false,1,146594
7290014759978,false,גבינת קצקבל גלעד 27% תנובה 200 גרם,תנובה חלב,IL,גבינת גלעד קשקבל,גרמים,200.00,100 גרם,false,,26.90,0.1345,false,1,145452
7290014759985,false,גבינת פרמזן גבע 23% תנובה 200 גרם,תנובה חלב,IL,גבינת פרמזן 200 גר,גרמים,200.00,100 גרם,false,,24.90,0.1245,false,1,145453
7290014759992,false,גבינת רוקפור גליל פלח 140 ג' תנובה,"תנובה, מחלבת תל יוסף",IL,גבינת רוקפור 140 גר,גרמים,140.00,100 גרם,false,,19.90,0.1421,true,1,145454
7290014760134,false,"מעדן סויה בטעם וניל תנובה 125 מ""ל",תנובה Alternative,IL,מעדן סויה וניל 1.5%,גרמים,125.00,100 גרם,false,,4.10,0.0328,true,1,201116
7290014760141,false,משקה שקדים תנובה E אלטרנטיב,תנובה Alternative,IL,משקה שקדים טרי 1 ליט,ליטרים,1.00,ליטר,false,,12.60,12.6000,true,1,186677
7290014760516,false,פיראוס צפתית מסורתית 5% סמי מעדניה 240ג,תנובה מרכז שיתופי לש,IL,צפתית 5% תנובה,גרמים,240.00,100 גרם,false,,15.90,0.0663,true,1,217519
7290014760912,false,פרוסות גבינה 28% שומן 400 ג' גוש חלב,תנובה מרכז שיתופי לש,IL,גוש חלב מהדרין 400 ג,גרמים,400.00,100 גרם,false,,25.90,0.0647,false,1,147961
7290014761056,false,מעדן שוקולד חלב יולו תנובה 123 גרם,מיוצר עי קונדיטוריית,IL,מעדן שוקולד חלב YOLO,גרמים,123.00,100 גרם,false,,4.60,0.0374,false,1,150430
7290014761063,false,מעדן שוקולד מריר יולו תנובה 123 גרם,מיוצר עי קונדיטוריית,IL,מעדן שוקולד מריר YOL,גרמים,123.00,100 גרם,false,,4.60,0.0374,false,1,150431
7290014761070,false,מעדן שוקולד לבן יולו תנובה 123 גרם,מיוצר עי קונדיטוריית,IL,מעדן שוקולד לבן מעול,גרמים,123.00,100 גרם,false,,4.60,0.0374,false,1,150432
7290014761193,false,יוגורט עם פירות יער 1.5% שומן 125 ג' פרילי,תנובה מרכז שיתופי לש,IL,פרילי פירות יער 125,גרמים,125.00,100 גרם,false,,3.60,0.0288,true,1,150909
7290014761414,false,יולו מעדן שכבות שוקולד חלב ולבן 123 גר,מיוצר עי קונדיטוריית,IL,מעדן שכבות שןקולד חל,גרמים,123.00,100 גרם,false,,4.60,0.0374,true,1,186322
7290014761438,false,פיראוס בולגרית קלאסית 24% סמי מעדניה 400,תנובה מרכז שיתופי לש,IL,בולגרית 24% תנובה -,גרמים,400.00,100 גרם,false,,27.90,0.0697,true,1,214739
7290014761698,false,"גבינת עמק 28% סמי חצי קשה 600 גרם בד""ץ",תנובה מרכז שיתופי לש,IL,עמק משפחתי 600 גר,גרמים,600.00,100 גרם,false,,32.90,0.0548,false,1,205154
7290014762756,false,גבינת שמנת נפוליאון 16% עם בצל תנובה 225 גרם,תנובה חלב,IL,נפוליאון בצל 16%,גרמים,225.00,100 גרם,false,,13.90,0.0618,false,1,190185
7290014762800,false,מעדן סויה שוקולד גביע 125 גרם אלטרנטיב,תנובה מרכז שיתופי לש,IL,גביע מעדן סויה בטעם,גרמים,125.00,100 גרם,false,,4.10,0.0328,true,1,198601
7290014762831,false,גבינת שמנת נפוליאון 16% עם פלפל חלפיניו תנובה 225 גרם,תנובה מרכז שיתופי לש,IL,נפוליאון חלפיניו,גרמים,225.00,100 גרם,false,,13.90,0.0618,false,1,191691
7290014762848,false,גבינה צהובה מגורדת 22% שומן 500 ג' פתיתי גלבוע,גלבוע - תנובה,IL,פתיתי גלבוע 500 גר,גרמים,500.00,100 גרם,false,,32.90,0.0658,false,1,200415
7290014762909,false,פתיתי מוצרלה השף הלבן 10% תוספת מתנה,"תנובה, מחלבת תל יוסף",IL,פתיתי מוצרלה,גרמים,200.00,100 גרם,false,,17.90,0.0895,false,1,191641
7290014763098,false,קרם גבינת שמנת 5% עם פלפל שום ובצל 200 ג' תנובה,תנובה,IL,קרם גבינת שמנת בניחו,גרמים,200.00,100 גרם,false,,11.90,0.0595,true,1,191617
7290014763395,false,גבינה צהובה עמק פרוס 28% 600 גרם מהדרין,תנובה מרכז שיתופי לש,IL,עמק סמי 600 גר,גרמים,600.00,100 גרם,false,,32.90,0.0548,false,1,194911
7290014785007,false,"טפיוקה גרגרים קטנים ""אסיה""",טעמי אסיה Taste of Asia,,פניני טפיוקה קטן,גרמים,400.00,100 גרם,false,,8.90,0.0223,true,1,141607
7290014785014,false,גרגרי טפיוקה גדולים.,טעמי אסיה Taste of Asia,,פניני טפיוקה גדול,גרמים,400.00,100 גרם,false,,8.90,0.0223,true,1,143798
7290014785052,false,"רוטב פטריות צמחוני 500 מ""ל",טעמי אסיה Taste of Asia,TH,רוטב פטריות צמחוני ל,מיליליטרים,500.00,"100 מ""ל",false,,11.90,0.0238,true,1,149844
7290014785076,false,"קרם קוקוס ללא תוספות חומר משמר 400 מ""ל",טעמי אסיה Taste of Asia,TH,קרם קוקוס ללא חומר מ,מיליליטרים,400.00,"100 מ""ל",false,,8.90,0.0223,true,1,145682
7290014785113,false,"רוטב טריאקי גדול 500 מ""ל",טעמי אסיה Taste of Asia,TH,"רוטב טריאקי 500 מ""ל",מיליליטרים,500.00,"100 מ""ל",false,,11.90,0.0238,true,1,194421
7290014785168,false,שיראטקי ג'ל קונג'אק בצורת אטריות,ננטונג דינגבורג סיוי,CN,שירטאקה - אטריות דקו,גרמים,200.00,100 גרם,false,,9.90,0.0495,true,1,148944
7290014785175,false,שיראטקי אטריות קונג'אק עבות,ננטונג דינגבורג סיוי,CN,שירטאקה - אטריות עבו,גרמים,200.00,100 גרם,false,,9.90,0.0495,true,1,148945
7290014785441,false,אטריות ביצים מקצועי 450 גרם,,,אטריות ביצים מקצועי,גרמים,450.00,100 גרם,false,,7.90,0.0176,true,1,198479
7290014785458,false,למון גראס ולימונית מ,,,למון גראס מיובש,גרמים,50.00,100 גרם,false,,8.90,0.1780,true,1,263727
7290014785465,false,שורש גלנגל מיובש 100,,,שורש גלנגל מיובש,גרמים,100.00,100 גרם,false,,11.90,0.1190,true,1,263728
7290014785472,false,עלי קפיר ליים מיובשי,,,עלי קפיר ליים מיובשי,גרמים,10.00,100 גרם,false,,5.90,0.5900,true,1,263724
7290014785564,false,אטריות אודון מוכנות 200 ג',קינגדאן פרימה פודס ק,CN,אטריות מוכנות אודון,גרמים,200.00,100 גרם,false,,2.90,0.0145,true,1,207503
7290014785571,false,"אטריות מוכנות מתאים להקפצה, מרקים ומנות קרות",טעמי אסיה Taste of Asia,,אטריות מוכנות להקפצה,גרמים,200.00,100 גרם,false,,2.90,0.0145,true,1,207504
7290014785588,false,אטריות ראמן מוכנות 180 ג',קינגדאן פרימה פודס ק,CN,אטריות מוכנות ראמן,גרמים,180.00,100 גרם,false,,2.90,0.0161,true,1,207505
7290014785915,false,ממרח קארי מאסאמן 400,,,ממרח קארי מאסאמן,גרמים,400.00,100 גרם,false,,18.90,0.0472,true,1,215610
7290014785991,false,"רוטב סויה ללא גלוטן 500 מ""ל",טעמי אסיה Taste of Asia,,רוטב סויה ללא גלוטן,מיליליטרים,500.00,"100 מ""ל",false,,12.90,0.0258,true,1,202655
7290014789913,false,עוגיות אוראו קרם בטעם וניל מארז 176 גרם,מונדלייז,ES,מארז שלישיית עוגיות,גרמים,528.00,100 גרם,false,,21.90,0.0415,true,1,144707
7290014803206,false,"חומץ יין אדום 5% 500מ""ל",COMTEMP,,חומץ יין אדום 5%,מיליליטרים,500.00,"100 מ""ל",false,,13.50,0.0270,true,1,144660
7290014803213,false,"חומץ יין לבן 5% 500מ""ל",COMTEMP,IL,חומץ יין לבן 5%,מיליליטרים,500.00,"100 מ""ל",false,,13.50,0.0270,true,1,144661
7290014803565,false,צנימים עגולים עם חיטה מלאה 300 גרם,NEWLAT,,צנימים עם חיטה מלאה,גרמים,300.00,100 גרם,false,,11.90,0.0397,true,1,149552
7290014803732,false,ניוקי קטנים מתפוח אד,,,ניוקי מתפוחי אדמה 50,גרמים,500.00,100 גרם,false,,8.90,0.0178,true,1,208634
7290014855434,false,מגבונים בייביסיטר פרפורמנס מבושם רביעיה,בייביסיטר Babysitter,IL,מגבונים בייביסיטר רב,יחידה,0.00,יחידה,false,,14.90,0.0000,true,1,187921
7290014855458,false,מגבוני בייביסיטר פרפורמנס ללא בישום מארז 72X4יח',בייביסיטר Babysitter,IL,מגבונים בייביסיטר רב,יחידה,0.00,יחידה,false,,14.90,0.0000,true,1,187922
7290014860070,false,"מקלוני אורז ללא גלוטן 5 מ""מ 454גר' (אור)",ניינטי נודל קו,TH,מקלוני אורז ללא גלוט,גרמים,454.00,100 גרם,false,,11.90,0.0262,true,1,207613
7290014860094,false,"מקלוני אורז ללא גלוטן 3מ""מ 454גר' (אור)",ניינטי נודל קו,TH,"איטריות אורז 3 מ""מ",גרמים,454.00,100 גרם,false,,11.90,0.0262,true,1,173284
7290014860155,false,מחצלת במבו שטוחה 24X24 ס'מ,גולין פנגזו,CN,מחצלת מקצועית שטוחה,יחידה,0.00,יחידה,false,,6.00,0.0000,true,1,203281
7290014890145,false,גבינת שמנת טבעי 225 גרם יעקובס,גבינות משק יעקבס,IL,גבינת שמנת טבעית,גרמים,225.00,100 גרם,false,,12.90,0.0573,true,1,198801
7290014890152,false,גבינת שמנת זיתים 225 גרם יעקובס,גבינות משק יעקבס,IL,גבינת שמנת זיתים 225,גרמים,225.00,100 גרם,false,,12.90,0.0573,true,1,199354
7290014890169,false,גבינת שמנת שום שמיר 225 גרם יעקובס,גבינות משק יעקבס,IL,גבינת שמנת שום שמיר,גרמים,225.00,100 גרם,false,,12.90,0.0573,true,1,199355
7290014890176,false,ריקוטה סגנון איטלק5% 250,מחלבת משק יעקובס,IL,ריקוטה 250 גר' יעקבס,גרמים,250.00,100 גרם,false,,11.90,0.0476,false,1,208131
7290014890206,false,קרם פרש 250גרם יעקוב,מחלבת משק יעקובס,IL,קרם פרש 250 גר' יעקב,גרמים,250.00,100 גרם,false,,13.90,0.0556,true,1,207204
7290014890237,false,גבינת קממברט יעקבס 125 גרם,גבינות משק יעקבס,IL,קממברט 125 גר',גרמים,125.00,100 גרם,false,,17.90,0.1432,true,1,196855
7290014890572,false,"יוגורט עיזים משק יעקבס 850 מ""ל",גבינות משק יעקבס,IL,יוגורט עיזים יעקבס,מיליליטרים,850.00,"100 מ""ל",false,,22.90,0.0269,false,1,262690
7290014890589,false,"יוגורט יווני משק יעקבס 850 מ""ל",גבינות משק יעקבס,IL,יוגורט יווני יעקבס,מיליליטרים,850.00,"100 מ""ל",false,,19.90,0.0234,false,1,262691
7290014890596,false,ברי עיזים בייבי משק יעקבס 125 גרם,גבינות משק יעקבס,IL,ברי עיזים בייבי יעקב,גרמים,125.00,100 גרם,false,,21.00,0.1680,true,1,262687
7290014890602,false,קממבר בקר אגוזים בייבי 125 גר,גבינות יעקבס,IL,קממבר בקר אגוזים יע,גרמים,125.00,100 גרם,false,,17.90,0.1432,false,1,262692
7290014901308,false,"סנסודיין משחת שיניים להגנה מלאה 75 מ""ל - סדרת פרמיום","סמית קליין ביצ'ם בע""",GB,סנסודיין הגנה מלאה,מיליליטרים,75.00,"100 מ""ל",false,,24.90,0.3320,true,1,149105
7290014901315,false,סנסודיין משחה הגנה מלאה אקסטרה פרש 75 מל,"סמית קליין ביצ'ם בע""",GB,סנסודיין הגנה מלאה פ,מיליליטרים,75.00,"100 מ""ל",false,,24.90,0.3320,true,1,149106
7290014901605,false,אקווה פרש מברשת שיניים ג'ניור,גלקסוסמיתקליין,IL,אקווה פרש מברשת שיני,יחידה,0.00,יחידה,false,,15.90,0.0000,true,1,208902
7290014901896,false,"מי פה סנסודיין מנטה מרענן 500 מ""ל",גלקסוסמיתקליין,GB,סנסודיין מי פה 500 מ,מיליליטרים,500.00,"100 מ""ל",false,,24.90,0.0498,true,1,188926
7290014905207,false,"הג'ל הכחול לניקוי האסלה יעקבי 750 מ""ל",איי פי אס,IL,"W.C אסלות 750 מ""ל",מיליליטרים,750.00,"100 מ""ל",false,,9.90,0.0132,true,1,145052
7290014905368,false,מטליות דמויות בד עוד ועוד הפי יעקבי,יעקובי הפי,TR,הפי עוד ועוד מטלית ד,יחידה,0.00,יחידה,false,,8.50,0.0000,true,1,147499
7290014905689,false,"נוזל כלים הפי מרוכז 24% תפוח 750 מ""ל",יעקובי הפי,IL,"הפי כלים 750 מ""ל ירו",מיליליטרים,750.00,"100 מ""ל",false,,7.90,0.0105,true,1,149680
7290014905696,false,"נוזל כלים הפי מרוכז 24% לימון 750 מ""ל",יעקובי הפי,IL,"הפי כלים 750 מ""ל צהו",מיליליטרים,750.00,"100 מ""ל",false,,7.90,0.0105,true,1,149681
7290014905719,false,הפי לימונית למדיח כלים - מנטרל ריחות רעים,יעקבי - הפי Hepi,IT,הפי לימונית למדיח,יחידה,0.00,יחידה,false,,13.90,0.0000,true,1,150302
7290014905733,false,"הפי פרפקט לניקוי שמשות 750 מ""ל",יעקובי הפי,TR,"הפי לחלונות 750 מ""ל",מיליליטרים,750.00,"100 מ""ל",false,,7.90,0.0105,true,1,149682
7290014907195,false,סטייק טונה אלבקור שקיל,,VN,סטייק טונה בוואקום,קילוגרמים,1.00,"ק""ג",true,,45.90,45.9000,true,1,202966
7290014907386,false,אצבעות אנטריקוט חלק,,,אצבעות אנטריקוט חלק,קילוגרמים,1.00,"ק""ג",true,,59.90,59.9000,true,1,219046
7290014910379,false,"מלפפונים במלח 690 גרם ""לינה""",יוניקורן פיקלס,IN,מלפפונים במלח לינה,גרמים,690.00,100 גרם,false,,8.90,0.0129,true,1,202152
7290014910386,false,"קורנישונים במלח 690 גרם ""לינה""",יוניקורן פיקלס,IN,קורנישון במלח 690 גר,גרמים,690.00,100 גרם,false,,9.90,0.0143,true,1,197926
7290014910461,false,"ערק יודה 700 מ""ל כשל",בני בהיג'\ קעואר לתעשייה,IL,ערק יודה,מיליליטרים,700.00,"100 מ""ל",false,,59.90,0.0856,true,1,204712
7290014910515,false,שימורי דגים שפרוטים מעושנים בשמן צמחי 250 גרם,סיא אונדה,LV,שימורי דגים שפרוטים,גרמים,250.00,100 גרם,false,,11.90,0.0476,true,1,199507
7290014940901,false,לחם פשוט מלא אנג'ל 750 גרם,מאפיית שלמה א. אנג'\ל בע,IL,לחם פשוט מלא אנג'ל,מיליליטרים,750.00,"100 מ""ל",false,,11.90,0.0159,true,1,185843
7290014947047,false,פריכיות כוסמת עם מלח 175 גרם,זן בר המכללה לטבעונו,IL,זן-בר- פריכיות כוסמת,גרמים,160.00,100 גרם,false,,9.90,0.0619,true,1,186374
7290014962521,false,"טפטפים משחת שיניים לילדים מגיל 2-6 50 מ""ל",כצט CTS,IL,משחת שיניים טפטפים,מיליליטרים,50.00,"100 מ""ל",false,,11.50,0.2300,true,1,208274
7290014962538,false,משחת שיניים ג'וניור מנטה מעודן לגילאי 6+,כצט CTS,IL,משחת שיניים טפטפים,מיליליטרים,50.00,"100 מ""ל",false,,11.50,0.2300,true,1,208275
7290014974562,false,גביעי גלידה רגיל טילון עלמה גילרו 24 יח',"א.ג גילרו בע""מ",IL,גביעים לגלידה גילרו,גרמים,120.00,100 גרם,false,,6.90,0.0575,true,1,197451
7290014974593,false,גביעי גלידריה עלמה ללא גלוטן 132 גרם,כרמית תעשיות ממתקים,IL,גביעי גלידה ללא גלוט,גרמים,132.00,100 גרם,false,,13.50,0.1023,true,1,197874
7290015005555,false,"צ'יפס אמריקאי 2 ק""ג פרי הגליל","פרי הגליל בע""""מ",IL,"צ'יפס אמריקאי 2 ק""ג",קילוגרמים,2.00,"ק""ג",false,,21.90,10.9500,true,1,149669
7290015039246,false,נתחי טונה בשמן צמחי רביעיה * 160 ג' וילי פוד,וילי פוד,TH,רביעיה טונה ויליפוד,גרמים,640.00,100 גרם,false,,19.90,0.0311,false,1,148617
7290015039253,false,עלי גפן במי מלח ויליפוד 620 גרם,קוראהן פזלרמה וי דיס,TR,עלי גפן במי מלח,גרמים,620.00,100 גרם,false,,10.60,0.0171,true,1,147865
7290015039338,false,נתחי טונה במי מלח רביעיה * 160 ג' וילי פוד,וילי פוד,TH,רביעיה טונה במים ויל,גרמים,640.00,100 גרם,false,,19.90,0.0311,false,1,148622
7290015039499,false,ויליפוד עוגיות חמאה איטלקיות מובחרות 1ק,טדסקו אס.אר.אל ויה ד,IT,עוגיות איטלקיות מובח,קילוגרמים,1.00,"ק""ג",false,,10.90,10.9000,true,1,185845
7290015129121,false,אטריות קונג'אק בתוספת טפיוקה בצורת נודלס,הוויזאי וואנגייה פוד,CN,סקיני פסטה נודלס,גרמים,270.00,100 גרם,false,,10.90,0.0404,true,1,149317
7290015129145,false,אטריות קונג'אק בתוספת טפיוקה בצורת ספגטי,הוויזאי וואנגייה פוד,CN,סקיני פסטה ספגטי,גרמים,270.00,100 גרם,false,,10.90,0.0404,true,1,149239
7290015129220,false,איטריות קונגאק ללא גלוטן 270 גרם skinny,אף.סי תבליני בגליל ב,CN,סקיני פסטה בצורת קוס,גרמים,270.00,100 גרם,false,,10.90,0.0404,true,1,185727
7290015129657,false,סקיני פסטה פנה אורגנ,סקיני פסטה,CN,סקיני פסטה פנה,גרמים,270.00,100 גרם,false,,10.90,0.0404,true,1,264011
7290015129749,false,סקיני פסטה שיבולת שועל נודלס 270 גרם,הוויזאי וואנגייה,CN,אברמסון סקיני פסטה נ,גרמים,200.00,100 גרם,false,,10.90,0.0545,true,1,206698
7290015129756,false,סקיני פסטה שיבולת שועל פטוצ'יני 270 גרם,הוויזאי וואנגייה,CN,אברמסון סקיני פסטה פ,גרמים,200.00,100 גרם,false,,10.90,0.0545,true,1,206699
7290015139250,false,"שוקולד מריר פצפוצי אורז כרמית 85 גרם לל""ס","כרמית תעשיות ממתקים בע""\",IL,שוקולד מריר עם פצפוצ,גרמים,85.00,100 גרם,false,,5.90,0.0694,true,1,187568
7290015139267,false,שוקולד מריר עם שקדים ללא תוספת סוכר וסטהיים,"כרמית תעשיות ממתקים בע""\",IL,כרמית שוקולד מריר עם,גרמים,85.00,100 גרם,false,,5.90,0.0694,true,1,187106
7290015139526,false,חופשי ופל בציפוי ומילוי שוקו ללא גלוטן כרמית 125 גרם,כרמית תעשיות ממתקים,IL,חופשי ופל בציפוי ומי,גרמים,125.00,100 גרם,false,,9.90,0.0792,true,1,189884
7290015139533,false,חופשי ופל לימון ללא ציפוי ללא גלוטן כרמית 200 גרם,"כרמית תעשיות ממתקים בע""\",IL,חופשי ופל לימון כרמי,גרמים,200.00,100 גרם,false,,9.90,0.0495,true,1,189631
7290015139571,false,חופשי ופל בארים בציפוי שוקולד 25 גר,"כרמית תעשיות ממתקים בע""\",IL,חופשי ופל מצופה ללא,גרמים,125.00,100 גרם,false,,9.90,0.0792,true,1,189635
7290015150361,false,תה ירוק נענע סטיביה ויסוצקי 25 יחידות,ויסוצקי ירוק,IL,תה ירוק נענע סטיביה,גרמים,37.50,100 גרם,false,,24.90,0.6640,false,1,185816
7290015150590,false,תה ירוק ג'ינג'ר חריף ויסוצקי 25 יחידות,ויסוצקי ירוק,IL,תה ירוק ג'ינג'ר חריף,גרמים,37.50,100 גרם,false,,24.90,0.6640,false,1,188155
7290015150903,false,תה ירוק קינמון ודבש ויסוצקי 25 יחידות,ויסוצקי ירוק,IL,תה ירוק קינמון ודבש,יחידה,0.00,יחידה,false,,24.90,0.0000,false,1,193386
7290015155427,false,פרמיו עוף וכבד לחתול,פרמיו Premio,AU,פרמיו עוף וכבד 15 גר,גרמים,15.00,100 גרם,false,,7.00,0.4667,true,1,264598
7290015155823,false,מחית תפוחי עץ חטיפטף ללא תוספת סוכר,פרוטה פודיווין איי.א,CZ,מחית תפוחי עץ פרינוק,גרמים,120.00,100 גרם,false,,5.90,0.0492,true,1,198489
7290015155830,false,מחית תפוחי עץ ובננה חטיפטף ללא תוספת סוכר,פרוטה פודווין איי.אס,CZ,מחית תפוחי עץ ובננה,גרמים,120.00,100 גרם,false,,5.90,0.0492,true,1,198490
7290015155847,false,מחית סלט פירות חטיפטף ללא תוספת סוכר,פרוטה פודיווין איי.א,CZ,מחית סלט פירות פרינו,גרמים,120.00,100 גרם,false,,5.90,0.0492,true,1,198491
7290015155878,false,חטיף אורז אפוי לתינוקות טבעי חטיפטף 28גר,נאמצואו,TH,חטיפטף חטיף אורז אפו,גרמים,28.00,100 גרם,false,,8.50,0.3036,true,1,265282
7290015155885,false,חטיפטף - חטיף אורז אפוי בטעם אוכמניות 28 גרם,,,חטיפטף בטעם אוכמניות,גרמים,28.00,100 גרם,false,,8.50,0.3036,true,1,217027
7290015155892,false,חטיף אורז אפוי לתינוקות בננה חטיפטף 28גר,נאמצואו,TH,חטיפטף בטעם בננה 28,גרמים,28.00,100 גרם,false,,8.50,0.3036,true,1,217028
7290015156790,false,מחית לפתן פירות חטיפטף ללא תוספת סוכר,פרוטה פודווין איי.אס,CZ,מחית לפתן פירות פרינ,גרמים,120.00,100 גרם,false,,5.90,0.0492,true,1,203284
7290015161138,false,אבקת מרק טבעוני בטעם,,,אבקת מרק טבעוני בטעם,גרמים,200.00,100 גרם,false,,27.90,0.1395,true,1,215738
7290015161152,false,גרנולה כוסמין פירות ואגוזים 300 גרם,שקד תבור,IL,גרנולה כוסמין פירות,גרמים,300.00,100 גרם,false,,27.90,0.0930,true,1,215082
7290015161206,false,קמח קוקוס אורגני ללא גלוטן 500 גרם- Nutra Zen,נוטרה זון,LK,קמח קוקוס אורגני ללא,גרמים,500.00,100 גרם,false,,19.90,0.0398,true,1,215182
7290015161213,false,סוכר קוקוס אורגני נוטרזן 300 גרם,,,סוכר קוקוס אורגני,גרמים,300.00,100 גרם,false,,21.90,0.0730,true,1,215311
7290015161244,false,"קרם קוקוס 17% אורגני ללא גלוטן 400 מ""ל נוטרה זן","אינסטנטה בע""מ",LK,קרם קוקוס אורגני 17%,מיליליטרים,400.00,"100 מ""ל",false,,9.90,0.0248,true,1,215697
7290015161350,false,אבקת מרק ירקות אורגני 200 גרם,ויטאם הפה פרודקט,DE,אבקת מרק ירקות אורגנ,גרמים,200.00,100 גרם,false,,23.90,0.1195,true,1,215173
7290015161466,false,"חומץ תפוחים 5% אורגני לא מסונן 750 מ""ל",,,חומץ תפוחים אורגני נ,גרמים,300.00,100 גרם,false,,19.90,0.0663,true,1,217113
7290015161558,false,קמח שיבולת שועל מלאה אורגני ללא גלוטן,הלינסקי מילס אל.טי.די,DK,קמח שיבולת שועל מלאה,גרמים,500.00,100 גרם,false,,26.90,0.0538,true,1,215084
7290015161763,false,אבקת מרק ירקות אורגני ללא שמרים 200 גרם,ויטאם הפה פרודקט,DE,אבקת מרק ירקות אורגנ,גרמים,200.00,100 גרם,false,,23.90,0.1195,true,1,215174
7290015161848,false,פת פריכה אורגנית ללא גלוטן - כוסמת וקינואה 100 גרם,אקסטרודו בצ'\יצה,CZ,פת פריכה אורגנית ללא,גרמים,100.00,100 גרם,false,,13.90,0.1390,true,1,215169
7290015161855,false,פת פריכה אורגנית עם קינואה וחרובים ללא גלוטן,אקסטרודו בצ'\יצה,CZ,פת פירכית קינואה חרו,גרמים,100.00,1000גרם,false,,13.90,0.1390,true,1,266036
7290015161862,false,פת פריכה אורגנית ללא גלוטן - ערמונים 100 גרם,אקסטרודו בצ'\יצה,CZ,פת פריכה אורגנית ללא,גרמים,100.00,100 גרם,false,,13.90,0.1390,true,1,215170
7290015161923,false,קרם קוקוס 22% אורגני ללא גלוטן נוטרה זן,"אינסטנטה בע""מ",LK,קרם קוקוס אורגני נוט,יחידה,0.00,יחידה,false,,12.90,0.0000,true,1,215085
7290015161930,false,"פסטPRO קסרצ'ה פתיתים אורגניים, ללא גלוטן",נוטרה זן NutraZen,IT,פסטה פרו עדשים צהובו,גרמים,250.00,100 גרם,false,,16.90,0.0676,true,1,215155
7290015161978,false,פסטPRO עדשים אדומות חומוס ופשתן GF אורגנית 250 ג,נוטרה זן NutraZen,IT,פסטה פרו עדשים אדומו,גרמים,250.00,100 גרם,false,,16.90,0.0676,true,1,215156
7290015161992,false,"פסטPRO קסרצ'ה פתיתים אורגניים, ללא גלוטן",נוטרה זן NutraZen,IT,פסטה עדשים אדומות וד,גרמים,250.00,100 גרם,false,,16.90,0.0676,true,1,215181
7290015172011,false,דים סאם גיוזה עוף 300 גרם,דים סאם,,דים סאם גיוזה עוף,גרמים,300.00,100 גרם,false,,29.90,0.0997,true,1,189667
7290015172028,false,דים סאם גיוזה בטטה 300 גרם,דים סאם מטבח מרכזי כ,,דים סאם גיוזה בטטה,גרמים,300.00,100 גרם,false,,29.90,0.0997,true,1,189668
7290015172073,false,דים סאם גיוזה פטריות 300 גרם,דים סאם מטבח מרכזי כ,,דים סאם גיוזה פטריות,גרמים,300.00,100 גרם,false,,29.90,0.0997,true,1,189670
7290015172097,false,דים סאם גיוזה בקר 300 גרם,דים סאם מטבח מרכזי כ,IL,דים סאם גיוזה בקר,גרמים,300.00,100 גרם,false,,29.90,0.0997,true,1,189671
7290015172219,false,גיוזה עוף פטריות ופקאן,דים סאם,,דים סאם -גיוזה עוף פ,גרמים,300.00,100 גרם,false,,29.90,0.0997,true,1,219754
7290015172264,false,"מארז 8 לחמניות באן כפפה ""דים דאם""",דים סאם,,לחמניות באן מאודות,גרמים,400.00,100 גרם,false,,31.90,0.0797,true,1,262701
7290015178266,false,אוליביה רוטב פלפלת שחורה 270 גרם,אוליביה,IL,רוטב פלפלת שחורה אול,גרמים,270.00,100 גרם,false,,13.90,0.0515,true,1,265537
7290015178273,false,רוטב מרינדה לעוף בגריל אוליביה 270 גר,אוליביה,IL,רוטב מרינדה על האש א,גרמים,320.00,100 גרם,false,,13.90,0.0434,true,1,265538
7290015282000,false,איקרא אדומה SEVEN SEAS 200 גרם,שבעת הימים - שמיר,IL,איקרה אדומה 200 גר',גרמים,200.00,100 גרם,false,,12.90,0.0645,true,1,214025
7290015282024,false,איקרא לבנה SEVEN SEAS 200 גרם,שבעת הימים - שמיר,IL,איקרה לבנה 200 גר',גרמים,200.00,100 גרם,false,,12.90,0.0645,true,1,214026
7290015282581,false,חומוס אבו גוש עם חריף שמיר 200 גרם,"סלטי שמיר 2006 בע""מ",IL,חומוס אבו גוש עם חרי,גרמים,200.00,100 גרם,false,,9.90,0.0495,true,1,261596
7290015282598,false,חומוס מסעדות גורמה שמיר 200 גרם,"סלטי שמיר 2006 בע""מ",IL,חומוס מסעדות 200 גרם,גרמים,200.00,100 גרם,false,,9.90,0.0495,true,1,261597
7290015282604,false,טחינה מיוחדת גורמה שמיר 200 גרם,"סלטי שמיר 2006 בע""מ",IL,טחינה מיוחדת 200 גרם,גרמים,200.00,100 גרם,false,,9.90,0.0495,true,1,261599
7290015282628,false,חציל בטעם כבד גורמה שמיר 200 גרם,"סלטי שמיר 2006 בע""מ",IL,חציל בטעם כבד 200 גר,גרמים,200.00,100 גרם,false,,10.90,0.0545,true,1,261607
7290015282635,false,חומוס מסבחה גורמה שמיר 200 גרם,"סלטי שמיר 2006 בע""מ",IL,חומוס מסבחה 200 גרם,גרמים,200.00,100 גרם,false,,9.90,0.0495,true,1,261598
7290015282642,false,חומוס אבו גוש גורמה שמיר 200 גרם,"סלטי שמיר 2006 בע""מ",IL,חומוס אבו גוש 200 גר,גרמים,200.00,100 גרם,false,,9.90,0.0495,true,1,261600
7290015282666,false,סלט טונה עם ירקות 200 גר,"סלטי שמיר 2006 בע""מ",IL,סלט טונה עם ירקות 20,גרמים,200.00,100 גרם,false,,16.90,0.0845,true,1,261617
7290015282673,false,חציל במיונז ביתי גורמה שמיר 200 גרם,"סלטי שמיר 2006 בע""מ",IL,חציל במיונז ביתי 200,גרמים,200.00,100 גרם,false,,9.90,0.0495,true,1,261595
7290015282680,false,קישוא בטעם כבד גורמה שמיר 200 גרם,"סלטי שמיר 2006 בע""מ",IL,סלט קישוא בטעם כבד 2,גרמים,200.00,100 גרם,false,,10.90,0.0545,true,1,261612
7290015282697,false,כרוב אדום שמיר גורמה 200גר,"סלטי שמיר 2006 בע""מ",IL,כרוב אדום 200 גרם,גרמים,200.00,100 גרם,false,,10.90,0.0545,true,1,261613
7290015282734,false,מטבוחה ביתית גורמה שמיר 200 גרם,"סלטי שמיר 2006 בע""מ",IL,מטבוחה ביתית 200 גרם,גרמים,200.00,100 גרם,false,,10.90,0.0545,true,1,261608
7290015282741,false,חציל תאילנדי אסלי שמיר 200 ג',"סלטי שמיר 2006 בע""מ",IL,חציל תאילנדי 200 גרם,גרמים,200.00,100 גרם,false,,10.90,0.0545,true,1,261605
7290015282772,false,פלפל רצועות קלוי/מטוגן 200 גרם,"סלטי שמיר 2006 בע""מ",IL,פלפל רצועות קלוי / מ,גרמים,200.00,100 גרם,false,,10.90,0.0545,true,1,261606
7290015284028,false,סבון גוף ירקות ירוקים 500 מל ECOLOVE,אורגניק זון,IL,סבון גוף משפחתי,מיליליטרים,500.00,"100 מ""ל",false,,32.90,0.0658,true,1,148309
7290015284042,false,שמפו לשיער רגיל/שמן ירקות אדומים ECOLOVE,אורגניק זון,IL,שמפו לשיער רגיל ושמן,מיליליטרים,500.00,"100 מ""ל",false,,32.90,0.0658,true,1,148311
7290015284066,false,סבון גוף ירקות אדומים 500 מל ECOLOVE,אורגניק זון,IL,סבון גוף,מיליליטרים,500.00,"100 מ""ל",false,,32.90,0.0658,true,1,148313
7290015284073,false,סבון ידיים ירקות אדומים 500 מל ECOLOVE,א.ל. ארמן,IL,סבון ידיים,מיליליטרים,500.00,"100 מ""ל",false,,25.90,0.0518,true,1,148314
7290015284103,false,סבון גוף ירקות כתומים 500 מל ECOLOVE,אורגניק זון,IL,סבון גוף,מיליליטרים,500.00,"100 מ""ל",false,,32.90,0.0658,true,1,148317
7290015284233,false,ECOLOVE סבון ידיים לעור יבש 500 מל,א.ל. ארמן,IL,סבון ידיים פירות סגו,מיליליטרים,500.00,"100 מ""ל",false,,25.90,0.0518,true,1,192242
7290015306744,false,קמח חומוס 500 גרם,העידן האורגני,IL,קמח חומוס 500 גר',גרמים,500.00,100 גרם,false,,15.90,0.0318,true,1,198715
7290015306751,false,קמח עדשים אדומות 500 גרם,העידן האורגני,IL,קמח עדשים אדומות 500,גרמים,500.00,100 גרם,false,,14.90,0.0298,true,1,198661
7290015324007,false,פלפל שחור גרוס 80 גר' טעם וריח,"תבליני טעם וריח בע""מ",IL,פלפל שחור גרוס 80 גר,גרמים,80.00,100 גרם,false,,9.50,0.1188,true,1,146553
7290015324014,false,"פלפל שחור טחון בשקית 80 גרם ""טעם וריח""","תבליני טעם וריח בע""מ",IL,פלפל שחור טחון 80 גר,גרמים,80.00,100 גרם,false,,9.50,0.1188,true,1,146554
7290015324038,false,פפריקה מתוקה בשמן 100 גרם טעם וריח,"תבליני טעם וריח בע""מ",IL,פפריקה בשמן 80 גר שק,גרמים,80.00,100 גרם,false,,5.90,0.0738,true,1,146555
7290015324045,false,תבלין פפריקה חריפה 80 גר' שק',"תבליני טעם וריח בע""מ",IL,פפריקה חריפה שקית 80,גרמים,80.00,100 גרם,false,,5.90,0.0738,true,1,146556
7290015324052,false,פפריקה מתוקה 80 גר' טעם וריח,"תבליני טעם וריח בע""מ",IL,פפריקה מתוקה שקית 80,גרמים,80.00,100 גרם,false,,5.90,0.0738,true,1,146557
7290015324069,false,גריל עוף 80 גר' טעם וריח,"תבליני טעם וריח בע""מ",IL,גריל עוף שקית 80 גר,גרמים,80.00,100 גרם,false,,5.90,0.0738,true,1,146558
7290015324076,false,זעתר מעורב 80 גר' טעם וריח,"תבליני טעם וריח בע""מ",IL,זעתר שקית 80 גר,גרמים,80.00,100 גרם,false,,5.90,0.0738,true,1,146559
7290015324083,false,מלח לימון 80 גר' טעם וריח,"תבליני טעם וריח בע""מ",IL,מלח לימון שקית 80 גר,גרמים,80.00,100 גרם,false,,5.90,0.0738,true,1,146560
7290015324090,false,כמון טחון 80 גר' טעם וריח,"תבליני טעם וריח בע""מ",IL,כמון שקית 80 גר,גרמים,80.00,100 גרם,false,,5.90,0.0738,true,1,146561
7290015324106,false,כורכום טחון 80 גר' טעם וריח,"תבליני טעם וריח בע""מ",IL,כורכום שקית 80 גר,גרמים,80.00,100 גרם,false,,5.90,0.0738,true,1,146562
7290015324113,false,תבלין בהרט 80 גר שקי,"תבליני טעם וריח בע""מ",IL,בהרט שקית 80 גר,גרמים,80.00,100 גרם,false,,5.90,0.0738,true,1,146563
7290015324120,false,שום גבישי 80 גר' טעם וריח,"תבליני טעם וריח בע""מ",IL,שום גבישי שקית 80 גר,גרמים,80.00,100 גרם,false,,5.90,0.0738,true,1,146564
7290015324151,false,חוואיג' למרק 80 גר' טעם וריח,"תבליני טעם וריח בע""מ",IL,חוויאג למרק 80 גר שק,גרמים,80.00,100 גרם,false,,5.90,0.0738,true,1,146565
7290015324168,false,שק 80 גרם על האש ללא מונוסטדיום,"תבליני טעם וריח בע""מ",IL,תבלין על האש שקית 80,גרמים,80.00,100 גרם,false,,5.90,0.0738,true,1,146566
7290015324175,false,תיבול לשווארמה 80 גר' טעם וריח,"תבליני טעם וריח בע""מ",IL,תבלין לשווארמה 80 גר,גרמים,80.00,100 גרם,false,,5.90,0.0738,true,1,146567
7290015324427,false,סודה לשתיה טעם וריח 80 גר',"תבליני טעם וריח בע""מ",IL,סודה לשתיה שקית 80 ג,גרמים,80.00,100 גרם,false,,3.90,0.0487,true,1,199417
7290015324519,false,תערובת לפיצה שקית 80 גרם,"תבליני טעם וריח בע""מ",IL,תערובת לפיצה שקית 80,גרמים,80.00,100 גרם,false,,5.90,0.0738,true,1,208357
7290015324526,false,תערובת תיבול לפרגיות 80 גרם,"תבליני טעם וריח בע""מ",IL,תערובת תיבול לפרגיות,גרמים,80.00,100 גרם,false,,5.90,0.0738,true,1,208358
7290015324533,false,רוזמרין מיכל גדול 55 גרם,"תבליני טעם וריח בע""מ",IL,רוזמרין מיכל גדול 5,גרמים,55.00,100 גרם,false,,9.50,0.1727,true,1,208369
7290015324540,false,טימין מיכל גדול 30 גרם,"תבליני טעם וריח בע""מ",IL,טימין מיכל גדול 30 ג,גרמים,30.00,100 גרם,false,,9.50,0.3167,true,1,208370
7290015324557,false,בהרט לבישול מיכל גדול 80 גרם,"תבליני טעם וריח בע""מ",IL,בהרט לבישול מיכל גדו,גרמים,80.00,100 גרם,false,,9.50,0.1188,true,1,208371
7290015324571,false,פפריקה מתוקה בשמן בסגנון מרוקאי 400 גרם,"תבליני טעם וריח בע""\מ",IL,פפריקה מתוקה בשמן בס,גרמים,400.00,100 גרם,false,,18.90,0.0472,true,1,210180
7290015324588,false,תבליני טעם וריח מיכל גדו,"תבליני טעם וריח בע""מ",IL,פלפל לבן טחון 100 גר,גרמים,100.00,100 גרם,false,,12.90,0.1290,true,1,217698
7290015324595,false,פלפל שחור גרוס 400 גרם,,,פלפל שחור גרוס 400 ג,גרמים,400.00,100 גרם,false,,25.90,0.0647,true,1,213613
7290015324656,false,זעפרן ספרדי יחידה0.5,"תבליני טעם וריח בע""מ",ES,תבלין זעפרן 0.5 גרם,גרמים,0.50,100 גרם,false,,19.90,39.8000,true,1,214671
7290015324670,false,מטחנת פלפל שחור שלם 50 ג' טעם וריח,קייפ הרב אנד ספייס,ZA,מטחנת פלפל שחור שלם,גרמים,50.00,100 גרם,false,,12.90,0.2580,true,1,262824
7290015324687,false,מטחנת לקט פלפל 50 ג' טעם וריח,קייפ הרב אנד ספייס,ZA,מטחנת לקט פלפל,גרמים,50.00,100 גרם,false,,12.90,0.2580,true,1,262825
7290015324717,false,"מחית שום `טעם וריח, 210 גרם",ליני קאטייאמה פודסטאפס ב,CN,מחית שום טעם וריח,גרמים,210.00,100 גרם,false,,13.90,0.0662,true,1,262828
7290015324731,false,"מחית ג`ינג`ר `טעם וריח', 210 גרם",ליני קאטייאמה פודסטאפס ב,CN,מחית ג'נג'ר טעם וריח,גרמים,210.00,100 גרם,false,,13.90,0.0662,true,1,262830
7290015335607,false,מעדן ביו טבעי יוגאנט 150גרם,טרופיקל דגיל תעשיות,IL,יוגונאט טבעי 150 גר',גרמים,150.00,100 גרם,false,,7.40,0.0493,true,1,208639
7290015335614,false,מעדן ביו עם תות יוגאנט 150גרם,טרופיקל דגיל תעשיות,IL,יוגונאט תות 150 גר',גרמים,150.00,100 גרם,false,,7.40,0.0493,true,1,208641
7290015335621,false,יוגונאט פירות יער 150גר' ניה,טרופיקל דגיל תעשיות,IL,יוגונאט פירות יער 15,גרמים,150.00,100 גרם,false,,7.40,0.0493,true,1,216237
7290015335638,false,מעד ביו דובדבן 150 גר,טרופיקל דגיל תעשיות,IL,יוגונאט דובדבן 150 ג,גרמים,150.00,100 גרם,false,,7.40,0.0493,true,1,208642
7290015340236,false,ממרח שקד ללא סוכר 30,יושלם,,ממרח שקד ללא סוכר 30,גרמים,300.00,100 גרם,false,,31.90,0.1063,true,1,149598
7290015340281,false,קמח שקדים ללא גלוטן 500 גרם,"העידן האורגני בע""מ",,קמח שקדים ללא גלוטן,גרמים,400.00,100 גרם,false,,26.90,0.0672,true,1,149848
7290015340434,false,"שמן אבוקדו 500 מ""ל",,,"שמן אבוקדו 500 מ""ל",מיליליטרים,500.00,"100 מ""ל",false,,49.90,0.0998,true,1,188153
7290015340595,false,חמאת אגוז לוז שקדים,פון בק,,חמאת אגוז לוז שקדים,גרמים,300.00,100 גרם,false,,36.90,0.1230,true,1,191563
7290015340656,false,חמאת פיסטוק 250ג'- ה,פון בק,IL,חמאת פיסטוק 250ג'- ה,גרמים,250.00,100 גרם,false,,59.90,0.2396,true,1,195462
7290015366663,false,"משחת שיניים מנטה עדין אקווה פרש 100 מ""ל",גלקסוסמיתקליין,SK,משחת שיניים אקווה פר,מיליליטרים,100.00,"100 מ""ל",false,,6.90,0.0690,true,1,190599
7290015366670,false,משחת שיניים הגנה משולשת מנטה מרענן,גלקסוסמיתקליין,SK,משחת שיניים אקווה פר,מיליליטרים,100.00,"100 מ""ל",false,,6.90,0.0690,false,1,190600
7290015470094,false,טוסו שוקולד מריר תפוז ללא סוכר 100גרם,אלטינמארקה,TR,טוסו שוקולד מריר תפו,גרמים,100.00,100 גרם,false,,12.90,0.1290,true,1,192745
7290015596398,false,"אלכוג'ל תפוח לשמירת הגיינת ידיים 100 מ""ל","ד""ר פישר Dr fischer",IL,אלכוג'ל קווי לימון 1,מיליליטרים,100.00,"100 מ""ל",false,,9.90,0.0990,true,1,212856
7290015597210,false,טילון קורונטו עם וופל ואגוזי לוז מסוכרים,"גלידת שטראוס בע""\מ, רחוב",IL,מאגדת טילון קורנטו ט,יחידה,0.00,יחידה,false,,34.90,0.0000,true,1,201593
7290015597326,false,מאגדת קרחוני אייס לייט 3 טעמים 260 גר,"גלידת שטראוס בע""\מ, רחוב",IL,מאגדת שלגונים אסקימו,יחידה,0.00,יחידה,false,,25.90,0.0000,true,1,190075
7290015597937,false,קורנטו וניל קלאסי שטראוס 70 גר,"מיוצר ע""\י גלידת שטראוס",IL,קורנטו קלאסיק,גרמים,70.00,100 גרם,false,,6.90,0.0986,true,1,201594
7290015599016,false,VEGA צהובה טבעונית עם זיתים 200 גרם,אריויה ס.א.,GR,צהובה טבעונית עם זית,גרמים,200.00,100 גרם,false,,21.90,0.1095,true,1,195819
7290015599023,false,VEGA צהובה טבעונית בטעם קלאסי 200 גרם,וגה מוצרים טבעוניים VEGA,GR,צהובה טבעונית בטעם ק,גרמים,200.00,100 גרם,false,,21.90,0.1095,true,1,195821
7290015599030,false,VEGA צהובה טבעונית בטעם פיצה פפרוני 200 גרם,,GR,צהובה טבעונית בטעם פ,יחידה,0.00,יחידה,false,,21.90,0.0000,true,1,195338
7290015599047,false,בלוק צהובה טבעונית לגירוד על פיצה 200 ג,המאפיה של הרמן,GR,בלוק צהובה טבעונית ל,יחידה,0.00,יחידה,false,,15.90,0.0000,true,1,195339
7290015599054,false,פרוסות צהובה טבעונית בטעם גבינת צ'דר,וגה מוצרים טבעוניים VEGA,GR,צהובה טבעונית בטעם צ,גרמים,200.00,100 גרם,false,,21.90,0.1095,true,1,195820
7290015599061,false,VEGA צהובה טבעונית בטעם מוצרלה 200 גרם,וגה מוצרים טבעוניים VEGA,GR,גבינה צהובה טבעונית,גרמים,200.00,100 גרם,false,,21.90,0.1095,true,1,195765
7290015599078,false,פרוסות צהובה טבעונית בתוספת עשבי תיבול,וגה מוצרים טבעוניים VEGA,GR,צהובה טבעונית עם עשב,גרמים,200.00,100 גרם,false,,21.90,0.1095,true,1,195822
7290015599191,false,VEGA ממרח טבעוני בסגנון גבינת שמנת בטעם קלאסי 170 גרם,ביוטי איילנד פודס בע,GB,ממרח טבעוני בטעם גב,יחידה,0.00,יחידה,false,,16.90,0.0000,true,1,195342
7290015599207,false,גבינת שמנת טבעונית בטעם צדר 170 גרם,ביוטי איילנד פודס בע,GB,גבינת שמנת טבעונית ב,יחידה,0.00,יחידה,false,,16.90,0.0000,true,1,195343
7290015599306,false,VEGA ממרח טבעוני בסגנון גבינת שמנת עם עירית 170 גרם,ביוטי איילנד פודס בע,GB,גבינת שמנת טבעונית ע,יחידה,0.00,יחידה,false,,16.90,0.0000,true,1,195344
7290015599504,false,VEGA ממרח בטעם חמאה אורגני 225 גרם,גוד פוד פרודקטס S.p,DK,ממרח בטעם חמאה אורגנ,גרמים,225.00,100 גרם,false,,16.90,0.0751,true,1,203344
7290015599702,false,ממרח טבעוני בבסגנון גבינת שמנת בטעם עזים - ללא גלוטן,ביוטי איילנד פודס בע,GB,ממרח טבעוני בטעם גבי,גרמים,170.00,100 גרם,false,,16.90,0.0994,true,1,212526
7290015599719,false,תחליף פרמזן טבעוני 1,המאפיה של הרמן,GR,פרמזן טבעוני 150 גר',גרמים,150.00,100 גרם,false,,21.90,0.1460,true,1,213394
7290015603638,false,"אורז קלרוז 1 ק""ג (כ) (Minh)",מינה פונג גרין אגריק,VN,אורז עגול קלרוז,קילוגרמים,1.00,"ק""ג",false,,12.90,12.9000,true,1,191527
7290015634120,false,יין עמק האלה אוורד לבן 2015 750 מל,עמק האלה,IL,עמק האלה לבן 2015,מיליליטרים,750.00,"100 מ""ל",false,,36.90,0.0492,true,1,190926
7290015634151,false,"עמק האלה קברנה סוביניון 2012 750 מ""ל",עמק האלה,IL,עמק האלה קברנה סובינ,מיליליטרים,750.00,"100 מ""ל",false,,69.90,0.0932,true,1,197832
7290015634175,false,עמק האלה אוור רד ק.סוביניון 2015 750 מל,,IL,עמק האלה קברנה 2015,מיליליטרים,750.00,"100 מ""ל",false,,36.90,0.0492,true,1,195027
7290015634182,false,עמק האלה אוורד קברנה/ מרלו 2015 750 מל,עמק האלה,IL,יין אוורד קברנה מרלו,מיליליטרים,750.00,"100 מ""ל",false,,36.90,0.0492,true,1,198512
7290015634588,false,"יין עמק האלה אדום 750 מ""ל",יקב עמק האלה,IL,עמק האלה יין אדום יב,מיליליטרים,750.00,"100 מ""ל",false,,55.90,0.0745,true,1,208816
7290015635073,false,ממרח ראסטיז בוטנים ק,,IL,ממרח חמאת בוטנים קרא,גרמים,200.00,100 גרם,false,,19.90,0.0995,true,1,208766
7290015644297,false,שישיית לחמניות פשוט מלא אנג'ל 450 גרם,מאפיית שלמה א. אנג'\ל בע,IL,לחמניות פשוט מלא 6 י,גרמים,450.00,100 גרם,false,,11.90,0.0264,true,1,196255
7290015652254,false,גרעיני חמניה קלויים 400 גרם ששון הקלה,"דין שיווק וקלייה בע""",IL,גרעינים שחורים ששון,גרמים,400.00,100 גרם,false,,10.00,0.0250,true,1,186558
7290015652261,false,בוטנים קלויים ששון הקולה 350 גרם,"דין שיווק וקלייה בע""",IL,בוטנים קלויים ששון ה,גרמים,300.00,100 גרם,false,,10.00,0.0333,true,1,186550
7290015652278,false,תערובת פיצוחים ששון הקולה 300 גרם,"דין שיווק וקלייה בע""",IL,תערובת פיצוחים ששון,גרמים,250.00,100 גרם,false,,20.00,0.0800,true,1,187743
7290015652285,false,אגוזים קלופים ששון הקולה 250 גרם,"שקדיה גבע תעשיות בע""",IL,אגוזים קלופים ששון ה,גרמים,250.00,100 גרם,false,,20.00,0.0800,true,1,261439
7290015652292,false,קבוקים עם שומשום ששון הקולה 400 גרם,"דין שיווק וקלייה בע""",IL,קבוקים 400 גרם,גרמים,400.00,100 גרם,false,,10.00,0.0250,true,1,187965
7290015652308,false,מנצ'ס ששון הקולה 400 גרם,"דין שיווק וקלייה בע""",,מנצ'ס ששון הקולה,גרמים,300.00,100 גרם,false,,10.00,0.0333,true,1,186559
7290015652322,false,בוטנים אמריקאיים מצופים 400 גר ששון הקלה,"דין שיווק וקלייה בע""",IL,בוטן אמריקאי 400 גר',גרמים,400.00,100 גרם,false,,10.00,0.0250,true,1,187966
7290015652407,false,פיסטוק קלוי ששון הקולה 250 גרם,"דין שיווק וקלייה בע""",IL,פיסטוק 250 גרם,גרמים,250.00,100 גרם,false,,20.00,0.0800,true,1,191186
7290015652513,false,תערובת תבלינים לסטייק ובשרים על האש,"דין שיווק וקליה בע""מ",IL,אהרוני תערובת לסטייק,גרמים,150.00,100 גרם,false,,9.90,0.0660,true,1,188746
7290015652520,false,"תערובת השף עשבי תיבול ושום לתיבול דגים, עופות, מאפים ועוד","דין שיווק וקליה בע""מ",IL,אהרוני- תערובת השף,גרמים,70.00,100 גרם,false,,9.90,0.1414,true,1,189863
7290015652537,false,"תערובת תיבול פלפל, לימון פרסי ושום לבשר ותבשילים","דין שיווק וקליה בע""מ",IL,תבלין פלפל לימון פרס,גרמים,130.00,100 גרם,false,,9.90,0.0762,true,1,200817
7290015652544,false,תבלין גריל עוף ארומטי 130 גרם - אהרוני,"נווה התבלין בע""מ",IL,אהרוני תערובת גריל ע,גרמים,130.00,100 גרם,false,,9.90,0.0762,true,1,188747
7290015652551,false,תערובת תיבול זעתר ושומשום בלדי,"נווה התבלין בע""מ",IL,תבלין זעתר שומשום אה,גרמים,150.00,100 גרם,false,,9.90,0.0660,true,1,198996
7290015652599,false,תערובת מתובלת להכנת צלי בקר,"דין שיווק וקליה בע""מ",IL,אהרוני-תבלין צלי בקר,גרמים,120.00,100 גרם,false,,9.90,0.0825,true,1,209065
7290015652605,false,פיסטוק קלוף השף 100 גרם,"דין שיווק וקלייה בע""",IL,פיסטוק קלוף 100 גרם,גרמים,100.00,100 גרם,false,,22.90,0.2290,true,1,190478
7290015663021,false,תבלין ראס אל חנות,נווה תבלין,,תבלין ראס אל חנות,גרמים,100.00,100 גרם,false,,8.40,0.0840,true,1,150202
7290015663052,false,מרק כפרי ביתי 400 גרם JEREMY GOURMET,נווה התבלין,IL,מרק בריאות ביתי 400,גרמים,400.00,100 גרם,false,,19.90,0.0497,true,1,150012
7290015673167,false,קציצות אוקרה פטריות,ליב,,קציצות אוקרה פטריות,גרמים,400.00,100 גרם,false,,24.90,0.0622,true,1,194654
7290015673181,false,המבורגר קליפורניה קלאסי עם ברוקולי טבע,טבע דלי,IL,המבורגר קליפורניה קל,גרמים,400.00,100 גרם,false,,24.90,0.0622,true,1,205397
7290015673198,false,המבורגר טקסס עם פטריות טבע דלי 400 גרם,טבע דלי בעמ,IL,המבורגר טקסס עם פטרי,גרמים,400.00,100 גרם,false,,24.90,0.0622,true,1,191649
7290015673570,false,קריספי טופו-נגיסי טופו מוכנים לאכילה,טבע דלי,IL,קריספי טופו מוכן 350,גרמים,350.00,100 גרם,false,,25.90,0.0740,true,1,206604
7290015673587,false,קריספי טופו-נגיסי טופו ברוטב אסייתי,טבע דלי,IL,קריספי טופו אסייתי 3,גרמים,350.00,100 גרם,false,,25.90,0.0740,true,1,205400
7290015673594,false,קריספי טופו. נגיסי טופו ברוטב בוטנים וקארי,טבע דלי,IL,קריספי טופו בוטנים 3,גרמים,350.00,100 גרם,false,,25.90,0.0740,true,1,207008
7290015695800,false,נבטי ברוקולי אורגני יח,הנבטים של אודי,IL,נבטי ברוקולי,גרמים,120.00,100 גרם,false,,11.90,0.0992,true,1,188357
7290015695848,false,נבטי אלפלפא אורגני,אודי,IL,נבטי אלפלפא,גרמים,100.00,100 גרם,false,,11.90,0.1190,true,1,188361
7290015695855,false,נבטי חמניה אורגני,הנבטים של אודי,IL,נבטי חמניה,גרמים,100.00,100 גרם,false,,10.90,0.1090,true,1,188362
7290015695886,false,מיקס נבטים אורגני יח,הנבטים של אודי,IL,מיקס נבטים,גרמים,200.00,100 גרם,false,,11.90,0.0595,true,1,188365
7290015695916,false,מיקס נבטים ענק אורגני יח,הנבטים של אודי,IL,מיקס נבטים ענק,גרמים,200.00,100 גרם,false,,19.90,0.0995,true,1,188732
7290015695923,false,נבטים סינים אורגנים,מושב אחיטוב,IL,נבטים סיניים,יחידה,0.00,יחידה,false,,9.90,0.0000,true,1,192357
7290015695961,false,מיקס עלי בייבי אורגנ,,,מיקס עלי בייבי אורגנ,יחידה,0.00,יחידה,false,,11.90,0.0000,true,1,199883
7290015699730,false,סבון דה מארסיי יעקבי 1.5 ליטר *חדש-,יעקובי הפי,BE,סבון רצפות דה מרסיי,ליטרים,1.50,ליטר,false,,11.90,7.9333,true,1,191179
7290015733120,false,מטרנה גולד שלב 1 תרכובת מזון על בסיס חלבי,נסטלה,IL,מטרנה גולד שלב 1 700,גרמים,700.00,100 גרם,false,,75.90,0.1084,false,1,202341
7290015733427,false,מטרנה דייסת גם וגם וניל פרו12*300ג 2019,מולינו ניקולי s.p.a,IL,מטרנה דייסת גם וגם ו,גרמים,300.00,100 גרם,false,,24.00,0.0800,false,1,210142
7290015753227,false,מגב קליק 50+מקל,,,מגב קליק 50+מקל,יחידה,0.00,יחידה,false,,28.90,0.0000,true,1,194052
7290015759007,false,נר נשמה 24 שעות פח כ,,,נר נשמה 24 שעות בפח,יחידה,0.00,יחידה,false,,1.80,0.0000,true,1,265941
7290015781008,false,"יין VISION מרלו אדום טפרברג 750 מ""ל","יקב טפרברג 1870 בע""מ",IL,יין מרלו VISION טפרב,מיליליטרים,750.00,"100 מ""ל",false,,39.90,0.0532,true,1,186896
7290015781015,false,"יין VISION מלבק טפרברג 750 מ""ל","יקב טפרברג 1870 בע""מ",IL,יין מלבק VISION טפרב,מיליליטרים,750.00,"100 מ""ל",false,,39.90,0.0532,true,1,186897
7290015781046,false,"יין VISION לבן חצי יבש טפרברג 750 מ""ל","יקב טפרברג 1870 בע""מ",IL,יין לבן חצי יבש VISI,מיליליטרים,750.00,"100 מ""ל",false,,39.90,0.0532,true,1,186898
7290015781091,false,"יין VISION קברנה סוביניון טפרברג 750 מ""ל","יקב טפרברג 1870 בע""מ",IL,יין קברנה סוביניון V,מיליליטרים,750.00,"100 מ""ל",false,,39.90,0.0532,true,1,186900
7290015781107,false,"סנגובזה אימפרשיאון 750 מ""ל","יקב טפרברג 1870 בע""מ",IL,יין סנגובזה אימפרייש,מיליליטרים,750.00,"100 מ""ל",false,,49.90,0.0665,true,1,186806
7290015781114,false,"יין IMPRESSION מרלו טפרברג 750 מ""ל","יקב טפרברג 1870 בע""מ",IL,יין מרלו אימפריישן ט,מיליליטרים,750.00,"100 מ""ל",false,,49.90,0.0665,true,1,186807
7290015781121,false,"יין IMPRESSION קברנה סוביניון יבש טפרברג 750 מ""ל","יקב טפרברג 1870 בע""מ",IL,יין קברנה סוביניון א,מיליליטרים,750.00,"100 מ""ל",false,,49.90,0.0665,true,1,186808
7290015781169,false,"יין IMPRESSION קברנה סוביניון חצי יבש טפרברג 750 מ""ל","יקב טפרברג 1870 בע""מ",IL,יין קברנה סוביניון ח,מיליליטרים,750.00,"100 מ""ל",false,,49.90,0.0665,true,1,186811
7290015781220,false,"INSPIRE דבוקי -גוורצטרמינר 750 מ""ל 2021",יקב טפרברג 1870,,יין אינספייר פמיטז',מיליליטרים,750.00,"100 מ""ל",false,,65.00,0.0867,true,1,189382
7290015781237,false,יין INSPIRE FEMITAGE גוורצטרמינר 750 מל,יקב טפרברג 1870,IL,יין לבן יבש דסטיטאז',גרמים,7580.00,100 גרם,false,,65.00,0.0086,true,1,187741
7290015781268,false,"יין מוסקטו אדום טפרברג 750 מ""ל","יקב טפרברג 1870 בע""מ",IL,מוסקטו אדום טפרברג,מיליליטרים,750.00,"100 מ""ל",false,,39.90,0.0532,true,1,187478
7290015781275,false,"יין מוסקטו לבן טפרברג 750 מ""ל","יקב טפרברג 1870 בע""מ",IL,מוסקטו לבן טפרברג,מיליליטרים,750.00,"100 מ""ל",false,,39.90,0.0532,true,1,187479
7290015781282,false,"יין IMPRESSION גוורצטרמינר טפרברג 750 מ""ל",יקב טפרברג 1870,IL,יין גוורצטמינר אימפר,מיליליטרים,750.00,"100 מ""ל",false,,49.90,0.0665,true,1,186812
7290015781299,false,"יין VISION שיראז אדום טפרברג 750 מ""ל","יקב טפרברג 1870 בע""מ",IL,יין שיראז VISION טפר,מיליליטרים,750.00,"100 מ""ל",false,,39.90,0.0532,true,1,186901
7290015781657,false,"יין אלגרו למברוסקו רוזה, 750 מ""ל",יקב טפרברג 1870 בעמ,IL,אלגרו למברוסקו רוזה,מיליליטרים,750.00,"100 מ""ל",false,,29.90,0.0399,true,1,200929
7290015781664,false,יין אלגרו למבורסקו ל,יקב טפרברג 1870 בעמ,IL,אלגרו למברוסקו לבן,מיליליטרים,750.00,"100 מ""ל",false,,29.90,0.0399,true,1,200930
7290015790000,false,גרגירי רימונים בקופס,רון שיווק,IL,גרעיני רימון,גרמים,250.00,100 גרם,false,,14.90,0.0596,true,1,187231
7290015790017,false,פלחי פומלה מוכנים לא,רון שיווק,IL,פלחי פומלה מוכנים לא,גרמים,250.00,100 גרם,false,,15.90,0.0636,true,1,200147
7290015804400,false,עגבניות מרוסקות טל 250 גרם,טל וטרי,IL,עגבניות מרוסקות 250,גרמים,250.00,100 גרם,false,,3.20,0.0128,false,1,190464
7290015804417,false,עגבניות מרוסקות מתובלות עם שום,טל,,עגבניות מרוסקות עם ש,גרמים,250.00,100 גרם,false,,3.20,0.0128,false,1,190465
7290015804424,false,עגבניות מרוסקות ובזיליקום ועשבי תיבול טל 260 ג',טל,,עגבניות מרוסקות בזיל,גרמים,250.00,100 גרם,false,,3.20,0.0128,false,1,190466
7290015804486,false,רוטב עגבניות מתובל לשקשוקה טל 250 גרם,טל וטרי,IL,עגבניות מרוסקות בטעם,גרמים,250.00,100 גרם,false,,3.20,0.0128,false,1,190467
7290015814058,false,שריר חלק 88,,,שריר חלק 88,קילוגרמים,1.00,"ק""ג",true,,34.90,34.9000,true,1,266198
7290015842631,false,כוסות לשתיה קרה 330cc 40,,GR,כוס הייניקן 330מל,יחידה,0.00,יחידה,false,,9.90,0.0000,true,1,260560
7290015856171,false,בייגלה שמיניות עם מלח הדר 200 ג',,IL,בייגלה שמיניות מלח 2,גרמים,200.00,100 גרם,false,,3.90,0.0195,true,1,262351
7290015856539,false,חטיפי ביסקוויט בצורת חיות,הדר,IL,קרקר חטיפית דגים 180,גרמים,180.00,100 גרם,false,,3.90,0.0217,true,1,216303
7290015856546,false,חטיפי ביסקויט בצורת חיות 180 גר,מגדנית הדר,IL,ביסקויט גן חיות הדר,גרמים,180.00,100 גרם,false,,3.90,0.0217,true,1,215525
7290015856607,false,קרקר תירוש מלוח מתוק חצי מצופה בטעם שוקולד,אפיפית נצרת תעשיות ב,IL,עוגיות תירוש מלוח מת,גרמים,175.00,100 גרם,false,,5.90,0.0337,true,1,215526
7290015856621,false,ביסקויט תירוש בטעם קרמל[לוטוס]175 גרם,אפיפית נצרת תעשיות ב,IL,עוגיות תירוש קרמל חצ,גרמים,175.00,100 גרם,false,,5.90,0.0337,true,1,215527
7290015856829,false,הבסקויט של הקרמבו שוקו 200 גר',אפיפית,IL,הביסקוויט של הקרמבו,גרמים,200.00,100 גרם,false,,4.50,0.0225,true,1,261563
7290015856935,false,ביסקויט אקסטרא גליל טעם חמאה 400 גרם,הדר,,ביסקוויט extra בטעם,גרמים,400.00,100 גרם,false,,7.50,0.0188,true,1,219143
7290015858106,false,"ממרח פסטו ביתי 180 גרם ""עללחם""","מדשא תעשיות מזון בע""\מ",IL,פסטו ביתי מצונן,גרמים,180.00,100 גרם,false,,15.90,0.0883,true,1,198388
7290015858113,false,"ממרח עגבניות מיובשות 180 גרם ""טריטרי""","מדשא תעשיות מזון בע""\מ",IL,ממרח עגבניות מיובשות,גרמים,180.00,100 גרם,false,,15.90,0.0883,true,1,198389
7290015858144,false,ממרח ארטישוק עללחם 180 גרם,"מדשא תעשיות מזון בע""\מ",IL,ממרח ארטישוק מצונן,גרמים,180.00,100 גרם,false,,15.90,0.0883,true,1,198392
7290015858151,false,ממרח שום 180 גרם עללחם בית יוסף,מדשא תעשיות מזון בעמ,IL,ממרח שום מצונן,גרמים,180.00,100 גרם,false,,15.90,0.0883,true,1,198393
7290015858175,false,ממרח פלפלים קלויים עללחם 180 גרם,"מדשא תעשיות מזון בע""\מ",IL,ממרח פלפלים קלויים מ,גרמים,180.00,100 גרם,false,,15.90,0.0883,true,1,198395
7290015858212,false,ממרח לימון כבוש עללחם 180 גרם,"מדשא תעשיות מזון בע""\מ",IL,ממרח לימון כבוש מצונ,גרמים,180.00,100 גרם,false,,15.90,0.0883,true,1,198397
7290015858229,false,"טפנד זיתי קלמטה 180 גרם ""עללחם""","מדשא תעשיות מזון בע""\מ",IL,טפנד זיתי קלמטה מצונ,גרמים,180.00,100 גרם,false,,15.90,0.0883,true,1,198398
7290015858243,false,ממרח צימיצורי עללחם 180 גרם,"מדשא תעשיות מזון בע""\מ",IL,צ'ימיצ'ורי מצונן,גרמים,180.00,100 גרם,false,,15.90,0.0883,true,1,198399
7290015858328,false,"ממרח עגבניות מיובשות 180 גרם ""טריטרי""","מדשא תעשיות מזון בע""\מ",IL,איולי פסטו,גרמים,295.00,100 גרם,false,,15.90,0.0539,true,1,266123
7290015858441,false,עללחם ממרח איולי פלפלים 295 גרם,"מדשא תעשיות מזון בע""\מ",IL,איולי פלפלים,גרמים,295.00,100 גרם,false,,15.90,0.0539,true,1,266121
7290015858687,false,עללחם ממרח איולי שום 295 גרם,"מדשא תעשיות מזון בע""\מ",IL,איולי שום,גרמים,295.00,100 גרם,false,,15.90,0.0539,true,1,266122
7290015858694,false,עללחם ממרח איולי שום לימון 295 גרם,"מדשא תעשיות מזון בע""\מ",IL,איולי שום לימון,גרמים,295.00,100 גרם,false,,15.90,0.0539,true,1,266124
7290015859004,false,בכור עירית,,,עירית,יחידה,0.00,יחידה,false,,5.50,0.0000,true,1,188908
7290015859028,false,תרד ניו זילנדי בקופס,חקלאי,IL,תרד ניו זילנד,יחידה,0.00,יחידה,false,,11.90,0.0000,true,1,188897
7290015859042,false,בכור לבבות קיסר,חקלאי,IL,לבבות קיסר,יחידה,0.00,יחידה,false,,11.90,0.0000,true,1,188899
7290015859059,false,עלי רומית,,,עלי רומית,יחידה,0.00,יחידה,false,,9.90,0.0000,true,1,188900
7290015859066,false,אורגנו,,,אורגנו,יחידה,0.00,יחידה,false,,5.50,0.0000,true,1,188909
7290015859073,false,רוזמרין בכור,חקלאי,IL,רוזמרין,יחידה,0.00,יחידה,false,,5.50,0.0000,true,1,188910
7290015859080,false,קורנית- טימין,חקלאי,IL,קורנית,יחידה,0.00,יחידה,false,,5.50,0.0000,true,1,188911
7290015859103,false,מרווה,,,מרווה,יחידה,0.00,יחידה,false,,5.50,0.0000,true,1,188913
7290015859110,false,סורל/חמציץ,,,סורל/חמציץ,יחידה,0.00,יחידה,false,,10.90,0.0000,true,1,188914
7290015859127,false,רוקולה,,,רוקולה,יחידה,0.00,יחידה,false,,10.90,0.0000,true,1,188915
7290015859202,false,בכור בזיליקום,עטרה,,בזיליקום,יחידה,0.00,יחידה,false,,5.50,0.0000,true,1,188918
7290015859219,false,בכור בזיליקום סלסלה,,,בזיליקום,יחידה,0.00,יחידה,false,,10.90,0.0000,true,1,188919
7290015859233,false,בכור קייל ירוק,,,קייל ירוק,יחידה,0.00,יחידה,false,,10.90,0.0000,true,1,188920
7290015859240,false,בכור קייל שחור,,,קייל שחור,יחידה,0.00,יחידה,false,,10.90,0.0000,true,1,188921
7290015859257,false,תרד תורכי,,,תרד תורכי,יחידה,0.00,יחידה,false,,9.90,0.0000,true,1,188905
7290015859271,false,עלי רוקט,,,עלי רוקט,יחידה,0.00,יחידה,false,,9.90,0.0000,true,1,188922
7290015859288,false,בכור עלי בייבי,,,עלי בייבי,יחידה,0.00,יחידה,false,,9.90,0.0000,true,1,188923
7290015859301,false,מכור חסה מסולסלת\משי,חקלאי,IL,חסה מסולסלת/משי,יחידה,0.00,יחידה,false,,10.90,0.0000,true,1,188906
7290015859325,false,בכור פקצ'וי,,,פקצ'וי,יחידה,0.00,יחידה,false,,12.90,0.0000,true,1,189478
7290015859509,false,בכור סלנובה מהדרין,חקלאי,IL,חסה סלנובה,יחידה,0.00,יחידה,false,,10.90,0.0000,true,1,195496
7290015888301,false,שמן חמניות שוקחה 3 ל,אל אל סי פרייקלוטניא,FR,שמן חמניות שוקחה 3 ל,ליטרים,3.00,ליטר,false,,34.90,11.6333,true,1,218373
7290015951227,false,"יין גמלא השמורה סירה 2021 750 מ""ל",מיוצר וממולא על ידי יקב,IL,יין גמלא סירה 2017,100 מל,750.00,100 מל,false,,59.90,0.0799,true,1,211746
7290015951616,false,"יין סנגובזה גמלא 2019 750 מ""ל",יקבי רמת הגולן,,גמלא סנג'ובזה 2015,מיליליטרים,750.00,"100 מ""ל",false,,54.90,0.0732,true,1,199641
7290015951869,false,"יין הר חרמון רוזה 750 מ""ל",מיוצר וממולא על ידי יקב,IL,הר חרמון רוזה עברית,מיליליטרים,750.00,"100 מ""ל",false,,29.90,0.0399,true,1,202327
7290015968324,false,נורת לד 12 ווט הברגה,F.E.CO.LTD,CN,נורת לד 12W,יחידה,0.00,יחידה,false,,21.00,0.0000,true,1,199332
7290015968348,false,נורת לד 9 וולט אור ל,F.E.CO.LTD,CN,נורת לד אור לבן,יחידה,0.00,יחידה,false,,15.90,0.0000,true,1,199331
7290015968584,false,נר נשמה 24 שעות - נרות חסידים,,,נר נשמה 24 שעות,יחידה,0.00,יחידה,false,,1.90,0.0000,true,1,266553
7290015983006,false,שדות בר חסה רומית,חקלאי,IL,חסה רומית שדות בר,קילוגרמים,1.00,"ק""ג",true,,30.00,30.0000,true,1,185498
7290015983020,false,ברוקולי שטוף שדות בר,,,ברוקולי שטוף שדות בר,קילוגרמים,1.00,"ק""ג",true,,30.00,30.0000,true,1,185905
7290015983051,false,לוף/כרישה שטוף שדות,,,לוף/כרישה שטוף שדות,קילוגרמים,1.00,"ק""ג",true,,30.00,30.0000,true,1,187172
7290015983075,false,בצל ירוק שטוף שדות ב,,,בצל ירוק שטוף שדות ב,קילוגרמים,1.00,"ק""ג",true,,30.00,30.0000,true,1,187173
7290015983082,false,ירק שטוף שדות בר,חקלאי,IL,ירק שטוף שדות בר,קילוגרמים,1.00,"ק""ג",true,,30.00,30.0000,true,1,187174
7290015983099,false,שדות בר גבעולי סלרי,,,גבעולי סלרי שדות בר,קילוגרמים,1.00,"ק""ג",true,,30.00,30.0000,true,1,198620
7290015983129,false,שדות בר פלפלונים,חקלאי,IL,פלפל סווויט בייט,קילוגרמים,1.00,"ק""ג",true,,30.00,30.0000,true,1,204333
7290015983136,false,עגבניות שרי בלינדה,,,עגבניות שרי בלינדה,קילוגרמים,1.00,"ק""ג",true,,30.00,30.0000,true,1,204554
7290015983143,false,שדות בר מלפפון בייבי,שדות בר,IL,מלפפון בייבי שדות בר,קילוגרמים,1.00,"ק""ג",true,,30.00,30.0000,true,1,204343
7290015996983,false,סוכרלוז סוכרזית 0 קלוריות 100 שקיות,ביסקול בעn,IL,סוכרלוז ממתיק 100 שק,גרמים,100.00,100 גרם,false,,27.90,0.2790,true,1,202306
7290016006025,false,שוופס סודה 0.50 ליטר בקבוק,יפאורה תבורי בעמ,IL,שוופס סודה 0.5 ליטר,מיליליטרים,500.00,"100 מ""ל",false,,3.00,0.0060,true,1,192599
7290016006292,false,נקטר מנגו בננה מלון קרטונית 1 ל' ספרינג,יפאורה שותפות מובגלת לשיווק,IL,ספרינג מנגו בננה מלו,ליטרים,1.00,ליטר,false,,6.90,6.9000,false,1,191431
7290016006322,false,מים מינרליים מי עדן,"מופק ממקור בזלתי עדן ,1",IL,מי עדן 1 ליטר בקבוק,ליטרים,1.00,ליטר,false,,2.90,2.9000,false,1,207602
7290016006339,false,מים מינרלים - מארז רביעייה,"מופק ממקור בזלתי עדן ,1",IL,רביעייה מי עדן 1 ליט,ליטרים,4.00,ליטר,false,,10.00,2.5000,false,1,192095
7290016006346,false,שוופס סודה 0.5 ליטר מארז שישייה,יפאורה שותפות מובגלת לשיווק,IL,שישייה סודה שוופס 0.,ליטרים,3.00,ליטר,false,,14.90,4.9667,true,1,190727
7290016034257,false,נר צף זוהר זהב,,,נר צף זוהר זהב,יחידה,0.00,יחידה,false,,10.90,0.0000,true,1,218174
7290016034301,false,נר צף זוהר כסף,,,נר צף זוהר כסף,יחידה,0.00,יחידה,false,,10.90,0.0000,true,1,218175
7290016035025,false,לחם פשת פרוס מזרעי פשתן טחונים 450 גר,מאפית ביכורים,IL,לחם פשתן פרוס מזרעי,גרמים,450.00,100 גרם,false,,23.90,0.0531,true,1,205315
7290016047301,false,קמח רב תכליתי ללא גלוטן - שי של הטבע,אופק מן הטבע,IL,קמח רב תכליתי 500 גר,גרמים,500.00,100 גרם,false,,24.90,0.0498,true,1,202158
7290016077759,false,רוטב ברביקיו קלאסי היינץ 480 גרם,היינץ Heinz,NL,רוטב ברבקיו קלאסי הי,גרמים,480.00,100 גרם,false,,15.90,0.0331,true,1,199419
7290016077766,false,"שעועית אפויה ""היינץ"" 453 גרם",הייבורי קנקו,CA,שעועית אפויה היינץ,גרמים,228.00,100 גרם,false,,8.90,0.0390,true,1,200268
7290016082234,false,בירת הגיבור בסגנון ס,,,בירת הגיבור בסגנון ס,מיליליטרים,330.00,"100 מ""ל",false,,12.90,0.0391,true,1,214640
7290016082333,false,בירת אייל זהובה קלאס,,,בירת אייל זהובה קלאס,מיליליטרים,330.00,"100 מ""ל",false,,12.90,0.0391,true,1,214638
7290016096491,false,נתחי טונה בהירה בשמן צמחי שלישיה *80ג' פילטונה,תעשיות פילטונה,IL,שלישיית פיל טונה בשמ,גרמים,168.00,100 גרם,false,,10.90,0.0649,true,1,198790
7290016096507,false,טונה בשמן קנולה80*3 גרם,תעשיות פילטונה,IL,שלישיית טונה קנולה פ,גרמים,168.00,100 גרם,false,,10.90,0.0649,true,1,198791
7290016096675,false,שלישיה פיל טונה בשמן,,IL,שלישיה פיל טונה בשמן,גרמים,168.00,100 גרם,false,,12.90,0.0768,false,1,207320
7290016135541,false,פסטה ביצים 3 צבעים פוזילי 400 גר אוריינט,פ.פ.ה. טאביס,PL,פסטה ביצים 3 צבעים פ,גרמים,400.00,100 גרם,false,,13.90,0.0348,true,1,193768
7290016136111,false,"תערובת קמח רב תכליתי ג'י פרי 500 גרם לל""ג",אשבל -מזון פונקציונל,IL,תערובת להכנת מאפים ל,גרמים,500.00,100 גרם,false,,19.90,0.0398,true,1,192263
7290016136142,false,"תערובת להכנת פנקייק ג'י פרי 400 גרם לל""ג","אשבל -מזון פונקציונלי בע""מ",IL,תערובת להכנת פנקייק,גרמים,400.00,100 גרם,false,,19.90,0.0497,true,1,192152
7290016136692,false,משחת שיניים הגנה משולשת מנטה מרענן- שלישייה,גלקסוסמיתקליין,SK,משחת שיניים אקווה פר,מיליליטרים,300.00,"100 מ""ל",false,,19.90,0.0663,true,1,193196
7290016136708,false,משחת שיניים הגנה משולשת מנטה עדין- שלישייה,גלקסוסמיתקליין,SK,משחת שיניים אקווה פר,מיליליטרים,300.00,"100 מ""ל",false,,19.90,0.0663,true,1,193197
7290016136722,false,פתיתים פנה ללא גלוטן 340 גרם גי פרי,אורגרן הלס אנד ניצר,IT,פתיתים פנה ללא גלוטן,גרמים,340.00,100 גרם,false,,10.90,0.0321,true,1,206641
7290016136739,false,GFREE פתיתי פוזילי על בסיס קמח תירס וקמח,malino andriani,IT,פסטה פוזילי ללא גלוט,גרמים,340.00,100 גרם,false,,10.90,0.0321,true,1,199830
7290016144000,false,"קמח חיטה מלאה נפלאות 80% 1 ק""ג","קמח מלכים בע""\מ",IL,קמח חיטה 80% נפלאות,קילוגרמים,1.00,"ק""ג",false,,8.90,8.9000,true,1,216466
7290016144017,false,"קמח מלא נפלאות 100% ללא ניפוי 1 ק""ג",קמח מלכים,IL,קמח חיטה מלא 100% נפ,קילוגרמים,1.00,"ק""ג",false,,8.90,8.9000,true,1,216289
7290016144031,false,קמח חיטה לבן מנופה נפלאות,קמח מלכים,IL,קמח חיטה לבן מנופה 1,קילוגרמים,1.00,"ק""ג",false,,6.90,6.9000,true,1,216463
7290016144048,false,"קמח כוסמין לבן נפלאות 1 ק""ג","קמח מלכים בע""מ",IL,קמח נפלאות כוסמין לב,קילוגרמים,1.00,"ק""ג",false,,14.90,14.9000,true,1,215734
7290016144055,false,קמח כוסמין בהיר 80%-נפלאות,קמח מלכים,IL,קמח נפלאות כוסמין בה,קילוגרמים,1.00,"ק""ג",false,,14.90,14.9000,true,1,215735
7290016144116,false,"קמח תופח נפלאות, 1 ק""ג",קמח מלכים,IL,קמח חיטה תופח נפלאות,קילוגרמים,1.00,"ק""ג",false,,8.90,8.9000,true,1,262880
7290016146004,false,קמח שקד מולבן 300 גרם,שקד תבור,IL,קמח שקד מולבן 300 גר,גרמים,300.00,100 גרם,false,,24.90,0.0830,true,1,194652
7290016146103,false,"סילאן טבעי לחיץ שקד תבור, 380 גרם","אלמונדס בע""מ",IL,סילאן טבעי 380 גרם ל,גרמים,380.00,100 גרם,false,,13.90,0.0366,true,1,266523
7290016146141,false,"סירופ מייפל טהור אורגני 250 מ""ל",אלמנדוס,IL,סירופ מייפל אורגני,מיליליטרים,250.00,"100 מ""ל",false,,23.90,0.0956,true,1,198258
7290016146240,false,פולי קקאו שלמים אורג,,,פולי קקאו שלמים אורג,גרמים,250.00,100 גרם,false,,25.90,0.1036,true,1,212554
7290016146400,false,שוקולד תבור 60% גאנה100ג,שקד תבור,IL,שוקולד תבור 60% 100,גרמים,100.00,100 גרם,false,,15.90,0.1590,true,1,210942
7290016146424,false,שוקולד מריר תבור 70% 100 גרם BIO,שקד תבור,IL,שוקולד תבור 70% 100,גרמים,100.00,100 גרם,false,,15.90,0.1590,true,1,210943
7290016146431,false,שוקולד פרו שקד תבור 72%,שקד תבור,IL,שוקולד תבור 72% 100,גרמים,100.00,100 גרם,false,,15.90,0.1590,true,1,210944
7290016146455,false,שוקולד מריר תבור 100% 100 גרם BIO,שקד תבור,IL,שוקולד תבור 100% 100,גרמים,100.00,100 גרם,false,,15.90,0.1590,true,1,210946
7290016146929,false,געלה ביתית בצנצנת 50,שקד תבור,IL,ג'עלה ביתי צנצנת 500,גרמים,500.00,100 גרם,false,,21.90,0.0438,true,1,210962
7290016188592,false,GIACOBAZZI למברוסקו אדום חצי יבש יקבי כרמל,"כד בני דרום בע""מ",IT,למברוסקו ג'קובזי אדו,מיליליטרים,750.00,"100 מ""ל",false,,24.90,0.0332,true,1,194430
7290016188608,false,GIACOBAZZI למברוסקו לבן חצי יבש יקבי כרמל,יקב גאקובזי,IT,למברוסקו ג'קובזי לבן,מיליליטרים,750.00,"100 מ""ל",false,,24.90,0.0332,true,1,193908
7290016197488,false,מטליות מיקרופייבר למשטחים ניקול 3יח',חוגלה קימברלי,CN,מטליות לשיש מיקרו פי,יחידה,0.00,יחידה,false,,10.90,0.0000,true,1,190587
7290016197495,false,ניקול זוג מטליות הקסם מיקרופייבר לרצפה,חוגלה קימברלי,CN,זוג מטליות מיקרופייב,יחידה,0.00,יחידה,false,,16.90,0.0000,true,1,190588
7290016197600,false,דיפנד - תחבושת לנשים נורמל 12 יח',קימברלי קלארק,VN,תחבושת דיפנד לנשים נ,יחידה,0.00,יחידה,false,,19.90,0.0000,true,1,192747
7290016197617,false,תחבושת לנשים אקסטרה דיפנד 10 יחידות,קימברלי קלארק,VN,תחבושת דיפנד לנשים א,יחידה,0.00,יחידה,false,,19.90,0.0000,true,1,192728
7290016197839,false,ניקול השקית החזקה 20 יח' XL,"אשפלסט תעשיות בע""מ",IL,השקית החזקה 20 יח XL,יחידה,0.00,יחידה,false,,21.90,0.0000,true,1,190589
7290016197877,false,שקיות אשפה לפחים בינוניים עם שרוך 50 * 53 ניקול 50 יחידות,"אשפלסט תעשיות בע""מ",IL,שקית ניקול לפח מטבח,יחידה,0.00,יחידה,false,,21.00,0.0000,true,1,191188
7290016217742,false,חציל בטחינה 200גרם גורמה,"סלטי שמיר 2006 בע""מ",IL,חציל בטחינה 200 גרם,גרמים,200.00,100 גרם,false,,9.90,0.0495,true,1,261602
7290016217759,false,חציל מרוקאי 200גרם גורמה,"סלטי שמיר 2006 בע""מ",IL,חציל מרוקאי 200 גרם,גרמים,200.00,100 גרם,false,,10.90,0.0545,true,1,261610
7290016217995,false,סלט ביצים עם אבוקדו סלטי שמיר 200 גרם,"סלטי שמיר 2006 בע""מ",IL,סלט ביצים עם אבוקדו,גרמים,200.00,100 גרם,false,,16.90,0.0845,true,1,261618
7290016233995,false,שימורי אנשובי עם שמן זית 45 ג' תומר,אינוורסינס פריסקו,PE,פילה דג אנשובי בשמן,גרמים,26.00,100 גרם,false,,6.40,0.2462,true,1,207343
7290016245929,false,לחם טחינה עשיר בחלבון 450 ג' ביכורים,מאפיית ביכורים,IL,לחם טחינה עשיר חלבון,גרמים,450.00,100 גרם,false,,25.90,0.0576,true,1,262465
7290016246445,false,בארכה טחינה גולמית מעודנת שומשום מלא 310 גם,"רושדי תעשיות מזון בע""\מ",IL,בארכה טחינה גולמית מ,גרמים,310.00,100 גרם,false,,12.90,0.0416,true,1,204255
7290016246452,false,בארכה טחינה גולמית מעודנת שום לימון 310 גרם,רושדי תעשיות מזון בע,IL,בארכה טחינה גולמית מ,גרמים,310.00,100 גרם,false,,12.90,0.0416,true,1,204256
7290016248111,false,יין מסע ישראלי ורוד ויתקין 750 מל,,,מסע ישראלי ורוד 2016,מיליליטרים,750.00,"100 מ""ל",false,,69.90,0.0932,true,1,195780
7290016276756,false,מעדן 4 פירות 100% רכיבי פרי 284 גר' ללא תוספת סוכר,סיטי פודסטף,CN,מעדן 4 פירות 100% רכ,גרמים,284.00,100 גרם,false,,10.00,0.0352,true,1,193351
7290016284003,false,חסה הידרופונית רומית,מעיינות הזורע,IL,חסה הידרופונית רומית,יחידה,0.00,יחידה,false,,8.90,0.0000,true,1,195542
7290016284027,false,חסה הידרופונית מסולס,מעיינות הזורע,,חסה רומית,יחידה,0.00,יחידה,false,,8.90,0.0000,true,1,201308
7290016299663,false,"ARGANIA שמן קיק 100 מ""ל",,IL,"שמן קיק 100 מ""ל",מיליליטרים,100.00,"100 מ""ל",false,,17.90,0.1790,true,1,265465
7290016319309,false,סבון נוזלי מאסק קלאסי+משאבה פמלי 1 ל,הנסיך- מפעל לייצור ט,IL,פמלי אל סבון 1 ליטר,ליטרים,1.00,ליטר,false,,11.90,11.9000,false,1,194015
7290016321548,false,מגע המשי רצועות שעווה 16+2קמומיל,ש.שוורץ,ES,מגע הדבש רצועות שעוו,יחידה,0.00,יחידה,false,,24.90,0.0000,true,1,213977
7290016321661,false,פרש וואנס SENSITIVE מגבונים ללא בישום רביעייה 72 יחידות,עלבד משואות יצחק,IL,מגבונים פרש וואנס לל,יחידה,0.00,יחידה,false,,15.90,0.0000,false,1,207556
7290016321678,false,מגבונים לחים בניחוח מרענן עם תמציות קמומיל ואלוורה,עלבד משואות יצחק,IL,מגבונים פרש וואנס עם,יחידה,0.00,יחידה,false,,15.90,0.0000,false,1,207557
7290016321883,false,פרשוואנס נייר טואלט מתכלה לילדים -מארז שלישייה,עלבד משואות יצחק,IL,פרש וואנס נייר טואלט,יחידה,0.00,יחידה,false,,12.90,0.0000,true,1,206004
7290016321890,false,פרשוואנס נייר טואלט מתכלה למבוגרים -מארז שלישייה,עלבד משואות יצחק,IL,פרש וואנס נייר טואלט,יחידה,0.00,יחידה,false,,12.90,0.0000,true,1,206005
7290016329308,false,"ד""ר פישר - סרקל קרם רוזמרין לשיער מתולתל 325 מ""ל",פישר מעבדות פרמצבטיות בע,IL,סרקל קרם רוזמרין לשי,מיליליטרים,325.00,"100 מ""ל",false,,26.90,0.0828,true,1,196355
7290016370065,false,זיתים נובו מבוקע יבנ,קבוצת יבנה,,זיתים נובו מבוקע יבנ,יחידה,0.00,יחידה,false,,9.90,0.0000,true,1,219292
7290016370362,false,פלפל ירוק קלוי על האש530,קוזט אס.אי. פיין פודס,IL,פלפל ירוק קלוי על הא,גרמים,220.00,100 גרם,false,,10.00,0.0455,true,1,211514
7290016370959,false,חציל קלוי (פירה) בצנצנת קבוצת יבנה 530 גרם,תאי פרזידנט פוד פאבל,GR,חציל קלוי על האש צנצ,גרמים,530.00,100 גרם,false,,10.00,0.0189,true,1,194537
7290016370973,false,פלפל קלוי (גמביה) בצנצנת קבוצת יבנה 390 גרם,קוזט אס.אי. פיין פודס,GR,פלפל אדום קלוי על הא,גרמים,390.00,100 גרם,false,,10.00,0.0256,true,1,194540
7290016372373,false,רסק עגבניות ללא תוספת סוכר ומלח - מארז זוג,גרנד איטליה Grand Italia,IT,רסק עגבניות זוגות בל,גרמים,280.00,100 גרם,false,,7.90,0.0282,true,1,199358
7290016372458,false,חליטת לימונית ולואיזה הגן הקסום ויסוצקי 50 יחידות,תה ויסוצקי,IL,חליטת גן קסום לימוני,גרמים,75.00,100 גרם,false,,34.90,0.4653,true,1,199379
7290016372489,false,ויסוצקי חליטת ג'ינג'ר ולימון סודות הצמחים 25 שקיקים,תה ויסוצקי,IL,חליטת ג'ינג'ר לימון,גרמים,40.00,100 גרם,false,,18.90,0.4725,true,1,199305
7290016402223,false,פחם פרימיום למעשנה ו,,,פחם פרימיום למעשנה ו,קילוגרמים,8.00,"ק""ג",false,,84.90,10.6125,true,1,216363
7290016408119,false,טרליני כעכים בטעם קלאסי 225 גר' - בדץ,אפוליה פוד,IT,טרליני כעכים בטעם קל,גרמים,225.00,100 גרם,false,,6.90,0.0307,true,1,193097
7290016408133,false,טרליני כעכים בטעם בצל וזיתים 225 גר' - בדץ,אפוליה פוד,IT,טרליני מיני כעכים אי,גרמים,225.00,100 גרם,false,,6.90,0.0307,true,1,192977
7290016408157,false,טריליני כעכים קמח מלא כרמית 225 גרם,אפוליה פוד,IT,טרליני כעכים עם קמח,גרמים,225.00,100 גרם,false,,6.90,0.0307,true,1,193100
7290016408294,false,"מרשמלו ורוד לבן וסטהיים 150 ג', 26 בקרטון",מנדלז סי.אר. פרודקשן,IL,מרשמלו כרמית 150 גרם,גרמים,150.00,100 גרם,false,,4.90,0.0327,true,1,196389
7290016408447,false,חטיף קרקר עם עגבניות ובזיליקום פניני 130 ג',דנוויטה ג'\יי. אס. סי,LT,חטיף קרקר עם עגבניות,גרמים,130.00,100 גרם,false,,5.90,0.0454,true,1,194231
7290016408980,false,"מטבעות שוקולד חלב 36 ג' כשל""פ בד""ץ",כרמית תעשיות מזון,IL,מטבעות שוקולד ללא גל,יחידה,0.00,יחידה,false,,3.90,0.0000,true,1,199582
7290016437645,false,חיתולי האגיס פרידום דריי pants מידה 5 34 יחידות,קימברלי קלארק צ'כיה,CZ,האגיס פנטס מידה 5,יחידה,0.00,יחידה,false,,44.90,0.0000,false,1,196580
7290016439021,false,סילאן טבעי בצנצנת 900 גרם משק צור,,,סילאן טבעי משק צור,גרמים,900.00,100 גרם,false,,14.90,0.0166,true,1,262538
7290016439601,false,ממרח תמרים 450 גר צור עין יהב,"משק צור עין יהב בע""מ",IL,מחית תמרים משק צור 4,גרמים,450.00,100 גרם,false,,4.90,0.0109,true,1,265796
7290016440669,false,עגבניות כבושות,,,עגבניות כבושות,גרמים,500.00,100 גרם,false,,19.90,0.0398,true,1,214113
7290016440911,false,מלפפונים ביתיים 500 גרם מעדני עופר,מוצרי קפוא זן,,מלפפונים כבושים,גרמים,500.00,100 גרם,false,,19.90,0.0398,true,1,214117
7290016492118,false,פפריקה מתוקה מעושנת,תבליני הדור השלישי,IL,פפריקה מעושנת 120 גר,גרמים,120.00,100 גרם,false,,14.90,0.1242,true,1,214530
7290016496154,false,חנוכיית פח לילדים-שלהבת,פתילית,,חנוכית פח מודפסת,יחידה,0.00,יחידה,false,,4.50,0.0000,true,1,215075
7290016496208,false,פתיל צף עגול בינוני מוכן,שלהבת,IN,פתיל צף מוכן,יחידה,0.00,יחידה,false,,4.90,0.0000,true,1,215065
7290016509342,false,סוד מארז טריו כדוריות לאסלה כחול אקטיבי אקונומיקה,הנקל סוד,HU,סוד כדוריות לאסלה של,גרמים,150.00,100 גרם,false,,19.90,0.1327,true,1,209624
7290016509786,false,פרסיל גל לכביסה לבנה וצבעונית-ירוק 2.5 ל,"הנקל סוד בע""\מ",IL,פרסיל ג'ל 2.5 ליטר י,ליטרים,2.50,ליטר,false,,34.90,13.9600,true,1,202727
7290016509793,false,ג'ל לכביסה לבנה וצבעונית אריזת XL,"הנקל סוד בע""\מ",IL,פרסיל ג'ל 4 ליטר ירו,ליטרים,4.00,ליטר,false,,44.90,11.2250,true,1,202728
7290016509809,false,ג'ל מרוכז לכביסה קולור 2.5 ל' פרסיל,"הנקל סוד בע""\מ",IL,פרסיל ג'ל 2.5 ליטר ק,ליטרים,2.50,ליטר,false,,34.90,13.9600,true,1,202729
7290016509823,false,ג'ל לכביסה לבנה וצבעונית בניחוח רענן,"הנקל סוד בע""\מ",IL,פרסיל ג'ל 2.5 ליטר ב,ליטרים,2.50,ליטר,false,,34.90,13.9600,true,1,202731
7290016509830,false,ג'ל כביסה לבגדי תינוקות ובעלי עור רגיש Sensitive,"הנקל סוד בע""\מ",IL,פרסיל ג'ל 2.5 ליטר ב,ליטרים,2.50,ליטר,false,,34.90,13.9600,true,1,202732
7290016510324,false,"הוואי תחליב רחצה לגבר אריסטבבול 700 מ""ל",טרופיקל דגיל בעמ,IL,הוואי תחליב רחצה לגב,מיליליטרים,700.00,"100 מ""ל",false,,8.90,0.0127,false,1,202849
7290016510898,false,"שמפו+מרכך הוואי פריחת הדובדבן 700 מ""ל",שוורצקוף& הנקל דיסלד,IL,שמפו הוואי תמצית דוב,מיליליטרים,700.00,"100 מ""ל",false,,8.90,0.0127,false,1,206349
7290016537000,false,במיה הודית משק צ'רי,,,במיה הודית,יחידה,0.00,יחידה,false,,22.90,0.0000,true,1,203679
7290016537031,false,אפונת שלג משק צ'ירי,ביכורי שדה דרום,IL,אפונת שלג כפרי חן,יחידה,0.00,יחידה,false,,15.90,0.0000,true,1,204334
7290016564006,false,מבריקל הפלא ספוגיות להסרת כתמים קשים ושומנים 3יח,,,מבריקל הפלא,יחידה,0.00,יחידה,false,,9.90,0.0000,true,1,196317
7290016564235,false,זוג מטליות מייקרופייבר לרצפה מבריקל,,,מבריקל הפלא מארז זוג,יחידה,0.00,יחידה,false,,19.90,0.0000,true,1,206427
7290016564266,false,מבריקל הפלא כיסוי הפלא 3,פארמה דיל,IL,כיסוי הפלא מבריקל,יחידה,0.00,יחידה,false,,9.90,0.0000,true,1,208293
7290016564273,false,מבריקל הפלא מטלית מי,,,מבריקל הפלא מטלית מי,יחידה,0.00,יחידה,false,,16.90,0.0000,true,1,206130
7290016564402,false,מטליות מיקרופייבר לנ,,,מבריקל הפלא מטליות מ,יחידה,0.00,יחידה,false,,9.90,0.0000,true,1,262792
7290016565003,false,חסה משי,,,חסה משי,יחידה,0.00,יחידה,false,,11.50,0.0000,true,1,265981
7290016565027,false,בזיליקום,,,בזיליקום,יחידה,0.00,יחידה,false,,7.50,0.0000,true,1,211170
7290016565058,false,בצל ירוק,,,בצל ירוק,יחידה,0.00,יחידה,false,,7.50,0.0000,true,1,211536
7290016565065,false,מנגולד,,,מנגולד,יחידה,0.00,יחידה,false,,8.90,0.0000,true,1,214657
7290016565126,false,חסה משי אדומה,,,חסה משי אדומה,יחידה,0.00,יחידה,false,,11.50,0.0000,true,1,211538
7290016565140,false,פטרוזיליה,,,פטרוזיליה,יחידה,0.00,יחידה,false,,7.50,0.0000,true,1,261459
7290016565164,false,מיקס ירוקים,,,מיקס ירוקים,יחידה,0.00,יחידה,false,,11.90,0.0000,true,1,211539
7290016565195,false,נענע,,,נענע,יחידה,0.00,יחידה,false,,7.50,0.0000,true,1,211540
7290016565348,false,לימון ליים 400 גרם,,,לימון ליים 400 גרם,גרמים,400.00,100 גרם,false,,7.50,0.0188,true,1,261966
7290016565362,false,חסה ליטל ג'ים,,,חסה ליטל ג'ים,יחידה,0.00,יחידה,false,,11.50,0.0000,true,1,261967
7290016565409,false,סלרי עלים,,,סלרי עלים,יחידה,0.00,יחידה,false,,6.90,0.0000,true,1,265723
7290016565416,false,חסה לליק,,,חסה לליק,יחידה,0.00,יחידה,false,,11.50,0.0000,true,1,263292
7290016566178,false,בקבוק טריטן ילדים,,,"בקבוק טריטן 600 מ""ל",יחידה,0.00,יחידה,false,,30.00,0.0000,true,1,200503
7290016566185,false,בקבוק פתיחה לחיצה,,CN,בקבוק פתיחה לחיצה,יחידה,0.00,יחידה,false,,35.00,0.0000,true,1,263510
7290016566468,false,בקבוק תרמי 800 מ''ל מוסקו,,,בקבוק טרמי,יחידה,0.00,יחידה,false,,79.90,0.0000,true,1,218789
7290016584004,false,חטיפוני גזר 130 גרם,"מרינה פטריות הגליל בע""מ",IL,חטיפוני גזר 130 גר',גרמים,130.00,100 גרם,false,,6.90,0.0531,true,1,194640
7290016584011,false,חטיפוני גזר 350 גרם גיזרונים,"מרינה פטריות הגליל בע""מ",IL,חטיפוני גזר 350 גר',גרמים,350.00,100 גרם,false,,12.90,0.0369,true,1,194619
7290016607185,false,יין רזרב מרלו דלתון,,,יין רזרב מרלו דלתון,מיליליטרים,750.00,"100 מ""ל",false,,110.00,0.1467,true,1,203973
7290016607390,false,יין מרלו רזרב דלתון,"יקב דלתון בע""מ",IL,מרלו רזרב דלתון,מיליליטרים,750.00,"100 מ""ל",false,,110.00,0.1467,true,1,215470
7290016607406,false,"יין דלתון רזרב קברנה סוביניון 750 מ""ל","יקב דלתון בע""מ",IL,דלתון קברנה סוביניון,מיליליטרים,750.00,"100 מ""ל",false,,110.00,0.1467,true,1,210255
7290016607772,false,"יין רוזה גליל דלתון 750 מ""ל","איי, בי, אינבוו",IL,יין גליל רוזה דלתון,מיליליטרים,750.00,"100 מ""ל",false,,59.90,0.0799,true,1,214300
7290016621365,false,אל סבון היגייני לניקוי יסודי קמיל Clean & Moisture,פישר מעבדות פרמצבטיות בע,IL,אל סבון נוזלי לרעננו,ליטרים,1.00,ליטר,false,,15.90,15.9000,false,1,197564
7290016634877,false,זרעים כרובית,,,זרעים כרובית,יחידה,0.00,יחידה,false,,5.90,0.0000,true,1,261407
7290016634907,false,זרעים אורגניים-מיקס,,,זרעים מיקס צנונית,יחידה,0.00,יחידה,false,,5.90,0.0000,true,1,261395
7290016646078,false,טחינה אתיופית טבעונית היילה 700 גרם,,אתיופיה,היילה טחינה אתיופית,גרמים,700.00,100 גרם,false,,23.90,0.0341,true,1,217857
7290016646177,false,היילה טחינה אתיופית,,,היילה טחינה אתיופית,גרמים,350.00,100 גרם,false,,16.90,0.0483,true,1,265047
7290016651263,false,צנטרים לעיצוב קרם שי,,,צנטרים לעיצוב קרם שי,יחידה,0.00,יחידה,false,,9.90,0.0000,true,1,214498
7290016651300,false,מברשת יוקרתית 300 סט,,,מברשת ראש יוקרה,יחידה,0.00,יחידה,false,,14.90,0.0000,true,1,198162
7290016651317,false,מברשת ראש סטייל,,,מברשת ראש סטייל,יחידה,0.00,יחידה,false,,13.90,0.0000,true,1,198163
7290016651355,false,מראת הגדלה,,,מראת הגדלה,יחידה,0.00,יחידה,false,,19.90,0.0000,true,1,207728
7290016651362,false,קיסמי שיניים עם חוט,,,קיסמי שיניים עם חוט,יחידה,0.00,יחידה,false,,11.90,0.0000,true,1,198164
7290016651522,false,מקלונים לאוזניים פלס,,,מקלונים לאוזניים פלס,יחידה,0.00,יחידה,false,,5.90,0.0000,true,1,265070
7290016651980,false,מטליות ריצפה אנטיבקט,,,מטליות ריצפה אנטיבקט,יחידה,0.00,יחידה,false,,9.90,0.0000,true,1,265067
7290016657012,false,סיכה סט פפיון,,,סיכה סט פפיון,יחידה,0.00,יחידה,false,,6.90,0.0000,true,1,197489
7290016667035,false,קשיות אומנותיות גמישות 40 יח',SHUANGDONG,,קשיות אומנותיות גמיש,יחידה,0.00,יחידה,false,,5.50,0.0000,true,1,264715
7290016667097,false,חטיף ציפס טורטיה מלוח 250 גרם,ROGER&ROGER,BE,חטיף צ'יפס טורטיה מל,גרמים,250.00,100 גרם,false,,9.90,0.0396,true,1,194151
7290016667417,false,שקיות איזבל 10 יח' 7,,,שקיות איזבל 10 יח' 7,יחידה,0.00,יחידה,false,,6.90,0.0000,true,1,205267
7290016667424,false,"חומץ אורז 5% 500 מ""ל",COMTEMP,IL,"חומץ אורז 500 מ""ל",מיליליטרים,500.00,"100 מ""ל",false,,13.90,0.0278,true,1,217495
7290016667431,false,"טורטיה ענק 30 ס""מ 540 גרם",SINNACK,DE,טורטיות ענק,יחידה,0.00,יחידה,false,,11.90,0.0000,true,1,205268
7290016667912,false,תבניות מאפין קאפקייק מספר 6,,,תבניות מאפינס קאפקיי,יחידה,0.00,יחידה,false,,8.50,0.0000,true,1,219716
7290016667929,false,תבניות מאפין קאפקייק מספר 7,,,תבניות מאפינס קאפקיי,יחידה,0.00,יחידה,false,,8.50,0.0000,true,1,219715
7290016667936,false,תבניות מאפין קאפקייק מספר 8,,,תבניות מאפין קאפקייק,יחידה,0.00,יחידה,false,,7.50,0.0000,true,1,264635
7290016717099,false,"יין כרמל סלקטד אדום חצי יבש, 750 מ""ל",יקבי כרמל Carmel Winery,IL,סלקטד יין אדום יבש,מיליליטרים,750.00,"100 מ""ל",false,,29.90,0.0399,true,1,196847
7290016717631,false,יין מוסקטו בעל חוזק אלכוהול נמוך פרייבט קולקשן,אגודת הכורמים הקואופרטיב,IL,מוסקטו פרייבט קולקשן,מיליליטרים,750.00,"100 מ""ל",false,,34.90,0.0465,false,1,201659
7290016717754,false,"יין ישן נושן יקבי כרמל 750 מ""ל ^^^",אגודת הכורמים הקואופרטיב,IL,יין ישן נושן,מיליליטרים,750.00,"100 מ""ל",false,,17.90,0.0239,true,1,202803
7290016823004,false,בזיליקום יח freshlid,"מרינה פטריות הגליל בע""מ",IL,בזיליקום,יחידה,0.00,יחידה,false,,5.90,0.0000,true,1,196780
7290016823028,false,עירית יח freshlid,"מרינה פטריות הגליל בע""מ",IL,עירית,יחידה,0.00,יחידה,false,,5.90,0.0000,true,1,196782
7290016823059,false,טימין קורנית ארוז יח,"מרינה פטריות הגליל בע""מ",IL,טימין,יחידה,0.00,יחידה,false,,4.90,0.0000,true,1,196785
7290016823073,false,מרווה יח freshlid,"מרינה פטריות הגליל בע""מ",IL,מרווה,יחידה,0.00,יחידה,false,,5.90,0.0000,true,1,196787
7290016823257,false,חסה סלנובה מהדרין יח,"מרינה פטריות הגליל בע""מ",IL,חסה סלנובה מרינה,יחידה,0.00,יחידה,false,,11.90,0.0000,true,1,203697
7290016823349,false,סלק מקולף בוואקום לי,"מרינה פטריות הגליל בע""מ",IL,סלק בוואקום,יחידה,0.00,יחידה,false,,6.90,0.0000,true,1,204976
7290016823448,false,ברוקולי יחידה 350 גרם,"מרינה פטריות הגליל בע""מ",IL,ברוקולי 350 גר' מרינ,גרמים,350.00,100 גרם,false,,9.90,0.0283,true,1,201134
7290016823523,false,צנונית יח 500 גרם שמיטה,"מרינה פטריות הגליל בע""מ",IL,צנונית 500 גר' מרינה,גרמים,500.00,100 גרם,false,,5.90,0.0118,true,1,199909
7290016866445,false,תערובת גי פרי קמח תפוח 500 גרם,אשבל -מזון פונקציונל,IL,תערובת קמח תופח 500,גרמים,500.00,100 גרם,false,,19.90,0.0398,true,1,198356
7290016866643,false,פרודונטקס מ.שיניים אקסטרה פרש 75 מל,פרודונטקס Parodontax,SK,משחת שיניים פרדונטקס,מיליליטרים,75.00,"100 מ""ל",false,,29.90,0.3987,true,1,203132
7290016866650,false,"פרודונטקס - משחת שיניים אוריג'ינל 75 מ""ל",פרודונטקס Parodontax,SK,משחת שיניים פרודונטק,מיליליטרים,75.00,"100 מ""ל",false,,29.90,0.3987,true,1,203133
7290016866667,false,"פרודונטקס - משחת שיניים ללא פלאוריד 75 מ""ל",פרודונטקס Parodontax,SK,משחת שיניים פרדונטקס,מיליליטרים,75.00,"100 מ""ל",false,,29.90,0.3987,true,1,203267
7290016866674,false,"פרודונטקס - משחת שיניים מלבינה 75 מ""ל",פרודונטקס Parodontax,SK,משחת שיניים פרודונטק,מיליליטרים,75.00,"100 מ""ל",false,,29.90,0.3987,true,1,203134
7290016866711,false,"סטייל מרכך לשיער קרטין פלוס לאחר החלקה, 750 מ""ל",סטייל Style,IL,סטייל מרכך קרטין E,מיליליטרים,750.00,"100 מ""ל",false,,26.90,0.0359,true,1,199921
7290016883176,false,"מוזלי פתיתי שיבולת שועל עם שוקולד מריר ושבבי קוקוס 1 ק""ג","דין שיווק וקלייה בע""",MK,מוזלי עם שוקולד מריר,קילוגרמים,1.00,"ק""ג",false,,19.90,19.9000,true,1,200818
7290016967074,false,לחם חיטה מלאה עם גרעינים ודגנים,מאפיית שלמה א. אנג'\ל בע,IL,לחם אנג'ל חיטה מלאה,מיליליטרים,750.00,"100 מ""ל",false,,14.90,0.0199,true,1,195714
7290016967456,false,לחם צרפתי מחמצת 100% כוסמין 600 ג' אנג'ל,"מאפיית אנג'\ל בעמ, מקבוצ",IL,לחם מחמצת כוסמין אנג,גרמים,600.00,100 גרם,false,,15.90,0.0265,true,1,198560
7290016995008,false,פופקורן אורגני 500 גרם,תבואות,,פופקורן אורגני 500 ג,גרמים,500.00,100 גרם,false,,10.40,0.0208,true,1,198561
7290016995053,false,קמח טפיוקה 500 גר' ת,תבואות,,קמח טפיוקה 500 גר' ת,גרמים,500.00,100 גרם,false,,8.90,0.0178,true,1,197661
7290016995077,false,קוסקוס כוסמ.מלא אורג400ג,תבואות,IT,קוסקוס כוסמין אורגני,גרמים,400.00,100 גרם,false,,14.90,0.0373,true,1,197550
7290016995251,false,מלח הימליה דק במלחייה250,תבואות,PK,מלחייה הימליה דק 250,גרמים,250.00,100 גרם,false,,10.90,0.0436,true,1,214021
7290016995503,false,חמאת בוטנים קראנצי א,ריזאו שנגקנג,CN,חמאת בוטנים קראנצ'י,גרמים,510.00,100 גרם,false,,19.90,0.0390,true,1,205365
7290016995657,false,מלפפון במלח אורגני 6,פולאן פולסקו,PL,מלפפון במלח אורגני 6,גרמים,670.00,100 גרם,false,,16.90,0.0252,true,1,207065
7290016995848,false,שום כתוש אורגני 185 גרם,תבואות,CN,שום כתוש אורגני 185,גרמים,185.00,100 גרם,false,,14.90,0.0805,true,1,211345
7290016995855,false,גינגר אורגני כתוש 185 גר,תבואות,CN,ג'ינגר כתוש אורגני 1,גרמים,185.00,100 גרם,false,,14.90,0.0805,true,1,218316
7290016995886,false,פלפל צילי כתוש אורגנ,תבואות,CN,פלפל צ'ילי כתוש אורג,גרמים,185.00,100 גרם,false,,14.90,0.0805,true,1,211346
7290017008493,false,שריר חלק 88,,,שריר חלק 88,קילוגרמים,1.00,"ק""ג",true,,34.90,34.9000,true,1,219441
7290017008721,false,צלעות צרכני מס' 2,,BR,צלעות צרכני מס' 2,קילוגרמים,1.00,"ק""ג",true,,42.90,42.9000,false,1,216705
7290017023212,false,"שוויפס מוגז פירות תפוח מארז רביעייה* 330 מ""ל",יפאורה תבורי בעמ,IL,רביעיית פחיות שוופס,מיליליטרים,1320.00,"100 מ""ל",false,,13.50,0.0102,true,1,201672
7290017023229,false,רביעיית פחיות שוופס מוגז פירות תות ליים 330 מל.,יפאורה תבורי בעמ,IL,רביעיית פחיות שוופס,מיליליטרים,1320.00,"100 מ""ל",false,,13.50,0.0102,true,1,201673
7290017023663,false,"שוופס מיץ פירות לימונייד פחית מארז 330X4מ""ל",יפאורה תבורי,IL,רביעיית פחיות שוופס,מיליליטרים,1320.00,"100 מ""ל",false,,13.50,0.0102,true,1,203233
7290017023816,false,"ספרינג  פירות טרופיים 250 מ""ל רביעייה","יפאורה תבורי בע""\מ",IL,רביעיית ספרינג 250 מ,ליטרים,1.00,ליטר,false,,12.90,12.9000,false,1,207025
7290017023823,false,"רביעיית ספרינג תות בננה 250 מ""ל","יפאורה תבורי בע""\מ",IL,רביעיית ספרינג 250 מ,ליטרים,1.00,ליטר,false,,12.90,12.9000,false,1,207026
7290017023854,false,מי סודה בקבוקים אישיים - מארז 4 יח',יפאורה תבורי בעמ,IL,"שוופס סודה 250 מ""ל ר",ליטרים,1.00,ליטר,false,,10.90,10.9000,true,1,205427
7290017023861,false,סודה בטעם לימון בקבוקים אישיים - מארז 4 יח',יפאורה תבורי בעמ,IL,שוופס סודה לימון 250,ליטרים,1.00,ליטר,false,,10.90,10.9000,true,1,205428
7290017023878,false,סודה בטעם נענע ליים בקבוקים אישיים - מארז 4 יח',יפאורה תבורי בעמ,IL,שוופס סודה נענע ליים,ליטרים,1.00,ליטר,false,,10.90,10.9000,true,1,205429
7290017031156,false,דפים על בסיס קמח תירס ואורז ללא גלוטן 250 גר',,IT,דפים על בסיס קמח תיר,גרמים,250.00,100 גרם,false,,13.90,0.0556,true,1,207436
7290017031170,false,פתיתים על בסיס קמח עדשים אדומות בצורת פוזילי ללא גלוטן 250 גר',andnani,IT,פתיתים על בסיס קמח ע,גרמים,250.00,100 גרם,false,,13.90,0.0556,true,1,212721
7290017031323,false,"אטריות ביצים פפרדלה 400 מ""ל",פ.פ.פ טאביט פולין,PL,אטריות ביצים פפרדלה,גרמים,400.00,100 גרם,false,,14.90,0.0373,true,1,207944
7290017031477,false,"סנסודיין משחת שיניים רפיד רליף להלבנה 75 מ""ל","סמיתקליין ביצ'ם בע""מ",GB,משחת שיניים סנסודיין,מיליליטרים,75.00,"100 מ""ל",false,,24.90,0.3320,true,1,207393
7290017031705,false,"סנסודיין משחת שיניים קלין & פרש 75 מ""ל",גלקסוס סמית קליין,SK,משחת שיניים סנסודיין,מיליליטרים,75.00,"100 מ""ל",false,,21.90,0.2920,true,1,205319
7290017031811,false,פרודונטקס מברשת שיניים אקסטרא סופט א.זוג,גלקסוסמיתקליין,CN,זוג מברשות שיניים פר,יחידה,0.00,יחידה,false,,17.90,0.0000,true,1,208245
7290017031859,false,"פרודונטקס - משחת שיניים אולטרא קלין 75 מ""ל","מאסטרפוד אוסטריה בע""מ",SK,משחת שיניים פרדונטקס,מיליליטרים,75.00,"100 מ""ל",false,,29.90,0.3987,true,1,205438
7290017058009,false,שימורי אנשובי עם צלפים 45 ג' תומר,,IL,אנשובי פח עם צלפים 4,גרמים,45.00,100 גרם,false,,6.50,0.1444,true,1,212107
7290017058160,false,שימורי אנשובי עם צ'ילי חריף 45 ג' תומר,תומר,IL,פילה אנשובי צ'ילי בש,גרמים,26.00,100 גרם,false,,6.40,0.2462,true,1,215225
7290017065007,false,פרוסות גבינה מוצרלה חצי קשה 22% שומן 200 ג' גד,מחלבות גד בעמ,IL,מוצרלה פרוסה גד,גרמים,200.00,100 גרם,false,,18.90,0.0945,true,1,196661
7290017065137,false,ריקוטה למריחה 5% טבעית 200 גרם - רובין,האי נאם סי או אל.טי.,IL,ריקוטה למריחה 5% עם,גרמים,200.00,100 גרם,false,,9.90,0.0495,true,1,200556
7290017065144,false,ריקוטה למריחה בתוספת בזיליקום 5% גד 200 גם,האי נאם סי או אל.טי.,IL,ריקוטה למריחה 5% עם,גרמים,200.00,100 גרם,false,,9.90,0.0495,true,1,200563
7290017065168,false,גבינה כחולה denish blue cheese 100 גרם,ST.CLEMENS-BOMHOLMWS,DK,גבינה כחולה גד,גרמים,300.00,100 גרם,false,,17.90,0.0597,true,1,201864
7290017065175,false,גבינה חצי קשה במעטפת סידן 36% שומן,הנסיך- מפעל לייצור ט,ES,גבינת מנצג'ו פרוסה ג,גרמים,150.00,100 גרם,false,,22.50,0.1500,true,1,201865
7290017065212,false,גבינת קרם מסקרפונה מחלבות גד 250 גר,מיוצר עי קוד יצרן ED,IL,קרם מסקרפונה גד,גרמים,250.00,100 גרם,false,,19.90,0.0796,false,1,201869
7290017065236,false,גבינה בולגרית מעודנת 24% גד 250 גרם,הנסיך- מפעל לייצור ט,IL,בולגרית מעודנת 24% ג,גרמים,250.00,100 גרם,false,,23.90,0.0956,true,1,201870
7290017065311,false,גבינת מוצרלה מעושנת פרוסות 200ג' גד,מחלבות גד בעמ,IL,פרוסות מוצרלה מעושנת,גרמים,200.00,100 גרם,false,,19.90,0.0995,true,1,201868
7290017065380,false,גרנה פדנו שבבים 29% 100 גרם בית יוסף,גבינות מדף,IT,גבינת גרנה פדנו שבבי,גרמים,100.00,100 גרם,false,,14.60,0.1460,true,1,205817
7290017065434,false,פרוסות גבינה גאודה הולנדית חצי קשה 200 גרם בית יוסף,מחלבות גד בעמ,NL,פרוסות גאודה בקר גד,גרמים,200.00,100 גרם,false,,22.90,0.1145,true,1,206148
7290017065441,false,גבינה גאודה עיזים פרוסה הולנדית 200 גר',גבינות מדף,NL,פרוסות גאודה עיזים ג,גרמים,200.00,100 גרם,false,,33.90,0.1695,true,1,206149
7290017065526,false,קוואטרו פורמאג'י 4 גבינות מגוררות 26%,"מחלבות גד בע""\מ",IL,קוואטרו פורמאג'י,גרמים,300.00,100 גרם,false,,28.90,0.0963,true,1,206155
7290017065588,false,יוגורט יווני 10% שומן 600 ג' גד,"מיוצר ע""\י קוד יצרן MKN",IL,יוגורט יווני,גרמים,600.00,100 גרם,false,,17.50,0.0292,true,1,212220
7290017065618,false,גבינת פקורינו פרוס מחלב כבשים,הנסיך- מפעל לייצור ט,ES,פקורינו פרוס,גרמים,150.00,100 גרם,false,,22.90,0.1527,true,1,212210
7290017065663,false,גבינת פטה עיזים מעודנת 16% גד 200 גרם,ג'נרל מילס סאן אדריא,IL,פטה עיזים מעודנת 16%,גרמים,250.00,100 גרם,false,,31.00,0.1240,true,1,214449
7290017065731,false,גבינת שמנת 30% ניו יורק +כמהין 200 גרם רבנות,פ.פ.ח. שאביט,IL,גבינת שמנת ניו יורק,גרמים,200.00,100 גרם,false,,13.90,0.0695,true,1,217644
7290017065762,false,מאנורי גבינה בסגנון יווני לצליה 30% שומן 100 גרם,מחלבות גד,IL,גבינת מאנורי מחלבת ג,גרמים,100.00,100 גרם,false,,11.30,0.1130,true,1,262341
7290017065786,false,"גבינת צ`דר מחלבות גד , 210 גרם","מחלבות גד בע""\מ",IL,גבינת צ'דר מחלבת גד,גרמים,210.00,100 גרם,false,,21.90,0.1043,true,1,261627
7290017065861,false,קאצ'יו אה פפה - רוטב פקורינו ופלפל שחור 200 גרם בית יוסף,גבינות מדף,IL,רוטב קאצי'ו אה פפה,גרמים,200.00,100 גרם,false,,15.90,0.0795,true,1,263810
7290017065878,false,רוטב לפסטה מק אנד צ'יז גד 200 גרם,גבינות מדף,IL,רוטב מק אנד צ'יז גד,גרמים,200.00,100 גרם,false,,15.90,0.0795,true,1,263812
7290017065960,false,רוטב פורצ'יני מחלבות גד 200 גרם,גבינות מדף,IL,רוטב פורצ'יני גד,גרמים,200.00,100 גרם,false,,15.90,0.0795,true,1,266439
7290017088068,false,בייביסיטר - חיתולי סטנדרט מידה 4 - 42 יח',די.פי.אל תעשיות מוצרים ח,IL,בייביסיטר סטנדרט מיד,יחידה,0.00,יחידה,false,,29.90,0.0000,false,1,204042
7290017088075,false,בייביסיטר - חיתולי סטנדרט מידה 4+ - 40 יח',די.פי.אל תעשיות מוצרים ח,IL,בייבי סיטר 4+,יחידה,0.00,יחידה,false,,29.90,0.0000,false,1,205073
7290017088082,false,בייביסיטר - חיתולי סטנדרט מידה 5 - 36 יח',די.פי.אל תעשיות מוצרים ח,IL,בייביסיטר סטנדרט מיד,יחידה,0.00,יחידה,false,,29.90,0.0000,false,1,204043
7290017088099,false,בייביסיטר - חיתולי סטנדרט מידה 6 - 30 יח',די.פי.אל תעשיות מוצרים ח,IL,בייביסיטר סטנדרט מיד,יחידה,0.00,יחידה,false,,29.90,0.0000,false,1,204044
7290017088327,false,רבעיית מגבונים בייביסיטר אקסטרא סופט ללא בישום 64 יחידות,די.פי.אל בעמ,IL,מגבון בייביסיטר ללא,יחידה,0.00,יחידה,false,,14.90,0.0000,true,1,211372
7290017088815,false,בריז תחבושות לבריחת שתן נורמל 12 יח,ניאופארם,IT,תחבושות לבריחת שתן נ,יחידה,0.00,יחידה,false,,15.90,0.0000,true,1,265974
7290017105048,false,שלישיית טבעות זיתים זיתים יכין 200 גרם,יכין,IL,זיתים ירוקים טבעות י,גרמים,225.00,100 גרם,false,,12.90,0.0573,true,1,213688
7290017105468,false,אפונה גינה עדינה ואקום יכין שלישיה * 200 ג',קשקמט קונסרב הונגריה,IL,שלישיית אפונה יכין,גרמים,600.00,100 גרם,false,,13.90,0.0232,true,1,210323
7290017105697,false,"מיץ לימון טבעי 100% מפוסטר 250 מ""ל יכין",זנלכל,ES,מיץ לימון טבעי יכין,מיליליטרים,250.00,"100 מ""ל",false,,6.90,0.0276,true,1,212418
7290017105895,false,גרגרי חומוס להכנת חומוס משובח יכין 560 ג,זנלכל,IL,גרגירי חומוס להכנת ח,גרמים,560.00,100 גרם,false,,8.90,0.0159,true,1,211580
7290017121048,false,"פלפל צ'ומה 250 גרם ""עללחם""","מדשא תעשיות מזון בע""\מ",IL,פלפל צ'ומה על הלחם,גרמים,250.00,100 גרם,false,,13.90,0.0556,true,1,206960
7290017121093,false,"אריסה חריפה 250 גרם ""עללחם""","מדשא תעשיות מזון בע""\מ",IL,אריסה חריפה על הלחם,גרמים,250.00,100 גרם,false,,13.90,0.0556,true,1,206961
7290017129532,false,סוכריות לקקן תות 90 גרם כרמית,שוגבי,TR,לקקן תות 90 גרם כרמי,יחידה,0.00,יחידה,false,,4.90,0.0000,true,1,204392
7290017129549,false,סוכריות לקקן גלידה כרמית 90 גרם,כרמית,TR,לקקן גלידה 90 גרם כר,יחידה,0.00,יחידה,false,,4.90,0.0000,true,1,204393
7290017129617,false,לקקן קולה לימונדה 450 גרם כרמית,שוגבי,TR,לקקן קולה לימונה 50,יחידה,0.00,יחידה,false,,14.90,0.0000,true,1,203362
7290017129624,false,כרמית לקקן ענבים תפוח 450 גרם,שוגבי,TR,לקקן ענבים תפוח 50 י,יחידה,0.00,יחידה,false,,14.90,0.0000,true,1,203363
7290017129754,false,"שוקולד מריר מעולה 70% מוצקי קקאו 100 גר בד""ץ","כרמית תעשיות ממתקים בע""\",IL,שוקולד פרימיום 70% כ,גרמים,100.00,100 גרם,false,,7.90,0.0790,true,1,203096
7290017129839,false,שוקולד פרימיום 70% מריר בטעם פטל כרמית 100 גרם,"כרמית תעשיות ממתקים בע""\",IL,שוקולד פרימיום 70% ב,גרמים,100.00,100 גרם,false,,7.90,0.0790,true,1,203099
7290017129846,false,עוגיות מיני קוקיס בטעם קרמל בצנצנת כרמית 600 גרם,קריות זול,IL,מיני קוקיס בטעם קרמל,גרמים,600.00,100 גרם,false,,15.90,0.0265,true,1,203260
7290017129884,false,חמישיות שוקולד מריר 44% 85 גר*5*12 בקרטון,"כרמית תעשיות ממתקים בע""\",IL,חמישיות שוקולד מריר,גרמים,425.00,100 גרם,false,,14.90,0.0351,true,1,203396
7290017129983,false,שוקולד צ'יפס לבן פרווה כרמית 250 גרם,"כרמית תעשיות ממתקים בע""\",IL,שוקו ציפס לבן פרווה,גרמים,250.00,100 גרם,false,,11.90,0.0476,true,1,204741
7290017140063,false,"קמח עדשים אדומות לל""ג 500 גרם",אופק מן הטבע,,קמח עדשים אדומות 500,גרמים,500.00,100 גרם,false,,15.90,0.0318,true,1,217025
7290017140308,false,קמח שקדים-שי של הטבע,אופק מן הטבע,IL,קמח שקדים-שי של הטבע,גרמים,250.00,100 גרם,false,,24.90,0.0996,true,1,208217
7290017141053,false,בירה אוק אנד אש ניפה,,BE,אוק אנד אש - בירה אש,מיליליטרים,330.00,"100 מ""ל",false,,13.90,0.0421,true,1,261465
7290017142005,false,"שמן קוקוס אורגני כתית 320 מ""ל עץ הזית",אקספלונקה,LK,שמן קוקוס אורגני 320,מיליליטרים,320.00,"100 מ""ל",false,,25.90,0.0809,true,1,197828
7290017142111,false,פתיתי טונה בשמן זית טו גו עץ הזית 85 גרם,"יוניקורד ח.צ בע""מ",TH,פתיתי טונה בהירה בשמ,גרמים,85.00,100 גרם,false,,9.90,0.1165,false,1,202490
7290017142128,false,"שמן זית כתית מעולה קלאסי עץ הזית 750 מ""ל",שמן תעשיות בעמ,IT,"שמן זית 750 מ""ל קלאס",מיליליטרים,750.00,"100 מ""ל",false,,29.90,0.0399,false,1,201428
7290017142159,false,"שלישיית נתחי טונה בהירה בשמן זית 80 גרם ""עץ הזית""",יוניקורד ח.צ בעמ,TH,נתחי טונה בהירה בשמן,גרמים,168.00,100 גרם,false,,22.90,0.1363,false,1,202491
7290017142166,false,"פילה טונה פרוס עם שמן זית 120 גרם ""עץ הזית""","יוניקורד ח.צ בע""מ",TH,פילה טונה פרוס עם שמ,גרמים,120.00,100 גרם,false,,14.90,0.1242,true,1,206394
7290017142180,false,פילה פרוס ושמן זית בנגיעות טעם לימון ופלפל שחור,"יוניקורד ח.צ בע""מ",TH,פילה טונה פרוס עם שמ,גרמים,120.00,100 גרם,false,,14.90,0.1242,true,1,206395
7290017142203,false,"פילה טונה פרוס עם שמן זית בטעם מעושן 120 גרם ""עץ הזית""","יוניקורד ח.צ בע""מ",TH,פילה טונה פרוס עם שמ,גרמים,120.00,100 גרם,false,,14.90,0.1242,true,1,206396
7290017142289,false,"תרסיס שמן חמניות לל""ת גז עץ הזית 200מ""ל",י.ב טכנולוגיות אריזה בעמ,IT,תרסיס שמן חמניות מזו,מיליליטרים,200.00,"100 מ""ל",false,,14.90,0.0745,false,1,206689
7290017142364,false,"שמן דלעת לא מזוכך עץ הזית 250 מ""ל",גאה די.או.או,SI,שמן דלעת לא מזוכך 25,מיליליטרים,250.00,"100 מ""ל",false,,29.90,0.1196,true,1,210242
7290017142371,false,"שמן שומשום לא מזוכך עץ הזית 250 מ""ל",גאה די. או. או.,SI,שמן שומשום לא מזוכך,מיליליטרים,250.00,"100 מ""ל",false,,28.90,0.1156,true,1,210243
7290017142388,false,שמן חמניות פלוס אומגה 3 עץ הזית 1 ליטר,שמן תעשיות בעמ,IL,שמן חמניות פלוס אומג,ליטרים,1.00,ליטר,false,,14.90,14.9000,false,1,208177
7290017142395,false,"LUNCH TO GO פסטה עם טונה בשמן זית 160 גרם ""עץ הזית""",יוניקורד ח.צ בעמ,TH,LUNCH TO GO פסטה עם,גרמים,160.00,100 גרם,false,,13.90,0.0869,true,1,210649
7290017142401,false,"LUNCH TO GO קינואה לבנה ואדומה טונה בשמן זית 160 גרם ""עץ הזית""",ג'נרל מילס סאן אדריא,TH,טונה עם קינואה לבנה,גרמים,160.00,100 גרם,false,,13.90,0.0869,true,1,214677
7290017142418,false,"LUNCH TO GO אורז עם עדשים טונה בשמן זית 160 גרם ""עץ הזית""",יוניקורד ח.צ בעמ,TH,אורז עם עדשים וטונה,גרמים,160.00,100 גרם,false,,13.90,0.0869,true,1,210650
7290017142456,false,מארז נתחי טונה בהירה בשמן זית 2 * 160 ג' עץ הזית,יוניקורד ח.צ בעמ,TH,נתחי טונה בהירה בשמן,גרמים,224.00,100 גרם,false,,19.90,0.0888,true,1,210799
7290017142500,false,תרסיס שמן זית כתית מעולה בטעם שום 150מל,קומטמפ קומפניה פורטו,IT,תרסיס שמן זית בטעם ש,מיליליטרים,150.00,"100 מ""ל",false,,18.90,0.1260,true,1,264770
7290017142609,false,תרסיס שמן זית כתית בטעם לימון 150,קונפניה,IT,תרסיס שמן זית בטעם ל,מיליליטרים,150.00,"100 מ""ל",false,,18.90,0.1260,true,1,264772
7290017142623,false,תרסיס שמן זית כתית בטעם צ'ילי 150,קומטמפ קומפניה פורטו,IT,תרסיס שמן זית בטעם,מיליליטרים,150.00,"100 מ""ל",false,,18.90,0.1260,true,1,264771
7290017189246,false,מיני פנקייק הולנדי א,,ES,מיני פנקייק 500 גר,גרמים,500.00,100 גרם,false,,22.90,0.0458,true,1,206952
7290017189253,false,קרפ אפוי וופס קפוא 6,מנדלז סי.אר. פרודקשן,BE,קרפ הולנדי בייתי,יחידה,0.00,יחידה,false,,21.00,0.0000,true,1,207250
7290017217307,false,נרות חימום ריחניים בניחוח ורדים 50 יח',הוסטס,CN,נרות חימום ריחניים ב,יחידה,0.00,יחידה,false,,9.90,0.0000,true,1,216868
7290017217390,false,מטליות מיקרופייבר משובחת עם ספווג 4יח,,,מטליות מיקרופייבר עם,יחידה,0.00,יחידה,false,,17.90,0.0000,true,1,216323
7290017217451,false,"מטליות הפלא לרצפות עם חור למגב 80*60ס""מ 2יח'",,,מטלית הפלא לרצפות עם,יחידה,0.00,יחידה,false,,23.90,0.0000,true,1,205450
7290017232218,false,לחם קלאסי מופחת פחמימות איטסיין 430 גרם,,IL,לחם מופחת פחמימות,גרמים,430.00,100 גרם,false,,24.90,0.0579,true,1,260581
7290017232225,false,לחם גלילי מופחת פחמימות איטסיין 450 גרם,דבידוביץ,IL,לחם איטסיין גלילי,גרמים,450.00,100 גרם,false,,24.90,0.0553,true,1,263942
7290017232232,false,לחמניות אצבע איטסיין 65 גר'(6 יח'),דוידוביץ,IL,מארז 6 לחמניות על בס,גרמים,390.00,100 גרם,false,,26.90,0.0690,true,1,264113
7290017247007,false,מלפפון בייבי,חקלאי,IL,מלפפון בייבי,יחידה,0.00,יחידה,false,,8.90,0.0000,true,1,197854
7290017247014,false,פלפלונים,חקלאי,IL,פלפלונים,יחידה,0.00,יחידה,false,,8.90,0.0000,true,1,197855
7290017253213,false,שלישייה פרשיס 60 מגבוני נייר טואלט לחים,,,פרשיס שלישייה מגבוני,יחידה,0.00,יחידה,false,,19.90,0.0000,true,1,218783
7290017266046,false,מארז וופל קראנצ' אישי 30 יחידות עלמה,"גילרו בע""מ",IL,ופל קראנצ' 30 יח עלמ,גרמים,600.00,100 גרם,false,,14.50,0.0242,true,1,201089
7290017266053,false,"וופל עלמה לל""ס במילוי קרם טעם לימון 175 גר",גילרו,IL,וופל לימון בלגי ללא,גרמים,200.00,100 גרם,false,,6.70,0.0335,true,1,200732
7290017266725,false,מארז וופל במילוי קרם בטעם שוקולד 12 גרם*40 יח',"גילרו בע""מ",IL,מארז 40 יח' וופל קרא,גרמים,480.00,100 גרם,false,,14.50,0.0302,true,1,214468
7290017275345,false,"טחינה גולמית בבקבוק לחיץ , 350 גרם אחווה",אחדות ביחר לטחינה חל,IL,טחינה גולמית לחיץ 35,גרמים,350.00,100 גרם,false,,8.90,0.0254,true,1,264285
7290017275413,false,מיני קצפיות בטעם וניל אחוה 140 גרם,אחדות ביחר לטחינה חל,IL,מיני קצפיות וניל 140,יחידה,0.00,יחידה,false,,8.90,0.0000,true,1,262900
7290017275420,false,מיני קצפיות בטעם תות אחוה 140 גרם,אחדות ביחר לטחינה חל,IL,מיני קצפיות בטעם תות,גרמים,140.00,100 גרם,false,,9.90,0.0707,true,1,262838
7290017275444,false,מיני קצפיות בטעם ענבים אחוה 140 גרם,אחדות ביחר לטחינה חל,IL,מיני קצפיות ענבים 14,גרמים,140.00,100 גרם,false,,9.90,0.0707,true,1,264369
7290017275741,false,חלווה עם אגוזי לוז במגש 400 גר אחווה,אחוה,IL,חלוה עם אגוזי לוז אח,גרמים,400.00,100 גרם,false,,12.90,0.0323,true,1,265913
7290017285993,false,אולטרסול ספריי רציף תחליבי ילדים 50+ 200,פישר מעבדות פרמצבטיות בע,IL,אולטרסול קידס ספריי,מיליליטרים,200.00,"100 מ""ל",false,,49.90,0.2495,true,1,203064
7290017289427,false,יין קברנה סוביניון 2017 750 מל,יקב טפרברג 1870,IL,ESSENCE קברנה סוביני,מיליליטרים,750.00,"100 מ""ל",false,,100.00,0.1333,true,1,261521
7290017289601,false,"יין IMPRESSION בלנד לבן 150 שנה טפרברג 750 מ""ל",יקב טפרברג 1870 בעמ,IL,IMPRESSION בלנד לבן,מיליליטרים,750.00,"100 מ""ל",false,,49.90,0.0665,true,1,213561
7290017289618,false,"יין IMPRESSION פטיט סירה 150 שנה טפרברג 750 מ""ל",יקב טפרברג 1870 בעמ,IL,IMPRESSION פטיט סירה,מיליליטרים,750.00,"750 מ""ל",false,,49.90,0.0665,true,1,213562
7290017289779,false,INSPIRE DEVOTAGE מלבק מרסלן 2019 750 מל,יקב טפרברג 1870,IL,יין מלבק טפרברג INSP,מיליליטרים,750.00,"100 מ""ל",false,,65.00,0.0867,true,1,217804
7290017289786,false,יין קברנה-מרלו-פטי וורדו,יקב טפרברג 1870,IL,אינספייר קברנה פטי ו,מיליליטרים,750.00,"100 מ""ל",false,,65.00,0.0867,true,1,261013
7290017289793,false,INSPIRE INTEGRITAGE גראנש סירה 19 750 מל,יקב טפרברג 1870,IL,יין אינספייר גראנש ס,מיליליטרים,750.00,"100 מ""ל",false,,65.00,0.0867,true,1,219297
7290017289908,false,"יין למברוסקו אלגרו אדום 750 מ""ל",יקב טפרברג 1870 בעמ,IL,אלגרו למברוסקו אדום,מיליליטרים,750.00,"100 מ""ל",false,,29.90,0.0399,true,1,261171
7290017297149,false,גרגירי חומוס להכנת חומוס ביתי פרי הגליל 550 גרם,"פרי הגליל בע""""מ",IL,גרגירי חומוס להכנת ח,גרמים,290.00,100 גרם,false,,6.50,0.0224,true,1,215432
7290017297323,false,רוטב עגבניות מרוכז 100 גר' 22 BX טל וטרי,"מילוז(1989)בע""""מ",IL,רוטב עגבניות מרוכז 1,גרמים,100.00,100 גרם,false,,1.70,0.0170,false,1,219876
7290017297330,false,"טל רוטב עגבניות מרוכז, 240 גרם",טל וטרי,IL,רוטב עגבניות 240 גר',גרמים,240.00,100 גרם,false,,3.20,0.0133,false,1,266111
7290017297637,false,רכז עגבניות A2 BX28 טל וטרי 580 גר',"מילוז(1989)בע""""מ",,רוטב עגבניות A2 טל ו,גרמים,580.00,100 גרם,false,,6.50,0.0112,true,1,261740
7290017297743,false,צ'יפס אמריקאי פרי הגליל 800 גרם,"פרי הגליל בע""""מ",,צ'יפס אמריקאי 800 גר,גרמים,800.00,100 גרם,false,,11.90,0.0149,true,1,262386
7290017304885,false,לחם שיפון מחיטה מלאה ללא תוספת סוכר 750 ג' אנג'ל,מאפיית שלמה א. אנג'\ל בע,IL,לחם אנג'ל שיפון וחיט,גרמים,750.00,100 גרם,false,,12.90,0.0172,true,1,207943
7290017325316,false,"מיקס אורז מלא אפונה ועדשים הרדוף אורגני, 250 גרם",לה בונטה,IT,מיקס אורז מלא אפונה,גרמים,250.00,100 גרם,false,,12.90,0.0516,true,1,211976
7290017325323,false,"מיקס כוסמת, אורז מלא ואורז אדום אורגני 250 גר' הרדוף",לה בונטה,IT,מיקס כוסמת אורז מלא,גרמים,250.00,100 גרם,false,,12.90,0.0516,true,1,261936
7290017325385,false,100% חמאה אורגנית 200 גרם - אדמה,,NL,חמאה אורגנית 200 גר',גרמים,200.00,100 גרם,false,,14.90,0.0745,true,1,218408
7290017325453,false,משקה שקדים אורגני 1 ליטר הרדוף – ללא תוספת סוכר ללא גלוטן,ליקואטס,ES,משקה שקדים אורגני 1,ליטרים,1.00,ליטר,false,,14.50,14.5000,true,1,212922
7290017325477,false,רסק עגבניות 100 גר אורגני - הרדוף,פריניר (הדס 1987) בע,IL,רסק עגבניות אורגני 1,גרמים,100.00,100 גרם,false,,3.40,0.0340,true,1,216320
7290017325613,false,"משקה שיבולת שועל אורגני הרדוף לל""ג 1 ליטר",סוי מג'יק,ES,משקה שיבולת שועל אור,ליטרים,1.00,ליטר,false,,11.90,11.9000,true,1,212522
7290017325620,false,"משקה אורז בתוספת שקדים אורגני הרדוף לל""ג 1 ליטר",ליקואטס,ES,משקה אורז ושקדים אור,ליטרים,1.00,ליטר,false,,11.90,11.9000,true,1,212523
7290017325774,false,ספגטי מחיטת כוסמין אמר אורגני 400 גרם הרדוף,פסטיפיסוי פליצ'טי,IT,פסטה ספגטי מחיטת כוס,גרמים,400.00,100 גרם,false,,17.90,0.0447,true,1,265777
7290017325781,false,רגיטיני מחיטת כוסמין אמר אורגני 400 גרם הרדוף,פסטיפיסוי פליצ'טי,IT,פסטה רגיטיני מחיטת כ,גרמים,400.00,100 גרם,false,,17.90,0.0447,true,1,261003
7290017325811,false,שעועית בובס אורגני 400 גרם הרדוף,אול אורגני,IL,שעועית בובס אורגני 4,גרמים,400.00,100 גרם,false,,12.90,0.0323,true,1,262495
7290017325897,false,"משקה סויה במתיקות מעודנת לל""ג אורגני 1 ל",ליקואטס,ES,משקה סויה במתיקות מע,ליטרים,1.00,ליטר,false,,10.90,10.9000,true,1,264179
7290017325934,false,טחינה מלאה אורגנית 450 גר,הרדוף,IL,טחינה מלאה אורגנית ה,גרמים,450.00,100 גרם,false,,16.90,0.0376,true,1,263432
7290017440279,false,"ד""ר פישר - קידס אל סבון ויטמינים 750 מ""ל",פישר תעשיות,IL,"אל סבון קידס 750 מ""ל",מיליליטרים,750.00,"100 מ""ל",false,,15.90,0.0212,true,1,207960
7290017440682,false,ד.פישר בלונד שמפו לשיער בהיר,"ד""ר פישר Dr fischer",IL,"שמפו בלונד 400 מ""ל ד",מיליליטרים,400.00,"100 מ""ל",false,,28.90,0.0722,true,1,210347
7290017440965,false,אל סבון היגייני לניקוי יסודי ולהזנת העור clean & nourish,"ד""ר פישר Dr fischer",IL,קמיל אל סבון נוזלי 1,ליטרים,1.00,ליטר,false,,15.90,15.9000,false,1,206328
7290017457581,false,"סוד מרכך כביסה מרוכז קוקוס 900 מ""ל",הנקל סוד,IL,סוד מרכך מרוכז 900 מ,מיליליטרים,900.00,"100 מ""ל",false,,11.90,0.0132,true,1,208540
7290017457611,false,גל כביסה סוד טוטאל ירוק 2.5 ליטר,הנקל סוד,IL,סוד ג'ל ירוק 2.5 ליט,ליטרים,2.50,ליטר,false,,23.90,9.5600,true,1,211353
7290017457628,false,גל כביסה סוד טוטאל כחול 2.5 ליטר,הנקל סוד,IL,סוד ג'ל כחול 2.5 ליט,ליטרים,2.50,ליטר,false,,23.90,9.5600,true,1,211354
7290017457727,false,"סוד כחול מרכך כביסה מרוכז20%+בישום 900 מ""ל",הנקל סוד,IL,סוד מרכך מרוכז כחול,מיליליטרים,900.00,"100 מ""ל",false,,11.90,0.0132,true,1,207239
7290017457734,false,"סוד ורוד מרכך כביסה מרוכז20%+בישום 900 מ""ל",הנקל סוד,IL,סוד מרכך מרוכז ורוד,מיליליטרים,900.00,"100 מ""ל",false,,11.90,0.0132,true,1,207240
7290017477169,false,קשיו קלוי 250 גרם ששון הקולה,"דין שיווק וקלייה בע""",IL,קשיו קלוי ששון הקולה,גרמים,250.00,100 גרם,false,,20.00,0.0800,true,1,264956
7290017477282,false,גרעיני דלעת קלופים קלויים 200 גרם,דין שיווק,IL,גרעיני דלעת קלופים ק,גרמים,200.00,100 גרם,false,,9.90,0.0495,true,1,213939
7290017477299,false,תערובת געלה שקדיה 20,דין שיווק,IL,ג'עלה 200 גרם,גרמים,200.00,100 גרם,false,,8.90,0.0445,true,1,203360
7290017477305,false,זרעי ציה 250 גר שקדי,דין שיווק,IL,זרעי צ'יה 250 גרם שק,גרמים,250.00,100 גרם,false,,8.90,0.0356,true,1,203358
7290017513775,false,פליפז בייגלה מצופה שוקולד חלב מקוויטיס 140 גרם,אולקר מקבוצת פלאדיס,TR,פליפז בייגלה מצופה ש,גרמים,140.00,100 גרם,false,,8.90,0.0636,true,1,210719
7290017513782,false,פליפז בייגלה מצופה שוקולד מריר מקוויטיס 140 גרם,אולקר מקבוצת פלאדיס,TR,פליפז בייגלה מצופה ש,גרמים,140.00,100 גרם,false,,8.90,0.0636,true,1,210720
7290017513829,false,תה ירוק לימונית ג'ינג'ר 25 שקיקים בתוספת ויטמין Cּּ+D,ויסוצקי ירוק,IL,תה ירוק לימונית ג'ינ,גרמים,37.50,100 גרם,false,,24.90,0.6640,false,1,214921
7290017513850,false,תה ירוק נענע 25 שקיקים בתוספת ויטמינים Cּּ+D,ויסוצקי ירוק,IL,תה ירוק נענע בתוספת,גרמים,37.50,100 גרם,false,,24.90,0.6640,false,1,214652
7290017513867,false,תה ירוק לימונית לואיזה 25 שקיקים בתוספת ויטמין Cּּ+D,תה ויסוצקי,IL,תה ירוק לימונית לואי,גרמים,37.50,100 גרם,false,,24.90,0.6640,false,1,214653
7290017516295,false,חטיף חלבון פרוטאין אגוז לוז שוקולד 50 גר,פנגיאה,IL,חטיף פנגיאה פרוטאין,גרמים,50.00,100 גרם,false,,9.90,0.1980,true,1,215152
7290017516318,false,חטיף חלבון פרוטאין שוקולד 50 גר,פנגיאה,IL,פרוטאין שוקולד,גרמים,50.00,100 גרם,false,,9.90,0.1980,true,1,215187
7290017516332,false,חטיף חלבון פרוטאין חמאת בוטנים 50 גר,פנגיאה,IL,פרוטאין חמאת בוטנים,גרמים,50.00,100 גרם,false,,9.90,0.1980,true,1,215186
7290017516479,false,פנגיאה פרוטאין וניל קפה 50 גרם,פנגיאה,IL,פרוטאין וניל קפה,גרמים,50.00,100 גרם,false,,9.90,0.1980,true,1,216131
7290017516486,false,פנגיאה פרוטאין טרופי 50 גרם,פנגיאה,IL,חטיף פרוטאין טרופי,גרמים,50.00,100 גרם,false,,9.90,0.1980,true,1,217122
7290017516509,false,חטיף פרוטאין בטעם קרמל מלוח,פנגיאה,IL,פרוטאין קרמל מלוח,גרמים,50.00,100 גרם,false,,9.90,0.1980,true,1,216132
7290017599236,false,סוכריות סטיוויה 200 טבליות,סנו מפעלי ברונוס.,IL,סוכרזית סטיוויה 200,גרמים,17.00,100 גרם,false,,24.90,1.4647,true,1,261129
7290017599250,false,סוכרזית קלאסי 120 שקיות,ביסקול בע''מ,IL,סוכרזית קלאסי 120 שק,גרמים,120.00,100 גרם,false,,17.90,0.1492,true,1,265189
7290017599267,false,סוכרלוז 120 שקיות ממתיק שולחני,סוכרזית Sucrazit,IL,סוכרזית סוכרלוז 120,גרמים,120.00,100 גרם,false,,26.90,0.2242,true,1,265192
7290017599281,false,סוכרזית סטייויה פלוס 100 שקיות,ביסקול,IL,סוכרזית סטיוויה פלוס,גרמים,100.00,100 גרם,false,,38.90,0.3890,true,1,266374
7290017617046,false,נתחי טונה בשמן זית כתית מעולה רביעיה * 140 ג',סטארקיסט,TR,רביעיה טונה סטאר קיס,גרמים,560.00,100 גרם,false,,26.90,0.0480,false,1,210494
7290017617084,false,סטארקיסט מיקס טוגו טונה עם שעועית 185 גרם,דרדנל אוננטאס גידה,TR,סטארקיסט מיקס טונה ט,גרמים,185.00,100 גרם,false,,12.50,0.0676,true,1,216569
7290017617091,false,סטארקיסט מיקס טוגו טונה עם פתיתים 185 גרם,דרדנל אוננטאס גידה,TR,סטארקיסט מיקס טונה ט,גרמים,185.00,100 גרם,false,,12.50,0.0676,true,1,216570
7290017617107,false,סטארקיסט מיקס טוגו טונה עם 4 דגנים 185 גרם,דרדנל אונוסטאס גידה,TR,סטארקיסט מיקס טונה ע,גרמים,185.00,100 גרם,false,,12.50,0.0676,true,1,216697
7290017617138,false,רביעיית טונה סטארקיסט בשמן קנולה דל נתרן 160 גרם,"סטארקיסט פודור בע""מ",TH,טונה סטאר קיסט דל נת,גרמים,640.00,100 גרם,false,,24.90,0.0389,false,1,216566
7290017617268,false,טונה מעושנת בשמן סטארקיסט 120 גר',סטארקיסט,,טונה סטאר קיסט מעושנ,גרמים,120.00,100 גרם,false,,15.90,0.1325,true,1,261754
7290017617282,false,נתחי טונה בהירה בשמן צמחי - מארז 4 יח',טונה וייטנאם קומפני,VN,טונה יונה רביעיה 4*1,גרמים,560.00,100 גרם,false,,17.90,0.0320,true,1,262399
7290017617411,false,סטארקיסט מיקס סלמון עם אורז מלא וירקות 160 גרם,סטארקיסט Starkist,PL,סטארקיסט מיקס סלמון,גרמים,160.00,100 גרם,false,,13.90,0.0869,true,1,264441
7290017617428,false,"סטארקיסט נתחי סלמון עם פסטה, עגבניות וזיתים פיקנטי",סטארקיסט Starkist,PL,סטארקיסט מיקס סלמון,גרמים,160.00,100 גרם,false,,13.90,0.0869,true,1,263908
7290017617435,false,סטארקיסט מיקס סלמון עם עדשים קינואה וירק 160 גרם,סטארקיסט Starkist,PL,סטארקיסט מיקס סלמון,גרמים,160.00,100 גרם,false,,13.90,0.0869,true,1,263909
7290017641096,false,"שוקולד פרימיום 70% לל""ס 100גרם בדצ *12יח*2 בדיס","כרמית תעשיות ממתקים בע""\",IL,שוקולד פרימיום 70% ל,גרמים,100.00,100 גרם,false,,8.50,0.0850,true,1,206562
7290017641102,false,שוקולד פרימיום 70% ללא סוכר בטעם תפוז 100 גרם,כרמית תעשיות ממתקים,IL,שוקולד פרימיום 70% ל,גרמים,100.00,100 גרם,false,,8.50,0.0850,true,1,206563
7290017641119,false,שוקולד פרימיום 85% מריר כרמית 100 גרם,כרמית תעשיות ממתקים בעמ,IL,שוקולד מריר פרימיום,גרמים,100.00,100 גרם,false,,7.90,0.0790,true,1,205475
7290017641188,false,קרקר עם שיפון מלא וסלק כרמית 130 גרם,דנוויטה ג'\יי. אס. סי,LT,קרקר עם שיפון מלא וס,גרמים,130.00,100 גרם,false,,5.90,0.0454,true,1,206287
7290017641379,false,חמישיות שוקולד חלב בדצ 85 ג*5 בלמינט*12 בקרט בדצ,"כרמית תעשיות ממתקים בע""\",IL,חמישית שוקולד חלב כר,גרמים,425.00,100 גרם,false,,14.90,0.0351,true,1,263948
7290017641720,false,שוקולד פרימיום 70% שברי שקד כרמית 100 גרם,כרמית תעשיות ממתקים בעמ,IL,שוקולד 70% שברי שקד,גרמים,100.00,100 גרם,false,,7.90,0.0790,true,1,212668
7290017641737,false,שוקולד פרימיום 70% שברי אגוז כרמית 100 גרם,כרמית תעשיות ממתקים בעמ,IL,שוקולד 70% שברי אגוז,גרמים,100.00,100 גרם,false,,7.90,0.0790,true,1,212669
7290017647425,false,"יין גמלא קברנה סוביניון שנת 2018 750 מ""ל",יקבי רמת הגולן,IL,גמלא קברנה סוביניון,מיליליטרים,750.00,"100 מ""ל",false,,59.90,0.0799,true,1,212064
7290017647760,false,יין ירדן סירה 2019 750 מל,יקבי רמת הגולן,IL,יין ירדן סירה 2019,מיליליטרים,750.00,"100 מ""ל",false,,89.90,0.1199,true,1,265731
7290017677804,false,"רוטב סויה קיקומן ללא חומרים משמרים 444 מ""ל",קיקומן פודז אינק,US,רוטב סויה קיקומן 444,מיליליטרים,444.00,"100 מ""ל",false,,19.90,0.0448,true,1,208289
7290017677811,false,"רוטב סויה קיקומן ללא חומרים משמרים 296 מ""ל",קיקומן פודז אינק,NL,רוטב סויה קיקומן 296,מיליליטרים,296.00,"100 מ""ל",false,,13.90,0.0470,true,1,208175
7290017696393,false,בורגר פטריות מן הצומח 520 גר,מרינה פטריות,IL,בורגר פטריות מן הצומ,גרמים,520.00,100 גרם,false,,34.90,0.0671,true,1,213698
7290017712192,false,פרמיו נתחי פילה עוף ועשבי תיבול 100 גר,פרמיו Premio,FR,פרמיו נתחי פילה עוף,גרמים,100.00,100 גרם,false,,4.00,0.0400,true,1,265386
7290017712208,false,פרמיו נתחי פילה עוף וברווז 100 גר,סאטורן,FR,פרמיו נתחי פילה ברוו,גרמים,100.00,100 גרם,false,,4.00,0.0400,true,1,265387
7290017712222,false,פרמיודגי ים ברוטב 100 גר,,FR,פרמיו דגי ים קיטן 10,גרמים,100.00,100 גרם,false,,4.00,0.0400,true,1,264604
7290017712239,false,פרמיו עם עוף במרקם פטה 150 גר,פרמיו Premio,FR,פרמיו פטה עוף לכלב 1,גרמים,150.00,100 גרם,false,,4.00,0.0267,true,1,264615
7290017712260,false,פרמיו פטה סלמון לכלב 150ג',פרמיו Premio,FR,פרמיו פטה סלמון לכלב,גרמים,150.00,100 גרם,false,,4.00,0.0267,true,1,264616
7290017712277,false,פרמיו עם כבש במרקם פטה 100 גר,פרמיו Premio,FR,פרמיו פטה כבש לכלב 1,גרמים,150.00,100 גרם,false,,4.00,0.0267,true,1,264617
7290017712628,false,סלמון לחתול פאוץ 85 ג הורייזן,,,הורייזן סלמון לחתול,גרמים,85.00,100 גרם,false,,5.00,0.0588,true,1,265384
7290017712864,false,פרמיו מקלות סלמון לכלב,פרמיו Premio,CN,פרמיו מקלות סלמון 10,גרמים,100.00,100 גרם,false,,15.00,0.1500,true,1,264618
7290017724027,false,עוגיות אלפחורס 300 גרם,"אקלר בע""מ",IL,עוגיות אלפחורס,גרמים,300.00,100 גרם,false,,23.90,0.0797,true,1,261814
7290017724119,false,עוגיות אוזנים אקלר 200 גרם,אקלר,IL,עוגיות אוזניים,גרמים,200.00,100 גרם,false,,23.90,0.1195,true,1,261833
7290017724140,false,עוגיות שושנים אקלר 200 גרם,אקלר,IL,עוגיות שושנים,גרמים,200.00,100 גרם,false,,23.90,0.1195,true,1,261827
7290017724355,false,אקלר אצבעות שקדים 200 גרם,אקלר,IL,אצבעות שקדים,גרמים,250.00,100 גרם,false,,23.90,0.0956,true,1,261860
7290017724652,false,אקלר תמר אבקת סוכר 200 גרם,אקלר,IL,עוגיות רולדה תמר אגו,גרמים,200.00,100 גרם,false,,23.90,0.1195,true,1,261844
7290017791142,false,קרקר כוסמין מלא - פת במלח,"מאפיית פת במלח בע""מ",IL,קרקר כוסמין מלא פת ב,גרמים,225.00,100 גרם,false,,21.90,0.0973,true,1,208769
7290017791203,false,קרקר כוסמין מלא - סלק - פת במלח,"מאפיית פת במלח בע""מ",IL,קרקר כוסמין מלא סלק,גרמים,225.00,100 גרם,false,,21.90,0.0973,true,1,214571
7290017812007,false,"יין סוביניון/שרדונה 750 מ""ל P.C",כרמל מזרחי,IL,פרייבט קולקשיין סוב-,מיליליטרים,750.00,"100 מ""ל",false,,34.90,0.0465,true,1,266692
7290017812571,false,מיץ ענבים תירוש אדום 100% טבעי כרמל 1 ליטר,יקבי כרמל Carmel Winery,IL,מיץ ענבים תירוש אדום,ליטרים,1.00,ליטר,false,,19.90,19.9000,false,1,213875
7290017812588,false,מיץ ענבים תירוש לבן 100% טבעי כרמל 1 ליטר,יקבי כרמל Carmel Winery,IL,תירוש לבן 1 ל' 100%,מיליליטרים,1000.00,"100 מ""ל",false,,19.90,0.0199,true,1,212706
7290017812618,false,מיץ ענבים תירוש אדום רוזה כרמל 1 ליטר,כרמל מזרחי,IL,תירוש רוזה 100% ענבי,מיליליטרים,1000.00,"100 מ""ל",false,,19.90,0.0199,true,1,210889
7290017812670,false,"יין יתיר דרום אדום 750 מ""ל",כרמל מזרחי,IL,יין יתיר דרום אדום,מיליליטרים,750.00,"100 מ""ל",false,,69.90,0.0932,true,1,219735
7290017812830,false,יין רוזה פרייבט קולקשיין 750מל יקבי כרמל,"כד בני דרום בע""מ",IL,פ. קולקשיין רוזה,מיליליטרים,750.00,"100 מ""ל",false,,34.90,0.0465,true,1,216641
7290017812847,false,"יין פרנץ גוורצטרמינר סלקטד כרמל 750 מ""ל","כד בני דרום בע""מ",IL,סלקטד פרנץ קולומברד,מיליליטרים,750.00,"100 מ""ל",false,,29.90,0.0399,true,1,216057
7290017812977,false,"יין קריניאנו סלקטדאננס באז כרמל 750 מ""ל",כרמל מזרחי,IL,באז ספרקלינג אננס,מיליליטרים,750.00,"100 מ""ל",false,,23.90,0.0319,true,1,218147
7290017816012,false,קרם קרקר כוסמין מקור הכוסמין 250 גר,מגדנית הדר,IL,קרם קרקר כוסמין 250,גרמים,250.00,100 גרם,false,,18.90,0.0756,true,1,207952
7290017816111,false,פתי בר מקןר הכוסמין 220 גרם,אפיפית הדר,IL,פתי בר כוסמין 220 גר,גרמים,220.00,100 גרם,false,,13.90,0.0632,true,1,212389
7290017816128,false,קרקר כוסמין 220 גרם,,,קרקר כוסמין,יחידה,0.00,יחידה,false,,18.90,0.0000,true,1,214793
7290017871363,false,פמילי יהלום- פמלי סבון ידיים מועשר בשמן מקדמיה לניקוי וטיפוח עור הידיים,המאפיה של הרמן,TR,פמלי יהלום סבון ידיי,מיליליטרים,500.00,"100 מ""ל",false,,10.00,0.0200,true,1,212880
7290017871370,false,פמילי יהלום- סבון ידיים מועשר בשמן אבוקדו לניקוי וטיפוח עור הידיים,המאפיה של הרמן,TR,פמלי יהלום סבון ידיי,מיליליטרים,500.00,"100 מ""ל",false,,10.00,0.0200,true,1,212881
7290017871707,false,חטיף פיצפוצי אורז וקוקוס מצופה שוקולד מריר ללא תוספת סוכר,תות תעשיות מזון (2014) ב,IL,טוסו חטיף פצפוצי אור,גרמים,105.00,100 גרם,false,,16.90,0.1610,true,1,209199
7290017871950,false,פרשוואנס נייר טואלט לח מתכלה בניחוח לוונדר מארז שלישייה,עלבד משואות יצחק,IL,פרש וואנס נייר טואלט,יחידה,0.00,יחידה,false,,12.90,0.0000,true,1,216417
7290017871974,false,טוסו אבקת ג'לי טעם תות 30גרם,אשבל מזון פונקציונלי בע\,IL,ג'לי בטעם תות שדה 25,גרמים,25.00,100 גרם,false,,11.90,0.4760,true,1,213987
7290017871998,false,טוסו פודינג אינסטנט בטעם וניל 30גרם,אשבל מזון פונקציונלי בע\,IL,פודינג אינסטנט בטעם,גרמים,30.00,100 גרם,false,,9.90,0.3300,true,1,213989
7290017872056,false,פמלי אל סבון 3*1 הסדרה הלבנה-מעורב 500 גרם*3,אברנסל קוסמטיקס,TR,פמלי אל סבון סדרה לב,מיליליטרים,1500.00,"100 מ""ל",false,,15.00,0.0100,true,1,212504
7290017872063,false,פמלי אל סבון 3*1 ארומטרפי-מעורב 500 גרם*3,אברנסל קוסמטיקס,TR,פמלי אל סבון ארומתרפ,מיליליטרים,1500.00,"100 מ""ל",false,,15.00,0.0100,true,1,212505
7290017872186,false,טוסו - עוגיות פקאן ללא סוכר 200 גרם,"הגביע מוצרי וופלים בע""\מ",IL,טוסו עוגיות פקאן 200,גרמים,200.00,100 גרם,false,,18.90,0.0945,true,1,212506
7290017872667,false,"פמלי יהלום-סבון ידיים עם שמן קמומיל 500 מ""ל",המאפיה של הרמן,TR,פמלי יהלום סבון ידיי,מיליליטרים,500.00,"100 מ""ל",false,,10.00,0.0200,true,1,211712
7290017872889,false,מארז שקיות אשפה אקס לארג גלילונית 2*22 יח',"אליף בע""\מ",TR,גלילונית שקיות אשפה,יחידה,0.00,יחידה,false,,21.90,0.0000,true,1,260923
7290017872896,false,שקיות אשפה לארג גליל,גלילונית,,גלילונית שקיות אשפה,יחידה,0.00,יחידה,false,,21.90,0.0000,true,1,261342
7290017872940,false,מגע הדבש רצועות שעווה לפנים 20+5 מגבוני,ש.שוורץ,ES,רצועות שעווה טבעיות,יחידה,0.00,יחידה,false,,19.90,0.0000,true,1,218960
7290017873039,false,מארז זוג שקיות לסנדוויץ גלילונית 2*160 יח',"קינג באג בע""מ",TH,גלילונית שקיות אוכל,יחידה,0.00,יחידה,false,,15.90,0.0000,true,1,261386
7290017873114,false,נייר אפייה נשלף גלילונית,גלילונית,IL,גלילונית נייר אפייה,יחידה,0.00,יחידה,false,,13.90,0.0000,true,1,260759
7290017888019,false,"משקה תפוח רימון סלק גינגיר פרות &ווג 350 מ""ל",פרוט אנד וג' Fruit & Veg,IL,FRUIT&VEG תפוח רימון,גרמים,350.00,100 גרם,false,,6.90,0.0197,true,1,206403
7290017888026,false,"משקה אננס תפוח גזר פרות & ווג 350 מ""ל",פרוט אנד וג' Fruit & Veg,IL,FRUITַ&VEG אננס תפוח,מיליליטרים,350.00,"100 מ""ל",false,,6.90,0.0197,true,1,206404
7290017888095,false,"רביעיית פחיות שוופס מוגז עדין פירות יער 330 מ""ל.",יפאורה תבורי בעמ,IL,רביעיית פחיות שוופס,מיליליטרים,1320.00,"100 מ""ל",false,,12.90,0.0098,false,1,207398
7290017888101,false,"שוויפס מוגז עדין אפרסק מארז רביעייה* 330 מ""ל",יפאורה תבורי בעמ,IL,רביעיית פחיות שוופס,מיליליטרים,1320.00,"100 מ""ל",false,,12.90,0.0098,false,1,207399
7290017888644,false,"משקה אננס בננה כורכום פרות & ווג 350 מ""ל",פרוט אנד וג' Fruit & Veg,IL,FRUITַַ&VEG כורכום א,מיליליטרים,350.00,"100 מ""ל",false,,6.90,0.0197,true,1,213614
7290017888729,false,שוופס סודה בקבוק 1 ל',"יפאורה תבורי בע""\מ",IL,שוופס סודה 1 ליטר,ליטרים,1.00,ליטר,false,,3.90,3.9000,false,1,213615
7290017888972,false,בקבוק מי עדן פקק ספורט 1 ליטר,"מופק ממקור בזלתי עדן ,1",IL,מי עדן פקק ספורט 1,ליטרים,1.00,ליטר,false,,3.50,3.5000,true,1,212702
7290017894089,false,קמח שיבולת שועל דגש 400 גרם,אף. סי תבליני הגליל,IL,דגש קמח שיבולת שועל,גרמים,500.00,100 גרם,false,,19.90,0.0398,true,1,215635
7290017894324,false,חמאת אגוזי נמר קשיו וקקאו 350 גרם,נטורפוד בעמ,IT,חמאת אגוזי נמר קשיו,גרמים,350.00,100 גרם,false,,31.00,0.0886,true,1,265304
7290017917283,false,"מגבוני קמיל בלו ד""ר פישר ללא בישום רביעי",פישר מעבדות פרמצבטיות,IL,רביעיית מגבוני קמיל,יחידה,0.00,יחידה,false,,19.90,0.0000,true,1,210352
7290017917405,false,מגבוני פוליאסטר מיוחדים לשימוש בשבת,פישר מעבדות פרמצבטיות,IL,קמיל בלו מגבוני שבת,יחידה,0.00,יחידה,false,,9.90,0.0000,true,1,213787
7290017917450,false,קמיל בלו סנסיטיב אל סבון ושמפו לתינוק קמומיל ואלוורה,פישר מעבדות פרמצבטיות בע,IL,קמיל בלו סנסיטיב אל,ליטרים,1.00,ליטר,false,,29.90,29.9000,true,1,208154
7290017917627,false,מסרקל - מסרק צפוף שיניים,פישר תעשיות,IL,מסרק כינים דר' פישר,יחידה,0.00,יחידה,false,,39.90,0.0000,true,1,214346
7290017917757,false,"ד""ר פישר EFFECTIVE CARE קרם גוף בשמן כותנה 450 מ""ל",פישר מעבדות פרמצבטיות בע,IL,קרם גוף מועשר בשמן כ,מיליליטרים,450.00,"100 מ""ל",false,,23.90,0.0531,true,1,213958
7290017917764,false,"ד""ר פישר - אפקטיב קר קרם גוף מועשר בשמן ארגן 450 מ""ל",פישר מעבדות פרמצבטיות בע,IL,קרם גוף מועשר בשמן א,מיליליטרים,450.00,"100 מ""ל",false,,23.90,0.0531,true,1,213959
7290017918488,false,פטריות שמפניון ארוז,ביכורי שדה דרום,IL,פטריות שמפניון,יחידה,0.00,יחידה,false,,8.90,0.0000,true,1,260557
7290017928043,false,מקלות גריסיני קראנץ' מלח מאיר בייגל 175 גרם,מאיר את בייגל,IL,גריסיני קראנץ' מלח 1,גרמים,175.00,100 גרם,false,,11.90,0.0680,true,1,209935
7290017928227,false,מאיר בייגל שטוחהלה פינוקים 300 גר',מאיר את בייגל,IL,שטוחלה פינוקים מאיר,גרמים,300.00,100 גרם,false,,11.90,0.0397,true,1,209930
7290017928432,false,מקלות גריסיני קראנץ' פרג מאיר בייגל 175 גרם,מאיר את בייגל,IL,גריסיני קראנץ' פרג 1,גרמים,175.00,100 גרם,false,,11.90,0.0680,true,1,209939
7290017928463,false,מאיר בייגל -סמאש-שבורים בטעם דבש חרדל ובצל 300 גרם,מאיר בייגל,BG,סמאש שברי בייגלה בטע,גרמים,300.00,100 גרם,false,,10.00,0.0333,true,1,216500
7290017928609,false,בייגלה טבעות שומשום מאיר בייגל 300 גרם,מאיר את בייגל,IL,טבעות שומשום מאיר בי,גרמים,300.00,100 גרם,false,,11.90,0.0397,true,1,209941
7290017928661,false,מאיר בייגל -סמאש-שבורים בטעם צ'דר 300 גרם,מאיר בייגל,BG,סמאש שברי בייגלה בטע,גרמים,300.00,100 גרם,false,,13.90,0.0463,true,1,216501
7290017928685,false,בייגלה שמיניות מלוח מאיר בייגל 400 גרם.,מאיר את בייגל,IL,בייגלה שמיניות עם מל,גרמים,400.00,100 גרם,false,,11.90,0.0298,true,1,262833
7290017928821,false,מקלות גריסיני קלאסי מאיר בייגל 200 גרם,מאיר את בייגל,IL,מקלות גריסיני קלאסי,גרמים,200.00,100 גרם,false,,11.90,0.0595,true,1,209944
7290017928937,false,בייגלה מקלות מלח300 גר' מאיר בייגל,מאיר בייגל,IL,מאיר בייגל-מקלות מלח,גרמים,300.00,100 גרם,false,,11.90,0.0397,true,1,266519
7290017932088,false,גאלה תחתית אפויה לפאי 170 גרם,פיניקל פודס גרופ,US,תחתית אפויה לפאי,גרמים,170.00,100 גרם,false,,12.90,0.0759,true,1,214649
7290017932231,false,"סירופ מייפל טהור גאלה 250 מ""ל",בולדוק מייפל פרודקס,CA,מייפל אמיתי טהור גאל,מיליליטרים,250.00,"100 מ""ל",false,,23.90,0.0956,true,1,262886
7290017932316,false,רוטב עגבניות לפסטה עם שמן זית 680 גר' דיניקולה,ג'יאובני פוד,US,דינקולה רוטב פסטה מר,גרמים,737.00,100 גרם,false,,15.90,0.0216,true,1,263247
7290017946368,false,שלישיית כדוריות סבון לאסלה אוקיינוס סוד 50 גרם,הנקל סוד,RS,סוד מארז כדוריות שלי,גרמים,150.00,100 גרם,false,,19.90,0.1327,true,1,215282
7290017946474,false,"הוואי תחליב רחצה סודות פולינזיה 700 מ""ל",טרופיקל דגיל בעמ,IL,הוואי ג'ל רחצה 700 מ,מיליליטרים,700.00,"100 מ""ל",false,,8.90,0.0127,false,1,210515
7290017946764,false,מנקה מכונת כביסה 150 גר K2R,הנקל Henkel,DE,מנקה מכונות כביסה,גרמים,150.00,100 גרם,false,,21.90,0.1460,true,1,215248
7290017946979,false,פרסיל גל לכביסה דיפ קלין מנטרל ריחות 2.4,"הנקל סוד בע""\מ",IL,פרסיל ג'ל לכביסה מנט,ליטרים,2.40,ליטר,false,,34.90,14.5417,true,1,216675
7290017947105,false,לחם אנג'ל בסגנון אמריקה 500 גרם,מאפיית שלמה א. אנג'\ל בע,IL,לחם בסגנון אמריקה אנ,גרמים,500.00,100 גרם,false,,14.90,0.0298,true,1,210881
7290017947457,false,חלה קלועה כוסמין אנג'ל ארוזה 500 גרם,מאפיית שלמה א.אנג'ל,IL,חלה קלועה כוסמין אנג,גרמים,500.00,100 גרם,false,,16.90,0.0338,true,1,260524
7290017947464,false,שמיניית פיתות כוסמין אנג'ל 8*50 גרם,מאפיית שלמה א.אנג'\ל בע\,IL,פיתות כוסמין 8 יח' א,גרמים,400.00,100 גרם,false,,13.90,0.0348,true,1,214314
7290017947495,false,6 לחמניות כוסמין 450 גרם אנג'ל,מאפיית שלמה א.אנג'\ל,IL,לחמניות כוסמין שישיי,גרמים,450.00,100 גרם,false,,14.90,0.0331,true,1,215049
7290017947891,false,לחם אנג'ל כוסמין וחיטה מלאה 750 גרם,מאפיית שלמה א. אנג'\ל בע,IL,לחם אנג'ל כוסמין וחי,גרמים,750.00,100 גרם,false,,12.90,0.0172,true,1,210827
7290017947921,false,לחמניות המבורגר בסגנון אמריקאי מארז 6 יח',מאפיית שלמה א. אנג'\ל בע,IL,שש לחמניות המבורגר א,גרמים,450.00,100 גרם,false,,12.50,0.0278,true,1,211024
7290017947938,false,מיני לחמניות המבורגר בסגנון אמריקה 400 ג' אנג'ל,מאפיית שלמה א. אנג'\ל בע,IL,לחמניות המבורגר 8 יח,גרמים,400.00,100 גרם,false,,12.90,0.0323,true,1,214316
7290017962146,false,עוגיות כוסמין קוקוס קינמון טבעוני 230 גר,,IL,עוגיות כוסמין קוקוס,גרמים,230.00,100 גרם,false,,22.90,0.0996,true,1,262749
7290017962153,false,עוגיות כוסמין שקדים חמוציו טבעוני 230 גר,,IL,עוגיות כוסמין שקדים,גרמים,230.00,100 גרם,false,,22.90,0.0996,true,1,263217
7290017962160,false,עוגיות כוסמין אוכמניות וניל טבעוני 230 ג,,IL,עוגיות כוסמין אוכמני,גרמים,230.00,100 גרם,false,,22.90,0.0996,true,1,262750
7290017993263,false,"מחית וניל 100 מ""ל",,,"מחית וניל 100 מ""ל",מיליליטרים,100.00,"100 מ""ל",false,,39.90,0.3990,true,1,262732
7290017993461,false,הפקיילה של רון זוארץ,,,הפקיילה של רון זוארץ,גרמים,200.00,100 גרם,false,,34.90,0.1745,true,1,266217
7290018043189,false,פראוד - חטיף חלבון בטעם קשיו קרמל 60 גרם,מרס נדרלנד,NL,חטיף חלבון בטעם קשיו,גרמים,60.00,100 גרם,false,,11.90,0.1983,true,1,260994
7290018043196,false,פראוד - חטיף חלבון בטעם שוקולד לבן עוגיות 60 גרם,הרת'סייד פוד סולושיי,NL,חטיף חלבון בטעם שוקו,גרמים,60.00,100 גרם,false,,11.90,0.1983,true,1,260995
7290018043295,false,חטיף חלבון בטעם ונילה קראנץ',הרת'סייד פוד סולושיי,NL,חטיף חלבון בטעם וניל,גרמים,60.00,100 גרם,false,,11.90,0.1983,true,1,260996
7290018043844,false,חטיף חלבון בוטנים קרמל קראנץ 60 ג' פראוד,פראוד PROUD,NL,פראוד חטיף חלבון בוט,גרמים,60.00,100 גרם,false,,11.90,0.1983,true,1,264289
7290018045084,false,BON&BON דגנים במילוי קרם בטעם בראוניז 480 גרם,monday,DE,דגנים בון בון במילוי,גרמים,480.00,100 גרם,false,,21.90,0.0456,true,1,262110
7290018045497,false,בון בון דגנים במילוי קרם שוקולד 480 גרם,מונדיי Monday,DE,דגנים בון בון במילוי,גרמים,480.00,100 גרם,false,,21.90,0.0456,true,1,262111
7290018045503,false,דגני חיטה ואורז בטעם בוקר 311 ג' הלו קיטי,נורדגטריידה,DE,דגני בוקר הלו קיטי ל,גרמים,311.00,100 גרם,false,,22.90,0.0736,true,1,266354
7290018045695,false,BON&BON דגנים במילוי קרם קרמל מלוח 480 גרם,מונדיי Monday,DE,דגנים בון בון במילוי,גרמים,480.00,100 גרם,false,,21.90,0.0456,true,1,262112
7290018045893,false,בון בון דגנים במילוי קרם נוגט 480 גרם,מונדיי Monday,DE,דגנים בון בון במילוי,גרמים,480.00,100 גרם,false,,21.90,0.0456,true,1,262109
7290018071533,false,נר נשמה 48 שעות בכוס זכוכית - נרות חסידים,,,נר נשמה 48 שעות בכוס,יחידה,0.00,יחידה,false,,4.90,0.0000,true,1,266552
7290018091029,false,מקלות פילו תפוחי אדמה מעדנות 450 ג',תנובה מעדנות,IL,"מקלות פילו תפו""א מעד",גרמים,450.00,100 גרם,false,,17.90,0.0398,true,1,212294
7290018091616,false,מקלות פילו גבינה מעדנות 450 גרם,מיוצר עי קונדיטוריית,IL,מקלות פילו גבינה מעד,גרמים,450.00,100 גרם,false,,17.90,0.0398,true,1,212296
7290018131756,false,מאגדת שלגון וניל מצופה תות נסטלה 440 גרם,גלידות נסטלה )נגה גלידות,IL,מאגדת שלגונים וניל מ,גרמים,440.00,100 גרם,false,,26.50,0.0602,true,1,216765
7290018131831,false,נסטלה מאגדת שלגון מילקה וניל חדש8 4*66ג,שוורצקוף& הנקל דיסלד,PL,מאגדת שלגונים מילקה,גרמים,284.00,100 גרם,false,,31.90,0.1123,true,1,216766
7290018132388,false,מטרנה גולד שלב 2 תרכובת מזון על בסיס חלבי,מטרנה תעשיות ש.מ.,IL,מטרנה גולד שלב 2 700,גרמים,700.00,100 גרם,false,,75.90,0.1084,false,1,264991
7290018132425,false,מטרנה גולד שלב 3 תרכובת מזון על בסיס חלבי,מטרנה תעשיות ש.מ.,IL,מטרנה גולד שלב 3 700,גרמים,700.00,100 גרם,false,,75.90,0.1084,true,1,264992
7290018156087,false,"ד""ר פישר - סרקל אקטיב שמפו 450 מ""ל",פישר מעבדות פרמצבטיות,IL,סרקל אקטיב שמפו דר',מיליליטרים,450.00,"100 מ""ל",false,,31.90,0.0709,true,1,214347
7290018156124,false,"אל סבון קמיל צבעוני ד""ר פישר שלישיה* 500 מ""ל",פישר תעשיות,IL,אל סבון קמיל שלישייה,מיליליטרים,1500.00,"100 מ""ל",false,,18.90,0.0126,true,1,210475
7290018165027,false,"יין רזרב GOLD EDITION רוזה ברקן 750 מ""ל",יקבי ברקן שיווק והפצה בע,IL,יין רזרב גולד רוזה,מיליליטרים,750.00,"100 מ""ל",false,,34.90,0.0465,false,1,212780
7290018192023,false,מקלות סלרי ארוז יח',"מרינה פטריות הגליל בע""מ",IL,מקלות סלרי,יחידה,0.00,יחידה,false,,6.90,0.0000,true,1,209391
7290018192658,false,מארז זוג פטריות פורטובלה ושמפיניון מרינה,"מרינה פטריות הגליל בע""מ",IL,צמד חמד שמפניון מרינ,יחידה,0.00,יחידה,false,,15.90,0.0000,true,1,211477
7290018198056,false,תפוגן קוביות תפוחי אדמה 9*1.5קג,עיצובים 2020 (4.5),IL,תפוגן קוביות תפוחי א,קילוגרמים,1.50,"ק""ג",false,,26.90,17.9333,true,1,213004
7290018198148,false,"תפוגן קריספי צ'יפס קלאסי 1.25 ק""ג",עיצובים 2020 (4.5),IL,תפוגן קריספי צ'יפס ק,קילוגרמים,1.25,"ק""ג",false,,26.90,21.5200,true,1,217774
7290018198209,false,צ'יפס בטטה קראנצ'י תפוגן 500 גרם,"תעשיות תפוגן בע""מ",IL,תפוגן צ'יפס בטטה קרא,גרמים,500.00,100 גרם,false,,21.00,0.0420,true,1,215644
7290018198254,false,"תפוגן קריספי צ'יפס פוטטוס 1.25 ק""ג",עיצובים 2020 (4.5),IL,תפוגן קריספי צ'יפס פ,קילוגרמים,1.25,"ק""ג",false,,26.90,21.5200,true,1,217775
7290018208052,false,תמר לח חיאני 500 גרם,,,תמר לח 500 גר,גרמים,500.00,100 גרם,false,,9.90,0.0198,true,1,212713
7290018219584,false,ערמונים אורגניים קלויים קלופים 100 ג' זארובי,זארובי,IL,ערמונים אורגניים קלו,גרמים,100.00,100 גרם,false,,5.00,0.0500,false,1,262997
7290018219607,false,גרעיני דלעת 200 גר',זארובי,,גרעיני דלעת 200 גר',גרמים,200.00,100 גרם,false,,10.90,0.0545,true,1,213466
7290018219829,false,"פולי קפה 1 ק""ג finzi",,,"פולי קפה 1 ק""ג finzi",קילוגרמים,1.00,"ק""ג",false,,49.90,49.9000,true,1,218820
7290018228586,false,מפיץ ריח באמצעות מקל,,,מפיץ ריח באמצעות מקל,יחידה,0.00,יחידה,false,,29.90,0.0000,true,1,263379
7290018236086,false,"נקניקיות במליחות מעודנת עוף טוב 1 ק""ג",עיצובים 2020 (4.9),,נקניקיות עוף במליחות,קילוגרמים,1.00,"ק""ג",false,,32.90,32.9000,true,1,211765
7290018237281,false,עוף טוב נקניק סלמי ירדן 550 גר,מוצרי עוף טוב (2001) בע\,IL,סלמי ירדן 550 גר,גרמים,550.00,100 גרם,false,,26.90,0.0489,true,1,219162
7290018237373,false,עוף טוב פסטרמה צרובה על הגריל נתח שלם 8*300 גרם,מוצרי עוף טוב (2001) בע\,IL,עוף טוב פסטרמה צרובה,גרמים,300.00,100 גרם,false,,26.90,0.0897,true,1,218879
7290018237397,false,עוף טוב פסטרמה מקורמלת נתח שלם 8*300 גרם,מוצרי עוף טוב (2001) בע\,IL,עוף טוב פסטרמה מקורמ,גרמים,300.00,100 גרם,false,,26.90,0.0897,true,1,218880
7290018237410,false,עוף טוב פסטרמה במעשנה נתח שלם 8*300 גרם,מוצרי עוף טוב (2001) בע\,IL,עוף טוב פסטרמה במעשנ,גרמים,300.00,100 גרם,false,,26.90,0.0897,true,1,218881
7290018237489,false,עוף טוב דק דק פסטרמה ברביקיו 220גרם,עיצובים 2020 (4.9),IL,עוף טוב דק דק פסטרמה,גרמים,220.00,100 גרם,false,,21.90,0.0995,true,1,261934
7290018237496,false,פסטרמה בדבש דק דק עוף טוב 200 גרם,עיצובים 2020 (4.9),IL,עוף טוב דק דק פסטרמה,גרמים,220.00,100 גרם,false,,21.90,0.0995,true,1,261935
7290018237502,false,עוף טוב כתף בקר דק-דק 200 גרם,עיצובים 2020 (4.9),IL,עוף טוב דק דק כתף בק,גרמים,200.00,100 גרם,false,,21.90,0.1095,true,1,261933
7290018237731,false,זוג פסטרמות ברביקיו ומעושנת עוף טוב 600 גרם,עוף טוב,IL,מארז פסטרמה ברבקיו ו,גרמים,600.00,100 גרם,false,,24.90,0.0415,true,1,262790
7290018237885,false,עוף טוב נקניקיות א.לארג ללחמנייה 370 גרם,עיצובים 2020 (4.9),IL,נקנקיות אקסטרא לאר'ג,גרמים,370.00,100 גרם,false,,12.90,0.0349,true,1,263777
7290018237908,false,עוף טוב נקניקיות עסיסיות למנגל 400 גרם,עיצובים 2020 (4.9),IL,נקנקיות עסיסיות למנג,גרמים,400.00,100 גרם,false,,12.90,0.0323,true,1,263776
7290018237939,false,שניצלונים ציפוי שומשום עוף טוב 700 גרם,מוצרי עוף טוב (2001) בע\,IL,שניצלונים בציפוי שומ,גרמים,700.00,100 גרם,false,,19.90,0.0284,true,1,263769
7290018237960,false,עוף טוב כתף בקר עסיסי 265 גרם,עיצובים 2020 (4.9),IL,עוף טוב כתף בקר עסיס,גרמים,265.00,100 גרם,false,,24.90,0.0940,true,1,264764
7290018237984,false,סלמי פפרוני פיקנטי מפולפל 8*320ג עוף טוב,עיצובים 2020 (4.9),IL,עוף טוב סלמי פפרוני,גרמים,320.00,100 גרם,false,,24.90,0.0778,true,1,264765
7290018249086,false,סוויטאנגו ממרח בטעם חלווה פיסטוקחום,,IL,ממרח בטעם חלווה פיסט,גרמים,350.00,100 גרם,false,,34.90,0.0997,true,1,265866
7290018249123,false,"סוויטאנגו אינסטנט פודינג וניל, 50 גרם",מתבל תעשיות מזון,IL,אינסטנט פודינג וניל,גרמים,50.00,100 גרם,false,,12.50,0.2500,true,1,214374
7290018249154,false,ממרח קקאו עם אגוזי לוז 350 גר,"אחדות ביח""ר לטחינה ח",IL,ממרח קקאו עם אגוזי ס,גרמים,350.00,100 גרם,false,,31.90,0.0911,true,1,264539
7290018249352,false,אינסטנט פודינג קרמל סוויטאנגו 55 גר,מתבל תעשיות מזון,IL,אינסטנט פודינג בטעם,גרמים,55.00,100 גרם,false,,14.90,0.2709,true,1,262813
7290018249802,false,ממתיק סוויטאנגו צנצנת 280 גרם,מתבל תעשיות מזון,IL,סווינטגו ממתיק 280 ג,גרמים,280.00,100 גרם,false,,28.90,0.1032,true,1,214019
7290018249994,false,סוויטאנגו תחליף סוכר ממתיק 700 גר',מתבל תעשיות מזון,IL,ממתיק סווינאנגו 700,גרמים,700.00,100 גרם,false,,56.90,0.0813,true,1,213365
7290018282731,false,אל סבון מרובעים שלישה סוגים שונים500 מל,,IL,אל סבון בניחוח מאסק,מיליליטרים,500.00,"100 מ""ל",false,,8.90,0.0178,true,1,216490
7290018293027,false,מקל וניל בורבון מדגס,לורן אויילס,US,מקל וניל בורבון מדגס,גרמים,3.00,100 גרם,false,,21.00,7.0000,true,1,216596
7290018294208,false,"סלקטדאדום ישראלי יבש כרמל 750 מ""ל","כד בני דרום בע""מ",IL,סלקטד אדום ישראלי,מיליליטרים,750.00,"100 מ""ל",false,,29.90,0.0399,true,1,219511
7290018294352,false,"ארק יקבי כרמל 700 מ""",יקבי כרמל Carmel Winery,ES,"ערק כרמל 700 מ""ל",מיליליטרים,700.00,"100 מ""ל",false,,49.90,0.0713,true,1,261942
7290018294369,false,"מיץ ענבים תירוש כרמל 700 מ""ל",יקבי כרמל Carmel Winery,IL,"תירוש אדום 700 מ""ל",מיליליטרים,700.00,"100 מ""ל",false,,13.90,0.0199,true,1,265437
7290018294895,false,"יין מונלייט מוסקטו ורוד מבעבע 750 מ""ל",יקבי כרמל Carmel Winery,IL,יין כרמל MOONLIGHT ל,מיליליטרים,750.00,"100 מ""ל",false,,34.90,0.0465,true,1,264532
7290018294901,false,"יין מונלייט אדום יבש 750 מ""ל כרמל",יקבי כרמל Carmel Winery,IL,יין כרמל MOONLIGHT א,מיליליטרים,750.00,"100 מ""ל",false,,34.90,0.0465,true,1,264533
7290018296042,false,לחם טוסט אמריקה אגמי,מאפיית אגמי,IL,לחם טוסט אמריקה אגמי,גרמים,500.00,100 גרם,false,,12.50,0.0250,true,1,219700
7290018296257,false,לחם בריאות ושובע שיבולת שועל 550 גר,מאפיית אגמי,IL,לחם בריאות ושובע שיב,גרמים,550.00,100 גרם,false,,16.60,0.0302,true,1,219510
7290018296448,false,לחם בריוש 500 גרם,מאפיית אגמי,IL,לחם בריוש אגמי,גרמים,500.00,100 גרם,false,,13.90,0.0278,true,1,262412
7290018296455,false,לחם דגנים קל מרובע חלי ממן 750גר,מאפיית אגמי,IL,לחם דגנים קל מרובע ח,גרמים,750.00,100 גרם,false,,16.90,0.0225,true,1,264174
7290018296608,false,לחם בריאות ושובע 9 דגנים קל,מאפיית אגמי,IL,לחם בריאות ושובע 9 ד,גרמים,600.00,100 גרם,false,,13.90,0.0232,true,1,210252
7290018296615,false,פיתה ביס כוסמין מלא 10יח,"מאפיית אגמי בע""מ",IL,פיתה ביס כוסמין מלא,גרמים,450.00,100 גרם,false,,16.60,0.0369,true,1,210254
7290018296653,false,לחם אחיד פלוס כוסמין מרובע 700גר,מאפיית אגמי,IL,לחם אחיד פלוס כוסמין,גרמים,700.00,100 גרם,false,,16.90,0.0241,true,1,264175
7290018296806,false,לחם בריאות ושובע מועשר בסיבים,מאפיית אגמי,IL,לחם בריאות ושובע מוע,גרמים,600.00,100 גרם,false,,13.90,0.0232,true,1,210248
7290018296813,false,פיתה ביס קלה 10 יח 4,"מאפיית אגמי בע""מ",,פיתה קלה ביס 10 יח',גרמים,450.00,100 גרם,false,,13.90,0.0309,true,1,210253
7290018309018,false,מקרון בוטיק מארז 6 י,אולה לה,IL,עוגיות מקרון חלבי,גרמים,96.00,100 גרם,false,,25.90,0.2698,true,1,218618
7290018333006,false,"שוקולד מריר עם שברי שקדים פרימיום 70% לל""ס כרמית","כרמית תעשיות ממתקים בע""\",IL,"שוקולד אגו 70% לל""ס",גרמים,100.00,100 גרם,false,,8.50,0.0850,true,1,217117
7290018333020,false,"שלוקים-משקה קל בטעם ענבים קש 40 יח' 200 מ""ל",כרמית,IL,שלוקים בטעם ענבים עם,ליטרים,8.00,ליטר,false,,32.90,4.1125,true,1,215642
7290018333945,false,חטיף אגוזים רפאלס שקד ווניל בדצ 150 גר *12יח,כרמית תעשיות ממתקים,IL,חטיף אגוזים רפאלס שק,גרמים,150.00,100 גרם,false,,14.90,0.0993,true,1,218559
7290018333952,false,חטיף אגוזים רפאלס וחמוציות בדצ 150 גר *12יח,כרמית תעשיות ממתקים,IL,חטיף אגוזים וחמוציות,גרמים,150.00,100 גרם,false,,14.90,0.0993,true,1,218560
7290018333969,false,חטיף גרנולה רפאלס שקדים וטחינה בדצ 150 גר *12יח,כרמית תעשיות ממתקים,IL,חטיף גרנולה שקדים וט,גרמים,150.00,100 גרם,false,,14.90,0.0993,true,1,218561
7290018333976,false,חטיף גרנולה רפאלס קשיו וקוקוס בדצ 150 גר *12יח,כרמית תעשיות ממתקים,IL,חטיף גרנולה קשיו וקו,גרמים,150.00,100 גרם,false,,14.90,0.0993,true,1,218562
7290018338100,false,טחינה אורגנית משומשו,תבואות,,טחינה אורגנית משומשו,גרמים,500.00,100 גרם,false,,15.90,0.0318,true,1,216406
7290018338117,false,טחינה מלאה אורגנית 500 גרם,תבואות,,טחינה אורגנית משומשו,גרמים,500.00,100 גרם,false,,15.90,0.0318,true,1,216407
7290018338568,false,ספגטי מקמח כוסמין לב,פוד סרויס,IT,ספגטי מקמח כוסמין לב,גרמים,500.00,100 גרם,false,,14.90,0.0298,true,1,261958
7290018343371,false,"אלכו ג'ל 500 מ""ל דר'",,,"אלכו ג'ל 500 מ""ל דר'",מיליליטרים,500.00,"100 מ""ל",false,,19.90,0.0398,true,1,211969
7290018359334,false,רכז עגבניות טבעי פריכוז שף יכין 580 גרם,זנלכל,IL,פריכוז שף רסק עגבניו,גרמים,580.00,100 גרם,false,,10.90,0.0188,true,1,215272
7290018359358,false,שלישיית פריכוז רוטב עגבניות יכין,זנלכל,IL,פריכוז יכין שלישייה,גרמים,600.00,100 גרם,false,,10.90,0.0182,true,1,217358
7290018359495,false,תירס מהשדה בלי תוספת סוכר יכין 550 גרם,היינץ צפון אמריקה מק,IL,תירס מהשדה ללא תוספת,גרמים,335.00,100 גרם,false,,8.90,0.0266,true,1,214688
7290018359518,false,תירס מהשדה בלי תוספת סוכר יכין מארז 200X3 גר',"זנלכל בע""\מ",IL,שלישיית תירס מהשדה ל,גרמים,600.00,100 גרם,false,,13.90,0.0232,true,1,215687
7290018359556,false,תירס מהשדה בלי תוספת סוכר יכין 400 גרם,היינץ צפון אמריקה מק,IL,תירס מהשדה ללא סוכר,גרמים,400.00,100 גרם,false,,6.90,0.0173,true,1,215799
7290018359570,false,שעועית צ'ילי הקטניה הטובה יכין 3*200 גרם,זנלכל,,שעועית צ'ילי מארז של,גרמים,600.00,100 גרם,false,,12.90,0.0215,true,1,216658
7290018359587,false,חומוס הקטניה הטובה יכין מארז 3*200 גר,זנלכל,IL,חומוס מארז שלישייה ה,גרמים,600.00,100 גרם,false,,12.90,0.0215,true,1,216659
7290018359655,false,מארז פטריות חתוכות יכין 200X3 גרם,יכין,,פטריות חתוכות שלישיי,גרמים,345.00,100 גרם,false,,10.90,0.0316,true,1,264496
7290018359662,false,קוביות סלק יכין מארז 3*200 גרם,זנלכל,IL,קוביות סלק יכין שליש,גרמים,600.00,100 גרם,false,,13.90,0.0232,true,1,217359
7290018359679,false,הקיסרית-שעועית לימה יכין 550 גרם,קריות זול,IL,שעועית לימה ענקית במ,גרמים,305.00,100 גרם,false,,8.90,0.0292,true,1,262325
7290018359686,false,יכין חומוס גדול 550 גר A2,היינץ צפון אמריקה מק,IL,חומוס ענק יכין,גרמים,290.00,100 גרם,false,,8.50,0.0293,true,1,219628
7290018359716,false,רוטב עגבניות פיצה טוסקנה 240 גרם יכין,"זנלכל בע""\מ",IL,רוטב פיצה טוקסנה 240,גרמים,240.00,100 גרם,false,,4.90,0.0204,true,1,217416
7290018359853,false,עדשים שחורות יכין 400 גרם,"זנלכל בע""מ",IL,עדשים שחורות יכין,גרמים,265.00,100 גרם,false,,6.90,0.0260,true,1,219629
7290018359860,false,רסק עגבניות ליקופן טבעי יכין 200 גר*2,זנלכל,IL,רסק עגבניות ליקופן 1,גרמים,400.00,100 גרם,false,,14.90,0.0373,true,1,262259
7290018359938,false,"רוטב עגבניות לשקשוקה יכין, 400 גרם",זנלכל,IL,רוטב עגבניות לשקשוקה,גרמים,400.00,100 גרם,false,,11.90,0.0298,true,1,264442
7290018359945,false,רוטב עגבניות פיקנטי מפלפלים וירקות יכין 400 גרם,זנלכל,IL,חאריפה רוטב פיקנטי מ,גרמים,400.00,100 גרם,false,,11.90,0.0298,true,1,264398
7290018359952,false,רוטב עגבניות לפסטה יכין 400 גרם,זנלכל,IL,רוטב עגבניות לפסטה י,גרמים,400.00,100 גרם,false,,11.90,0.0298,true,1,264399
7290018359969,false,רוטב עגבניות לפיצה יכין 400 גרם,זנלכל,IL,רוטב עגבניות לפיצה י,גרמים,400.00,100 גרם,false,,11.90,0.0298,true,1,264400
7290018371206,false,מחית (סקוויז) תפוח עץ ושזיף אורגניים 100 גרם,השדה מוצרים טבעיים ו,ES,מחית תפוח עץ ושזיף א,גרמים,100.00,100 גרם,false,,4.40,0.0440,true,1,215519
7290018371213,false,מחית (סקוויז) תפוח עץ ואפרסק אורגניים 100 גרם,השדה מוצרים טבעיים ו,ES,מחית תפוחי עץ ואפרסק,גרמים,100.00,100 גרם,false,,4.40,0.0440,true,1,215520
7290018371275,false,מיני פריכיות כוסמת 80 גרם,"פרח תעשיות מזון בע""\מ",IL,מיני פריכיות כוסמת 8,גרמים,80.00,100 גרם,false,,10.90,0.1363,true,1,216933
7290018394021,false,ח.תקוע פטריות מלך היער,חוות פטריות תקוע,CN,פטריות מלך היער,יחידה,0.00,יחידה,false,,13.90,0.0000,true,1,218251
7290018394069,false,ביציי שליו חוות תקוע,,,ביצי שליו 12 יח',יחידה,0.00,יחידה,false,,16.90,0.0000,true,1,217625
7290018394076,false,שום שחור תקוע 60 גרם,,,שום פנינה שחור 60 גר,גרמים,60.00,100 גרם,false,,13.90,0.2317,true,1,262467
7290018394113,false,דואט פטריות שי-מג'י חוות תקוע,שנגחאי פינק פוד קומפני,CN,דואט פטריות שי-מג'י,גרמים,300.00,100 גרם,false,,21.50,0.0717,true,1,264443
7290018394144,false,בצלצלי איזי שאלוט חוות תקוע,גורמה,NL,איזי שאלוט,גרמים,350.00,100 גרם,false,,9.50,0.0271,true,1,263974
7290018394151,false,מיקס פטריות אקזוטי חוות תקוע,"פנטה אמפאק בע""מ",IL,מיקס פטריות אקזוטי,גרמים,400.00,100 גרם,false,,24.90,0.0622,true,1,263975
7290018394274,false,פטריות שיטאקי+פטריות,חוות תקוע,IL,פטריות שיטאקי+פטריות,גרמים,130.00,100 גרם,false,,10.90,0.0838,true,1,266396
7290018400470,false,כרישה חתוכה מוקפאת 600 גרם סנפרוסט,"סנפרוסט בע""מ",IL,כרשה חתוכה קפואה סנפ,גרמים,600.00,100 גרם,false,,16.90,0.0282,true,1,266583
7290018400807,false,טברנה יוונית סנפרוסט 800 גרם,"סנפרוסט בע""מ",IL,לקט טברנה יוונית סנפ,גרמים,800.00,100 גרם,false,,21.00,0.0263,true,1,215261
7290018440193,false,פליפז בייגלה בציפוי קרם בטעם חמאת בוטנים מקוויטיס 140 גרם,אולקר מקבוצת פלאדיס,TR,פליפז בייגלה בציפוי,גרמים,140.00,100 גרם,false,,8.90,0.0636,true,1,216818
7290018440209,false,פליפז בייגלה בציפוי פאדג' לבן מקוויטיס 140 גרם,אולקר מקבוצת פלאדיס,TR,פליפז בייגלה בציפוי,גרמים,140.00,100 גרם,false,,8.90,0.0636,true,1,216819
7290018440230,false,תה צ'אי ורדים 25 שקיקים ויסוצקי,תה ויסוצקי,IL,צ'אי ורדים,גרמים,50.00,100 גרם,false,,19.90,0.3980,true,1,261034
7290018440384,false,תה ירוק מאטה לימון נענע ויסוצקי 25 יחידות,תה ויסוצקי,IL,תה ירוק מאטה לימון נ,גרמים,37.50,100 גרם,false,,24.90,0.6640,false,1,261016
7290018440476,false,פליפז בייגלה מצופה בקרם עוגת גבינה ותותים מקוויטיס 140 גרם,אולקר מקבוצת פלאדיס,TR,בייגלה מצופה בקרם עו,גרמים,140.00,100 גרם,false,,8.90,0.0636,true,1,260838
7290018440483,false,פליפז בייגלה מצופה בקרמל מלוח ושוקולד מקוויטיס 140 גרם,אולקר מקבוצת פלאדיס,TR,בייגלה מצופה בקרמל מ,גרמים,140.00,100 גרם,false,,8.90,0.0636,true,1,260839
7290018440513,false,סלט קליפורנייה קאלוו עם טונה 150 גר,"קאלוו קונסרבס ס.ל.יו. ,",ES,סלט קליפורניה עם טונ,גרמים,150.00,100 גרם,false,,13.90,0.0927,true,1,264484
7290018468326,false,נקניקיה טבעונית בסגנון אמריקאי טירת צבי 400 גרם,טיב טירת צבי 2000,IL,נקניקיה צמחונית בסגנ,גרמים,400.00,100 גרם,false,,32.90,0.0822,true,1,263972
7290018468401,false,פסטרמה צמחונית בטעם גריל 100 גר טירת צבי,טיב טירת צבי 2000,IL,פסטרמה צמחונית בטעם,גרמים,120.00,100 גרם,false,,14.90,0.1242,true,1,265914
7290018468418,false,פסטרמה צמחונית טעם מפולפל 120 גרם טירת צבי,טיב טירת צבי 2000,IL,פסטרמה צמחונית בטעם,גרמים,120.00,100 גרם,false,,14.90,0.1242,true,1,265917
7290018468425,false,נקניק טבעוני בטעם פיקנטי 100 גרם טירת צבי,טיב טירת צבי 2000,IL,נקניק טבעוני בטעם פי,גרמים,100.00,100 גרם,false,,14.90,0.1490,true,1,265915
7290018468432,false,נקניק טבעוני בטעם מעושן 100 גרם טירת צבי,טיב טירת צבי 2000,IL,נקניק טבעוני בטעם מע,גרמים,100.00,100 גרם,false,,14.90,0.1490,true,1,265916
7290018471029,false,"סודה בטעם לימון - מארז 6 בקבוקים 500 מ""ל",יפאורה תבורי בעמ,IL,שישייה סודה שוופס לי,ליטרים,3.00,ליטר,false,,14.90,4.9667,true,1,215132
7290018471135,false,"ספרינג שייק בננה תמר תפוז זכוכית 330 מ""ל","יפאורה תבורי בע""\מ",IL,ספרינג שייק בננה תמר,מיליליטרים,330.00,"100 מ""ל",false,,6.50,0.0197,true,1,219222
7290018471142,false,"ספרינג שייק בננה אננס קוקוס פירות יער זכוכית 330 מ""ל","יפאורה תבורי בע""\מ",IL,ספרינג שייק בננה אננ,מיליליטרים,330.00,"100 מ""ל",false,,6.50,0.0197,true,1,219224
7290018471180,false,משקה פרוט& ווג' אננס תפוח גזר 1 ליטר,פרוט אנד וג' Fruit & Veg,IL,פרוט & ווג' אננס תפו,ליטרים,1.00,ליטר,false,,11.90,11.9000,true,1,217788
7290018471197,false,פרוט & ווג' תפוח בננה מלון נענע 1 ליטר,פרוט אנד וג' Fruit & Veg,IL,פרוט & ווג' תפוח בננ,ליטרים,1.00,ליטר,false,,11.90,11.9000,true,1,217789
7290018471302,false,"מארז רביעייה שוויפס טוניק 250מ""ל",יפאורה תבורי בעמ,IL,"שוופס טוניק 250 מ""ל",ליטרים,1.00,ליטר,false,,21.00,21.0000,true,1,216315
7290018471319,false,"מארז רביעייה שוויפס ביטר למון 250מ""ל",יפאורה תבורי בעמ,IL,שוופס ביטר למון 250,ליטרים,1.00,ליטר,false,,21.00,21.0000,true,1,216313
7290018471395,false,משקה פרוט& ווג' תפוח רימון ג'ינג'ר 1 ליטר,פרוט אנד וג' Fruit & Veg,IL,פרוט & ווג' תפוח רימ,ליטרים,1.00,ליטר,false,,11.90,11.9000,true,1,217787
7290018471401,false,משקה פרוט& ווג' אננס בננה כורכום 1 ליטר,פרוט אנד וג' Fruit & Veg,IL,פרוט & ווג' אננס בננ,ליטרים,1.00,ליטר,false,,11.90,11.9000,true,1,217790
7290018471449,false,קרטונית ספרינג שייק בננה תמר תפוז 1 ליטר,"יפאורה תבורי בע""\מ",IL,ספרינג שייק בננה תמר,ליטרים,1.00,ליטר,false,,9.90,9.9000,true,1,219215
7290018471470,false,תפוזינה נקטר תפוז פסיפלורה קרטונית 1 ליטר,"יפאורה תבורי בע""\מ",IL,תפוזינה נקטר תפוז פס,ליטרים,1.00,ליטר,false,,6.90,6.9000,false,1,218110
7290018471487,false,תפוזינה נקטר תפוז אננס קרטונית 1 ליטר,"יפאורה תבורי בע""\מ",IL,תפוזינה נקטר תפוז אנ,ליטרים,1.00,ליטר,false,,6.90,6.9000,false,1,218111
7290018471494,false,תפוזינה משקה תפוז גזר קרטונית 1 ליטר,"יפאורה תבורי בע""\מ",IL,תפוזינה משקה תפוז גז,ליטרים,1.00,ליטר,false,,6.90,6.9000,false,1,218112
7290018471548,false,"רביעיית ספרינג ענבים 250 מ""ל","יפאורה תבורי בע""\מ",IL,"ספרינג ענבים 250 מ""ל",ליטרים,1.00,ליטר,false,,12.90,12.9000,false,1,217439
7290018471616,false,שוופס אינדיאן טוניק 1 ליטר,"יפאורה תבורי בע""\מ",IL,שוופס טוניק קלאסי 1,ליטרים,1.00,ליטר,false,,9.00,9.0000,false,1,218581
7290018471623,false,שוופס טוניק אשכוליות ליצ'י 1 ליטר,"יפאורה תבורי בע""\מ",IL,שוופס טוניק אשכוליות,ליטרים,1.00,ליטר,false,,9.00,9.0000,false,1,218583
7290018471630,false,שוופס טוניק מלפפון ליים 1 ליטר,"יפאורה תבורי בע""\מ",IL,שוופס טוניק מלפפון ל,ליטרים,1.00,ליטר,false,,9.00,9.0000,false,1,218582
7290018471692,false,ספרינג שייק בננה אננס קוקוס פירות יער קרטונית 1 ליטר,"יפאורה תבורי בע""\מ",IL,ספרינג שייק בננה אגס,ליטרים,1.00,ליטר,false,,9.90,9.9000,true,1,219217
7290018471906,false,שוופס מוגז פירות לימונדה ורודה 1.5 ליטר פיקדון,"יפאורה תבורי בע""\מ",IL,שוופס מוגז פירות לימ,ליטרים,1.50,ליטר,false,,8.90,5.9333,false,1,261371
7290018471913,false,משקה מוגז פירות תפוחים שוופס 1.5 ליטר,"יפאורה תבורי בע""\מ",IL,שוופס מוגז פירות תפו,ליטרים,1.50,ליטר,false,,8.90,5.9333,false,1,261372
7290018471920,false,שוופס מוגז פירות ענבים 1.5 ליטר פיקדון,"יפאורה תבורי בע""\מ",IL,שוופס מוגז פירות ענב,ליטרים,1.50,ליטר,false,,8.90,5.9333,false,1,261373
7290018471937,false,שוופס מוגז פירות תות ליים 1.5 ליטר פיקדון,"יפאורה תבורי בע""\מ",IL,שוופס מוגז פירות תות,ליטרים,1.50,ליטר,false,,8.90,5.9333,false,1,261374
7290018471944,false,שוופס מוגז פירות לימונייד 1.5 ליטר פיקדון,"יפאורה תבורי בע""\מ",IL,שוופס מוגז פירות לימ,ליטרים,1.50,ליטר,false,,8.90,5.9333,false,1,261375
7290018471951,false,שוופס מוגז פירות אשכולית אדומה 1.5 ליטר פיקדון,"יפאורה תבורי בע""\מ",IL,שוופס מוגז פירות אשכ,ליטרים,1.50,ליטר,false,,8.90,5.9333,false,1,261376
7290018493045,false,"קרם ידיים מועשר בשמן קוקוס ד""ר פישר 100 מ""ל",פישר מעבדות פרמצבטיות,IL,קרם ידיים מועשר בשמן,מיליליטרים,100.00,"100 מ""ל",false,,15.90,0.1590,true,1,216556
7290018493052,false,"ד""ר פישר - אפקטיב קר קרם ידיים מועשר בשמן אבוקדו 100 מ""ל",פישר מעבדות פרמצבטיות,IL,קרם ידיים מועשר בשמן,מיליליטרים,100.00,"100 מ""ל",false,,15.90,0.1590,true,1,216557
7290018493069,false,"אפקטיב קר קרם ידייםמועשר בשמן כותנה ד""ר פישר 100 מ""ל",פישר מעבדות פרמצבטיות,IL,קרם ידיים מועשר בשמן,מיליליטרים,100.00,"100 מ""ל",false,,15.90,0.1590,true,1,216558
7290018493076,false,"אפקטיב קר קרם ידייםמועשר בשמן ארגן ד""ר פישר 100 מ""ל",פישר מעבדות פרמצבטיות,IL,קרם ידיים מועשר בשמן,מיליליטרים,100.00,"100 מ""ל",false,,15.90,0.1590,true,1,216559
7290018493144,false,קמיל קלין &נוריש אל סבון מועשר בשמן ארגן 1 ליטר,פישר מעבדות פרמצבטיות,IL,קמיל אל סבון מועשר ב,ליטרים,1.00,ליטר,false,,15.90,15.9000,true,1,216444
7290018493359,false,ד.פישר אפקטיב קר קרם גוף מועשר בשמן המפ,פישר מעבדות פרמצבטיות בע,IL,קרם גוף מועשר בשמן ה,מיליליטרים,450.00,"100 מ""ל",false,,23.90,0.0531,true,1,216721
7290018493403,false,"ד""ר פישר - קידס קצף אמבט ויטמינים 750 מ""ל","ד""ר פישר",IL,קידס קצף אמבט ויטמינ,מיליליטרים,750.00,"100 מ""ל",false,,15.90,0.0212,true,1,218810
7290018493700,false,"סבון ידיים ויטמינים לילדים כחול 500 מ""ל ד""ר פישר",מדי פישר,IL,קידס אל סבון ויטמיני,מיליליטרים,500.00,"100 מ""ל",false,,12.90,0.0258,true,1,260539
7290018493717,false,"סבון ידיים ויטמינים לילדים ורוד מסטיק 500 מ""ל ד""ר פישק",פישר תעשיות פרמצבטיות בע,IL,קידס אל סבון ויטמיני,מיליליטרים,500.00,"100 מ""ל",false,,12.90,0.0258,true,1,261767
7290018493724,false,"סבון ידיים ויטמינים לילדים ירוק מילון 500 מ""ל ד""ר פישר",מדי פישר,IL,קידס אל סבון ויטמיני,מיליליטרים,500.00,"100 מ""ל",false,,12.90,0.0258,true,1,261768
7290018500231,false,לחם פרוס וויקאנד אנג'ל 750 גרם,מאפיית אנג'ל,IL,לחם וויקאנד אנג'ל,גרמים,750.00,100 גרם,false,,14.90,0.0199,true,1,264034
7290018500316,false,ארטיזנל לחם כוסמין לבן אנג'ל 750 גרם,מאפיית שלמה א. אנג'ל,IL,לחם ארטיזנל כוסמין ל,גרמים,500.00,100 גרם,false,,14.90,0.0298,true,1,266344
7290018500361,false,"לחם שחור פרוס 900 גרם ""אנג'ל"" -מוצר בפיקוח",מאפיית שלמה א. אנג'\ל בע,IL,לחם אחיד פרוס אנג'ל,גרמים,900.00,100 גרם,false,,8.53,0.0095,false,1,264535
7290018516065,false,פרמיו דליקט טונה וסלמון לחתול,פרמיו Premio,CN,פרמיו דליקט טונה וסל,גרמים,56.00,100 גרם,false,,10.00,0.1786,true,1,264612
7290018516324,false,פאוץ' פרינוק תפוח עץ עם שיבולת שועל 120 גרם,פרוטה פודווין איי.אס,CZ,מחית תפוח ושיבולת שו,גרמים,120.00,100 גרם,false,,5.90,0.0492,true,1,219775
7290018516355,false,מחיט תפוח עץ ושבולות שועל 190 ג' פרינוק גוניור,פרוטה פודווין איי.אס,CZ,"ג'וניור תפו""ע ושבולת",גרמים,190.00,100 גרם,false,,6.50,0.0342,true,1,262335
7290018516379,false,מחיט סלט פירות ושבולות שועל 190 ג' פרינוק גוניור,פרוטה פודווין איי.אס,CZ,ג'וניור סלט פירות וש,גרמים,190.00,100 גרם,false,,6.50,0.0342,true,1,262337
7290018516447,false,ארוחת מקרוני+רוטב גב206,,US,גוסטו מקרוני עם גבינ,גרמים,206.00,100 גרם,false,,12.90,0.0626,true,1,265936
7290018516607,false,הורייזן מחית בשר טונה 90 גרם,סאטורן,DE,מחית בשר טונה הורייז,גרמים,90.00,100 גרם,false,,10.00,0.1111,true,1,265397
7290018516768,false,פרמיו פטה עוף לחתלתו,,,פרמיו עוף לחתלתול במ,גרמים,400.00,100 גרם,false,,5.90,0.0148,true,1,265402
7290018516799,false,פטה עוף וכבד לחתול בוגר פרמיו 400 ג,,,פרמיו פטה עוף וכבד ל,גרמים,400.00,100 גרם,false,,5.90,0.0148,true,1,265403
7290018516805,false,פרמיו פטה עוף לחתול,,,פרמיו פטה עוף לחתול,גרמים,400.00,100 גרם,false,,5.90,0.0148,true,1,265404
7290018516836,false,פרמיו סטרילייז סלמון,,,פרמיו סטרילייז סלמון,גרמים,400.00,100 גרם,false,,5.90,0.0148,true,1,265405
7290018516959,false,"פרמיו סופרים מועשר בעוף לכלב מגזע ננסי 3ק""ג",פרמיו Premio,,פרמיו סופרים עופות ל,קילוגרמים,3.00,"ק""ג",false,,49.90,16.6333,true,1,265369
7290018517024,false,"בסיס לפיצה בנוסח איטלקי 30 ס""מ 4 יח'",,,בסיס לפיצה בנוסח איט,גרמים,440.00,100 גרם,false,,10.90,0.0248,true,1,216502
7290018517031,false,"טורטיות בתוספת קמח כוסמין 20 ס""מ 8 יח",,,טורטיות בתוספת קמח כ,גרמים,360.00,100 גרם,false,,10.90,0.0303,true,1,218457
7290018517086,false,מעדן פרי דובדבן ללא,,,מעדן פרי דובדבן ללא,גרמים,280.00,100 גרם,false,,11.50,0.0411,true,1,262737
7290018517109,false,מעדן פרי אפרסק ללא ת,,,מעדן פרי אפרסק ללא ת,גרמים,280.00,100 גרם,false,,11.50,0.0411,true,1,262739
7290018517116,false,מעדן פרי אוכמניות לל,,,מעדן פרי אוכמניות לל,גרמים,280.00,100 גרם,false,,11.50,0.0411,true,1,262740
7290018517147,false,פופקורן למיקרוגל בטעם טבעי 300 ג',RAMSEY,BG,פופקורן למיקרו טבעי,גרמים,300.00,100 גרם,false,,8.90,0.0297,true,1,218773
7290018517154,false,פופקורן למיקרוגל חמא,RAMSEY,,פופקורן למיקרו חמאה,גרמים,300.00,100 גרם,false,,8.90,0.0297,true,1,219650
7290018517161,false,פופקורן למיקרוגל ליי,RAMSEY,,פופקורן למיקרו מופחת,גרמים,255.00,100 גרם,false,,8.90,0.0349,true,1,218772
7290018540329,false,שקית פיתה פיתה בלדי 800 ג' אנג'ל,מאפיית שלמה א. אנג'\ל בע,IL,פיתות אנג'ל 8 יח',גרמים,880.00,100 גרם,false,,11.50,0.0131,true,1,216946
7290018540817,false,ארטיזנל לחם מחמצת כוסמין אנג'ל 500 גרם,מאפיית אורנים,IL,ארטיזנל לחם מחמצת כו,גרמים,500.00,100 גרם,false,,14.90,0.0298,true,1,261578
7290018540824,false,ארטיזנל לחם מחמצת כפרי אנג'ל 500 גרם,מאפיית אורנים,IL,ארטיזנל לחם מחמצת כפ,גרמים,500.00,100 גרם,false,,14.90,0.0298,true,1,261579
7290018540831,false,ארטיזנל לחם מחמצת חיטה מלאה ודגנים אנג'ל 500 גרם,מאפיית אורנים,IL,ארטיזנל לחם מחמצת חי,גרמים,500.00,100 גרם,false,,14.90,0.0298,true,1,261580
7290018652039,false,לה קרמריה קרמל מלוח ונוגט בדצ 6*1.4 ליטר,גלידות נסטלה )נגה גלידות,IL,לה קרמריה קרמל מלוח,ליטרים,1.40,ליטר,false,,22.90,16.3571,true,1,216891
7290018652213,false,מאגדת חטיפי גלידה קראנץ בר 41X6 גרם,פרונרי איטליה,IT,נסטלה מאגדת קראנץ בר,גרמים,246.00,100 גרם,false,,22.90,0.0931,true,1,262596
7290018652657,false,פרוייקט סער-מאגת לייט מנגו נסטלה 6*52 גרם,גלידות נסטלה,IL,מאגדת לייט מנגו שישי,גרמים,312.00,100 גרם,false,,27.90,0.0894,true,1,262597
7290018652886,false,שלגונים בשומן צמחי בטעמי שוקו ובננה מצופים צימקאו,גלידות נסטלה,IL,מאגדת שלגונים מצופים,גרמים,476.00,100 גרם,false,,26.90,0.0565,true,1,265222
7290018652909,false,מאגדת מאגנום קפה שוקולד ופקאן 5 *43 ג' נסטלה,גלידות נסטלה,IL,מאגדת אספרסו שוקולד,גרמים,225.00,100 גרם,false,,27.90,0.1240,true,1,262598
7290018652923,false,פרוייקט סער-תות עוגת גבינה נסטלה 5*43 גרם,גלידות נסטלה,IL,מאגדת תות עוגת גבינה,גרמים,225.00,100 גרם,false,,27.90,0.1240,true,1,262599
7290018654385,false,מארז וופל בלגי 10יח,,,וופל בלגי עשירייה,גרמים,400.00,100 גרם,false,,24.90,0.0622,true,1,216334
7290018677056,false,קוואקר דק אורגני 500 גרם,,DK,קוואקר אורגני דק נוט,גרמים,500.00,100 גרם,false,,10.90,0.0218,true,1,218736
7290018677063,false,קוואקר אורגני עבה- 500 גרם,,DK,קוואקר אורגני עבה נו,גרמים,500.00,100 גרם,false,,10.90,0.0218,true,1,218737
7290018677070,false,"קרם קוקוס אורגני 330 מ""ל",בראנץ'\ אוף בן טרה אימפו,VN,קרם קוקוס אורגני נוט,מיליליטרים,330.00,"100 מ""ל",false,,11.50,0.0348,true,1,218738
7290018677155,false,"תערובת קמחים רב תכליתי לל""ג 500 גרם",נוטרה זון,IT,תערובת קמחים רב תכלי,גרמים,500.00,100 גרם,false,,22.90,0.0458,true,1,219149
7290018677209,false,סירופ מייפל אורגני 250 מל,,,סירופ מייפל אורגני נ,מיליליטרים,250.00,"100 מ""ל",false,,23.90,0.0956,true,1,262806
7290018684238,false,קמח אורז 500 גר',,,קמח אורז 500 גר',גרמים,500.00,100 גרם,false,,12.00,0.0240,true,1,263994
7290018703083,false,פראוד חטיף חלבון דאבל שוקולד 60 גרם קראנץ,פראוד PROUD,NL,פראוד חטיף חלבון דאב,גרמים,60.00,100 גרם,false,,11.90,0.1983,true,1,264225
7290018703229,false,חטיף חלבון שוקולד אגוזים פראוד 60 גרם,פראוד,NL,פראוד - חטיף חלבון ט,גרמים,60.00,100 גרם,false,,11.90,0.1983,true,1,263923
7290018703311,false,פראוד - חטיף חלבון קרם עוגיות קראנצ' 60ג,v.s.i,NL,חטיף חלבון בטעם קרם,גרמים,60.00,100 גרם,false,,11.90,0.1983,true,1,264217
7290018703496,false,פראוד - חטיף חלבון בטעם בננה טופי 60 גרם,פראוד PROUD,NL,פראוד חטיף חלבון בננ,גרמים,60.00,100 גרם,false,,11.90,0.1983,true,1,264226
7290018715055,false,יין רוזה ברבדו,,,יין רוזה ברבדו,מיליליטרים,750.00,"100 מ""ל",false,,85.00,0.1133,true,1,262140
7290018715086,false,"יין קופאז ברבדו בלנד אדום יבש 750 מ""ל",,,יין ברבדו קופאז',מיליליטרים,750.00,"100 מ""ל",false,,105.00,0.1400,true,1,264950
7290018715116,false,יין שיראז בראבדו,,,יין שיראז בראבדו,מיליליטרים,750.00,"100 מ""ל",false,,100.00,0.1333,true,1,264749
7290018715154,false,יין קברנה סוביניון ב,,,יין קברנה סוביניון ב,מיליליטרים,750.00,"100 מ""ל",false,,100.00,0.1333,true,1,265539
7290018715161,false,יין ברבדו מרלו 2020,,,יין ברבדו מרלו 2020,מיליליטרים,750.00,"100 מ""ל",false,,105.00,0.1400,true,1,266268
7290018724071,false,קקאו אורגני נטורלה 100 גרם,לוקס פרודקטס,IL,קקאו אורגני נטורלה,גרמים,100.00,100 גרם,false,,16.50,0.1650,true,1,219331
7290018724552,false,קמח שקדים ללא גלוטן 250 גרם,השקד אומנות ומסחר,IL,קמח שקדים ללא גלוטן,גרמים,250.00,100 גרם,false,,22.90,0.0916,true,1,260925
7290018724606,false,סודה לשתייה לא אלומיניום 350 גרם,,IL,סודה לשתיה ללא אלומי,גרמים,350.00,100 גרם,false,,12.90,0.0369,true,1,219092
7290018724682,false,גרנולה עשירה נטורלה ממתיק סוויטאנגו 300ג,,IL,גרנולה עשירה ממותק ס,גרמים,300.00,100 גרם,false,,24.90,0.0830,true,1,265265
7290018724804,false,"זרעי צ'יה ""נטורלה"" 230 גרם",,IL,זרעי צ'יה נטורלה,גרמים,230.00,100 גרם,false,,12.90,0.0561,true,1,215737
7290018770344,false,טחינה משומשום אתיופי,,,טחינה משומשום אתיופי,גרמים,500.00,100 גרם,false,,13.90,0.0278,true,1,265073
7290018770351,false,טחינה משומשום אתיופי,,,טחינה משומשום אתיופי,גרמים,500.00,100 גרם,false,,12.90,0.0258,true,1,265074
7290018792841,false,אבקת קקאו טבעי גאנה 150 גר,אברמוביץ עזר קקאו וש,IL,אבקת קקאו טבעי 150 ג,גרמים,150.00,100 גרם,false,,10.90,0.0727,true,1,264479
7290018795385,false,חסה לליק מהדרין קמעונאי,"מרינה פטריות הגליל בע""מ",IL,חסה לליק,יחידה,0.00,יחידה,false,,13.90,0.0000,true,1,262066
7290018795811,false,שורש סלרי מרינה,מרינה,,שורש סלרי מרינה,יחידה,0.00,יחידה,false,,6.90,0.0000,true,1,263457
7290018795842,false,שיני שום קלופות 500ג מרינה,מרינה,IL,שיני שום קלופות 500,גרמים,500.00,100 גרם,false,,18.90,0.0378,true,1,265014
7290018874004,false,"יין יראון יקב הרי הגליל 2019 750 מ""ל",יקבי רמת הגולן,IL,יין יראון 2019,מיליליטרים,750.00,"100 מ""ל",false,,109.90,0.1465,true,1,264360
7290018878170,false,אגו שוקולד מריר 60% מוצקי קקאו 2*100גר,"כרמית תעשיות ממתקים בע""\",IL,זוג שוקולד מריר אגו,גרמים,200.00,100 גרם,false,,9.90,0.0495,true,1,264524
7290018878224,false,עוגיות מיני קוקיס שוקולד בצנצנת כרמית 600 גרם,כרמית,IL,מיני קוקיס בטעם שוקו,גרמים,600.00,100 גרם,false,,15.90,0.0265,true,1,265781
7290018878231,false,"מיני קוקיס לל""ס בטעם שוקולד 600 גרם",כרמית,,"מיני קוקיס לל""ס בטעם",גרמים,600.00,100 גרם,false,,21.90,0.0365,true,1,265780
7290018879856,false,טופי שטוח  ענבים ופטל  50 יח  24 יח בדצ - חדש,דורקאן,TR,טופי שטוח ענבים ופטל,גרמים,400.00,100 גרם,false,,9.90,0.0248,true,1,262334
7290018889305,false,עוגה קריסטלית לב רד וולוט חלבי 225 ג' נטלי,נטלי,IL,קינוח לב אדום נטלי,יחידה,0.00,יחידה,false,,19.90,0.0000,true,1,264307
7290018889404,false,עוגת פס רד וולוט חלבי נטלי 550 גרם,נטלי,IL,פס עוגת רד וולווט נט,יחידה,0.00,יחידה,false,,43.90,0.0000,true,1,264308
7290018889473,false,עוגה קריסטלית לב מוס גבינה מצופה פררו רושה 170ג' נטלי,נטלי,IL,קינוח מוס גבינה נטלי,יחידה,0.00,יחידה,false,,19.90,0.0000,true,1,264309
7290018893005,false,"חטיפי בייגלה אפוי בטעם חרדל ודבש, 160 גרם",צ'וקטה Chocketa,RO,צ'וקטה בייגלה בטעם ח,גרמים,200.00,100 גרם,false,,6.90,0.0345,true,1,260810
7290018893036,false,צ'וקטה ביסקוויט בטעם שוקוטלד במילוי קרם בטעם וניל 176 גרם,צ'וקטה Chocketa,ES,צ'וקטה ביסקויט שוקול,גרמים,176.00,100 גרם,false,,6.90,0.0392,true,1,261793
7290018893074,false,עוגת שכבות מילוי קרם קקאו צ'וקטה 400 גרם,בלקוני ס.פ.א,IT,צ'וקטה עוגת שכבות שו,גרמים,400.00,100 גרם,false,,11.90,0.0298,true,1,261458
7290018893081,false,עוגות מגולגלות במילוי קרם חלבי וציפוי בטעם שוקולד,צ'וקטה Chocketa,IT,צ'וקטה עוגות אישיות,גרמים,222.00,100 גרם,false,,8.90,0.0401,true,1,261457
7290018893098,false,צ'וקטה עוגויות ביסקוויט מצופה שוקולד חלב 100 גרם,דיסטרופר אוליבייר,ES,צ'וקטה עוגיות מצופות,גרמים,100.00,100 גרם,false,,6.90,0.0690,true,1,262344
7290018893104,false,צ'וקטה עוגויות ביסקוויט מצופה שוקולד מריר 100 גרם,דיסטרופר אוליבייר,BE,צ'וקטה עוגיות מצופות,גרמים,100.00,100 גרם,false,,6.90,0.0690,true,1,262345
7290018893135,false,מקלות אפויים בתוספת מלח Salty,צ'וקטה Chocketa,US,צ'וקטה גריסיני מלח,גרמים,120.00,100 גרם,false,,7.90,0.0658,true,1,264675
7290018893142,false,צ'וקטה גריסיני בתוספת שמן זית 120 גרם,צ'וקטה Chocketa,US,צ'וקטה גריסיני שמן ז,גרמים,120.00,100 גרם,false,,7.90,0.0658,true,1,264676
7290018893258,false,צ'וקטה עוגות אישיות במילוי קרם קרמל ובציפוי בטעם שוקולד 300 גרם,פרדי קונדיטוריה אס.פ,IT,צ'וקטה עוגות אישיות,גרמים,300.00,100 גרם,false,,11.90,0.0397,true,1,219537
7290018893272,false,צוקטה בונבוניירה צדפות בלגי יוגטה 125 גרם,נאטראג'\אקאלי,BE,צ'וקטה צדפות שוקולד,גרמים,125.00,100 גרם,false,,12.90,0.1032,true,1,263336
7290018893333,false,צ'וקטה קרקרים במליחות מעודנת 500 גרם,סטרופוופל,PT,צ'וקטה קרקרים במליחו,גרמים,500.00,100 גרם,false,,12.90,0.0258,true,1,265737
7290018893340,false,מקלות אפויים בתוספת שומשום Salty,צ'וקטה Chocketa,US,צ'וקטה גריסיני שומשו,גרמים,120.00,100 גרם,false,,7.90,0.0658,true,1,264677
7290018893418,false,שוקולד מריר 60% מארז 6 יח' *100 ג' צ'וקטה,צ'וקטה Chocketa,ES,צ'וקטה שוקולד מריר 6,גרמים,600.00,100 גרם,false,,21.90,0.0365,true,1,261871
7290018893449,false,עלי וופל דקים במילוי קרמל צ'וקטה 175 גרם,ארלוי אס.אל.יו.,NL,צ'וקטה סטרופוופל במי,גרמים,175.00,100 גרם,false,,9.90,0.0566,true,1,261265
7290018893456,false,צ'וקטה עוגות אישיות במילוי קרם ובציפוי בטעם שוקולד 300 גרם,"פרדי קונדיטוריה אס,פי.אי",IT,צ'וקטה עוגות אישיות,גרמים,300.00,100 גרם,false,,11.90,0.0397,true,1,219536
7290018893494,false,עלי וופל דקים בטעם חמאה צ'וקטה 100 גרם,דיסטרופר אוליבייר,NL,צ'וקטה עלי וופל חמאה,גרמים,100.00,100 גרם,false,,9.90,0.0990,true,1,261684
7290018893500,false,צ'וקטה עוגיות סנדביץ שוקו 180 גרם חלב נכרי,צ'וקטה,ES,צ'וקטה עוגיות סנדווי,גרמים,180.00,100 גרם,false,,4.90,0.0272,true,1,262331
7290018893531,false,צ'וקטה קרקרים מלוחים 500 גרם,סטרופוופל,PT,צ'וקטה קרקרים מלוחים,גרמים,500.00,100 גרם,false,,12.90,0.0258,true,1,265738
7290018893616,false,שישיית שוקולד מריר 48% צ'וקטה 100 גרם,איברקקאו,ES,צ'וקטה מארז שוקולד מ,גרמים,600.00,100 גרם,false,,19.90,0.0332,true,1,261468
7290018893654,false,חטיפי בייגלה דקיקים ופריכים מלח צ'וקטה 200 ג',צ'וקטה Chocketa,RO,צ'וקטה בייגלה בתוספת,גרמים,200.00,100 גרם,false,,6.90,0.0345,true,1,260809
7290018893708,false,עוגיות סנדוויץ' במילוי קרם בטעם שוקולד,צ'וקטה Chocketa,ES,צ'וקטה עוגיות סנדווי,גרמים,250.00,100 גרם,false,,6.90,0.0276,true,1,262329
7290018893715,false,בייגלה שטוח מצופה שוקולד חלב נכרי 80 גרם צ'וקטה,שסטוביץ,RO,צ'וקטה בייגלה מצופה,גרמים,80.00,100 גרם,false,,6.90,0.0863,true,1,262114
7290018893746,false,צ'וקטה בייגלה עגבניות ועשבי תיבול 180 גרם,SC ALKA TRADING CO S,RO,צ'וקטה בייגלה עגבניו,גרמים,180.00,100 גרם,false,,6.90,0.0383,true,1,265063
7290018893753,false,צוקטה וופל חמאה בטעם לימון 100 גרם,שסטוביץ,BE,צ'וקטה וופל חמאה בטע,גרמים,100.00,100 גרם,false,,9.90,0.0990,true,1,265012
7290018893807,false,צ'וקטה - שוקולד מריר שלישייה 3 * 100 גרם,אייברקקאו אס אי. יו,ES,שוקולד צ'וקטה מריר 6,גרמים,300.00,100 גרם,false,,10.90,0.0363,true,1,261010
7290018893814,false,חמישיית שוקולד מריר 48% צ'וקטה 100 גרם,הדקלאים אגודת שיתופי,ES,שוקולד מריר 48% חמיש,גרמים,500.00,100 גרם,false,,15.90,0.0318,true,1,260819
7290018893845,false,פתי בר ביסקוויט בטעם חמאה 400 גרם צ'וקטה,צ'וקטה Chocketa,ES,צ'וקטה פתי בר,גרמים,400.00,100 גרם,false,,7.90,0.0198,true,1,261896
7290018893852,false,חטיפי בייגלה דקיקים ופריכים שומשום צ'וקטה 200 ג',צ'וקטה Chocketa,RO,צ'וקטה בייגלה בתוספת,גרמים,200.00,100 גרם,false,,6.90,0.0345,true,1,260808
7290018893876,false,עוגות אישיות רכות עם מילוי קרם בטעם וניל,פרדי קונדיטוריה אס.פ,IT,צ'וקטה עוגות אישיות,גרמים,200.00,100 גרם,false,,10.90,0.0545,true,1,219540
7290018893906,false,עוגיות סנדוויץ' במילוי קרם בטעם וניל,צ'וקטה Chocketa,ES,צ'וקטה עוגיות סנדויץ,גרמים,250.00,100 גרם,false,,6.90,0.0276,true,1,262330
7290018893913,false,צ'וקטה ממרח אגוזי לוז עם מקלות אפויים 52 גרם,נאטקו,IT,צוקטה מקלות גריסיני,גרמים,52.00,100 גרם,false,,6.50,0.1250,true,1,262561
7290018893920,false,לוקיטוס סוכריות ג'לי בטעמי פירות 700 גרם,צ'וקטה Chocketa,GR,לוקיטוס סוכריות ג'לי,גרמים,700.00,100 גרם,false,,18.90,0.0270,true,1,265735
7290018893937,false,לוקיטוס סוכריות ג'לי בטעמי פירות 300 גרם,לאבדס,GR,לוקיטוס סוכריות ג'לי,גרמים,300.00,100 גרם,false,,9.90,0.0330,true,1,265736
7290018893951,false,צ'וקטה עוגיות וופל חמאה קינמון 100 גרם,צ'וקטה,BE,צ'וקטה וופל חמאה בטע,גרמים,100.00,100 גרם,false,,9.90,0.0990,true,1,265299
7290018894019,false,עוגות אישיות במילוי קרם חלבי ובציפוי קרם קקאו,בלקוני Balconi,IT,בלקוני עוגות אישיות,גרמים,350.00,100 גרם,false,,13.90,0.0397,true,1,262557
7290018894040,false,צ'וקטה שוקולד שוקולד חלב 5*100 גרם,צ'וקטה,FR,צ'וקטה שוקולד חלב 1/,גרמים,500.00,100 גרם,false,,19.90,0.0398,true,1,265855
7290018894071,false,צ'וקטה מארז לחנוכה 225 גר,"המשקם בע""מ",IL,צ'וקטה מארז לחנוכה,גרמים,225.00,100 גרם,false,,15.90,0.0707,true,1,266390
7290018894200,false,בלקוני וופל קוביות ויל 250 גרם חלבי OU,בלקוני Balconi,IT,בלקוני וופל קוביות ו,גרמים,250.00,100 גרם,false,,10.90,0.0436,true,1,262558
7290018894217,false,עוגות אישיות במילוי קרם קקאו ובציפוי קרם קקאו,בלקוני Balconi,IT,בלקוני עוגות אישיות,גרמים,350.00,100 גרם,false,,13.90,0.0397,true,1,262555
7290018894248,false,צ'וקטה - שוקולד חלב שלישייה 3 * 100 גרם,צ'וקטה Chocketa,FR,צ'וקטה שוקולד חלב 1/,גרמים,300.00,100 גרם,false,,12.90,0.0430,true,1,265739
7290018894408,false,קוביות וופל במילוי קרם אגוזי לוז - חלבי,בלקוני Balconi,IT,בלקוני וופל קוביות א,גרמים,250.00,100 גרם,false,,10.90,0.0436,true,1,262787
7290018894446,false,צ'וקטה שוקולד חלב במילוי קרם בוטנים 126ג,נטרה אונטייטי,ES,צ'וקטה שוקולד חלב במ,גרמים,126.00,100 גרם,false,,9.90,0.0786,true,1,266545
7290018894606,false,בלקוני וופל קקאו 175 גרם חלבי OU,בלקוני Balconi,IT,בלקוני וופל קקאו,גרמים,175.00,100 גרם,false,,7.90,0.0451,true,1,262559
7290018894804,false,וופלים במילוי קרם אגוזי לוז - חלבי,בלקוני Balconi,IT,בלקוני וופל אגוזי לו,גרמים,175.00,100 גרם,false,,7.90,0.0451,true,1,262560
7290018921029,false,"ד""ר פישר - קמיל בלו מגבוני סנסיטיב 64 יח' * 4",פישר מעבדות פרמצבטיות בע,IL,רביעיית מגבוני קמיל,יחידה,0.00,יחידה,false,,21.90,0.0000,true,1,261543
7290018921166,false,קמיל אל סבון להזנת העור מועשר באצות-ים 1 ליטר,פישר מעבדות פרמצבטיות בע,IL,אל סבון מועשר בתמציו,ליטרים,1.00,ליטר,false,,15.90,15.9000,true,1,261913
7290018921609,false,"ד""ר פישר - קמיל בלו קרם החתלה קלנדולה 120 גרם",פישר מעבדות פרמצבטיות בע,IL,קמיל בלו קרם החתלה ק,גרמים,120.00,100 גרם,false,,21.90,0.1825,true,1,265183
7290018921616,false,רביעיית מגבוני קמיל בלו שיבולת שועל 64 יח',פישר תעשיות,IL,רביעיית מגבוני שיבול,יחידה,0.00,יחידה,false,,22.90,0.0000,true,1,261545
7290018921753,false,קמיל אל סבון היגייני לניקוי יסודי מועשר בלחות 1 ליטר,פישר תעשיות,IL,אל סבון מועשר בתמציו,ליטרים,1.00,ליטר,false,,15.90,15.9000,true,1,261914
7290018921807,false,"קמיל בלו משחת החתלה צמחי מרפא 120 ג' ד""ר פישר",פישר מעבדות פרמצבטיות בע,IL,קמיל בלו משחת החתלה,גרמים,120.00,100 גרם,false,,19.90,0.1658,true,1,265184
7290018925065,false,מיץ פרימור תפוזים סחוט 2 ליטר-,"גניר (1992) בע""מ",IL,מיץ תפוזים סחוט פרימ,ליטרים,2.00,ליטר,false,,26.90,13.4500,false,1,261700
7290018925072,false,משקה קל לימונים ונענע 2 ל פרימור,"גניר (1992) בע""מ",IL,משקה קל לימונים ונענ,ליטרים,2.00,ליטר,false,,27.90,13.9500,false,1,261701
7290018925089,false,"מיץ פרימור תפו""ע צלול סחוט 2 ליטר-","גניר (1992) בע""מ",IL,מיץ תפוחים צלול 100%,ליטרים,2.00,ליטר,false,,26.90,13.4500,false,1,261702
7290018925409,false,"מיץ לימון ואננס 400 מ""ל פרימור",קריות זול,IL,מיץ לימון ואננס 400,מיליליטרים,400.00,"100 מ""ל",false,,8.70,0.0218,true,1,265071
7290018925416,false,"מיץ לימון ופסיפלורה 400 מ""ל פרימור",קריות זול,IL,פרימור מיץ לימון ופס,מיליליטרים,400.00,"100 מ""ל",false,,8.70,0.0218,true,1,265072
7290018949009,false,גרופר משקה קל מוגז אורגני תפוזזה 330 מ,מיקס קווידזון,IL,גרופר משקה קל מוגז א,מיליליטרים,330.00,"100 מ""ל",false,,7.90,0.0239,true,1,261461
7290018949016,false,"גרופר משקה קל מוגז אורגני תפוחחה 330 מ""",מיקס קווידזון,IL,גרופר משקה קל מוגז א,מיליליטרים,330.00,"100 מ""ל",false,,7.90,0.0239,true,1,261462
7290018949023,false,"גרופר משקה קל מוגז אורגני לימוננ 330 מ""ל",מיקס קווידזון,IL,גרופר משקה קל מוגז א,מיליליטרים,330.00,"100 מ""ל",false,,7.90,0.0239,true,1,261463
7290018989005,false,שלישיית פולפה עגבניות טבעי יכין 400X3 גרם,זנלכל,IL,פולפה טבעית שלישייה,גרמים,1200.00,100 גרם,false,,16.90,0.0141,true,1,262262
7290019015772,false,"בקבוק טריטן 750 מ""ל",,,בקבוק מים פלסטיק,יחידה,0.00,יחידה,false,,39.90,0.0000,true,1,265049
7290019035329,false,מיקס פירות תות קפוא 600 ג' פילד גוד,קונגלדוס אקיואטוריאנ,EC,מיקס פירות תות מלון,גרמים,600.00,100 גרם,false,,24.90,0.0415,true,1,264913
7290019056027,false,שוופס מוגז פירות תפוחים ללא סוכר 1.5 ליטר פיקדון,"יפאורה תבורי בע""\מ",IL,שוופס מוגז פירות תפו,ליטרים,1.50,ליטר,false,,8.90,5.9333,false,1,261377
7290019056034,false,שוופס מוגז פירות אננס ללא סוכר 1.5 ליטר פיקדון,"יפאורה תבורי בע""מ",IL,שוופס מוגז פירות אננ,ליטרים,1.50,ליטר,false,,8.90,5.9333,false,1,261378
7290019056041,false,שוופס מוגז פירות לימונייד ללא סוכר 1.5 ליטר פיקדון,"יפאורה תבורי בע""מ",IL,שוופס מוגז פירות לימ,ליטרים,1.50,ליטר,false,,8.90,5.9333,false,1,261379
7290019056058,false,שוופס מוגז עדין תפוח ליים 1.5 ליטר פיקדון,"יפאורה תבורי בע""\מ",IL,שוופס מוגז עדין תפוח,ליטרים,1.50,ליטר,false,,8.90,5.9333,false,1,261365
7290019056065,false,שוופס מוגז עדין פירות יער 1.5 ליטר פיקדון,"יפאורה תבורי בע""\מ",IL,שוופס מוגז עדין פירו,ליטרים,1.50,ליטר,false,,8.90,5.9333,false,1,261366
7290019056072,false,שוופס מוגז עדין אננס 1.5 ליטר פיקדון,"יפאורה תבורי בע""מ",IL,שוופס מוגז עדין אננס,ליטרים,1.50,ליטר,false,,8.90,5.9333,false,1,261367
7290019056089,false,שוופס מוגז עדין ענבי ריזלינג 1.5 ליטר פיקדון,"יפאורה תבורי בע""\מ",IL,שוופס מוגז עדין ענבי,ליטרים,1.50,ליטר,false,,8.90,5.9333,false,1,261368
7290019056096,false,שוופס מוגז עדין אפרסק 1.5 ליטר פיקדון,"יפאורה תבורי בע""\מ",IL,שוופס מוגז עדין אפרס,ליטרים,1.50,ליטר,false,,8.90,5.9333,false,1,261369
7290019056119,false,שוופס סודה 1.5 ליטר פיקדון,"יפאורה תבורי בע""\מ",IL,שוופס סודה 1.5 ל',ליטרים,1.50,ליטר,false,,3.90,2.6000,false,1,261355
7290019056164,false,שוופס סודה 1.5 ליטר רביעייה פיקדון,"יפאורה תבורי בע""\מ",IL,שוופס סודה 1.5 ל' רב,ליטרים,6.00,ליטר,false,,12.50,2.0833,false,1,261356
7290019056171,false,שוופס סודה לימון 1.5 ליטר רביעייה פיקדון,"יפאורה תבורי בע""\מ",IL,שוופס סודה לימון 1.5,ליטרים,6.00,ליטר,false,,12.50,2.0833,false,1,261357
7290019056188,false,שוופס סודה נענע ליים 1.5 ליטר רביעייה פיקדון,"יפאורה תבורי בע""\מ",IL,שוופס סודה נענע ליים,ליטרים,6.00,ליטר,false,,12.50,2.0833,false,1,261360
7290019056201,false,שוופס סודה פירות יער 1.5 ליטר רביעייה פיקדון,"יפאורה תבורי בע""\מ",IL,שוופס סודה פירות יער,ליטרים,6.00,ליטר,false,,12.50,2.0833,false,1,261364
7290019056232,false,משקה מוגז בטעם ליים מוחיטו 1.5 ל' שוופס,"יפאורה תבורי בע""\מ",IL,שוופס ליים מוחיטו 1.,ליטרים,1.50,ליטר,false,,8.90,5.9333,false,1,261370
7290019056249,false,שוופס מים בטעמים ענבים 1.5 ליטר פיקדון,"יפאורה תבורי בע""מ",IL,שוופס מים בטעמים ענב,ליטרים,1.50,ליטר,false,,7.50,5.0000,false,1,261350
7290019056256,false,שוופס מים בטעמים תפוחים 1.5 ליטר פיקדון,"יפאורה תבורי בע""מ",IL,שוופס מים בטעמים תפו,ליטרים,1.50,ליטר,false,,7.50,5.0000,false,1,261351
7290019056263,false,שוופס מים בטעמים אפרסק 1.5 ליטר פיקדון,"יפאורה תבורי בע""מ",IL,שוופס מים בטעמים אפר,ליטרים,1.50,ליטר,false,,7.50,5.0000,false,1,261352
7290019056270,false,שוופס מים בטעמים פירות יער 1.5 ליטר פיקדון,"יפאורה תבורי בע""\מ",IL,שוופס מים בטעמים פיר,ליטרים,1.50,ליטר,false,,7.50,5.0000,false,1,261353
7290019056287,false,שוופס מים בטעמים אפרסק ללא סוכר 1.5 ליטר פיקדון,יפאורה שותפות מובגלת לשי,IL,שוופס מים בטעמים אפר,ליטרים,1.50,ליטר,false,,7.50,5.0000,false,1,261354
7290019056294,false,שוופס ג'ינג'ר אייל 1.5 ליטר פיקדון,"יפאורה תבורי בע""\מ",IL,שוופס ג'ינג'ר אייל 1,ליטרים,1.50,ליטר,false,,12.50,8.3333,false,1,261266
7290019056300,false,משקה בטעם ביטר לימון 1.5 ל' שוויפס,"יפאורה תבורי בע""\מ",IL,שוופס ביטר למון 1.5,ליטרים,1.50,ליטר,false,,12.50,8.3333,false,1,261267
7290019056317,false,שוופס ראשן 1.5 ליטר פיקדון,"יפאורה תבורי בע""\מ",IL,שוופס ראשן 1.5 ל',ליטרים,1.50,ליטר,false,,12.50,8.3333,false,1,261268
7290019056324,false,שוופס טוניק 1.5 ליטר פיקדון,"יפאורה תבורי בע""\מ",IL,שוופס טוניק 1.5 ל',ליטרים,1.50,ליטר,false,,12.50,8.3333,false,1,261269
7290019056331,false,שוופס טוניק ללא סוכר 1.5 ליטר פיקדון,"יפאורה תבורי בע""מ",IL,שוופס טוניק ללא סוכר,ליטרים,1.50,ליטר,false,,12.50,8.3333,false,1,261270
7290019056355,false,תפוזינה לימונדה MIX לימונענע 1.5 ליטר,"יפאורה תבורי בע""\מ",IL,תפוזינה לימונענע 1.5,ליטרים,1.50,ליטר,false,,8.90,5.9333,false,1,261271
7290019056362,false,תפוזינה ענבים 1.5 ליטר פיקדון,"יפאורה תבורי בע""\מ",IL,תפוזינה ענבים 1.5 ל',ליטרים,1.50,ליטר,false,,8.90,5.9333,false,1,261272
7290019056379,false,תפוזינה תפוזים 1.5 ליטר פיקדון,"יפאורה תבורי בע""\מ",IL,תפוזינה תפוזים 1.5 ל,ליטרים,1.50,ליטר,false,,8.90,5.9333,false,1,261273
7290019056386,false,פתוזינה אשכולית 1.5 ליטר פיקדון,"יפאורה תבורי בע""\מ",IL,תפוזינה אשכוליות 1.5,ליטרים,1.50,ליטר,false,,8.90,5.9333,false,1,261274
7290019056393,false,תפוזינה תות בננה 1.5 ליטר פיקדון,"יפאורה תבורי בע""\מ",IL,תפוזינה תות בננה 1.5,ליטרים,1.50,ליטר,false,,8.90,5.9333,false,1,261275
7290019056409,false,תפוזינה מנגו 1.5 ליטר פיקדון,"יפאורה תבורי בע""\מ",IL,תפוזינה מנגו 1.5 ל',ליטרים,1.50,ליטר,false,,8.90,5.9333,false,1,261276
7290019056423,false,מיץ בטעם תפוח רענן 1.5ל' תפוזינה,"יפאורה תבורי בע""\מ",IL,תפוזינה תפוחים 1.5 ל,ליטרים,1.50,ליטר,false,,8.90,5.9333,false,1,261278
7290019056430,false,תפוזינה תפוזים לייט 1.5 ליטר פיקדון,"יפאורה תבורי בע""\מ",IL,תפוזינה תפוזים לייט,ליטרים,1.50,ליטר,false,,8.90,5.9333,false,1,261279
7290019056447,false,תפוזינה אשכוליות לייט 1.5 ליטר פיקדון,"יפאורה תבורי בע""\מ",IL,תפוזינה אשכוליות ליי,ליטרים,1.50,ליטר,false,,8.90,5.9333,false,1,261280
7290019056478,false,ספרינג טי קר אפרסק 1.5ליטר פיקדון,"יפאורה תבורי בע""\מ",IL,ספרינג תה אפרסק 1.5,ליטרים,1.50,ליטר,false,,7.00,4.6667,false,1,261296
7290019056485,false,ספריג תה ירוק לימון לואיזה 1.5 ליטר פיקדון,"יפאורה תבורי בע""\מ",IL,ספרינג תה תה ירוק לי,ליטרים,1.50,ליטר,false,,7.00,4.6667,false,1,261297
7290019056492,false,ספרינג תה מנגו אפרסק 1.5 ליטר פיקדון,"יפאורה תבורי בע""\מ",IL,ספרינג תה מנגו אפרסק,ליטרים,1.50,ליטר,false,,7.00,4.6667,false,1,261298
7290019056508,false,פרוט ווטר ענבים 1.5 ליטר פיקדון,"יפאורה תבורי בע""\מ",IL,פרוט ווטר ענבים 1.5,ליטרים,1.50,ליטר,false,,8.90,5.9333,false,1,261315
7290019056515,false,פרוט ווטר אננס 1.5 ליטר פיקדון,"יפאורה תבורי בע""\מ",IL,פרוט ווטר אננס 1.5 ל,ליטרים,1.50,ליטר,false,,8.90,5.9333,false,1,261316
7290019056522,false,פרוט ווטר תות 1.5 ליטר פיקדון,"יפאורה תבורי בע""\מ",IL,פרוט ווטר תות 1.5 ל',ליטרים,1.50,ליטר,false,,8.90,5.9333,false,1,261317
7290019056539,false,פרוט ווטר אפרסק 1.5 ליטר פיקדון,"יפאורה תבורי בע""\מ",IL,פרוט ווטר אפרסק 1.5,ליטרים,1.50,ליטר,false,,8.90,5.9333,false,1,261318
7290019056546,false,פרוט ווטר אבטיח 1.5 ליטר פיקדון,"יפאורה תבורי בע""\מ",IL,פרוט ווטר אבטיח 1.5,ליטרים,1.50,ליטר,false,,8.90,5.9333,false,1,261319
7290019056553,false,שישיית מים מינרלים עין גדי 2 ליטר,עין גדי מים מינרליים,IL,עין גדי 2 ל' שישיות,ליטרים,12.00,ליטר,false,,13.80,1.1500,false,1,261897
7290019056560,false,עין גדי 2 ליטר בק' בודד פיקדון,עין גדי מיים מינרלים,IL,עין גדי 2 ל' בק' בוד,ליטרים,2.00,ליטר,false,,3.80,1.9000,false,1,261382
7290019056577,false,משקה קל מנגו ספרינג 1.5 ליטר,"יפאורה תבורי בע""\מ",IL,ספרינג מנגו 1.5 ל',ליטרים,1.50,ליטר,false,,8.90,5.9333,false,1,261300
7290019056584,false,משקה קל תפוזים ספרינג 1.5 ליטר,"יפאורה תבורי בע""\מ",IL,ספרינג תפוזים 1.5 ל',ליטרים,1.50,ליטר,false,,8.90,5.9333,false,1,261301
7290019056591,false,משקה קל ענבים ספרינג 1.5 ליטר,"יפאורה תבורי בע""\מ",IL,ספרינג ענבים 1.5 ל',ליטרים,1.50,ליטר,false,,8.90,5.9333,false,1,261302
7290019056607,false,משקה קל תפוחים ספרינג 1.5 ליטר,"יפאורה תבורי בע""\מ",IL,ספרינג תפוחים 1.5 ל',ליטרים,1.50,ליטר,false,,8.90,5.9333,false,1,261303
7290019056614,false,משקה קל אפרסק ספרינג 1.5 ליטר,"יפאורה תבורי בע""\מ",IL,ספרינג אפרסק 1.5 ל',ליטרים,1.50,ליטר,false,,8.90,5.9333,false,1,261304
7290019056621,false,משקה קל פירות טרופיים ספרינג 1.5 ליטר,"יפאורה תבורי בע""\מ",IL,ספרינג פירות טרופיים,ליטרים,1.50,ליטר,false,,8.90,5.9333,false,1,261305
7290019056638,false,משקה קל תות בננה ספרינג 1.5 ליטר,"יפאורה תבורי בע""\מ",IL,ספרינג תות בננה 1.5,ליטרים,1.50,ליטר,false,,8.90,5.9333,false,1,261306
7290019056645,false,משקה קל אגס תפוח סברס ספרינג 1.5 ליטר,"יפאורה תבורי בע""\מ",IL,ספרינג אגס תפוח סברס,ליטרים,1.50,ליטר,false,,8.90,5.9333,false,1,261307
7290019056652,false,משקה קל אננס בננה ספרינג 1.5 ליטר,"יפאורה תבורי בע""\מ",IL,ספרינג אננס בננה 1.5,ליטרים,1.50,ליטר,false,,8.90,5.9333,false,1,261308
7290019056669,false,משקה קל תפוחים דיאט ספרינג 1.5 ליטר,"יפאורה תבורי בע""\מ",IL,ספרינג תפוחים דיאט 1,ליטרים,1.50,ליטר,false,,8.90,5.9333,false,1,261309
7290019056676,false,משקה קל אשכולית אננס דיאט ספרינג 1.5 ליטר,"יפאורה תבורי בע""\מ",IL,ספרינג אשכוליות אננס,ליטרים,1.50,ליטר,false,,8.90,5.9333,false,1,261310
7290019056850,false,ספרינג תה אפרסק דיאט 1.5 ליטר פיקדון,"יפאורה תבורי בע""\מ",IL,ספרינג תה אפרסק דיאט,ליטרים,1.50,ליטר,false,,7.00,4.6667,false,1,261299
7290019056959,false,מי-עדן מים מינרלים 1.5 ל,"מופק ממקור בזלתי עדן ,1",IL,מי עדן 1.5 ל' בק' בו,ליטרים,1.50,ליטר,false,,3.60,2.4000,false,1,261381
7290019056973,false,שישיית מי עדן 1.5 ליטר משפחתי,"מופק ממקור בזלתי עדן ,1",IL,מי עדן 1.5 ל' שישייה,ליטרים,9.00,ליטר,false,,13.90,1.5444,false,1,261380
7290019068006,false,המבורגר אנגוס 880 גר,קצביית פרימיום,IL,המבורגר אנגוס 880 גר,גרמים,880.00,100 גרם,false,,69.90,0.0794,true,1,219452
7290019068044,false,קציצות עירקיות 800 ג,,,קציצות עירקיות 800 ג,גרמים,800.00,100 גרם,false,,62.90,0.0786,true,1,219456
7290019068082,false,קבב קינמון 600 גרם ק,,IL,קבב קינמון 600 גר',גרמים,600.00,100 גרם,false,,71.90,0.1198,true,1,219460
7290019068099,false,קציצות עגל טלה 800 ג,,IL,קציצות עגל טלה 800 ג,גרמים,800.00,100 גרם,false,,62.90,0.0786,true,1,219461
7290019068112,false,קציצות עגל טלה 800 ג,,IL,קציצות עגל 800 גר',גרמים,800.00,100 גרם,false,,62.90,0.0786,true,1,219462
7290019074090,false,"ד""ר פישר - קמיל בלו אקסטרה סופט אל סבון לתינוק 500 מ""ל",פישר מעבדות פרמצבטיות בע,IL,קמיל בלו אקסטרה סופט,מיליליטרים,500.00,"100 מ""ל",false,,22.90,0.0458,true,1,265526
7290019074359,false,אפקטיב קר תחליב רחצה,פישר מעבדות פרמצבטיו,IL,אפקטיב קר תחליב רחצה,מיליליטרים,700.00,"100 מ""ל",false,,16.90,0.0241,true,1,264376
7290019074366,false,"אפקטיב קר תחליב רחצה מועשר בשמן ארגן 450 מ""ל","ד""ר פישר",IL,אפקטיב קר תחליב רחצה,מיליליטרים,450.00,"100 מ""ל",false,,14.90,0.0331,true,1,264885
7290019074755,false,"תחליב רחצה שמן שקדים משאבה 700 מ""ל ד""ר פישר",פישר מעבדות פרמצבטיו,IL,אפקטיב קר תחליב רחצה,מיליליטרים,700.00,"100 מ""ל",false,,16.90,0.0241,true,1,264378
7290019074762,false,"אפקטיב קר תחליב רחצה מועשר בשמן כותנה 450 מ""ל","ד""ר פישר",,אפקטיב קר תחליב רחצה,מיליליטרים,450.00,"100 מ""ל",false,,14.90,0.0331,true,1,264886
7290019075103,false,קמיל בלו אקסטרה סופט שמפו לתינוק 1 ליטר,פישר מעבדות פרמצבטיות בע,IL,קמיל בלו אקסטרה סופט,ליטרים,1.00,ליטר,false,,32.90,32.9000,true,1,265531
7290019075295,false,"ד""ר פישר - אפקטיב קר תחליב רחצה עדין לידיים מועשר בש""ש 350 מ""ל",פישר מעבדות פרמצבטיות בע,IL,אפקטיב קר תחליב רחצה,מיליליטרים,350.00,"100 מ""ל",false,,11.90,0.0340,true,1,266384
7290019075400,false,"אפקטיב קר תחליב רחצה מועשר בשיבולת שועל 700 מ""ל",פישר מעבדות פרמצבטיות בע,IL,אפקטיב קר תחליב רחצה,מיליליטרים,700.00,"100 מ""ל",false,,16.90,0.0241,true,1,265932
7290019075479,false,"ד""ר פישר - קמיל בלו קלאסיק שמפו לתינוק 1 ליטר",פישר מעבדות פרמצבטיות בע,IL,קמיל בלו קלאסיק שמפו,ליטרים,1.00,ליטר,false,,29.90,29.9000,true,1,266045
7290019075493,false,"אפקטיב קר אל סבון עדין לידיים מועשר בתה ירוק ויסמין 350 מ""ל",פישר מעבדות פרמצבטיות בע,IL,אפקטיב קר תחליב רחצה,מיליליטרים,350.00,"100 מ""ל",false,,11.90,0.0340,true,1,266385
7290019075608,false,"אפקטיב קר תחליב רחצה מועשר בתה ירוק ויסמין 700 מ""ל",פישר מעבדות פרמצבטיות בע,IL,אפקטיב קר תחליב רחצה,מיליליטרים,700.00,"100 מ""ל",false,,16.90,0.0241,true,1,265933
7290019075899,false,קמיל בלו אקסטרה סופט אל סבון לתינוק 1 ליטר,פישר מעבדות פרמצבטיות בע,IL,קמיל בלו אקסטרה סופט,ליטרים,1.00,ליטר,false,,32.90,32.9000,true,1,265529
7290019137092,false,"סירופ מייפל קנדי אורגני 250 מ""ל",NOVOFRUCHT SK S.R.O,CA,סירופ מייפל קנדי אור,מיליליטרים,250.00,"100 מ""ל",false,,21.90,0.0876,true,1,264348
7290019153078,false,"שוופס ביטר למון לייט, 1.5 ליטר פקדון","יפאורה תבורי בע""\מ",IL,שוופס ביטר למון לייט,ליטרים,1.50,ליטר,false,,12.50,8.3333,false,1,262775
7290019153085,false,שוופס מוגז ליים מוחיטו ללא סוכר 1.5 ליטר-,"יפאורה תבורי בע""\מ",IL,שוופס מוחיטו ללא סוכ,ליטרים,1.50,ליטר,false,,8.90,5.9333,false,1,262666
7290019153252,false,שוופס סודה תפוח 1.5 ליטר רביעייה פיקדון,"יפאורה תבורי בע""\מ",IL,שוופס סודה תפוח 1.5,ליטרים,6.00,ליטר,false,,12.50,2.0833,false,1,264037
7290019153269,false,שוופס סודה אננס 1.5 ליטר רביעייה פיקדון,"יפאורה תבורי בע""\מ",IL,שוופס סודה אננס 1.5,ליטרים,6.00,ליטר,false,,12.50,2.0833,false,1,264038
7290019153344,false,מיץ בטעם סנגרייה 1.5 ל' תפוזינה,"יפאורה תבורי בע""\מ",IL,תפוזינה סנגרייה 1.5,ליטרים,1.50,ליטר,false,,8.90,5.9333,false,1,264209
7290019153351,false,מיץ בטעם פינק אוזו 1.5 ל' תפוזינה,"יפאורה תבורי בע""\מ",IL,תפוזינה פינק אוזו 1.,ליטרים,1.50,ליטר,false,,8.90,5.9333,false,1,264210
7290019153375,false,מיץ בטעם מוחיטו 1.5 ל' תפוזינה,"יפאורה תבורי בע""\מ",IL,תפוזינה מוחיטו 1.5 ל,ליטרים,1.50,ליטר,false,,8.90,5.9333,false,1,264211
7290019153535,false,"רביעיית שוופס מוגז פירות למונייד ללא סוכר 330 מ""ל פחיות",יפאורה תבורי,IL,שוופס מוגז פירות למו,מיליליטרים,1320.00,"100 מ""ל",false,,13.50,0.0102,true,1,264980
7290019167020,false,עוגת גבינה עם פירות יער לייט עדן קינוחים 82 גרם,עדן קינוחים Eden,IL,קינוח עוגת גבינה עם,גרמים,82.00,100 גרם,false,,6.60,0.0805,true,1,266093
7290019167037,false,תותים בקצפת עדן קינוחים 82 גרם,עדן קינוחים Eden,IL,תותים בקצפת עדן קינו,גרמים,82.00,100 גרם,false,,6.60,0.0805,true,1,266095
7290019167044,false,קצפת עם קרם בייגלה מתוק מלוח עדן קינוחים 82 גרם,עדן קינוחים Eden,IL,קצפת עם קרם בייגלה מ,גרמים,82.00,100 גרם,false,,6.60,0.0805,true,1,266094
7290019204008,false,עוף טוב פסטרמה ארבעה פלפלים 350 גרם,עיצובים 2020 (4.9),IL,עוף טוב פסטרמה ארבעה,גרמים,350.00,100 גרם,false,,24.90,0.0711,true,1,264761
7290019204206,false,עוף טוב פסטרמה בסגנון רומני 320 גרם,עיצובים 2020 (4.9),IL,עוף טוב פסטרמה בסגנו,גרמים,320.00,100 גרם,false,,24.90,0.0778,true,1,264763
7290019204305,false,חזה הודו פסטרמה ברביקיו 350 גר',עיצובים 2020 (4.9),IL,עוף טוב פסטרמה ברביק,גרמים,350.00,100 גרם,false,,24.90,0.0711,true,1,264760
7290019226109,false,אננס פרוס תומר 565 גרם,,,אננס פרוס תומר,גרמים,290.00,100 גרם,false,,7.50,0.0259,true,1,266670
7290019232155,false,"חליטת ""לילה טוב"" קמומיל לבנדר ו25 שקיקים ויסוצקי",תה ויסוצקי,IL,חליטת לילה טוב קמומי,גרמים,37.50,100 גרם,false,,24.90,0.6640,true,1,266183
7290019232162,false,"חליטת ""לילה טוב"" קמומיל מליסה 25 שקיקים ויסוצקי",תה ויסוצקי,IL,חליטת לילה טוב קמומי,גרמים,37.50,100 גרם,false,,24.90,0.6640,true,1,266184
7290019232186,false,תה ירוק לימונית לואיזהSTAY WELL 25 שקיקים ויסוצקי,תה ויסוצקי,IL,תה ירוק לימונית ולוא,גרמים,37.50,100 גרם,false,,24.90,0.6640,true,1,266181
7290019232193,false,תה ירוק לימונית ג'ינג'ר STAY WELL שקיקים 25 ויסוצקי,תה ויסוצקי,IL,תה ירוק לימונית וג'י,גרמים,37.50,100 גרם,false,,24.90,0.6640,true,1,266182
7290019232353,false,תה ירוק סיני 50 שקיקים ויסוצקי,תה ויסוצקי,IL,תה ירוק סיני 50 שקיק,גרמים,75.00,100 גרם,false,,45.90,0.6120,false,1,265668
7290019232377,false,חווית הצ'איתה שחור בטעם וניל והל 25 יח' ויסוצקי,תה ויסוצקי,IL,חליטת צ'אי וניל ויסו,גרמים,50.00,100 גרם,false,,19.90,0.3980,true,1,266478
7290019232384,false,חווית הצ'אי תה שחור בטעם מוקה 25*50 ג' ויסוצקי,תה ויסוצקי,IL,חליטת צ'אי מוקה ויסו,גרמים,50.00,100 גרם,false,,19.90,0.3980,true,1,266479
7290019232803,false,הולגריין ביסקוויט+קרם חלב ושוקולד חלב 300 גרם רבנות,"אולקר ביסקווי סנאי, א.ס.",TR,הולגריין ביסקוויט עם,גרמים,300.00,100 גרם,false,,10.90,0.0363,true,1,265952
7290019232827,false,הולגריין ביסקוויט במילוי אגוזי לוז 300 גרם רבנות,"אולקר ביסקווי סנאי, א.ס.",TR,הולגריין ביסקוויט במ,גרמים,300.00,100 גרם,false,,10.90,0.0363,true,1,265953
7290019232834,false,פליפז בייגלה מצופה קרם עוגיות ושוקולד מקוויטיס 140 גרם,אולקר מקבוצת פלאדיס,TR,FLIPZ בייגלה מצופה ק,גרמים,140.00,100 גרם,false,,8.90,0.0636,true,1,264297
7290019233008,false,רוטב עגבניות עם קוביות ארטישוק ושמן זית 420ג ויסוצקי,דליציה דורה אס.אר.אל,IT,רוטב שקשוקה ארטישוק,גרמים,420.00,100 גרם,false,,13.90,0.0331,true,1,264475
7290019233015,false,רוטב שקשוקה תבשיל ירקות עם שמן זית כתית מעולה 420ג זיתא,זיתא,IT,רוטב שקשוקה ירוקה זי,גרמים,420.00,100 גרם,false,,13.90,0.0331,true,1,264476
7290019233022,false,שקשוקה חצילים רוטב עגבניות עם קוביות חצילים צלויים,דליציה דורה אס.אר.אל,IT,רוטב שקשוקה חצילים ז,גרמים,420.00,100 גרם,false,,13.90,0.0331,true,1,264477
7290019233039,false,שקשוקה קלאסית- רוטב עגבניות עם קוביות פלפלים צלויים,דליציה דורה אס.אר.אל,IT,רוטב שקשוקה קלאסית ז,מיליליטרים,420.00,"100 מ""ל",false,,13.90,0.0331,true,1,264478
7290019233046,false,זית קלמטה בלונד מרינד עם שמן זית 215 גרם,זיתא - י.ט.ב תעשיות,IL,זית קלמטה בלונדי זית,גרמים,215.00,100 גרם,false,,12.90,0.0600,true,1,262609
7290019297161,false,טורטיה ראפ מקמח תירס שקדיה 450 גרם,דין שיווק,TR,טורטיות ראפ מקמח תיר,גרמים,540.00,100 גרם,false,,9.90,0.0183,true,1,177798
7290019297420,false,מעדן תות שדה 100% רכיבי פרי 284 גר' ללא תוספת סוכר,לינוי סיטי,CN,מעדן תות שדה שקדיה,גרמים,284.00,100 גרם,false,,10.00,0.0352,true,1,186552
7290019297451,false,מי ורדים שקדיה 500 מ,אף.סי תבליני בגליל ב,BE,מי ורדים 500 מל,מיליליטרים,500.00,"100 מ""ל",false,,17.90,0.0358,true,1,252612
7290019297512,false,"רוטב רימונים שקדיה 340 מ""ל בדץ",סיטוגלוגידה,TR,שקדיה- רוטב רימונים,גרמים,350.00,100 גרם,false,,9.90,0.0283,true,1,201939
7290019297543,false,חמאת בוטנים שקדיה 510 גרם,דין שיווק,IN,חמאת בוטנים 510 גר',גרמים,510.00,100 גרם,false,,11.90,0.0233,true,1,252614
7290019369080,false,"יין לה וי רוז דו קסטל 2021 750 מ""ל",יקב קסטל,,יין לה וי רוז' 2021,מיליליטרים,750.00,"100 מ""ל",false,,75.00,0.1000,true,1,266347
7290055090801,false,כרמית שוקולד לבן ללא תוספת סוכר 85 גרם,"כרמית תעשיות ממתקים בע""\",IL,כרמית שוקולד לבן ללא,גרמים,85.00,100 גרם,false,,5.90,0.0694,true,1,142203
7290100075524,false,זוג נורות מסולסל 30W,,,זוג נורות מסולסל 30W,יחידה,0.00,יחידה,false,,38.90,0.0000,true,1,163407
7290100075531,false,זוג נורות מסולסל 30W,,,זוג נורות מסולסל 30W,יחידה,0.00,יחידה,false,,38.90,0.0000,true,1,264012
7290100240137,false,"תרסיס ריחני למייבש כחול בדין 500 מ""ל","זוהר דליה, קיבוץ דליה, 1",IL,תרסיס בדין למייבש כח,מיליליטרים,500.00,"100 מ""ל",false,,19.00,0.0380,true,1,113048
7290100240144,false,"תרסיס ריחני למייבש ורוד בדין 500 מ""ל","זוהר דליה, קיבוץ דליה, 1",IL,תרסיס בדין למייבש,מיליליטרים,500.00,"100 מ""ל",false,,19.00,0.0380,true,1,113049
7290100240632,false,קרקר פתית 200-300ג' 6 דגנים 250 גרם,יוניליוור ישראל מזון בע\,IL,פתית שישה דגנים 250,גרמים,250.00,100 גרם,false,,18.50,0.0740,true,1,126999
7290100240656,false,"פתית שיפון בד""צ חדש 300X24 גר'",יוניליוור ישראל מזון בע\,IL,פתית שיפון 300ג' בדץ,גרמים,300.00,100 גרם,false,,18.50,0.0617,true,1,128652
7290100243084,false,מיונז אמיתי הלמנס 789גרם,"יונילוור ארה""ב",IL,מיונז אמיתי הלמנס 78,גרמים,789.00,100 גרם,false,,26.50,0.0336,false,1,120659
7290100243671,false,"מרכך כביסה מרוכז אקסטרה כחול בדין 960 מ""ל",יוניליוור סנאיי וי טיקאר,TR,בדין אקסטרא כחול 960,מיליליטרים,960.00,"100 מ""ל",false,,15.90,0.0166,false,1,119157
7290100245231,false,נמס בכוס מרק בטעם עוף עם אטריות ושקדי מרק-2 שקיות,יוניליוור ישראל מזון בע\,IL,נמס בכוס ועוד טעם עו,גרמים,50.00,100 גרם,false,,7.00,0.1400,true,1,121774
7290100249659,false,"רוטב לעוף צ'ילי מתוק ושום קנור 320 גרם בד""צ",יוניליוור ישראל מזון בע\,IL,רוטב לעוף צ'ילי שום,גרמים,310.00,100 גרם,false,,14.90,0.0481,true,1,127449
7290100412343,false,קוויק מטליות לחות 99.9% לניקוי כללי בריח לימון 50 יחידות,די.פי.אל,IL,מגבונים קוויק לניקוי,יחידה,0.00,יחידה,false,,7.90,0.0000,true,1,201861
7290100412459,false,קוויק מטליות לחות 99.9% לניקוי שירותים ומקלחות בריח לוונדר 50 יחידות,די.פי.אל,IL,מגבונים קוויק לניקוי,יחידה,0.00,יחידה,false,,7.90,0.0000,true,1,201862
7290100412770,false,"ד""ר עור - תחליב רחצה קלאסי בניחוח מאסק 700 מ""ל","אמיליה קוסמטיקס בע""מ",IL,תחליב רחצה קלאסי מאס,מיליליטרים,700.00,"100 מ""ל",false,,14.90,0.0213,true,1,202060
7290100412800,false,"תחליב רחצה לעור יבש וילד פלאור דר עור 700 מ""ל","אמיליה קוסמטיקס בע""מ",IL,תחליב רחצה לעור יבש,מיליליטרים,700.00,"100 מ""ל",false,,14.90,0.0213,true,1,202061
7290100653463,false,"פלמוליב - ארומה ג'ל רחצה מסאז' 500 מ""ל",קולגייט-פלמוליב,TR,פלמוליב ספא מסג',מיליליטרים,500.00,"100 מ""ל",false,,14.90,0.0298,true,1,96502
7290100653586,false,"דאודורנט ג'ל פרש פיוזן 24/7 ליידי ספיד סטיק 65 מ""ל",ליידי ספיד סטיק Lady Speed Stick,US,ליידי ספיד סטיק 24/7,גרמים,50.00,100 גרם,false,,19.90,0.3980,true,1,96507
7290100658338,false,"נוזל לניקוי כלים אוקסי פלוס פלמוליב 750 מ""ל",הנסיך- מפעל לייצור ט,GR,פלמוליב אוקסי,מיליליטרים,750.00,"100 מ""ל",false,,9.90,0.0132,false,1,96534
7290100659090,false,פרי חטיפים ללא גלוטן ותוספת סוכר מארז 5 תמרים וקינמון,טבעית מוצרים מן הטבע בעמ,IL,חטיף דגנים תמרים וקי,גרמים,100.00,100 גרם,false,,16.50,0.1650,true,1,96546
7290100680650,false,מנה חמה נודלס-אטריות ירקות טעם תאילנדי אסם 76 ג',PUB FOODS PRESIDENT THAI,TH,מנה חמה נודלס איטריו,גרמים,76.00,100 גרם,false,,7.20,0.0947,false,1,94366
7290100680667,false,מנה חמה נודלס-אטריות+ירקות טעם סצ'ואן,PUB FOODS PRESIDENT THAI,TH,מנה חמה נודלס סצ'ואן,גרמים,76.00,100 גרם,false,,7.20,0.0947,false,1,94367
7290100680711,false,פירורית זהב אסם זהב 350ג',עינת תעשיות מזון אגו,IL,פירורית זהב 350גר',גרמים,350.00,100 גרם,false,,8.80,0.0251,false,1,94369
7290100680728,false,פירורית רגילה שקית 350 גרם,מיוצר עי קונדיטוריית,IL,פירורית 350גר',גרמים,350.00,100 גרם,false,,7.00,0.0200,true,1,94370
7290100681015,false,אינסטנט פודינג בטעם ריבת חלב אסם 84 גרם,מיוצר עי קונדיטוריית,IL,אינסטנט פודינג ריבת,גרמים,84.00,100 גרם,false,,5.80,0.0690,false,1,94378
7290100681138,false,מארז אפרופו חטיף תירס 3 יחידות,"אסם השקעות בע""\מ",IL,מארז אפרופו שלישיה,גרמים,150.00,100 גרם,false,,12.50,0.0833,false,1,94381
7290100683880,false,פירה אסם ללא צורך בבישול 260 גרם,"אסם השקעות בע""\מ",IL,פירה אסם,גרמים,260.00,100 גרם,false,,14.50,0.0558,true,1,94475
7290100685136,false,"אבקת מרק בטעם עוף אסם 1 ק""ג","אסם השקעות בע""\מ",IL,אבקת מרק טעם עוף 1קג,קילוגרמים,1.00,"ק""ג",false,,12.90,12.9000,false,1,94506
7290100685334,false,אבקת מרק עוף אמיתי בשרי רכיבים טבעיים אסם 400 גרם,"אסם השקעות בע""\מ",IL,אבקת מרק עוף רכיבים,גרמים,400.00,100 גרם,false,,19.90,0.0497,false,1,94517
7290100685341,false,אבקת מרק טעם עוף זך רכיבים טבעיים אסם 400 גרם,"אסם השקעות בע""\מ",IL,אבקת מרק טעם עוף זך,גרמים,400.00,100 גרם,false,,16.90,0.0422,false,1,94518
7290100686171,false,מארז מולטיפק ביסלי גריל 6 יח 35 גר ליח,"אסם השקעות בע""\מ",IL,מארז ביסלי גריל,גרמים,210.00,100 גרם,false,,14.00,0.0667,false,1,94558
7290100689301,false,אבקת מרק בטעם עוף זך עדיף אסם 400 גרם,"אסם השקעות בע""\מ",IL,אבקת מרק טעם עוף זך-,גרמים,400.00,100 גרם,false,,13.90,0.0348,false,1,113292
7290100700006,false,"סוגת חיטה 1 ק""ג","סוגת תעשיות בע""\מ",IL,חיטה 1קג סוגת,יחידה,1.00,יחידה,false,,7.90,7.9000,true,1,120513
7290100700020,false,סוגת גריסי פנינה 500 גרם,האי נאם סי או אל.טי.,IL,גריסי פנינה,גרמים,200.00,100 גרם,false,,4.90,0.0245,true,1,98660
7290100700075,false,פירורי לחם מוזהבים סוגת 200 גרם,"סוגת תעשיות בע""\מ",IL,פרורי לחם מוזהבים 20,גרמים,200.00,100 גרם,false,,4.00,0.0200,false,1,126641
7290100700242,false,"סוגת אורז מלא עגול 1 ק""ג","סוגת תעשיות בע""\מ",IL,אורז מלא עגול 1 קג,יחידה,1.00,יחידה,false,,12.90,12.9000,true,1,98667
7290100700273,false,קינואה לבנה 500 ג סו,האי נאם סי או אל.טי.,IL,קינואה 500 גר סוגת,גרמים,500.00,100 גרם,false,,12.90,0.0258,true,1,98668
7290100700310,false,"סוגת כוסמת סוגת 1ק""ג","סוגת תעשיות בע""מ",IL,כוסמת 1קג סוגת,יחידה,1.00,יחידה,false,,13.90,13.9000,true,1,134232
7290100700327,false,"גריסי פנינה סוגת 1 ק""ג","סוגת תעשיות בע""\מ",IL,גריסי פנינה 1 קג,קילוגרמים,1.00,"ק""ג",false,,7.90,7.9000,true,1,149976
7290100700334,false,קינואה לבנה 1 קג סוג,"סוגת תעשיות בע""מ",IL,קינואה לבנה 1 קג סוג,קילוגרמים,1.00,"ק""ג",false,,21.90,21.9000,true,1,200346
7290100700365,false,"שעועית אדומה 1 ק""ג סוגת",סוגת תעשיות בעמ,IL,שעועית אדומה 1 קג סו,קילוגרמים,1.00,"ק""ג",false,,21.90,21.9000,true,1,187909
7290100700372,false,"סוגת אורז בסמטי מלא 1 ק""ג",האי נאם סי או אל.טי.,IL,אורז בסמטי מלא 1קג',קילוגרמים,1.00,"ק""ג",false,,13.90,13.9000,false,1,98671
7290100700389,false,"סוגת אורז אדום 1 ק""ג","סוגת תעשיות בע""\מ",IL,אורז אדום סוגת,קילוגרמים,1.00,"ק""ג",false,,13.90,13.9000,true,1,98672
7290100700396,false,"סוגת אורז יסמין קלאסי 1 ק""ג",האי נאם סי או אל.טי.,IL,אורז יסמין קלאסי 1קג,יחידה,1.00,יחידה,false,,11.90,11.9000,false,1,98673
7290100700402,false,"סוגת חומוס ענק 1 ק""ג",סוגת תעשיות בעמ,IL,חומוס ענק 1קג סוגת,קילוגרמים,1.00,"ק""ג",false,,19.90,19.9000,true,1,150038
7290100700419,false,"סוגת בורגול 1 ק""ג","סוגת תעשיות בע""\מ",IL,בורגול 1קג סוגת,יחידה,1.00,יחידה,false,,7.90,7.9000,true,1,147574
7290100700563,false,"סוגת אורז מיקס קלאסי 1 ק""ג",סוגת תעשיות בעמ,IL,אורז מיקס קלאסי,יחידה,1.00,יחידה,false,,10.90,10.9000,true,1,113544
7290100700587,false,"בורגול ""סוגת"" 500 גרם",האי נאם סי או אל.טי.,IL,בורגול סוגת 500גר,גרמים,500.00,100 גרם,false,,4.90,0.0098,false,1,123955
7290100701140,false,"אורז ריזוטו ארבוריו 1 ק""ג ""סוגת""","סוגת תעשיות בע""מ",IL,אורז ריזוטו ארבוריו,יחידה,1.00,יחידה,false,,13.90,13.9000,true,1,122712
7290100701157,false,"אורז להכנת סושי סוגת 1 ק""ג","סוגת תעשיות בע""\מ",IL,אורז סושי 1קג סוגת,יחידה,1.00,יחידה,false,,12.90,12.9000,true,1,122713
7290100701300,false,קינואה אדומה סוגת 500 גרם,"סוגת תעשיות בע""\מ",IL,קינואה אדומה סוגת,גרמים,500.00,100 גרם,false,,12.90,0.0258,true,1,193924
7290100701331,false,קמח רב תכליתי שטיבל קמח חיטה לבן בהיר,"שטיבל בע""\מ - טחנות קמח",IL,"קמח רב תכליתי 1 ק""ג",קילוגרמים,1.00,"ק""ג",false,,6.90,6.9000,false,1,134977
7290100701348,false,"קמח שיפון מלא סוגת 1 ק""ג",טחנות קמח שטיבל באר,IL,"קמח שיפון מלא 1 ק""ג",קילוגרמים,1.00,"ק""ג",false,,6.90,6.9000,false,1,134970
7290100701386,false,קמח לחלה קמח חיטה לבן שטיבל,"שטיבל בע""מ - טחנות ק",IL,"קמח לחלה 1 ק""ג סוגת",קילוגרמים,1.00,"ק""ג",false,,6.90,6.9000,false,1,134972
7290100701409,false,קמח תירס סוגת 500 גר,מולינו פילה ספא,IL,קמח תירס 500 גר סוגת,גרמים,500.00,100 גרם,false,,6.20,0.0124,false,1,146049
7290100701454,false,גרישה בורגול דק סוגת 500 גרם,"סוגת תעשיות בע""\מ",IL,גרישה 500גר סוגת,גרמים,500.00,100 גרם,false,,4.90,0.0098,false,1,125745
7290100701577,false,קמח לחם קמח חיטה לבן שטיבל,טחנות קמח שטיבל באר שבע,IL,"קמח לחם 1 ק""ג סוגת",קילוגרמים,1.00,"ק""ג",false,,6.90,6.9000,false,1,134973
7290100701874,false,"קמח כוסמין מלא סוגת 1 ק""ג",טחנות קמח שטיבל באר,IL,קמח כוסמין 1 קג - סו,קילוגרמים,1.00,"ק""ג",false,,15.90,15.9000,false,1,142783
7290100701881,false,קמח פיצה ופוקצ'ה- קמח חיטה לבן בהיר שטיבל,"שטיבל בע""\מ - טחנת קמח",IL,קמח פיצה ופוקצ'ה סוג,קילוגרמים,1.00,"ק""ג",false,,6.90,6.9000,false,1,134976
7290100701898,false,קמח סוגת לפסטה 1 קג,שטיבל טחנות קמח,IL,קמח לפסטה -סוגת,קילוגרמים,1.00,"ק""ג",false,,12.90,12.9000,true,1,142784
7290100702260,false,קוסקוס דק סוגת 350 גרם,"אסיף תעשיות מזון בע""\מ",IL,קוסקוס דק סוגת,גרמים,350.00,100 גרם,false,,4.90,0.0140,false,1,139608
7290100702277,false,קוסקוס עבה סוגת 350 גרם,"אסיף תעשיות מזון בע""",IL,קוסקוס עבה סוגת,גרמים,350.00,100 גרם,false,,4.90,0.0140,false,1,139609
7290100702284,false,קוסקוס מלא סוגת 350 גרם,"אסיף תעשיות מזון בע""",IL,קוסקוס מלא סוגת,גרמים,350.00,100 גרם,false,,4.90,0.0140,false,1,139610
7290100702314,false,שעועית שחורה 500 גרם סוגת,סוגת תעשיות בעמ,IL,שעועית שחורה 500 גר,גרמים,500.00,100 גרם,false,,7.90,0.0158,true,1,140660
7290100702383,false,קמח תופח מס' 13 סוגת,"שטיבל בע""\מ - טחנות קמח",IL,קמח תופח מס' 13 סוגת,קילוגרמים,1.00,"ק""ג",false,,6.90,6.9000,false,1,140232
7290100702604,false,קמח פולנטה להכנה מהירה 500 ג',מולינו פילה,IT,פולנטה 500 גר סוגת,גרמים,500.00,100 גרם,false,,10.60,0.0212,true,1,214615
7290100702611,false,פתיתים אפויים אורז סוגת 500 גרם,"אסיף תעשיות מזון בע""\מ",IL,פתיתים אפויים אורז -,גרמים,500.00,100 גרם,false,,5.90,0.0118,false,1,142696
7290100702628,false,פתיתים אפויים קוסקוס סוגת 500 גרם,"אסיף תעשיות מזון בע""\מ",IL,פתיתים אפויים קוסקוס,גרמים,500.00,100 גרם,false,,5.90,0.0118,false,1,142697
7290100702635,false,פתיתים אפויים כוכבים סוגת 500 גרם,"אסיף תעשיות מזון בע""",IL,פתיתים אפויים כוכבים,גרמים,500.00,100 גרם,false,,5.90,0.0118,false,1,142698
7290100702642,false,פתיתים אפויים טבעות סוגת 500 גרם,"אסיף תעשיות מזון בע""",IL,פתיתים אפויים טבעות,גרמים,500.00,100 גרם,false,,5.90,0.0118,false,1,142699
7290100702659,false,פתיתים קוסקוס קמח מלא סוגת 400 גרם,"אסיף תעשיות מזון בע""",IL,פתיתים אפויים מקמח מ,גרמים,500.00,100 גרם,false,,5.90,0.0118,false,1,186492
7290100702666,false,פתיתים אפויים עם בצל 400 גר גרם סוגת,"אסיף תעשיות מזון בע""",IL,פתיתים אפויים עם בצל,גרמים,500.00,100 גרם,false,,5.90,0.0118,false,1,186493
7290100702741,false,"סוכר חום בהיר בצנצנת סוגת 1 ק""ג",סוגת תעשיות בעמ,IL,סוכר חום בהיר צנצנת,קילוגרמים,1.00,"ק""ג",false,,11.90,11.9000,true,1,146782
7290100702987,false,שיבולת שועל פתיתים סוגת 500 גרם,סוגת תעשיות,,שיבולת שועל 500 גר,גרמים,500.00,100 גרם,false,,4.90,0.0098,true,1,190398
7290100702994,false,סוכר דמררה קלאסי בשקית סוגת 500 גרם,"סוגת תעשיות בע""מ",IL,סוכר דמררה 500 גר,גרמים,500.00,100 גרם,false,,5.90,0.0118,true,1,188272
7290100703007,false,"עדשים שחורות בלוגה 500 גרם ""סוגת""",האי נאם סי או אל.טי.,IL,עדשים שחורים בלוגה 5,גרמים,500.00,100 גרם,false,,7.90,0.0158,true,1,187910
7290100703458,false,כוסמת לא קלוי 500 ג' סוגת,"סוגת תעשיות בע""\מ",IL,כוסמת לא קלוי,גרמים,500.00,100 גרם,false,,7.90,0.0158,true,1,195079
7290100703489,false,פירורי לחם לבנים סוג,,,פירורי לחם לבנים 500,גרמים,500.00,100 גרם,false,,6.90,0.0138,true,1,195183
7290100703533,false,קמח קסם תערובת קמח עם שמרים,טחנות קמח שטיבל באר שבע,IL,קמח קסם סוגת 1 קג,קילוגרמים,1.00,"ק""ג",false,,8.50,8.5000,true,1,195713
7290100703557,false,"קמח פוקצה 1 ק""ג ""סוגת""","שטיבל בע""מ",,קמח פוקאצ'ה 1 קג סוג,קילוגרמים,1.00,"ק""ג",false,,6.90,6.9000,false,1,194904
7290100703564,false,"פתיתי שיבולת שועל עבה 500 גרם ""סוגת""",,,שיבולת שועל עבה 500,גרמים,500.00,100 גרם,false,,4.90,0.0098,true,1,194906
7290100703625,false,קמח חיטה לבן ללא צורך בניפוי,"שטיבל בע""מ",IL,קמח לבן ללא ניפוי סו,קילוגרמים,1.00,"ק""ג",false,,7.90,7.9000,true,1,197271
7290100703632,false,קמח חיטה מלא ללא צורך בניפוי,"שטיבל בע""מ",IL,קמח מלא ללא ניפוי,קילוגרמים,1.00,"ק""ג",false,,7.90,7.9000,true,1,197274
7290100703649,false,"קמח חיטה 80% ללא צורך בניפוי סוגת 1 ק""ג","שטיבל בע""מ",IL,קמח מלא חיטה 80% ללא,קילוגרמים,1.00,"ק""ג",false,,7.90,7.9000,true,1,197275
7290100703670,false,"קמח כוסמין ללא ניפוי 1 ק""ג סוגת","שטיבל בע""מ",IL,קמח כוסמין מלא ללא נ,קילוגרמים,1.00,"ק""ג",false,,15.90,15.9000,true,1,197277
7290100703687,false,"קמח חלה ללא ניפוי סוגת 1 ק""ג","שטיבל בע""מ",IL,קמח חלה ללא ניפוי 1,קילוגרמים,1.00,"ק""ג",false,,7.90,7.9000,true,1,197316
7290100703847,false,"קוביות סוכר לבן 500 גרם ""סוגת""",טרופיקל,,קוביות סוכר לבן 500,גרמים,500.00,100 גרם,false,,9.90,0.0198,true,1,200170
7290100703854,false,קוביות סוכר לבן דמררה 500 ג' סוגת,טרופיקל,,קוביות סוכר דמררה 50,גרמים,500.00,100 גרם,false,,9.90,0.0198,true,1,200171
7290100703861,false,"תערובת קסם לחלה ללא צורך בניפוי סוגת 1 ק""ג","שטיבל בע""\מ - טחנות קמח",IL,קמח קסם לחלה - סוגת,קילוגרמים,1.00,"ק""ג",false,,8.50,8.5000,true,1,199123
7290100703908,false,"סוכר דמררה 1 ק""ג בלמינט סוגת",סוגת תעשיות בעמ,IL,סוכר דמררה 1 קג,קילוגרמים,1.00,"ק""ג",false,,11.90,11.9000,true,1,198889
7290100703915,false,פופקורן להכנה במיקרוגל בטעם חמאה - מארז 6 שקיות,נטאיס,IL,מארז פופקורן למיקרוג,גרמים,540.00,100 גרם,false,,10.90,0.0202,true,1,201629
7290100703922,false,פופקורן להכנה במיקרוגל בטעם טבעי - מארז 6 שקיות,סוגת,IL,מארז פופקורן למיקרוג,גרמים,540.00,100 גרם,false,,10.90,0.0202,true,1,201630
7290100703953,false,קוקוס לבן סוגת 500 ג,סוגת תעשיות בעמ,,קוקוס 500 גר סוגת,גרמים,500.00,100 גרם,false,,10.90,0.0218,true,1,200271
7290100704141,false,סודה לשתייה 100 ג' סוגת,א.ל. ייצור ושיווק תב,IL,סודה לשתיה 100 גר סו,גרמים,100.00,100 גרם,false,,2.50,0.0250,true,1,204951
7290100704493,false,קמח שמרים פיצה ללא צורך בניפוי 1 קג,"שטיבל בע""\מ - טחנת קמח",IL,קמח שמרים פיצה 1 קג,קילוגרמים,1.00,"ק""ג",false,,8.50,8.5000,true,1,215749
7290100704516,false,חומוס מיני סוגת 500 גרם,"סוגת תעשיות בע""\מ",IL,חומוס מיני 500 גר,גרמים,500.00,100 גרם,false,,6.50,0.0130,true,1,216970
7290100704530,false,סוגת קמח כוסמין לבן ללא צורך בניפוי 1 קג,טחנות קמח שטיבל באר,IL,קמח כוסמין לבן ללא נ,קילוגרמים,1.00,"ק""ג",false,,16.90,16.9000,true,1,217275
7290100704578,false,"קמח כוסמין לבן תופח סוגת 1 ק""ג","שטיבל בע""\מ - טחנת קמח",IL,קמח כוסמין לבן 1 קג,קילוגרמים,1.00,"ק""ג",false,,14.90,14.9000,true,1,217276
7290100704684,false,"קמח שמרים כוסמין סוגת רב תכליתי 1 ק""ג סוגת",סוגת,IL,קמח שמרים כוסמין רב,קילוגרמים,1.00,"ק""ג",false,,19.90,19.9000,true,1,263107
7290100858592,false,אבקת קקאו עלית שקית 150 ג',הנסיך- מפעל לייצור ט,IL,קקאו עלית 150 גר,גרמים,150.00,100 גרם,false,,10.50,0.0700,true,1,99335
7290100858608,false,אבקת קקאו עלית שקית 500 ג',שטראוס קפה בי.ויn\.,IL,קקאו עלית 500 גר,גרמים,500.00,100 גרם,false,,26.90,0.0538,true,1,99336
7290100921401,false,"הוואי - שמפו קרטין מחזק 700 מ""ל",טרופיקל דגיל,IL,שמפו הוואי קרטין מחז,מיליליטרים,700.00,"100 מ""ל",false,,8.90,0.0127,false,1,147456
7290100922637,false,"הוואי שלישיית סבון נוזלי מי קוקוס 500 מ""ל",הנקל סוד,IL,שלישיה אל סבון הוואי,ליטרים,1.50,ליטר,false,,15.90,10.6000,true,1,191774
7290100924204,false,פרסיל אבקת כביסה רגיל 8 ק''ג,פרסיל Persil,IL,אבקת כביסה פרסיל 8 ק,קילוגרמים,8.00,"ק""ג",false,,54.90,6.8625,true,1,187421
7290100924457,false,שלישיית כדוריות סבון לאסלה לימון סוד 50 גרם,הנקל סוד,RS,סוד מארז כדוריות לאס,גרמים,150.00,100 גרם,false,,19.90,0.1327,true,1,185987
7290100924464,false,כדוריות סבון נתלה לאסלה עם אקונומיקה - 3 יח',הנקל סוד,HU,סוד מארז כדוריות שלי,יחידה,0.00,יחידה,false,,19.90,0.0000,true,1,210363
7290100924631,false,מרכך כביסה מרוכז לבגדי תינוקות ובעלי עור רגיש,"הנקל סוד בע""\מ",IL,מרכך כביסה מרוכז סוד,מיליליטרים,900.00,"100 מ""ל",false,,11.90,0.0132,true,1,189755
7290100925676,false,קולור קאצר 20 דפים לוכדי צבע למכונת כביס,"הנקל סוד בע""\מ",IE,קולור קאצ'ר 20 דפים,יחידה,0.00,יחידה,false,,21.90,0.0000,true,1,192766
7290100926598,false,"פרסיל אבקת כביסה 5 ק""ג",פרסיל Persil,IL,"א.כ. פרסיל שקית 5 ק""",קילוגרמים,5.00,"ק""ג",false,,44.90,8.9800,true,1,139851
7290101112228,false,גלידל פרי קרחון מופחת קלוריות בטעם אננס - 8 יח',הגלידות של פלדמן,IL,מאגדת שלגונים גלידל,גרמים,640.00,100 גרם,false,,24.90,0.0389,true,1,150804
7290101112921,false,גלידל פרי קרחון מופחת קלוריות פירות טרופיים - 8 יח',הגלידות של פלדמן,IL,גלידל פרי פירות טרופ,גרמים,640.00,100 גרם,false,,24.90,0.0389,true,1,202052
7290101113447,false,עשירייה גלידל מיני קסטה בטעמי שוקו ווניל 270 ג' פלדמן,הגלידות של פלדמן,IL,גלידל מיני סנדוויץ ב,גרמים,270.00,100 גרם,false,,29.90,0.1107,true,1,261102
7290101113454,false,מאגדת גלידל יוגורט אפרסק 8 יח 480 גרם,הגלידות של פלדמן,IL,גלידל יוגורט אפרסק 8,גרמים,480.00,100 גרם,false,,35.90,0.0748,true,1,211534
7290101410393,false,מתקן כביסה נירוסטה,,,מתקן כביסה נירוסטה,יחידה,0.00,יחידה,false,,179.90,0.0000,true,1,265956
7290101453871,false,נר מספר - 0 (1X12X60),סודי,CN,נר מספר 0,יחידה,0.00,יחידה,false,,3.90,0.0000,true,1,151046
7290101453888,false,נר מספר - 1 (1X12X60),סודי,CN,נר מספר 1,יחידה,0.00,יחידה,false,,3.90,0.0000,true,1,151034
7290101453895,false,נר מספר - 2 (1X12X60),סודי,CN,נר מספר 2,יחידה,0.00,יחידה,false,,3.90,0.0000,true,1,151047
7290101453901,false,נר מספר - 3 (1X12X60),סודי,CN,נר מספר 3,יחידה,0.00,יחידה,false,,3.90,0.0000,true,1,151035
7290101453918,false,נר מספר - 4 (1X12X60),סודי,CN,נר מספר 4,יחידה,0.00,יחידה,false,,3.90,0.0000,true,1,151036
7290101453925,false,נר מספר - 5 (1X12X60),סודי,CN,נר מספר- 5,יחידה,0.00,יחידה,false,,3.90,0.0000,true,1,151135
7290101453932,false,נר מספר - 6 (1X12X60),סודי,CN,נר מספר 6,יחידה,0.00,יחידה,false,,3.90,0.0000,true,1,151037
7290101453949,false,נר מספר 7,סודי,IL,נר מספר 7,יחידה,0.00,יחידה,false,,3.90,0.0000,true,1,151038
7290101453956,false,נר מספר - 8 (1X12X60),סודי,CN,נר מספר 8,יחידה,0.00,יחידה,false,,3.90,0.0000,true,1,151039
7290101453963,false,נר מספר - 9 (1X12X60),סודי,CN,נר מספר 9,יחידה,0.00,יחידה,false,,3.90,0.0000,true,1,151040
7290101455387,false,ביצת הפתעה עם ממתק,,,ביצת הפתעה עם ממתק,יחידה,0.00,יחידה,false,,8.00,0.0000,true,1,194822
7290101486688,false,חטיף דגנים עם שוקולד ללא גלוטן וסוכר פרי 5*20 גרם,טבעית מוצרים מן הטבע בעמ,IL,פרי חטיפי דגנים עם ש,גרמים,90.00,100 גרם,false,,16.50,0.1833,true,1,111722
7290101488248,false,"ליידי ספיד סטיק - דאודורנט רול און לאישה ורוד פרש פיושן 50 מ""ל",ליידי ספיד סטיק Lady Speed Stick,IT,ליידי ספיד סטיק רול,מיליליטרים,50.00,"100 מ""ל",false,,14.90,0.2980,true,1,116005
7290101488286,false,"ליידי ספיד סטיק - דאודורנט ספריי לאישה 24/7 פרש פיוזן ורוד 150 מ""ל",ליידי ספיד סטיק Lady Speed Stick,RU,ליידי 24/7 ספריי ורו,מיליליטרים,150.00,"100 מ""ל",false,,14.90,0.0993,true,1,120427
7290101488323,false,ליידי ספיד סטיק - דאודורנט סטיק לאישה ללא סימן ירוק סטיק 65 גרם,ליידי ספיד סטיק Lady Speed Stick,US,ליידי ספיד סטיק ללא,גרמים,65.00,100 גרם,false,,19.90,0.3062,true,1,115589
7290101501138,false,כרובית ארוזה יחידה,אראל תוצרת חקלאית בע,IL,כרובית ארוזה,יחידה,0.00,יחידה,false,,9.90,0.0000,true,1,265051
7290101501374,false,עגבנית מגי ארוזה,,,דלעת ארוזה,קילוגרמים,1.00,"ק""ג",true,,8.90,8.9000,true,1,262484
7290101503507,false,מיני בטטה למיקרו נוף,חקלאי,IL,מיני בטטה למיקרו נוף,קילוגרמים,1.30,"ק""ג",false,,12.90,9.9231,true,1,208396
7290101551027,false,קפסולות קפה אספרסו חזק במיוחד 14 עלית 10 יח',הנסיך- מפעל לייצור ט,IL,קפסולות 14 למכונת נס,גרמים,50.00,100 גרם,false,,16.90,0.3380,true,1,205208
7290101551263,false,סילאן טבעי ללא תוספת סוכר,מכוורת יד מרדכי,IL,סילאן טבעי יד מרדכי,גרמים,700.00,100 גרם,false,,22.90,0.0327,true,1,203974
7290101551300,false,סילאן טבעי ללא תוספת סוכר בקבוק לחיץ,מכוורת יד מרדכי שטראוס ב,IL,סילאן טבעי לחיץ 380,גרמים,380.00,100 גרם,false,,15.90,0.0418,true,1,203975
7290101551539,false,יוגורט PRO בטעם אפרסק 0% 20 גרם חלבון בגביע,"שטראוס בריאות בע""מ",IL,דנונה פרו 20 אפרסק,גרמים,200.00,100 גרם,false,,6.20,0.0310,false,1,204226
7290101551584,false,תפוצ'יפס קידס מארז 10 יח' * 20 ג',"שטראוס פריטו ליי בע""מ )פ",IL,מארז תפוצ'יפס קידס 9,גרמים,180.00,100 גרם,false,,14.90,0.0828,false,1,204500
7290101551638,false,חטיף צ'יטוס כאפה בטעם קטשופ - מארז 10 יח',"שטראוס פריטו ליי בע""מ )פ",IL,מארז צ'יטוס כאפה 9 י,גרמים,180.00,100 גרם,false,,14.50,0.0806,false,1,204503
7290101551645,false,מארז ציטוס טעם פיצה איקס עיגול 10* 20 גר,"שטראוס פריטו ליי בע""מ )פ",IL,מארז צ'יטוס איקס עיג,גרמים,180.00,100 גרם,false,,14.50,0.0806,false,1,204504
7290101582359,false,יין המושבה שרדונה 750 מל,בנימינה Binyamina,,יין המושבה שרדונה,מיליליטרים,750.00,"100 מ""ל",false,,27.90,0.0372,true,1,202505
7290101582373,false,יין בנימינה המושבה גראנש 2017,יקבי בינימינה,IL,יין המושבה גראנש בלא,מיליליטרים,750.00,"100 מ""ל",false,,27.90,0.0372,true,1,202503
7290101582380,false,יין בנימינה המושבה גוורצטרמינר 2017,,,יין המושבה גוורצטרמי,מיליליטרים,750.00,"100 מ""ל",false,,27.90,0.0372,true,1,202506
7290101582397,false,יין בנימינה המושבה מ,יקבי בינימינה,IL,יין המושבה מרלו,מיליליטרים,750.00,"100 מ""ל",false,,27.90,0.0372,true,1,202501
7290101582496,false,"יין בנימינה אמרלד ריזלינג כחול 750 מ""ל",יקבי בינימינה,IL,יין כחול אמרלד ריזלי,יחידה,0.00,יחידה,false,,37.90,0.0000,true,1,213940
7290101828792,false,כפפות ניטריל ללא אבק,,,כפפות ניטריל ללא אבק,יחידה,0.00,יחידה,false,,19.90,0.0000,true,1,261632
7290101828808,false,כפפות ניטריל ללא אבק,,,כפפות ניטריל ללא אבק,יחידה,0.00,יחידה,false,,19.90,0.0000,true,1,261633
7290101828815,false,כפפות נטריל כחולות ללא אבקה L,,,כפפות ניטריל ללא אבק,יחידה,0.00,יחידה,false,,19.90,0.0000,true,1,261634
7290101828822,false,כפפות ניטריל ללא אבק,,,כפפות ניטריל ללא אבק,יחידה,0.00,יחידה,false,,19.90,0.0000,true,1,261635
7290101863410,false,"סיליט באנג ספריי ניקוי עוצמתי מכיל אקונומיקה 750 מ""ל",סיליט באנג Cillit Bang,PL,סיליט באנג ספריי אקו,מיליליטרים,750.00,"100 מ""ל",false,,12.90,0.0172,false,1,118926
7290101864127,false,"ספריי להסרת כתמים 750 מ""ל וניש קליה",קליה וניש Kalia Vanish,IL,קליה אוקסי ספריי,יחידה,750.00,יחידה,false,,16.90,0.0225,true,1,137801
7290101865261,false,"פיניש נוזל הברקה למדיח 800 מ""ל",רקיט בנקיזר,PL,פיניש נוזל הברקה 800,מיליליטרים,800.00,"100 מ""ל",false,,19.90,0.0249,true,1,125626
7290101866633,false,וניש קליה גל להסרת כתמים 3 ליטר אוקסיפרש,קליה וניש Kalia Vanish,IL,קליה וניש ג'ל 3 ליטר,ליטרים,3.00,ליטר,false,,29.90,9.9667,false,1,133758
7290101866787,false,וניש קליה נוזל מסיר כתמים לכביסה לבנה 3 ליטר,קליה וניש Kalia Vanish,IL,קליה 3 ליטר,ליטרים,3.00,ליטר,false,,29.90,9.9667,false,1,135401
7290101868958,false,"פיניש נוזל הברקה למדיח בניחוח לימון 800 מ""ל",רקיט בנקיזר,PL,פיניש נוזל הברקה לימ,מיליליטרים,800.00,"100 מ""ל",false,,19.90,0.0249,true,1,149729
7290101869702,false,"ג 'ל פיניש AIO MAX מרוכז למדיח 600מ""ל",פיניש רקיט בנקיזר,PL,פיניש ג'ל רגיל 600 מ,מיליליטרים,600.00,"100 מ""ל",false,,34.90,0.0582,true,1,186501
7290101869719,false,ג'ל מרוכז למדיח פיניש all in one max בניחוח לימון,פיניש רקיט בנקיזר,PL,"פיניש ג'ל 600 מ""ל לי",מיליליטרים,600.00,"100 מ""ל",false,,34.90,0.0582,true,1,186489
7290101869726,false,ג'ל מרוכז למדיח הכל ב-1 פיניש 1 ליטר,רקיט בנקיזר,PL,פיניש ג'ל 1 ליטר,ליטרים,1.00,ליטר,false,,42.90,42.9000,true,1,186319
7290101869733,false,פיניש ג'ל למדיח כלים בניחוח לימון 1 ליטר ALL IN 1,רקיט בנקיזר,PL,פיניש ג'ל לימון 1 לי,ליטרים,1.00,ליטר,false,,42.90,42.9000,true,1,186320
7290101869788,false,"אירוויק ספריי אוטומטי מילוי בניחוח אואזיס 250 מ""ל*",איירוויק Air Wick,HU,מילוי מבשם אויר אטומ,מיליליטרים,250.00,"100 מ""ל",false,,14.90,0.0596,true,1,186042
7290101869917,false,"אירוויק מילוי מבשם אויר אטומטי היער הקסום 19 מ""ל",איירוויק Air Wick,GB,מילוי מבשם אויר אטומ,מיליליטרים,250.00,"100 מ""ל",false,,14.90,0.0596,true,1,186050
7290101974185,false,כבל מאריך 10 מטר,,,כבל מאריך 10 מטר,יחידה,0.00,יחידה,false,,69.90,0.0000,true,1,196378
7290101980919,false,מארז שלישיית ביצי שוקולד ממותגים,זאיני,IT,שלישיית ביצי הפתעה,גרמים,60.00,100 גרם,false,,12.90,0.2150,true,1,114188
7290101982203,false,מימייה ספייס נסיכות,סטור,,מימייה ספייס- מיקי,יחידה,0.00,יחידה,false,,23.90,0.0000,true,1,125772
7290101985365,false,בקבוק אלומיניום גדול,,,בקבוק גדול ממותג,יחידה,0.00,יחידה,false,,28.90,0.0000,true,1,148333
7290101985433,false,הפתעות לימי הולדת,NOVELTY,,הפתעות לילדים,יחידה,0.00,יחידה,false,,6.40,0.0000,true,1,185158
7290101999652,false,נרות מטה כוכבים - מיקי(1X24),סודי,CN,נרות מטה כוכבים מיקי,יחידה,0.00,יחידה,false,,6.40,0.0000,true,1,151041
7290101999676,false,נרות מטה כוכבים - מכוניות(1X24),,,נרות מטה כוכבים מכונ,יחידה,0.00,יחידה,false,,6.40,0.0000,true,1,151020
7290101999737,false,נרות מטה לבבות - מיני(1X24),סודי,CN,נרות מטה לבבות מיני,יחידה,0.00,יחידה,false,,6.40,0.0000,true,1,151024
7290101999775,false,נרות מטה לבבות - פאוור ריינג''רס,,,נרות מטה לבות,יחידה,0.00,יחידה,false,,6.40,0.0000,true,1,262462
7290102003853,false,נרות מטה כוכבים מיני מאוס,סודי,,נרות מטה כוכבים מיני,יחידה,0.00,יחידה,false,,6.40,0.0000,true,1,185304
7290102006441,false,זר יום הולדת לראש עם פרחים לבן 1 יחידה,שמחה זה אנחנו,CN,זר יום הולדת לראש עם,יחידה,0.00,יחידה,false,,13.80,0.0000,true,1,151017
7290102030330,false,תפוצ'יפס קראנצ' בטעם מקסיקני 200 גרם,"שטראוס פריטו ליי בע""\מ )",IL,תפוצ'יפס קראנצ' מקסי,גרמים,200.00,100 גרם,false,,11.90,0.0595,false,1,99484
7290102031276,false,מארז 8 יחידות אקטימל משקה יוגורט בטעם תות בננה,מיוצר עי קונדיטוריית,IL,אקטימל תות 1.5% שמינ,מיליליטרים,800.00,"100 מ""ל",false,,21.10,0.0264,true,1,95938
7290102032334,false,אבקה להכנת משקה קפה בטעם וניל,שטראוס קפה בי.וי,IL,קפה נמס בטעם וניל 20,גרמים,200.00,100 גרם,false,,23.90,0.1195,false,1,114103
7290102035151,false,יוגורט אקטיביה 1.5% 150 גרם החזרות,שטראוס דנונה,IL,אקטיביה 1.5% טבעי,גרמים,150.00,100 גרם,false,,3.80,0.0253,true,1,137666
7290102060764,false,מרידול מברשת שיניים אריזת זוג,יבואן ומשווק: ש. שסט,CH,מרידול מברשת שיניים,יחידה,0.00,יחידה,false,,34.90,0.0000,true,1,134389
7290102060979,false,"אלמקס משחת שיניים למניעת עששת 100מ""ל",יבואן ומשווק: ש. שסט,PL,אלמקס משחת שיניים מש,גרמים,100.00,100 גרם,false,,18.90,0.1890,false,1,117383
7290102062195,false,"משחת שיניים לילדים לגילאי 6-12 אלמקס 75 מ""ל",יבואן ומשווק: ש. שסט,PE,אלמקס משחת שיניים ג',מיליליטרים,75.00,"100 מ""ל",false,,15.90,0.2120,true,1,121689
7290102300822,false,גבינה צ'דר אנגלית כתומה 200 גרם,דאולי צ'יסמייקרס,GB,גבינת צ'דר אנגלי כתו,גרמים,200.00,100 גרם,false,,22.90,0.1145,true,1,194011
7290102300860,false,"גבינת צ'דר אנגלית לבן, 200 גרם",דאוליי צ'יסמייקרס,GB,גבינת צ'דר אנגלי,גרמים,200.00,100 גרם,false,,22.90,0.1145,true,1,194012
7290102302246,false,גבינת גאודה הולנדית 200 גרם,מיוצר עי קונדיטוריית,NL,גבינת גאודה 200 גר,גרמים,200.00,100 גרם,false,,22.90,0.1145,true,1,196488
7290102302253,false,"גבינת גאודה עיזים חצי קשה 34%, 200 גרם",מיוצר עי קונדיטוריית,NL,גאודה עיזים 200 גר,גרמים,200.00,100 גרם,false,,31.90,0.1595,true,1,196489
7290102302819,false,פילה טונה בהירה בשמן זית 120 גרם,רמירז אנד קה פילהאוס,PT,גושי טונה בהירה בשמן,גרמים,120.00,100 גרם,false,,14.90,0.1242,true,1,213907
7290102302864,false,גבינה הולנדית עם פסטו ירוק 34%,הנרי ויליך Henri Willig,NL,גאודה פסטו ירוק,גרמים,200.00,100 גרם,false,,34.90,0.1745,true,1,211917
7290102302888,false,גבינת גאודה כמון 200 גרם,מיוצר עי קונדיטוריית,NL,גאודה כמון 200 גר,גרמים,200.00,100 גרם,false,,29.90,0.1495,true,1,210514
7290102303977,false,גוש טונה בשמן זית רוברט 140 גרם,קונסרבס פורטוגל נורטה,PT,גוש טונה בשמן זית,גרמים,140.00,100 גרם,false,,11.90,0.0850,true,1,265325
7290102303984,false,גוש טונה במים רוברט 140 גרם,קונסרבס פורטוגל נורטה,PT,גוש טונה רוברט במים,גרמים,140.00,100 גרם,false,,10.90,0.0779,true,1,265326
7290102390427,false,יוגורט ביו עם קציפת תות 3% שומן 150 ג' מולר,מולר Muller,IL,יוגורט תות 3% מולר 1,מיליליטרים,150.00,"100 מ""ל",false,,5.30,0.0353,true,1,114267
7290102390465,false,יוגורט ביו עם קציפת אפרסק ופסיפלורה 3% שומן 150 ג' מולר,מולר Muller,IL,יוגורט אפרסק ופסיפלו,מיליליטרים,150.00,"100 מ""ל",false,,5.30,0.0353,false,1,114269
7290102390489,false,יוגורט ביו עם קציפת לימון 3% שומן 150 ג' מולר,מולר Muller,IL,יוגורט לימון 3% - 15,מיליליטרים,150.00,"100 מ""ל",false,,5.30,0.0353,true,1,114270
7290102391301,false,"מולר ביאנקו נאטורל ביו 1.7% 150 מ""ל",מולר,IL,יוגורט ביו טבעי,יחידה,150.00,יחידה,false,,3.30,0.0220,true,1,116800
7290102391325,false,"יוגורט ביו 2.8% טבעי מולר 150מ""ל",טרה,IL,יוגורט ביו טבעי,יחידה,150.00,יחידה,false,,3.30,0.0220,true,1,116801
7290102391844,false,יוגורט ביו עם קציפת פירות יער3% שומן 150 ג' מולר,מולר Muller,IL,יוגורט מולר פרופ פיר,מיליליטרים,150.00,"100 מ""ל",false,,5.30,0.0353,true,1,117427
7290102392049,false,גבינה לאפיה תבור ללא תוספת מלח 5% משק צוריאל 500 גרם,מחלבת משק צוריאל,IL,תבור גבינה לאפיה 5%,גרמים,500.00,100 גרם,false,,25.90,0.0518,true,1,119546
7290102392094,false,חלב עיזים 3.7% בקרטון משק צוריאל 1 ליטר,מילקו תעשיות בעמ,IL,חלב עיזים בקרטון 3.7,ליטרים,1.00,ליטר,false,,16.50,16.5000,true,1,119414
7290102392254,false,חלב בקרטון 1% 2 ליטר טרה,מילקו תעשיות בעמ,IL,חלב 2 ליטר 1% בקרטון,ליטרים,2.00,ליטר,false,,11.72,5.8600,false,1,119419
7290102392728,false,מולר ביאנקו נטורל לבן טבעי 2.8% 200 ג',"טרה, פארק תעשיות בע""",IL,מולר ביאנקו נטורל 2.,יחידה,200.00,יחידה,false,,3.90,0.0195,true,1,122217
7290102393039,false,"יוגורט ביו קרמי מיקס פצפוצי שוקולד 7.6% מולר 170 מ""ל",קריות זול,IL,מולר מיקס יוגורט עם,גרמים,170.00,100 גרם,false,,6.20,0.0365,false,1,123455
7290102393060,false,"יוגורט ביו קרמי מיקס גלילי ופל ואגוזים 5.9% מולר 170 מ""ל",קריות זול,IL,מולר מיקס יוגורט עם,גרמים,170.00,100 גרם,false,,6.20,0.0365,true,1,123456
7290102393169,false,"יוגורט סימפלי פרוט בטעם תות 3% מולר 150 מ""ל",מולר Muller,IL,מולר סימפלי פרויט תו,מיליליטרים,150.00,"100 מ""ל",false,,5.30,0.0353,false,1,126901
7290102393176,false,סימפלי פרוט יוגורט אפרסק 3% שומן 150 ג' מולר,מילקו תעשיות בעמ,IL,מולר סימפלי פרויט אפ,מיליליטרים,150.00,"100 מ""ל",false,,5.30,0.0353,false,1,126902
7290102393190,false,"יוגורט סימפלי פרוט בטעם פירות יער 3% מולר 150 מ""ל",מילקו תעשיות בעמ,IL,מולר סימפלי פרויט פי,מיליליטרים,150.00,"100 מ""ל",false,,5.30,0.0353,false,1,126904
7290102393268,false,**טרה גבינה לבנה אריזת חיסכון 5% 750ג,הפריט בפיקוח,IL,גבינה לבנה 750 גר' ט,גרמים,750.00,100 גרם,false,,14.94,0.0199,false,1,123724
7290102393299,false,יוגורט עיזים לשתייה 3% משק צוריאל 500 גרם,מיוצר עי קוד יצרן HG,IL,יוגורט עיזים לשתיה 3,גרמים,500.00,100 גרם,false,,12.90,0.0258,true,1,124917
7290102393770,false,יוגורט פרי מיני תות,מולר,,יוגורט פרי מיני תות,גרמים,100.00,100 גרם,false,,2.90,0.0290,true,1,216101
7290102393848,false,יוגורט עיזים 2.4% עם תות משק צוריאל 150 גרם,מחלבת משק צוריאל,IL,יוגורט עיזים תות 2.5,גרמים,140.00,100 גרם,false,,6.20,0.0443,true,1,128645
7290102393855,false,יוגורט עיזים 2.5% עם אפרסק משק צוריאל 150 גרם,מחלבת משק צוריאל,IL,יוגורט עיזים אפרסק 2,גרמים,140.00,100 גרם,false,,6.20,0.0443,true,1,128607
7290102393947,false,סימפלי פרוט יוגורט בטעם קיווי 3% שומן 150 ג' מולר,מילקו תעשיות בעמ,IL,מולר סימפלי פרוט קיו,מיליליטרים,150.00,"100 מ""ל",false,,5.30,0.0353,false,1,133150
7290102394081,false,"יוגורט ביו קרמי מיקס קורנפלקס מצופה שוקולד מולר 170 מ""ל",מילקו תעשייה בעמ,IL,מולר מיקס יוגורט קרמ,גרמים,170.00,100 גרם,false,,6.20,0.0365,false,1,133192
7290102394258,false,גליל גבינת עיזים מה עז 9% משק צוריאל 180 גרם,מחלבת משק צוריאל,IL,עז מה 180 גר' 9%,גרמים,180.00,100 גרם,false,,23.90,0.1328,true,1,133814
7290102394463,false,נעם גבינה צהובה פרוסה ואקום 28% טרה 500 גרם,Unknown,IL,גבינה צהובה 28% וואק,גרמים,500.00,100 גרם,false,,29.90,0.0598,true,1,142494
7290102394821,false,נעם גבינה צהובה פרוסה 28% טרה 200 גרם,מילקו תעשיות בעמ,IL,גבינה צהובה טרה דק ד,גרמים,200.00,100 גרם,false,,16.90,0.0845,false,1,136597
7290102394845,false,נעם גבינה צהובה לייט פרוסה דק דק 9% טרה 200 גרם,מילקו תעשיות בעמ,IL,גבינה צהובה לייט דק,גרמים,200.00,100 גרם,false,,17.50,0.0875,false,1,136611
7290102395217,false,מאגדת שמיניה מולר במתיקות מעודנת 1.2% 8*150 ג',מולר Muller,IL,מאגדת יוגורט מולר שמ,גרמים,1200.00,100 גרם,false,,21.00,0.0175,true,1,140514
7290102395224,false,שמיניית יוגורט ביו ביאנקו 1.7% מולר 150 גרם,מולר Muller,IL,מאגדת מולר לבן ביו 1,גרמים,1200.00,100 גרם,false,,18.50,0.0154,false,1,140449
7290102395231,false,שמיניית יוגורט ביו ביאנקו 2.8% מולר 150 גרם,מולר Muller,IL,מאגדת יוגורט מולר בי,גרמים,1200.00,100 גרם,false,,18.50,0.0154,false,1,140222
7290102395262,false,מארז 8 גביעים יוגורט בטעם תות שדה ואפרסק 3% Simply Fruit,מולר Muller,IL,מאגדת מולר תות אפרסק,גרמים,1200.00,100 גרם,false,,31.90,0.0266,true,1,142734
7290102395347,false,"יוגורט 6% בכד 3 ק""ג רבנות",טרה,IL,יוגורט כד 3 ליטר 7%,ליטרים,3.00,ליטר,false,,31.00,10.3333,true,1,208077
7290102395439,false,מארז 8 גביעים יוגורט בטעם פירות יער וקיווי 3% Simply Fruit,מילקו תעשיות בעמ,IL,מאגדת שמינייה סימפלי,יחידה,0.00,יחידה,false,,31.90,0.0000,true,1,143808
7290102395446,false,מעדן חלב בטעם וניל עם קצפת 123 ג' טרה,Unknown,IL,מוו מעדן וניל קצפת,גרמים,123.00,100 גרם,false,,2.90,0.0236,true,1,140625
7290102395477,false,מעדן חלב בטעם שוקולד עם קצפת 123 ג' טרה,Unknown,IL,מו מעדן שוקולד קצפת,גרמים,123.00,100 גרם,false,,2.90,0.0236,true,1,140442
7290102396399,false,שמיניית מעדן שוקולד מוו 1.5% טרה 100 גרם,Unknown,IL,מאגדת שמינייה מעדן ש,גרמים,800.00,100 גרם,false,,13.90,0.0174,true,1,148625
7290102396405,false,שמיניית מעדן וניל מוו 1.5% טרה 100 גרם,Unknown,IL,מאגדת שמינייה מעדן ו,גרמים,800.00,100 גרם,false,,13.90,0.0174,true,1,148626
7290102396580,false,מעדן מוו שוקולד ומוס שוקולד טרה 118 גרם,טרה,IL,מעדן מוו שוקולד ומוס,גרמים,123.00,100 גרם,false,,2.90,0.0236,true,1,148627
7290102396597,false,מעדן מוו וניל ומוס שוקולד טרה 118 גרם,טרה,IL,מעדן מוו וניל ומוס ש,גרמים,123.00,100 גרם,false,,2.90,0.0236,true,1,148628
7290102396665,false,נעם גבינה צהובה דק דק 15% טרה 200 גרם,מילקו תעשיות בעמ,IL,גבינה צהובה נעם דק ד,גרמים,200.00,100 גרם,false,,16.90,0.0845,true,1,190310
7290102396672,false,"גבנ""צ דק דק נעם פתיחה חוזרת 9% 360 גרם",מילקו תעשיות בעמ,IL,גבינה צהובה נעם 9%,גרמים,360.00,100 גרם,false,,28.50,0.0792,true,1,188112
7290102396719,false,יוגורט סימפלי תות 0% מולר 150 גרם,מולר Muller,IL,יוגורט סימפלי תות 0%,גרמים,150.00,100 גרם,false,,5.30,0.0353,false,1,150204
7290102396740,false,מארז 8 גביעים יוגורט בטעם תות שדה ואפרסק 0% Simply Fruit,מילקו תעשיות בעמ,IL,מאגדת שמינייה מולר ס,גרמים,1200.00,100 גרם,false,,31.90,0.0266,true,1,150207
7290102397204,false,"גבנ""צ דק דק נעם פתיחה חוזרת 22% 200 גרם",מילקו תעשיות בעמ,IL,גבינה צהובה נעם דק ד,גרמים,200.00,100 גרם,false,,16.90,0.0845,true,1,188105
7290102397334,false,גבינה בולגרית גלילית 5% משק צוריאל 250 גרם,מחלבת משק צוריאל,IL,בולגרית 5% צוריאל,גרמים,250.00,100 גרם,false,,22.50,0.0900,true,1,190376
7290102397464,false,יוגורט ביו בתוספת גרעינים אגוזים וחמוציות 170 ג' מולר,מולר Muller,IL,יוגורט מולר נטורל+גר,גרמים,170.00,100 גרם,false,,6.20,0.0365,true,1,196672
7290102397600,false,מיקס יוגורט בתוספת שקדים ובוטנים מקורמלים 170 ג' מולר,מילקו תעשייה בעמ,IL,מולר מיקס בתוספת שקד,גרמים,170.00,100 גרם,false,,6.20,0.0365,true,1,192845
7290102397617,false,יוגורט ביו קרמי עם כדורים מצופים שוקולד חום לבן,מולר Muller,IL,מולר מיקס בתוספת קלי,גרמים,170.00,100 גרם,false,,6.20,0.0365,true,1,192846
7290102397730,false,פרוסות גבינה אמנטל חצי קשה 30% שומן 200 ג' נעם,Unknown,IL,נעם אמנטל 100% רכיבי,גרמים,200.00,100 גרם,false,,17.50,0.0875,true,1,197747
7290102397747,false,פרוסות גבינת מוצרלה נעם מחלב בקר 22%,טרה,IL,מוצרלה 200 גר' נעם,גרמים,200.00,100 גרם,false,,18.90,0.0945,true,1,200461
7290102397891,false,גבינה מותכת משק צוריאל 100 גרם,משק צוריאל,IL,גבינה מותכת 18% משק,גרמים,100.00,100 גרם,false,,7.30,0.0730,true,1,196671
7290102398065,false,חלב טרה בקרטון 2 ליטר מהדרין 3% - מוצר בפיקוח,הפריט בפיקוח,IL,חלב בקרטון 3% טרה 2,ליטרים,2.00,ליטר,false,,12.46,6.2300,false,1,198734
7290102398072,false,"חלב קרטון 3%-1 ליטר "" טרה"" -מוצר פיקוח",הפריט בפיקוח,IL,חלב טרה 3% בקרטון 1,ליטרים,1.00,ליטר,false,,6.23,6.2300,false,1,198254
7290102398331,false,חלב מועשר דל לקטוז 2% שומן טרה 1 ליטר,Unknown,IL,חלב מועשר דל לקטוז 1,ליטרים,1.00,ליטר,false,,7.80,7.8000,false,1,200530
7290102398553,false,משקה חלב בטעם שוקו 2% XL אריזה משפחתית,מילקו תעשיות בעמ,IL,שוקו 1.5 ליטר טרה,ליטרים,1.50,ליטר,false,,16.90,11.2667,true,1,213329
7290102398560,false,שוקו טרה מועשר בבקבוק 1 ליטר,מילקו תעשיות בעמ,IL,שוקו טרה מועשר בקבוק,ליטרים,1.00,ליטר,false,,12.50,12.5000,true,1,203989
7290102398577,false,משקה חלב בטעם שוקו 2% בבקבוק אישי,מילקו תעשיות בעמ,IL,שוקו טרה מועשר בקבוק,מיליליטרים,250.00,"100 מ""ל",false,,5.50,0.0220,true,1,203990
7290102398614,false,משקה חלב בטעם בננה טרה 1 ליטר,מילקו תעשיות בעמ,IL,משקה חלב בטעם בננה 1,ליטרים,1.00,ליטר,false,,12.50,12.5000,true,1,204321
7290102398782,false,משקה סויה קלאסי משק צוריאל 1 ליטר,מחלבת משק צוריאל,IT,משקה סויה קלאסי 1 לי,ליטרים,1.00,ליטר,false,,11.90,11.9000,true,1,210162
7290102398799,false,משקה סויה במתיקות מופחתת משק צוריאל 1 ליטר,מחלבת משק צוריאל,IT,משקה סויה במתיקות מע,ליטרים,1.00,ליטר,false,,11.90,11.9000,true,1,210031
7290102398805,false,משקה סויה בטעם וניל משק צוריאל 1 ליטר,מחלבת משק צוריאל,IT,משקה סויה בטעם וניל,ליטרים,1.00,ליטר,false,,11.90,11.9000,true,1,209887
7290102398836,false,משקה שקדים קלאסי משק צוריאל 1 ליטר,מחלבת משק צוריאל,IT,משקה שקדים קלאסי משק,ליטרים,1.00,ליטר,false,,13.50,13.5000,true,1,209815
7290102399048,false,פרוסות גבינת קשקבל נעם 200 ג' טרה,מילקו,IL,גבינת קשקבל נעם פתיח,גרמים,200.00,100 גרם,false,,22.90,0.1145,true,1,206898
7290102399635,false,"מולר פרופ יוגורט ביו עם קציפת קוקוס ואננס 150 מ""ל",מולר Muller,IL,יוגורט Bio עם קציפת,גרמים,150.00,100 גרם,false,,5.30,0.0353,true,1,212838
7290102399697,false,סימפלי פרוט מנגו 1.5% שומן 150 ג' מולר,מילקו תעשיות בעמ,IL,יוגורט סימפלי פרוט 1,מיליליטרים,150.00,"100 מ""ל",false,,5.00,0.0333,true,1,210545
7290102399772,false,מולר ספרדבל-ממרח חמאת מולר במליחות עדינה 250 גרם,G Weihenstephan Molkerei,DE,ממרח חמאה במליחות עד,גרמים,250.00,100 גרם,false,,18.90,0.0756,true,1,212840
7290102399796,false,מעדן יוגורט לבן מועשר בחלבון 200 ג' מולר אקטיב,מולר Muller,IL,מולר אקטיב יוגורט 25,גרמים,200.00,100 גרם,false,,5.80,0.0290,true,1,213760
7290102399802,false,יוגורט עם תות מולר אקטיב מועשר בחלבון 200 גר',מולר Muller,IL,מולר אקטיב יוגורט תו,גרמים,200.00,100 גרם,false,,6.20,0.0310,true,1,213761
7290102399819,false,יוגורט עם פירות יער מולר אקטיב מועשר בחלבון 200 גר',מולר Muller,IL,מולר אקטיב יוגורט פי,גרמים,200.00,100 גרם,false,,6.20,0.0310,true,1,213762
7290102399857,false,מולר אקטיב לייט 20 גרם חלבון 0% שומן עם תות 200 גרם,מולר Muller,IL,מולר אקטיב לייט עם ת,גרמים,200.00,100 גרם,false,,6.20,0.0310,true,1,212484
7290102841899,false,אבקה להכנת פלאפל 180 גרם,י.כהן,,אבקת פלאפל,גרמים,180.00,100 גרם,false,,10.90,0.0606,true,1,212625
7290102842360,false,תערובת להכנת סופלה בטעם שוקולד בלגי,י.כהן Kahan's,,תערובת להכנת סופלה ש,יחידה,0.00,יחידה,false,,14.50,0.0000,true,1,134873
7290102844364,false,תערובת להכנת עוגת שיש 560ג',י.כהן,,תערובת להכנת עוגת שי,גרמים,560.00,100 גרם,false,,13.90,0.0248,true,1,193791
7290103120658,false,דאודורנט ספיד סטיק גל שחור 85 גרם,הנסיך- מפעל לייצור ט,US,ספיד סטיק 24/7 ג'ל ש,גרמים,85.00,100 גרם,false,,19.90,0.2341,true,1,118646
7290103124588,false,"סבון נוזלי ארומה בניחוח לבנדר פטצ'ולי פלמוליב 750 מ""ל",הנסיך- מפעל לייצור ט,TR,פלמוליב סבון נוזלי ס,מיליליטרים,750.00,"100 מ""ל",false,,19.90,0.0265,true,1,133868
7290103124601,false,"תחליב רחצה נוזל חלב ודבש משאבה 750מ""ל פלמוליב",הנסיך- מפעל לייצור ט,TR,פלמוליב סבון נוזלי ח,מיליליטרים,750.00,"100 מ""ל",false,,19.90,0.0265,true,1,133870
7290103126797,false,"קולגייט משחת שיניים סנסיטיב פרו ריליף 75 מ""ל",הנסיך- מפעל לייצור ט,BR,קולגייט סנסטיב פרו ר,מיליליטרים,75.00,"100 מ""ל",false,,19.90,0.2653,false,1,127802
7290103128739,false,מקלוני כותנה לתינוק בלונס 50 יחידות,הנסיך- מפעל לייצור ט,GR,בלונס מקלות אזניים ל,יחידה,0.00,יחידה,false,,5.90,0.0000,true,1,137137
7290103129378,false,ספיד סטיק - דאודורנט ג'ל לגבר איקס 5 85 גרם,הנסיך- מפעל לייצור ט,US,ספיד סטיק 24/7 ג'ל X,יחידה,0.00,יחידה,false,,19.90,0.0000,true,1,139809
7290103400194,false,"כרוב לבן 400 גר בד""צ ירקות שטראוס",שטראוס בריאות ירקות טריי,IL,כרוב לבן שטראוס 400ג,גרמים,400.00,100 גרם,false,,9.50,0.0238,true,1,124253
7290103400231,false,"גזר מגורד שטראוס 400 גרם בד""צ",שטראוס בריאות ירקות טריי,IL,"גזר שטראוס 400ג' בד""",גרמים,400.00,100 גרם,false,,9.50,0.0238,true,1,124254
7290103400255,false,"סלט קולסלאו 400 גרם בד""צ ירקות שטראוס",שטראוס בריאות ירקות טריי,IL,סלט קולסלאו 400ג' בד,גרמים,400.00,100 גרם,false,,9.50,0.0238,true,1,124255
7290103401429,false,קפה קצב ברזילאי אוריגינס 200 גר,הנסיך- מפעל לייצור ט,IL,קפה נמס קצב ברזילאי,גרמים,200.00,100 גרם,false,,24.90,0.1245,false,1,120634
7290103404758,false,סלט כרוב אדום במיונז אחלה 120 גרם,מיוצר עי קונדיטוריית,IL,סלט כרוב 120 גר,גרמים,120.00,100 גרם,false,,5.00,0.0417,true,1,119483
7290103408206,false,עלי חסה ערבית שטופים שטראוס 250 גרם,שטראוס בריאות ירקות טריי,IL,עלי חסה בקופסא שטראו,גרמים,250.00,100 גרם,false,,10.50,0.0420,true,1,121446
7290103681197,false,"יין הר שיראז מיתוג תנשמת 750 מ""ל",מיוצר על ידי יקב תבור,IL,הר TABOR שיראז 750 מ,מיליליטרים,750.00,"100 מ""ל",false,,34.90,0.0465,true,1,205854
7290103681227,false,"יין הר גוורצטרמינר מיתוג תנשמת 750 מ""ל",מיוצר על ידי יקב תבור,IL,הר TABOR גיוורצטרמינ,מיליליטרים,750.00,"100 מ""ל",false,,34.90,0.0465,true,1,205855
7290103681234,false,"יין הר רוזה מיתוג תנשמת 750 מ""ל",מיוצר על ידי יקב תבור,IL,"הר TABOR רוזה 750 מ""",מיליליטרים,750.00,"100 מ""ל",false,,34.90,0.0465,true,1,205856
7290103681241,false,"יין הר מוסקטו מיתוג תנשמת 750 מ""ל",יקב תבור,IL,יין תבור הר מוסקטו,מיליליטרים,750.00,"100 מ""ל",false,,34.90,0.0465,true,1,206221
7290104061417,false,סלט חומוס עם טחינה אחלה 400 גרם,"שטראוס גרופ בע""\מ",IL,חומוס טחינה אחלה 400,גרמים,400.00,100 גרם,false,,10.50,0.0263,true,1,122051
7290104061424,false,סלט חומוס עם זעתר אחלה 400 גרם,מיוצר עי קונדיטוריית,IL,חומוס אחלה זעתר 400,גרמים,400.00,100 גרם,false,,10.50,0.0263,true,1,122049
7290104061431,false,סלט חומוס עם צנובר אחלה 400 גרם,"שטראוס גרופ בע""\מ",IL,חומוס אחלה צנובר 400,גרמים,400.00,100 גרם,false,,10.50,0.0263,true,1,122052
7290104061448,false,סלט חומוס עם חריף אחלה 400 גרם,מיוצר עי קונדיטוריית,IL,חומוס אחלה חריף 400,גרמים,400.00,100 גרם,false,,10.50,0.0263,true,1,122050
7290104064012,false,חטיף פסק זמן GOOD שוקולד לבן גוד 36 גרם,SOLEN CIKOLATA GIDA,TR,פסק זמן טו גוד לבן 3,גרמים,36.00,100 גרם,false,,5.00,0.1389,true,1,262705
7290104065187,false,אבקה להכנת משקה קפה בטעם מוקה,STRAUSS-ISRAEL,IL,קפה נמס בטעם מוקה 20,גרמים,200.00,100 גרם,false,,23.90,0.1195,false,1,124096
7290104065934,false,עלי רוקט שטראוס 150 גרם,שטראוס בריאות ירקות טריי,IL,עלי רוקט שטראוס 150,גרמים,150.00,100 גרם,false,,10.50,0.0700,true,1,123544
7290104067679,false,סלט טחינה אחלה 400גר,מיוצר עי קונדיטוריית,IL,טחינה אחלה 400 גר,גרמים,400.00,100 גרם,false,,11.50,0.0288,true,1,144602
7290104067693,false,אחלה חומוס עם חריף 150 גרם,מיוצר עי קונדיטוריית,IL,חומוס 150 גר עם חריף,גרמים,150.00,100 גרם,false,,5.50,0.0367,true,1,145195
7290104068539,false,מאסט פליפטופ מלון ואבטיח ללא גרעינים,"שטראוס גרופ בע""מ",IL,מסטיק מאסט בטעם מלון,גרמים,28.00,100 גרם,false,,4.60,0.1643,true,1,124440
7290104068546,false,גומי מאסט בטעם לימון קולה ללא סוכר 28 ג' עלית,"שטראוס גרופ בע""מ",IL,מסטיק מאסט קולה ולימ,גרמים,28.00,100 גרם,false,,4.60,0.1643,true,1,125509
7290104501661,false,אינסטנט פודינג בטעם וניל צרפתי אסם 80 גרם,מיוצר עי קונדיטוריית,IL,פודינג טעם וניל צרפת,גרמים,80.00,100 גרם,false,,5.80,0.0725,false,1,126812
7290104503184,false,הבית עוגת שבת בראוניס טעם שוקולד ריבת חלב 380 גרם,מיוצר עי קונדיטוריית,IL,עוגת שבת בראוניס שוק,גרמים,380.00,100 גרם,false,,18.00,0.0474,false,1,134743
7290104504228,false,מיני דובונים אסם 100 גרם מארז 5 יחידות,"אסם השקעות בע""\מ",IL,מארז דובונים 5*20,גרמים,100.00,100 גרם,false,,13.00,0.1300,false,1,133730
7290104508189,false,גביעי וופל ממותקים לגלידה 24 יח',בטר אנד דיפרנט,IL,גביעי גלידה ממותקים,יחידה,0.00,יחידה,false,,12.50,0.0000,true,1,133566
7290104508202,false,גביעי גלידה אמריקאים אסם 120 גרם 24 יחידות,"גילרו בע""מ",IL,גביעי גלידה אמריקאים,יחידה,0.00,יחידה,false,,12.50,0.0000,true,1,133012
7290104508943,false,במבה חטיף בוטנים אסם 200 גרם,"אסם השקעות בע""\מ",IL,במבה קלאסי 200גר אסם,גרמים,200.00,100 גרם,false,,9.70,0.0485,false,1,135281
7290104570162,false,תמרים כבושים 500גרם בית שאן,תמר העמקים בית שאן,IL,תמרים כבושים 500גר,גרמים,500.00,100 גרם,false,,9.90,0.0198,true,1,141851
7290104570292,false,"תמר מג'הול 1קג בד""ץ-אדום",,IL,תמר מג'הול 1 קג,קילוגרמים,1.00,"ק""ג",false,,19.90,19.9000,true,1,264031
7290104570629,false,ממרח גביע ירוק 450 ג' ירדן,"תמר העמקים בע""מ",IL,ממרח תמרים 450 גר,גרמים,450.00,100 גרם,false,,4.90,0.0109,false,1,189475
7290104721533,false,רצועות פלפלים קלויים אחלה 400 ג',מיוצר עי קונדיטוריית,IL,פלפלים קלויים אחלה,גרמים,400.00,100 גרם,false,,15.90,0.0398,true,1,127433
7290104721953,false,לקט מסולסלים ירקות שטראוס 350 גרם,שטראוס בריאות ירקות טריי,IL,לקט מסולסלים שטראוס,גרמים,350.00,100 גרם,false,,13.50,0.0386,true,1,125332
7290104722530,false,תפוצ'יפס בטעם שמנת בצל עלית 200 גרם,"שטראוס פריטו ליי בע""\מ )",IL,תפוצ'יפס שמנת בצל 20,גרמים,200.00,100 גרם,false,,11.90,0.0595,true,1,125523
7290104726262,false,רביעייה מעדן דני שוקולד דיסני לבנים 125 גרם,מיוצר עי קונדיטוריית,IL,מארז רביעיה דני לשתי,יחידה,500.00,יחידה,false,,11.60,0.0232,true,1,127896
7290104726712,false,מארז 8 יחידות מעדן מילקי בטעם שוקולד עם קצפת,"שטראוס גרופ בע""\מ",IL,מארז מילקי שמיניה,גרמים,1064.00,100 גרם,false,,21.90,0.0206,false,1,135390
7290104728310,false,"שמנת מתוקה עמידה 38% שומן ""יטבתה"" -מוצר בפיקוח",שטראוס גרופ,IL,שמנת מתוקה עמידה 38%,מיליליטרים,250.00,"100 מ""ל",false,,6.47,0.0259,false,1,130309
7290104729003,false,"יד מרדכי - שמן זית כתית מעולה 2 קלאסי 750 מ""ל",מכוורת יד מרדכי שטרא,IL,שמן זית יד מרדכי,מיליליטרים,750.00,"100 מ""ל",false,,32.90,0.0439,false,1,128480
7290104960253,false,"תחליב רחצה נקה 7 לבנדר סגול 750מ""ל",טרופיקל דגיל תעשיות קוסמ,IL,נקה תחליב רחצה סגול,מיליליטרים,750.00,"100 מ""ל",false,,11.90,0.0159,false,1,127857
7290104960352,false,"נקה 7 תחליב רחצה ארומה שקד וניל 750מ""ל","אמיליה קוסמטיקס בע""מ",IL,נקה תחליב רחצה וניל,מיליליטרים,750.00,"100 מ""ל",false,,11.90,0.0159,false,1,189144
7290104961434,false,סקינגארד קרם פנים הג,מיוצר עי : אמיליה קוסמטי,IL,קרם פנים ספורט SPF 3,מיליליטרים,0.00,"מ""ל",false,,18.90,0.0000,true,1,138225
7290104961878,false,"שמפו לשיער קרטין אינטנס פורמולה 400 מ""ל נטורל",נטורל פורמולה Natural Formula,IL,שמפו קרטין טהור 400,מיליליטרים,400.00,"100 מ""ל",false,,29.90,0.0747,true,1,140341
7290104961885,false,מרכך קרטין טהור לשיער שעבר החלקה או עיצוב בחום,נטורל פורמולה Natural Formula,IL,מרכך קרטין טהור 400,מיליליטרים,400.00,"100 מ""ל",false,,30.00,0.0750,true,1,140342
7290104963018,false,סופטקר מגבונים לחים רביעייה ללא בישום,החברה הדרומית,IL,מגבונים סופקטר ללא ב,יחידה,0.00,יחידה,false,,18.90,0.0000,true,1,191626
7290104963223,false,סופטקר - אל סבון עדין לתינוק לעור רגיש 1 ליטר,קוסמופארם בע'\'\מ,IL,סופטקר אלסבון קלאסי,ליטרים,1.00,ליטר,false,,17.90,17.9000,true,1,192517
7290104963650,false,נקה 7 שמפו אל דמע סופטקר 1 ליטר,קוסמופארם בע'\'\מ,IL,סופטקר שמפו אלדמע 1,ליטרים,1.00,ליטר,false,,17.90,17.9000,true,1,192518
7290104963667,false,שמפו ותחליב רחצה אל דמע סופט קר 1 ליטר,קוסמופארם בע'\'\מ,IL,סופטקר 2-ב-1 אלסבון,ליטרים,1.00,ליטר,false,,17.90,17.9000,true,1,192519
7290104964688,false,"סקינגארד - ספריי שקוף בניחוח מנגו קיווי 200 מ""ל SPF30",אמיליה קוסמטיקס בעמ,IL,S.G קרם הגנה ספריי מ,מיליליטרים,200.00,"100 מ""ל",false,,37.90,0.1895,true,1,205748
7290104964756,false,"תיאדנט מי פה בטעם ענבים לילדים 150 מ""ל",אמיליה קוסמטיקס בע'\'\מ,IL,תיאדנט מי פה ענבים 1,מיליליטרים,150.00,"100 מ""ל",false,,17.90,0.1193,true,1,205587
7290104965654,false,קרליין נושם דאו סטיק סוויט קיס לנערות 50,מיוצר עי : אמיליה קוסמטי,IL,דאודורנט נושם בנות ס,מיליליטרים,50.00,"100 מ""ל",false,,15.90,0.3180,true,1,218610
7290105360250,false,קפסולות 09 עשיר וארומטי למכונת נספרסו עלית 10יח',הנסיך- מפעל לייצור ט,IL,קפסולות מקיאטו למכונ,גרמים,50.00,100 גרם,false,,16.90,0.3380,false,1,140673
7290105360328,false,קפסולות אספרסו חזק למכונות נספרסו 10 יח',הנסיך- מפעל לייצור ט,IL,אספרסו חזק קפסולות,גרמים,50.00,100 גרם,false,,16.90,0.3380,false,1,140729
7290105360335,false,קפסולות אספרסו למכונות נספרסו 50 גר,הנסיך- מפעל לייצור ט,IL,קפסולות אספרסו,גרמים,50.00,100 גרם,false,,16.90,0.3380,false,1,140261
7290105360878,false,תפוציפס טבעי 50 גרם מארז רביעייה,"שטראוס פריטו ליי בע""\מ )",IL,מארז תפוצ'יפס רביעיי,גרמים,200.00,100 גרם,false,,12.50,0.0625,true,1,149343
7290105362339,false,"שמנת לבישול 15% 250 מ""ל יטבתה מהדרין",שטראוס גרופ,IL,שמנת לבישול 15%,מיליליטרים,250.00,"100 מ""ל",false,,8.50,0.0340,true,1,137040
7290105363602,false,מקלות כיף כף קלאסי עלית 40 גרם,שולן צ'\יקולטה גידה סאן.,TR,כיף כף מקלות,גרמים,40.00,100 גרם,false,,5.50,0.1375,true,1,139948
7290105364289,false,מקלות כיף כף פצפוצים עלית 40 גרם,שולן צ'\יקולטה גידה סאן.,TR,כיף כף מקלות פצפוצים,גרמים,40.00,100 גרם,false,,5.50,0.1375,true,1,139917
7290105364302,false,"עלית חטיף שוקולד כיף כף מקלות אגוזים, 40 גרם",שולן צ'\יקולטה גידה סאן.,TR,כיף כף מקלות אגוזים,גרמים,42.00,100 גרם,false,,5.50,0.1310,true,1,139918
7290105364678,false,"אקטיביה משקה יוגורט בטעם אפרסק שטראוס 250 מ""ל",מיוצר עי קונדיטוריית,IL,משקה אקטיביה אפרסק,מיליליטרים,250.00,"100 מ""ל",false,,5.20,0.0208,true,1,133981
7290105366023,false,סלט חצילים בטעם כבד אחלה 400 גרם,מיוצר עי קונדיטוריית,IL,"חציל בטעם כבד 400 ג""",גרמים,400.00,100 גרם,false,,15.90,0.0398,true,1,134321
7290105366993,false,סימפוניה גבינת שמנת פלפל שיפקה 5% שטראוס 200 גרם,"שטראוס בריאות בע""מ",IL,גבינת סימפוניה עם פל,גרמים,200.00,100 גרם,false,,11.20,0.0560,false,1,144991
7290105368331,false,מעדן מילקי בטעם תות עם קצפת,מחלבת אחיהוד,IL,מילקי תות 8%,גרמים,133.00,100 גרם,false,,2.90,0.0218,true,1,137873
7290105368904,false,"שמנת מתוקה להקצפה 32% שומן 250 מ""ל יוטבתה",שטראוס גרופ,IL,שמנת עמידה לקצפת 32%,מיליליטרים,250.00,"100 מ""ל",false,,7.70,0.0308,false,1,141613
7290105368928,false,"שמנת 9% שומן 200 מ""ל יוטבתה",שטראוס גרופ,IL,שמנת 9% יטבתה,מיליליטרים,200.00,"100 מ""ל",false,,3.30,0.0165,false,1,137072
7290105369130,false,סימפוניה גבינת שמנת בצל ירוק 5% שטראוס 200 גרם,"שטראוס בריאות בע""\מ",IL,סימפוניה בצל ירוק 5%,גרמים,200.00,100 גרם,false,,11.20,0.0560,false,1,140744
7290105430441,false,תחליב רחצה סחלב שחור וקרם לחות Naturals משאבה,הנסיך- מפעל לייצור ט,TR,פלמוליב סחלב שחור 75,מיליליטרים,750.00,"100 מ""ל",false,,19.90,0.0265,true,1,142237
7290105430458,false,תחליב רחצה מועשר בשקדים וקרם לחות Naturals משאבה,הנסיך- מפעל לייצור ט,TR,פלמוליב שקדים 750מל,מיליליטרים,750.00,"100 מ""ל",false,,19.90,0.0265,true,1,142238
7290105430502,false,ספיד סטיק סטיין גארד סטיק 50 גרם,קולגייט-פלמוליב,US,ספיד סטיק סטיינגארד,יחידה,0.00,יחידה,false,,19.90,0.0000,true,1,142114
7290105431516,false,מארז חטיף פריי תמרים ובוטנים ללא גלוטן ותוספת סוכר 125 גרם,טבעית מוצרים מן הטבע בעמ,IL,פרי חטיפי תמרים בוטנ,יחידה,0.00,יחידה,false,,16.50,0.0000,true,1,142181
7290105431868,false,"פלמוליב ספא קוקוס גרגרים נוזלי 500 מ""ל",הנסיך- מפעל לייצור ט,TR,פלמוליב ספא קוקוס גר,מיליליטרים,500.00,"100 מ""ל",false,,14.90,0.0298,true,1,144757
7290105434029,false,"ספיד סטיק - דאודורנט ספריי לגבר נוטרו פאואר 150 מ""ל",קולגייט-פלמוליב,RU,ספיד סטיק נוטרו ספרי,מיליליטרים,165.00,"100 מ""ל",false,,14.90,0.0903,true,1,150594
7290105434050,false,ספיד סטיק - דאודורנט סטיק לגבר XL ירוק רגיולר 85 גרם,קולגייט פלמוליב,US,ספיד סטיק ירוק רגולר,יחידה,0.00,יחידה,false,,19.90,0.0000,true,1,187869
7290105434067,false,ספיד סטיק - דאודורנט סטיק לגבר XL אושן סרף 85 גרם,קולגייט פלמוליב,US,ספיד סטיק כחול אושיי,יחידה,0.00,יחידה,false,,19.90,0.0000,true,1,187870
7290105436382,false,חטיף פרי תמרים קשיו ללא תוספת סוכר וגלוטן 5 יח,טבעית מוצרים מן הטבע בעמ,IL,חטיף פרי תמרים ואגוז,גרמים,125.00,100 גרם,false,,16.50,0.1320,true,1,149090
7290105438539,false,קוקי נייר אפייה 40 דפים,אופל אריזות,IL,קוקי נייר אפייה 40יח,יחידה,0.00,יחידה,false,,9.90,0.0000,true,1,151308
7290105438546,false,קוקי נייר אפייה פרימיום 40 יח',אופל אריזות,IL,קוקי נייר אפיה אקולו,יחידה,0.00,יחידה,false,,9.90,0.0000,true,1,182182
7290105439499,false,מאסטר שף מאסטר שף מיונז 480 גר כשלפ,רמיה סי.וי. הולנד,NL,מיונז מאסטר שף,גרמים,481.00,100 גרם,false,,10.90,0.0227,true,1,190580
7290105439505,false,מאסטר שף קרם בטעם מיונז לייט 479 גר כשלפ,רמיה סי.וי. הולנד,NL,מנה מאסטר שף קרם בטע,גרמים,479.00,100 גרם,false,,11.90,0.0248,true,1,195135
7290105439581,false,מנה מאסטר שף חרדל דיזיון צרפתי 370 גר,רמיה סי.וי.הולנד,FR,חרדל דיז'ון מאסטר שף,גרמים,370.00,100 גרם,false,,10.90,0.0295,true,1,190874
7290105474056,false,לה קט מוס סלמון 155 גר',PRODUCTS FOOD HIQ,IL,לה קט מוס סלמון 155,גרמים,155.00,100 גרם,false,,5.90,0.0381,true,1,149518
7290105474070,false,לה קט מעדן מוס טונה 155ג,PRODUCTS FOOD HIQ,IL,לה קט מוס טונה 155 ג,גרמים,155.00,100 גרם,false,,5.90,0.0381,true,1,148948
7290105475787,false,לה קט מארז שימורי שלישיה *400 ג',SAS FIDELE,FR,לה קט שלישיה,קילוגרמים,1.20,"ק""ג",false,,19.90,16.5833,true,1,196994
7290105500151,false,וודקה פינלנדיה בקבוק,"אלטיה קורפ, הלסינקי,",FI,וודקה פינלנדיה 700מל,מיליליטרים,700.00,"100 מ""ל",false,,59.90,0.0856,false,1,140083
7290105500953,false,"וויסקי ג'ק דניאלס דבש 700 מ""ל",ג'ק דניאל'ס,BE,ג'ק דניאלס דבש 700 מ,מיליליטרים,700.00,"100 מ""ל",false,,99.90,0.1427,true,1,189761
7290105610423,false,גופיית נשים,,,גופיית נשים,יחידה,0.00,יחידה,false,,24.90,0.0000,true,1,149899
7290105691224,false,אסם חטיפי פריכונים טורטייה שום בצל 60 גרם,"פרח תעשיות מזון בע""מ.",IL,חטיפי פריכונים טורטי,גרמים,60.00,100 גרם,false,,7.70,0.1283,false,1,135576
7290105691248,false,אסם חטיפי פריכונים טורטייה תירס 60 גרם,"פרח תעשיות מזון בע""מ.",IL,חטיפי טורטיות,גרמים,60.00,100 גרם,false,,7.70,0.1283,false,1,135482
7290105691712,false,אסם עוגיות הפסקת קפה דגנים מלאים 230 גרם,היינץ צפון אמריקה מק,IL,עוגיות הפסקת קפה חיט,גרמים,230.00,100 גרם,false,,10.90,0.0474,true,1,137426
7290105691897,false,קוסקוס עם חיטה מלאה אסם 350 גרם,"מיוצר ע""י קוד יצרן K",IL,קוסקוס חיטה מלאה,גרמים,350.00,100 גרם,false,,8.90,0.0254,true,1,136990
7290105693341,false,מארז עשיריית במבה אסם 25*10 גרם,"אסם השקעות בע""\מ",IL,במבה אסם מאגדת 25*10,גרמים,250.00,100 גרם,false,,14.90,0.0596,false,1,145783
7290105693457,false,עוגת הבית דמקה שוקו וניל אסם 320 גרם,מיוצר עי קונדיטוריית,IL,עוגת הבית דמקה שוקו,גרמים,320.00,100 גרם,false,,13.90,0.0434,false,1,137429
7290105693952,false,פירורית זהב אסם זהב שומשום 200 ג',מיוצר עי קונדיטוריית,IL,פירורית זהב שומשום,גרמים,200.00,100 גרם,false,,6.00,0.0300,true,1,137789
7290105695024,false,פתיתים אפויים אורז עם אטריות אסם 500 גרם,"אסם השקעות בע""\מ",IL,פתיתים אפויים אורז ע,גרמים,500.00,100 גרם,false,,7.50,0.0150,false,1,140196
7290105695321,false,עוגת הבית בראוניס פאדג' אסם 380 גרם,מיוצר עי קונדיטוריית,IL,עוגת בראוניס פאדג' א,גרמים,380.00,100 גרם,false,,18.00,0.0474,false,1,140034
7290105961181,false,משקה יטבתה פונץ' בננה 1ל' מהדרין,שטראוס גרופ,IL,פונץ בננה 2% 1 ליטר,ליטרים,1.00,ליטר,false,,12.50,12.5000,true,1,137036
7290105962331,false,סחוג תימני אדום חריף מאוד זהבי הכרם 220 גרם,קריניסה ויטמין אס אי,IL,סחוג חריף מאוד זהבי,גרמים,220.00,100 גרם,false,,12.50,0.0568,true,1,137408
7290105962980,false,כרוב אדום במיונז 400 ג' אחלה,מיוצר עי קונדיטוריית,IL,כרוב אדום 400 גר אחל,גרמים,400.00,100 גרם,false,,11.50,0.0288,true,1,137953
7290105962997,false,חצילים אחלה במיונז 400 גר',"שטראוס גרופ בע""מ",IL,חציל מיונז אחלה 400,גרמים,400.00,100 גרם,false,,11.50,0.0288,true,1,137954
7290105963000,false,סלט מטבוחה 400 ג' אחלה,מיוצר עי קונדיטוריית,IL,מטבוחה אחלה 400 גר,גרמים,400.00,100 גרם,false,,11.50,0.0288,true,1,137992
7290105964564,false,סלט חומוס אחלה 400גר,מיוצר עי קונדיטוריית,IL,חומוס אחלה 400 ג',גרמים,400.00,100 גרם,false,,8.20,0.0205,true,1,139138
7290105965738,false,יוגורט לשתיה בטעם תות בננה267 ג' דנונה,מיוצר עי קונדיטוריית,IL,דנונה לשתיה תות בננה,גרמים,267.00,100 גרם,false,,5.10,0.0191,true,1,146599
7290105966469,false,"חומץ בלסמי ממודנה יד מרדכי 250 מ""ל",אצטייה ג'וזפה קרמוני,IT,"חומץ בלסמי 250 מ""ל",מיליליטרים,250.00,"100 מ""ל",false,,15.90,0.0636,true,1,141163
7290105968654,false,רביולי בטטה פרווה פסטה נונה 400 ג',מיוצר עי קונדיטוריית,IL,רביולי בטטה פרווה 40,גרמים,400.00,100 גרם,false,,19.90,0.0497,true,1,139452
7290105968777,false,פריכיות 5 דגנים עם תחתית שוקולד מריר 70 גרם,"טחנת האבן תעשיות בע""",IL,פרכיות אנרג'י תחתית,גרמים,70.00,100 גרם,false,,8.50,0.1214,true,1,142001
7290106488069,false,רב שקע 5+כבל,,,רב שקע 5+כבל,יחידה,0.00,יחידה,false,,19.90,0.0000,true,1,189610
7290106488090,false,רב שקע 3+כבל עם מפסק,,,רב שקע 3+כבל עם מפסק,יחידה,0.00,יחידה,false,,19.90,0.0000,true,1,189612
7290106520066,false,"רבע לשבע שוקולד חלב במילוי אגוזים עלית 160 גרם בד""צ","הגביע מוצרי וופלים בע""\מ",IL,רבע לשבע גלילי וופל,גרמים,160.00,100 גרם,false,,12.00,0.0750,false,1,139919
7290106520288,false,יוגורט פרו חלבון עם תות 2.4% שומן 150 ג' דנונה,"שטראוס בריאות בע""מ",IL,דנונה פרו תות,גרמים,150.00,100 גרם,false,,4.70,0.0313,true,1,190370
7290106520905,false,סלט טורקי אחלה 400 גרם,"שטראוס גרופ בע""\מ",IL,סלט טורקי אחלה 400ג',גרמים,400.00,100 גרם,false,,15.90,0.0398,true,1,141062
7290106520912,false,"שמנת 9% לבישול יטבתה 250 מ""ל מהדרין",שטראוס גרופ,IL,שמנת לבישול 9%,גרמים,258.00,100 גרם,false,,8.50,0.0329,false,1,142255
7290106521049,false,אחלה טעמי השוק קוביות סלק 400 גר,מיוצר עי קונדיטוריית,IL,קוביות סלק אחלה 400,גרמים,400.00,100 גרם,false,,15.90,0.0398,true,1,144282
7290106525320,false,אבקת שוקולית לאפייה קופסא 500ג' עלית,הנסיך- מפעל לייצור ט,IL,שוקולית לאפיה 500 גר,גרמים,500.00,100 גרם,false,,17.50,0.0350,false,1,149405
7290106525368,false,גלילי וופל רבע לשבע אין סייד אוט 125 גר,"הגביע מוצרי וופלים בע""\מ",IL,רבע לשבע אין סייד אא,גרמים,125.00,100 גרם,false,,12.00,0.0960,true,1,144673
7290106525399,false,קפסולות 06 ברזיל למכונות נספרסו עלית 10יח',הנסיך- מפעל לייצור ט,IL,קפסולות קפה למכונת נ,גרמים,50.00,100 גרם,false,,16.90,0.3380,false,1,192431
7290106525405,false,קפסולות למכונת נספרסו נטול קפאין,שטראוס קפה בי.וי.,IL,קפסולות קפה נטול למכ,גרמים,50.00,100 גרם,false,,16.90,0.3380,false,1,148567
7290106526822,false,פריכיות אורז חום מלא תחתית שוקולד חלב 80 גרם,"טחנת האבן תעשיות בע""",IL,פריכיות עם תחתית שוק,גרמים,80.00,100 גרם,false,,8.50,0.1063,true,1,146090
7290106528628,false,"דוריטוס טבעי 185 גרם ""עלית""","שטראוס פריטו ליי בע""\מ )",IL,דוריטוס 185 גר' DiPP,גרמים,185.00,100 גרם,false,,8.20,0.0443,true,1,192182
7290106528949,false,לקט ערוגות 450 גרם שטראוס,שטראוס בריאות ירקות טריי,IL,לקט ערוגות 450 גר,גרמים,450.00,100 גרם,false,,12.90,0.0287,true,1,147676
7290106572027,false,אוסם - לחמית חמישה דגנים 190 גרם,"אסם השקעות בע""\מ",IL,לחמית חמישה דגנים,גרמים,190.00,100 גרם,false,,8.70,0.0458,true,1,140267
7290106573314,false,חטיף קריספי בטעם כפרי 150 ג' אסם,מיוצר עי קונדיטוריית,IL,קריספי טאפאס כפרי,גרמים,150.00,100 גרם,false,,11.70,0.0780,true,1,145110
7290106573598,false,צבר חומוס לבנוני 400 גרם,סלטי צבר,IL,חומוס לבנוני 400 גר,גרמים,400.00,100 גרם,false,,12.00,0.0300,true,1,142440
7290106573642,false,חומוס צנוברים צבר 400 גרם,סלטי צבר,IL,חומוס צנובר 400 גר,גרמים,400.00,100 גרם,false,,12.00,0.0300,true,1,142434
7290106574793,false,עוגת הבית בטעם שוקו-שוקוצ'יפס 350 ג' אסם,מיוצר עי קונדיטוריית,IL,עוגת שוקו שוקוצ'יפס,גרמים,350.00,100 גרם,false,,13.90,0.0397,false,1,143642
7290106574953,false,בייגלה שטוחים כעכים שטוחים עם שומשום,מיוצר עי קונדיטוריית,IL,בייגלה שטוחים שומשום,גרמים,300.00,100 גרם,false,,11.90,0.0397,true,1,143995
7290106574977,false,בייגלה שטוחים כעכים שטוחים עם מלח,מיוצר עי קונדיטוריית,IL,בייגלה שטוחים עם מלח,גרמים,300.00,100 גרם,false,,11.90,0.0397,true,1,143996
7290106575257,false,עוגת הבית סופלה בטעם שוקולד 340 ג' אסם,מיוצר עי קונדיטוריית,IL,עוגת סופלה שוקולד,גרמים,340.00,100 גרם,false,,13.90,0.0409,false,1,144961
7290106575431,false,עוגת הבית סופלה בטעם שוקוניל 340 ג' אסם,מיוצר עי קונדיטוריית,IL,עוגת סופלה בטעם שוקו,גרמים,340.00,100 גרם,false,,13.90,0.0409,false,1,144962
7290106576223,false,"אפרופו שוקולד 40 גרם ""אסם""",מיוצר עי קונדיטוריית,IL,אפרופו מצופה שוקולד,גרמים,40.00,100 גרם,false,,4.90,0.1225,false,1,194232
7290106576513,false,סלט חומוס צבר 400 גר,סלטי צבר,IL,חומוס 400 גר צבר,גרמים,400.00,100 גרם,false,,9.90,0.0248,true,1,146277
7290106576537,false,חומוס מסעדות צבר 700 גרם,סלטי צבר,IL,חומוס מסעדות 700 ג',גרמים,700.00,100 גרם,false,,11.50,0.0164,false,1,144364
7290106576797,false,"לה קרמריה גלידת וניל איטלקי כשל""פ 1.4ל'",תות תעשיות מזון (201,IL,לה קרמריה וניל איטלק,ליטרים,1.40,ליטר,false,,22.90,16.3571,false,1,146062
7290106576810,false,גלידה לה קרמריה ריבת חלב 1.4 ל' נסטלה,לה קרמריה- נסטלה,IL,לה קרמריה ריבת חלב 1,ליטרים,1.40,ליטר,false,,22.90,16.3571,false,1,146063
7290106576834,false,גלידה לה קרמריה פונטש בננה1.4 ל' נסטלה,תות תעשיות מזון (201,IL,לה קרמריה פונטש בננה,ליטרים,1.40,ליטר,false,,22.90,16.3571,false,1,146064
7290106576858,false,גלידה לה קרמריה תותים בשמנת 1.4 ל' נסטלה,גלידות נסטלה )נגה גלידות,IL,לה קרמריה תותים בשמנ,ליטרים,1.40,ליטר,false,,22.90,16.3571,false,1,146065
7290106576957,false,"לה קרמריה גלידת שוקו וניל פליק פרווה כשל""פ 1.4",תות תעשיות מזון (201,IL,לה קרמריה שוקו וניל,ליטרים,1.40,ליטר,false,,22.90,16.3571,false,1,146069
7290106576971,false,גלידה לה קרמריה שוקולד בלגי 1.4 ל' נסטלה,תות תעשיות מזון (201,IL,לה קרמריה שוקולד בלג,ליטרים,1.40,ליטר,false,,22.90,16.3571,false,1,146070
7290106577039,false,גלידה לה קרמריה שוקו וניל פליק 1.4 ל' נסטלה,תות תעשיות מזון (201,IL,לה קרמריה שוקו וניל,ליטרים,1.40,ליטר,false,,22.90,16.3571,false,1,146072
7290106577282,false,טחינה אמיתית מרובע 400 ג' צבר,סלטי צבר,IL,טחינה צבר 400 גר,גרמים,400.00,100 גרם,false,,11.90,0.0298,true,1,144826
7290106577527,false,סלט קולסלאו כרוב לבן וגזר 400 ג' צבר,סלטי צבר,IL,סלט קולסלו 400 גר צב,גרמים,400.00,100 גרם,false,,11.90,0.0298,true,1,144879
7290106577541,false,כרוב אדום מרובע 400 ג' צבר,סלטי צבר,IL,כרוב אדום צבר 400 גר,גרמים,400.00,100 גרם,false,,11.90,0.0298,true,1,144832
7290106577572,false,מטבוחה אמיתית מרובע 400 ג' צבר,סלטי צבר,IL,מטבוחה צבר 400 גר,גרמים,400.00,100 גרם,false,,11.90,0.0298,true,1,144903
7290106578692,false,ביסלי במבה מיקס מהדורת אליפות אסם 80 גרם,פרו מן יו פתרונות אר,IL,ביסלי -במבה מיקס 80,יחידה,0.00,יחידה,false,,4.90,0.0000,false,1,147567
7290106578821,false,הבית עוגת שמרים קלאסית בטעם שוקולד 350גר.,מיוצר עי קונדיטוריית,IL,עוגת שמרים שוקולד קל,גרמים,350.00,100 גרם,false,,18.00,0.0514,false,1,146758
7290106652996,false,מקלות כיף כף קוקוס עלית 40 גרם,סולן בעבור שטראוס,TR,כיף כף מקלות קוקוס,גרמים,40.00,100 גרם,false,,5.50,0.1375,true,1,266102
7290106653689,false,לקט לסלט אסייתי שטראוס 350 גרם,שטראוס בריאות ירקות טריי,IL,לקט אסיאתי 350 גר,גרמים,350.00,100 גרם,false,,11.50,0.0329,true,1,196568
7290106654099,false,מילקי CAKE עוגות אישיות במילוי קרם חלב,בובארד איטליה אס.פי.איי,IT,מארז מילקי CAKE שמינ,גרמים,272.00,100 גרם,false,,20.90,0.0768,true,1,190343
7290106658479,false,עלית וופל בטעם טורטית אגוזים 40ג,"שטראוס גרופ בע""\מ",IL,טורטית מגדים 40 גר,גרמים,40.00,100 גרם,false,,4.00,0.1000,false,1,192321
7290106660410,false,רביוליתרד וגבינה שטראוס 400 גרם,מיוצר עי קונדיטוריית,IL,רביולי תרד וגבינה 40,גרמים,400.00,100 גרם,false,,19.90,0.0497,true,1,149458
7290106663183,false,צ'יטוס חטיף טעם גבינה 65ג,שטראוס גרופ,IL,צ'יטוס גבינה 65 גר',גרמים,65.00,100 גרם,false,,3.50,0.0538,true,1,197358
7290106663503,false,קונפיטורה לייט תות יד מרדכי 230 גרם,אף.סי תבליני בגליל ב,IL,קונפיטורה לייט תות,גרמים,230.00,100 גרם,false,,12.90,0.0561,true,1,150142
7290106663558,false,"רוטב טריאקי ורימון יד מרדכי 280מ""ל",אף.סי תבליני בגליל ב,IL,רוטב טריאקי,מיליליטרים,320.00,"100 מ""ל",false,,13.90,0.0434,true,1,187008
7290106664067,false,לאבנה עם שמן זית וזעתר 10% שטראוס 400 ג',הדקלאים אגודת שיתופי,IL,לאבנה עם שמן זית וזע,גרמים,400.00,100 גרם,false,,14.90,0.0373,true,1,189560
7290106664555,false,"רוטב שמנת עם עגבניות 9% שומן 250 מ""ל יוטבתה",שטראוס גרופ,IL,רוטב שמנת עגבניות 9%,גרמים,250.00,100 גרם,false,,11.00,0.0440,true,1,189162
7290106666788,false,עלית - סוכריות נוסטלגיה דבש ממולאות 80 גרם,שטראוס גרופ,PL,סוכריות דבש עלית,גרמים,80.00,100 גרם,false,,5.90,0.0738,true,1,186537
7290106667266,false,"דוריטוס חמוץ חריף 185 גרם ""עלית""","שטראוס פריטו ליי בע""\מ )",IL,דוריטוס חמוץ חריף 18,גרמים,185.00,100 גרם,false,,8.20,0.0443,true,1,192184
7290106668133,false,אבקת שוקולית עלית שקית 400 ג',,,שוקולית 400 גר שקית,גרמים,400.00,100 גרם,false,,9.90,0.0248,false,1,192180
7290106668577,false,"מיץ לימון טיבעי 250 מ""ל יד מרדכי",האי נאם סי או אל.טי.,IT,מיץ לימון טבעי 250 מ,מיליליטרים,250.00,"100 מ""ל",false,,8.90,0.0356,true,1,187268
7290106668713,false,יוגורט עם פירות יער 3% שומן 150 ג' דנונה,מיוצר עי קונדיטוריית,IL,דנונה פירות יער 3%,גרמים,150.00,100 גרם,false,,3.70,0.0247,true,1,187483
7290106669857,false,קפסולות אספרסו בטעם וניל עלית 10 יחידות,הנסיך- מפעל לייצור ט,IL,קפסולות קפה עלית בטע,גרמים,50.00,100 גרם,false,,16.90,0.3380,false,1,197163
7290106721807,false,אחלה סלט חציל פיקנטי מהדרין 400ג,"שטראוס גרופ בע""מ",IL,חציל פיקנטי אחלה 400,גרמים,400.00,100 גרם,false,,11.50,0.0288,true,1,190891
7290106721913,false,מסטיק מאסט MUST ללא סוכר בטעם מנטה מרעננת,"שטראוס גרופ בע""מ",IL,מאסט צנצנת פפרמינט צ,גרמים,66.00,100 גרם,false,,9.90,0.1500,true,1,187000
7290106721920,false,צנצנת מסטיק מאסט בטעם ספירמינט עדין 66 ג' עלית,"שטראוס גרופ בע""\מ.",IL,מאסט צנצנת ספירמנט צ,גרמים,66.00,100 גרם,false,,9.90,0.1500,true,1,187001
7290106723689,false,עלי תרד בייבי שטראוס 200 גרם,שטראוס בריאות ירקות טריי,IL,עלי תרד בייבי - שטרא,גרמים,200.00,100 גרם,false,,11.50,0.0575,true,1,150150
7290106725867,false,"סירופ מייפל טבעי 189 מ""ל ""יד מרדכי""",קוסלסי פוד,CA,סירופ מייפל טבעי 189,מיליליטרים,189.00,"100 מ""ל",false,,33.90,0.1794,true,1,189522
7290106725874,false,"סירופ מייפל טבעי 236 מ""ל ""יד מרדכי""",יד מרדכי,CA,סירופ מייפל טבעי 236,מיליליטרים,236.00,"100 מ""ל",false,,39.90,0.1691,true,1,189489
7290106726178,false,יוגורט PRO עם פירות יער 2.4% 10 גרם חלבון בגביע,מיוצר עי קונדיטוריית,IL,דנונה פרו פירות יער,גרמים,150.00,100 גרם,false,,4.70,0.0313,true,1,189424
7290106727984,false,"כיף כף פצפצים בגביע 135 גרם ""עלית""",שולן צ'\יקולטה גידה סאן.,TR,כיף כף פצפצים בגביע,גרמים,135.00,100 גרם,false,,11.50,0.0852,true,1,193626
7290106770577,false,גרוסליין- בלגה ממרח חלבה 350 גרם.,"אלמונדס בע""מ",IL,ממרח חלבה 350 גרם,גרמים,350.00,100 גרם,false,,11.90,0.0340,true,1,215620
7290106772472,false,גרוסליין - בלגה ממרח שוקולד 350 גרם,"אלמנדוס בע""מ",IL,ממרח BELGA,גרמים,350.00,100 גרם,false,,11.90,0.0340,true,1,210969
7290106774308,false,שוקולד חלב לאפיה אל,"אלמונדס בע""מ",IL,שוקולד חלב,גרמים,500.00,100 גרם,false,,35.90,0.0718,true,1,211256
7290106774322,false,שוקולד מריר לאפיה ל.,"אלמונדס בע""מ",IL,שוקולד מריר ללא ת.ס,גרמים,400.00,100 גרם,false,,36.90,0.0922,true,1,211258
7290106775053,false,מחית נוגט פרווה אלמנדוס,"אלמנדוס בע""מ",IL,מחית נוגט פרווה,גרמים,400.00,100 גרם,false,,24.90,0.0622,true,1,211278
7290107280020,false,שלישיית מטליות לחות לניקוי כללי סנו סושי 50 יחידות,טרופיקל דגיל- תעשיות,IL,מטליות לחות שלישייה,יחידה,0.00,יחידה,false,,19.90,0.0000,false,1,143452
7290107280068,false,סנו סושי תבנית אלומיניום ענק א.לארג 2 יח,סנו מפעלי ברונוס בעמ,CN,תבניות אלומיניום 2 י,יחידה,0.00,יחידה,false,,9.90,0.0000,true,1,151836
7290107280075,false,סנו סושי תבנית אלומיניום לארג 4יח,סנו מפעלי ברונוס בעמ,CN,תבניות אלומיניום,יחידה,0.00,יחידה,false,,9.90,0.0000,true,1,169228
7290107280099,false,שלישיית מגובנים נשטפים באסלה סופט סוד 48 יחידות,טרופיקל דגיל- תעשיות,IL,מגבונים נשטפים באסלה,יחידה,0.00,יחידה,false,,15.90,0.0000,true,1,149158
7290107280105,false,מגבוני אף רכים במיוחד סנו סופט 120 יח,סנו סופט,US,סנו סופט מגבונים אף,יחידה,0.00,יחידה,false,,8.90,0.0000,true,1,150305
7290107280129,false,סנו סושי 20 שקיות אשפה חזקות גדולות XXL,סנו מפעלי ברונוס בעמ,IL,סנו סושי 20 שקיות אש,יחידה,0.00,יחידה,false,,22.90,0.0000,true,1,151838
7290107280341,false,ריצפז מטליות לחות לניקוי הרצפה בניחוח מלון מפנק,"סנו מפעלי ברונוס סע""",IL,ריצפז מטליות לחות לנ,יחידה,0.00,יחידה,false,,12.90,0.0000,true,1,210490
7290107280389,false,"סנו - ג'ט מרסס לניקוי בחדר האמבטיה 750 מ""ל","איי, בי, אינבוו",IL,"סנו ג'ט לאמבט 750 מ""",מיליליטרים,750.00,"100 מ""ל",false,,12.90,0.0172,false,1,145077
7290107280396,false,"סנו - ג'ט מרסס לניקוי יסודי במטבח 750 מ""ל","סנו מפעלי ברונוס בע""",IL,"סנו ג'ט למטבח 750 מ""",מיליליטרים,750.00,"100 מ""ל",false,,12.90,0.0172,false,1,145078
7290107280563,false,ג'ל אוקסיג'ן בייבי סנו 3 ליטר,"איי, בי, אינבוו",IL,סנו אוקסיג'ן בייבי 3,ליטרים,3.00,ליטר,false,,31.90,10.6333,true,1,150054
7290107280570,false,סנו - מקסימה ג'ל כביסה מרוכז לכביסה צבעונית 3 ליטר,מיוצר עי קונדיטוריית,IL,ג'ל כביסה מקסימה מיק,ליטרים,3.00,ליטר,false,,31.90,10.6333,true,1,150815
7290107280709,false,"סנו ספארק נוזל הברקה למדיח 700 מ""ל","סנו מפעלי ברונוס בע""\מ",IL,סנו ספארק נוזל הברקה,מיליליטרים,900.00,"100 מ""ל",false,,14.90,0.0166,true,1,186438
7290107280716,false,מלח למדיח להגנה מפני אבנית סנו ספארק Spark,סנו ספארק,IL,סנו ספארק מלח למדיח,קילוגרמים,2.00,"ק""ג",false,,12.90,6.4500,true,1,186439
7290107280723,false,נוזל לניקוי כלים סנו ספארק Spark בניחוח לימון רענן,סנו כימיקלים,IL,סנו ספארק נוזל כלים,מיליליטרים,700.00,"100 מ""ל",false,,9.90,0.0141,true,1,150629
7290107280730,false,נוזל לניקוי כלים סנו ספארק Spark בניחוח לבנדר,מיוצר עי קונדיטוריית,IL,סנו ספארק נוזל כלים,מיליליטרים,700.00,"100 מ""ל",false,,9.90,0.0141,true,1,150816
7290107280747,false,נוזל לניקוי כלים סנו ספארק Spark קלאסי,סנו כימיקלים,IL,סנו ספארק נוזל לניקו,מיליליטרים,700.00,"100 מ""ל",false,,9.90,0.0141,true,1,150630
7290107280754,false,נוזל כלים סנו ספארק Spark היפואלרגני פריחת השקד,סנו ספארק,IL,סנו ספארק נוזל כלים,מיליליטרים,700.00,"100 מ""ל",false,,9.90,0.0141,true,1,150817
7290107280761,false,נוזל לניקוי כלים בניחוח לימון רענן סנו ספארק Spark,מיוצר עי קונדיטוריית,IL,סנו ספארק נוזל כלים,ליטרים,1.00,ליטר,false,,11.90,11.9000,true,1,182286
7290107280822,false,סנו ריצפז פרש הום 2 ליטר בניחוח ספא,"סנו מפעלי ברונוס בע""\מ",IL,ריצפז פרש הום ספא מר,ליטרים,2.00,ליטר,false,,21.90,10.9500,false,1,187148
7290107602099,false,כובע סרוג צבעים,אודס,,כובע סרוג,יחידה,0.00,יחידה,false,,16.90,0.0000,true,1,194615
7290107605861,false,סרט ראש מנוקד עם פפי,,,סרט ראש מנוקד עם פפי,יחידה,0.00,יחידה,false,,9.90,0.0000,true,1,187531
7290107645584,false,אבקת מרק עוף אמיתי רכיבים טבעיים 400 גרם - רבנות,יוניליוור ישראל מזון בע\,IL,קנור מרק עוף אמיתי ר,גרמים,400.00,100 גרם,false,,19.90,0.0497,false,1,209628
7290107645591,false,אבקת מרק בטעם עוף 100% רכיבים טבעיים 400 גרם,יוניליוור ישראל מזון בע\,IL,קנור מרק טעם עוף רכי,גרמים,400.00,100 גרם,false,,14.90,0.0373,false,1,203461
7290107646062,false,אבקת מרק בצל רכיבים טבעיים קנור 400 ג',יוניליוור ישראל מזון בע\,IL,מרק קנור בצל רכיבים,גרמים,400.00,100 גרם,false,,19.90,0.0497,false,1,204032
7290107646147,false,חטיף דגנים שוגי קורנפלקס שישייה * 26 ג',יוניליוור ישראל מזון בעמ,IL,חטיפי שוגי קורנפלקס,גרמים,156.00,100 גרם,false,,12.90,0.0827,false,1,199400
7290107646383,false,סיף מטליות לחות לניקוי רצפות בניחוח לימו,עלבד משואות יצחק בעמ,IL,סיף מטליות לחות לניק,יחידה,0.00,יחידה,false,,12.90,0.0000,true,1,198009
7290107646826,false,שוגי חטיף פתיתי תירס קלויים בטעם שוקולד,יוניליוור ישראל מזון בעמ,IL,מאגדת חטיפי שוגי שוק,גרמים,138.00,100 גרם,false,,12.90,0.0935,false,1,201816
7290107646833,false,שוגי חטיף עם פצפוצי שוקולד לבן ושוקולד חלב,יוניליוור ישראל מזון בעמ,IL,מאגדת חטיפי שוגי פצפ,גרמים,138.00,100 גרם,false,,12.90,0.0935,false,1,201814
7290107646918,false,רוטב עגבניות ופלפלים לשקשוקה 415 ג' קנור,קונסורזיו קאסאלאסקו דל פ,IT,קנור רוטב שקשוקה 415,גרמים,415.00,100 גרם,false,,13.90,0.0335,true,1,199632
7290107646925,false,ברנפלקס אקסטרה פייבר 410 גרם,יוניליוור ישראל מזון בע\,IL,ברנפלקס אקסטרה פייבר,גרמים,410.00,100 גרם,false,,21.90,0.0534,false,1,199945
7290107647359,false,דומסטוס סבון אסלה 5 הפועלות בניחות אוקיינוס 3 יח' * 55 ג',יוניליוור ניקיון,PL,דומסטוס סבון אסלה או,גרמים,165.00,100 גרם,false,,14.90,0.0903,true,1,201083
7290107647366,false,דומסטוס סבון אסלה 5 הפועלות בניחות ליים 3 יח' * 55 ג',יוניליוור פולין,PL,דומסטוס סבון אסלה לי,גרמים,165.00,100 גרם,false,,14.90,0.0903,true,1,201084
7290107647656,false,מאגדת מיני סולרו קוקוס אננס 245 ג',"מיוצר ע""\י גלידת שטראוס",IL,מאגדת מיני סולרו קוק,גרמים,245.00,100 גרם,false,,25.90,0.1057,true,1,206454
7290107647731,false,קוקומן חום לבן 20% פחות סוכר 375 גרם,יוניליוור ישראל מזון בעמ,IL,קוקומן חום לבן 375 ג,גרמים,375.00,100 גרם,false,,19.90,0.0531,false,1,199693
7290107647816,false,"דגני ברנפלקס ללא תוספת סוכר 500 גרם בד""צ",יוניליוור ישראל מזון בעמ,IL,ברנפלקס ללא תוספת סו,גרמים,500.00,100 גרם,false,,19.90,0.0398,false,1,200111
7290107647823,false,"ברנפלקס פתיתי חיטה מלאה וסובין 500 גרם ""תלמה""",יוניליוור ישראל מזון בעמ,IL,"ברנפלקס בד""צ 500 גר'",גרמים,500.00,100 גרם,false,,19.90,0.0398,false,1,200112
7290107647854,false,"שוגי מופחת סוכר תלמה 500 ג' בד""צ",יוניליוור ישראל מזון בעמ,IL,שוגי 500 גר',גרמים,500.00,100 גרם,false,,19.90,0.0398,false,1,199475
7290107648981,false,רוטב עגבניות קלאסי פומודורו 415 ג' קנור,מיוצר עי קונסורזייו,IT,קנור רוטב פומודורו ל,גרמים,415.00,100 גרם,false,,13.90,0.0335,true,1,201737
7290107649100,false,בייגלה טבעות שומשום 300 גרם.,בייגל את בייגל מזון 198),IL,טבעות שומשום 300 גר',גרמים,300.00,100 גרם,false,,8.90,0.0297,true,1,204807
7290107649605,false,קליק אקסטרא לארג שוקולד חלב עם פתיתי תירס ודגנים,יוניליוור ישראל מזון בעמ,IL,קליק קורנפלקס חלב טב,גרמים,85.00,100 גרם,false,,7.00,0.0824,false,1,202591
7290107649681,false,טילון פסק זמן - נוגט קראנץ',"מיוצר ע""\י גלידת שטראוס",IL,קורנטו פסק זמן,גרמים,64.00,100 גרם,false,,6.90,0.1078,true,1,205796
7290107649858,false,טילון מגנוםלבן -גלידת שמנת,"מיוצר ע""\י גלידת שטראוס",IL,טילון מגנום לבן,גרמים,100.00,100 גרם,false,,11.00,0.1100,true,1,207215
7290107871532,false,מאגדת קרחוני מלון דובדבן נסטלה 10 יחידות,גלידות נסטלה )נגה גלידות,IL,מאגדת קרחונים דובדבן,גרמים,750.00,100 גרם,false,,16.50,0.0220,true,1,185450
7290107871990,false,"פסטה צינורות 500 גרם ""אסם""",פסטה זארה,IT,פסטה צינורות 500 גר,גרמים,500.00,100 גרם,false,,5.90,0.0118,false,1,149055
7290107874427,false,אוסם - מיני פריכונים זעתר 25 גרם,"פרח תעשיות מזון בע""מ.",IL,פריכונים מיני זעתר 2,גרמים,25.00,100 גרם,false,,4.20,0.1680,false,1,185589
7290107874441,false,פריכונים מיני בצל מקורמל 25 גרם אסם,"פרח תעשיות מזון בע""מ.",IL,פריכונים מיני בצל מק,גרמים,25.00,100 גרם,false,,4.20,0.1680,false,1,185496
7290107874502,false,ביסלי גריל קדמ. מארז אחיד 10 4*55 גרם,מיוצר עי קונדיטוריית,IL,מארז ביסלי גריל,גרמים,220.00,100 גרם,false,,11.90,0.0541,false,1,192680
7290107875271,false,ביסלי ברביקיו קדמ. מארז אחיד10 4*55 גרם,"אסם השקעות בע""\מ",IL,מארז ביסלי ברבקיו,גרמים,220.00,100 גרם,false,,11.90,0.0541,false,1,192803
7290107875400,false,גלידה לה קרמריה פיסטוק מוקה 1.4 ל' נסטלה,גלידות נסטלה )נגה גלידות,IL,לה קרמריה מוקה פיסטו,ליטרים,1.40,ליטר,false,,22.90,16.3571,false,1,150658
7290107879521,false,קרחוני לה פרוטה La Frutta תות שדה - 5 יח',גלידות נסטלה )נגה גלידות,IL,מאגדת שלגונים לה פרו,גרמים,350.00,100 גרם,false,,23.90,0.0683,true,1,191386
7290107879569,false,קרחון לה פרוטה שרבט מנגו מאגדת 5יח',גלידות נסטלה )נגה גלידות,IL,מאגדת שלגונים לה פרו,גרמים,350.00,100 גרם,false,,23.90,0.0683,true,1,191387
7290107930321,false,קונפיטורת יד מרדכי דובדובן 340 גרם,"בית אל מזון בע""מ",IL,קונפיטורה דבדבן יד מ,גרמים,340.00,100 גרם,false,,13.50,0.0397,true,1,188827
7290107931397,false,כיף כף פצפוצים במילוי שוקולד 40 גרם,שולן צ'\יקולטה גידה סאן.,TR,כיף כף פיצפצים,גרמים,40.00,100 גרם,false,,5.50,0.1375,true,1,191868
7290107932080,false,חלב מועשר יוטבתה בבקבוק 3% 1 ליטר,מחלבת יטבתה,IL,חלב בקבוק 3% מועשר,ליטרים,1.00,ליטר,false,,7.90,7.9000,false,1,189397
7290107932134,false,חלב מועשר יוטבתה בבקבוק 1% 1 ליטר,מחלבת יטבתה,IL,חלב בקבוק 1% מועשר,ליטרים,1.00,ליטר,false,,7.90,7.9000,false,1,189399
7290107933155,false,לקט סלנובה שטראוס 200 גרם,שטראוס בריאות ירקות טריי,IL,לקט סלנובה 200 גר,גרמים,200.00,100 גרם,false,,13.50,0.0675,true,1,190504
7290107933193,false,סלק מבושל בוואקום שט,לס לגוסודה סנצונוניו,IL,סלק מבושל 500 גר שטר,גרמים,500.00,100 גרם,false,,7.90,0.0158,true,1,190084
7290107934473,false,שמינייה יוגורט לבן אקטיביה 1.5% דנונה 150 גרם,"שטראוס גרופ בע""\מ",IL,אקטיביה שמיניה 1.5%,גרמים,1200.00,100 גרם,false,,20.90,0.0174,false,1,188934
7290107936309,false,דנונה יוגורט 7% יווני לבן 130 ג',"שטראוס בריאות בע""מ",IL,דנונה יווני לבן 7%,גרמים,130.00,100 גרם,false,,3.50,0.0269,true,1,194797
7290107936460,false,מארז 8 יח' דנכול משקה יוגורט בטעם מעודן,מיוצר עי קונדיטוריית,IL,מארז שמיניה דנכול,גרמים,800.00,100 גרם,false,,29.30,0.0366,true,1,191561
7290107936958,false,עד חצות ביסקוויט אצבעות שוקולד 125 גרם,ביסקוויטס טור ד'\אלבון,FR,עד חצות אצבעות,גרמים,125.00,100 גרם,false,,11.50,0.0920,true,1,199827
7290107936965,false,עיגולים עד חצות עם שוקולד חלב 225 גר,ביסקווטרי עוגיות סנט,FR,עד חצות עיגולים,גרמים,225.00,100 גרם,false,,13.90,0.0618,true,1,199828
7290107937542,false,משקה יוגורט אקטיביה עם תות 1.2% שומן,מיוצר עי קונדיטוריית,IL,משקה אקטיביה תות,גרמים,265.00,100 גרם,false,,5.20,0.0196,true,1,192473
7290107937634,false,צנצנית מסטיק מאסט קוביות פפירמינט 58 ג' עלית,אסקום קונפקשיין,DE,מסטיק מאסט קוביות צנ,גרמים,58.00,100 גרם,false,,9.90,0.1707,true,1,194780
7290107937641,false,צנצנת מסטיק בזוקה קוביות ללא סוכר,אסקום קונפקשיין,DE,צנצנת בזוקה קוביות,גרמים,58.00,100 גרם,false,,9.90,0.1707,true,1,194781
7290107937856,false,קפסולות 11חזק למכונות נספרסו עלית 10יח',הנסיך- מפעל לייצור ט,IL,קפסולות קפה למכונות,גרמים,50.00,100 גרם,false,,16.90,0.3380,false,1,194389
7290107938396,false,שמיניית אקטימל תות דיסני בנים 108 גרם,מיוצר עי קונדיטוריית,IL,אקטימל תות שמיניה,גרמים,864.00,100 גרם,false,,21.10,0.0244,true,1,193238
7290107939027,false,גזר דק דק שטראוס 250 גרם,שטראוס בריאות ירקות טריי,IL,גזר חתוך דק דק 250 ג,גרמים,250.00,100 גרם,false,,7.40,0.0296,true,1,194895
7290107940030,false,חומוס אחלה 650 גרם,שטראוס גרופ,IL,חומוס אחלה 650 גר,גרמים,650.00,100 גרם,false,,9.90,0.0152,false,1,202324
7290107940467,false,אקטיביה יוגורט 1.5% שומן 200 ג' דנונה,מיוצר עי קונדיטוריית,IL,אקטיביה 200 גר 1.5%,גרמים,200.00,100 גרם,false,,3.90,0.0195,false,1,193247
7290107941259,false,עדשים ירוקות מבושלות שטראוס 475 גרם,הורקסה לס לגונס דה ס,ES,עדשים ירוקות מבושלות,גרמים,475.00,100 גרם,false,,11.90,0.0251,true,1,195652
7290107941266,false,שעועית אדומה מבושלת שטראוס 475 גרם,הורקסה לס לגונס דה ס,ES,שעועית אדומה מבושלת,גרמים,475.00,100 גרם,false,,13.90,0.0293,true,1,195653
7290107941273,false,חומוס מבושל שטראוס 475 גרם,הורקסה לס לגונס דה ס,ES,חומוס מבושל -שטראוס,גרמים,475.00,100 גרם,false,,11.90,0.0251,true,1,195654
7290107942454,false,ממרח פסק זמן אגוזי לוז עם קקאו 700 גרם,"שטראוס גרופ בע""\מ",IL,ממרח פסק זמן 700 גר,גרמים,700.00,100 גרם,false,,22.90,0.0327,false,1,197499
7290107943192,false,"שמנת חמוצה מהערבה 27% שומן 200 מ""ל יטבתה",מחלבת יטבתה,IL,שמנת חמוצה מהערבה 27,גרמים,390.00,100 גרם,false,,4.20,0.0108,false,1,199826
7290107943369,false,קוואקר שיבולת שועל ללא גלוטן 511 גרם,היידי שוקולד בירונטי,US,קוואקר שיבולת שועל ל,גרמים,511.00,100 גרם,false,,17.90,0.0350,true,1,199203
7290107944243,false,אפיפיות בטעם שוקולד 200 גרם כשר לפסח,"שטראוס גרופ בע""\מ",IL,אפיפית עלית 200 גר,גרמים,200.00,100 גרם,false,,7.90,0.0395,true,1,199071
7290107944472,false,סימפוניה גבינה במרקם שמנת 5% שום שמיר,"שטראוס בריאות בע""\מ",IL,סימפוניה שום שמיר 5%,גרמים,200.00,100 גרם,false,,11.20,0.0560,true,1,195315
7290107945165,false,קונפיטורת משמש יד מרדכי 340 גרם,אף.סי תבליני בגליל ב,IL,קונפיטורה משמש יד מר,גרמים,340.00,100 גרם,false,,13.50,0.0397,true,1,196624
7290107947992,false,שוקולד אקסטרה חלב 100 גרם,"שטראוס גרופ בע""\מ",IL,שוקולד אקסטרא חלב,גרמים,100.00,100 גרם,false,,5.90,0.0590,false,1,203212
7290107950190,false,מעדן חלב דל קלוריות בטעם שוקולד מריר 0.5% שומן,מיוצר עי קונדיטוריית,IL,מעדן שטראוס דיאט שוק,גרמים,130.00,100 גרם,false,,3.40,0.0262,true,1,194820
7290107950206,false,מעדן חלב דל קלוריות בטעם שוקולד 0% שומן,מיוצר עי קונדיטוריית,IL,מעדן שטראוס דיאט שוק,גרמים,130.00,100 גרם,false,,3.40,0.0262,true,1,194821
7290107951104,false,בפלות ופלים ארוכים בטעם שוקולד,"שטראוס גרופ בע""\מ",IL,בפלות שוקולד 200 גר,גרמים,200.00,100 גרם,false,,4.60,0.0230,true,1,195297
7290107951111,false,בפלות ופלים ארוכים בטעם לימון,"א.ג. גילרו בע""\מ",IL,בפלות לימון 200 גר,גרמים,200.00,100 גרם,false,,4.60,0.0230,true,1,195298
7290107951715,false,צנצנת מסטיק מאסט קוביות בטעם ענבים 58 ג' עלית,אסקום קונפקשיין,IL,צנצנת מסטיק מאסט קוב,גרמים,58.00,100 גרם,false,,9.90,0.1707,true,1,196585
7290107953559,false,"מארז קפה טורקי עלית לדרך כשל""פ 168 גרם",הנסיך- מפעל לייצור ט,IL,מארז קפה טורקי לדרך,גרמים,168.00,100 גרם,false,,19.90,0.1185,false,1,196028
7290107954709,false,"קונפיטורת פירות יער ""יד מרדכי"" 340 גר'","ב.א. מזון בע""\מ",IL,קונפיטורה פירות יער,גרמים,340.00,100 גרם,false,,13.50,0.0397,true,1,197950
7290107954976,false,"משקה יטבתה חלבון פרו קפה 350מ""ל",מחלבת יטבתה,DE,משקה יטבתה פרו קפה 3,מיליליטרים,350.00,"100 מ""ל",false,,6.40,0.0183,true,1,198332
7290107956543,false,דבש טהור מפרחי בר 900 ג' יד מרדכי,STRAUSS-ISRAEL,IL,דבש יד מרדכי 900 גר,גרמים,900.00,100 גרם,false,,39.90,0.0443,false,1,202804
7290107956642,false,"תרסיס שמן זית 150 מ""ל יד מרדכי כשלפ",פארייפאבה אגרואינדוס,ES,"תרסיס שמן זית 150 מ""",מיליליטרים,150.00,"100 מ""ל",false,,17.90,0.1193,true,1,201545
7290107956895,false,קפסולות 07 אספרסו בטעם קרמל עלית 10יח',שטראוס קפה בי.וי.,IL,קפסולות אספרסו בטעם,גרמים,50.00,100 גרם,false,,16.90,0.3380,true,1,201836
7290107956901,false,קפסולות בטעם אגוזים למכונת נספרסו עלית 10 יחידות,שטראוס קפה בי.וי.,IL,קפסולות אספרסו בטעם,גרמים,150.00,100 גרם,false,,16.90,0.1127,true,1,200100
7290107956925,false,קפסולות 13 אוגנדה למכונת נספרסו עלית 10יח',שטראוס קפה בי.וי.,IL,קפסולות קפה אוגנדה 1,גרמים,50.00,100 גרם,false,,16.90,0.3380,false,1,204217
7290107956932,false,קפסולות אספרסו אידונזיה למכונות 50 גר,שטראוס קפה בי.וי.,IL,קפסולות קפה עלית אינ,גרמים,100.00,100 גרם,false,,16.90,0.1690,false,1,199690
7290107957069,false,"מסטיק ע""למה ""בטעם אוכניות 66 גרם צנצנת ""עלית""","שטראוס גרופ בע""\מ",IL,צנצנת מסטיק עלמה אוכ,גרמים,66.00,100 גרם,false,,9.90,0.1500,true,1,199685
7290107957076,false,"מסטיק ""עלמה"" בטעם ספירמנט 66 גרם צנצנת ""עלית""","שטראוס גרופ בע""\מ",IL,צנצנת מסטיק עלמה בטע,גרמים,66.00,100 גרם,false,,9.90,0.1500,true,1,199686
7290107957113,false,גבינת סימפוניה 5% עם זיתים פיקנטים 200 גרם,"שטראוס בריאות בע""\מ",IL,סימפוניה זיתים פיקנט,גרמים,200.00,100 גרם,false,,11.20,0.0560,false,1,204220
7290107957229,false,שוקולד צ'יפס מריר מעולה לאפיה עלית 250 ג',"פוליבה בע""מ",IL,נטיפי שוקולד צ'יפס מ,גרמים,250.00,100 גרם,false,,12.50,0.0500,true,1,201776
7290107957991,false,מילקי CAKE מיניס קרם חלב בציפוי שוקולד חלב שקית 16X9ג',בובארד איטליה אס.פי.איי,IT,מילקי קייק מיניס,גרמים,144.00,100 גרם,false,,14.90,0.1035,true,1,203486
7290107958035,false,יוגורט במתיקות מעודנת 2% ללא תוספת סוכר- מארז 8 יח,"שטראוס בריאות בע""\מ",IL,מארז דנונה מתיקות מע,גרמים,960.00,100 גרם,false,,19.50,0.0203,true,1,200026
7290107958639,false,"מטבוחה מרוקאית חריפה 400 גרם ""אחלה""",מיוצר עי קונדיטוריית,IL,מטבוחה מרוקאית חריפה,גרמים,400.00,100 גרם,false,,15.90,0.0398,true,1,200073
7290107970129,false,"ליידי ספיד סטיק - דאודורנט רול און לאישה פרש אסנס סחלב שחור 50 מ""ל",קולגייט-פלמוליב,IT,ליידי ספיד סטיק רול,יחידה,0.00,יחידה,false,,14.90,0.0000,true,1,189466
7290107971751,false,מי פה קולגייט טוטל ללא אלכוהול פפרמינט,יבואן ומשווק: ש. שסט,PL,קולגייט מי פה טוטל כ,מיליליטרים,500.00,"100 מ""ל",false,,29.90,0.0598,true,1,192342
7290107972307,false,"משחה להלבנת שיניים ריסטור אופטיק ווייט קולגייט 75 מ""ל",הנסיך- מפעל לייצור ט,PL,קולגייט אופטיק וויטן,מיליליטרים,75.00,"100 מ""ל",false,,25.90,0.3453,true,1,196572
7290107973014,false,"סבון ידיים משאבה פלמוליב חלב ודבש 300 מ""ל",הנסיך- מפעל לייצור ט,TR,פלמוליב סבון ידיים ח,מיליליטרים,300.00,"100 מ""ל",false,,10.90,0.0363,true,1,193149
7290107973038,false,"סבון ידיים משאבה פלמוליב אקווריום 300 מ""ל",הנסיך- מפעל לייצור ט,IT,פלמוליב סבון ידיים א,מיליליטרים,300.00,"100 מ""ל",false,,10.90,0.0363,true,1,193151
7290107973311,false,קולגייט מברשת שיניים 360 פחם זהב זוג,הנסיך- מפעל לייצור ט,CN,זוג מברשות קולגייט 3,יחידה,0.00,יחידה,false,,24.90,0.0000,true,1,192343
7290107973861,false,מאסטר שף עגבניות קצוצות דק שלישיה 400ג*3 כשלפ,קונסרזיו קאסאלאסקו ד,IT,עגבניות קצוצות שלישי,גרמים,1200.00,100 גרם,false,,15.90,0.0133,true,1,193830
7290107974066,false,"עלי טורטיה קמח מלא 20ס""מ 8יח' מאסטר שף 320ג'",אלקאטי קורביישיסי גי,ES,עלי טורטיה קמח מלא 2,גרמים,320.00,100 גרם,false,,9.90,0.0309,true,1,192799
7290107974073,false,מנה עלי טורטיה קמח לבן מ.שף 20 סמ 320 גר,אלקאטי קורביישיסי גי,ES,עלי טורטיה קמח לבן 2,גרמים,320.00,100 גרם,false,,9.90,0.0309,true,1,192800
7290107974080,false,מנה עלי טורטיה קמח לבן מ.שף 25 סמ 840 גר,הדקלאים אגודת שיתופי,DE,עלי טורטיה קמח לבן 2,גרמים,840.00,100 גרם,false,,16.90,0.0201,true,1,192801
7290107974301,false,ליידי ספיד סטיק - דאודורנט ג'ל לאישה אלוורה 45 גרם,ליידי ספיד סטיק Lady Speed Stick,US,ליידי ספיד סטיק אלוו,יחידה,0.00,יחידה,false,,19.90,0.0000,true,1,197613
7290107974806,false,"מאסטר שף - אורז בסמטי 1 ק""ג",דווה סינג שיהם סינג,IN,אורז בסמטי מנה 1 קג,קילוגרמים,1.00,"100 ק""ג",false,,11.90,11.9000,true,1,196473
7290107974837,false,מנה מאסטר שף ממרח מתובל שום 246 גר,רמיה סי.וי.הולנד,NL,ממרח מתובל שום מנה,גרמים,250.00,100 גרם,false,,7.90,0.0316,true,1,195137
7290107975544,false,"קולגייט משחת שיניים סמיילס ברבי לגילאי 6 50מ""ל",קולגייט- פלמוליב,PL,קולגייט סמיילס ברבי,מיליליטרים,50.00,"100 מ""ל",false,,10.90,0.2180,true,1,197346
7290107976589,false,"שטיפת פה קולגייט אופטיק וייט 250 מ""ל",קולגייט פלמוליב,PL,קולגייט מי פה אופטיק,מיליליטרים,250.00,"100 מ""ל",false,,13.90,0.0556,true,1,260920
7290107976848,false,פלמוליב סבון מוצק קמומיל רביעייה 360 ג,קולגייט-פלמוליב,TR,פלמוליב סבון מוצק קמ,גרמים,360.00,100 גרם,false,,17.00,0.0472,true,1,201934
7290107976916,false,"סבון ידיים משאבה פלמוליב זיתים 300 מ""ל",פלמוליב Palmolive,IT,פלמוליב סבון ידיים ח,מיליליטרים,30.00,"100 מ""ל",false,,10.90,0.3633,true,1,198496
7290107977456,false,"פלמוליב - ג'ל רחצה ושמפו ספורט לגבר 750 מ""ל",קולגייט פלמוליב,TR,פלמוליב לגבר ג'ל רחצ,מיליליטרים,750.00,"100 מ""ל",false,,19.90,0.0265,true,1,209353
7290107977753,false,"משחת שיניים פרודונט אקספרס 75 מ""ל ""מרידול""",קולגייט פלמוליב,PL,מרידול משחת שיניים פ,מיליליטרים,75.00,"100 מ""ל",false,,24.90,0.3320,true,1,199859
7290107978323,false,מאסטר שף איטריות דקיקות 400 גר,הדקלאים אגודת שיתופי,PL,איטריות דקיקות מאסטר,גרמים,400.00,100 גרם,false,,5.90,0.0148,true,1,198250
7290107978330,false,מאסטר שף איטריות דקות 400 גרם,הדקלאים אגודת שיתופי,PL,איטריות דקות מאסטר ש,גרמים,400.00,100 גרם,false,,5.90,0.0148,true,1,198251
7290107978347,false,איטריות בינוניות מאסטר שף 400 גרם,הדקלאים אגודת שיתופי,PL,איטריות בינוניות מאס,גרמים,400.00,100 גרם,false,,5.90,0.0148,true,1,198252
7290107979191,false,"תבנית אלומיניום עם נייר אפייה ענק 2 ""קוקי""",HAI PLASTIC,CN,תבנית אלומיניום קוקי,יחידה,0.00,יחידה,false,,9.90,0.0000,true,1,198717
7290108070309,false,שקית בלונים פסטל מעורב צבעים-100 יח,,IL,שקית 100 בלונים,יחידה,0.00,יחידה,false,,20.00,0.0000,true,1,192239
7290108070316,false,חבילת בלונים (50 יח') פסטל בסטרים,,IL,בלונים איכותיים 50'ח,יחידה,0.00,יחידה,false,,10.90,0.0000,true,1,194170
7290108074888,false,נרות ג'מבו,,,נרות ג'מבו,יחידה,0.00,יחידה,false,,6.40,0.0000,true,1,192330
7290108079357,false,מארז בלונים על מקל לניפוח עצמי HAPPY BIRTHDAY - כסף,,CN,מארז בלונים על מקל ל,יחידה,0.00,יחידה,false,,20.00,0.0000,true,1,199564
7290108184310,false,נורת E27 תואם ליבון,,,נורת E27 תואם ליבון,יחידה,0.00,יחידה,false,,14.90,0.0000,true,1,194597
7290108187519,false,נורת תואם ליבון 27E,,,נורת תואם ליבון 27E,יחידה,0.00,יחידה,false,,11.90,0.0000,true,1,196398
7290108187526,false,נורת E27 תואם ליבון,,,נורת E27 תואם ליבון,יחידה,0.00,יחידה,false,,11.90,0.0000,true,1,194604
7290108187533,false,נורת E27 תואם ליבון,,,נורת E27 תואם ליבון,יחידה,0.00,יחידה,false,,9.90,0.0000,true,1,194599
7290108187540,false,נורת E27 תואם ליבון,,,נורת E27 תואם ליבון,יחידה,0.00,יחידה,false,,9.90,0.0000,true,1,194600
7290108187571,false,נורת ליבון LED,,,נורת ליבון LED,יחידה,0.00,יחידה,false,,21.90,0.0000,true,1,196410
7290108187588,false,נורת ליבון LED,,,נורת ליבון LED,יחידה,0.00,יחידה,false,,21.90,0.0000,true,1,196411
7290108201437,false,"אבקת כביסה קולון 101 2.5 ק""ג",רקיט בנקיזר,IL,אבקת כביסה קולון 2.5,קילוגרמים,2.50,"ק""ג",false,,19.90,7.9600,true,1,196894
7290108201864,false,קולון קפסולות גל לכביסה 28 יחידות,רקיט בנקיזר,IT,קולון קפסולות לכביסה,יחידה,0.00,יחידה,false,,29.90,0.0000,true,1,202257
7290108350128,false,סנו סושי שקיות אשפה חזקות במיוחד 40 יח',מיוצר עי קונדיטוריית,IL,סנו סושי 40 שקיות אש,יחידה,0.00,יחידה,false,,24.90,0.0000,true,1,151840
7290108350180,false,סנו סושי מפיות מודפסות 100 יח',חי מוצרי נייר בעמ,IL,סנו סושי מפיות אירוח,יחידה,0.00,יחידה,false,,8.90,0.0000,true,1,187096
7290108350203,false,"סנו סושי כריות קרצוף+ספוג מקציף 6 יחידות 12X9 ס""מ",סנו סושי,US,סקוטש+ספוג EXTRA,יחידה,0.00,יחידה,false,,10.00,0.0000,true,1,192855
7290108350210,false,סנו סושי 30 שקיות אשפה XL חזקות במיוחד,מיוצר עי קונדיטוריית,IL,שקיות XL חזקות 30 יח,יחידה,0.00,יחידה,false,,24.90,0.0000,true,1,189261
7290108350531,false,סנו ספארק נוזל כלים בניחוח קלאסי עם משאבה 1 ל',מיוצר עי קונדיטוריית,IL,נוזל לכלים ספארק משא,ליטרים,1.00,ליטר,false,,11.90,11.9000,true,1,187091
7290108350548,false,סנו ספארק נוזל כלים בניחוח לבנדר עם משאבה 1 ל',מיוצר עי קונדיטוריית,IL,נוזל כלים ספארק משאב,ליטרים,1.00,ליטר,false,,11.90,11.9000,true,1,187092
7290108350555,false,נוזל כלים סנו ספארק Spark היפואלרגני פריחת השקד,סנו ספארק,IL,נוזל כלים ספארק משאב,ליטרים,1.00,ליטר,false,,11.90,11.9000,true,1,187093
7290108350616,false,סנו - מקסימה מרכך כביסה מרוכז פריחה כחולה 1 ליטר,"סנו מפעלי ברונוס בע""\מ",IL,מרכך מרוכז מקסימה 1,ליטרים,1.00,ליטר,false,,16.90,16.9000,true,1,193038
7290108350623,false,מרכך כביסה סופר מרוכז סופט סילק מקסימה 1 ל' סנו,"סנו מפעלי ברונוס בע""\מ",IL,מרכך מרוכז מקסימה 1,ליטרים,1.00,ליטר,false,,16.90,16.9000,true,1,193039
7290108350654,false,"כיף פיות תרסיס להתרת קשרים 350 מ""ל",קוסמופארם בע''מ,IL,תרסיס להתרת קשרים כי,מיליליטרים,350.00,"100 מ""ל",false,,21.00,0.0600,true,1,191210
7290108350685,false,"סנו ספארק מנקה למדיח כלים 250 מ""ל",סנו,IL,ספארק מנקה למדיח 250,מיליליטרים,250.00,"100 מ""ל",false,,12.90,0.0516,true,1,201098
7290108350746,false,מברשת שיניים חשמלית פיות אורביטול,החברה הדרומית,CN,מברשת שיניים פיות חש,יחידה,0.00,יחידה,false,,39.90,0.0000,true,1,197138
7290108351149,false,ג'ל ניקוי כללי בתוספת אבקת סודה ריח כביסה סנו ג'ט 1.5 ליטר,"סנו מפעלי ברונוס בע""\מ",IL,סנו ג'ל לניקוי כללי,ליטרים,1.50,ליטר,false,,13.90,9.2667,true,1,195901
7290108351156,false,ג'ל ניקוי כללי בתוספת חומץ בריח לבנדר סנו ג'ט 1.5 ליטר,"סנו מפעלי ברונוס בע""\מ",IL,סנו ג'ל לניקוי כללי,ליטרים,1.50,ליטר,false,,13.90,9.2667,true,1,195902
7290108351507,false,מרכך כביסה אינספרישיין סנו מקסימה 4 ליטר,סנו מקסימה,IL,מרכך כביסה אינספרישי,ליטרים,4.00,ליטר,false,,21.90,5.4750,false,1,195597
7290108351514,false,מרכך כביסה בלו בלוסום סנו מקסימה 4 ליטר,סנו מקסימה,IL,מרכך כביסה פריחה כחו,ליטרים,4.00,ליטר,false,,21.90,5.4750,false,1,195598
7290108351552,false,"סנו - ג'ט לניקוי כללי בתוספת חומץ בניחוח לבנדר 750 מ""ל","סנו מפעלי ברונוס בע""\מ",IL,סנו ג'ט פלוס לניקוי,מיליליטרים,750.00,"100 מ""ל",false,,12.90,0.0172,true,1,200410
7290108351569,false,מבשם ומרכך למייבש כביסה Baby לתינוקות ולעור רגיש,"סנו מפעלי ברונוס בע""\מ",IL,מקסימה למייבש בייבי,מיליליטרים,750.00,"100 מ""ל",false,,19.90,0.0265,true,1,198169
7290108351590,false,"סנופרש הום בלו בלוסון בניחוח מרכך כביסה 350 מ""ל",סנו פרש Fresh,IL,סנו פרש מבשם לבית נט,מיליליטרים,350.00,"100 מ""ל",false,,12.90,0.0369,true,1,198078
7290108351613,false,סנו ריצפז פרש הום 2 ליטר בניחוח מלון חלומי,"סנו מפעלי ברונוס בע""\מ",IL,ריצפז פרש הום מלון 2,ליטרים,2.00,ליטר,false,,21.90,10.9500,false,1,197554
7290108351699,false,סנו - ג'ט מטליות לחות לניקוי כללי בתוספת חומץ לבנדר שלישיה,סנו מפעלי ברונוס על,IL,מגבונים ג'ט+חומץ מאר,יחידה,0.00,יחידה,false,,19.90,0.0000,true,1,203500
7290108351705,false,פניני בישום 275 גרם מקסימה,inc prodacts smart value,IL,פניני בישום לכביסה F,גרמים,275.00,100 גרם,false,,29.90,0.1087,true,1,209179
7290108351774,false,מרסס סנו לניקוי וטיפול במוצרי עור 500 מל,סנו,IL,סנו לניקוי וטיפול במ,מיליליטרים,500.00,"100 מ""ל",false,,29.90,0.0598,true,1,204754
7290108351781,false,ג'ל לניקוי אסלות + חומץ ומלח לימון בריח הדרים,"סנו מפעלי ברונוס בע""",IL,סנו ג'ט לניקוי אסלות,מיליליטרים,750.00,"100 מ""ל",false,,11.90,0.0159,true,1,204755
7290108351804,false,מרכך כביסה סופר מרוכז Gentl Breeze סנו מקסימה 1 ליטר,מיוצר עי קונדיטוריית,IL,מרכך כביסה מקסימה סו,ליטרים,1.00,ליטר,false,,16.90,16.9000,false,1,208398
7290108351811,false,מרכך כביסה סופר מרוכז Floral touch סנו מקסימה 1 ליטר,מיוצר עי קונדיטוריית,IL,מרכך כביסה מקסימה סו,ליטרים,1.00,ליטר,false,,16.90,16.9000,false,1,208399
7290108351835,false,מרכך כביסה Pure Sensation סנו מקסימה 4 ליטר,מיוצר עי קונדיטוריית,IL,מרכך כביסה סנו מקסימ,ליטרים,4.00,ליטר,false,,21.90,5.4750,false,1,209643
7290108351859,false,"סנו מקסימה בושם מרוכז לכביסה FOREVER ורוד 600 מ""ל",סנו מקסימה,IL,מקסימה בושם מרוכז לכ,מיליליטרים,600.00,"100 מ""ל",false,,21.90,0.0365,true,1,205157
7290108351910,false,סנו ספארק טבליות למדיח 30 יח',גרופה אינקו,PL,טבליות למדיח ספארק 3,יחידה,0.00,יחידה,false,,21.90,0.0000,true,1,205511
7290108351927,false,סנו ספארק טבליות למדיח 70 יחידות,גרופה אינקו,PL,טבליות למדיח ספארק 7,יחידה,0.00,יחידה,false,,39.90,0.0000,true,1,205512
7290108351996,false,"חיטוי בייבי 99.9% לחיטוי וניקוי בסביבת תינוקות 750 מ""ל","סנו מפעלי ברונוס בע""\מ",IL,מתז בייבי לחיטוי וני,מיליליטרים,750.00,"100 מ""ל",false,,14.90,0.0199,true,1,207099
7290108352078,false,"שטיפת פה Protective salt אורביטול 500 מ""ל",טרופיקל דגיל תעשיות,IL,אורביטול מי פה מלח 5,מיליליטרים,500.00,"100 מ""ל",false,,24.90,0.0498,true,1,211189
7290108352092,false,משחת שיניים אורביטול פרוטקטיב סולט בטעם מנטה,טרופיקל דגיל תעשיות קוסמ,IL,אורביטול משחת שיניים,גרמים,145.00,100 גרם,false,,17.90,0.1234,true,1,211191
7290108352146,false,"סנובון נוזלי בניחוח מנגוליה ונרולי סנו 750 מ""ל",סנו מפעלי ברונוס בעמ,IL,סנובון נוזלי בניחוח,מיליליטרים,750.00,"100 מ""ל",false,,11.90,0.0159,true,1,213659
7290108352153,false,"סנובון נוזלי בניחוח לוטוס וסחלב סנו 750 מ""ל",מיוצר עי קונדיטוריית,IL,סנובון נוזלי בניחוח,מיליליטרים,750.00,"100 מ""ל",false,,11.90,0.0159,true,1,213660
7290108352214,false,סנו - מקסימה קפסולות כביסה בניחוח בריזה מרעננת 40 יח',טרופיקל דגיל תעשיות,IL,קפסולות לכביסה 40 יח,יחידה,0.00,יחידה,false,,31.90,0.0000,true,1,213662
7290108352221,false,סנופרש הום מבשם נוזלי בניחוח מלון מפנק,סנו מפעלי ברונוס בעמ,IL,סנו פרש הום מלון מפנ,מיליליטרים,350.00,"100 מ""ל",false,,12.90,0.0369,true,1,213902
7290108352252,false,נוזל לניקוי כלים מתאים לניקוי ירקות ופירות סנו ספארק,"סנו מפעלי ברונוס בע""\מ",IL,ספארק נוזל כלים משאב,ליטרים,1.00,ליטר,false,,11.90,11.9000,true,1,211325
7290108352269,false,סנו מטליות לחיטוי ולניקוי בדלי 400 יחידו,החברה הדרומית,IL,מטליות לחיטוי וניקוי,יחידה,0.00,יחידה,false,,29.90,0.0000,false,1,213663
7290108352290,false,סנו שלישיית מטליות לחות לניקוי וחיטוי99.9% לחדר אמבטיה,מיוצר עי קונדיטוריית,IL,מטליות לחות שלישייה,יחידה,0.00,יחידה,false,,21.90,0.0000,true,1,214738
7290108352320,false,"מבשם אויר סנו פרש הום בניחוח כותנה מלטפת 350 מ""ל",מיוצר עי קונדיטוריית,IL,סנו פרש הום מלון בוט,מיליליטרים,350.00,"100 מ""ל",false,,12.90,0.0369,true,1,213903
7290108352399,false,ריצפז פרש הום בניחוח מרכך כביסה פלורל טאצ',"סנו מפעלי ברונוס בע""\מ",IL,ריצפז פרש הום 2 ליטר,ליטרים,2.00,ליטר,false,,21.90,10.9500,false,1,262040
7290108352405,false,מטהר אוויר סנו פרש הום נוזלי ירוק ארומטי,סנו מפעלי ברונוס בעמ,IL,פרש הום מבשם אוויר א,מיליליטרים,300.00,"100 מ""ל",false,,12.90,0.0430,true,1,211723
7290108352436,false,סנובון מוצק בניחוח נגוליה ונרולי שלישייה,סנו מפעלי ברונוס בעמ,IL,סנובון מוצק שלישייה,יחידה,0.00,יחידה,false,,13.90,0.0000,true,1,214533
7290108352450,false,ריצפז פרש הום בניחוח מרכך כביסה בלו בלוסום,סנו מפעלי ברונוס בעמ,IL,ריצפז פרש הום בניחוח,ליטרים,2.00,ליטר,false,,21.90,10.9500,false,1,215671
7290108352511,false,ניקוי וחיטוי מכונת הכביסה בתוספת חומץ סנו מקסימה,"סנו מפעלי ברונוס בע""\מ",IL,מקסימה לניקוי וחיטוי,מיליליטרים,500.00,"100 מ""ל",false,,12.90,0.0258,true,1,217609
7290108352535,false,סנו - מקסימה דפי בישום לחים למייבש הכביסה בניחוח מרכך כביסה,טרופיגל דגיל תעשיות קוסמ,IL,מקסימה דפי בישום לחי,יחידה,0.00,יחידה,false,,12.90,0.0000,true,1,260634
7290108352597,false,דלי מגבונים לניקוי כללי סנו 400 יחידות,סנו,IL,מגבונים בדלי 400 יח',יחידה,0.00,יחידה,false,,28.90,0.0000,true,1,193659
7290108352641,false,סנו סושי מטלית הפלא לניקוי כללי במארז שלישייה,סנו מפעלי ברונוס.,IL,סנו סושי מטלית הפלא,יחידה,0.00,יחידה,false,,14.90,0.0000,true,1,198033
7290108352672,false,צמד מטליות הפלא לרצפה מיקרפייבר סנו סושי,סנו מפעלי ברונוס.,CN,סנו סושי מטליות הפלא,יחידה,0.00,יחידה,false,,19.90,0.0000,true,1,198060
7290108352702,false,סנו סופט שלישיית מגבוני טואלט נשטפים בוב ספוג 48 יחידות,סנו סופט Soft,IL,מגבונים בוב ספוג שלי,יחידה,0.00,יחידה,false,,15.90,0.0000,true,1,191858
7290108352788,false,סנו סושי שקיות זיפר לאוכל L 20 יחידות,פיין ונטג,IL,סושי שקיות זיפר 20 י,יחידה,0.00,יחידה,false,,12.90,0.0000,true,1,206668
7290108352795,false,סנו סושי שקיות M זיפר 50 יחידות,פיין ונטג,CN,סושי שקיות זיפר 50 י,יחידה,0.00,יחידה,false,,12.90,0.0000,true,1,206669
7290108352801,false,"שקיות אשפה לפחים קטנים 45 * 56 ס""מ סנו סושי 100 יחידות","סנו מפעלי ברונוס בע""מ",IL,שקיות אשפה לפח קטן,יחידה,0.00,יחידה,false,,19.90,0.0000,true,1,202340
7290108352818,false,מטלית במבוק לניקוי דוחה ריחות רעים,צ'\נצ'\גן גולי מוצרי צרי,CN,סנו מטלית במבוק לניק,יחידה,0.00,יחידה,false,,7.90,0.0000,true,1,205278
7290108352825,false,ספוג הפלא נירוסטה סנו סושי 3יח',ltdn s.k.a.tסנו מפעלי בר,CN,סושי ספוג הפלא לניקו,יחידה,0.00,יחידה,false,,10.00,0.0000,true,1,203061
7290108352849,false,שלישיית מטליות הפלא לניקוי כללי דקור סנו סושי,טרופיקל דגיל תעשיות,CN,מטלית הפלא לניקוי כל,יחידה,0.00,יחידה,false,,14.90,0.0000,true,1,214993
7290108352863,false,סנו סושי שקיות צלייה 20יח' מידה L,סנו מפעלי ברונוס בעמ . ח,TR,סנו סושי 20 שקיות צל,יחידה,0.00,יחידה,false,,7.90,0.0000,true,1,204089
7290108352894,false,סנו סושי מפת שולחן חגיגית,שואוגאנג,CN,סנו סושי מפת שולחן ח,יחידה,0.00,יחידה,false,,8.50,0.0000,true,1,205871
7290108352900,false,מגבות נייר בגליל כפול סנו סושי 12=6 גלילים,סנו מפעלי ברונוס בעמ,IL,מגבות הפלא גליל כפול,יחידה,0.00,יחידה,false,,24.90,0.0000,true,1,207783
7290108352917,false,כפפות ניטריל כחולות 80 יח' S סנו סושי,סנו סושי,,סנו סושי 80 כפפות ני,יחידה,0.00,יחידה,false,,24.90,0.0000,true,1,263162
7290108352924,false,כפפות ניטריל כחולות 80 יח' M סנו סושי,סנו סושי,TH,סנו סושי 80 כפפות ני,יחידה,0.00,יחידה,false,,24.90,0.0000,true,1,263163
7290108352931,false,כפפות ניטריל כחולות 80 יח' L סנו סושי,סנו סושי,TH,סנו סושי 80 כפפות ני,יחידה,0.00,יחידה,false,,24.90,0.0000,true,1,263161
7290108353020,false,"סנו סושי תבנית אפיה מנייר מלבן גדול מארז, 4 יח'",מיוצר עי קונדיטוריית,CN,תבנית אפיה מנייר מלב,יחידה,0.00,יחידה,false,,14.90,0.0000,true,1,208618
7290108353037,false,"תבניות אפיה עגולות מנייר קוטר 21 ס""מ",מיוצר עי קונדיטוריית,CN,סנו סושי 4 תבניות אפ,יחידה,0.00,יחידה,false,,14.90,0.0000,true,1,208430
7290108353044,false,תב.אפייה מנייר סנו סושי מאפינס גדול 24 י,מיוצר עי קונדיטוריית,CN,סנו סושי 24 תבניות א,יחידה,0.00,יחידה,false,,12.90,0.0000,true,1,208544
7290108353068,false,ספוג הפלא נירוסטה עם סיבי קירצוף סנו סושי 2 יח',מיוצר עי קונדיטוריית,IL,סנו סושי כרית קרצוף,יחידה,0.00,יחידה,false,,10.00,0.0000,true,1,208431
7290108353075,false,מפיות אירוח גדולות ועבות סנו סושי 50 יחידות,האנק טישו,PL,סנו סושי 50 מפיות אי,יחידה,0.00,יחידה,false,,14.90,0.0000,true,1,207177
7290108353099,false,ממחטות אף במארז ניילון סנו סופט 5 יח' * 100 דף,טרופיקל דגיל תעשיות,IL,סנו soft ממחטות אף ב,יחידה,0.00,יחידה,false,,13.90,0.0000,true,1,208543
7290108353419,false,צמד מברשות שיניים עם סיבי הלבנה ספירליים,החברה הדרומית,IL,צמד מברשות שיניים לה,יחידה,0.00,יחידה,false,,19.90,0.0000,true,1,210837
7290108353471,false,סנובון מוצק לאסלה DESIGN בניחוח ספא,סנו מפעלי ברונוס בעמ,IL,סנובון DESIGN בניחוח,יחידה,0.00,יחידה,false,,7.90,0.0000,true,1,209084
7290108353495,false,אורביטול - חוט דנטאלי 50 מטר בתוספת שעווה ופלואוריד,אורביטול,IL,אורביטול חוט דנטאלי,יחידה,0.00,יחידה,false,,10.90,0.0000,true,1,264137
7290108353501,false,"שקיות אשפה ענקיות עם ידיות ענקיות 75*90 ס""מ סנו סושי 25 יחידות",טרופיקל דגיל תעשיות,TR,סנו סושי שקיות אשפה,יחידה,0.00,יחידה,false,,19.90,0.0000,true,1,210697
7290108353518,false,"תבניות אלומיניום עם ידיות אחיזה 34*29 ס""מ",קריניסה ויטמין אס אי,CN,סנו סושי 4 תבניות אל,יחידה,0.00,יחידה,false,,11.90,0.0000,true,1,210569
7290108353525,false,סנו סושי - תבניות אלומיניום עם ידיות אחיזה,קריניסה ויטמין אס אי,CN,סנו סושי 2 תבניות אל,יחידה,0.00,יחידה,false,,11.90,0.0000,true,1,210570
7290108353532,false,"שקיות אשפה חזקות עם שרוך לארג' 54 * 65 ס""מ סנו סושי 100 יחידות",סנו סושי,IL,סנו סושי 100 שקיות א,יחידה,0.00,יחידה,false,,29.90,0.0000,true,1,210833
7290108353549,false,נייר אפייה סנו סושי 100 יח,"טופ פלסט 2002 בע""\מ",IL,נייר אפייה 100 יח' ס,יחידה,0.00,יחידה,false,,19.90,0.0000,true,1,210232
7290108353563,false,צלחות מקנה סוכר טבעי סנו סושי - 10'' *25,הנסיך- מפעל לייצור ט,IL,צלחות ענקיות מקנה סו,יחידה,0.00,יחידה,false,,21.90,0.0000,true,1,213665
7290108353648,false,סנו סושי - שקיות אוכל מנייר 70 יחידות,איי טיי אריזות טורקיה,TR,שקיות אוכל מנייר 70,יחידה,0.00,יחידה,false,,10.90,0.0000,true,1,214411
7290108353686,false,מטלית חלומית לרצפה סנו סושי 1 יחידה,נינגבו סנבנג,CN,סנו סושי מטלית חלומי,יחידה,0.00,יחידה,false,,11.90,0.0000,true,1,215674
7290108353693,false,"צלחות מעוטרות מקנה סוכר בקוטר 19 ס""מ",סנו סושי,IL,צלחות גדולות מקנה סו,יחידה,0.00,יחידה,false,,14.90,0.0000,true,1,213667
7290108353761,false,"תחליב רחצה זן, בניחוח קשמיר 600 מ""ל קרימה","קוסמופארם בע""\מ",IL,קרמה תחליב רחצה זן ב,מיליליטרים,600.00,"100 מ""ל",false,,17.90,0.0298,true,1,264846
7290108353891,false,"קרמה - דאודורנט רול און לאישה קרמה מאסק 75 מ""ל","קוסמופארם בע""\מ",IL,דאודורנט רול און קרמ,מיליליטרים,75.00,"100 מ""ל",false,,14.90,0.1987,true,1,211673
7290108353907,false,"קרמה - דאודורנט רול און לאישה קרמה קלאסי 75 מ""ל","קוסמופארם בע""\מ",IL,דאודורנט רול און קרמ,מיליליטרים,75.00,"100 מ""ל",false,,14.90,0.1987,true,1,211670
7290108353983,false,"קרמה - קרם גוף קרמה קלאסי 500 מ""ל",טרופיקל דגיל תעשיות,IL,קרם גוף קרמה קלאסי 5,מיליליטרים,500.00,"100 מ""ל",false,,23.90,0.0478,true,1,214741
7290108354270,false,מרכך כביסה מרוכז בבישום עוצמתי 1 ל' סנו מקסימה,מיוצר עי קונדיטוריית,IL,מרכך מרוכז 1 ליטר CA,ליטרים,1.00,ליטר,false,,16.90,16.9000,false,1,261510
7290108354416,false,"תחליב רחצה יוגה, בניחוח ברגמוט 600מ""ל קרימה","קוסמופארם בע""\מ",IL,קרמה תחליב רחצה יוגה,מיליליטרים,600.00,"100 מ""ל",false,,17.90,0.0298,true,1,264847
7290108354430,false,"שמפו כיף לשיקום והזנה שמן קוקוס וקרטין 700 מ""ל",קוסמופארם בעמ,IL,כיף שמפו לשיקום והזנ,מיליליטרים,700.00,"100 מ""ל",false,,10.90,0.0156,true,1,216594
7290108354485,false,"קרליין מרכך 10 לשיער שמן ארגן 700 מ""ל","קוסמופארם בע""\מ",IL,קרליין מרכך 10 שמן א,מיליליטרים,700.00,"100 מ""ל",false,,12.90,0.0184,true,1,263175
7290108354492,false,"קרליין שמפו 10 לשיער שמן ארגן 700 מ""ל","קוסמופארם בע""\מ",IL,קרליין שמפו 10 שמן א,מיליליטרים,700.00,"100 מ""ל",false,,12.90,0.0184,true,1,263176
7290108354621,false,"מסיכה לשיער לחות מוגברת עם אפרסק וחמאת מורומורו 500 מ""ל כיף",סנו,IL,כיף מסיכה לשיער לחות,מיליליטרים,500.00,"100 מ""ל",false,,25.90,0.0518,true,1,265013
7290108354720,false,סנו פרש הום מקלות ריחניים בניחוח ליידי קוקו 100מל',סנו fresh,IL,מקלות ריחניים לבית ב,גרמים,100.00,100 גרם,false,,19.90,0.1990,true,1,266465
7290108354751,false,"סנו - ג'ט מרסס לניקוי כללי בתוספת אבקת סודה 750 מ""ל","סנו מפעלי ברונוס בע""\מ",IL,"ג'ט חומץ+סודה 750 מ""",מיליליטרים,750.00,"100 מ""ל",false,,12.90,0.0172,true,1,204990
7290108355000,false,"שמפו מיניונים לילדים נקה 7 750 מ""ל",אמיליה קוסמטיקס,IL,שמפו נקה 7 מיניונים,מיליליטרים,750.00,"100 מ""ל",false,,11.90,0.0159,true,1,191138
7290108355017,false,"נקה 7 מרכך לילדים מיניונים 750 מ""ל",אמיליה קוסמטיקס,IL,מרכך מיוחד לילדים נק,מיליליטרים,750.00,"100 מ""ל",false,,11.90,0.0159,true,1,191139
7290108355031,false,"נקה 7 אל סבון לילדים מיניונים 750 מ""ל",קוסמופארם בע'\'\מ,IL,אל סבון מיניונים נקה,מיליליטרים,750.00,"100 מ""ל",false,,11.90,0.0159,true,1,191142
7290108355178,false,"קרמה - קרם ידיים חמאת שיאה וקוקוי 100 מ""ל",החברה הדרומית,IL,קרם ידיים קרמה 100 מ,מיליליטרים,100.00,"100 מ""ל",false,,9.90,0.0990,true,1,214409
7290108355307,false,"נקה 7 - שמפו סירוק קל רוזמרין 750 מ""ל",גוד פוד פרודקטס S.p,IL,שמפו לסירוק קל נקה,מיליליטרים,750.00,"100 מ""ל",false,,12.90,0.0172,true,1,207407
7290108355314,false,מרכך לסירוק קל בתוספת רוזמרין,גוד פוד פרודקטס S.p,IL,מרכך לסירוק קל נקה,מיליליטרים,750.00,"100 מ""ל",false,,12.90,0.0172,true,1,207408
7290108355499,false,"דאודורנט רול און ורד ווניל קרמה 70 מ""ל","אמיליה קוסמטיקס בע""\מ",IL,דאודורנט רול און קרמ,מיליליטרים,70.00,"100 מ""ל",false,,19.90,0.2843,true,1,217441
7290108356090,false,קרמה תרחיץ גל לשטיפה אינטימית 220 מל,קוסמופארם בעמ,IL,תרחיץ ג'ל לשטיפה אינ,מיליליטרים,220.00,"100 מ""ל",false,,21.00,0.0955,true,1,218892
7290108356106,false,כיף תחליב רחצה חלב שקדים 700 מל,החברה הדרומית,IL,כיף תחליב רחצה שקד 7,מיליליטרים,700.00,"100 מ""ל",false,,11.90,0.0170,true,1,204732
7290108356113,false,"כיף תחליב רחצה דבש 700 מ""ל-מרכז",קוסמופארם בעמ,IL,כיף תחליב רחצה דבש 7,מיליליטרים,700.00,"100 מ""ל",false,,11.90,0.0170,true,1,204733
7290108356120,false,"תחליב רחצה כיף קוקוס וניל 700 מ""ל",קוסמופארם,IL,כיף תחליב רחצה קוקוס,מיליליטרים,700.00,"100 מ""ל",false,,11.90,0.0170,true,1,204734
7290108356229,false,ג'ל גילוח לכל סוגי העור מועשר בפחם פעיל,טרופיקל דגיל תעשיות,TR,קרמה ג'ל גילוח,מיליליטרים,200.00,"100 מ""ל",false,,12.90,0.0645,true,1,213904
7290108356526,false,"קרליין - שמפו 10 לשיער יבש 700 מ""ל","קוסמופארם בע""\מ",IL,קרליין שמפו לשיער יב,מיליליטרים,700.00,"100 מ""ל",false,,12.90,0.0184,true,1,262425
7290108356854,false,מגבוני בייבי כיף בניוח עדין מארז חמישייה,"טרופיקל דגיל בע""\מ",IL,מגבונים בייבי כיף חמ,יחידה,0.00,יחידה,false,,19.90,0.0000,true,1,216344
7290108356861,false,מגבוני בייבי כיף ללא בישום מארז חמישייה,"טרופיקל דגיל בע""\מ",IL,מגבוני בייבי כיף חמי,יחידה,0.00,יחידה,false,,19.90,0.0000,true,1,216345
7290108357004,false,כיף שמפו ורד ושמן קוקוי לרכות וברק,טרופיקל דגיל תעשיות,IL,כיף שמפו ורד ושמן קו,מיליליטרים,700.00,"100 מ""ל",false,,10.90,0.0156,true,1,210488
7290108357011,false,כיף קונדישינר לשיער שמן קוקוי 700 מל,טרופיקל דגיל תעשיות,IL,כיף מרכך ורד ושמן קו,מיליליטרים,700.00,"100 מ""ל",false,,12.90,0.0184,true,1,210491
7290108357028,false,"תחליב רחצה כיף ורד ושמן קוקוי 700 מ""ל",קוסמופארם בעמ,IL,כיף תחליב רחצה ורד ו,מיליליטרים,700.00,"100 מ""ל",false,,11.90,0.0170,true,1,210492
7290108357042,false,"קרליין - נושם ביו דאודורנט רול און 75 מ""ל Citrus Blossoms לאישה","קוסמופארם בע""\מ",IL,קרליין נושם BIO דאוד,מיליליטרים,75.00,"100 מ""ל",false,,12.90,0.1720,true,1,263172
7290108357097,false,"קרליין - נושם ביו דאודורנט ספריי 150 מ""ל Velvet Rose לאישה",קוסטר אירוסול,IL,קרליין נושם BIO דאוד,מיליליטרים,150.00,"100 מ""ל",false,,12.90,0.0860,true,1,264416
7290108357110,false,"קרליין - נושם ביו דאודורנט רול און 75 מ""ל Valvet Rose לאישה","קוסמופארם בע""\מ",IL,קרליין נושם BIO דאוד,מיליליטרים,75.00,"100 מ""ל",false,,12.90,0.1720,true,1,263174
7290108357196,false,"ג'ט פלוס לניקוי כללי בתוספת תמצית עץ התה 750 מ""ל סנו",מיוצר עי קונדיטוריית,IL,מתז JET לניקוי וחיטו,מיליליטרים,750.00,"100 מ""ל",false,,12.90,0.0172,true,1,219047
7290108357202,false,סנוקליר לניקוי בניחוח בלו בלוסום 1 ליטר,"סנו מפעלי ברונוס בע""\מ",IL,סנו קליר 1 ליטר,ליטרים,1.00,ליטר,false,,11.90,11.9000,true,1,217065
7290108357240,false,"אוקסיג'ן פאוור תוסף להסרת כתמים קשים 1.4 ק""ג",החברה הדרומית,IL,אוקסיג'ן POWER לכביס,קילוגרמים,1.40,"ק""ג",false,,29.90,21.3571,true,1,262662
7290108357257,false,סנו - פרש מכשיר אוטומטי לבישום אוויר בתוספת מילוי אולטרא פרש,"יצרן מכשיר: זובלה, יצרן",IL,מכשיר אוטומטי מעוצב,יחידה,0.00,יחידה,false,,44.90,0.0000,true,1,264450
7290108357271,false,סנובון ג'ל לניקוי אסלות עם חמצן פעיל לניקוי עוצמתי,סנו מפעלי ברונוס בעמ,IL,סנובון נוזלי אוקסי 7,מיליליטרים,750.00,"100 מ""ל",false,,11.90,0.0159,true,1,263931
7290108357288,false,אקונומיקה ז'אוול בניחוח פריחה לבנה 4 ל' סנו,סנו ז'אוול Javel,IL,סנו ז'אוול 4 ליטר אק,ליטרים,4.00,ליטר,false,,16.90,4.2250,false,1,262850
7290108357295,false,"מרסס אוקסיג'ן מסיר כתמים סנו לכביסה לבנה 750 מ""ל","סנו מפעלי ברונוס בע""\מ",IL,סנו אוקסיג'ן POWER ל,מיליליטרים,750.00,"100 מ""ל",false,,19.90,0.0265,true,1,264852
7290108357301,false,"סנו - K300 קוטל חרקים תיקנים ונמלים 300 מ""ל","סנו מפעלי ברונוס בע""\מ",IL,"K-300 מוקטן 300 מ""ל",מיליליטרים,300.00,"100 מ""ל",false,,11.90,0.0397,true,1,263932
7290108357578,false,קרם ידיים קרמה וניל פלפ ורוד,"קוסמופארם בע""\מ.",IL,קרם ידיים קרמה וניל,מיליליטרים,100.00,"100 מ""ל",false,,9.90,0.0990,true,1,261011
7290108357653,false,סנובון ג'ל לאסלה שלישיה בניחוח אוקיינוס,החברה הדרומית,IL,סנובון Bubbles שלישי,יחידה,0.00,יחידה,false,,14.90,0.0000,true,1,266190
7290108357660,false,סנובון Bubbles שלישיית כדוריות ג'ל אסלה ניחוח לבנדר,סנו סנובון,CZ,סנובון Bubbles שלישי,יחידה,0.00,יחידה,false,,14.90,0.0000,true,1,266191
7290108357707,false,"כיף שמפו לשיער רגיל- תפוח זרעי צ'יה 700 מ""ל",גוד פוד פרודקטס S.p,IL,כיף שמפו רגיל תפוח ז,מיליליטרים,700.00,"100 מ""ל",false,,10.90,0.0156,true,1,205534
7290108357714,false,"כיף שמפו לשיער יבש -רימונים ושמן ארגן 700 מ""ל",גוד פוד פרודקטס S.p,IL,כיף שמפו יבש רימונים,מיליליטרים,700.00,"100 מ""ל",false,,10.90,0.0156,true,1,205535
7290108357769,false,"מרכך לשיער רגיל תפוח וזרעי צ'יה 700 מ""ל כיף",גוד פוד פרודקטס S.p,IL,כיף מרכך רגיל תפוח ז,מיליליטרים,700.00,"100 מ""ל",false,,10.90,0.0156,true,1,205529
7290108357875,false,"כיף - שמפו לחות מוגברת עם אפרסק וחמאת מורומורו 700 מ""ל",קוסמופארם בעמ,IL,כיף שמפו לחות מוגברת,מיליליטרים,700.00,"100 מ""ל",false,,10.90,0.0156,true,1,263780
7290108357882,false,"כיף - מרכך לחות מוגברת עם אפרסק וחמאת מורומורו 700 מ""ל",קוסמופארם בעמ,IL,כיף מרכך לחות מוגברת,מיליליטרים,700.00,"100 מ""ל",false,,10.90,0.0156,true,1,263782
7290108358124,false,דפי בישום לחים למייבש הכביסה בניחוח מרכך כביסה 20 יח' מקסימה,טרופיגל דגיל תעשיות קוסמ,IL,מקסימה דפי בישום לחי,יחידה,0.00,יחידה,false,,12.90,0.0000,true,1,265918
7290108359008,false,סושי שקיות זיפר עם סליידר 15 יח לארג',החברה הדרומית,CN,סנו סושי שקיות זיפר,יחידה,0.00,יחידה,false,,14.90,0.0000,true,1,261912
7290108359015,false,סושי שקיות זיפר עם סליידר 20 יח מדיום,החברה הדרומית,CN,סנו סושי שקיות זיפר,יחידה,0.00,יחידה,false,,14.90,0.0000,true,1,261911
7290108359039,false,שקיות אשפה עם ידיות סנו סושי לפחים 30 יחידות,סנאט גרופ,TR,סנו סושי שקית אשפה ע,יחידה,0.00,יחידה,false,,19.90,0.0000,true,1,217503
7290108359060,false,סנו סושי כריות הפלא רב תכלתיות *4 לשבת,סנו מפעלי ברונו בעמ,IL,כריות ניקוי לשבת רבי,יחידה,0.00,יחידה,false,,11.50,0.0000,true,1,260738
7290108359138,false,שקיות אשפה חזקות במיוחד 200 יח',סנו סושי,IL,שקיות אשפה 200 יח' ב,יחידה,0.00,יחידה,false,,45.90,0.0000,true,1,262664
7290108359145,false,סנו סושי דפי ספוג הפלא12,קריות זול,CN,סנו סושי דפי ספוג הפ,יחידה,0.00,יחידה,false,,11.50,0.0000,true,1,266284
7290108359152,false,"תבנית אלומיניום עגולה 25 ס""מ -6 יחי סנו סושי","אופל אריזות בע""\מ",IL,תבניות אלומיניום עגו,יחידה,0.00,יחידה,false,,10.90,0.0000,true,1,265194
7290108359176,false,סנו סופט ממחטות אף תלת שכבתיות עשירות בלחות,החברה הדרומית,IL,ממחטות אף 3 שכבות בת,יחידה,0.00,יחידה,false,,12.90,0.0000,true,1,266287
7290108359183,false,שקית אשפה חזקות 70*50 60 יח' סנו סושי,סנו סושי,IL,סנו סושי 60 שקיות אש,יחידה,0.00,יחידה,false,,24.90,0.0000,true,1,265820
7290108359190,false,סנו סושי מגבות הפלא 4=12 גליל ארוך פי 3,החברה הדרומית,IL,סנו סושי מגבות הפלא,יחידה,0.00,יחידה,false,,24.90,0.0000,false,1,266463
7290108359213,false,נייר טואלט סופט דו שכבתי 18 גלילים כפולים,סנו סופט Soft,IL,סנו סופט נייר טואלט,יחידה,0.00,יחידה,false,,39.90,0.0000,false,1,266532
7290108359824,false,"כיף - בייבי כיף קרם 500 מ""ל",קוסמופארם בעמ,IL,קרם גוף בייבי כיף 50,מיליליטרים,500.00,"100 מ""ל",false,,21.90,0.0438,true,1,204458
7290108359831,false,"כיף - בייבי כיף שמן 500 מ""ל","מיוצר ומשווק ע""י קוס",IL,שמן גוף בייבי כיף,מיליליטרים,500.00,"100 מ""ל",false,,22.90,0.0458,true,1,204459
7290108359985,false,סנו - ז'אוול מרסס קצף לניקוי וחינו בניחוח פריחה לבנה 1 ליטר,סנו ז'אוול Javel,IL,ז'אוול קצף ניקוי בתו,ליטרים,1.00,ליטר,false,,18.90,18.9000,true,1,262851
7290108500677,false,כבד דג שיבוט בשמן דג וילי פוד 115 גרם,"איטיליאן פוד, אס.פי.",IS,כבד דג שיבוט מעושן,גרמים,115.00,100 גרם,false,,9.90,0.0861,true,1,196053
7290108501346,false,גבינה מגורדת גאודה 28% שומן EURO CHEESE ויליפוד 500 גרם,ג. וילי פוד אינטרנשיונל,IL,גאודה מגורדת 500 גר,גרמים,500.00,100 גרם,false,,24.90,0.0498,true,1,199541
7290108501360,false,גבינת צ'דר בשלה ויליפוד 200 גרם,ווייקה פארמס,GB,גבינת צ'דר בשלה 200,גרמים,200.00,100 גרם,false,,18.90,0.0945,true,1,201519
7290108501391,false,גבינה חצי קשה חלב עיזים פרוס 150 גר,ג.וילי פוד אינטרנשיונל ב,IL,גבינה חצי קשה מחלב ע,גרמים,150.00,100 גרם,false,,21.90,0.1460,true,1,201119
7290108501827,false,קדאיף שערות בצק ויליפוד 450 גרם,הנסיך- מפעל לייצור ט,GR,קדאיף שערות בצק,גרמים,450.00,100 גרם,false,,19.90,0.0442,true,1,202377
7290108501964,false,חטיף אגוזים וצימוקים הפי נאטס מארז 35X4ג',ואמראליס,GR,חטיף בוטנים צימוקים,גרמים,140.00,100 גרם,false,,9.90,0.0707,true,1,203088
7290108502329,false,רביעיית טונה בשמן זית ויליפוד 4*160 גרם,גולדן פרייז קאנינג אל טי,TH,טונה ויליפוד בשמן זי,גרמים,640.00,100 גרם,false,,27.90,0.0436,true,1,203934
7290108502763,false,גבינת קממבר ויליפוד 200 גרם,פטוראז',FR,גבינת קממבר 200 גר ו,גרמים,200.00,100 גרם,false,,19.90,0.0995,true,1,214362
7290108502862,false,מלפפונים כבושים במלח 18-25 קטנים ויליפוד 600 גרם,זיתור סאן גידה סני וטיקר,TR,מלפפונים כבושים במלח,גרמים,600.00,100 גרם,false,,9.50,0.0158,true,1,205015
7290108503043,false,תפוחונים חטיף פלחים מיובשים מארז 22X4ג',הביי דונגפנג פוד קו. בעמ,CN,מארז חטיף תפוחונים,גרמים,88.00,100 גרם,false,,14.90,0.1693,true,1,206650
7290108503067,false,פרמז'נו משולש ויליפוד 150 גרם,וילי פוד,IT,פרמז'נו משולש 150 גר,גרמים,150.00,100 גרם,false,,18.90,0.1260,true,1,203900
7290108503647,false,"DAAWAT אורז בסמטי מהדרין ויליפוד 1 ק""ג",אל.טי.פודס בעמ,IN,אורז בסמטי 1 רג -DAA,קילוגרמים,1.00,"ק""ג",false,,11.90,11.9000,false,1,207324
7290108503791,false,ניוקי תפוח אדמה 3 צבעים 500 גרם (ללא גלוטן),סיימה אלימנטרי,IT,"ניוקי תפ""א 3 צבעים ל",גרמים,500.00,100 גרם,false,,10.00,0.0200,true,1,217141
7290108503975,false,פסטה איטליאנה קנלוני ויליפוד 250 גרם,ויליפוד,IT,קנלוני 250 גר ויליפו,גרמים,250.00,100 גרם,false,,8.90,0.0356,true,1,206852
7290108504699,false,רביעיית טונה בשמן קנולה פתח קל ויליפוד 4*160 גרם,גולדן פרייז קאנינג אל טי,TH,רביעיה נתחי טונה בשמ,גרמים,640.00,100 גרם,false,,19.90,0.0311,false,1,209560
7290108504934,false,"דפי אורז למילוי 22 ס""מ 300 גרם בית יוסף",וילי פוד - מנת השף,VN,דפי אורז למילוי קוטר,גרמים,300.00,100 גרם,false,,10.90,0.0363,true,1,262858
7290108505153,false,יוגורט בטעם טבעי 10% שומן ויליפוד 150 גרם,Euro יורו מחלבות אירופה,GR,יוגורט בטעם טבעי 10%,גרמים,150.00,100 גרם,false,,4.90,0.0327,true,1,212239
7290108505160,false,יוגורט עם אגסים 4% שומן ויליפוד 150 גרם,Euro יורו מחלבות אירופה,GR,יוגורט עם אגסים 4%,גרמים,150.00,100 גרם,false,,4.90,0.0327,true,1,213887
7290108505177,false,יוגורט עם אננס 0% שומן ויליפוד 150 גרם,Euro יורו מחלבות אירופה,GR,יוגורט עם אננס 0%,גרמים,150.00,100 גרם,false,,4.90,0.0327,true,1,213888
7290108505184,false,יוגורט עם קוקוס 5% שומן ויליפוד 150 גרם,Euro יורו מחלבות אירופה,GR,יוגורט עם קוקוס 5%,גרמים,150.00,100 גרם,false,,4.90,0.0327,true,1,213889
7290108505191,false,יוגורט עם פצפוצי שוקולד 5% שומן ויליפוד 150 גרם,Euro יורו מחלבות אירופה,GR,יוגורט עם פצפוצי שוק,גרמים,150.00,100 גרם,false,,4.90,0.0327,true,1,213890
7290108505207,false,יוגורט עם אוכמניות 0% שומן ויליפוד 150 גרם,Euro יורו מחלבות אירופה,GR,יוגורט עם אוכמניות,גרמים,150.00,100 גרם,false,,4.90,0.0327,true,1,213891
7290108505214,false,יוגורט עם אפרסק 0% שומן ויליפוד 150 גרם,Euro יורו מחלבות אירופה,GR,יוגורט עם אפרסק 0%,גרמים,150.00,100 גרם,false,,4.90,0.0327,true,1,213892
7290108505689,false,גבינת גרנה פדנו מגורדת ויליפוד 100 גרם,זנאטי,IT,גבינת גרנה פדנו מגור,גרמים,100.00,100 גרם,false,,10.90,0.1090,true,1,210024
7290108505962,false,שזיפים מיובשים וילי פוד 400 גרם,,US,שזיפים מיובשים 400 ג,גרמים,400.00,100 גרם,false,,21.00,0.0525,true,1,211522
7290108506495,false,"כנאפה מאפה בצק ""שערות"" קדאיף וגבינה",ארמה גרופ,TR,כנאפה קפוא,גרמים,192.50,100 גרם,false,,8.90,0.0462,true,1,213221
7290108506549,false,גליליות וופל במילוי קרם וניל פינוקים 400 גרם,Unknown,GR,גליליות וופל במילוי,גרמים,400.00,100 גרם,false,,14.90,0.0373,true,1,213223
7290108506709,false,גבינת פרמג'יאנו רג'יאנו 150 גר' רבנות,וילי פוד,IT,גבינת פרמג'אנו רג'יא,גרמים,150.00,100 גרם,false,,17.90,0.1193,true,1,213225
7290108507072,false,שבבי גבינת גרנה פדנו ויליפוד 100 גרם,זנאתי,IT,שבבי גבינת גרנה פדנו,גרמים,100.00,100 גרם,false,,10.90,0.1090,true,1,217053
7290108508499,false,"איירן משקה יוגורט בסגנון טורקי יורו 293 מ""ל",Euro יורו מחלבות אירופה,TR,איירן משקה יוגורט בס,מיליליטרים,293.00,"100 מ""ל",false,,4.90,0.0167,true,1,217204
7290108508765,false,קונכיות פתיתים ויליפוד 400גרם,וילי פוד,TR,קונכיות פתיתים וילי,גרמים,400.00,100 גרם,false,,5.90,0.0148,true,1,218021
7290108508772,false,קונכיות פתיתים עם תרד 400 גרם,וילי פוד,TR,קונכיות פתיתים עם ת,גרמים,400.00,100 גרם,false,,5.90,0.0148,true,1,218022
7290108508888,false,ביסקוויטים פתי בר ויליפוד 500 ג',ארגון ציקולאטה,TR,ביסקוויטים פתי בר 50,גרמים,500.00,100 גרם,false,,6.90,0.0138,true,1,217997
7290108508901,false,דלתא יוגורט עם דובדבנים ושקדים 0.6% ויליפוד 150 גרם,Euro יורו מחלבות אירופה,GR,דלתא יוגורט עם דבדבן,מיליליטרים,150.00,"100 מ""ל",false,,4.90,0.0327,true,1,218509
7290108508963,false,קשקבל מגורדת חצי קשה ויליפוד 200 גרם,סאסו פטוראגס קומטויס אף,TR,גבינת קשקבל מגורדת ח,גרמים,200.00,100 גרם,false,,13.90,0.0695,true,1,217998
7290108509205,false,חטיף אורז בטעם טבעי לתינוקות ויליפוד 50 גרם,נמצ'או,TH,חטיף אורז אפוי בטעם,גרמים,50.00,100 גרם,false,,11.90,0.2380,true,1,261708
7290108509212,false,ויליפוד חטיף אורז אפוי בטעם ירקות לתינוקות 50 גר',נמצ'או,TH,חטיף אורז אפוי בטעם,גרמים,50.00,100 גרם,false,,11.90,0.2380,true,1,261709
7290108509229,false,חטיף אורז בטעם בננה לתינוקות ויליפוד 50 גרם,נמצ'או,TH,חטיף אורז אפוי בטעם,גרמים,50.00,100 גרם,false,,11.90,0.2380,true,1,261710
7290108509250,false,"אנטיפסטי ארטישוק+עגבניות מיובשות וצלפים בשמן חמניות 380 מ""ל",אלימנטוס אי קונסרבס דל א,IT,אנטיפסטי ארטישוק צנצ,גרמים,310.00,100 גרם,false,,22.90,0.0739,true,1,217999
7290108509359,false,פופקורן בציפוי בטעם קרמל ויליפוד 90 גרם,סנרו ס.א,UA,פופקורן בציפוי בטעם,גרמים,90.00,100 גרם,false,,7.90,0.0878,true,1,261706
7290108509571,false,גבינה פטה 24% עם צ'ילי ופפריקה 153 גרם ויליפוד,,GR,גבינה מלוחה עם צ'ילי,גרמים,153.00,100 גרם,false,,14.90,0.0974,true,1,266194
7290108509588,false,גבינה פטה 24% עם עשבי תיבול 153 גרם ויליפוד,,GR,גבינה מלוחה עם עשבי,גרמים,153.00,100 גרם,false,,14.90,0.0974,true,1,266193
7290108509595,false,גבינה פטה 24% עגבניות מיובשות וריחן 153 גרם ויליפוד,,GR,גבינה מלוחה עם עגבני,גרמים,153.00,100 גרם,false,,14.90,0.0974,true,1,266195
7290108509700,false,"אורז פרסי DAAWAT מהדרין 1 ק""ג",אל.טי.פודס לימיטד,IN,אורז פרסי DAAWAT,קילוגרמים,1.00,"ק""ג",false,,9.90,9.9000,true,1,261654
7290108509755,false,EURO גבינת חלומי 23% שומן 250 גרם,סאסו פטוראגס קומטויס אף,CY,גבינת חלומי 250 גר',גרמים,250.00,100 גרם,false,,24.90,0.0996,true,1,266196
7290108509793,false,גליליות וופל במילוי שוקולד מריר 400 גרם חלבי,בן& אר.פי.סי,GR,גליליות וופל 400 גר,גרמים,400.00,100 גרם,false,,14.90,0.0373,true,1,262816
7290108509939,false,פרוסות פילה טונה בשמן זית כתית מעולה,וילי פוד,TH,פרוסות פילה טונה,גרמים,120.00,100 גרם,false,,10.90,0.0908,true,1,262057
7290108890402,false,כובע סרוג לונג,אודס,,כובע לונג נשים,יחידה,0.00,יחידה,false,,29.90,0.0000,true,1,189095
7290108894172,false,סרט ראש תחרה,,,סרט ראש תחרה,יחידה,0.00,יחידה,false,,8.90,0.0000,true,1,194371
7290108894233,false,סיכות 6 יח ',,,סיכות 6 יח ',יחידה,0.00,יחידה,false,,9.90,0.0000,true,1,191089
7290108896350,false,כובע שחור לגבר,IMPOFIX,,כובע שחור לגבר,יחידה,0.00,יחידה,false,,15.90,0.0000,true,1,194317
7290108896602,false,פינצטה מקצועית,,,פינצטה מקצועית,יחידה,0.00,יחידה,false,,16.90,0.0000,true,1,192029
7290108896763,false,מברשת שיער אובלי,IMPOFIX,,מברשת שיער אובלי,יחידה,0.00,יחידה,false,,16.90,0.0000,true,1,192033
7290108896947,false,מטריה מיני אוטומט,,,מטריה מיני אוטומט,יחידה,0.00,יחידה,false,,39.90,0.0000,true,1,194622
7290108983241,false,סט כלים למנגל 3יח יד,,,סט 3 כלים למנגל,יחידה,0.00,יחידה,false,,49.90,0.0000,true,1,217671
7290109204772,false,כובע רחצה סליידר,,,כובע רחצה,יחידה,0.00,יחידה,false,,5.90,0.0000,true,1,265146
7290109207827,false,מברשת צבע לשיער,,,מברשת צבע לשיער,יחידה,0.00,יחידה,false,,4.90,0.0000,true,1,265494
7290109351025,false,מלך החומוס חומוסטחינה 40% טחינה גולמית,סלטי צבר,IL,צבר חומוסטחינה 400 ג,גרמים,400.00,100 גרם,false,,13.90,0.0348,true,1,189847
7290109351971,false,פריכיות דגנים פיטנס מצופות שוקולד חלב,פרח תעשיות,IL,פיטנס בר פריכיות שוק,גרמים,84.00,100 גרם,false,,12.90,0.1536,true,1,193299
7290109352916,false,פריכיות דגנים פיטנס מצופות שוקולד לבן,פרח תעשיות,IL,פיטנס בר פריכיות מצו,גרמים,84.00,100 גרם,false,,12.90,0.1536,true,1,193300
7290109354101,false,"לחמית ללא גלוטן 200 גר' ""אסם""","אסם תעשיות בע""מ",IL,לחמית ללא גלוטן 200,גרמים,200.00,100 גרם,false,,10.50,0.0525,true,1,198034
7290109358765,false,דגני בוקר קראנץ' רולס נוגט 450 גרם,"אסם השקעות בע""\מ",IL,קראנץ' רולס 450 גר,גרמים,450.00,100 גרם,false,,19.90,0.0442,false,1,197252
7290109580043,false,"שניצל תירס קלאסי זוגלובק 1.75 ק""ג",זוגלובק,IL,"שניצל תירס 1.75 ק""ג",קילוגרמים,1.75,"ק""ג",false,,49.90,28.5143,true,1,215151
7290109580050,false,נקניקיות צ'וריסוס וונדרס 0% בשר טבעוני ללא גלוטן,"וונדרס ע""י זוגלובק 2000",IL,נקניקיות צ'וריסוס 22,גרמים,226.00,100 גרם,false,,29.90,0.1323,true,1,263097
7290109580067,false,"טחון וונדרס 0% בשר , טבעוני","וונדרס ע""י זוגלובק 2000",IL,טחון 340 גר' WONDERS,גרמים,340.00,100 גרם,false,,29.90,0.0879,true,1,263098
7290109580104,false,רוסטביף פרימיום זוגלובק 150 גרם,זוגלובק,IL,רוסטביף 150 גר' פרמי,גרמים,150.00,100 גרם,false,,25.90,0.1727,true,1,260615
7290109580111,false,צלעות אסאדו מעושנות פרימיום זוגלובק 120 גרם,זוגלובק,IL,צלעות אסאדו מעושנת פ,גרמים,120.00,100 גרם,false,,25.90,0.2158,true,1,262892
7290109580135,false,קורנדביף פרימיום 180 גרם זוגלובק,זוגלובק,IL,קורנביף 180 גר' פרימ,גרמים,180.00,100 גרם,false,,25.90,0.1439,true,1,218650
7290109580166,false,סרוולד קלאסי פרימיום זוגלובק 150 גרם,זוגלובק,IL,סרוולד קלאסי 150 גר',גרמים,150.00,100 גרם,false,,25.90,0.1727,true,1,260618
7290109580234,false,"נקניקיות מרגז חריפות וונדרס 0% בשר, טבעוני",זוגלובק וונדרס Wonders,IL,נקניקיות מרגז 226 גר,גרמים,226.00,100 גרם,false,,29.90,0.1323,true,1,263099
7290109580319,false,"בורגר וונדרס 0% בשר , טבעוני",זוגלובק וונדרס Wonders,IL,בורגר 280 גר' WONDER,גרמים,280.00,100 גרם,false,,29.90,0.1068,true,1,263100
7290109580432,false,פסטרמה חזה הודו מעושן דק דק זוגלובק 120 גרם,זוגלובק,IL,פסטרמה חזה הודו מעוש,גרמים,120.00,100 גרם,false,,13.90,0.1158,true,1,264836
7290109920146,false,"דורגול מסיר אבנית מקומקומים 750 מ""ל",יעקובי דורגול,CH,דורגול מסיר אבנית מק,מיליליטרים,750.00,"100 מ""ל",false,,19.90,0.0265,true,1,194300
7290109920153,false,"מלבין לכביסה לבנה לובן צח, 790 גרם יעקבי",יעקובי,US,לובן צח לכביסה לבנה,גרמים,790.00,100 גרם,false,,25.90,0.0328,true,1,196092
7290109920313,false,"אסטוניש מרסס לניקוי חלונות 750 מ""ל",יעקבי- אסטוניש Astonish,GB,אסטוניש מרסס מבריק ח,מיליליטרים,750.00,"100 מ""ל",false,,11.90,0.0159,true,1,200239
7290109920627,false,"אסטוניש קרם ואקונומיקה לניקוי אמבטיות 500 מ""ל",יעקובי אסטוניש,GB,אסטוניש קרם אמבט עם,מיליליטרים,500.00,"100 מ""ל",false,,11.90,0.0238,true,1,201135
7290109920665,false,"אסטוניש - מרסס מסיר אוכל שרוף במטבח 750 מ""ל",יעקבי- אסטוניש Astonish,GB,אסטוניש מרסס מסיר או,מיליליטרים,750.00,"100 מ""ל",false,,11.90,0.0159,true,1,200244
7290109920825,false,צמד-דורגול אספרסו + דורגול מקציף חלב מתנה,יעקובי דורגול,CH,דורגול אספרסו,מיליליטרים,500.00,"100 מ""ל",false,,26.90,0.0538,true,1,205022
7290109920849,false,"אסטוניש - מרסס לניקוי כללי בניחוח תפוז 750 מ""ל",יעקבי- אסטוניש Astonish,GB,אסטוניש מרסס תפוז לנ,מיליליטרים,750.00,"100 מ""ל",false,,11.90,0.0159,true,1,200245
7290109920887,false,גל כביסה הפי מיוחד לכביסה ביד צמר ומשי,יעקובי הפי,BE,הפי לכביסה עדינה 1 ל,ליטרים,1.00,ליטר,false,,14.90,14.9000,true,1,202871
7290109920917,false,"ג'ל לניקוי אסלה עם כלור הפי 750 מ""ל",וונדפוט,,הפי לניקוי האסלה עם,מיליליטרים,750.00,"100 מ""ל",false,,9.90,0.0132,true,1,203201
7290109921334,false,אידיאל פרוטקט יעקבי 15 דפי כביסה,יעקובי,ES,אדיאל פרוטקט מונע הע,יחידה,0.00,יחידה,false,,17.90,0.0000,true,1,206617
7290109921372,false,אסטוניש משחה לניקוי תנורים וגריל+ספוג 250 גרם,יעקובי אסטוניש,GB,משחת אסטוניש+ספוג לנ,גרמים,250.00,100 גרם,false,,17.90,0.0716,true,1,207006
7290109921389,false,נוזל מקצועי לניקוי רצפות השיפוצניק יעקבי,יעקובי,TR,השיפוצניק שטיפת רצפו,מיליליטרים,900.00,"100 מ""ל",false,,19.90,0.0221,true,1,207007
7290109921488,false,"דורגול לניקוי וחיטוי מכונת הכביסה יעקבי 500 מ""ל",יעקובי דורגול,CH,דורגול למכונת כביסה,מיליליטרים,500.00,"100 מ""ל",false,,27.90,0.0558,true,1,208720
7290109921563,false,רצפות שיש מבריק ואינו מחליק,וונדפוט,BE,יעקובי רצפות שיש 1.2,ליטרים,1.25,ליטר,false,,15.90,12.7200,true,1,209122
7290109921723,false,"דורגול ג'ל לאסלה 750 מ""ל",יעקובי דורגול,,דורגול ג'ל לאסלה 750,מיליליטרים,750.00,"100 מ""ל",false,,17.90,0.0239,true,1,217636
7290109921853,false,אסטוניש המשחה המקורית לניקוי עם עוצמה,יעקבי- אסטוניש Astonish,GB,אסטוניש משחת פרימיום,גרמים,150.00,100 גרם,false,,17.90,0.1193,true,1,215014
7290109921952,false,ג'ל כביסה סופרו אקטיב יעקובי ירוק 2.5 ליטר,וונדפוט,IL,ג'ל כביסה מרוכז לכבי,ליטרים,2.50,ליטר,false,,28.90,11.5600,true,1,217129
7290109921976,false,ג'ל כביסה סופרו אקטיב יעקובי לבן 2.5 ליטר,וונדפוט,IL,ג'ל כביסה מרוכז לתינ,ליטרים,2.50,ליטר,false,,28.90,11.5600,true,1,217131
7290109922843,false,האקונומיקה המובילה באירופה נוסחה ייחודית מרוכז 2 ל,,BE,אקונומיקה 2 ליטר יעק,ליטרים,2.00,ליטר,false,,10.90,5.4500,true,1,263654
7290109922867,false,2 in 1 - סופרו - ג'ל כביסה מרוכז עם מרכך יעקבי,וונדפוט,BE,ג'ל כביסה עם מרכך 2-,ליטרים,2.50,ליטר,false,,24.90,9.9600,true,1,261979
7290109922881,false,"דורגול מרסס למטבח 600 מ""ל",יעקובי דורגול,CH,דורגול מרסס למטבח 60,מיליליטרים,600.00,"100 מ""ל",false,,19.90,0.0332,true,1,263750
7290109923031,false,"אסטוניש מרסס פרימיום ארומטיק למקלחון 750 מ""ל",יעקובי אסטוניש,GB,אסטוניש מרסס פרימיום,מיליליטרים,750.00,"100 מ""ל",false,,13.90,0.0185,true,1,263007
7290109923048,false,"אסטוניש מרסס פרימיום ארומטיק לכל הבית 750 מ""ל",יעקובי אסטוניש,GB,אסטוניש מרסס פרימיום,מיליליטרים,750.00,"100 מ""ל",false,,13.90,0.0185,true,1,263008
7290109923079,false,דזיטול נוזל מרוכז לחיטוי כללי ולרצפות 2 ליטר,מרקה,IL,דזיטול נוזל מרוכז לח,ליטרים,2.00,ליטר,false,,19.90,9.9500,true,1,264355
7290109923093,false,"אסטוניש - קרם כיריים הלוגן ומיקרו 500 מ""ל",יעקובי אסטוניש,GB,אסטוניש קרם כיריים ה,מיליליטרים,500.00,"100 מ""ל",false,,13.90,0.0278,true,1,264346
7290109923109,false,סבון אסלה 5 צדפות +אקונומיקה 2יחידות,יעקובי,IL,סבון אסלה 5 צדפות+אק,יחידה,0.00,יחידה,false,,12.90,0.0000,true,1,264347
7290109923147,false,אסטוניש מהדורה פרימיום פלא של אקונומיקה,יעקבי- אסטוניש Astonish,GB,אסטוניש פלא של אקונו,מיליליטרים,750.00,"100 מ""ל",false,,13.90,0.0185,true,1,264356
7290110000493,false,חמאת בוטנים טבעית קראנצ'י 350 גר',"בטר אנד דיפרנט בע""מ",IL,חמאת בוטנים טבעית קר,גרמים,350.00,100 גרם,false,,12.90,0.0369,true,1,210674
7290110000646,false,דבש דבורים אורגני 50,,,דבש דבורים אורגני 50,גרמים,500.00,100 גרם,false,,32.90,0.0658,true,1,210657
7290110001858,false,"חומץ תפוחים עם חומץ 6% חומציות 250 מ""ל",בטר אנד דיפרנט,IL,חומץ תפוחים 6%,מיליליטרים,250.00,"100 מ""ל",false,,8.50,0.0340,true,1,217747
7290110002183,false,דבש לחיץ מפרחי בר 40,,,דבש לחיץ מפרחי בר 40,גרמים,400.00,100 גרם,false,,21.00,0.0525,true,1,263516
7290110110277,false,"סומרסבי סיידר תפוחים אלכוהולי 4*300 מ""ל","קרלסברג קרואטיה , יב",HR,סומרסבי רביעייה סייד,מיליליטרים,1320.00,"100 מ""ל",false,,35.90,0.0272,true,1,202817
7290110110369,false,"שישייה בירה קרלסברג LUMA בקבוק 330 מ""ל",מבשלות בירה בינלאומיות ב,IL,שישיה קרלסברג לומה ל,מיליליטרים,1980.00,"100 מ""ל",false,,37.90,0.0191,false,1,211365
7290110110635,false,ספרייט 0.5 ליים חייב פקדון,החברה המרכזית לייצור,IL,"ספרייט ליים 500 מ""ל",מיליליטרים,500.00,"100 מ""ל",false,,6.00,0.0120,false,1,201960
7290110110703,false,מארז ספרייט שישייה פחיות FRIDGE PACK,החברה המרכזית לייצור משק,IL,מארז ספרייט ליים פחי,ליטרים,1.98,ליטר,false,,22.00,11.1111,false,1,201958
7290110111564,false,"משקה ספורט איזוטוני בטעם הדרים ליין 500 מ""ל פאוורייד",פאווראייד POWERADE,IT,משקה ספורט איזוטוני,מיליליטרים,500.00,"100 מ""ל",false,,9.50,0.0190,true,1,205041
7290110111809,false,"מארז פחיות פאנטה אורנג' שישייה 330 מ""ל",החברה המרכזית לייצור משק,IL,מארז פאנטה פחיות שיש,ליטרים,1980.00,100 ליטר,false,,22.00,0.0111,false,1,206867
7290110113261,false,נקטר חמוציות 19 קלוריות SPRAY OCEAN פריגת 1 ליטר,קריות זול,IL,חמוציות אושן ספריי 1,ליטרים,1.00,ליטר,false,,12.90,12.9000,false,1,219858
7290110113476,false,בירה קרלסברג ללא אלכוהול - שישייה,קרלסברג רומניהn\יבואן:מב,RO,שישיה קרלסברג 0% אלכ,מיליליטרים,1980.00,"100 מ""ל",false,,31.90,0.0161,false,1,211110
7290110113629,false,"בירה שקמה אייל ענברי בק 330 מ""ל",מבשלות בירה בינלאומי,IL,בירה שקמה אייל ענברי,מיליליטרים,330.00,"100 מ""ל",false,,12.90,0.0391,true,1,263774
7290110113636,false,"בירה שקמה מרצן לאגר בק 330 מ""ל",מבשלות בירה בינלאומי,IL,בירה שקמה מרצ'ן לאגר,מיליליטרים,330.00,"100 מ""ל",false,,12.90,0.0391,true,1,263775
7290110114787,false,נביעות+ מים מינרליים בטעם תפוח 1.5 ליטר,נביעות טבע הגליל בעמ,IL,נביעות + תפוח 1.5 לי,ליטרים,1.50,ליטר,false,,8.90,5.9333,false,1,261053
7290110114794,false,נביעות+ מים מינרליים בטעם אפרסק 1.5 ליטר,"נביעות טבע הגליל בע""\מ ,",IL,נביעות + אפרסק 1.5 ל,ליטרים,1.50,ליטר,false,,8.90,5.9333,false,1,261054
7290110114800,false,נביעות+ מים מינרליים בטעם ענבים 1.5 ליטר,"נביעות טבע הגליל בע""\מ",IL,נביעות + ענבים 1.5 ל,ליטרים,1.50,ליטר,false,,8.90,5.9333,false,1,261055
7290110114824,false,נביעות+רכיבי פרי אבטיח 1.5 ליטר פיקדון,"נביעות טבע הגליל בע""\מ",IL,נביעות+ רכיבי פרי אב,ליטרים,1.50,ליטר,false,,9.50,6.3333,false,1,261057
7290110114855,false,"נביעות מים מינרליים, שישיה 6 * 1.5 ליטר פקדון",נביעות טבע הגליל בעמ,IL,שישיה נביעות 1.5 ליט,ליטרים,9.00,ליטר,false,,12.90,1.4333,false,1,261060
7290110114886,false,פריגת סחוט טרי קלמנטינה 2 ליטר,פריגת מצוננים,IL,סחוט קלמנטינה 2 ליטר,ליטרים,2.00,ליטר,false,,29.90,14.9500,false,1,261760
7290110114893,false,פריגת סחוט טרי תפוז 2 ליטר,פריגת מצוננים,IL,סחוט תפוז 2 ליטר פרי,ליטרים,2.00,ליטר,false,,29.90,14.9500,false,1,261761
7290110114909,false,100% מיץ תפוחים צלול עשוי מרכז,היינץ צפון אמריקה מק,IL,סחוט תפוח צלול 2 ליט,ליטרים,2.00,ליטר,false,,29.90,14.9500,false,1,261762
7290110114916,false,מיץ סחוט לימונענע פריגת 2 ליטר,פריגת מצוננים,IL,סחוט לימונענע 2 ליטר,ליטרים,2.00,ליטר,false,,29.90,14.9500,false,1,261763
7290110114954,false,מיץ תפוזים מתקתקים פריגת 2 ליטר,פריגת מצוננים,IL,תפוזים מתקתק 100% 2,ליטרים,2.00,ליטר,false,,22.90,11.4500,false,1,261765
7290110114961,false,משקה קל תפוזים פריגת 1.5 ליטר,מבשלות בירה בינלאומיות ב,IL,פריגת תפוז 1.5 ליטר,ליטרים,1.50,ליטר,false,,9.00,6.0000,false,1,261062
7290110114985,false,משקה קל אשכוליות פריגת 1.5 ליטר,מבשלות בירה בינלאומיות ב,IL,פריגת אשכולית 1.5 לי,ליטרים,1.50,ליטר,false,,9.00,6.0000,false,1,261064
7290110114992,false,משקה קל לייט אשכוליות פריגת 1.5 ליטר,מבשלות בירה בינלאומיות ב,IL,פריגת Light אשכולית,ליטרים,1.50,ליטר,false,,8.60,5.7333,false,1,261065
7290110115005,false,משקה קל ענבים פריגת 1.5 ליטר,מבשלות בירה בינלאומיות ב,IL,פריגת ענבים 1.5 ליטר,ליטרים,1.50,ליטר,false,,9.00,6.0000,false,1,261066
7290110115029,false,"פריגת משק""ל תפוח 1.5 ליטר פיקדון",מבשלות בירה בינלאומיות ב,IL,"פריגת משק""ל תפוח 1.5",ליטרים,1.50,ליטר,false,,9.00,6.0000,false,1,261068
7290110115036,false,משקה קל מנגו פריגת 1.5 ליטר,מבשלות בירה בינלאומיות ב,IL,פריגת מנגו 1.5 ליטר,ליטרים,1.50,ליטר,false,,9.00,6.0000,false,1,261069
7290110115043,false,משקה קל לימונענע פריגת 1.5 ליטר,מבשלות בירה בינלאומיות ב,IL,פריגת לימונענע 1.5 ל,ליטרים,1.50,ליטר,false,,9.00,6.0000,false,1,261070
7290110115050,false,פריגת מיקס תות בננה 1.5 ליטר פיקדון,מבשלות בירה בינלאומיות ב,IL,פריגת מיקס תות בננה,ליטרים,1.50,ליטר,false,,9.00,6.0000,false,1,261071
7290110115067,false,פריגת אפרסק 1.5 ליטר פיקדון,מבשלות בירה בינלאומיות ב,IL,פריגת אפרסק 1.5 ליטר,ליטרים,1.50,ליטר,false,,9.00,6.0000,false,1,261072
7290110115074,false,פריגת תפוח דובדבן 1.5 ליטר פיקדון,מבשלות בירה בינלאומיות ב,IL,פריגת תפוח דובדבן 1.,ליטרים,1.50,ליטר,false,,9.00,6.0000,false,1,261073
7290110115081,false,פריגת צלול ענבים 1.5 ליטר פיקדון,"מבשלות בירה לישראל בע""\מ",IL,פריגת צלול ענבים 1.5,ליטרים,1.50,ליטר,false,,8.60,5.7333,false,1,261074
7290110115104,false,פריגת צלול אפרסק 1.5 ליטר פיקדון,מבשלות בירה בינלאומיות ב,IL,פריגת צלול אפרסק 1.5,ליטרים,1.50,ליטר,false,,8.60,5.7333,false,1,261076
7290110115111,false,פריגת צלול אננס 1.5 ליטר פיקדון,"מבשלות בירה לישראל בע""\מ",IL,פריגת צלול אננס 1.5,ליטרים,1.50,ליטר,false,,8.60,5.7333,false,1,261077
7290110115128,false,פריגת צלול בטעם לימונענע 1.5 ליטר פיקדון,"מבשלות בירה לישראל בע""\מ",IL,פריגת צלול בטעם לימו,ליטרים,1.50,ליטר,false,,8.60,5.7333,false,1,261078
7290110115203,false,קוקה קולה 1.5 ליטר פיקדון,החברה המרכזית לייצור משק,IL,קוקה קולה 1.5 ליטר פ,ליטרים,1.50,ליטר,false,,8.90,5.9333,false,1,261211
7290110115210,false,דיאט קוקה קולה 1.5 ליטר פיקדון,החברה המרכזית לייצור משק,IL,דיאט קוקה קולה 1.5 ל,ליטרים,1.50,ליטר,false,,8.50,5.6667,false,1,261212
7290110115227,false,קוקה-קולה זירו בקבוק 1.5 ליטר,החברה המרכזית לייצור משק,IL,קולה זירו 1.5 ליטר פ,ליטרים,1.50,ליטר,false,,8.50,5.6667,false,1,261213
7290110115234,false,קוקה-קולה זירו נטול בקבוק 1.5 ליטר,החברה המרכזית לייצור משק,IL,קולה זירו נטול 1.5 ל,ליטרים,1.50,ליטר,false,,8.50,5.6667,false,1,261214
7290110115241,false,קוקה-קולה זירו לימון בקבוק 1.5 ליטר,החברה המרכזית לייצור משק,IL,קולה זירו לימון 1.5,ליטרים,1.50,ליטר,false,,8.50,5.6667,false,1,261215
7290110115265,false,ספרייט לימון ליים 1.5 ליטר-,החברה המרכזית לייצור משק,IL,ספרייט 1.5 ליטר LIM,ליטרים,1.50,ליטר,false,,8.90,5.9333,false,1,261226
7290110115272,false,ZERO ספרייט זירו 1.5 ליטר פיקדון,החברה המרכזית לייצור משק,IL,ZERO ספרייט 1.5 ליטר,ליטרים,1.50,ליטר,false,,8.50,5.6667,false,1,261227
7290110115289,false,ספרייט 19 קל' לימון-נענע 1.5 ליטר פיקדון,החברה המרכזית לייצור משק,IL,ספרייט 19 קל' לימון-,ליטרים,1.50,ליטר,false,,8.50,5.6667,false,1,261228
7290110115296,false,משקה מוגז אורנג' פאנטה 1.5 ליטר,החברה המרכזית לייצור משק,IL,פאנטה אורנג' 1.5 ליט,ליטרים,1.50,ליטר,false,,8.90,5.9333,false,1,261229
7290110115302,false,משקה מוגז אורנג' זירו פאנטה 1.5 ליטר,החברה המרכזית לייצור משק,IL,פאנטה ZERO אורנג' 1.,ליטרים,1.50,ליטר,false,,8.50,5.6667,false,1,261230
7290110115319,false,פאנטה אקזוטיק 1.5 ליטר פיקדון,החברה המרכזית לייצור משק,IL,פאנטה אקזוטיק 1.5 לי,ליטרים,1.50,ליטר,false,,8.90,5.9333,false,1,261231
7290110115333,false,פאנטה תות 1.5 ליטר פיקדון,החברה המרכזית לייצור משק,IL,פאנטה תות 1.5 ליטר פ,ליטרים,1.50,ליטר,false,,8.90,5.9333,false,1,261233
7290110115357,false,קינלי סודה 1.5 ליטר פיקדון,החברה המרכזית לייצור משק,IL,קינלי סודה 1.5 ליטר,ליטרים,1.50,ליטר,false,,4.20,2.8000,false,1,261241
7290110115364,false,שישייה קוקה קולה 1.5 ליטר פיקדון,החברה המרכזית לייצור משק,IL,קוקה קולה שישיות 1.5,ליטרים,9.00,ליטר,false,,51.00,5.6667,false,1,261217
7290110115371,false,דיאט קוקה קולה שישיות 1.5 ליטר פיקדון,החברה המרכזית לייצור משק,IL,דיאט קוקה קולה שישיו,ליטרים,9.00,ליטר,false,,47.80,5.3111,false,1,261218
7290110115388,false,ספרייט ליים שישיות 1.5 ליטר פיקדון,החברה המרכזית לייצור משק,IL,ספרייט LIME שישיות 1,ליטרים,9.00,ליטר,false,,51.00,5.6667,false,1,261236
7290110115395,false,ZERO ספרייט שישיות 1.5 ליטר פיקדון,החברה המרכזית לייצור משק,IL,ZERO ספרייט שישיות 1,ליטרים,9.00,ליטר,false,,47.80,5.3111,false,1,261237
7290110115401,false,קינלי סודה שישייה 1.5 ליטר פיקדון,החברה המרכזית לייצור משק,IL,קינלי סודה שישייה 1.,ליטרים,9.00,ליטר,false,,15.70,1.7444,false,1,261242
7290110115418,false,מארז שישייה קוקה קולה זירו 1.5 ל',החברה המרכזית לייצור משק,IL,קולה זירו שישיות 1.5,ליטרים,9.00,ליטר,false,,47.80,5.3111,false,1,261219
7290110115425,false,FUZE TEA גרין לימונענע -נענע 1.5 ליטר פיקדון,מבשלות בירה בינלאומיות ב,IL,FUZE tea גרין לימון-,ליטרים,1.50,ליטר,false,,8.90,5.9333,false,1,261243
7290110115449,false,אייס תה בטעם מנגו אננס 1.5ל' FUZE TEA,מבשלות בירה בינלאומיות ב,IL,FUZE tea מנגו אננס 1,ליטרים,1.50,ליטר,false,,9.50,6.3333,false,1,261245
7290110115456,false,"תה קר בטעם אפרסק 19 קלוריות ב- 100 מ""ל",מבשלות בירה בינלאומיות ב,IL,FUZE tea אפרסק 19 קל,ליטרים,1.50,ליטר,false,,8.90,5.9333,false,1,261246
7290110115463,false,פיוז טי אפרסק 1.5 ליטר פיקדון,מבשלות בירה בינלאומיות ב,IL,FUZE tea אפרסק 1.5 ל,ליטרים,1.50,ליטר,false,,9.50,6.3333,false,1,261247
7290110115494,false,תה קר בטעם ענבים פיוז טי 1.5 ליטר,מבשלות בירה בינלאומית בע,IL,FUZE tea ענבים 1.5 ל,ליטרים,1.50,ליטר,false,,9.50,6.3333,false,1,261250
7290110115531,false,משקה מוגז תפוח זירו פאנטה 1.5 ליטר,החברה המרכזית לייצור משק,IL,פאנטה ZERO תפוח 1.5,ליטרים,1.50,ליטר,false,,8.50,5.6667,false,1,261235
7290110115593,false,פריגת אשכוליות 40% פחות סוכר 1.5 ליטר פיקדון,מבשלות בירה בינלאומיות ב,IL,פריגת אשכוליות 40% פ,ליטרים,1.50,ליטר,false,,8.60,5.7333,true,1,261080
7290110115609,false,פריגת ענבים 40% פחות סוכר 1.5 ליטר פיקדון,מבשלות בירה בינלאומיות ב,IL,פריגת ענבים 40% פחות,ליטרים,1.50,ליטר,false,,8.60,5.7333,true,1,261081
7290110115616,false,FUZE tea zero גרין אננס 1.5 ליטר פיקדון,מבשלות בירה בינלאומיות ב,IL,פיוז טי זירו גרין אנ,ליטרים,1.50,ליטר,false,,8.90,5.9333,false,1,261889
7290110115623,false,משקה פיוז טי זירו ZERO בטעם אפרסק,מבשלות בירה בינלאומיות ב,IL,פיוז טי זירו אפרסק 1,מיליליטרים,1.50,"מ""ל",false,,8.90,5.9333,false,1,261886
7290110115777,false,נביעות .ל1.5 מים מינרלים,נביעות,,בק' נביעות 1.5 ליטר,ליטרים,1.50,ליטר,false,,3.60,2.4000,false,1,261970
7290110115845,false,קוקה קולה 1.5 ליטר פיקדון,"אינסטנטה בע""מ",IL,קוקה קולה רגיל 1.5 ל,ליטרים,1.50,ליטר,false,,8.90,5.9333,false,1,262005
7290110115852,false,דיאט קוקה קולה 1.5 ליטר -,תות תעשיות מזון (201,IL,קוקה קולה דיאט 1.5 ל,ליטרים,1.50,ליטר,false,,8.50,5.6667,false,1,262000
7290110115869,false,קוקה קולה זירו 1.5 ליטר פיקדון,תות תעשיות מזון (201,IL,קולה זירו 1.5 ליטר פ,ליטרים,1.50,ליטר,false,,8.50,5.6667,false,1,261941
7290110116125,false,"סירופ בטעם פטל פריגת 750 מ""ל",סירופ - גבעת חיים,IL,סירופ בטעם פטל,מיליליטרים,750.00,"100 מ""ל",false,,22.90,0.0305,true,1,264871
7290110116156,false,נביעות+רכיבי פרי מנגו-פסיפלורה 1.5 ליטר-,"נביעות טבע הגליל בע""\מ",IL,נביעות+ רכיבי פרי מנ,ליטרים,1.50,ליטר,false,,9.50,6.3333,false,1,264868
7290110116170,false,נביעות+רכיבי פרי אננס-קוקוס 1.5 ליטר-,"נביעות טבע הגליל בע""\מ",IL,נביעות+ רכיבי פרי אנ,ליטרים,1.50,ליטר,false,,9.50,6.3333,false,1,264864
7290110116217,false,נביעות+ סדרת 0 קלוריות אשכוליות 1.5 ליטר,"נביעות טבע הגליל בע""\מ",IL,נביעות+ אשכוליות 1.5,ליטרים,1.50,ליטר,false,,9.50,6.3333,false,1,264861
7290110116316,false,"קוקה קולה חג שמח, שישיה 6 * 1.5 ליטר",החברה המרכזית לייצור משק,IL,קוקה-קולה שישייה 1.5,ליטרים,9.00,ליטר,false,,47.90,5.3222,true,1,263407
7290110116484,false,פריגת סחוט מיקס תות בננה 1ליטר,פריגת מצוננים,IL,פריגת מיקס תות בננה,ליטרים,1.00,ליטר,false,,16.00,16.0000,true,1,266348
7290110116491,false,פריגת סחוט מיקס אפרסק משמש 1ליטר,פריגת מצוננים,IL,פריגת מיקס אפרסק משמ,ליטרים,1.00,ליטר,false,,16.00,16.0000,true,1,266349
7290110116507,false,פריגת סחוט מיקס אננס בננה אגס 1ליטר,פריגת מצוננים,IL,פריגת מיקס אננס בננה,ליטרים,1.00,ליטר,false,,16.00,16.0000,true,1,266350
7290110116514,false,פריגת סחוט מיקס תות בננה 400מל,פריגת,IL,פריגת מיקס תות בננה,מיליליטרים,400.00,"100 מ""ל",false,,9.50,0.0238,true,1,266351
7290110116552,false,ספרייט לימון היט 1.5 ליטר LIME פיקדון,החברה המרכזית לייצור משק,IL,ספרייט למון היט 1.5,ליטרים,1.50,ליטר,false,,8.90,5.9333,false,1,266029
7290110116569,false,"ספרייט זירו ZERO בק LEMON HIT, 1.5 ליטר",החברה המרכזית לייצור משק,IL,זירו ספרייט למון היט,ליטרים,1.50,ליטר,false,,8.50,5.6667,false,1,266028
7290110320591,false,גבינה בולגרית במרקם מעודן 16% פיראוס,תנובה חלב,IL,בולגרית 16% פיראוס ב,גרמים,250.00,100 גרם,false,,23.90,0.0956,true,1,197315
7290110320683,false,שמיניית משקה יוגורט 1.5% טעם תות יופלה 107 גרם,מיוצר עי קונדיטוריית,IL,משקה יופלה תות שמיני,גרמים,856.00,100 גרם,false,,17.90,0.0209,true,1,199240
7290110320850,false,פתיתים גבינה חצי קשה מגורדת 28% שומן,תנובה מרכז שיתופי לש,IL,פתיתי עמק 200 גר,גרמים,200.00,100 גרם,false,,15.90,0.0795,false,1,199849
7290110320867,false,פתיתים גבינה חצי קשה מגורדת 28% שומן,תנובה מרכז שיתופי לש,IL,פתיתי עמק לאפיה 28%,גרמים,500.00,100 גרם,false,,36.90,0.0738,false,1,199629
7290110321031,false,מעדן חלב GO יוגורט מועשר בחלבון טבעי 200 ג' יופלה,"תנובה, מחלבת אלון תב",IL,יופלה GO,גרמים,200.00,100 גרם,false,,5.80,0.0290,true,1,199172
7290110321277,false,קוטג' בקטנה 5% תנובה 100 גרם מהדרין,פארייפאבה אגרואינדוס,IL,קוט'ג בקטנה 5% מהדרי,גרמים,100.00,100 גרם,false,,2.60,0.0260,false,1,200108
7290110321284,false,קוטג' בקטנה 9% תנובה 100 גרם מהדרין,פארייפאבה אגרואינדוס,IL,קוט'ג בקטנה 9% מהדרי,גרמים,100.00,100 גרם,false,,2.60,0.0260,false,1,200109
7290110321604,false,קוביות פיראוס בולגרית מעודנת 5% 200 גרם - רבנות,תנובה חלב,IL,קוביית בולגרית מעודנ,גרמים,230.00,100 גרם,false,,21.90,0.0952,true,1,202805
7290110321680,false,יוגורט GO בטעם תות 20 גרם חלבון בגביע,מיוצר עי קונדיטוריית,IL,יופלה גו בטעמי פירות,גרמים,200.00,100 גרם,false,,6.20,0.0310,true,1,200723
7290110321697,false,יוגורט GO בטעם אפרסק 20 גרם חלבון בגביע,מיוצר עי קונדיטוריית,IL,יופלה גו אפרסק,גרמים,200.00,100 גרם,false,,6.20,0.0310,true,1,200724
7290110321703,false,יוגורט עם פירות יער בתוספת חלבוני חלב 2% שומן,מיוצר עי קונדיטוריית,IL,יופלה גו פירות יער,גרמים,200.00,100 גרם,false,,6.20,0.0310,true,1,202445
7290110321789,false,גבינת מסקרפונה 38% השף הלבן 250 גרם,תנובה חלב,IL,גבינת מסקרפונה 38% ה,גרמים,250.00,100 גרם,false,,20.50,0.0820,true,1,201832
7290110322014,false,טופו בטעם טבעי תנובה ALTERNATIVE,שוורצקוף& הנקל דיסלד,IL,טופו טבעי 300 גר,גרמים,300.00,100 גרם,false,,12.90,0.0430,true,1,202574
7290110322021,false,"תנובה טופו בזיליקום 300 גר' בד""צ",שוורצקוף& הנקל דיסלד,IL,טופו בזיליקום 300 גר,גרמים,300.00,100 גרם,false,,12.90,0.0430,true,1,202599
7290110322038,false,"תנובה טופו פיקנטי 300 גר' בד""צ",שוורצקוף& הנקל דיסלד,IL,טופו פיקנטי 300 גר,גרמים,300.00,100 גרם,false,,12.90,0.0430,true,1,202575
7290110322946,false,יופלה טיוב יוגורט במרקם חלק בטעם תות בננה כשרות רבנות 348 ג',תנובה חלב,IL,יופלה טיוב תות בננה,גרמים,348.00,100 גרם,false,,12.60,0.0362,false,1,204598
7290110323097,false,מעדן גבינה עם תות 5% שומן 80 ג' תנובה,תנובה בעמ,IL,תאומים 80 גר,גרמים,80.00,100 גרם,false,,1.90,0.0237,true,1,206489
7290110323585,false,יופלה יוגורט עם דובדבן מופחת קלוריות 200 ג' GO,יופלה Yoplait,IL,יוגורט עם דבדבן מופח,גרמים,200.00,100 גרם,false,,6.20,0.0310,true,1,204899
7290110323592,false,יופלה יוגורט עם אפרסק מופחת קלוריות 200 ג' GO,יופלה Yoplait,IL,יוגורט עם אפרסק מופח,גרמים,200.00,100 גרם,false,,6.20,0.0310,true,1,204900
7290110323714,false,משקה קוקוס שקדים תנובה E אלטרנטיב,מיוצר עי קונדיטוריית,IL,משקה קוקוס שקדים 1 ל,מיליליטרים,1000.00,"100 מ""ל",false,,12.60,0.0126,true,1,205474
7290110324070,false,גבינת חלומי מחלב בקר תנובה 200 גרם,"תנובה בע""\מ",IL,גבינת חלומי 200 גר ת,גרמים,200.00,100 גרם,false,,19.90,0.0995,true,1,206497
7290110324353,false,יוגורט GO לייט בטעם אננס 20 גרם חלבון בגביע,מיוצר עי קונדיטוריית,IL,יופלה GO לייט אננס,מיליליטרים,200.00,"100 מ""ל",false,,6.20,0.0310,true,1,207450
7290110324551,false,יופלה טיוב יוגורט במרקם חלק תות כשרות מהדרין,"תנובה בע""\מ",IL,יופלה טיוב תות,גרמים,348.00,100 גרם,false,,12.60,0.0362,false,1,205897
7290110324711,false,ממרח סויה 9% שומן בטעם טבעי תנובה 250 גרם,מיוצר עי קונדיטוריית,IL,ממרח סויה 9% בטעם טב,גרמים,250.00,100 גרם,false,,8.90,0.0356,true,1,207491
7290110324728,false,ממרח סויה 9% שומן עם שום שמיר תנובה 250 גרם,מיוצר עי קונדיטוריית,IL,ממרח סויה 9% עם שום,גרמים,250.00,100 גרם,false,,8.90,0.0356,true,1,207492
7290110324841,false,מעדן שקדים עם שוקולד מריר תנובה 125 גרם,מיוצר עי קונדיטוריית,IL,מעדן שקדים עם שוקולד,גרמים,125.00,100 גרם,false,,4.40,0.0352,false,1,209474
7290110324858,false,מעדן שקדים בטעם אגוזי לוז תנובה 125 גרם,תנובה Alternative,IL,מעדן שקדים בטעם אגוז,גרמים,125.00,100 גרם,false,,4.40,0.0352,true,1,209477
7290110324872,false,גבינה צהובה גלבוע 5% שומן 200 גרם,גלבוע - תנובה,IL,גבינת גלבוע 200ר,גרמים,200.00,100 גרם,false,,18.90,0.0945,false,1,209759
7290110324926,false,משקה סויה ללא תוספת סוכר E אלטרנטיב,תנובה מרכז שיתופי לש,IL,משקה סויה ללא תוספת,מיליליטרים,1000.00,"100 מ""ל",false,,10.60,0.0106,false,1,209724
7290110325114,false,"משקה יוגורט יופלה גו לייט תות בננה 250 מ""ל - רבנות",מיוצר עי קונדיטוריית,IL,משקה יוגורט גו לייט,גרמים,250.00,100 גרם,false,,6.70,0.0268,true,1,208168
7290110325121,false,"משקה יוגורט יופלה גו לייט מנגו אננס 250 מ""ל","תנובה בע""\מ",IL,משקה יוגורט גו לייט,גרמים,250.00,100 גרם,false,,6.70,0.0268,true,1,208169
7290110325305,false,יופלה GO סויה 20 גרם חלבון במתיקות מעודנת תנובה 200 גרם,מיוצר עי קונדיטוריית,IL,מעדן סויה גו 20 גרם,גרמים,200.00,100 גרם,false,,6.10,0.0305,true,1,209465
7290110325312,false,יופלה GO סויה 20 גרם חלבון בטעם תות תנובה 200 גרם,"תנובה בע""\מ",IL,מעדן סויה גו 20 גרם,גרמים,200.00,100 גרם,false,,6.10,0.0305,true,1,209466
7290110325510,false,יופלה טיוב יוגורט במרקם חלק בטעם וניל-יוניקור,"תנובה בע""\מ",IL,יופלה טיוב וניל,גרמים,348.00,100 גרם,false,,12.60,0.0362,false,1,209910
7290110325619,false,משקה שיבולת שועל תנובה E אלטרנטיב,מיוצר עי קונדיטוריית,IL,משקה שיבולת שועל 1 ל,ליטרים,1.00,ליטר,false,,12.60,12.6000,true,1,210394
7290110325879,false,פתיתי גאודה תנובה 200 גרם,תנובה- השף הלבן,IL,פתיתי גאודה 200 גר',גרמים,200.00,100 גרם,false,,17.90,0.0895,true,1,211822
7290110325893,false,משקה חלב GO מועשר בחלבון בטעם אייס קפה,מיוצר עי קונדיטוריית,IL,תנובה GO אייס קפה 34,מיליליטרים,340.00,"100 מ""ל",false,,8.00,0.0235,true,1,210393
7290110326173,false,יולו COOKIES שוקולדלבן בטעם קרם עוגיות+עוגיות ונטיפי שוקולד 120 ג',תנובה חלב,IL,YOLO COOKIES שוקולד,גרמים,120.00,100 גרם,false,,5.20,0.0433,false,1,266493
7290110326210,false,יופלה און טופ פצפוצים תנובה 157 גרם,מיוצר עי קונדיטוריית,IL,יופלה און טופ פצפוצי,גרמים,157.00,100 גרם,false,,5.10,0.0325,true,1,211825
7290110326234,false,יופלה און טופ כוכבים תנובה 157 גרם,מיוצר עי קונדיטוריית,IL,יופלה און טופ כוכבים,גרמים,157.00,100 גרם,false,,5.10,0.0325,true,1,211827
7290110326241,false,יופלה און טופ גרנולה תנובה 157 גרם,מיוצר עי קונדיטוריית,IL,יופלה און טופ גרנולה,גרמים,157.00,100 גרם,false,,5.10,0.0325,true,1,211828
7290110326784,false,פתיתי עמק 28% תנובה 600 גרם,תנובה,IL,פתיתי גבינת עמק 600,גרמים,600.00,100 גרם,false,,41.90,0.0698,false,1,213090
7290110326876,false,פיראוס לאבנה עיזים 5% גביע 250 גרם,"תנובה בע""\מ",IL,לאבנה עיזים תנובה,גרמים,250.00,100 גרם,false,,16.90,0.0676,true,1,266504
7290110326906,false,חלב נטול לקטוז 3% שומן תנובה 1 ליטר,מיוצר עי קונדיטוריית,IL,חלב נטול לקטוז 3% שו,ליטרים,1.00,ליטר,false,,7.20,7.2000,false,1,214798
7290110327125,false,פטה 21% מחלב צאן במי מלח תנובה 200 גרם,תנובה חלב,IL,פטה 21% מחלב צאן במי,גרמים,200.00,100 גרם,false,,22.90,0.1145,true,1,215264
7290110327279,false,גבינת שמנת בסגנון טוסקנה נפוליאון 24% שומן 225 ג',תנובה מרכז שיתופי לש,IL,נפוליאון טוסקנה 24%,גרמים,225.00,100 גרם,false,,13.90,0.0618,false,1,212198
7290110327514,false,alternative משקה שיבולת שועל בטעם אגוזי לוז תנובה 1 ליטר,תנובה מרכז שיתופי לש,IL,משקה שיבולת שועל בטע,ליטרים,1.00,ליטר,false,,12.60,12.6000,true,1,261582
7290110327545,false,יופלה און טופ בטעם תות בתוספת פצפוצים מצופים שוקולד 157 גרם,מיוצר עי קונדיטוריית,IL,יופלה און טופ בטעם ת,גרמים,150.00,100 גרם,false,,4.90,0.0327,true,1,215256
7290110327637,false,יוגורט דיאט יופלה קיווי 0% שומן 150 ג' יופלה,תנובה מרכז שיתופי לש,IL,יופלה דיאט בטעם קיוו,גרמים,150.00,100 גרם,false,,5.10,0.0340,true,1,215267
7290110327798,false,חטיף חלבון GO - שוקולד 60 ג' חלב נוכרי - רבנות,"בלמונט קונפקציות בע""\מ.",US,חטיף חלבון GO בטעם ש,גרמים,60.00,100 גרם,false,,11.90,0.1983,true,1,219190
7290110327804,false,חטיף חלבון GO - עוגיות 60 ג' חלב נוכרי - רבנות,"בלמונט קונפקציות בע""\מ.",US,חטיף חלבון GO בצק עו,יחידה,0.00,יחידה,false,,11.90,0.0000,true,1,260757
7290110327811,false,חטיף חלבון GO - קוקוס 60 ג' חלב נוכרי - רבנות,"בלמונט קונפקציות בע""\מ.",US,חטיף חלבון GO בטעם ק,גרמים,60.00,100 גרם,false,,11.90,0.1983,true,1,219192
7290110327828,false,חטיף חלבון GO - חמאת בוטנים 60 ג' חלב נוכרי - רבנות,"בלמונט קונפקציות בע""\מ.",US,חטיף חלבון GO בטעם ח,גרמים,60.00,100 גרם,false,,11.90,0.1983,true,1,219191
7290110328016,false,משקה סויה מועשר בחלבון בטעם אגוזי לוז 250 גרם,תנובה מרכז שיתופי לש,IL,משקה סויה מועשר בחלב,גרמים,250.00,100 גרם,false,,6.30,0.0252,true,1,216486
7290110328221,false,יוגורט נטול לקטוז תנובה 200 גרם,מיוצר עי קונדיטוריית,IL,יוגורט תנובה נטול לק,גרמים,200.00,100 גרם,false,,3.80,0.0190,true,1,216656
7290110328436,false,פלח גאודה בטעם מעודן עיזים 29% קולקשין,"תנובה בע""\מ",IL,פלח גאודה עיזים בטעם,גרמים,150.00,100 גרם,false,,22.00,0.1467,true,1,217535
7290110328474,false,גבינת פרמג'יאנו רג'יאנו 30% מחלב בקר,מנדלז סי.אר. פרודקשן,IT,פלח פרמג'אנו רג'יאנו,גרמים,150.00,100 גרם,false,,29.90,0.1993,true,1,217536
7290110328481,false,פתיתי פרמג'יאנו רג'יאנו מחלב בקר 30%,ברטינלי גיאני א.,IT,פתיתי פרמג'אנו רג'יא,גרמים,100.00,100 גרם,false,,15.90,0.1590,true,1,217537
7290110328504,false,טריו - מיקס גבינות מוצרלה סקנדינבית וגאודה 300 גרם,מיוצר עי קונדיטוריית,IL,מיקס גבינות מוצרלה ס,גרמים,300.00,100 גרם,false,,26.50,0.0883,true,1,217522
7290110328580,false,יוגורט תנובה טבעי 5% גביע 200 גרם,מיוצר עי קונדיטוריית,IL,יוגורט תנובה 5%,גרמים,200.00,100 גרם,false,,3.10,0.0155,true,1,261726
7290110328627,false,יוגורט יופלה GO במרקם סמיך בטעם בננה קרמל 0%,מיוצר עי קונדיטוריית,IL,יוגורט גו סמיך 0% בנ,גרמים,200.00,100 גרם,false,,6.20,0.0310,true,1,218519
7290110328641,false,טופו טבעי 500 גרם 2 ALTERNATIVE יחידות *250 גרם,תנובה חלב,IL,טופו טבעי 500 גר אלט,גרמים,500.00,100 גרם,false,,18.90,0.0378,false,1,219248
7290110328764,false,יוגורט יופלה GO במרקם סמיך עם תות 0%,מיוצר עי קונדיטוריית,IL,יוגורט גו סמיך 0% תו,גרמים,200.00,100 גרם,false,,6.20,0.0310,true,1,218518
7290110328771,false,יוגורט יופלה GO במרקם סמיך עם פירות יער 0%,מיוצר עי קונדיטוריית,IL,יוגורט גו סמיך 0% פי,גרמים,200.00,100 גרם,false,,6.20,0.0310,true,1,218521
7290110328788,false,יוגורט יופלה GO במרקם סמיך בטעם אפרסק 0%,תנובה מרכז שיתופי לש,IL,יוגורט גו סמיך 0% אפ,גרמים,200.00,100 גרם,false,,6.20,0.0310,true,1,218520
7290110328887,false,"חלב תנובה בקבוק 3%, כשרות מהדרין, 1 ליטר",תנובה מרכז שיתופי לש,IL,חלב תנובה 3% מהדרין,ליטרים,1.00,ליטר,false,,6.23,6.2300,false,1,262264
7290110328955,false,קוביות גבינת עזים בשמן מתובל פיראוס 350 גרם,דודוני תעשיית החלב החקלא,GR,קוביות גבינת עזים בש,גרמים,350.00,100 גרם,false,,26.50,0.0757,true,1,263118
7290110329136,false,מעדן חלב מעושר בחלבון בטעם שוקולד 120 ג' GO,תנובה מרכז שיתופי לש,IL,מעדן חלב גו בטעם שוק,גרמים,120.00,100 גרם,false,,4.90,0.0408,true,1,261467
7290110329143,false,מעדן חלב מעושר בחלבון בטעם וניל גביע 120 ג' GO,תנובה מרכז שיתופי לש,IL,מעדן חלב גו בטעם וני,גרמים,120.00,100 גרם,false,,4.90,0.0408,true,1,261460
7290110329266,false,יוגורט תנובה מחלב עיזים מלא תנובה 140 ג',קריות זול,IL,יוגורט מחלב עיזים מל,גרמים,140.00,100 גרם,false,,6.20,0.0443,true,1,219427
7290110329273,false,יוגורט תנובה מחלב עיזים מלא 750 גרם,תנובה,IL,יוגורט מחלב עיזים מל,גרמים,750.00,100 גרם,false,,21.00,0.0280,true,1,219426
7290110329303,false,פרוסות בטעם צהובה קלאסית אלטרנטיב 200 גר,תנובה Alternative,IL,פרוסות גבינה בטעם צה,גרמים,200.00,100 גרם,false,,21.90,0.1095,false,1,261800
7290110329426,false,טופו טבעי ALTERNATIVE 250 גרם עם קרם קוקוס,תנובה חלב,IL,טופו אלטרנטיב עם רוט,גרמים,250.00,100 גרם,false,,13.50,0.0540,true,1,264095
7290110329433,false,טופו טבעי ALTERNATIVE 250 גרם עם רוטב סצ'ואן,תנובה חלב,IL,טופו אלטרנטיב עם רוט,גרמים,250.00,100 גרם,false,,13.50,0.0540,true,1,264094
7290110329686,false,"משקה חלב גו בטעם עוגיות 340 מ""ל",מיוצר עי קונדיטוריית,IL,משקה חלב GO בטעם עוג,מיליליטרים,340.00,"100 מ""ל",false,,8.00,0.0235,true,1,261329
7290110329709,false,יוגורט תנובה טבעי 0% גביע 200 גרם,מיוצר עי קונדיטוריית,IL,יוגורט תנובה 0%,גרמים,200.00,100 גרם,false,,3.10,0.0155,true,1,261728
7290110329792,false,יוגורט סויה BIO Alternative אפרסק 150 ג' תנובה,מיוצר עי קונדיטוריית,IL,סויה ביו אפרסק Alter,גרמים,150.00,100 גרם,false,,4.60,0.0307,true,1,261949
7290110329808,false,יוגורט סויה BIO Alternative תות 150 ג' תנובה,מיוצר עי קונדיטוריית,IL,סויה ביו תות Alterna,גרמים,150.00,100 גרם,false,,4.60,0.0307,true,1,261950
7290110329815,false,סויה BIO מתיקות מעודנת גביע 150 גרם אלטרנטיב,מיוצר עי קונדיטוריית,IL,סויה ביו מתיקות מעוד,גרמים,150.00,100 גרם,false,,4.60,0.0307,true,1,261947
7290110329822,false,יוגורט סויה BIO Alternative פירות יער 150 ג' תנובה,מיוצר עי קונדיטוריית,IL,סויה ביו פירות יער A,גרמים,150.00,100 גרם,false,,4.60,0.0307,true,1,261948
7290110329839,false,פרוסות צהובה בטעם זיתים 200 ג' אלטרנטיב אלטרנטיב,מיוצר עי קונדיטוריית,IL,פרוסות צהובה בטעם זי,גרמים,200.00,100 גרם,false,,21.90,0.1095,false,1,261801
7290110329846,false,יוגורט סויה BIO Alternative בטעם טבעי 150 ג' תנובה,מיוצר עי קונדיטוריית,IL,סויה ביו טבעי Alter,גרמים,150.00,100 גרם,false,,4.60,0.0307,true,1,261951
7290110351724,false,נורת לד ניסקו אור לב,,,נורת לד ניסקו אור לב,יחידה,0.00,יחידה,false,,46.90,0.0000,true,1,213860
7290110354268,false,נורת LED נר,,,נורת LED נר,יחידה,0.00,יחידה,false,,8.50,0.0000,true,1,208444
7290110354275,false,נורת לד E14,,,נורת לד E14,יחידה,0.00,יחידה,false,,8.50,0.0000,true,1,204720
7290110354282,false,נורת לד,,,נורת לד,יחידה,0.00,יחידה,false,,8.50,0.0000,true,1,213862
7290110354299,false,נורת לד ניסקו,,,נורת לד ניסקו,יחידה,0.00,יחידה,false,,8.50,0.0000,true,1,213604
7290110356798,false,נורת לד כדור אור צהו,,,נורת לד כדור אור צהו,יחידה,0.00,יחידה,false,,8.50,0.0000,true,1,213605
7290110356804,false,נורת לד כדור ניסקו,,,נורת לד כדור ניסקו,יחידה,0.00,יחידה,false,,8.50,0.0000,true,1,213606
7290110356811,false,נורת לבון 60W,,,נורת לבון 60W,יחידה,0.00,יחידה,false,,8.50,0.0000,true,1,213863
7290110356828,false,נורת לד כדור אור לבן,,,נורת לד כדור אור לבן,יחידה,0.00,יחידה,false,,8.50,0.0000,true,1,213607
7290110422035,false,"מראה מטקה 12 ס""מ",,,"מראה מטקה 12 ס""מ",יחידה,0.00,יחידה,false,,14.90,0.0000,true,1,197493
7290110423193,false,כפפות נשים,,,כפפות נשים,יחידה,0.00,יחידה,false,,14.90,0.0000,true,1,198962
7290110423520,false,גומיות שיער צבעוני ס,,,גומיות שיער צבעוני ס,יחידה,0.00,יחידה,false,,7.90,0.0000,true,1,198370
7290110423537,false,גומיות שיער צבעוני 1,אימפופיקס,,גומיות שיער צבעוני 1,יחידה,0.00,יחידה,false,,7.90,0.0000,true,1,198371
7290110424053,false,מטריה ילדים,,,מטריה ילדים,יחידה,0.00,יחידה,false,,19.90,0.0000,true,1,198977
7290110424381,false,כובע נשים עם קיפול ד,,,כובע נשים עם קיפול ד,יחידה,0.00,יחידה,false,,29.90,0.0000,true,1,200135
7290110424619,false,צעיף נשים פתוח,,,צעיף נשים פתוח,יחידה,0.00,יחידה,false,,29.90,0.0000,true,1,199936
7290110424947,false,סיכת תיקנ תק תינוקות,,,סיכת תיקנ תק תינוקות,יחידה,0.00,יחידה,false,,5.90,0.0000,true,1,199494
7290110425005,false,קליפס פרפר 4יח בבליס,,,קליפס פרפר 4יח בבליס,יחידה,0.00,יחידה,false,,6.90,0.0000,true,1,206844
7290110425302,false,גוזז ציפורניים ענק,,,גוזז ציפורניים ענק,יחידה,0.00,יחידה,false,,11.90,0.0000,true,1,213434
7290110426279,false,גומיות בשקית 40 יח',,,גומיות בשקית 40 יח',יחידה,0.00,יחידה,false,,3.50,0.0000,true,1,214065
7290110426606,false,צעיף ילדים בובה,,,צעיף ילדים בובה,יחידה,0.00,יחידה,false,,17.90,0.0000,true,1,210173
7290110427078,false,מוצרי אופנה כללי,,,מוצרי אופנה כללי,יחידה,0.00,יחידה,false,,14.90,0.0000,true,1,217190
7290110427887,false,כובע קסקט,,,כובע קסקט,יחידה,0.00,יחידה,false,,24.90,0.0000,true,1,218636
7290110428044,false,זר פרחים לראש,,,זר פרחים לראש,יחידה,0.00,יחידה,false,,29.90,0.0000,true,1,218059
7290110550202,false,מטבעות שוקולד חלב לאפיה 400 גרם עלית,"פוליבה בע""\מ",IL,מטבעות שוקולד חלב לא,גרמים,400.00,100 גרם,false,,31.90,0.0797,true,1,265288
7290110550219,false,מטבעות שוקולד לבן לאפיה 400 גרם עלית,"פוליבה בע""\מ",IL,מטבעות שוקולד לבן לא,גרמים,400.00,100 גרם,false,,31.90,0.0797,true,1,265290
7290110550226,false,מטבעות שוקולד מריר לאפיה 400 גרם עלית,"פוליבה בע""\מ",IL,מטבעות שוקולד מריר ל,גרמים,400.00,100 גרם,false,,31.90,0.0797,true,1,265289
7290110550394,false,PERFECT BITE שוקולד חלב במילוי קרם ושברי אגוזי לוז 234 גרם,"שטראוס גרופ בע""\מ",IL,מארז חטיפים ממולאים,גרמים,234.00,100 גרם,false,,19.90,0.0850,false,1,261126
7290110551254,false,נשנושי תירס 600 גרם טעם הטבע שטראוס,"מיוצר ע""\י או.וי אינטרנש",TH,נשנושי תירס 600 גר ש,גרמים,600.00,100 גרם,false,,15.90,0.0265,true,1,265483
7290110552121,false,יוגורט בתוספת סידן וויטמין ד 100 ג' דנונה,תנובה מרכז שיתופי לש,IL,היוגורט הראשון שלי 1,גרמים,100.00,100 גרם,false,,2.30,0.0230,true,1,263883
7290110552220,false,יוגורט PRO בטעם תות 0% סוכר לבן 20 גרם חלבון בגביע,"שטראוס בריאות בע""\מ",IL,דנונה פרו תות ללא סו,גרמים,200.00,100 גרם,false,,6.20,0.0310,true,1,262077
7290110552237,false,יוגורט פרו בטעם אפרסק מנגו ללא סוכר 200 ג' דנונה,"שטראוס בריאות בע""\מ",IL,דנונה פרו אפרסק מנגו,גרמים,200.00,100 גרם,false,,6.20,0.0310,true,1,262078
7290110552251,false,יוגורט אקטיביה עם צ'יה ואוכמניות 150 גרם,"שטראוס בריאות בע""\מ",IL,אקטיביה עם צ'יה ואוכ,גרמים,150.00,100 גרם,false,,4.80,0.0320,true,1,262079
7290110552848,false,עלית - צנצנת מנטה עדינה בנגיעות מלפפון 66 גרם,אסקום בעבור שטראוס,DE,צנצנת מסטיק מאסט מנט,גרמים,66.00,100 גרם,false,,9.90,0.1500,false,1,266639
7290110553029,false,"אנרג'י קריספס-פריכיות חומוס, עדשים ואפונה עם קייל וסלק","פרח תעשיו מזון בע""מ",IL,פריכיות חלבון קייל,גרמים,60.00,100 גרם,false,,10.90,0.1817,true,1,262603
7290110553036,false,קריספס-פריכיות עם אפונה ובטטה סגולה בטעם בצל מקורמל,"פרח תעשיו מזון בע""מ",IL,פריכיות חלבון בטטה ס,גרמים,60.00,100 גרם,false,,10.90,0.1817,true,1,262602
7290110553098,false,מאגדת חטיפים אנרג'י מיקס צימוקים אגוזים 100X4 גרם,אנרג'י Energy - שטראוס,GB,אנרג'י מיקס צימוקים,גרמים,100.00,100 גרם,false,,14.90,0.1490,true,1,265118
7290110553104,false,נסקפה קפוצ'ינו סטיק קלאסי 130 ג' עלית,מוקטה אס.פי.,PL,קפוצ'ינו סטיק קלאסי,גרמים,130.00,100 גרם,false,,15.90,0.1223,false,1,266113
7290110553135,false,נסקפה קפוצ'ינו סטיק וניל 130 ג' עלית,מוקטה אס.פי.,PL,קפוצ'ינו סטיק וניל,גרמים,130.00,100 גרם,false,,15.90,0.1223,false,1,266114
7290110553173,false,אנרגי פריכיות אורז בטעם קרמל 50 גרם,סאנורייס בלגיום,IL,אנרגי פריכיות בטעם ק,גרמים,40.00,100 גרם,false,,6.90,0.1725,true,1,265457
7290110553180,false,אנרגי פריכיות אורז בטעם תפוח קינמון 50 ג,סאנורייס בלגיום,IL,אנרגי פריכיות בטעם ת,גרמים,40.00,100 גרם,false,,6.90,0.1725,true,1,265458
7290110553425,false,קפה נמס 200 גרם +20% תוספת עלית,שטראוס קפה בי.וי,IL,קפה נמס 200 גר +20%ת,גרמים,240.00,100 גרם,false,,19.90,0.0829,false,1,262263
7290110554101,false,"סירופ מייפל בפאוץ' יד מרדכי 125 מ""ל",ציטדל,CA,"מייפל בפאוץ' 125 מ""ל",מיליליטרים,125.00,"100 מ""ל",false,,17.90,0.1432,true,1,263876
7290110554125,false,"נודלס סצ'ואן חריף""דלישס"" שטראוס",אוכל ביתי ניר עציון,IL,נודלס סצ'ואן חריף דל,גרמים,350.00,100 גרם,false,,23.90,0.0683,true,1,260789
7290110554262,false,חלבית מלבין קפה חלבי 350 ג' עלית,מוקטה אס.פי.,PL,חלבית 350 גרם,גרמים,350.00,100 גרם,false,,22.90,0.0654,true,1,263016
7290110554460,false,ציטוס קראנץ צ'דר חלפיניו 65 ג' עלית,עלית,,צ'יטוס צ'דר חלפיניו,גרמים,65.00,100 גרם,false,,3.50,0.0538,true,1,264881
7290110554583,false,מארז חטיפי צ'יטוס פאפס בטעם גבינה - 10 יחידות,"שטראוס פריטו ליי בע""\מ )",IL,צ'יטוס פאפס גבינה 10,גרמים,200.00,100 גרם,false,,14.50,0.0725,true,1,262249
7290110554699,false,"קפה עולה קפסולות אספרסו קלייה איטית וכהה מאוד, 10 * 50 ג'",שטראוס קפה בי.וי.,IL,קפסולות קפה בתי קליה,גרמים,50.00,100 גרם,false,,18.90,0.3780,true,1,265459
7290110554705,false,קפסולות נספרסו לקפה יוניקו סדרת בתי הקלייה 10יח,שטראוס קפה בי.וי.,IL,קפסולות קפה בתי קליה,גרמים,50.00,100 גרם,false,,18.90,0.3780,true,1,265460
7290110554712,false,"קפסולות קפה אספרסו קלייה איטית ובהירה, 10 * 50 ג'",שטראוס קפה בי.וי.,IL,קפסולות קפה בתי קליה,גרמים,50.00,100 גרם,false,,18.90,0.3780,true,1,265461
7290110554729,false,קפסולות עלית אספרסו 04 תואמות למכונות NESPRESSO,שטראוס קפה בי.וי.,IL,קפסולות קפה למכונת נ,גרמים,55.00,100 גרם,false,,16.90,0.3073,false,1,263195
7290110554798,false,פולי אספרסו עשירים וארומטיים עוצמה 8 עלית 250 גרם,שטראוס קפה בי. וי.,IL,פולי אספרסו עשירים ו,גרמים,250.00,100 גרם,false,,21.90,0.0876,false,1,263022
7290110555009,false,זוג פסאטה מחית עגבניות חלקה יד מרדכי 700 גרם,אמיליאנה קונסרב ס.פ.,IT,פסאטה זוגות 700 גרם,גרמים,700.00,100 גרם,false,,11.90,0.0170,true,1,263877
7290110555146,false,מעדן הגולן בטעם מוקה125ג,"שטראוס בריאות בע""\מ",IL,מעדן הגולן בטעם מוקה,גרמים,125.00,100 גרם,false,,2.90,0.0232,false,1,266139
7290110555603,false,ספלנדיד אבקה להכנת משקה בטעם שוקולטה,"ג'אלוסיס י. בע""\מ",GR,אבקה להכנת משקה בטעם,גרמים,360.00,100 גרם,false,,21.90,0.0608,true,1,266118
7290110555665,false,קקאו דל שומן עלית בקופסא 220 גרם,"ג'אלוסיס י. בע""\מ",GR,קקאו דל שומן בקופסא,גרמים,220.00,100 גרם,false,,18.90,0.0859,true,1,266115
7290110556242,false,"שוקולד מריר פרווה 100 גר' בד""ץ תוצרת חוץ","שטראוס גרופ בע""מ.",FR,שוקולד מריר פרווה על,גרמים,100.00,100 גרם,false,,6.00,0.0600,false,1,265475
7290110557027,false,חומוס עשיר 50% טחינה גולמית 400 ג' אחלה,מיוצר עי קונדיטוריית,IL,חומוס עשיר ב-50% טחי,גרמים,400.00,100 גרם,false,,12.90,0.0323,true,1,261734
7290110557102,false,מעדן חלב עם שוקולד מועשר בחלבון 150 ג' שטראוס,מיוצר עי קונדיטוריית,IL,מעדן חלב עם שוקולד מ,גרמים,150.00,100 גרם,false,,5.10,0.0340,true,1,260604
7290110557133,false,מעדן הגולן וניל 125 ג' שטראוס,מיוצר עי קונדיטוריית,IL,מעדן הגולן וניל,גרמים,125.00,100 גרם,false,,2.90,0.0232,false,1,261047
7290110557317,false,יוגורט בתוספת סידן וויטמין ד עם שיבולת שועל 100 ג' דנונה,תנובה מרכז שיתופי לש,IL,היוגורט הראשון שלי ש,גרמים,100.00,100 גרם,false,,2.30,0.0230,true,1,263884
7290110557416,false,מילקי טופ לבבות 144 גרם,מיוצר עי קונדיטוריית,IL,מילקי טופ לבבות,גרמים,144.00,100 גרם,false,,4.70,0.0326,true,1,262532
7290110557478,false,חומוס גלילי במרקם מעודן 600 גרם,"שטראוס גרופ בע""\מ",IL,חומוס גלילי,גרמים,600.00,100 גרם,false,,13.50,0.0225,true,1,263013
7290110557645,false,מאגדת חטיפים אנרג'י מיקס צימוקים חמוציות 100X4 גרם,קונסרב איטליה,GB,אנרג'י מיקס צימוקים,גרמים,100.00,100 גרם,false,,14.90,0.1490,true,1,265119
7290110558130,false,יוגורט אקטיביה עם שיבולת שועל ודבש 150 גרם,"שטראוס בריאות בע""\מ",IL,אקטיביה עם שיבולת שו,גרמים,150.00,100 גרם,false,,4.80,0.0320,true,1,264385
7290110558154,false,דנונה לייט אנד פרי עוגת תפוחים 150ג דנונה,"שטראוס בריאות בע""\מ",IL,דנונה לייט אנד פרי ע,גרמים,150.00,100 גרם,false,,4.60,0.0307,true,1,265106
7290110558215,false,"דנונה קראנצ`פיסטוק עם פיצפוץ לבן קראנצי פיסטוק, 173 גרם","שטראוס בריאות בע""\מ",IL,דנונה קראנצ' פיסטוק,גרמים,173.00,100 גרם,false,,4.80,0.0277,false,1,266137
7290110558222,false,"וואו יוגורט עם שכבה בטעם בנופי פאי 5.4%, 150ג דנונה","שטראוס בריאות בע""\מ",IL,דנונה WOW בנופי,גרמים,150.00,100 גרם,false,,4.70,0.0313,true,1,265101
7290110558239,false,"וואו יוגורט עם שכבה בטעם קראק פאי 5.4%, 150 ג דנונה","שטראוס בריאות בע""\מ",IL,דנונה WOW קראק פאי,גרמים,150.00,100 גרם,false,,4.70,0.0313,true,1,265102
7290110558253,false,דנונה שייק נונה ריפרש בננה אננס וצ'יה,"שטראוס בריאות בע""\מ",IL,דנונה ריפרש בננה אננ,גרמים,250.00,100 גרם,false,,5.80,0.0232,true,1,264394
7290110558284,false,דנונה ביו מולטי שטראוס 200 גרם,"שטראוס בריאות בע""\מ",IL,דנונה ביו מולטי 200,גרמים,200.00,100 גרם,false,,4.10,0.0205,false,1,264797
7290110558307,false,יוגורט דנונה PRO עם שיבולת שועל במתיקות מעודנת,"שטראוס בריאות בע""\מ",IL,דנונה פרו 20 גרם חלב,גרמים,200.00,100 גרם,false,,6.50,0.0325,false,1,263849
7290110558314,false,דנונה פרו 20 גרם חלבון ללא סוכר פיסטוק 200 גרם,"שטראוס בריאות בע""\מ",IL,דנונה פרו 20 גר' ללא,גרמים,200.00,100 גרם,false,,6.20,0.0310,false,1,265104
7290110558338,false,יוגורט PRO בטעם מתיקות מעודנת 1.5% שומן,"שטראוס בריאות בע""\מ",IL,דנונה פרו 25 גרם חל,גרמים,200.00,100 גרם,false,,6.20,0.0310,true,1,263850
7290110558666,false,מעדן גבינה בטעם תפוח 88 ג' דניאלה,"שטראוס בריאות בע""\מ",IL,דניאלה בטעם תפוח,גרמים,88.00,100 גרם,false,,4.10,0.0466,true,1,266138
7290110558741,false,"גמדים פאוץ תפוח בננה, 100 ג' שטראוס","שטראוס בריאות בע""\מ",IL,גמדים פאו'ץ תפוח בננ,מיליליטרים,100.00,"100 מ""ל",false,,5.70,0.0570,true,1,266375
7290110558918,false,עלי חסה קראנצ' שטופים,שטראוס בריאות ירקות טריי,IL,עלי חסה קראנצ' שטופי,גרמים,150.00,100 גרם,false,,10.50,0.0700,true,1,265043
7290110559007,false,"שועועית חומה טעם הטבע קופסה, 380 גרם",קונסרב איטליה,IT,שעועית חומה טעם הטבע,גרמים,380.00,100 גרם,false,,6.90,0.0182,true,1,265123
7290110559014,false,שעועית שחורה מבושלת טעם הטבע 380 גרם,קונסרב איטליה,IT,שעועית שחורה טעם הטב,גרמים,380.00,100 גרם,false,,6.90,0.0182,true,1,265124
7290110559748,false,ריל מאגדת שקדים קוקוס ושוקולד מריר שטראוס 105 גרם,"ואמואליס פודס אס.איי,",GR,מאגדת ריל שקדים קוקו,גרמים,105.00,100 גרם,false,,14.90,0.1419,true,1,264838
7290110559755,false,ריל מאגדת בוטנים פיסטוק וחמוציות שטראוס 105 גרם,"ואמואליס פודס אס.איי,",GR,מאגדת ריל בוטנים פיס,גרמים,105.00,100 גרם,false,,14.90,0.1419,true,1,264839
7290110559762,false,ריל מאגדת אגוזים תמרים קוקוס שטראוס 105 גרם,"ואמואליס פודס אס.איי,",GR,מאגדת ריל אגוזים תמר,גרמים,105.00,100 גרם,false,,14.90,0.1419,true,1,264837
7290110559939,false,נתחי סויה בסגנון שווארמה ומג'דרה 350 גרם,אוכל ביתי ניר עציון,IL,נתחי סויה בסגנון שוו,גרמים,350.00,100 גרם,false,,23.90,0.0683,true,1,263815
7290110560300,false,"הפריכיות הטעימות חומוס, עדשים שחורות, קינואה ופלפל שחור",אנרג'י Energy - שטראוס,IL,פריכיות משולשות פלפל,גרמים,30.00,100 גרם,false,,5.80,0.1933,true,1,204904
7290110560317,false,"הפריכיות הטעימות חומוס, עדשים שחורות, קינואה ומלח ים","פרח תעשיו מזון בע""מ",IL,פריכיות משולשות מלח,גרמים,30.00,100 גרם,false,,5.80,0.1933,true,1,204905
7290110560324,false,"הפריכיות הטעימות תפו""א, אורז, אפונה ומלח ים","פרח תעשיו מזון בע""מ",IL,פריכיות משולשות אפונ,גרמים,30.00,100 גרם,false,,5.80,0.1933,true,1,204906
7290110560836,false,"מילקי טעם פסק זמן שטראוס 133 מ""ל",מיוצר עי קונדיטוריית,IL,מילקי בטעם פסק זמן,גרמים,133.00,100 גרם,false,,2.90,0.0218,true,1,201872
7290110561352,false,דנונה יוגורט ביו פרוביוטי 3% דל לקטוז 150ג',"שטראוס בריאות בע""\מ",IL,דנונה דל לקטוז,גרמים,200.00,100 גרם,false,,3.70,0.0185,true,1,202378
7290110563431,false,"משקה קפה קר בסגנון קלאסי 230 מ""ל 1.6% יוטבתה",האי נאם סי או אל.טי.,AT,משקה קפה קר בסגנון ק,מיליליטרים,230.00,"100 מ""ל",false,,7.80,0.0339,true,1,206720
7290110563448,false,"משקה קפה קר בסגנון מעודן 230 מ""ל 1.6% יוטבתה",האי נאם סי או אל.טי.,AT,משקה קפה קר בסגנון מ,מיליליטרים,230.00,"100 מ""ל",false,,7.80,0.0339,true,1,206721
7290110563462,false,חלב 2% דל לקטוז בבקבוק יטבתה 1 ליטר.,מחלבת יטבתה,IL,חלב נטול לקטוז 2%,ליטרים,1.00,ליטר,false,,8.40,8.4000,false,1,205837
7290110564339,false,חומוס אחלה הסידרה המובחר 30% טחינה 400 גר',מיוצר עי קונדיטוריית,IL,חומוס אחלה עשיר 30%,גרמים,400.00,100 גרם,false,,12.90,0.0323,true,1,201196
7290110564360,false,חומוס אחלה הסידרה המובחר 40% טחינה 400 גר',מיוצר עי קונדיטוריית,IL,חומוס אחלה שיר 40% ט,גרמים,400.00,100 גרם,false,,12.90,0.0323,true,1,201197
7290110564414,false,חומוס אחלה הסידרה המובחר 30% טחינה 600 גר',מיוצר עי קונדיטוריית,IL,חומוס אחלה עשיר 30%,גרמים,600.00,100 גרם,false,,14.90,0.0248,true,1,201200
7290110564742,false,"משקה קפה קר בסגנון חזק 230 מ""ל 1.2% יוטבתה",האי נאם סי או אל.טי.,AT,משקה קפה קר בסגנון ח,מיליליטרים,230.00,"100 מ""ל",false,,7.80,0.0339,true,1,206722
7290110564919,false,דנונה מעודן ללא סוכר החזרות 150 גר,מיוצר עי קונדיטוריית,IL,דנונה מתיקות מעודנת,גרמים,150.00,100 גרם,false,,3.60,0.0240,false,1,210406
7290110565435,false,"לימבו ג'לי פטל 125 גרם חלבי ""שטראוס""","שטראוס גרופ בע""\מ",IL,לימבו פטל חלבי,גרמים,125.00,100 גרם,false,,2.00,0.0160,true,1,200642
7290110565527,false,יוגורט PRO פרו 1.5% 20 גרם חלבון בגביע,"שטראוס בריאות בע""מ",IL,דנונה פרו 20 גר חלב,גרמים,200.00,100 גרם,false,,6.20,0.0310,false,1,200022
7290110565572,false,מארז קפה טורקי עלית לדרך עם הל 168 גרם,שטראוס קפה בי.וי.,IL,מארז טורקי לדרך עם ה,גרמים,168.00,100 גרם,false,,19.90,0.1185,false,1,208043
7290110566623,false,קפסולות קולומביה עלית 08 למכונת נספרסו מארז 5X10ג',שטראוס קפה בי.וי.,IL,קפסולות קפה קולומביה,גרמים,50.00,100 גרם,false,,16.90,0.3380,false,1,203174
7290110566975,false,דנונה פרו יוגורט 0% תות עשיר בחלבון 200ג',"שטראוס בריאות בע""\מ",IL,דנונה פרו תות 20 גר,גרמים,200.00,100 גרם,false,,6.20,0.0310,false,1,201888
7290110567057,false,צנצנת מסטיק מאסט קוביות מנטה חזקה 66 ג' עלית,אסקום קונפקשיין,DE,בוקסי מנטה אקליפטוס,גרמים,64.00,100 גרם,false,,9.90,0.1547,true,1,204620
7290110568238,false,"קצפת צמחית 21% שומן 250 מ""ל יוטבתה",מחלבת יטבתה,IL,קצפת צמחית יטבתה,גרמים,250.00,100 גרם,false,,8.30,0.0332,false,1,203228
7290110568276,false,משקה וניל פרו Pro מועשר בחלבון 1.5%,מחלבת יטבתה,DE,משקה יטבתה פרו וניל,גרמים,350.00,100 גרם,false,,6.40,0.0183,true,1,202840
7290110568511,false,קונפיטורית פירות יער במתיקות מעודנת 265 גר' יד מרדכי,קריות זול,IL,קונפיטורת פירות יער,גרמים,265.00,100 גרם,false,,13.50,0.0509,true,1,206200
7290110568627,false,עלית - פסק זמן רול שוקולד חלב עם קרם אגוזים 26 גרם,שולן צ'\יקולטה גידה סאן.,TR,פסק זמן רול שוקולד ח,גרמים,28.00,100 גרם,false,,4.00,0.1429,false,1,264818
7290110568924,false,עלית - פסק זמן רול שוקולד חלב עם קרם חלב וקוקוס 26 גרם,שולן צ'\יקולטה גידה סאן.,TR,פסק זמן רול שוקולד ח,גרמים,26.00,100 גרם,false,,4.00,0.1538,false,1,204886
7290110570125,false,"משקה קפה קר בטעם אייריש קרים230 מ""ל יוטבתה",אנסטל מילק kg,AT,קפה קר בטעם אייריש ק,מיליליטרים,230.00,"100 מ""ל",false,,7.80,0.0339,true,1,266135
7290110570224,false,"משקה קפה קר בטעם עוגיות יטבתה 230 מ""ל",אנסטל מילק kg,AT,משקה קפה קר בטעם עוג,מיליליטרים,230.00,"100 מ""ל",false,,7.80,0.0339,true,1,265107
7290110570880,false,פולי אספרסו עשירים וארומטיים עוצמה 14 עלית 250 גרם,,IL,פולי אספרסו עשירים ו,גרמים,250.00,100 גרם,false,,21.90,0.0876,true,1,263880
7290110570897,false,"פולי אספרסו עשירים וארומטיים עוצמה 14 1 ק""ג עלית",,IL,פולי אספרסו עשירים ו,קילוגרמים,1.00,"ק""ג",false,,76.90,76.9000,true,1,263881
7290110571375,false,"אנרג'י מיקס תערובת צימוקים, תמרים, טופי ושברי פקאן",אנרג'י Energy - שטראוס,GB,אנרג'י צימוקים תמרים,גרמים,100.00,100 גרם,false,,14.90,0.1490,true,1,265120
7290110571382,false,מעדן חלב בטעם וניל מעושר בחלבון 150 ג' שטראוס,"שטראוס בריאות בע""\מ",IL,מעדן חלב בטעם וניל מ,גרמים,150.00,100 גרם,false,,5.10,0.0340,true,1,262975
7290110571405,false,עלית - מיני פינוקיות בגביע פסק זמן 180 גרם,"הגביע מוצרי ופלים בע""\מ",IL,מיני פינוקיות בגביע,גרמים,180.00,100 גרם,false,,11.50,0.0639,true,1,266100
7290110571412,false,מיני פינוקיות - פאדג' שוקולד בגביע 180 גרם,"הגביע מוצרי ופלים בע""\מ",IL,מיני פינוקיות בגביע,גרמים,180.00,100 גרם,false,,11.50,0.0639,true,1,266112
7290110571474,false,רבע לשבע טבעוני פופקורן עלית 125 גרם,"הגביע מוצרי וופלים בע""\מ",IL,רבע לשבע טבעוני פופק,גרמים,125.00,100 גרם,false,,12.00,0.0960,false,1,264819
7290110572129,false,כיף כף מקלות שוקולד לבן 40 ג' עלית,סולן בעבור שטראוס,TR,כיף כף מקלות שוקולד,גרמים,40.00,100 גרם,false,,5.50,0.1375,true,1,266103
7290110572884,false,"קפסולות קפה מספר 20 למכונת אספרס אספרסו, 50 גרם",שטראוס קפה בי.וי.,IL,קפסולות קפה חזק ועוצ,גרמים,50.00,100 גרם,false,,16.90,0.3380,false,1,266104
7290110572969,false,כיף כף פצפצים עקרם לבן 40ג' עלית,שולן צ'\יקולטה גידה סאן.,TR,כיף כף פצפצים קרם לב,גרמים,40.00,100 גרם,false,,5.50,0.1375,true,1,265121
7290110572976,false,כיף כף פצפצים בגביע במילוי קרם בטעם שוקולד לבן,שולן צ'\יקולטה גידה סאן.,TR,כיף כף פצפצים קרם לב,גרמים,135.00,100 גרם,false,,11.50,0.0852,true,1,265122
7290110574413,false,עלית - פופקורן בטעם טעמי 70 גרם,סראנו בעבור שטראוס,קפריסין,פופקורן בטעם טעמי,גרמים,70.00,100 גרם,false,,7.50,0.1071,false,1,266116
7290110574420,false,עלית - פופקורן בטעם פסק זמן 70 גרם,סראנו בעבור שטראוס,קפריסין,פופקורן בטעם פסק זמן,גרמים,70.00,100 גרם,false,,7.50,0.1071,false,1,266117
7290110574437,false,עלית - פופקורן בטעם טורטית 70 גרם,סראנו בעבור שטראוס,קפריסין,פופקורן בטעם טורטית,גרמים,70.00,100 גרם,false,,7.50,0.1071,false,1,266643
7290110576318,false,מאגדת שלישיית שוקולד אגוז לבן 300 ג' עלית,סמואה,FR,מארז שלישיית אגוז לב,גרמים,300.00,100 גרם,false,,24.90,0.0830,false,1,265446
7290110576356,false,"שוקולד ספלנדיד מריר 64% - חלבי , מפולי קקאו מפרו",קימ'\ס גריפלנן,BE,ספלנדיד שוקולד מריר,גרמים,100.00,100 גרם,false,,8.50,0.0850,true,1,264854
7290110576363,false,"שוקולד ספלנדיד מריר 80% חלבי ,פולי קקאו מאוגנדה",קימ'\ס גריפלנן,BE,ספלנדיד שוקולד מריר,גרמים,100.00,100 גרם,false,,8.50,0.0850,true,1,264855
7290110576370,false,מארז שלישייה שוקולד מריר חלבי עם אגוזי לוז,סמואה,FR,מארז שלישיית אגוז מר,גרמים,300.00,100 גרם,false,,24.90,0.0830,false,1,265444
7290110576387,false,מאגדת שלישיית שוקולד אגוז חלב 300 ג' עלית,סמואה,FR,מארז שלישיית אגוז חל,גרמים,300.00,100 גרם,false,,24.90,0.0830,false,1,265445
7290110576493,false,עלית - פופקורן בטעם בלונדי 70 גרם,סראנו בעבור שטראוס,קפריסין,פופקורן בטעם בלונדי,גרמים,70.00,100 גרם,false,,7.50,0.1071,true,1,266644
7290110576752,false,טבלאות שוקולד ספלנדיד מריר 70% 100 ג' עלית,קימ'ס גריפלנן,BE,ספלנדיד מריר 70%,גרמים,100.00,100 גרם,false,,10.90,0.1090,true,1,266109
7290110576776,false,טבלאות שוקולד ספלנדיד מריר 85% 100 ג' עלית,קימ'ס גריפלנן,BE,ספלנדיד מריר 85%,גרמים,100.00,100 גרם,false,,10.90,0.1090,true,1,266110
7290110576790,false,גבינת סקי 3% בטעם מוקה 125 גרם,"שטראוס בריאות בע""\מ",IL,סקי בטעם מוקה,גרמים,125.00,100 גרם,false,,3.90,0.0312,false,1,266136
7290110576851,false,"שמיניית משקה גמדים סלט פירות 108 מ""ל","שטראוס בריאות בע""\מ",IL,גמדים לשתייה שמינייה,מיליליטרים,864.00,"100 מ""ל",false,,21.00,0.0243,true,1,266140
7290110576868,false,רבעיית גמדים סלט פירוט * 100 ג' שטראוס,"שטראוס בריאות בע""\מ",IL,גמדים רביעיית סלט פי,מיליליטרים,400.00,"100 מ""ל",false,,11.60,0.0290,true,1,266141
7290110577230,false,משקה חלב פיסטוק 1ליטר יטבתה בקבוק,שטראוס גרופ,IL,משקה חלב בטעם פיסטוק,ליטרים,1.00,ליטר,false,,12.50,12.5000,false,1,266133
7290110577629,false,עלית - רבע לשבע טבעוני טורטית 125 גרם,"הגביע מוצרי וופלים בע""\מ",IL,רבע לשבע טבעוני טורט,גרמים,125.00,100 גרם,false,,12.00,0.0960,false,1,266642
7290110577636,false,עלית - רבע לשבע טבעוני חמאת בוטנים 125 גרם,"הגביע מוצרי וופלים בע""\מ",IL,רבע לשבע טבעוני חמאת,גרמים,125.00,100 גרם,false,,12.00,0.0960,false,1,266641
7290110577711,false,"משקה שייק חלבון מי גבינה עם אפרסק ומנגו350מ""ל יטבתה",מחלבת יטבתה,IL,שייק חלבון מי גבינה,מיליליטרים,350.00,"100 מ""ל",false,,7.70,0.0220,true,1,266381
7290110577728,false,"משקה שייק חלבון מי גבינה עם פירות יער 350מ""ל יטבתה",מחלבת יטבתה,IL,שייק חלבון מי גבינה,מיליליטרים,350.00,"100 מ""ל",false,,7.70,0.0220,true,1,266382
7290110578398,false,מסטיק מאסט מנטה בנגיעות אלוורה צנצנת מגדים 66 גרם,אסקום בעבור שטראוס,DE,מסטיק מאסט צנצנת מנט,גרמים,66.00,100 גרם,false,,9.90,0.1500,true,1,266640
7290110579319,false,חומוס גלילי אחלה 400 גרם,שטראוס גרופ,IL,חומוס גלילי 400 גר,גרמים,400.00,100 גרם,false,,10.90,0.0273,true,1,266647
7290111094248,false,"קוויק שקית אשפה חזקה וגדולה במיוחד (90*78), 20 יח'",,TR,קוויק שקיות אשפה XL,יחידה,0.00,יחידה,false,,19.90,0.0000,true,1,212284
7290111095818,false,קוויק שקיות אשפה L חזקות במיוחד עם שרוך 40 יח',,TR,קוויק שקיות אשפה L ע,יחידה,0.00,יחידה,false,,19.90,0.0000,true,1,212285
7290111285356,false,צלחת במבוק 23 סמ סמי הכבאי,שמחה זה אנחנו,CN,צלחת במבוק סמי הכבאי,יחידה,0.00,יחידה,false,,12.90,0.0000,true,1,207627
7290111285448,false,קערה במבוק סמי הכבאי יח,שמחה זה אנחנו,CN,קערה במבוק סמי הכבאי,יחידה,0.00,יחידה,false,,8.90,0.0000,true,1,207642
7290111285455,false,קערה במבוק מיניונים,,,קערה במבוק מיניונים,יחידה,0.00,יחידה,false,,8.90,0.0000,true,1,207637
7290111340178,false,מטליות לחות ניקול לניקוי כללי בניחוח מרכך כביסה 50 יח',חוגלה קימברלי,IL,מטליות ניקוי כללי בר,יחידה,0.00,יחידה,false,,10.90,0.0000,false,1,198385
7290111340185,false,מטליות לחות רצפה ניחוח מרכך כביסה ניקול 10 יחידות,חוגלה קימברלי,IL,מטליות לחות לריצפה נ,יחידה,0.00,יחידה,false,,10.90,0.0000,false,1,198386
7290111340925,false,מטליות לחות לניקוי כללי ניקול פריחה לבנה 40 יחי',חוגלה קימברלי,IL,מטליות לחות XL ניקו,יחידה,0.00,יחידה,false,,10.90,0.0000,false,1,201151
7290111340956,false,ניקול מטליות לחות לרצפה בניחוח פריחה לבנה,חוגלה קימברלי,IL,מטליות לחות לניקוי ר,יחידה,0.00,יחידה,false,,10.90,0.0000,false,1,201152
7290111341359,false,רדיד אלומיניום+סכין חיתוך ניקול 60 מטר,"אופל בע""\מ",IL,רדיד אלומיניום 60 מט,יחידה,0.00,יחידה,false,,39.90,0.0000,false,1,203252
7290111341366,false,ניקול מפיות אירוח חד שכבתי 150 יחידות,"משווק ע""י קימברלי קלארק",SK,מפיות אירוח חד שכבתי,יחידה,0.00,יחידה,false,,8.50,0.0000,true,1,203333
7290111341816,false,נייר אפייה בגליל עם סיכון חיתוך,אופל,IL,נייר אפיה עם מתקן לח,יחידה,0.00,יחידה,false,,21.90,0.0000,false,1,205569
7290111341984,false,לילי - מגבוני נייר טואלט לח פיור רביעייה,קימברלי,IL,מארז רביעיה לילי לח,יחידה,0.00,יחידה,false,,21.90,0.0000,true,1,208580
7290111342004,false,נייר טואלט לילי לח קידס 56 דפים,חוגלה קימברלי,IL,לילי לח מגבונים בודד,יחידה,0.00,יחידה,false,,8.90,0.0000,true,1,207429
7290111342042,false,ניקול כריות יפניות אנטיבקטריאלי 4 יחידות,פלסטו פוליש,IL,כריות יפניות אנטיבקט,יחידה,0.00,יחידה,false,,10.90,0.0000,true,1,210812
7290111342059,false,50 מטליות מיקרופייבר לשטחים אנטיבקטריאלי ניקול,ניקול,IL,מטליות לחות אנטיבקטר,יחידה,0.00,יחידה,false,,10.90,0.0000,true,1,210842
7290111342073,false,מטליות מקרופייבר למשטחים אנטיבקטריאלי ניקול,ניקול,IL,מיקרופייבר מטלית אנט,יחידה,0.00,יחידה,false,,12.90,0.0000,true,1,211141
7290111342523,false,מפיות אירוח לשימוש יומיומי ניקול 100 יח,חוגלה קימברלי,IL,מפיות אירוח ניקול,יחידה,0.00,יחידה,false,,6.90,0.0000,true,1,210470
7290111342738,false,לילי - מגבוני נייר טואלט לח קידס רביעייה,לילי נייר טואלט חוגלה,IL,לילי לח קידס מארז רב,יחידה,0.00,יחידה,false,,21.90,0.0000,true,1,210639
7290111343117,false,"קלינקס לושן סופט פק זוגות 140 דף ""חדש""",קימברלי קלארק,IL,קלינקס לושן אריזת ני,יחידה,0.00,יחידה,false,,13.90,0.0000,false,1,214998
7290111343797,false,מטליות לחות לניקוי חלונות 48 יח' ניקול,חוגלה קימברלי,IL,מטליות לחות לניקוי ח,יחידה,0.00,יחידה,false,,10.90,0.0000,false,1,212248
7290111343841,false,ספוגית הקסם נירוסטה - מארז 3 יחידות,ניקול,CN,ספוגית הקסם נירוסטה,יחידה,0.00,יחידה,false,,11.50,0.0000,true,1,214448
7290111343858,false,ניקול מטליות לחות לרצפה אנטיבקרטריאלי 10 יחידות,עלבד משואות יצחק,IL,מטליות לחות לריצפה א,יחידה,0.00,יחידה,false,,10.90,0.0000,false,1,212356
7290111344145,false,ניקול זוג מטליות מיקרופייבר אנטיבקטריאליות לרצפה,ניקול,CN,מטלית ריצפה אנטיבקטר,יחידה,0.00,יחידה,false,,21.90,0.0000,true,1,214224
7290111344206,false,האגיס נטורל קר מגבונים לחים בבישום עדין רביעייה,חוגלה קימברלי,IL,מגבוני האגיס נטורל ק,יחידה,0.00,יחידה,false,,19.90,0.0000,false,1,261321
7290111344503,false,חיתולי האגיס אקסטרה קייר מידה +4 36 יח',חוגלה קימברלי,IL,האגיס אקסטרא קייר 4,יחידה,0.00,יחידה,false,,49.90,0.0000,false,1,217925
7290111344510,false,נייר אפייה ניקול בשקית 100 יח,אופל,IL,ניירות אפיה נשלפים א,יחידה,0.00,יחידה,false,,23.90,0.0000,true,1,217429
7290111344527,false,ניקול שקיות אשפה XXL לפחים ענקיים 20 יחי,קימברלי קלארק,IL,שקיות אשפה לפח ענק X,יחידה,0.00,יחידה,false,,24.90,0.0000,true,1,216438
7290111344572,false,ניקול שקיות אשפה עם ידיות 25 יח',ניקול,TR,שקיות אשפה עם ידיות,יחידה,0.00,יחידה,false,,19.90,0.0000,true,1,261903
7290111344701,false,ניקול שקיות אוכל סנדויצון מניונים 250 יחידות,חוגלה קימברלי,IL,ניקול סנדוויצ'ון מהד,יחידה,0.00,יחידה,false,,14.90,0.0000,false,1,265220
7290111344824,false,מגן תחתון קוטקס אקסטרא אנטיבקטריאלי לארג',חוגלה,CN,מגן תחתון קוטקס אנטי,יחידה,0.00,יחידה,false,,17.90,0.0000,true,1,261905
7290111344831,false,קוטקס - מגיני יום אקסטרא פרוטקט נורמל ביג 60 יח',חוגלה קימברלי,CN,מגן תחתון קוטקס אקסט,יחידה,0.00,יחידה,false,,17.90,0.0000,true,1,261904
7290111344855,false,קוטקס - מגיני יום אקסטרא פרוטקט לארג' ביג 52 יח',חוגלה קימברלי,CN,מגן תחתון קוטקס אקסט,יחידה,0.00,יחידה,false,,17.90,0.0000,true,1,261906
7290111344916,false,ניקול שישיית כריות יפניות אנטיבקטריאליות,חוגלה קימברלי,IL,ניקול כריות יפניות א,יחידה,0.00,יחידה,false,,10.90,0.0000,true,1,217898
7290111344930,false,מטליות לחות לרצפה בניחוח כביסה ארומתרפיה ניקול 10 יח',ניקול,IL,ניקול מטליות לחות לר,יחידה,0.00,יחידה,false,,10.90,0.0000,true,1,261798
7290111344978,false,רדיד אלומיניום עבה 60 מטר ניקול,ניקול,IL,ניקול רדיד אלומיניום,יחידה,0.00,יחידה,false,,39.90,0.0000,true,1,217899
7290111345043,false,ניקול מטליות מיקרופייבר דו צדדית למשטחים,ניקול,IL,מטליות מיקרופייבר למ,יחידה,0.00,יחידה,false,,13.90,0.0000,true,1,261782
7290111345982,false,ניקול דפי ספוגית הקסם 10 יחידות,חוגלה קימברלי,IL,דפי ספוגית הקסם ניק,יחידה,0.00,יחידה,false,,10.90,0.0000,false,1,263106
7290111346088,false,נייר טואלט מולט דו שכבתי 30 גל,חוגלה קימברלי,IL,נייר טואלט מולט 30 ג,יחידה,0.00,יחידה,false,,28.90,0.0000,false,1,264243
7290111346293,false,מגבת נייר ניקול 6 יחידות מהדורה חגיגית,קימברלי קלארק,IL,שישיה נייר מגבת ניקו,יחידה,0.00,יחידה,false,,10.90,0.0000,false,1,264104
7290111346347,false,ממחטות אף קלינקס טישו אורגינל מארז חמישייה,קימברלי קלארק,IL,טישו קלינקס אורגינל,יחידה,0.00,יחידה,false,,15.90,0.0000,false,1,265044
7290111350030,false,רסק תפוחי עץ טבעי בצנצנת 670 גרם קלית גת,"ג'י אנד ג'י בע""מ",IL,רסק תפוחי עץ טבעי קל,גרמים,670.00,100 גרם,false,,10.90,0.0163,true,1,195567
7290111350047,false,תמרים מזן מגהול ללא חרצנים 500 גרם,טעמי הגליל,IL,תמרים מג'הול ללא חרצ,גרמים,500.00,100 גרם,false,,11.50,0.0230,true,1,196394
7290111350665,false,קליית גת דבש לחיץ טהור מפרחי בר 350 גרם,חקלאות עין חרוד מאוח,IL,דבש לחיץ 350 גר' קלי,גרמים,350.00,100 גרם,false,,21.90,0.0626,true,1,203200
7290111350672,false,"דבש טהור מפרחי בר ""קליית גת"" 700 גרם",חקלאות עין חרוד מאוח,IL,דבש צנצנת 700 גר' קל,גרמים,700.00,100 גרם,false,,32.90,0.0470,true,1,203198
7290111350719,false,חטיף נאצוס הוטפופ בסגנון מסעדות 322 גר,ליימן מותגים,US,נאצ'וס הוטפופ בסגנון,גרמים,322.00,100 גרם,false,,15.90,0.0494,true,1,206281
7290111350726,false,חטיף נאצוס הוטפופ בסגנון מקסיקני 322 גר,ליימן מותגים,US,נאצ'וס בסגנון מקסיקנ,גרמים,322.00,100 גרם,false,,15.90,0.0494,true,1,206282
7290111351280,false,תערובת אגוזים קלויים ללא מלח 150 גרם קליית גת,קליית גת,IL,תערובת אגוזים קלויים,גרמים,150.00,100 גרם,false,,16.50,0.1100,true,1,205375
7290111351334,false,קלית גת תמר מגהול650,הדקלאים אגודת שיתופי,IL,תמרים 650 גר',גרמים,650.00,100 גרם,false,,18.90,0.0291,true,1,206376
7290111352140,false,חמוציות מיובשות ברכז תפוחים קליית גת 150 גרם,קליית גת,IL,חמוציות מיובשות ברכז,גרמים,150.00,100 גרם,false,,11.50,0.0767,true,1,209957
7290111352430,false,ממרח תמרים טבעי קליית גת 440 גרם,"כד בני דרום בע""מ",IL,ממרח תמרים טבעי 440,גרמים,440.00,100 גרם,false,,13.90,0.0316,true,1,210983
7290111352508,false,סילאן טבעי לחיץ קליית גת 840 גרם,"ששון ושות' בע""מ",IL,סילאן 840 גר' קליית,גרמים,840.00,100 גרם,false,,21.90,0.0261,true,1,213173
7290111352935,false,יוגטה סוכריות טופי ממולאות 600 גרם 3 טעמים,יוגטה yogueta,TR,יוגטה סוכריות טופי מ,גרמים,600.00,100 גרם,false,,14.90,0.0248,true,1,211316
7290111352942,false,יוגטה סוכריות טופי בטעמי פירות 850 גר,יוגטה yogueta,TR,יוגטה סוכריות טופי 8,גרמים,850.00,100 גרם,false,,19.90,0.0234,true,1,260772
7290111352959,false,מקלות חמוצים ממולאים בטעם פירות 80 גר' יוגטה,יוגטה yogueta,TR,מקלות חמוצים סוכריות,גרמים,80.00,100 גרם,false,,8.00,0.1000,true,1,215958
7290111352966,false,יוגטה סוכריות ממולאות בטעם פירות 250 גרם ללא ג'לטין,ליימן שליסל,TR,יוגטה סוכריות ממולאו,גרמים,250.00,100 גרם,false,,7.90,0.0316,true,1,211508
7290111352973,false,יוגוטה קוביות חמוצות ממולאות בטעם פירות,יוגטה yogueta,TR,קוביות חמוצות 220 גר,גרמים,220.00,100 גרם,false,,7.90,0.0359,true,1,215511
7290111353093,false,סוכריות טופי במילוי בטעמי פירות בצורת מקלות,יוגטה,TR,סוכריות טופי בטעמי פ,גרמים,600.00,100 גרם,false,,14.90,0.0248,true,1,217007
7290111353109,false,"גומי נחש מבריק 200 גר' וסטהיים (כש""לפ בית יוסף).",טופגם תעשיות ממתקים,TR,סוכריות גומי נחשים 2,גרמים,200.00,100 גרם,false,,9.90,0.0495,true,1,215604
7290111353123,false,"גומי נחש מסוכר 200 גר' וסטהיים (כש""לפ בית יוסף)",טופגם תעשיות ממתקים,IL,סוכריות גומי נחשים מ,גרמים,200.00,100 גרם,false,,9.90,0.0495,true,1,215606
7290111353437,false,הוטפופ - צ'יפס חטיף בטטה עם מלח ים 120 גרם,איץ.סיי גרופ אס.דה א,HN,צ'יפס חטיף בטטה ומלח,גרמים,120.00,100 גרם,false,,13.90,0.1158,true,1,216588
7290111353444,false,חטיף בטטות ומלח ים 120 גרם הוט פופ,איץ.סיי גרופ אס.דה א,HN,צ'יפס חטיף ירקות הוט,גרמים,120.00,100 גרם,false,,13.90,0.1158,true,1,216589
7290111353451,false,חטיף בירקות שורש ומלח ים הוטפופ 120 גרם,איץ.סיי גרופ אס.דה א,HN,צ'יפס חטיף ירקות שור,גרמים,120.00,100 גרם,false,,13.90,0.1158,true,1,216590
7290111353482,false,מקלות חמוצים ממולאות בטעמי פירות יוגטה 200 גרם,סאדאט,TR,יוגטה סוכריות חמוצות,גרמים,200.00,100 גרם,false,,7.90,0.0395,true,1,217119
7290111353567,false,ממרח שקדים טבעי קליית גת 300 גרם,J&G קיסריה,IL,ממרח שקדים טבעי 300,גרמים,300.00,100 גרם,false,,31.90,0.1063,true,1,216648
7290111564239,false,שלגוני קראנץ' Crunch בטעם וניל - 5 יח',גלידות נסטלה )נגה גלידות,IL,מאגדת שלגונים מיני ק,גרמים,275.00,100 גרם,false,,27.50,0.1000,true,1,200853
7290111564277,false,פריכיות דקות ונימוחות 3 דגנים פיטנס Fitness,פרח תעשיות בעמ,IL,פיטנס פריכיות 3 דגני,גרמים,120.00,100 גרם,false,,10.90,0.0908,true,1,198666
7290111564291,false,פריכיות דקות ונימוחות 3 דגנים וקינואה פיטנס Fitness,פרח תעשיות בעמ,IL,פיטנס פריכיות דקות ע,גרמים,120.00,100 גרם,false,,10.90,0.0908,true,1,198667
7290111564666,false,כדורי בשר צמחוניים עם המון חלבון,עיצובים 2020 (4.8),IL,טבעול כדורי בשר מהצו,גרמים,500.00,100 גרם,false,,31.00,0.0620,true,1,200777
7290111564727,false,עוגיות אסם קרמוגית וקרם אגוזים אסם 200ג',מיוצר עי קונדיטוריית,IL,קרמוגית במילוי אגוזי,גרמים,200.00,100 גרם,false,,11.50,0.0575,true,1,200471
7290111564956,false,"ביסלי במבה מיקס 200 גרם ""אסם""",פרו מן יו פתרונות אריזה,IL,חטיף ביסלי במבה 200,גרמים,200.00,100 גרם,false,,9.70,0.0485,false,1,202064
7290111565038,false,"לה קרמריה וניל קוקילידה בד""צ 1.4 ל'",גלידות נסטלה )נגה גלידות,IL,גלידת קרמריה וניל קו,יחידה,0.00,יחידה,false,,22.90,0.0000,false,1,202206
7290111566127,false,מעדן אוראו קפוא בטעם וניל עם עוגיות בטעם שוקולד,ג'נרל מילס סאן אדריא,IT,מאגדת שלגונים אוראו,גרמים,198.00,100 גרם,false,,21.90,0.1106,true,1,200879
7290111566240,false,שניצל דק מן הצומח בטעם צ'ילי חריף 700 גרם,עיצובים 2020 (4.8),IL,שניצל דק בטעם צ'ילי,גרמים,564.00,100 גרם,false,,31.00,0.0550,true,1,201352
7290111566271,false,חטיפי תירס טבעול 657 גרם,עיצובים 2020 (4.8),IL,טבעול חטיפי תירס 657,גרמים,657.00,100 גרם,false,,28.90,0.0440,false,1,200866
7290111566318,false,שניצל דק מן הצומח בטעם ביתי 700 גרם,עיצובים 2020 (4.8),IL,טבעול שניצל דק מהצומ,גרמים,564.00,100 גרם,false,,31.00,0.0550,true,1,201494
7290111566332,false,"נקניקיות וינר מן הצומח 680 גרם ""טבעול""",עיצובים 2020 (4.8),IL,טבעול נקנקיות וינר צ,גרמים,680.00,100 גרם,false,,31.00,0.0456,true,1,200774
7290111566417,false,טבעול טחון מן הצומח משופר 400 גרם,עיצובים 2020 (4.8),IL,טבעול טחון צמחוני,גרמים,500.00,100 גרם,false,,29.90,0.0598,false,1,201710
7290111566547,false,טבעול חזה בגריל צמחוני 99 קלוריות 560ג',עיצובים 2020 (4.8),IL,חזה בגריל צמחוני טבע,גרמים,560.00,100 גרם,false,,31.00,0.0554,true,1,201067
7290111566561,false,"שניצל ברוקולי 99 קלוריות 560 גר' ""טבעול""",עיצובים 2020 (4.8),IL,טבעול שניצל ברוקולי,גרמים,560.00,100 גרם,false,,31.00,0.0554,true,1,201068
7290111566585,false,"שניצל צמחוני 99 קלוריות 650 גר' ""טבעול""",עיצובים 2020 (4.8),IL,טבעול שניצל צמחוני 9,גרמים,650.00,100 גרם,false,,31.00,0.0477,true,1,201069
7290111566660,false,קציצות עדשים כתומות טבעול 530 גרם,עיצובים 2020 (4.8),IL,טבעול קציצות עדשים כ,גרמים,530.00,100 גרם,false,,31.00,0.0585,true,1,201963
7290111566691,false,"שניצל תרד 99 קלוריות 560 גרם ""טבעול""",עיצובים 2020 (4.8),IL,טבעול שניצל תרד 99 ק,גרמים,560.00,100 גרם,false,,31.00,0.0554,true,1,201070
7290111566714,false,טבעול המבורגר צמחוני 99 קלוריות 600 גרם,עיצובים 2020 (4.8),IL,טבעול המבורגר צמחוני,גרמים,600.00,100 גרם,false,,31.00,0.0517,true,1,201071
7290111566752,false,טבעול שניצל תירס 99 קלוריות 693 גרם,עיצובים 2020 (4.8),IL,טבעול שניצל תירס 99,גרמים,693.00,100 גרם,false,,31.00,0.0447,true,1,201072
7290111566776,false,"נקניקיות קוקטייל מן הצומח 680 גרם ""טבעול""",עיצובים 2020 (4.8),IL,טבעול נקנקיות קוקטיי,גרמים,680.00,100 גרם,false,,31.00,0.0456,true,1,200775
7290111568206,false,"מיקס ביסלי, אפרופו ופיצוחים מתובלים",פרו מן יו פתרונות אר,IL,ביסלי פארטי מיקס,גרמים,150.00,100 גרם,false,,9.00,0.0600,false,1,202483
7290111568251,false,אטריות נודלס להקפצה אסם אסייתי 350 גר',תאי פרזידנטפוד,TH,נודלס אטריות להקפצה,גרמים,350.00,100 גרם,false,,9.90,0.0283,true,1,202564
7290111568466,false,רוטב אסייתי למוקפץ הסדרה האסייתית,אסיף תעשיות מזון בעמ,IL,רוטב אסייתי למוקפץ 2,מיליליטרים,290.00,"100 מ""ל",false,,13.90,0.0479,true,1,202640
7290111568961,false,בייגלה טבעות מלח אסם 400 גרם,אסם,IL,בייגלה טבעות מלח אסם,גרמים,400.00,100 גרם,false,,11.00,0.0275,true,1,203010
7290111663253,false,תבנית מאפינס אלומיניום,תבניכל,CN,תבנית מאפינס אלומיני,יחידה,0.00,יחידה,false,,8.50,0.0000,true,1,260818
7290111664397,false,נר ביצה זהב,,,נר ביצה זהב,יחידה,0.00,יחידה,false,,12.90,0.0000,true,1,217078
7290111664403,false,נר ביצה כסף,,,נר ביצה כסף,יחידה,0.00,יחידה,false,,12.90,0.0000,true,1,217079
7290111664441,false,כוסות יין פסים עם רגל 8,,CN,כוסות יין קטנות פסים,יחידה,0.00,יחידה,false,,11.90,0.0000,true,1,217070
7290111665202,false,מפה בגליל 45 מטר,,,מפה בגליל 45 מטר,יחידה,0.00,יחידה,false,,29.90,0.0000,true,1,263321
7290111665790,false,קערה גדולה מייפל לבן,,,קערה גדולה מייפל לבן,יחידה,0.00,יחידה,false,,6.90,0.0000,true,1,260723
7290111666490,false,כוסות שמפניה עם רגל 8 יח,,CN,כוסות שמפניה חד פעמי,יחידה,0.00,יחידה,false,,18.90,0.0000,true,1,260681
7290111667145,false,כוס שמפניה+רגל ניצוצ,,,כוס שמפניה+רגל ניצוצ,יחידה,0.00,יחידה,false,,14.90,0.0000,true,1,260554
7290111668869,false,כוסות נייר קומיקס 40,,,כוסות נייר קומיקס 40,יחידה,0.00,יחידה,false,,6.90,0.0000,true,1,262614
7290111873607,false,כוס במבוק כח פי ג'יי יח,,CN,כוס במבוק כח פי ג'יי,יחידה,0.00,יחידה,false,,7.90,0.0000,true,1,207655
7290111873621,false,צלחת במבוק כח פי ג'יי '9,,CN,צלחת במבוק כח פי גיי,יחידה,0.00,יחידה,false,,12.90,0.0000,true,1,207623
7290111930898,false,חטיף פוף כוכבים גריל אמריקאי 40 גרם,פוף POOF,IL,פוף כוכבים גריל אמרי,יחידה,0.00,יחידה,false,,3.90,0.0000,true,1,200001
7290111930904,false,חטיף פוף כוכבים בצל 40 גרם,פוף POOF,IL,פוף כוכבים 40 גרם,יחידה,0.00,יחידה,false,,3.90,0.0000,true,1,199999
7290111930911,false,חטיף פוף לבבות קלאסי 40 גרם,פוף POOF,IL,פוף לבבות קלאסי 40 ג,יחידה,0.00,יחידה,false,,3.90,0.0000,true,1,200000
7290111930928,false,חטיף פוף לבבות גריל 40 גרם,פוף POOF,IL,פוף כוכבים גריל 40 ג,יחידה,0.00,יחידה,false,,3.90,0.0000,true,1,200002
7290111930935,false,חטיף פוף טבעות קלאסי 40 גרם,פוף POOF,IL,פוף טבעות קלאסי 40 ג,יחידה,0.00,יחידה,false,,3.90,0.0000,true,1,200003
7290111932502,false,"משחת שיניים קולגייט אופטיק וייט אקספרט וויט 75 מ""ל",קולגייט Colgate,MX,קולגייט משחת אופטיק,מיליליטרים,75.00,"100 מ""ל",false,,25.90,0.3453,true,1,203946
7290111933462,false,"רוטב צ'ילי מתוק מאסטר שף 300 מ""ל","סיטי פוד בע""מ",TH,רוטב צ'ילי מתוק מאסט,מיליליטרים,300.00,"100 מ""ל",false,,7.90,0.0263,true,1,201965
7290111933554,false,שלישייה עגבניות קוביות מאסטר שף 400 גרם,קונסוריזיו קאסאלסקו,IT,מאסטר שף עגבניות קוב,קילוגרמים,1.20,"ק""ג",false,,15.90,13.2500,true,1,204279
7290111933561,false,מאסטר שף תערובת ציפוי נגטס 250 גרם,טסט וסנט קו.לטד,TH,תערובת ציפוי נאגטס,גרמים,250.00,100 גרם,false,,7.90,0.0316,true,1,207979
7290111933998,false,תבנית קוקי אינגליש עם נייר אפייה 4 יח,קוקי,CN,קוקי תבנית אינגליש ק,יחידה,0.00,יחידה,false,,9.90,0.0000,true,1,206324
7290111934827,false,"סבון ידיים משאבה פלמוליב היגיינה 300 מ""ל",פלמוליב Palmolive,TR,פלמוליב סבון ידיים ה,מיליליטרים,300.00,"100 מ""ל",false,,10.90,0.0363,true,1,206371
7290111935800,false,ליידי ספיד סטיק דרמה סטיק ויטמנין אי 45 גר',ליידי ספיד סטיק Lady Speed Stick,US,ליידי ספיד סטיק דרמה,יחידה,0.00,יחידה,false,,19.90,0.0000,true,1,207448
7290111935992,false,אטריות להקפצה מאסטר שף 350 גרם,לינגהאנג פוד,CN,מאסטר שף אטריות להקפ,גרמים,350.00,100 גרם,false,,7.90,0.0226,true,1,210171
7290111936265,false,"ספיד סטיק ספריי גוף קול לייף 140 מ""ל",קולגייט פלמוליב,MX,ספיד סטיק ספריי גוף,מיליליטרים,140.00,"100 מ""ל",false,,14.90,0.1064,true,1,206891
7290111936296,false,"פלמוליב סבון נוזלי בניחוח סנסיישן מסאז' ,750 מ""ל",קולגייט פלמוליב,TR,פלמוליב ארומה סנסייש,מיליליטרים,750.00,"100 מ""ל",false,,19.90,0.0265,true,1,206977
7290111936784,false,פרי מארז חטיפים 5 יחידות תמרים ואגוזי לוז כשלפ,"טבעית מוצרים מהטבע בע""\מ",IL,חטיפי פרי תמרים ואגו,גרמים,125.00,100 גרם,false,,16.50,0.1320,true,1,206465
7290111937231,false,פרי מארז חטיפים 5 יחידות תמרים וקוקוס כשלפ,"טבעית מוצרים מהטבע בע""\מ",IL,חטיפי פרי תמרים וקוק,גרמים,125.00,100 גרם,false,,16.50,0.1320,true,1,206466
7290111937248,false,פרי מארז חטיפים 5 יחידות תמרים קשיו ונגיעות לוז כשלפ,"טבעית מוצרים מהטבע בע""\מ",IL,חטיפי פרי תמרים קשיו,גרמים,125.00,100 גרם,false,,16.50,0.1320,true,1,206467
7290111937255,false,פרי מארז חטיפים 5 יחידות תמרים בוטנים ואגוזי לוז כשלפ,"טבעית מוצרים מהטבע בע""\מ",IL,חטיף פרי תמרים בוטנ,גרמים,125.00,100 גרם,false,,16.50,0.1320,true,1,206468
7290111938481,false,"רוטב סויה בהירה מאסטר שף 300 מ""ל",מאסטר שף,TH,מאסטר שף רוטב סויה ב,מיליליטרים,300.00,"100 מ""ל",false,,8.90,0.0297,true,1,213035
7290111939136,false,קוקי נייר אפייה עגול קוטר 26,קוקי,IL,קוקי נייר אפייה עגול,יחידה,0.00,יחידה,false,,7.90,0.0000,true,1,210738
7290111939143,false,קוקי נייר אפייה עגול קוטר 28,,IL,קוקי נייר אפייה עגול,יחידה,0.00,יחידה,false,,7.90,0.0000,true,1,210739
7290111939174,false,קוקי ניילון נצמד עם גומי מידה לארג,קוקי,CN,קוקי ניילון נצמד עם,יחידה,0.00,יחידה,false,,9.90,0.0000,true,1,210740
7290111939181,false,קוקי כיסוי ניילון עם גומי מיקס מידות,שסטוביץ,CN,קוקי ניילון נצמד עם,יחידה,0.00,יחידה,false,,9.90,0.0000,true,1,210741
7290111970504,false,תחתית לסיר סיליקון מרובע,,IL,תחתית סיליקון,יחידה,0.00,יחידה,false,,16.90,0.0000,true,1,213186
7290111970511,false,תחתית לסיר סיליקון עגול,,IL,תחתית סיליקון,יחידה,0.00,יחידה,false,,16.90,0.0000,true,1,201281
7290111976025,false,קרש במבוק קטן,,,קרש במבוק קטן,יחידה,0.00,יחידה,false,,19.90,0.0000,true,1,212364
7290112000286,false,"גל לניקוי אסלות סיליט באנג לימון 750 מ""ל",סיליט באנג Cillit Bang,PL,סיליט ג'ל אסלות לימו,מיליליטרים,750.00,"100 מ""ל",false,,9.90,0.0132,true,1,200633
7290112000293,false,"גל לניקוי אסלות סיליט באנג מרענן 750 מ""ל",סיליט באנג Cillit Bang,PL,סיליט ג'ל אסלות פרש,מיליליטרים,750.00,"100 מ""ל",false,,9.90,0.0132,true,1,200634
7290112000392,false,מנקה ומחטא עוצמתי לחדר האמבטיה ללא אקונומיקה,רקיט בנקיזר,PL,דטול תרסיס לאמבטיה 7,יחידה,0.00,יחידה,false,,14.90,0.0000,true,1,204098
7290112000798,false,"דיטול תרסיסי חיטוי וניקוי אנטי בקטריאלי 750 מ""ל",רקיט בנקיזר,US,דטול תרסיס חיטוי וני,יחידה,0.00,יחידה,false,,14.90,0.0000,true,1,204100
7290112000828,false,דטול - מגבונים חיטוי וניקוי אנטי בקטריאלי 60 יח',רקיט בנקיזר,PL,דטול מגבונים חיטוי ו,יחידה,0.00,יחידה,false,,14.90,0.0000,true,1,204101
7290112000842,false,דטול מגבונים לניקוי כללי בניחות לימון 60 יח',רקיט בנקיזר,PL,דטול מגבונים לניקוי,יחידה,0.00,יחידה,false,,14.90,0.0000,true,1,204102
7290112000873,false,מטליות לחות לחדר האמבטיה מנקה ומחטא עוצמתי,רקיט בנקיזר,US,דטול מגבונים לאמבטיה,יחידה,0.00,יחידה,false,,14.90,0.0000,true,1,204103
7290112000880,false,מטליות לחות למטבח מנקה ומחטא עוצמתי,רקיט בנקיזר,PL,דטול מגבונים למטבח 6,יחידה,0.00,יחידה,false,,14.90,0.0000,true,1,204104
7290112001221,false,מנקה מכונת כביסה בניחוח נקי ורענן,רקיט בנקיזר,PT,קולון מנקה מכונת כבי,מיליליטרים,250.00,"100 מ""ל",false,,19.90,0.0796,true,1,204771
7290112001238,false,"מנקה מכונת כביסה קולון לימון 250 מ""ל",רקיט בנקיזר,ES,קולון מנקה מכונת כבי,מיליליטרים,250.00,"100 מ""ל",false,,19.90,0.0796,true,1,204772
7290112001436,false,"פיניש מנקה מדיח כלים בניחוח לימון 250 מ""ל",רקיט בנקיזר,PL,פיניש מנקה מדיח בניח,יחידה,0.00,יחידה,false,,14.90,0.0000,true,1,210440
7290112001870,false,"סיליט באנג ספריי ניקוי אמבטיה 750 מ""ל",רקיט בנקיזר,PL,סיליט טריגר אמבטיה,מיליליטרים,750.00,"100 מ""ל",false,,12.90,0.0172,true,1,209617
7290112001900,false,פיניש ג'ל למדיח אקולוגי 1 ליטר,רקיט בנקיזר,PL,פיניש ג'ל 1 ליטר אקו,ליטרים,1.00,ליטר,false,,42.90,42.9000,true,1,209290
7290112002044,false,טבליות פיניש מנקה מדיח 3 יח,רקיט בנקיזר,HU,פיניש טבליות לניקוי,גרמים,51.00,100 גרם,false,,14.90,0.2922,true,1,209292
7290112002105,false,קולון גל כביסה מרוכז 2.5 ליטר ניחוח לילך,רקיט בנקיזר,IL,קולון ג'ל כביסה מרוכ,ליטרים,2.50,ליטר,false,,24.90,9.9600,true,1,209176
7290112002112,false,ג'ל כביסה קולון בניחוח ורדים 2.5 ליטר,רקיט בנקיזר,IL,קולון ג'ל כביסה 2.5,ליטרים,2.50,ליטר,false,,24.90,9.9600,true,1,209177
7290112002129,false,ג'ל כביסה מרוכז קולון 101 בניחוח פריחה מרענן,רקיט בנקיזר,IL,קולון ג'ל כביסה 2.5,ליטרים,2.50,ליטר,false,,24.90,9.9600,true,1,209178
7290112002150,false,ג'ל כביסה מרוכז קולון 101 בניחוח מאסק,רקיט בנקיזר,IL,קולון ג'ל כביסה 4 לי,ליטרים,4.00,ליטר,false,,34.90,8.7250,true,1,209170
7290112002167,false,קולון ג'ל כביסה בניחוח פריחה מרענן ירוק 4 ליטר,רקיט בנקיזר,IL,קולון ג'ל כביסה 4 לי,ליטרים,4.00,ליטר,false,,34.90,8.7250,true,1,209174
7290112002235,false,פחית גל אירוויק בניחוח ורדים 70 גר,רקיט בנקיזר,CN,איירוויק פחית ג'ל ור,גרמים,70.00,100 גרם,false,,9.90,0.1414,true,1,209281
7290112002457,false,דטול - שלישיית מגבונים לניקוי וחיטוי בניחוח לימון,רקיט בנקיזר,PL,דטול מגבונים חיטוי ו,יחידה,0.00,יחידה,false,,24.90,0.0000,true,1,215540
7290112003140,false,"אירוויק ספרי אוטמטי מילוי מנגו מרענן 250 מ""ל",RECKITT BENCKISER UK,GB,אירוויק פרשמטיק מילו,מיליליטרים,250.00,"100 מ""ל",false,,14.90,0.0596,true,1,213756
7290112003843,false,"קלגון גל אנטי בקטריאלי 750 מ""ל",רקיט בנקיזר,IT,קלגון ג'ל אנטיבקטריא,מיליליטרים,750.00,"100 מ""ל",false,,29.90,0.0399,true,1,218041
7290112004185,false,"פיניש נוזל הברקה אקולוגי למדיח 400 מ""ל",רקיט בנקיזר,PL,פיניש נוזל הברקה למד,מיליליטרים,400.00,"100 מ""ל",false,,14.90,0.0373,true,1,260971
7290112004192,false,פיניש טבליות אקולוגי 70יח 1 ALL IN,רקיט בנקיזר,PL,פיניש טבליות למדיח א,יחידה,0.00,יחידה,false,,54.90,0.0000,true,1,260972
7290112004208,false,פיניש טבליות למדיח הכל ב 1 לימון 50 יחידות,רקיט בנקיזר,PL,פיניש טבליות למדיח ל,יחידה,0.00,יחידה,false,,39.90,0.0000,true,1,260973
7290112004314,false,"דטול - תרסיס חיטוי וניקוי בניחוח לימון רימונים 750 מ""ל",רקיט בנקיזר,PL,דטול תרסיס מנקה ומחט,מיליליטרים,750.00,"100 מ""ל",false,,14.90,0.0199,true,1,219730
7290112004321,false,מגבונים לניקוי כללי בניחוח רימונים וליים 60 יח' דטול,רקיט בנקיזר,PL,דטול מטליות לחות לני,יחידה,0.00,יחידה,false,,14.90,0.0000,true,1,219731
7290112004413,false,"ספריי וניש קליה להסרת כתמים לבגדים לבנים 750 מ""ל",רקיט בנקיזר,PL,וניש ספריי הסרת כתמי,מיליליטרים,750.00,"100 מ""ל",false,,16.90,0.0225,true,1,263907
7290112004611,false,"וניש קליה ג'ל מרוכז לטיפול נקודתי בכתמים 200 מ""ל",רקיט בנקיזר,PT,ווניש פאואר ג'ל 200,מיליליטרים,200.00,"100 מ""ל",false,,16.90,0.0845,true,1,262730
7290112004703,false,ג'ל וניש שקוף לכביסה צבעונית ועדינה 750מל',רקיט בנקיזר,IT,וניש ג'ליסימו ורוד 7,מיליליטרים,750.00,"100 מ""ל",false,,19.90,0.0265,true,1,266261
7290112004710,false,"ג'ל וניש שקוף לכביסה לבנה ועדינה 750 מ""ל",רקיט בנקיזר,IT,וניש ג'ליסימו לבן 75,מיליליטרים,750.00,"100 מ""ל",false,,19.90,0.0265,true,1,266262
7290112004963,false,"פיניש אולטימייט קפסולות לניקוי כלים במדיח, 25 יחידות",רקיט בנקיזר,PL,פיניש אולטימייט 25 ט,יחידה,0.00,יחידה,false,,39.90,0.0000,true,1,265331
7290112004970,false,פיניש אולטימייט קוואנטום 50 טבליות למדיח,רקיט בנקיזר,IL,פיניש אולטימייט 50 י,יחידה,0.00,יחידה,false,,54.90,0.0000,true,1,265291
7290112005045,false,וניש תוסף כביסה רב תכליתי לבגדים לבנים,קליה וניש Kalia Vanish,IT,וניש אבקה לכביסה לבנ,גרמים,480.00,100 גרם,false,,16.90,0.0352,true,1,265003
7290112005052,false,וניש תוסף כביסה רב תכליתי לבגדים לבנים,קליה וניש Kalia Vanish,IT,וניש אבקה לכביסה לבנ,גרמים,1500.00,100 גרם,false,,39.90,0.0266,true,1,264917
7290112005076,false,וניש תוסף כביסה רב תכליתי לכביסה צבעונית,קליה וניש Kalia Vanish,IT,וניש אבקה לכביסה צבע,גרמים,480.00,100 גרם,false,,16.90,0.0352,true,1,265004
7290112005083,false,וניש תוסף כביסה רב תכליתי לכביסה צבעונית,קליה וניש Kalia Vanish,IT,וניש אבקה לכביסה צבע,גרמים,1500.00,100 גרם,false,,39.90,0.0266,true,1,265002
7290112005168,false,פיניש אולטימייט קוואנטום לימון 60 טבליות למדיח,רקיט בנקיזר,PL,פיניש קוואנטום לימון,יחידה,0.00,יחידה,false,,59.90,0.0000,true,1,265141
7290112192158,false,"ניוקי תפו""א 500 גרם ללא גלוטן",,IT,"ניוקי תפו""א ללא גלוט",גרמים,500.00,100 גרם,false,,11.90,0.0238,true,1,207969
7290112192509,false,פירורי לחם ללא גלוטן 250 גר GFREE,אשבל מזון פונקציונלי,IL,פרורי לחם 250 גר' GF,גרמים,250.00,100 גרם,false,,18.90,0.0756,true,1,205786
7290112192561,false,"משחת שיניים פרודונטקס הגנה מלאה מרעננת הלבנה 75 מ""ל",ג'י.אס.קיי קונסיומר,IE,פרדונטקס משחה הגנה מ,מיליליטרים,75.00,"100 מ""ל",false,,32.90,0.4387,true,1,209388
7290112192578,false,משחת שיניים פרודונטקס אקסטרה פרש הגנה מלאה,ג'י.אס.קיי קונסיומר,IE,פרדונטקס משחת שיניים,מיליליטרים,75.00,"100 מ""ל",false,,32.90,0.4387,true,1,209389
7290112192875,false,"סנסודיין - משחת שיניים רגישות וחניכיים 75 מ""ל",סנסודיין Sensodyne,GB,משחת שיניים סנסודיין,יחידה,0.00,יחידה,false,,32.90,0.0000,true,1,210416
7290112192882,false,"סנסודיין - משחת שיניים רגישות וחניכיים מלבינה 75 מ""ל",ג'י.אס.קיי קונסיומר,GB,משחת שיניים סנסודיין,יחידה,0.00,יחידה,false,,32.90,0.0000,true,1,210417
7290112194251,false,איטריות ביצים קונכיות 400 ג',פ.פ.ה טאביט,PL,אטריות ביצים קונכיות,גרמים,400.00,100 גרם,false,,12.90,0.0323,true,1,213207
7290112196514,false,חטיפי קרקר כוסמין 180 גר,,,חטיפי קרקר כוסמין 18,גרמים,180.00,100 גרם,false,,9.90,0.0550,true,1,219291
7290112196521,false,חטיפי קרקר כוסמין שומשום,,,חטיפי קרקר כוסמין שו,גרמים,180.00,100 גרם,false,,9.90,0.0550,true,1,219341
7290112196774,false,ביסקוויט כוסמין חצי מצופה 175 גרם,,,ביסקוויט מקמח כוסמין,גרמים,175.00,100 גרם,false,,11.90,0.0680,true,1,261778
7290112197054,false,בארון - כדורי אנרגיה עם תמרים קשיו חמוציות ואסאי 100 גרם,,,כדורי אנרגיה עם תמרי,גרמים,100.00,100 גרם,false,,19.90,0.1990,true,1,264187
7290112197061,false,"סטייל - תחליב רחצה לניקוי וטיפוח הידיים ארגן 500 מ""ל",רנקסאן פלסטיק יאנגר,TR,תחליב רחצה לניקוי וט,מיליליטרים,500.00,"100 מ""ל",false,,12.90,0.0258,true,1,263550
7290112197184,false,דגני בוקר במילוי קרם קרמל מלוח ללא גלוטן 375 ג' G FREE,נטורל קייקס,IL,דגני בוקר במילוי קרם,גרמים,375.00,100 גרם,false,,21.90,0.0584,true,1,265887
7290112197207,false,מיני כריות בציפוי שוקולד חלב 70 גר,נטורל קייקס,IL,מיני כריות בציפוי שו,גרמים,65.00,100 גרם,false,,8.50,0.1308,true,1,265965
7290112197443,false,טרו שוקולד חלב מופחת,אימפריאל,PT,טרו שוקולד חלב 100 ג,גרמים,100.00,100 גרם,false,,12.90,0.1290,true,1,266596
7290112197467,false,טרו שוקולד מריר 100 גרם,אימפריאל,PT,טרו שוקולד מריר 100,גרמים,100.00,100 גרם,false,,12.90,0.1290,true,1,266598
7290112197474,false,טרו שוקולד מריר+אגוזים 100 גר,אימפריאל,PT,טרו שוקולד מריר+אגוז,גרמים,100.00,100 גרם,false,,12.90,0.1290,true,1,266599
7290112197481,false,טרו שוקולד מריר+מלח 100 גר,אימפריאל,PT,טרו שוקולד מריר+מלח,גרמים,100.00,100 גרם,false,,12.90,0.1290,true,1,266600
7290112330352,false,"יוגורט PRO בטעם וניל 0% , 20 גרם חלבון בגביע","שטראוס בריאות בע""\מ",IL,דנונה פרו 20 גר וניל,גרמים,200.00,100 גרם,false,,6.20,0.0310,false,1,207107
7290112330390,false,דנונה פרו פירות יער 20 גרם חלבון 0% שומן 200 גרם,"שטראוס בריאות בע""\מ",IL,דנונה פרו 20 גר פירו,גרמים,200.00,100 גרם,false,,6.20,0.0310,false,1,207104
7290112330420,false,דנונה פרו לבן 2.9% שומן 150 גרם,מיוצר עי קונדיטוריית,IL,דנונה פרו לבן 2.9% ש,גרמים,150.00,100 גרם,false,,4.70,0.0313,true,1,205597
7290112332585,false,פריכיות משולש תפוא אורז בתיבול סלק ומלח ים אנרג'י 30 גרם,"פרח תעשיו מזון בע""מ",IL,"פריכיות תפו""א אורז ב",גרמים,30.00,100 גרם,false,,5.80,0.1933,true,1,207295
7290112332691,false,פינוקיות עוגיות קרם פסק זמן אגוזים 200 גרם,"הגביע מוצרי וופלים בע""\מ",IL,עוגיית קרם פסק זמן א,גרמים,200.00,100 גרם,false,,11.50,0.0575,true,1,208040
7290112334305,false,סלט כרובית בטחינה אחלה 330 ג',"שטראוס גרופ בע""\מ",IL,סלט כרובית בטחינה,גרמים,330.00,100 גרם,false,,15.90,0.0482,true,1,205203
7290112334749,false,קפה טורקי בצלופן עלית 200 גרם+ 10% תוספת,שטראוס קפה בי.וי,IL,קפה טורקי עלית 200 ג,גרמים,220.00,100 גרם,false,,14.90,0.0677,false,1,262070
7290112335487,false,הפריכיות הטעימות קצח ודגנים אנרג'י 135 גרם,"פרח תעשיות מזון בע""\מ",IL,הפריכיות הטעימות קצח,גרמים,135.00,100 גרם,false,,13.50,0.1000,true,1,207138
7290112335494,false,הפריכיות הטעימות תפוחי אדמה בטעם פוטטוס,"פרח תעשיות מזון בע""\מ",IL,הפריכיות הטעימות פוט,גרמים,135.00,100 גרם,false,,13.50,0.1000,true,1,207139
7290112335500,false,"פרכיות אנרג'י חומוס,אורז,עדשים שחורות וקינואה 135 גרם","פרח תעשיות מזון בע""\מ",IL,הפריכיות הטעימות חלב,גרמים,135.00,100 גרם,false,,13.50,0.1000,true,1,207140
7290112336637,false,סוכריות מאסט Must ללא סוכר יוגורט תות ואוכניות,שטראוס גרופ,PL,סוכריות יוגורט תות א,גרמים,80.00,100 גרם,false,,8.50,0.1063,false,1,208998
7290112336644,false,סוכריות מאסט ללא סוכר לימון 80 ג' עלית,שטראוס גרופ,PL,סוכריות לימון ללא סו,גרמים,80.00,100 גרם,false,,8.50,0.1063,false,1,208999
7290112336651,false,סוכריות מאסט ללא סוכר ריבת חלב 80 ג' עלית,שטראוס גרופ,PL,סוכריות ריבת חלב ללא,גרמים,80.00,100 גרם,false,,8.50,0.1063,false,1,209000
7290112336712,false,יוגורט PRO לבן 0% 21 גרם חלבון בגביע,"שטראוס בריאות בע""מ",IL,דנונה פרו 21 0%,גרמים,200.00,100 גרם,false,,6.20,0.0310,false,1,205709
7290112337474,false,סוכריות מאסט ללא סוכר פטל לימון 80 ג' עלית,שטראוס גרופ,PL,סוכריות פטל לימון לל,גרמים,80.00,100 גרם,false,,8.50,0.1063,false,1,209001
7290112337481,false,סוכריות מאסט ללא סוכר קפצ''ינו 80 ג' עלית,שטראוס גרופ,PL,סוכריות קפוצ'ינו ללא,גרמים,80.00,100 גרם,false,,8.50,0.1063,false,1,209002
7290112338877,false,מעדן גבינה בטעם תות 3% 125ג' סקי,"שטראוס בריאות בע""\מ",IL,סקי תות,גרמים,125.00,100 גרם,false,,3.90,0.0312,false,1,205190
7290112339171,false,מילקי מוס עם שוקולד וקצפת,מיוצר עי קונדיטוריית,IL,מילקי מוס,גרמים,81.00,100 גרם,false,,3.40,0.0420,false,1,205199
7290112339362,false,דנונה לייט אנד פריי בטעם קפוצ'ינו 150 גרם,"שטראוס בריאות בע""\מ",IL,דנונה לייט אנד פריי,גרמים,150.00,100 גרם,false,,4.60,0.0307,true,1,209479
7290112339867,false,גמדים לדרך גבינה לבנה עם מחית תות,"שטראוס בריאות בע""\מ",IL,גמדים סקוויז בודד תו,גרמים,100.00,100 גרם,false,,5.70,0.0570,true,1,206734
7290112339874,false,גמדים לדרך גבינה לבנה עם מחיות תות ובננה,"שטראוס בריאות בע""\מ",IL,גמדים סקוויז בודד תו,גרמים,100.00,100 גרם,false,,5.70,0.0570,true,1,206735
7290112340122,false,הפריכיות הטעימות 3 דגנים אנרג'י 135 גרם,"פרח תעשיות מזון בע""\מ",IL,הפריכיות הטעימות 3 ד,גרמים,135.00,100 גרם,false,,13.50,0.1000,true,1,207142
7290112340245,false,צנצנת מסטיק מאסט בטעם דובדבן 66 ג' עלית,"שטראוס גרופ בע""\מ",IL,צנצנת מאסט בטעם דובד,גרמים,66.00,100 גרם,false,,9.90,0.1500,true,1,206183
7290112340252,false,צנצנת מסטיק מאסט בטעם אבטיח מלון 66 ג' עלית,"שטראוס גרופ בע""\מ",IL,צנצנת מאסט בטעם אבטי,גרמים,66.00,100 גרם,false,,9.90,0.1500,true,1,206184
7290112340276,false,פינוקיות עוגיות קרם קפה 200 גרם,"הגביע מוצרי וופלים בע""\מ",IL,עוגיות קרם קפה נמס,גרמים,200.00,100 גרם,false,,11.50,0.0575,true,1,208046
7290112340900,false,קפה טורקי האג נטול קפאין 200 גרם,הנסיך- מפעל לייצור ט,IL,קפה טורקי האג,גרמים,200.00,100 גרם,false,,25.90,0.1295,true,1,214211
7290112341006,false,מארז מילקי קצפת כפיות שוקולד 176 גרם,"שטראוס גרופ בע""\מ",IL,מארז מילקי קצפת כפיו,גרמים,172.00,100 גרם,false,,8.30,0.0483,true,1,206366
7290112341556,false,יוגורט אקטיביה עם צ'יה ותות 150 גרם,"שטראוס בריאות בע""\מ",IL,אקטיביה עם צ'יה ותות,גרמים,150.00,100 גרם,false,,4.80,0.0320,true,1,209209
7290112341679,false,דנונה אקטיביה 3% שומן 200 גרם,מיוצר עי קונדיטוריית,IL,אקטיביה 3%,גרמים,200.00,100 גרם,false,,3.90,0.0195,false,1,208981
7290112341686,false,שמינייה יוגורט לבן אקטיביה 3% דנונה 150 גרם.,מיוצר עי קונדיטוריית,IL,מארז אקטיביה 3%,גרמים,1200.00,100 גרם,false,,20.90,0.0174,true,1,208982
7290112342102,false,סימפוניה גבינה במרקם שמנת בצל מקורמל 5%,"שטראוס בריאות בע""\מ",IL,סימפוניה בצל מקורמל,גרמים,200.00,100 גרם,false,,11.20,0.0560,true,1,210405
7290112342270,false,קפה פלטינום אינטנס מחוזק ב- 10% אספרסו,שטראוס קפה בי.וי,IL,קפה פלטיניום אינטנס,גרמים,125.00,100 גרם,false,,18.90,0.1512,false,1,209093
7290112342515,false,דוריטוס צ'יזי טוויסט 55 גרם,STRAUSS-ISRAEL,IL,דוריטוס צ'יזי טוויסט,גרמים,55.00,100 גרם,false,,3.20,0.0582,true,1,210428
7290112343260,false,"יטבתה רוטב שמנת קלאסי 9% שומן 260 מ""ל",שטראוס גרופ,IL,רוטב שמנת קלאסי 260,גרמים,260.00,100 גרם,false,,11.00,0.0423,true,1,210106
7290112343406,false,שוקו ספלנדיד בבקבוק יטבתה 1 ליטר,שטראוס גרופ,IL,שוקו מריר 1 ליטר,ליטרים,1.00,ליטר,false,,12.50,12.5000,false,1,210102
7290112343413,false,"משקה שוקו ספלנדיד יטבתה 350 מ""ל",שטראוס גרופ,IL,"שוקו מריר 350 מ""ל",מיליליטרים,350.00,"100 מ""ל",false,,6.40,0.0183,true,1,210107
7290112343420,false,"משקה חלב עם דגנים מלאים ובננה פרו יטבתה 350מ""ל",מחלבת יטבתה,IL,יטבתה פרו ארוחת בוקר,מיליליטרים,350.00,"100 מ""ל",false,,7.70,0.0220,true,1,210103
7290112343499,false,חטיף צ'יטוס פאפס אפוי בטעם גבינה,"שטראוס פריטו ליי בע""\מ )",IL,צ'יטוס 55 גר' puffs,גרמים,55.00,100 גרם,false,,3.40,0.0618,true,1,260805
7290112344564,false,רביולי גבינה קלאסי שטראוס 400 ג',"שטראוס גרופ בע""\מ",IL,רביולי גבינה 400 גר',גרמים,400.00,100 גרם,false,,19.90,0.0497,true,1,209242
7290112344724,false,מעדן בטעם שוקולד בלונדי 170 ג' מילקי,מיוצר עי קונדיטוריית,IL,מילקי בטעם שוקולד בל,גרמים,133.00,100 גרם,false,,3.40,0.0256,false,1,262069
7290112344755,false,מילקי שוקולד 26% פחות סוכר 135 גרם,מיוצר עי קונדיטוריית,IL,מילקי מופחת סוכר,גרמים,135.00,100 גרם,false,,2.90,0.0215,false,1,215861
7290112344786,false,קפה פלטינום קלאסיק עלית 200 גרם,שטראוס קפה בי.וי.,IL,פלטינום קלאסיק 200 ג,גרמים,200.00,100 גרם,false,,24.90,0.1245,false,1,211058
7290112344861,false,מעדן מילקי קפוצינו ו,"שטראוס גרופ בע""\מ",IL,מילקי קפוצ'ינו,גרמים,133.00,100 גרם,false,,3.30,0.0248,true,1,219055
7290112344953,false,סימפוניה חציל קלוי גבינה במקרם שמנת 5%,"שטראוס בריאות בע""\מ",IL,סימפוניה חציל קלוי,גרמים,200.00,100 גרם,false,,11.20,0.0560,true,1,216778
7290112346360,false,בפלות אחת אחת ופל בטעם שוקולד מצופה שוקולד,הגביע מוצרי וופלים ב,GR,בפלות אחת אחת בציפוי,גרמים,180.00,100 גרם,false,,14.90,0.0828,true,1,211107
7290112346537,false,עוגיות פינוקיות בטעם טורטית 200 ג' עלית,"הגביע מוצרי ופלים בע""\מ",IL,פינוקיות בטעם טורטית,גרמים,200.00,100 גרם,false,,11.50,0.0575,true,1,210092
7290112346629,false,דנונה בר יוגורט+קורנפלקס מצופה שוקולד חלב ולבן 172 גרם,"שטראוס בריאות בע""\מ",IL,דנונה קראנצ עם קורנפ,גרמים,172.00,100 גרם,false,,4.80,0.0279,false,1,213738
7290112346681,false,דנונה משקה יוגורט בטעם פירות יער 267 גר',"שטראוס בריאות בע""\מ",IL,דנונה משקה יוגורט בט,גרמים,267.00,100 גרם,false,,5.10,0.0191,true,1,266646
7290112346773,false,יוגורט בטעם וניל 0% לייט אנד פרי 10 גרם חלבון בגביע,מיוצר עי קונדיטוריית,IL,דנונה לייט אנד פריי,גרמים,150.00,100 גרם,false,,4.60,0.0307,true,1,216508
7290112346797,false,יוגורט אקטיביה שיבולת שועל ושזיף 150 גרם,מיוצר עי קונדיטוריית,IL,אקטיביה שיבולת שועל,גרמים,150.00,100 גרם,false,,4.80,0.0320,true,1,211926
7290112346827,false,שמיניית אקטימל ויטמין C פטל 108 גרם,"שטראוס בריאות בע""\מ",IL,אקטימל ויטמין סי פטל,גרמים,864.00,100 גרם,false,,21.10,0.0244,false,1,215249
7290112347008,false,גמדים לדרך גבינה לבנה עם מחית תות ושיבולת שועל,מיוצר עי קונדיטוריית,IL,גמדים ארוחת בוקר תות,גרמים,100.00,100 גרם,false,,5.70,0.0570,true,1,210097
7290112348142,false,שעועית לבנה 380 גר' בקופסה טעם הטבע,שטראוס טעם הטבע,IT,שעועית לבנה טעם הטבע,גרמים,230.00,100 גרם,false,,6.90,0.0300,true,1,213745
7290112348616,false,עלית - קפה נמס אגוזי לוז 100 גרם,שטראוס קפה בי.וי,IL,קפה נמס אגוזי לוז,גרמים,100.00,100 גרם,false,,15.90,0.1590,false,1,214781
7290112348999,false,הפריכיות הטעימות תירס דקות אנרג'י 135 גרם,פרח תעשיות,IL,פריכיות טעימות תירס,גרמים,135.00,100 גרם,false,,13.50,0.1000,true,1,215874
7290112349606,false,מעדן גבינה ויוגורט תות בננה 88 ג' דניאלה,"שטראוס בריאות בע""\מ",IL,דניאלה תות בננה,גרמים,88.00,100 גרם,false,,4.10,0.0466,true,1,262073
7290112349637,false,מעדן גבינה בטעם ענבים 88 ג' דניאלה,"שטראוס בריאות בע""\מ",IL,דניאלה ענבים,גרמים,88.00,100 גרם,false,,4.10,0.0466,true,1,210195
7290112349705,false,פומודורו רוטב עגבניות קלאסי לפסטה יד מרדכי 350 גרם,אמיליאנה קונסרב סוסייטה,IT,פומודורו רוטב עגבניו,גרמים,350.00,100 גרם,false,,11.90,0.0340,true,1,210483
7290112349736,false,בזיליקום רוטב עגבניות לפסטה יד מרדכי 350 גרם,אמיליאנה קונסרב סוסייטה,IT,בזיליקום רוטב עגבניו,גרמים,350.00,100 גרם,false,,11.90,0.0340,true,1,210484
7290112349750,false,פיצה רוטב עגבניות לפיצה יד מרדכי 350 גרם,אמיליאנה קונסרב סוסייטה,IT,רוטב עגבניות לפיצה,גרמים,350.00,100 גרם,false,,11.90,0.0340,true,1,210486
7290112349897,false,מסטיק מאסט Must קוביות בטעם מנטה ללא סוכר,אסקום קונפקשיין,DE,מאסט קוביות מנטה,גרמים,86.00,100 גרם,false,,14.90,0.1733,true,1,211636
7290112350275,false,קפסולות LUNGO למכונת נספרסו עלית 10 יחידות,שטראוס קפה בי.וי,IL,קפסולות LUNGO למכונת,גרמים,55.00,100 גרם,false,,16.90,0.3073,false,1,211123
7290112350312,false,קפסולות 15 קפה יותר למכונות נספרסו עלית 10יח',הנסיך- מפעל לייצור ט,IL,קפסולות 15 למכונות נ,גרמים,50.00,100 גרם,false,,16.90,0.3380,false,1,211609
7290112350589,false,ציקו אבקה להכנת משקה ציקוריה 65 גר,שטראוס קפה בי.וי,IL,אבקת צ'יקו 65 גר,גרמים,65.00,100 גרם,false,,11.90,0.1831,false,1,214337
7290112351067,false,סילאן טבעי 100% תמר מג'הול ללא תוספת סוכר,יד מרדכי,IL,סילאן טבעי לחיץ 630,גרמים,630.00,100 גרם,false,,25.90,0.0411,true,1,211631
7290112351104,false,שוקולד פרה ממולא פיצפוצי אורז 100 ג' עלית,"שטראוס גרופ בע""\מ",IL,שוקולד פרה פיצפוצי א,גרמים,100.00,100 גרם,false,,6.00,0.0600,false,1,213304
7290112351128,false,שוקולד פרה סוכריות קופצות וועסטהייים,"שטראוס גרופ בע""\מ",IL,שוקולד פרה סוכריות ק,גרמים,90.00,100 גרם,false,,6.00,0.0667,true,1,212460
7290112351258,false,עוגיית קקאו פינוקיות שחור לבן 200 גר,"הגביע מוצרי ופלים בע""\מ",IL,פינוקיות שחור לבן,גרמים,200.00,100 גרם,false,,11.50,0.0575,true,1,211607
7290112351463,false,שלישיית סוכריות מאסט FRESH פטל לימון 45 ג' עלית,"הליקון גידה בע""\מ",TR,סוכריות FRESH פטל לי,גרמים,45.00,100 גרם,false,,9.90,0.2200,true,1,211637
7290112351470,false,סוכריות ללא סוכר בטעם תות רימון מאסט פרש,"הליקון גידה בע""\מ",TR,סוכריות FRESH בטעם ר,גרמים,45.00,100 גרם,false,,9.90,0.2200,true,1,211638
7290112351524,false,עלי סלנובה 200 גר' שטראוס טעם הטבע,שטראוס בריאות ירקות טריי,IL,עלי סלנובה 200 גר ש,גרמים,200.00,100 גרם,false,,11.50,0.0575,true,1,211583
7290112353887,false,"משקה קפה קר בטעם אגוזים יטבתה 230 מ""ל",אנסטל מילק kg,AT,משקה קפה קר בטעם אגו,מיליליטרים,230.00,"100 מ""ל",false,,7.80,0.0339,true,1,212192
7290112354235,false,ברקטה פיצה - 2 יחידות במארז,סקרלינפיצה אס. אר. אל. א,IT,ברקטה פיצה,גרמים,300.00,100 גרם,false,,22.90,0.0763,true,1,260796
7290112354242,false,"קונוס פיצה ""דלישס"" שטראוס",סקרלינפיצה אס. אר. אל. א,IT,קונוס פיצה דלישס,גרמים,280.00,100 גרם,false,,22.90,0.0818,true,1,260797
7290112354945,false,תפוצ'יפס WAVY בטעם טבעי 50 גרם,שטראוס פריטו ליי בע”,IL,תפוצ'יפס בטעם טבעי 5,גרמים,50.00,100 גרם,false,,3.90,0.0780,false,1,266200
7290112354952,false,תפוצ'יפס WAVY בטעם פפריקה 50 גרם,שטראוס פריטו ליי בע”,IL,תפוצ'יפס בטעם פפריקה,גרמים,50.00,100 גרם,false,,3.90,0.0780,false,1,266199
7290112354969,false,תפוצ'יפס בטעם טבעי 200 גרם היתר מכירה,שטראוס פריטו ליי בע”,IL,תפוצ'יפס טבעי 200 גר,גרמים,200.00,100 גרם,false,,11.90,0.0595,false,1,266201
7290112355027,false,דנונה פרו 20 גרם חלבון בטעם קרמל מלוח 200 גרם,"שטראוס בריאות בע""\מ",IL,דנונה פרו 20 גר קרמל,גרמים,200.00,100 גרם,false,,6.20,0.0310,false,1,215863
7290112355102,false,גמדים סקוויז 100 גרם פאוץ סלט פירות 100 גרם,"שטראוס בריאות בע""\מ",IL,גמדים פאו'ץ סלט פירו,גרמים,100.00,100 גרם,false,,5.70,0.0570,true,1,216550
7290112355393,false,"יטבתה רוטב שמנת+בטטה 9% שומן 250 מ""ל",שטראוס גרופ,IL,רוטב שמנת עם בטטה,מיליליטרים,257.00,"100 מ""ל",false,,11.00,0.0428,true,1,266134
7290112355812,false,מעדן מילקי עם טופ קורנפלקס מצופה שוקולד,"שטראוס גרופ בע""\מ",IL,מילקי טופ קורנפלקס,גרמים,141.00,100 גרם,false,,4.70,0.0333,false,1,264387
7290112355867,false,מילקי קצפת טופ פיצפוצים 86 גרם,"שטראוס גרופ בע""\מ",IL,מילקי קצפת טופ פיצפו,גרמים,86.00,100 גרם,false,,4.00,0.0465,false,1,261115
7290112357045,false,עגבניות איטלקיות מרוסקות 390 גר' בקופסה טעם הטבע,שטראוס טעם הטבע,IT,עגבניות איטלקיות מרו,גרמים,390.00,100 גרם,false,,6.90,0.0177,true,1,213748
7290112357076,false,קוביות עגבניות איטלקיות 390 גר' בקופסה טעם הטבע,שטראוס טעם הטבע,IT,קוביות עגבניות איטלק,גרמים,390.00,100 גרם,false,,6.90,0.0177,true,1,211610
7290112357083,false,טעם הטבע אפונה ירוקה 380 גרם קופסה,שטראוס טעם הטבע,IT,אפונת גינה טעם הטבע,גרמים,250.00,100 גרם,false,,6.90,0.0276,true,1,213750
7290112357106,false,שעועית אדומה 380 גר' בקופסה טעם הטבע,שטראוס טעם הטבע,IT,שעועית אדומה טעם הטב,גרמים,230.00,100 גרם,false,,6.90,0.0300,true,1,213751
7290112357113,false,גרגרי חומוס בקופסה 380 גר' טעם הטבע,שטראוס טעם הטבע,IT,גרגרי חומוס טעם הטבע,גרמים,230.00,100 גרם,false,,6.90,0.0300,true,1,213752
7290112357175,false,קפסולות BOOST למכונת נספרסו עלית 10 יחידות,שטראוס קפה בי.וי,IL,קפסולות BOOST למכונת,גרמים,50.00,100 גרם,false,,16.90,0.3380,false,1,211124
7290112358004,false,פסק זמן קראנצ' עלית 32 גרם,שולן צ'\יקולטה גידה סאן.,TR,פסק זמן קראנץ',גרמים,32.00,100 גרם,false,,5.00,0.1563,false,1,215250
7290112358127,false,יוגורט PRO בטעם וניל עוגיות פלוס מגנזיום,מיוצר עי קונדיטוריית,IL,דנונה פרו עם מגנזיום,גרמים,200.00,100 גרם,false,,6.50,0.0325,false,1,215336
7290112358219,false,רוטב צ'ילי מתוק יד מרדכי 300 גרם,אף.סי תבליני בגליל ב,IL,רוטב צ'ילי מתוק 300,גרמים,300.00,100 גרם,false,,13.90,0.0463,true,1,212467
7290112358233,false,רוטב צ'ילי חריף יד מרדכי 300 גרם,"בית אל מזון בע""מ",IL,רוטב צילי חריף,גרמים,300.00,100 גרם,false,,13.90,0.0463,true,1,211611
7290112358240,false,רוטב גריל יד מרדכי 300 גרם,"בית אל מזון בע""מ",IL,רוטב גריל,גרמים,300.00,100 גרם,false,,13.90,0.0463,true,1,213306
7290112358257,false,רוטב לעוף עם שזיפים יד מרדכי 300 גרם,"ב.א. מזון בע""\מ",IL,רוטב לעוף עם שזיפים,גרמים,300.00,100 גרם,false,,13.90,0.0463,true,1,213307
7290112358431,false,עד חצות דאבל ביסקוויט עם שוקולד חלב -8 אריזות אישיות,ביסקוויטס טור ד'\אלבון,FR,עד חצות דאבל 200 גרם,גרמים,200.00,100 גרם,false,,13.90,0.0695,false,1,217873
7290112358554,false,מארז קפה נמס מנות אישיות לדרך 50.4 גר,שטראוס רומניה,RO,מארז נמס לדרך,גרמים,50.00,100 גרם,false,,11.50,0.2300,false,1,211647
7290112358561,false,קפה נמס פלטינום קלאסי 47 ג' עלית,"אינסטנטבה בע""\מ",PL,קפה פלטינום קלאסיק,גרמים,47.00,100 גרם,false,,6.90,0.1468,true,1,261735
7290112358844,false,שוקולד פרה חלב שברי אגוזים 100 גרם,"שטראוס גרופ בע""\מ",IL,שוקולד פרה חלב שברי,גרמים,100.00,100 גרם,false,,6.00,0.0600,true,1,212136
7290112359353,false,קפה טורקי אלדין עלית 200 גרם.,שטראוס קפה בי.וי,IL,קפה טורקי אלדין 200,גרמים,200.00,100 גרם,false,,18.90,0.0945,false,1,264793
7290112359384,false,עלית - קפה נמס אלפחורס ריבת חלב 100 גרם,שטראוס קפה בי.וי,IL,קפה נמס אלפחורס ריבת,גרמים,100.00,100 גרם,false,,15.90,0.1590,false,1,214783
7290112490117,false,קליק אקסטרא לארג שוקולד חלב עם וופל ואגוזים,יוניליוור ישראל מזון בעמ,IL,קליק טבלה וופל ואגוז,גרמים,85.00,100 גרם,false,,7.00,0.0824,false,1,203723
7290112490209,false,נמס בכוס מרק עגבניות עם קרוטונים רכיבים טבעיים,יוניליוור ישראל מזון בעמ,IL,נמס בכוס עגבניות קרו,גרמים,56.00,100 גרם,false,,7.00,0.1250,true,1,203616
7290112490216,false,מרק נמס בכוס בטעם עוף קנור 100% רכיבים טבעיים,יוניליוור ישראל מזון בעמ,IL,נמס בכוס טעם עוף קרט,גרמים,48.00,100 גרם,false,,7.00,0.1458,true,1,203617
7290112490230,false,מרק נמס בכוס אפונה קנור 100% רכיבים טבעיים,יוניליוור ישראל מזון בעמ,IL,נמס בכוס אפונה רכיבי,גרמים,50.00,100 גרם,false,,7.00,0.1400,true,1,203618
7290112490582,false,חרדל דיג'וןן צרפתי הלמנס 350 גר,יוניליוור מזון,FR,חרדל דיז'ון צרפתי,גרמים,350.00,100 גרם,false,,13.90,0.0397,true,1,203639
7290112490650,false,קונפיטורה תות שדה 340 גרם-צנצנת,קונפיטורות לה-ארדניי,BE,קונפיטורת תות שדה 77,גרמים,340.00,100 גרם,false,,14.40,0.0424,true,1,203719
7290112490674,false,קונפיטורה דובדבנים 778 50% פרי 340 גר-,יוניליוור מזון,IL,קונפיטורת דובדבנים,גרמים,340.00,100 גרם,false,,14.40,0.0424,true,1,203721
7290112490698,false,קונפיטורה תות שדה לייט 300 גרם-צנצנת,אתר חיפה 778 - Food,IL,קונפיטורת תות לייט 7,גרמים,260.00,100 גרם,false,,15.90,0.0612,true,1,205250
7290112490728,false,מרק עשיר ירקות עם בורגול רכיבים טבעיים 95 ג' קנור,יוניליוור ישראל מזון בעמ,IL,מרק היום ירקות בורגו,גרמים,95.00,100 גרם,false,,12.90,0.1358,true,1,204450
7290112490735,false,מרק עשיר עגבניות עם פסטה ר.טבעיים 105 גרם קנור,יוניליוור ישראל מזון בעמ,IL,מרק היום עגבניות ופס,גרמים,105.00,100 גרם,false,,12.90,0.1229,true,1,204413
7290112490742,false,מרק עשיר פטריות עם גריסים רכיבים טבעיים 104 ג' קנור,יוניליוור ישראל מזון בע\,IL,מרק עשיר פטריות גריס,גרמים,104.00,100 גרם,false,,12.90,0.1240,true,1,204106
7290112490759,false,מרק עשיר עוף עם אטריות רכיבים טבעיים 74 ג' קנור,יוניליוור ישראל מזון בעמ,IL,מרק היום עוף אטריות,גרמים,74.00,100 גרם,false,,12.90,0.1743,true,1,204414
7290112491558,false,מאגדת שישייה שוקולד מריר פרווה,אתר צפת טבלאות ותעשי,IL,מאגדת שוקולד שישייה,גרמים,600.00,100 גרם,false,,21.90,0.0365,true,1,205825
7290112491701,false,ברנפלקס אקסטרה פרוטין תלמה 375 גרם,יוניליוור ישראל מזון בעמ,IL,ברנפלקס אקסטרה פייבר,גרמים,375.00,100 גרם,false,,21.90,0.0584,false,1,206188
7290112492449,false,"פינוק - שמפו לשיער רגיל 700 מ""ל",יוניליוור ישראל טיפוח אי,IL,פינוק שמפו לשיער רגי,מיליליטרים,700.00,"100 מ""ל",false,,11.90,0.0170,false,1,213130
7290112492456,false,"שמפו פינוק לשיער יבש/פגום 700 מ""ל",יוניליוור ישראל טיפוח אי,IL,פינוק שמפו שיער יבש,מיליליטרים,700.00,"100 מ""ל",false,,11.90,0.0170,false,1,213131
7290112492463,false,"שמפו ומרכך 2 ב-1 לשיער רגיל פינוק 700 מ""ל.",יוניליוור ישראל טיפו,IL,שמפו פינוק 2-ב-1 רגי,מיליליטרים,700.00,"100 מ""ל",false,,11.90,0.0170,false,1,213563
7290112492470,false,"שמפו ומרכך 2 ב-1 לשיער יבש פינוק 700 מ""ל.",יוניליוור פארם,IL,פינוק 2-ב-1 יבש 700,מיליליטרים,700.00,"100 מ""ל",false,,11.90,0.0170,false,1,216395
7290112492487,false,פינוק שמפו לשיער עם שמן מרוקאי 700 מל,יוניליוור ישראל טיפוח אי,IL,פינוק שמפו שמן מרוקא,מיליליטרים,700.00,"100 מ""ל",false,,11.90,0.0170,false,1,211871
7290112492500,false,פינוק שמפו לשיער עם שמן קוקוס 700 מל,"יוניליור ישראל, טיפו",IL,שמפו פינוק שמן קוקוס,מיליליטרים,700.00,"100 מ""ל",false,,11.90,0.0170,false,1,213132
7290112492531,false,פינוק מרכך שיער רגיל 700 מל-חדש,יוניליוור פארם,IL,פינוק מרכך לשיער רגי,מיליליטרים,700.00,"100 מ""ל",false,,11.90,0.0170,false,1,209862
7290112492548,false,"מרכך פינוק עם שמן חוחובה 700 מ""ל",יוניליוור פארם,IL,פינוק מרכך לשיער יבש,מיליליטרים,700.00,"100 מ""ל",false,,11.90,0.0170,false,1,209863
7290112492593,false,תחליב רחצה פינוק בניחוח פינוק קלאסי 700,יוניליוור ישראל טיפוח אי,IL,פינוק תחליב רחצה קלא,מיליליטרים,700.00,"100 מ""ל",false,,11.90,0.0170,false,1,209856
7290112492609,false,"תחליב רחצה פינוק 700 מ""ל לבנדר ווניל",יוניליוור ישראל טיפוח אי,IL,פינוק תחליב רחצה לבנ,מיליליטרים,700.00,"100 מ""ל",false,,11.90,0.0170,false,1,209857
7290112492630,false,"שמפו ג'ל רחצה וסבון פנים 3 ב-1 לגבר פינוק 700 מ""ל",יוניליוור ישראל טיפוח אי,IL,פינוק 3 ב-1 לגבר 700,מיליליטרים,700.00,"100 מ""ל",false,,11.90,0.0170,false,1,209867
7290112492647,false,"פינוק לגבר 3 ב1 שמפו ג'ל רחצה וסבון פנים 700 מ""ל",יוניליוור ישראל טיפוח אי,IL,פינוק לגבר 3-ב-1 ספו,מיליליטרים,700.00,"100 מ""ל",false,,11.90,0.0170,false,1,216961
7290112492685,false,פינוק מרכך לשיער רגיל אריזת נסיעות 100 מ,יוניליוור ישראל טיפוח אי,IL,פינוק מרכך רגיל 100,מיליליטרים,100.00,"100 מ""ל",false,,5.00,0.0500,true,1,215284
7290112492746,false,"פינוק מרכך ללא דמעות לסירוק קל לילדים 700 מ""ל",יוניליוור ישראל טיפוח אי,IL,פינוק מרכך לסירוק קל,מיליליטרים,700.00,"100 מ""ל",false,,12.90,0.0184,true,1,212648
7290112492982,false,"אבקת מרק פטריות כשל""פ 100% רכיבים טבעיים 400 גרם",יוניליוור ישראל מזון בע\,IL,קנור מרק פטריות רכיב,גרמים,400.00,100 גרם,false,,19.90,0.0497,false,1,209830
7290112492999,false,קנור מרק עוף אמיתי 400 גרם פרווה,יוניליוור ישראל מזון בע\,IL,מרק טעם עוף קנור 400,גרמים,400.00,100 גרם,false,,13.90,0.0348,false,1,209831
7290112493088,false,נמס בכוס עדשים מרק רכיבים טבעיים קנור 54 ג',אתר חיפה אבקות - Foo,IL,קנור מרק נמס בכוס עד,גרמים,54.00,100 גרם,false,,7.00,0.1296,false,1,265728
7290112493095,false,נמס בכוס מרק עגבניות חריף רכיבים טבעיים קנור 48 ג',אתר חיפה אבקות - Foo,IL,קנור מרק נמס בכוס עג,גרמים,85.00,100 גרם,false,,7.00,0.0824,false,1,208308
7290112493293,false,קנור - נמס ירקות וקרוטונים ר.טבעי 44 גרם,יוניליוור ישראל מזון בעמ,IL,קנור מרק נמס בכוס יר,גרמים,0.00,100 גרם,false,,7.00,0.0000,false,1,208309
7290112493316,false,מרק היום אפונה ר.טבעיים קנור 117 גרם,יוניליוור ישראל מזון בעמ,IL,מרק היום אפונה 100%,גרמים,117.00,100 גרם,false,,12.90,0.1103,true,1,208678
7290112493927,false,גלידה בטעם ריבת חלב 1.33ל' קרמיסימו,"גלידת שטראוס בע""\מ, רחוב",IL,גלידה קרמיסימו ריבת,ליטרים,1.33,ליטר,false,,24.90,18.7218,false,1,209872
7290112493934,false,גלידת וניל צרפתי קרמיסימו 1.33 ל,"גלידת שטראוס בע""\מ, רחוב",IL,גלידה קרמיסימו וניל,ליטרים,1.33,ליטר,false,,24.90,18.7218,false,1,209873
7290112494016,false,מיונז תלמה מופחת שומן 500 גרם,יוניליוור ישראל מזון בעמ,IL,מיונז מופחת שומן 500,גרמים,500.00,100 גרם,false,,10.90,0.0218,false,1,208078
7290112494153,false,תיבולית בניחוח צלי קנור 72 גרם,יוניליוור ישראל מזון בע\,IL,קנור תיבולית בניחוח,גרמים,72.00,100 גרם,false,,10.00,0.1389,true,1,210557
7290112494221,false,קליק - ביסקויט תפזורת 65 גרם,יוניליוור ישראל מזון בע\,IL,קליק ביסקויט,גרמים,65.00,100 גרם,false,,7.00,0.1077,false,1,209544
7290112494238,false,קליק - כדורים חלב תפזורת 65 גרם,יוניליוור ישראל מזון בע\,IL,קליק כדורים 65 גר',גרמים,65.00,100 גרם,false,,7.00,0.1077,false,1,209545
7290112494276,false,קליק כריות תפזורת 65 גר,יוניליוור ישראל מזון בע\,IL,קליק כריות,גרמים,65.00,100 גרם,false,,7.00,0.1077,false,1,209547
7290112494283,false,קליק - מעורב חום לבן תפזורת 65 גרם,יוניליוור ישראל מזון בע\,IL,קליק חום לבן,גרמים,65.00,100 גרם,false,,7.00,0.1077,false,1,209548
7290112494313,false,קליק - קורנפלקס תפזורת 65 גרם,יוניליוור ישראל מזון בע\,IL,קליק קורנפלקס,גרמים,65.00,100 גרם,false,,7.00,0.1077,false,1,209550
7290112494344,false,תלמה קורנפלקס של אלופים 850 גרם,"יוניליוור שפע ישראל בע""\",IL,קורנפלקס אלופים 850,גרמים,850.00,100 גרם,false,,18.90,0.0222,false,1,213136
7290112494351,false,"קורנפלקס אלופים תלמה 850 ג בד""ץ","יוניליוור שפע ישראל בע""\",IL,קורנפלקס אלופים 850,גרמים,850.00,100 גרם,false,,18.90,0.0222,false,1,212649
7290112494382,false,פירה בטעם ביתי 260 גרם-קופסא,יוניליוור ישראל מזון בע\,IL,קנור פירה ביתי 260 ג,גרמים,260.00,100 גרם,false,,13.90,0.0535,true,1,210064
7290112494801,false,בדין-ג'ל לכביסה לבנה וצבעונית בניחוח עדין ורוד 2.5 ליטר,יוניליוור פארם,IL,בדין ג'ל לכביסה וורו,ליטרים,2.50,ליטר,false,,29.90,11.9600,true,1,209658
7290112494818,false,"ג'ל לכביסה לבנה וצבעונית בייבי 2.5 ק""ג",אתר ליוור - HPC,IL,בדין ג'ל כביסה בייבי,ליטרים,2.50,ליטר,false,,29.90,11.9600,true,1,209659
7290112494825,false,תרחיץ פנים לעור רגיש מכיל 25% קרם לחות,יוניליוור ישראל טיפוח אי,IL,דאב תרחיץ פנים לעור,מיליליטרים,180.00,"100 מ""ל",false,,13.90,0.0772,true,1,215572
7290112494832,false,"דאב - תרחיץ פנים לעור רגיל 180 מ""ל",יוניליוור ישראל טיפוח אי,IL,דאב תרחיץ פנים לעור,מיליליטרים,180.00,"100 מ""ל",false,,13.90,0.0772,true,1,214740
7290112495006,false,כריות נוגט 686 גרם - קופסא,"יוניליוור ישראל מזון בע""",IL,כריות נוגט תלמה 686,גרמים,686.00,100 גרם,false,,26.90,0.0392,false,1,209533
7290112495020,false,כריות צוקולדה 686 גרם קופסא,"יוניליוור ישראל מזון בע""",IL,כריות צ'וקולדה תלמה,גרמים,686.00,100 גרם,false,,24.90,0.0363,false,1,209534
7290112495037,false,דגני בוקר בטעם שוקולד כדורים 375 ג' קוקומן,יוניליוור שפע ישראל בעמ,IL,קוקומן כדורים תלמה ב,גרמים,375.00,100 גרם,false,,19.90,0.0531,false,1,209641
7290112495044,false,ציפי (פצפוצים) גריין בדצ 500גר,"יוניליור שפע ישראל בע""\מ",IL,קוקומן פצפוצים תלמה,גרמים,375.00,100 גרם,false,,19.90,0.0531,false,1,209640
7290112495105,false,נשנושים חטיף בטעם שמנת בצל,בייגל את בייגל מזון 198),IL,נשנושים שמנת בצל,גרמים,260.00,100 גרם,false,,13.50,0.0519,false,1,209541
7290112495112,false,נשנושים טעם זעתר בייגל בייגל 260 גרם,בייגל את בייגל מזון 198),IL,נשנושים זעתר,גרמים,260.00,100 גרם,false,,13.50,0.0519,false,1,209542
7290112495150,false,נשנושים קרקר עגול מלוח 300 גרם נ.ל.פ,בייגל את בייגל מזון 198),IL,נשנושי קרקר עיגולים,גרמים,300.00,100 גרם,false,,14.90,0.0497,true,1,209537
7290112495167,false,נשנושי קרקר משולשי שומשום בייגל בייגל 300 גרם,בייגל את בייגל מזון 198),IL,נשנושי קרקר משולשי ש,גרמים,300.00,100 גרם,false,,14.90,0.0497,true,1,209538
7290112495228,false,"קורנפלקס דבש תלמה 448 ג' בד""צ","יוניליוור שפע ישראל בע""\",IL,קורנפלקס דבש 448 גר',גרמים,448.00,100 גרם,false,,19.90,0.0444,false,1,209535
7290112495280,false,ריבועי ברנפלקס קינמון תלמה 400 גרם,"יוניליוור שפע ישראל בע""\",IL,ברנפלקס ריבועי קינמו,גרמים,400.00,100 גרם,false,,19.90,0.0497,false,1,213137
7290112495433,false,דגני דליפקאן תוספת אגוזי פקאן ושקדים 400 גר,"יוניליור שפע ישראל בע""\מ",IL,דליפקאן 400 גר' תלמה,גרמים,400.00,100 גרם,false,,19.90,0.0497,false,1,208674
7290112495556,false,חטיף שוקולד נוגט שוקולד חלב 105 גרם,"טחנת האבן תעשיות בע""\מ,",IL,קליק שלישיית ברים נו,גרמים,105.00,100 גרם,false,,14.90,0.1419,true,1,213565
7290112495594,false,בייגלה שמיניות גדולותללא תוספת מלח 400 גרם,בייגל את בייגל מזון 198),IL,בייגלה שמיניות גדולו,גרמים,400.00,100 גרם,false,,13.90,0.0348,true,1,209829
7290112495662,false,קרקר חיטה מלאה ופשתן בייגל בייגל 300 גרם,"מיוצר ע""י קוד יצרן A",IL,קרקר חיטה מלאה עם פש,גרמים,300.00,100 גרם,false,,9.90,0.0330,true,1,213837
7290112495686,false,"קרקר שומשום בייגל בייגל 220 גרם בד""צ","מיוצר ע""\י קוד יצרן AF",IL,קרקר שומשום 220 גר',גרמים,220.00,100 גרם,false,,9.90,0.0450,true,1,213142
7290112495747,false,רוטב צ''ילי מתוק כ 70% פחות סוכר 340 ג' קנור,יוניליוור ישראל מזון בע\,IL,רוטב צ'ילי מופחת סוכ,גרמים,340.00,100 גרם,false,,12.90,0.0379,true,1,213143
7290112495754,false,"רטבי הלמנס לסלט 300 מ""ל אלף האיים",יוניליוור ישראל מזון בעמ,IL,הלמנס לסלט אלף האיים,גרמים,305.00,100 גרם,false,,12.90,0.0423,false,1,213144
7290112495761,false,"רטבי הלמנס לסלט 300 מ""ל אלף האיים לייט",יוניליוור ישראל מזון בעמ,IL,רוטב אלף האיים לייט,גרמים,305.00,100 גרם,false,,12.90,0.0423,true,1,210830
7290112495785,false,רוטב לסלט שום הלמנס 300ג,יוניליוור ישראל מזון בעמ,IL,רוטב שום לסלט הלמנס,גרמים,300.00,100 גרם,false,,12.90,0.0430,true,1,210831
7290112495792,false,הלמנס רוטב לסלט שום לייט 300 גר',יוניליוור ישראל מזון בעמ,IL,רוטב שום לייט לסלט ה,גרמים,300.00,100 גרם,false,,12.90,0.0430,true,1,210832
7290112495815,false,"רוטב חרדל ודבש לייט הלמנס 305 גרם בד""צ.",יוניליוור ישראל מזון בעמ,IL,הלמנס רוטב סלט חרדל,גרמים,305.00,100 גרם,false,,12.90,0.0423,true,1,213147
7290112495822,false,כריות BLACK בטעם שוקולד וניל תלמה 686 גרם,"יוניליוור שפע ישראל בע""\",IL,כריות בלאק 686 גר',גרמים,686.00,100 גרם,false,,24.90,0.0363,false,1,209832
7290112495938,false,קרקר 6 דגנים בייגל בייגל 250 גרם,"מיוצר ע""\י קוד יצרן AF",IL,קרקר משפחתי 6 דגנים,גרמים,250.00,100 גרם,false,,9.90,0.0396,true,1,211872
7290112495976,false,פריכיות אורז בציפוי שוקולד חלב 35גר-חדש,"גוד פוד פרודקטס ,Sp.zo.o",PL,פתית פריכיות תירס מצ,גרמים,35.00,100 גרם,false,,5.40,0.1543,true,1,213568
7290112495983,false,פרכיות פתיתבציפוי שוקולד חלב ושבבי קרמל מלוח 39 גר',"גוד פוד פרודקטס ,Sp.zo.o",PL,פתית פריכיות תירס שו,גרמים,39.00,100 גרם,false,,5.40,0.1385,true,1,213569
7290112496027,false,סירופ שוקולד אפיכל 580 גרם,יוניליוור ישראל מזון בע\,IL,אפיכל סירופ שוקולד 5,גרמים,580.00,100 גרם,false,,12.90,0.0222,true,1,213148
7290112496034,false,סירופ מייפל אפיכל 580 גרם,יוניליוור ישראל מזון בע\,IL,סירופ מייפל 580 גר',גרמים,580.00,100 גרם,false,,12.90,0.0222,true,1,213149
7290112496218,false,קנור רוטב טריאקי הפחתה של מעל 50% סוכר ונתרן 310 ג',יוניליוור ישראל מזון בעמ,IL,רוטב טריאקי מופחת נת,גרמים,340.00,100 גרם,false,,12.90,0.0379,true,1,213151
7290112496331,false,קורנפלקס בננה תלמה 448 גר'.,"יוניליוור שפע ישראל בע""\",IL,קורנפלקס בננה 448 גר,גרמים,448.00,100 גרם,false,,19.90,0.0444,false,1,218409
7290112496430,false,קנור נמס בכוס אקסטרה עגבניות+אטריות 37 גרם - רבנות,יוניליוור ישראל מזון בע\,IL,נמס בכוס אקסטרה עגבנ,גרמים,37.00,100 גרם,false,,4.50,0.1216,false,1,262667
7290112496461,false,נמס בכוס אקסטרה מרק ירקות עם המון אטריות,יוניליוור ישראל מזון בע\,IL,נמס בכוס אקסטרה ירקו,גרמים,32.00,100 גרם,false,,4.50,0.1406,false,1,262669
7290112497000,false,סיף פנטסטיק ניקוי כללי בניחוח לימון 1 לי,"זוהר דליה, קיבוץ דלי",IL,סיף ניקוי כללי לימון,ליטרים,1.00,ליטר,false,,10.90,10.9000,true,1,213570
7290112497123,false,סחלב תערובת להכנת מעדן בטעם סחלב 112גרם,יוניליוור ישראל מזון בע\,IL,סחלב קנור 112 גר',גרמים,112.00,100 גרם,false,,13.50,0.1205,true,1,215777
7290112497499,false,טבלה שוקולד לבן ועוגיות קליק 85 ג',אתר צפת טבלאות ותעשי,IL,קליק שוקולד לבן עם ע,גרמים,85.00,100 גרם,false,,7.00,0.0824,false,1,218927
7290112497505,false,וזלין תחליב גוף בתוספת אלוורה 600 מל,"יוניליוור, ג'פרסון סיטי,",US,וזלין תחליב גוף אלוו,מיליליטרים,600.00,"100 מ""ל",false,,27.90,0.0465,true,1,212653
7290112497710,false,פינוק בייבי שמפו אל דמע לתינוקות 700 מל,יוניליוור ישראלn\טיפוח א,IL,פינוק שמפו אל דמע לת,מיליליטרים,700.00,"100 מ""ל",false,,14.90,0.0213,true,1,265168
7290112497864,false,אבקת מרק בטעם עוף רכיבים טבעיים 33% פחות נתרן 400 גרם,יוניליוור מזון,IL,מרק עוף רכיביים טבעי,גרמים,400.00,100 גרם,false,,19.90,0.0497,true,1,216394
7290112497994,false,"גרנולה תלמה פרוטאין בתוספת חלבון ואגוזים, 300 גרם","רפאלס בריא וטעים בע""\מ,",IL,גרנולה פרוטאין בתוספ,גרמים,300.00,100 גרם,false,,14.90,0.0497,true,1,217944
7290112498007,false,גרנולה פרוטאין בתוספת חלבון שקדים וחמוציות תלמה 300 ג',"רפאלס בריא וטעים בע""\מ,",IL,גרנולה פרוטאין בתוספ,גרמים,300.00,100 גרם,false,,14.90,0.0497,true,1,217945
7290112498052,false,פתית ציפס עם בטטה מארז רביעייה,JLM גלובל פודסn37\ דרך א,IL,מאגדת פתית צ'יפס עם,גרמים,84.00,100 גרם,false,,15.90,0.1893,true,1,218411
7290112498267,false,פינוק אל סבון לידיים בניחוח פינוק קלאסי,קוסטר אירוסול ולף סנ,TR,פינוק סבון ידיים נוז,מיליליטרים,950.00,"100 מ""ל",false,,13.90,0.0146,true,1,218938
7290112498281,false,"אל סבון לידיים בתוספת שמן קוקוס פינוק 950 מ""ל",יוניליוור ישראל טיפוח אי,TR,פינוק סבון ידיים נוז,מיליליטרים,950.00,"100 מ""ל",false,,13.90,0.0146,true,1,218940
7290112498748,false,מיני סולרו וניל תות שדה 350 גרם,"מיוצר ע""\י גלידת שטראוס",IL,מאגדת שלגונים מיני ס,גרמים,350.00,100 גרם,false,,25.90,0.0740,true,1,216645
7290112498885,false,מאגדת גודי'ז תותים ושוקולד לבן 235 גרם,"גלידת שטראוס בע""\מ, רח'\",IL,מאגדת גודי'ס תותים ו,גרמים,235.00,100 גרם,false,,25.90,0.1102,true,1,216880
7290112498915,false,מאגדת מיני מגנום שקדים מובחרים 250 ג',"מיוצר ע""\י גלידת שטראוס",IL,מאגדת מיני מגנום שקד,גרמים,250.00,100 גרם,false,,27.90,0.1116,true,1,218570
7290112498922,false,מאגדת מיני מגנום לבן שטראוס 250 גרם,"מיוצר ע""\י גלידת שטראוס",IL,מאגדת מיני מגנום שוק,גרמים,250.00,100 גרם,false,,27.90,0.1116,true,1,218569
7290112499097,false,מאגדת מיני מגנום שוקולד מריר 240 גרם,"מיוצר ע""\י גלידת שטראוס",IL,מיני מגנום מריר מאגד,גרמים,240.00,100 גרם,false,,27.90,0.1162,true,1,262589
7290112499103,false,קורנטו קליק וניל עוגיות 72 ג' שטראוס,"צר ע""\י גלידת שטראוס בע\",IL,קורנטו קליק וניל עוג,גרמים,72.00,100 גרם,false,,6.90,0.0958,true,1,264286
7290112499110,false,טילון קליק בטעם שוקולד 72 ג' שטראוס,שטראוס גרופ גלידות,IL,טילון קליק שוקולד,גרמים,72.00,100 גרם,false,,6.90,0.0958,true,1,264888
7290112499127,false,שלגון גלידה שוקולד לבן ותות 77 גרם,"מיוצר ע""\י גלידת שטראוס",IL,מגנום שוקולד לבן תות,גרמים,77.00,100 גרם,false,,11.00,0.1429,true,1,262590
7290112499219,false,שלגון שמנת מופחת שומן וקלוריות בטעם פיסטוק עם ריפל בטעם שוקולד מריר וציפוי חלקי של שוקולד חלב מעולה,"גלידת שטראוס בע""\מ, רחוב",IL,מאגדת שלגונים גודיס,גרמים,235.00,100 גרם,false,,25.90,0.1102,true,1,264106
7290112499226,false,גלידונית קרמיסימו פיסטוק בננה 630 גרם,"גלידת שטראוס בע""\מ, רח'",IL,גלידונית בננה פיסטוק,גרמים,630.00,100 גרם,false,,49.90,0.0792,false,1,266218
7290112499257,false,שלגון שוקובו עם ציפוי שוקולד לבן 85 גרם,שטראוס גרופ גלידות,IL,שלגון שוקובו שטראוס,גרמים,85.00,100 גרם,false,,9.00,0.1059,true,1,266340
7290112499448,false,"מרכך פינוק בתוספת שמן מרוקאי 700 מ""ל",יוניליוור ישראל טיפוח אי,IL,פינוק מרכך שיער שמן,מיליליטרים,700.00,"100 מ""ל",false,,11.90,0.0170,false,1,218504
7290112499455,false,פינוק תחליב רחצה 700 בתוספת שמן מרוקאי,יוניליוור ישראל טיפוח אי,IL,פינוק תחליב רחצה מרו,מיליליטרים,700.00,"100 מ""ל",false,,11.90,0.0170,false,1,218645
7290112499462,false,פינוק תחליב רחצה 700 בתוספת שמן קוקוס,יוניליוור ישראל טיפוח אי,IL,פינוק תחליב רחצה שמן,מיליליטרים,700.00,"100 מ""ל",false,,11.90,0.0170,false,1,218565
7290112499479,false,"שמפו פינוק בתוספת קרטין 700 מ""ל",יוניליוור ישראל טיפוח אי,IL,פינוק שמפו קרטין 700,מיליליטרים,700.00,"100 מ""ל",false,,11.90,0.0170,false,1,216962
7290112499486,false,"פינוק מרכך בתוספת קרטין 700 מ""ל",יוניליוור ישראל טיפוח אי,IL,פינוק מרכך קרטין 700,מיליליטרים,700.00,"100 מ""ל",false,,11.90,0.0170,false,1,216963
7290112499493,false,"רקסונה - דאודורנט ספריי לאישה אלוורה 150 מ""ל","ארנסט, רחוב קומבינצקיה 6",RU,דאודורנט רקסונה ספרי,מיליליטרים,150.00,"100 מ""ל",false,,14.90,0.0993,true,1,263778
7290112499639,false,טילון סופר מגנום וניל צ'יפ שוקולד 110 גרם,"מיוצר ע""\י גלידת שטראוס",IL,טילון סופר מגנום וני,גרמים,110.00,100 גרם,false,,11.00,0.1000,true,1,210266
7290112499646,false,"מעדן קפוא בטעם וניל עם וופל 108 גרם ""קורנטו""","מיוצר ע""\י גלידת שטראוס",IL,קורנטו סופר פקאן.,גרמים,108.00,100 גרם,false,,11.00,0.1019,true,1,212268
7290112499677,false,מגנום וניל בציפוי שוקולד לבן,"מיוצר ע""\י גלידת שטראוס",IL,שלגון מגנום שוקולד ל,גרמים,85.00,100 גרם,false,,11.00,0.1294,true,1,210267
7290112499776,false,גלידת שמנת מופחתת שומן וקלוריות בטעם שוקולד לבן 240 גרם,"גלידת שטראוס בע""\מ, רח'\",IL,מאגדת גודיז,גרמים,297.00,100 גרם,false,,25.90,0.0872,true,1,212218
7290112499837,false,מגנום דואט שוקולד עם נוגט 90 גרם,"מיוצר ע""\י גלידת שטראוס",IL,מגנום דואט שוקולד עם,גרמים,90.00,100 גרם,false,,11.00,0.1222,true,1,210268
7290112499844,false,מאגדת מיני מגנום דואט שוקולד עם נוגט שטראוס 310 גרם,"מיוצר ע""\י גלידת שטראוס",IL,מאגדת מיני מגנום דוא,גרמים,310.00,100 גרם,false,,27.90,0.0900,true,1,210265
7290112499936,false,מגנום שקדים אימפלס פסח 125מל,"מיוצר ע""\י גלידת שטראוס",IL,מגנום שקדים,גרמים,85.00,100 גרם,false,,11.00,0.1294,true,1,210260
7290112499943,false,מיני מאגדת מיני מגנום טעמים שונים וניל+שוקו,"מיוצר ע""\י גלידת שטראוס",IL,מאגדת מיני מגנום קלא,גרמים,250.00,100 גרם,false,,27.90,0.1116,true,1,210271
7290112499974,false,מאגדת מיני פסק זמן על מקל,"גלידת שטראוס בע""\מ, רח'\",IL,מאגדת שלגונים מיני פ,גרמים,280.00,100 גרם,false,,27.90,0.0996,true,1,212219
7290112705426,false,צלחת במבוק חד קרן 23,,CN,צלחת במבוק חד-קרן,יחידה,0.00,יחידה,false,,12.90,0.0000,true,1,207624
7290112705440,false,צלחת במבוק 23 סמ נסיכות,שמחה זה אנחנו,CN,צלחת במבוק נסיכות,יחידה,0.00,יחידה,false,,12.90,0.0000,true,1,207629
7290112705471,false,קערה במבוק נסיכות יח,שמחה זה אנחנו,CN,קערה במבוק נסיכות,יחידה,0.00,יחידה,false,,8.90,0.0000,true,1,207645
7290112705488,false,כוס במבוק חד קרן יח,,CN,כוס במבוק חד-קרן,יחידה,0.00,יחידה,false,,7.90,0.0000,true,1,207656
7290112705501,false,כוס במבוק נסיכות יח,שמחה זה אנחנו,CN,כוס במבוק נסיכות,יחידה,0.00,יחידה,false,,7.90,0.0000,true,1,207657
7290112705518,false,כוס במבוק פנדה ורודה,,,כוס במבוק פנדה ורודה,יחידה,0.00,יחידה,false,,7.90,0.0000,true,1,207661
7290112705532,false,צלחת במבוק פנדה ורוד,,,צלחת במבוק פנדה ורוד,יחידה,0.00,יחידה,false,,12.90,0.0000,true,1,207633
7290112961372,false,פיטנס חטיפי פריכיות דקות קינמון 60 גרם,"פרח תעשיות מזון בע""\מ",IL,פיטנס חטיפי פריכיות,גרמים,60.00,100 גרם,false,,8.50,0.1417,true,1,206440
7290112961440,false,פיטנס חטיפי פריכיות שוקולד מריר 84 גרם,פרח תעשיות,IL,פיטנס בר פריכיות שוק,גרמים,84.00,100 גרם,false,,12.90,0.1536,true,1,213006
7290112961464,false,פיטנס חטיפי פריכיות דגנים וחומוס מתובלות,"פרח תעשיות מזון בע""\מ",IL,חטיפי פריכיות פיטנס,גרמים,60.00,100 גרם,false,,8.50,0.1417,true,1,206441
7290112962287,false,טבעול שווארמה טבעונית 6*450 גרם,"טבעול תעשיות מזון בע""\מ",IL,טבעול שווארמה טבעוני,גרמים,450.00,100 גרם,false,,31.00,0.0689,true,1,210444
7290112962546,false,מאגדת לה פרוטה מלון תפוח 350 גרם 5 יחידות,שוורצקוף& הנקל דיסלד,IL,מאגדת לה פרוטה מלון,גרמים,443.00,100 גרם,false,,23.90,0.0540,true,1,205526
7290112963918,false,פיטנס חטיפי קרקר דק רוזמרין 140 גרם,נסטלה Nestle,IL,פיטנס קרקר דק רוזמרי,גרמים,140.00,100 גרם,false,,11.90,0.0850,true,1,207489
7290112964410,false,אסם רוטב אלף האיים חדש לסלט 290 גרם,"אסם תעשיות בע""מ",IL,רוטב אלף האיים לסלט,מיליליטרים,290.00,"100 מ""ל",false,,12.00,0.0414,false,1,207467
7290112964434,false,אסם רוטב קיסר חדש לסלט 295 גרם,"אסם תעשיות בע""מ",IL,רוטב קיסר לסלט אסם 2,מיליליטרים,295.00,"100 מ""ל",false,,12.00,0.0407,true,1,207468
7290112964458,false,רוטב ויניגרט חדש לסלט 295 גרם אסם,"אסם תעשיות בע""מ",IL,רוטב ויניגרט לסלט אס,מיליליטרים,295.00,"100 מ""ל",false,,12.00,0.0407,false,1,207470
7290112964472,false,אסם רוטב שום חדש לסלט 290 גרם,"אסם תעשיות בע""מ",IL,רוטב שום לסלט אסם 29,מיליליטרים,290.00,"100 מ""ל",false,,12.00,0.0414,true,1,207469
7290112964564,false,"רוטב אלף האיים לייט לסלט אסם 295 מ""ל","אסם תעשיות בע""מ",IL,רוטב אלף האיים לייט,מיליליטרים,295.00,"100 מ""ל",false,,12.00,0.0407,false,1,207471
7290112964601,false,רוטב בנוסח סצ'ואן הסדרה האסייתית,"אסם השקעות בע""\מ",IL,רוטב בנוסח סצו'אן 29,מיליליטרים,290.00,"100 מ""ל",false,,13.90,0.0479,true,1,207347
7290112964625,false,אסם רוטב שום לייט חדש לסלט 310 גרם,"אסם תעשיות בע""מ",IL,רוטב שום לייט לסלט א,מיליליטרים,310.00,"100 מ""ל",false,,12.00,0.0387,false,1,207472
7290112964724,false,המבורגר צמחוני עם המון חלבון 580 גר,מיוצר עי קונדיטוריית,IL,המבורגר טבעוני טבעול,גרמים,580.00,100 גרם,false,,31.00,0.0534,true,1,208190
7290112965103,false,תבשיל קוסקוס עם ירקות אסם 146 גרם,אסם,IL,קוסקוס עם ירקות אסם,גרמים,146.00,100 גרם,false,,10.90,0.0747,true,1,210058
7290112965141,false,תבשיל פתיתים אפויים עם ירקות 130 גרם,"אסם תעשיות בע""מ",IL,פתיתים אפויים עם ירק,גרמים,130.00,100 גרם,false,,10.90,0.0838,false,1,210059
7290112965325,false,תבשיל אורז ספרדי אוסם 140 גרם,"אסם תעשיות בע""מ",IL,אורז ספרדי אסם,גרמים,140.00,100 גרם,false,,10.90,0.0779,false,1,210057
7290112965363,false,קציצות קינואה וברוקולי טבעול 525 גרם,"טבעול תעשיות מזון בע""\מ",IL,קציצת קינואה וברוקול,גרמים,525.00,100 גרם,false,,31.00,0.0590,false,1,209778
7290112965585,false,פרפקטו פסטה קסרצה אסם 500 גרם,אסם פרפקטו Perfecto,IT,פסטה קסרצה פרפקטו,גרמים,500.00,100 גרם,false,,7.70,0.0154,false,1,207780
7290112965660,false,פיטנס - חטיף מולטיגריין מלח פלפל 25 גרם,מיוצר עי קונדיטוריית,IL,פיטנס חטיף מולטיגריי,גרמים,25.00,100 גרם,false,,4.90,0.1960,true,1,215201
7290112965684,false,פיטנס - חטיף מולטיגריין עשבי תיבול 25 גרם,מיוצר עי קונדיטוריית,IL,פיטנס חטיף מולטיגריי,גרמים,25.00,100 גרם,false,,4.90,0.1960,true,1,215202
7290112965707,false,פיטנס - חטיף מולטיגריין צילי מעודן 25 גרם,"אסם השקעות בע""\מ",IL,פיטנס חטיף מולטיגריי,גרמים,25.00,100 גרם,false,,4.90,0.1960,true,1,215203
7290112965981,false,טבעול גורמה ארוחת דגנים 450 גרם,טבעול (מקבוצת אסם הש,IL,טבעול גורמה ארוחת דג,גרמים,450.00,100 גרם,false,,33.90,0.0753,true,1,262782
7290112966001,false,"טבעול גורמה ארוחת ירוקים, 450 גרם",טבעול (מקבוצת אסם הש,IL,טבעול גורמה ארוחת יר,גרמים,450.00,100 גרם,false,,33.90,0.0753,true,1,262783
7290112966094,false,עוגת הבית תפוז מופחת סוכר אסם 400 גרם,מיוצר עי קונדיטוריית,IL,עוגת הבית תפוז מופחת,גרמים,400.00,100 גרם,false,,13.90,0.0348,false,1,210019
7290112966247,false,לחמית כוסמין אסם 200 גרם,"אסם תעשיות בע""מ",IL,לחמית כוסמין 200 גרם,גרמים,200.00,100 גרם,false,,10.50,0.0525,false,1,213012
7290112966766,false,צבר טחינה בלאדי חציל עגבניות ושום 350 גרם,שוורצקוף& הנקל דיסלד,IL,טחינה בלאדי חציל עגב,גרמים,350.00,100 גרם,false,,15.90,0.0454,true,1,209870
7290112967114,false,פיטנס חטיפי פריכיות קטניות ופלפל 60 גרם,"פרח תעשיות מזון בע""\מ",IL,פיטנס חטיפי פריכיות,גרמים,60.00,100 גרם,false,,8.50,0.1417,true,1,213013
7290112967138,false,בייגלה שמיניות ללא גלוטן אסם 250 גרם,מיוצר עי קונדיטוריית,IL,בייגלה אסם שמיניות ל,גרמים,250.00,100 גרם,false,,13.50,0.0540,true,1,210082
7290112967381,false,פיטנס חטיפי פריכיות קטניות ומלח ים 60 גרם,"פרח תעשיות מזון בע""\מ",IL,פיטנס חטיפי פריכיות,גרמים,60.00,100 גרם,false,,8.50,0.1417,true,1,212249
7290112967510,false,בונזור בייבי חליות 90 ג',בונז'ור,IL,בייבי חליות בונז'ור,גרמים,90.00,100 גרם,false,,2.50,0.0278,true,1,209902
7290112967824,false,אסם בישולים מיקס קלאסי 9*200גרם,"אסם השקעות בע""\מ",IL,אסם בישולים מיקס קלא,גרמים,200.00,100 גרם,false,,18.90,0.0945,true,1,210453
7290112967848,false,ג'לי תות שדה מופחת סוכר אסם 90 גרם,מיוצר עי קונדיטוריית,IL,ג'לי תות שדה מופחת ס,גרמים,90.00,100 גרם,false,,6.50,0.0722,true,1,210062
7290112968685,false,חומוס גרגרים רכים בטבילה צבר 400 גרם,שוורצקוף& הנקל דיסלד,IL,חומוס גרגרים בתטבילה,גרמים,400.00,100 גרם,false,,13.90,0.0348,true,1,210464
7290112968807,false,פיטנס - קרקר דק סלק 140 גרם,מפעל אסם יקנעם,IL,פיטנס קרקר דק סלק,גרמים,140.00,100 גרם,false,,11.90,0.0850,true,1,215924
7290112968821,false,פיטנס - קרקר דק בטטה 140 גרם,מפעל אסם יקנעם,IL,פיטנס קרקר דק בטטה,גרמים,140.00,100 גרם,false,,11.90,0.0850,true,1,215927
7290113190757,false,חלבה מסולסלת וניל שקדיה 300 גר,חיאל עמר שומרון,IL,חלבה תלתלים בטעם וני,גרמים,300.00,100 גרם,false,,13.90,0.0463,true,1,264947
7290113190771,false,חלבה מסולסלת שוקו וניל שקדיה 300 גר,חיאל עמר שומרון,IL,חלבה תלתלים בטעם שוק,גרמים,300.00,100 גרם,false,,13.90,0.0463,true,1,264948
7290113192300,false,זיתים מושחרים חרוזית 275 גרם בית השיטה,בית השיטה,IL,זיתים חרוזית מושחר 2,גרמים,275.00,100 גרם,false,,9.90,0.0360,true,1,210272
7290113192324,false,זיתים ירוקים שלמים בינוניים בית השיטה,בית-השיטה עסיס תעשיות מז,IL,זיתים ירוקים מנזנילו,גרמים,340.00,100 גרם,false,,8.90,0.0262,true,1,210274
7290113192331,false,זיתים ירוקים מנזנילו 340 גר' בית השיטה,בית-השיטה עסיס תעשיות מז,IL,זיתים ירוקים גדולים,גרמים,340.00,100 גרם,false,,9.90,0.0291,true,1,210275
7290113192348,false,בית השיטה זיתים ירוקים גדול מאודבטעם שום,בית-השיטה עסיס תעשיות מז,IL,זיתים ירוקים 17-19 ב,גרמים,340.00,100 גרם,false,,9.90,0.0291,true,1,210277
7290113192355,false,חרוזית זיתים ירוקים ללא גלעין 275 ג' בית השיטה,בית-השיטה עסיס תעשיות מז,IL,זיתים ירוקים חרוזית,גרמים,275.00,100 גרם,false,,9.90,0.0360,false,1,210278
7290113192362,false,זיתים ירוקים טבעות A2 בית השיטה 280 גרם,בית-השיטה עסיס תעשיות מז,IL,זיתים ירוקים טבעות 2,גרמים,280.00,100 גרם,false,,10.90,0.0389,true,1,210279
7290113192379,false,בית השיטה זיתים ירוקים מבוקעים א2 340גר',"בית-השיטה תעשיות בע""\מ",IL,זיתים ירוקים מבוקעים,גרמים,340.00,100 גרם,false,,9.90,0.0291,true,1,210290
7290113192386,false,בית השיטה זיתים ירוקים סורי מבוקע 340גרם,בית השיטה,IL,זיתים סורי מבוקע 340,גרמים,340.00,100 גרם,false,,10.90,0.0321,true,1,210291
7290113192393,false,בית השיטה קוקטייל זיתים א2 336 גרם,בית-השיטה עסיס תעשיות מז,IL,קוקטייל זיתים 336 גר,גרמים,336.00,100 גרם,false,,11.90,0.0354,true,1,210292
7290113192478,false,בית השיטה מלפפונים במלח בינוני 10-12 320 גרם,בית-השיטה עסיס תעשיות מז,IL,מלפפון במלח 10-12 32,גרמים,320.00,100 גרם,false,,7.90,0.0247,false,1,210300
7290113192485,false,בית השיטה מלפפונים בחומץ בינוני 10-12 290 גרם,בית-השיטה עסיס תעשיות מז,IL,מלפפון בחומץ 10-12 2,גרמים,290.00,100 גרם,false,,7.90,0.0272,true,1,210301
7290113192492,false,בית השיטה מלפפונים בחומץ קטנים 1317 290 גרם,בית-השיטה עסיס תעשיות מז,IL,מלפפון בחומץ 13-17 2,גרמים,290.00,100 גרם,false,,10.90,0.0376,false,1,210302
7290113192508,false,בית השיטה מלפפונים במלח קטן 1317 320 גרם,בית-השיטה עסיס תעשיות מז,IL,מלפפון במלח 13-17 ב,גרמים,320.00,100 גרם,false,,10.90,0.0341,false,1,210303
7290113192515,false,בית השיטה מלפפונים במלח קטן מאוד 1825 320 גרם,בית-השיטה עסיס תעשיות מז,IL,מלפפון במלח 18-25 32,גרמים,320.00,100 גרם,false,,12.90,0.0403,true,1,210308
7290113192522,false,בית השיטה מלפפונים בחומץ קטן מאוד 1825 290 גרם,בית-השיטה עסיס תעשיות מז,IL,מלפפון בחומץ 18-25 2,גרמים,290.00,100 גרם,false,,12.90,0.0445,true,1,210309
7290113192539,false,בית השיטה מלפפונים במלח גדול 79 320 גרם,בית-השיטה עסיס תעשיות מז,IL,מלפפון במלח 7-9 320,גרמים,320.00,100 גרם,false,,6.50,0.0203,false,1,210310
7290113192546,false,"מלפפונים בחומץ רכיבים טבעיים 7-9 ""בית השיטה""",בית-השיטה עסיס תעשיות מז,IL,מלפפון בחומץ 7-9 290,גרמים,290.00,100 גרם,false,,6.50,0.0224,false,1,210311
7290113192553,false,מלפפונים במלח 13-17 פיקנטי בית השיטה 320 גרם,בית-השיטה עסיס תעשיות מז,IL,מלפפון במלח בלדי 13-,גרמים,320.00,100 גרם,false,,10.90,0.0341,true,1,210312
7290113192560,false,בית השיטה פלפל שיפקה חריף כבוש 230 גרם,בית-השיטה עסיס תעשיות מז,IL,פלפל שיפקה 230 גרם,גרמים,230.00,100 גרם,false,,6.90,0.0300,true,1,210313
7290113192577,false,בית השיטה כרוב כבוש א2 12*430גרם חדש,"בית-השיטה תעשיות בע""\מ",IL,כרוב כבוש 430 גרם,גרמים,430.00,100 גרם,false,,7.90,0.0184,false,1,210314
7290113192881,false,"טורטיה חיטה מופחת קלוריות, קוטר 20 ס""מ - 6 יח'",דין שיווק,TR,טורטיה חיטה מופחת קל,גרמים,270.00,100 גרם,false,,9.90,0.0367,true,1,261872
7290113193017,false,בית השיטה חרוזית קוקטייל זיתים 275 גרם,"בית השיטה תעשיות בע""\מ",IL,קוקטייל זיתים בית הש,גרמים,275.00,100 גרם,false,,12.90,0.0469,false,1,213025
7290113193031,false,חרוזית קלמטה - זיתים שחורים ללא גלעין קלמטה,"בית השיטה תעשיות בע""\מ",IL,חרוזית קלמטה בית השי,גרמים,275.00,100 גרם,false,,12.90,0.0469,false,1,213026
7290113193369,false,"תרסיס שמן קנולה מזוכך בית השיטה 150מ""ל",פוד אירוסולס ספיין,ES,תרסיס שמן קנולה בית,מיליליטרים,150.00,"100 מ""ל",false,,13.90,0.0927,true,1,216717
7290113193406,false,"קוקטייל טבעות זיתים - זיתים ירוקים, שחורים מרינד","בית השיטה תעשיות בע""\מ",IL,טבעות קוקטייל זיתים,גרמים,280.00,100 גרם,false,,12.90,0.0461,false,1,213027
7290113193888,false,חצילים מוחמצים בית השיטה 320 גרם,"בית השיטה תעשיות בע""\מ",IL,בית השיטה חצילים מוח,גרמים,320.00,100 גרם,false,,11.90,0.0372,true,1,215951
7290113194090,false,בית השיטה טבעות זיתים קלמטה 280 גרם,בית השיטה תעשיות בעמ,IL,טבעות זיתים קלמטה בי,גרמים,280.00,100 גרם,false,,12.90,0.0461,false,1,214940
7290113195356,false,שמן קנולה מזוכך זית השיטה 1 ליטר,בית השיטה,IL,שמן קנולה בית השיטה,ליטרים,1.00,ליטר,false,,12.90,12.9000,false,1,218573
7290113195363,false,שמן חמניות מזוכך זית השיטה 1 ליטר,בית השיטה,IL,שמן חמניות בית השיטה,ליטרים,1.00,ליטר,false,,13.90,13.9000,true,1,218578
7290113196018,false,פסטה ביסלי שקדיה 500 גרם,,,פסטה פוזילי 500 ג' ש,גרמים,500.00,100 גרם,false,,3.90,0.0078,true,1,265551
7290113196414,false,"אורז בסמטי 1 ק""ג - שקדיה כחול מטאלי",דאבה סינג שאם סינג,IN,"אורז בסמטי 1 ק""ג שקד",קילוגרמים,1.00,"ק""ג",false,,9.90,9.9000,true,1,261442
7290113197855,false,תירס גמדי בית השיטה 230 גרם,בית השיטה,,בית השיטה תירס גמדי,גרמים,230.00,100 גרם,false,,9.90,0.0430,true,1,265577
7290113197923,false,טונה בשמן קנולה בית השיטה 4*98 גרם,בית השיטה עסיס תעשיו,IL,בית השיטה טונה בשמן,גרמים,392.00,100 גרם,false,,24.90,0.0635,false,1,265665
7290113199323,false,עלי טורטילוס בוריטו150גר,אלקטי קוראבייכיסיגידה טו,TR,מיני טורטיה 150 ג',גרמים,150.00,100 גרם,false,,4.90,0.0327,true,1,264949
7290113199774,false,ממרח בוטנים 300 גרם השקדיה,פפויאנס,GR,ממרח 100% בוטנים,גרמים,300.00,100 גרם,false,,13.90,0.0463,true,1,264339
7290113199880,false,טורטיה בתוספת קמח כוסמין ושיבול שועל שקדיה 360 גרם,אקס ולאו,TR,טורטיה בתוספת קמח כו,מיליליטרים,360.00,"100 מ""ל",false,,9.90,0.0275,true,1,265783
7290113300262,false,פאוצ' לה קט טונה ג'לי 85 ג',"ביופט- מזון לבע""ח",CZ,לה קט נתחונים עם טונ,גרמים,85.00,100 גרם,false,,4.90,0.0576,true,1,214340
7290113318885,false,"בקבוק שתייה מפלסטיק 500מ""ל - מתחת למים",,,בקבוק שתייה מפלסטיק,יחידה,0.00,יחידה,false,,24.90,0.0000,true,1,207677
7290113560055,false,פרודונטקס מי פה טיפול יומי לחניכיים 500,"מאסטרפוד אוסטריה בע""מ",GB,פרדונטקס מי פה 500 מ,מיליליטרים,500.00,"100 מ""ל",false,,29.90,0.0598,true,1,211713
7290113560109,false,פרודונטקס מ.שיניים בטעם צמחי 75 מל,פרודונטקס Parodontax,SK,פרדונטקס בטעם צמחי 7,מיליליטרים,75.00,"100 מ""ל",false,,29.90,0.3987,true,1,216247
7290114151597,false,"שמפו לשיער רגיל-יבש בוטני 500 מ""ל",אף.סי תבליני בגליל ב,IL,שמפו לשיער רגיל/יבש,מיליליטרים,500.00,"100 מ""ל",false,,19.90,0.0398,true,1,215626
7290114151658,false,"סבון גוף לעור יבש בוטני 500 מ""ל",אף.סי תבליני בגליל ב,IL,סבון גוף לעור יבש Bo,מיליליטרים,500.00,"100 מ""ל",false,,19.90,0.0398,true,1,215630
7290114154123,false,"מסיכה לשיער רגיל/יבש בוטני 350 מ""ל",,IL,Botany מסיכה לשיער ר,מיליליטרים,350.00,"100 מ""ל",false,,29.90,0.0854,true,1,218711
7290114310215,false,"שמנת מתוקה 38% רמת הגולן 250 מ""ל ווסטהיים - מוצר בפיקוח",מילקו תעשיות בעמ,IL,"שמנת מתוקה 250 מ""ל 3",מיליליטרים,250.00,"100 מ""ל",false,,6.47,0.0259,true,1,213764
7290114310222,false,חלב מועשר בסידן וויטמין Dי 3% 1.5 ל' טרה,מילקו תעשיות בעמ,IL,חלב מועשר בסידן וויט,ליטרים,1.50,ליטר,false,,11.90,7.9333,true,1,213943
7290114310239,false,חלב נטול לקטוז מועשר בוויטמין D י 2% 1.5 ל' טרה,מילקו תעשיות בעמ,IL,חלב 2% דל לקטוז 1.5,ליטרים,1.50,ליטר,false,,11.90,7.9333,true,1,213944
7290114310246,false,גרנה פדנו צ'אנק משק צוריאל 125 גרם,מחלבת משק צוריאל,IL,גרנה פדנו צ'אנק 125,גרמים,125.00,100 גרם,false,,18.50,0.1480,true,1,216284
7290114310253,false,גרנה פדנו מגורדת משק צוריאל 100 גרם,מחלבת משק צוריאל,IL,גרנה פדנו מגורדת 100,גרמים,100.00,100 גרם,false,,11.90,0.1190,true,1,217295
7290114310338,false,צפתית מעודנת 5% בגביע 225 גרם משק צוריאל,מחלבת משק צוריאל,IL,צפתית 5% מעודנת 225,גרמים,225.00,100 גרם,false,,17.50,0.0778,true,1,216739
7290114310383,false,Muller Froop מולר יוגורט מוקצף בטעם וניל 90 גרם,מולר Muller,IL,מולר פרופ קציפת יוגו,גרמים,97.00,100 גרם,false,,5.30,0.0546,true,1,266649
7290114310390,false,מולר פרופ קציפת יוגורט בטעם בננה לוטי 97 גרם,מולר Muller,IL,מולר פרופ קציפת יוגו,גרמים,97.00,100 גרם,false,,5.30,0.0546,true,1,266650
7290114310406,false,מולר פרופ קציפת יוגורט בטעם תות 97 גרם,מולר Muller,IL,מולר פרופ קציפת יוגו,גרמים,97.00,100 גרם,false,,5.30,0.0546,true,1,266651
7290114310536,false,יוגורט לייט מעושר חלבון 25 גרם חלבון וניל MULLER ACTIVE,מולר Muller,IL,יוגורט לייט מועשר 25,גרמים,200.00,100 גרם,false,,6.20,0.0310,true,1,217296
7290114310550,false,גבינת פטה עיזים מעודנת 5% משק צוריאל 200 גרם,מחלבת משק צוריאל,IL,פטה עיזים מעודנת 5%,גרמים,200.00,100 גרם,false,,23.90,0.1195,true,1,217675
7290114310567,false,לאבנה עיזים 5% שומן 200 גרם,מחלבת משק צוריאל,IL,לאבנה עיזים 5% צוריא,גרמים,200.00,100 גרם,false,,14.90,0.0745,true,1,219528
7290114310574,false,גבינת קרם שמנת עיזים 5% 200 גרם צוריאל,מחלבת משק צוריאל,IL,גבינת קרם שמנת עיזים,גרמים,200.00,100 גרם,false,,14.50,0.0725,true,1,217911
7290114310611,false,"משקה חלב בננה בבקבוק פקק ספורט טרה 250 מ""ל",Unknown,IL,משקה חלב בטעם בננה 2,מיליליטרים,250.00,"100 מ""ל",false,,5.50,0.0220,true,1,218046
7290114310628,false,משקה חלב וניל ועוגיות בקבוק 1 ליטר,מילקו תעשיות בעמ,IL,משקה חלב וניל עוגיות,ליטרים,1.00,ליטר,false,,12.50,12.5000,true,1,218511
7290114310673,false,גבינת לאבנה 9% 250 גרם,Unknown,IL,לאבנה 9% טרה 250 גר',גרמים,250.00,100 גרם,false,,12.50,0.0500,true,1,217689
7290114310895,false,"סימפלי פרוט יוגורט עם מנגו תות, שמיניה 8 * 150 גרם",מולר Muller,IL,מאגדת שמינייה סימפלי,גרמים,1200.00,100 גרם,false,,31.90,0.0266,true,1,261536
7290114311014,false,"משקה חלב אייס קפוצ'ינו פקק ספורט טרה 250 מ""ל",מילקו תעשיות בעמ,IL,משקה חלב אייס קפוצ'י,מיליליטרים,250.00,"100 מ""ל",false,,5.50,0.0220,true,1,264025
7290114311021,false,"משקה חלב וניל עוגיות פקק ספורט טרה 250 מ""ל",Unknown,IL,משקה חלב וניל עוגיות,מיליליטרים,250.00,"100 מ""ל",false,,5.50,0.0220,true,1,264026
7290114311038,false,"שמנת מתוקה 32% עמידה בבקבוק טרה 250 מ""ל",מילקו תעשיות בעמ,IL,שמנת מתוקה 32% בבקבו,מיליליטרים,250.00,"100 מ""ל",false,,6.90,0.0276,true,1,263960
7290114311069,false,יוגורט לבן מועשר בחלבון 0% שומן 200 גרם muller active,מולר Muller,IL,מולר אקטיב 25 גר' חל,גרמים,200.00,100 גרם,false,,5.80,0.0290,true,1,263157
7290114311076,false,"חמאת מולר צהובה עם שום, 200 גרם",מולר Muller,IL,חמאת מולר צהובה עם ש,גרמים,200.00,100 גרם,false,,11.90,0.0595,true,1,264019
7290114311083,false,חמאת מולר צהובה במליחות מעודנת 200 גרם,מילקו,IL,חמאה מולר צהובה עם מ,גרמים,200.00,100 גרם,false,,11.90,0.0595,true,1,264020
7290114311106,false,מולר נטורל חצוי+יוגורט ביו+גרנולה וסירופ עם סילאן 177 ג',מילקו,IL,מולר נטורל+1.7% שומן,גרמים,177.00,100 גרם,false,,6.80,0.0384,true,1,262629
7290114311298,false,יוגורט מולר פרופ בטעם תות בננה מלון 150,מולר Muller,IL,יוגורט מולר קציפת תו,גרמים,150.00,100 גרם,false,,5.30,0.0353,true,1,265203
7290114311304,false,יוגורט קציפת מנגו פסיפלורה בננה 150 ג' מולר,מולר Muller,IL,יוגורט מולר פרופ קצי,גרמים,150.00,100 גרם,false,,5.30,0.0353,true,1,265204
7290114311328,false,חלב מועשר דל לקטוז מעושר בויטמין Dי 2% שומן טרה 1 ליטר,ג'י.אר.אמ.גרופו אלימ,IL,חלב נטול לקטוז מועשר,ליטרים,1.00,ליטר,false,,7.80,7.8000,false,1,265112
7290114311359,false,יוגורט עם קציפת מנגו 3% שומן פרופ 150 ג' מולר,מולר Muller,IL,יוגורט מולר קציפת מנ,גרמים,150.00,100 גרם,false,,5.30,0.0353,true,1,265202
7290114311434,false,מולר אקטיב יוגורט חלבון קרמל מלוח 200 גרם,מולר Muller,IL,מולר אקטיב בטעם קרמל,גרמים,200.00,100 גרם,false,,6.20,0.0310,true,1,266399
7290114311441,false,מולר אקטיב יוגורט חלבון עוגיות חמאה 200 גרם,מולר Muller,IL,מולר אקטיב בטעם עוגי,גרמים,200.00,100 גרם,false,,6.20,0.0310,true,1,266400
7290114311458,false,קרטון חלב 3% מועשר ויטמין די 1ליטר,Unknown,IL,חלב 3% מועשר 1 ליטר,ליטרים,1.00,ליטר,false,,7.50,7.5000,false,1,265758
7290114311502,false,משקה חלב בטעם סחלב בבקבוק 1 ליטר,מילקו תעשיות בעמ,IL,משקה חלב בטעם סחלב 1,ליטרים,1.00,ליטר,false,,12.50,12.5000,true,1,266483
7290114311526,false,יוגורט פרופ קציפת תפוז גי'נג'ר 3% מולר 150 גרם,מולר Muller,IL,מולר פרופ קציפת תפוז,גרמים,150.00,100 גרם,false,,5.30,0.0353,true,1,266694
7290114311533,false,יוגורט פרופ קציפת פרי בטעם סנגריה 3% מולר 150 גרם,מולר Muller,IL,מולר פרופ קציפת פרי,גרמים,150.00,100 גרם,false,,5.30,0.0353,true,1,266695
7290114311557,false,יוגורט נטורל ו גרנולה בתוספת סירופ מייפל 170 ג' מולר,מולר Muller,IL,מולר נטורל+גרנולה בת,גרמים,170.00,100 גרם,false,,6.80,0.0400,true,1,266696
7290114405041,false,רצועות פילינג,,,רצועות פילינג,יחידה,0.00,יחידה,false,,11.90,0.0000,true,1,265148
7290114600750,false,קו-קווים חטיף אפוי עם גבינת פקורינו - חלבי,הדקלאים אגודת שיתופי,IT,FREE קו קווים חטיף א,גרמים,150.00,100 גרם,false,,11.90,0.0793,true,1,213501
7290114600767,false,FREE קו-קווים חטיף אפוי עם זיתים ועגבניות 150 גר',הדקלאים אגודת שיתופי,IT,FREE קו קווים חטיף א,גרמים,150.00,100 גרם,false,,11.90,0.0793,true,1,213502
7290114600927,false,עלי טורטייה חיטה מלאה מאסטר שף 320 גרם,אלקאטי קורביישיסי גי,ES,מאסטר שף עלי טורטיה,גרמים,320.00,100 גרם,false,,9.90,0.0309,true,1,215456
7290114600989,false,"רוטב אלף האיים מאסטר שף 250 מ""ל",קפה לנדוור,NL,מאסטר שף רוטב אלף הא,מיליליטרים,257.00,"100 מ""ל",false,,9.90,0.0385,true,1,214683
7290114600996,false,"רוטב שום מאסטר שף 250 מ""ל",קפה לנדוור,NL,מאסטר שף רוטב שום,מיליליטרים,256.00,"100 מ""ל",false,,9.90,0.0387,true,1,214684
7290114603539,false,קרוטונים למרק שום בצל מאסטר שף 350 גרם,"עינת תעשיות מזון, אגשח ב",IL,מאסטר שף קרוטונים למ,גרמים,350.00,100 גרם,false,,18.90,0.0540,true,1,215143
7290114603768,false,"נוזל ניקוי שירותים אגקס 750 מ""ל*2 זוג",קולגייט פלמוליב,FR,"אג'קס שירותים 750 מ""",מיליליטרים,1500.00,"100 מ""ל",false,,24.90,0.0166,true,1,211212
7290114604857,false,"דפי אורז מאסטר שף קוטר 22 ס""מ 400 גרם",לוק הונג טריידינג פר,VN,מאסטר שף דפי אורז 22,גרמים,400.00,100 גרם,false,,12.90,0.0323,true,1,216530
7290114604864,false,קוסקוס סולת דק מאסטר שף 350 גרם,דוידוביץ,IL,מאסטר שף קוסקוס דק 3,גרמים,350.00,100 גרם,false,,5.90,0.0169,true,1,215831
7290114604871,false,קוסקוס סולת בינוני מאסטר שף 350 גרם,דוידוביץ,IL,מאסטר שף קוסקוס בינו,גרמים,350.00,100 גרם,false,,5.90,0.0169,true,1,215832
7290114604895,false,מאסטר שף ממרח לחיץ ספייסי לחיץ 446 גרם,מאסטר שף,NL,מאסטר שף ממרח ספייסי,גרמים,446.00,100 גרם,false,,12.90,0.0289,true,1,218628
7290114604901,false,ממרח שום לחיץ מאסטר שף 444 גרם,מאסטר שף,NL,מאסטר שף ממרח שום לח,גרמים,444.00,100 גרם,false,,12.90,0.0291,true,1,218627
7290114604949,false,מאסטר שף רוטב ברביקיו 524 גרם,רמיה סי.וי. הולנד,NL,מאסטר שף רוטב ברביקי,גרמים,524.00,100 גרם,false,,12.90,0.0246,true,1,218262
7290114605533,false,משטח חיתוך חד פעמי 30 יח' קוקי,,CN,משטח חיתוך חד פעמי ק,יחידה,0.00,יחידה,false,,19.90,0.0000,true,1,263126
7290114605557,false,נייר עטיפה לסנדוויץ קוקי 80 יח',פישל,IL,קוקי נייר עטיפה לסנד,יחידה,0.00,יחידה,false,,12.90,0.0000,true,1,217701
7290114606530,false,רוטב בטעם מיונז וקטשופ מאסטר שף 515 גרם,מאסטר שף,NL,מאסטר שף רוטב בטעם מ,גרמים,515.00,100 גרם,false,,12.90,0.0250,true,1,218684
7290114606547,false,מיונז פטריות כמהין לחיץ מאסטר שף 242 גרם,מאסטר שף,NL,מיונז עם פטריות כמהי,גרמים,242.00,100 גרם,false,,12.90,0.0533,true,1,218800
7290114606554,false,מיונז מופחת קלוריות בקבוק לחיץ,מאסטר שף,NL,מאסטר שף ממרח ספייסי,גרמים,470.00,100 גרם,false,,12.90,0.0274,true,1,218683
7290114606578,false,שקדי מרק מאסטר שף 400 גרם,מאסטר שף,IL,שקדי מרק מאסטר שף,גרמים,400.00,100 גרם,false,,9.90,0.0248,true,1,260537
7290114606592,false,מאסטר שף סויה מסורתית 46% פולי סויה 620 גרם,קריניציה ויטמינה אס,TH,סויה מסורתית מאסטר ש,מיליליטרים,620.00,"100 מ""ל",false,,15.90,0.0256,true,1,260820
7290114606608,false,רוטב סויה מסורתי מאסטר שף דל נתרן 40 דל נתרן,קריניציה ויטמינה אס,TH,סויה דל נתרן מאסטר ש,מיליליטרים,620.00,"100 מ""ל",false,,15.90,0.0256,true,1,260821
7290114608169,false,פרי גרנולה קפה וקקאו עם אגוזים 300 גר',"אפקטבעי בע""מ",IL,פרי גרנולה קפה וקקאו,גרמים,300.00,100 גרם,false,,13.90,0.0463,true,1,261688
7290114608688,false,פירורי לחם מתובלים מ,EinatFood,IL,פירורי לחם מתובלים,גרמים,480.00,100 גרם,false,,7.90,0.0165,true,1,262541
7290114659949,false,מסכה לפנים חד-פעמי 50 יחי,נ'יאנג יונג,CN,מסכה לפנים 50 יח' חד,יחידה,0.00,יחידה,false,,10.00,0.0000,true,1,211602
7290114750813,false,דאו גילט קליר גל Cool Wave מארז זוג לגברלגבר,פרוקטר אנד גמבל,GB,דאודורנט קליר ג'ל C,יחידה,0.00,יחידה,false,,28.90,0.0000,false,1,211343
7290114821469,false,כבד דג שיבוט מעושן במיץ טבעי אופיסר 120 גרם,אופיסר Officer,IS,כבד דג שיבוט מעושן ב,גרמים,120.00,100 גרם,false,,13.90,0.1158,true,1,216567
7290115071481,false,6 מטבעות שוקולד באריזת רשת 31 גר LOL,שמחה זה אנחנו,NL,מטבעות שוקולד ברשת L,גרמים,31.00,100 גרם,false,,3.90,0.1258,true,1,216613
7290115071504,false,6 מטבעות שוקולד באריזת רשת 31 גר סמי הכב,שמחה זה אנחנו,NL,מטבעות שוקולד ברשת ס,גרמים,31.00,100 גרם,false,,3.90,0.1258,true,1,216622
7290115071528,false,מטבעות שוקולד ברשת מ,,,מטבעות שוקולד ברשת מ,גרמים,31.00,100 גרם,false,,3.90,0.1258,true,1,216624
7290115071535,false,מטבעות שוקולד ברשת מפרץ הרפתקאות 31 גר,,NL,מטבעות שוקולד ברשת מ,גרמים,31.00,100 גרם,false,,3.90,0.1258,true,1,216625
7290115073676,false,מסכה לפנים חד פעמי 50 יח צבעוניות,שמחה זה אנחנו,CN,מסכה לפנים חד פעמי 5,יחידה,0.00,יחידה,false,,10.00,0.0000,true,1,214650
7290115074130,false,בקבוק עם ידית וכיסוי סיליקון 500 - ורוד,,,בקבוק עם כיסוי סיליק,יחידה,0.00,יחידה,false,,24.90,0.0000,true,1,266506
7290115074185,false,בקבוק שתיה 500 כיסוי סיליקון וידית שחור,שמחה זה אנחנו,CN,בקבוק עם ידית וכיסוי,יחידה,0.00,יחידה,false,,24.90,0.0000,true,1,266524
7290115079371,false,בקבוק נירוסטה דופן כ,,,בקבוק נירוסטה דופן כ,יחידה,0.00,יחידה,false,,39.00,0.0000,true,1,261118
7290115079388,false,בקבוק נירוסטה דופן כ,,,בקבוק נירוסטה דופן כ,יחידה,0.00,יחידה,false,,39.00,0.0000,true,1,261119
7290115079531,false,בקבוק בועות סבון 175,,,בקבוק בועות סבון 175,יחידה,0.00,יחידה,false,,4.90,0.0000,true,1,260908
7290115120752,false,חטיף באדי סנאק צ'יקן דאמבל 80 ג',,,חטיף באדי סנאק צ'יקן,גרמים,80.00,100 גרם,false,,12.90,0.1613,true,1,218480
7290115190007,false,מרלבורו אדום בוקס פא,פיליפ מוריס,TR,פקט מרלבורו רד PP,יחידה,0.00,יחידה,false,,342.00,0.0000,false,1,214855
7290115190014,false,סיגריות מרלבורו רד קצר בוקס,פיליפ מוריס,IL,מרלבורו רד PP חפיסה,יחידה,0.00,יחידה,false,,35.00,0.0000,false,1,214820
7290115190052,false,סיגריות מרלבורו מדיום פלייבור מיקס,פיליפ מוריס,US,מרלבורו פלייבור מיקס,יחידה,0.00,יחידה,false,,35.00,0.0000,false,1,214816
7290115190069,false,מרלבורו גולד ארוך פאקט,פיליפ מוריס,IL,מרלבורו גולד 100 PP,יחידה,0.00,יחידה,false,,342.00,0.0000,false,1,215591
7290115190076,false,סיגריות מרלבורו גולד ארוך 100 בוקס,פיליפ מוריס,TR,מרלבורו גולד 100 PP,יחידה,0.00,יחידה,false,,35.00,0.0000,false,1,215592
7290115190083,false,מרלבורו גולד קצר פאקט,פיליפ מוריס,IL,פקט מרלבורו גולד PP,יחידה,0.00,יחידה,false,,342.00,0.0000,false,1,214853
7290115190090,false,סיגריות מרלבורו קצר בוקס בודד,פיליפ מוריס,US,מרלבורו גולד PP חפיס,יחידה,0.00,יחידה,false,,35.00,0.0000,false,1,214817
7290115190120,false,מרלבורו גולד פיין טאצ' פאקט,פיליפ מוריס,IL,פקט מרלבורו פיין טאץ,יחידה,0.00,יחידה,false,,303.00,0.0000,false,1,214856
7290115190137,false,סיגריות מרלבורו טאצ סילבר יחידה,פיליפ מוריס,IL,מרלבורו פיין טאץ' P,יחידה,0.00,יחידה,false,,31.00,0.0000,false,1,214822
7290115190144,false,מרלבורו גולד טאצ' פאקט,פיליפ מוריס,IL,פקט מרלבורו טאץ' PP,יחידה,0.00,יחידה,false,,303.00,0.0000,false,1,214857
7290115190151,false,סיגריות מרלבורו טאצ גולד,פיליפ מוריס,IL,מרלבורו טאץ' PP חפיס,יחידה,0.00,יחידה,false,,31.00,0.0000,false,1,214823
7290115190175,false,פרלמנט סופר סלימס קופסא,פיליפ מוריס,US,פרלמנט סופר סלימס PP,יחידה,0.00,יחידה,false,,40.00,0.0000,false,1,214808
7290115190182,false,פרלמנט נייט ארוך פאקט,פיליפ מוריס,TR,פקט פרלמנט נייט 100P,יחידה,0.00,יחידה,false,,392.00,0.0000,false,1,216355
7290115190199,false,פרלמנט נייט ארוך חפיסה,פיליפ מוריס,TR,פרלמנט נייט 100PP,יחידה,0.00,יחידה,false,,40.00,0.0000,false,1,216356
7290115190205,false,פרלמנט ארוך בלו RCB פאקט,פיליפ מוריס,TR,פקט פרלמנט בלו 100 P,יחידה,0.00,יחידה,false,,392.00,0.0000,false,1,214840
7290115190212,false,סיגריות פרלמנט בלו 100 BR בודד,פיליפ מוריס,PL,פרלמנט בלו 100 PP חפ,יחידה,0.00,יחידה,false,,40.00,0.0000,false,1,214810
7290115190236,false,סיגריות פרלמנט קצר בלו בודד,פיליפ מוריס,IL,פרלמנט בלו PP חפיסה,יחידה,0.00,יחידה,false,,40.00,0.0000,false,1,214811
7290115190250,false,סיגריות פרלמנט קצר בודד,פיליפ מוריס,US,פרלמנט נייט PP חפיסה,יחידה,0.00,יחידה,false,,40.00,0.0000,false,1,214812
7290115190267,false,סיגריות פרלמנט סילבר,פיליפ מוריס,TR,פקט פרלמנט סילבר PP,יחידה,0.00,יחידה,false,,392.00,0.0000,false,1,214843
7290115190274,false,סיגריות פרלמנט סילבר בודד,פיליפ מוריס,US,פרלמנט סילבר PP חפיס,יחידה,0.00,יחידה,false,,40.00,0.0000,false,1,214813
7290115190328,false,ל.מ. בלו לייבל ארוך פאקט,פיליפ מוריס,TR,פקט ל.מ בלו 100 PP,יחידה,0.00,יחידה,false,,303.00,0.0000,false,1,216357
7290115190335,false,ל.מ.בלו לייבל ארוך בוקס חפיסה,פיליפ מוריס,TR,ל.מ בלו 100 PP,יחידה,0.00,יחידה,false,,31.00,0.0000,false,1,216362
7290115190342,false,אל אם כחול קצר לייבל,פיליפ מוריס,TR,פקט ל.מ. בלו PP,יחידה,0.00,יחידה,false,,303.00,0.0000,false,1,214828
7290115190359,false,סיגריות L.M בלו לייבל קצר,פיליפ מוריס,US,ל.מ. בלו PP חפיסה,יחידה,0.00,יחידה,false,,31.00,0.0000,false,1,214799
7290115190366,false,סיגריות ל.מ. קפסולהP,פיליפ מוריס,TR,פקט ל.מ. קפסולה PP,יחידה,0.00,יחידה,false,,303.00,0.0000,false,1,214829
7290115190373,false,סיגריות ל.מ. קפסולהP,פיליפ מוריס,TR,ל.מ. קפסולה PP חפיסה,יחידה,0.00,יחידה,false,,31.00,0.0000,false,1,214803
7290115190397,false,סיגריות L.M קצר רד לייבל בודד,פיליפ מוריס,US,ל.מ. רד PP חפיסה,יחידה,0.00,יחידה,false,,31.00,0.0000,false,1,214800
7290115190410,false,ל.מ. סילבר לייבל חפיסה,פיליפ מוריס,TR,ל.מ. סילבר PP חפיסה,יחידה,0.00,יחידה,false,,31.00,0.0000,false,1,214804
7290115190434,false,סיגריות LM לייט וייב סלימס,פיליפ מוריס,US,ל.מ. וייב PP חפיסה,יחידה,0.00,יחידה,false,,31.00,0.0000,false,1,214801
7290115190472,false,סיגריות נקסט פיין אדג',פיליפ מוריס,TR,נקסט פיין אדג' חפיסה,יחידה,0.00,יחידה,false,,27.00,0.0000,false,1,216265
7290115190489,false,סיגריות נקסט פיין 10,פיליפ מוריס,TR,פקט נקסט פיין 100,יחידה,0.00,יחידה,false,,292.00,0.0000,false,1,216366
7290115190519,false,סיגריות נקסט פיין חפ,פיליפ מוריס,PL,נקסט פיין PP חפיסה,יחידה,0.00,יחידה,false,,30.00,0.0000,false,1,214805
7290115190533,false,סיגריות נקסט ריסס 100 בודד,פיליפ מוריס,TR,נקסט פיין ריסס ארוך,יחידה,0.00,יחידה,false,,28.00,0.0000,false,1,215815
7290115190571,false,סיגריות נקסט לילך בודד,פיליפ מוריס,US,נקסט לילך PP חפיסה,יחידה,0.00,יחידה,false,,30.00,0.0000,false,1,214806
7290115190595,false,סיגריות נקסט אוריגינ,פיליפ מוריס,PL,נקסט אוריג'ינל PP חפ,יחידה,0.00,יחידה,false,,30.00,0.0000,false,1,214807
7290115200003,false,פתי בר פינוקי וניל אסם 220 גרם,תאי פרזידנט פוד פאבל,PL,פתיבר פינוקי וניל אס,גרמים,220.00,100 גרם,false,,10.90,0.0495,true,1,211705
7290115200027,false,אסם פתי בר פינוקים שוקו 220 גרם,קריות זול,PL,פתיבר פינוקי שוקו אס,גרמים,220.00,100 גרם,false,,10.90,0.0495,true,1,211706
7290115200676,false,עוגיות קרמוגית במילוי קרם בטעם קרמל מלוח,"הגביע מוצרי וופלים בע""\מ",IL,אסם קרמוגית קרמל מלו,גרמים,200.00,100 גרם,false,,11.50,0.0575,true,1,215021
7290115200713,false,במבה קלאסי מארז אחיד 8 50*5 ג',"אסם השקעות בע""\מ",IL,מארז במבה,גרמים,250.00,100 גרם,false,,12.90,0.0516,true,1,211304
7290115201031,false,אסם פתיבר דובוני שוקולד 175 גרם,טרופיקל דגיל תעשיות,PL,פתיבר דובי שוקולד,גרמים,175.00,100 גרם,false,,10.90,0.0623,true,1,217605
7290115201451,false,טבעול גורמה לביבות בטטה קארי 455 גרם,טבעול )מקבוצת אסם השקעות,IL,טבעול גורמה לביבות ב,גרמים,455.00,100 גרם,false,,33.90,0.0745,true,1,263062
7290115201475,false,טבעול גורמה לביבות כרישה 434 גרם,טבעול )מקבוצת אסם השקעות,IL,טבעול גורמה לביבות כ,גרמים,434.00,100 גרם,false,,33.90,0.0781,true,1,263063
7290115201536,false,"טבעול גורמה לביבות כרובית ותפו""א 442 גרם",טבעול )מקבוצת אסם השקעות,IL,טבעול גורמה לביבות כ,גרמים,442.00,100 גרם,false,,33.90,0.0767,true,1,263064
7290115201550,false,ביסלי קרנבל מיקס 150 ג' אסם,פרו מן יו פתרונות אר,IL,ביסלי קרנבל מיקס 150,גרמים,150.00,100 גרם,false,,9.00,0.0600,false,1,215009
7290115201680,false,ביסלי בטעם ברביקיו אסם 70 גרם,"אסם השקעות בע""\מ",IL,ביסלי ברביקיו 70 גרם,גרמים,70.00,100 גרם,false,,4.70,0.0671,false,1,215010
7290115201741,false,ביסלי בטעם בצל אסם 70 גרם,"אסם השקעות בע""\מ",IL,ביסלי בצל 70 גרם,גרמים,70.00,100 גרם,false,,4.70,0.0671,false,1,215013
7290115202212,false,טבעול גורמה לביבות סלק 434 גרם,טבעול )מקבוצת אסם השקעות,IL,טבעול גורמה לביבות ס,גרמים,434.00,100 גרם,false,,33.90,0.0781,true,1,263065
7290115202236,false,טופו קראנצ'ים טבעול 470 גרם,עיצובים 2020 (4.8),IL,טבעול טופו קראנצ'ים,גרמים,470.00,100 גרם,false,,31.00,0.0660,false,1,219305
7290115202786,false,מנה חמה פאוץ נודלס אטריות טעם בקר 70 גרם,תאי פרזידנט,TH,מנה חמה פאוצ' בקר,גרמים,70.00,100 גרם,false,,4.40,0.0629,true,1,217782
7290115202816,false,מנה חמה פאוץ נודלס אטריות טעם עוף 70 גרם,תאי פרזידנט,TH,מנה חמה פאוצ' עוף,גרמים,70.00,100 גרם,false,,4.40,0.0629,true,1,217783
7290115202847,false,מנה חמה פאוץ נודלס אטריות טעם עוף 70 גרם,תאי פרזידנט,TH,מנה חמה פאוצ' נודלס,גרמים,70.00,100 גרם,false,,4.40,0.0629,true,1,217784
7290115202939,false,מנה חמה רייס נודלס עוף פטריות אסם 50 גרם,מיוצר עי קונדיטוריית,TH,מנה חמה רייס נודלס ע,גרמים,50.00,100 גרם,false,,8.50,0.1700,true,1,261388
7290115203134,false,פופקו פופקורן במבה - פופקורן בציפוי קרמל ובוטנים,"אסם השקעות בע""\מ",IL,פופקו פופקורן במבה,גרמים,80.00,100 גרם,false,,5.30,0.0662,false,1,218363
7290115203172,false,במבה PRO מכיל 18 גרם חלבון בשקית,"אסם השקעות בע""\מ",IL,במבה פרו 80 גר',גרמים,80.00,100 גרם,false,,5.00,0.0625,false,1,264820
7290115203486,false,פירורית בטעם ביסלי גריל אסם 200 גרם,עינת תעשיות מזון אגו,IL,פירורית בטעם ביסלי ג,גרמים,200.00,100 גרם,false,,6.00,0.0300,false,1,218369
7290115204018,false,מנה חמה איטלקי פסטה בסגנון אלפרדו 60 ג' אסם,"אסם תעשיות בע""מ",IL,מנה חמה איטלקי פסטה,גרמים,60.00,100 גרם,false,,6.70,0.1117,false,1,218642
7290115204056,false,"קטשופ מופחת סוכר אסם 690 גרם כשל""פ","אסם תעשיות בע""מ",IL,קטשופ אסם מופחת סוכר,גרמים,690.00,100 גרם,false,,9.90,0.0143,false,1,218768
7290115205176,false,פיטנס - קרקר דק כפרי פיטנס 140 גרם,נסטלה Nestle,IL,פיטנס קרקר דק כפרי,גרמים,140.00,100 גרם,false,,11.90,0.0850,true,1,261038
7290115205251,false,פריכיות קרמל מלוח פיטנס בר 84 גרם,פרח תעשיות,IL,פיטנס בר פריכיות קרמ,גרמים,84.00,100 גרם,false,,12.90,0.1536,true,1,265447
7290115205312,false,קרקר פיטנס דק עם זיתי קלמטה ועשבי תיבול,"אסם השקעות בע""\מ",IL,פיטנס קרקר זיתים,גרמים,140.00,100 גרם,false,,11.90,0.0850,true,1,263978
7290115205695,false,אסם בונזור בצק מצונן לפיצה 460 גרם,נסטלה סוויס )שוויץ(,CH,בצק מצונן לפיצה בונז,גרמים,460.00,100 גרם,false,,17.90,0.0389,true,1,262468
7290115205718,false,אסם בונזור בצק מצונן עלים 230 גרם,נסטלה סוויס )שוויץ(,CH,בצק מצונן עלים בונז',גרמים,230.00,100 גרם,false,,13.90,0.0604,true,1,262469
7290115206135,false,"טבעול גורמה ארוחת קינואה, 450 גרם",טבעול (מקבוצת אסם הש,IL,טבעול גורמה ארוחת קי,גרמים,450.00,100 גרם,false,,33.90,0.0753,true,1,262784
7290115206531,false,אסם קרמוגית במילוי קרם בייגלה 12*200 גרם,אסם-נסטלה,IL,קרמוגית קרם בייגלה,גרמים,200.00,100 גרם,false,,11.50,0.0575,true,1,260816
7290115207620,false,"רוטב בסגנון סויה קלאסי 290 מ""ל אסם","אסם השקעות בע""\מ",IL,רוטב בסגנון סויה קלא,מיליליטרים,290.00,"100 מ""ל",false,,13.90,0.0479,true,1,263768
7290115207682,false,אסם רוטב בסגנון סויה סיני 9*290מל חדש,"אסם השקעות בע""\מ",IL,רוטב סויה בסגנון סינ,מיליליטרים,290.00,"100 מ""ל",false,,12.00,0.0414,true,1,263766
7290115207798,false,טבעול המבורגר חריף טבעוני 420 גרם,"טבעול תעשיות מזון בע""\מ",IL,טבעול בורגר חריף טבע,גרמים,420.00,100 גרם,false,,31.00,0.0738,true,1,263984
7290115207941,false,סירופ אננס ויטמינצ'יק 1 ליטר,בית-השיטה עסיס תעשיות מז,IL,ויטמינצ'יק אננס 1 לי,ליטרים,1.00,ליטר,false,,21.90,21.9000,false,1,262295
7290115207989,false,סירופ לימון ויטמינצ'יק 1 ליטר,בית-השיטה עסיס תעשיות מז,IL,ויטמינצ'יק לימון 1 ל,ליטרים,1.00,ליטר,false,,21.90,21.9000,false,1,262443
7290115208009,false,סירופ ענבים ויטמינצ'יק 1 ליטר,בית-השיטה עסיס תעשיות מז,IL,ויטמינצ'יק ענבים 1 ל,ליטרים,1.00,ליטר,false,,21.90,21.9000,false,1,262303
7290115208047,false,סירופ פטל ויטמינצ'יק 1 ליטר,בית-השיטה עסיס תעשיות מז,IL,ויטמינצ'יק פטל 1 ליט,ליטרים,1.00,ליטר,false,,21.90,21.9000,false,1,262294
7290115208061,false,סירופ תפוח ויטמינצ'יק 1 ליטר,בית השיטה עסיס תעשיות מז,IL,ויטמינצ'יק תפוח 1 לי,ליטרים,1.00,ליטר,false,,21.90,21.9000,false,1,262297
7290115208320,false,אפרופו חטיף בטעם ביסלי בצל 50 גרם,"אסם השקעות בע""\מ",IL,אפרופו בטעם ביסלי בצ,גרמים,50.00,100 גרם,false,,5.20,0.1040,false,1,266154
7290115208344,false,בייגלה כפיות שמנת בצל אסם 300 גרם,"אסם השקעות בע""\מ",IL,בייגלה כפיות שמנת בצ,גרמים,300.00,100 גרם,false,,11.90,0.0397,false,1,264988
7290115208597,false,קרמוגית מיניס קרמל מלוח אסם 200 גרם,"אסם השקעות בע""\מ",IL,אסם קרמוגית מיניס קר,גרמים,200.00,100 גרם,false,,11.50,0.0575,true,1,264825
7290115208849,false,"מנה חמה פסטה מוקרמת ט.עוף בד""צ 55גר","אסם תעשיות בע""מ",IL,מנה חמה פירה עם בטטה,גרמים,51.00,100 גרם,false,,6.70,0.1314,false,1,266148
7290115209136,false,טבעול חטיפי עוף צמחי העדה החרדית 6*1.2קג,"טבעול תעשיות מזון בע""\מ",IL,טבעול חטיפי עוף צמחי,קילוגרמים,1.20,"100 ק""ג",false,,34.90,29.0833,false,1,264171
7290115209198,false,במבה אוורירית אסם 80 גרם,"אסם תעשיות בע""מ",IL,במבה אוורירית 80 גר,גרמים,80.00,100 גרם,false,,5.00,0.0625,false,1,264146
7290115209235,false,ביסקוויט פתי בר קפה אסם 500 גרם,"אסם תעשיות בע""מ",IL,אסם פתי בר קפה,גרמים,500.00,100 גרם,false,,13.90,0.0278,false,1,265450
7290115252552,false,פאי אגוזים טבעוני 400 גר,פתפותים לחמים ומאפים מקמ,IL,פאי אגוזים טבעוני פ,גרמים,400.00,100 גרם,false,,44.90,0.1122,true,1,218252
7290115259193,false,טופי פירות יער בעבודת יד 100 גרם,,IL,טופי קרמל פירות יער,גרמים,100.00,100 גרם,false,,19.90,0.1990,true,1,261866
7290115259414,false,מרציפן פיסטוק בציפוי,,,מרציפן פיסטוק בציפוי,גרמים,40.00,100 גרם,false,,9.90,0.2475,true,1,265870
7290115480009,false,"מרכך כביסה מרוכז פרש קונטרול ירוק 900 מ""ל סוד",הנקל סוד,IL,סוד מרכך מרוכז ירוק,מיליליטרים,900.00,"100 מ""ל",false,,11.90,0.0132,true,1,261665
7290115480016,false,סוד פאוור קאפס לכביסה צבעונית 26 יחי,סוד,HU,סוד קפסולות ג'ל 26 י,יחידה,0.00,יחידה,false,,29.90,0.0000,true,1,264529
7290115480023,false,סוד פאוור קאפס לכביסה צבעונית 45 יחי,הנקל,RS,סוד קפסולות ג'ל 45 י,יחידה,0.00,יחידה,false,,39.90,0.0000,true,1,264459
7290115670677,false,אנרג'י גרנולה פירות טרופיים 400 גרם,Unknown,CZ,גרנולה אנרג'י פירות,גרמים,400.00,100 גרם,false,,14.90,0.0373,true,1,217951
7290115670684,false,גרנולה שיבולת שועל עם אגוזי לוז,אנרג'י Energy - שטראוס,CZ,גרנולה אנרג'י אגוזים,גרמים,400.00,100 גרם,false,,14.90,0.0373,true,1,217952
7290115670691,false,גרנולה שיבולת שועל עם פירות יער,אנרג'י Energy - שטראוס,CZ,גרנולה אנרג'י פירות,גרמים,400.00,100 גרם,false,,14.90,0.0373,true,1,217954
7290115671155,false,שלישיית סוכריות מאסט FRESH ענבים 45 גרם,הליקון גידה,TR,שלישיית סוכריות פרש,גרמים,45.00,100 גרם,false,,9.90,0.2200,true,1,262090
7290115671223,false,מסטיק מאסט פאן אבטיח מנגו צנצנת 58 גרם,אסקום קונפקשיין,DE,מאסט פאן אבטיח מנגו,גרמים,58.00,100 גרם,false,,9.90,0.1707,true,1,262088
7290115671308,false,מסטיק מאסט פאן תות דובדבן צנצנת 58 גרם,אסקום קונפשטיין,DE,מאסט פאן תות דובדבן,גרמים,58.00,100 גרם,false,,9.90,0.1707,true,1,262089
7290115671339,false,מיני פינוקיות בראוניז בייגל בוטן עלית 180 ג' עלית,"הגביע מוצרי ופלים בע""\מ",IL,מיני פינוקיות בראוני,גרמים,180.00,100 גרם,false,,11.50,0.0639,true,1,219445
7290115671346,false,מיני פינוקיות טופי קרמל מלוח עלית 180 גרם,"הגביע מוצרי ופלים בע""\מ",IL,מיני פינוקיות טופי ק,גרמים,180.00,100 גרם,false,,11.50,0.0639,true,1,219446
7290115671353,false,מיני פינוקיות עוגיות קקאו במילוי קרם בטעם וניל,"הגביע מוצרי ופלים בע""\מ",IL,מיני פינוקיות שחור ל,גרמים,180.00,100 גרם,false,,11.50,0.0639,true,1,262095
7290115671421,false,פולי אספרסו עשירים וארומטיים עוצמה 10 250 ג' עלית,שטראוס קפה בי. וי.,IL,פולי אספרסו עשירים ו,גרמים,250.00,100 גרם,false,,21.90,0.0876,false,1,263025
7290115675559,false,מארז קפה טורקי לדרך 10 יחידות,שטראוס קפה בי.וי.,IL,מארז קפה טורקי לדרך,גרמים,70.00,100 גרם,false,,8.50,0.1214,false,1,217659
7290115675696,false,דגני בוקר קראנצ'ים שיבולת שועל עם אגוזים ושקדים,גלידות שטראוס,PL,קוואקר Cruesli אגוזי,גרמים,375.00,100 גרם,false,,21.90,0.0584,true,1,219476
7290115675702,false,דגני בוקר קראנצ'ים שיבולת שועל עם פירות מיובשים,גלידות שטראוס,PL,קוואקר Cruesli פירות,גרמים,375.00,100 גרם,false,,21.90,0.0584,true,1,219477
7290115675986,false,דנונה יוגורט בר עם אגוזים מקורמלים 173 גרם,"שטראוס בריאות בע""\מ",IL,דנונה קראנצ אגוזים מ,גרמים,173.00,100 גרם,false,,4.80,0.0277,false,1,216549
7290115676037,false,דנונה ריפרש יוגורט עם תות ודומדמניות 1.6% שומן,מיוצר עי קונדיטוריית,IL,דנונה ריפרש תות דומד,גרמים,250.00,100 גרם,false,,5.80,0.0232,true,1,218468
7290115676051,false,"משקה אקטיביה שיבולת שועל במתיקות מעודנת 250 מ""ל",מיוצר עי קונדיטוריית,IL,משקה אקטיביה עם שיבו,גרמים,265.00,100 גרם,false,,5.20,0.0196,true,1,261046
7290115676082,false,משקה דנונה פרו 20 יוגורט תות 255 ג' רבנות,"שטראוס בריאות בע""\מ.",IL,משקה דנונה פרו תות,גרמים,255.00,100 גרם,false,,7.20,0.0282,true,1,218471
7290115676099,false,משקה דנונה פרו 20 יוגורט וניל 255 ג' רבנות,"שטראוס בריאות בע""\מ.",IL,משקה דנונה פרו וניל,גרמים,255.00,100 גרם,false,,7.20,0.0282,true,1,218472
7290115677362,false,"נודלס טריאקי ""דלישס"" שטראוס","טרופיקל דגיל בע""מ אז",IL,נודלס טריאקי דלישס,גרמים,350.00,100 גרם,false,,23.90,0.0683,true,1,260790
7290115677409,false,אורז קארי צהוב עם ירקות ברוטב קארי וקרם קוקוס,אוכל ביתי ניר עציון,IL,אורז קארי צהוב דלישס,גרמים,350.00,100 גרם,false,,23.90,0.0683,true,1,260792
7290115677423,false,אורז ירוק קארי חריף חריף דלישס 350 גרם,"טרופיקל דגיל בע""מ אז",IL,אורז קארי ירוק חריף,גרמים,350.00,100 גרם,false,,23.90,0.0683,true,1,260793
7290115677676,false,חומוס עשיר בטחינה גולמית עם מלא חריף 400 גר אחלה,"שטראוס גרופ בע""\מ",IL,חומוס בתוספת חריף הס,גרמים,400.00,100 גרם,false,,12.90,0.0323,true,1,216514
7290115677904,false,חומוס פלפלים חריף אחלה 235 גרם,מיוצר עי קונדיטוריית,IL,חומוס פלפלים חריף,גרמים,235.00,100 גרם,false,,9.90,0.0421,true,1,217940
7290115677959,false,אחלה סלט גוואקמולי 220 גרם,ג'י. אר. סימפלוט,IL,גוואקמולי אחלה 220 ג,גרמים,220.00,100 גרם,false,,16.50,0.0750,true,1,261122
7290115677966,false,ממרח אבוקדו טעם הטבע 200 גרם,ג'י. אר. סימפלוט,MX,ממרח אבוקדו 200 גרם,גרמים,200.00,100 גרם,false,,13.90,0.0695,true,1,260830
7290115678222,false,מארז 8 גביעים יוגורט Greek בסגנון יווני 6.5% שומן,"שטראוס בריאות בע""\מ",IL,יוגורט יווני מארז שמ,קילוגרמים,1.04,"ק""ג",false,,24.90,23.9423,true,1,218470
7290115678376,false,מעדן הגולן שוקולד 125 גרם,מיוצר עי קונדיטוריית,IL,מעדן הגולן שוקולד,גרמים,125.00,100 גרם,false,,2.90,0.0232,false,1,219516
7290115678383,false,מעדן הגולן שוקולד מריר 125 גרם,מיוצר עי קונדיטוריית,IL,מעדן הגולן מריר,גרמים,125.00,100 גרם,false,,2.90,0.0232,false,1,219517
7290115678598,false,חסה אייסברג שטראוס טעם הטבע,שטראוס בריאות ירקות טריי,IL,חסה אייסברג חיתוך גס,גרמים,300.00,100 גרם,false,,9.90,0.0330,true,1,261223
7290115678970,false,מארז סוכריות FRESH בטעם בזוקה עלית 3*15 ג',"הליקון גידה בע""\מ",TR,סוכריות FRESH בטעם ב,גרמים,45.00,100 גרם,false,,9.90,0.2200,true,1,219521
7290115679519,false,שייק פירות ורוד 150X2גר,סיבהפרוסט,BE,דלישס שייק פירות ורו,גרמים,300.00,100 גרם,false,,21.00,0.0700,true,1,266174
7290115679779,false,שייק פירות אדום דליש,סיבהפרוסט,BE,דלישס שייק פירות אדו,גרמים,300.00,100 גרם,false,,21.00,0.0700,true,1,266177
7290115679960,false,ציטוס פופקורן בטעם טבעי 60 ג 24 יח,"שטראוס פריטו ליי בע""\מ )",IL,צ'יטוס פופקורן טבעי,גרמים,60.00,100 גרם,false,,4.00,0.0667,true,1,260807
7290115730876,false,כוסות ליקר ניאון 2OZ,,IL,כוסות ליקר ניאון,יחידה,0.00,יחידה,false,,5.90,0.0000,true,1,260715
7290115730937,false,כוס מעוטר צבעוני 300,תבניכל,CN,כוס מעוטר 40 יח',יחידה,0.00,יחידה,false,,12.90,0.0000,true,1,263865
7290115730951,false,כוסות שתיה פסים שקוף 20,,CN,כוסות שתיה יוקרתיות,יחידה,0.00,יחידה,false,,19.90,0.0000,true,1,260733
7290115730975,false,כוסות שתיה פסים ניצוצות,,CN,כוסות שתיה יוקרתיות,יחידה,0.00,יחידה,false,,16.90,0.0000,true,1,217071
7290115731446,false,כוסות נייר יוקרתיות,,,כוסות נייר יוקרתיות,יחידה,0.00,יחידה,false,,8.90,0.0000,true,1,266671
7290115731569,false,כוס נייר נחלים עבה ג,,,כוס נייר נחלים עבה ג,יחידה,0.00,יחידה,false,,11.90,0.0000,true,1,219946
7290115732641,false,צלחות עלים דקל קטנות,,,צלחות עלים דקל קטנות,יחידה,0.00,יחידה,false,,5.40,0.0000,true,1,216901
7290115732658,false,צלחות עלים דקל בנוני,,,צלחות עלים דקל בנוני,יחידה,0.00,יחידה,false,,6.90,0.0000,true,1,216902
7290115733099,false,"כוסות ח""פ ספיר 75 יחידות",פלזית,IL,כוס ספיר 75 יח',יחידה,0.00,יחידה,false,,10.00,0.0000,true,1,262038
7290115733129,false,קופסית עוגה אינגליש,,,קופסית עוגה אינגליש,יחידה,0.00,יחידה,false,,7.90,0.0000,true,1,260730
7290115733136,false,קופסת עוגה תבנית גדו,,,קופסת עוגה תבנית גדו,יחידה,0.00,יחידה,false,,11.00,0.0000,true,1,260731
7290115733143,false,מפות מוטבעות זהב,,,מפות מוטבעות זהב,יחידה,0.00,יחידה,false,,9.90,0.0000,true,1,263640
7290115733631,false,קופסאות ומכסים רב פע,,,קופסאות ומכסים רב פע,יחידה,0.00,יחידה,false,,8.90,0.0000,true,1,219811
7290115733648,false,קופסאות ומכסים רב פע,,,קופסאות ומכסים רב פע,יחידה,0.00,יחידה,false,,8.90,0.0000,true,1,219810
7290115733655,false,קופסאות ומכסים רב פע,,,קופסאות ומכסים רב פע,יחידה,0.00,יחידה,false,,8.90,0.0000,true,1,219812
7290115733839,false,מגש גלים קטן זהב נצנ,,,מגש גלים קטן זהב נצנ,יחידה,0.00,יחידה,false,,5.90,0.0000,true,1,219806
7290115733969,false,תבנית לב +מכסה זהב שחור,,CN,תבניות אלומניום אישי,יחידה,0.00,יחידה,false,,12.90,0.0000,true,1,264334
7290115733976,false,תבנית ריבועית + מכסה,,CN,תבנית ריבועית + מכסה,יחידה,0.00,יחידה,false,,12.50,0.0000,true,1,261193
7290115735017,false,צלחת 7 קיסר לבן זהב,,,צלחת 7 קיסר לבן זהב,יחידה,0.00,יחידה,false,,18.90,0.0000,true,1,219786
7290115735055,false,צלחת 7 קיסר מנטה זהב,,,צלחת 7 קיסר מנטה זהב,יחידה,0.00,יחידה,false,,18.90,0.0000,true,1,260848
7290115735062,false,צלחת 7 קיסר ורוד כסף,,,צלחת 7 קיסר ורוד כסף,יחידה,0.00,יחידה,false,,18.90,0.0000,true,1,219800
7290115735086,false,צלחת 8.5 קיסר לבן זה,,,צלחת 8.5 קיסר לבן זה,יחידה,0.00,יחידה,false,,24.90,0.0000,true,1,219787
7290115735130,false,צלחת 8.5 קיסר מנטה ז,,,צלחת 8.5 קיסר מנטה ז,יחידה,0.00,יחידה,false,,24.90,0.0000,true,1,260850
7290115735154,false,צלחת 8.5 קיסר ורוד כ,,,צלחת 8.5 קיסר ורוד כ,יחידה,0.00,יחידה,false,,24.90,0.0000,true,1,219801
7290115735161,false,צלחת 10 קיסר לבן זהב,,,צלחת 10 קיסר לבן זהב,יחידה,0.00,יחידה,false,,34.90,0.0000,true,1,219785
7290115735215,false,צלחת 10 קיסר מנטה זה,,,צלחת 10 קיסר מנטה זה,יחידה,0.00,יחידה,false,,34.90,0.0000,true,1,260846
7290115735222,false,צלחת 10 קיסר ורוד כס,,,צלחת 10 קיסר ורוד כס,יחידה,0.00,יחידה,false,,34.90,0.0000,true,1,219797
7290115735246,false,מרקיה קיסר לבן זהב,,,מרקיה קיסר לבן זהב,יחידה,0.00,יחידה,false,,24.90,0.0000,true,1,219788
7290115735284,false,מרק קיסר מנטה זהב,,,מרק קיסר מנטה זהב,יחידה,0.00,יחידה,false,,24.90,0.0000,true,1,260847
7290115735307,false,מרקיה קיסר ורוד כסף,,,מרקיה קיסר ורוד כסף,יחידה,0.00,יחידה,false,,24.90,0.0000,true,1,219798
7290115735321,false,לפתניות קיסר לבן זהב,,,לפתניות קיסר לבן זהב,יחידה,0.00,יחידה,false,,12.90,0.0000,true,1,219789
7290115735383,false,לפתן קיסר ורוד כסף -,,,לפתן קיסר ורוד כסף -,יחידה,0.00,יחידה,false,,12.90,0.0000,true,1,219799
7290115735604,false,כוס 8 נייר טבעי אקול,,,כוס נייר אקולוגי 40,יחידה,0.00,יחידה,false,,9.90,0.0000,true,1,265114
7290115736649,false,כוס לונג 10 חלבי יח',,CN,כוס לונג,יחידה,0.00,יחידה,false,,5.50,0.0000,true,1,262489
7290115737431,false,צלחות גדולות הסדרה ה,,,צלחות גדולות הסדרה ה,יחידה,0.00,יחידה,false,,9.90,0.0000,true,1,262042
7290115737448,false,צלחות קטנות,,,צלחות קטנות,יחידה,0.00,יחידה,false,,7.90,0.0000,true,1,263898
7290115737455,false,לפתניות הסדרה הלבנה,,,לפתניות הסדרה הלבנה,יחידה,0.00,יחידה,false,,4.50,0.0000,true,1,263904
7290115737462,false,קסרול הסדרה הלבנה 25,,,קסרול הסדרה הלבנה 25,יחידה,0.00,יחידה,false,,5.50,0.0000,true,1,263899
7290115738001,false,צלחת 10 COLOR,,,צלחת 10 COLOR,יחידה,0.00,יחידה,false,,13.90,0.0000,true,1,263190
7290115738018,false,צלחת 9 COLOR,,,צלחת 9 COLOR,יחידה,0.00,יחידה,false,,9.50,0.0000,true,1,263871
7290115738025,false,צלחת 7 COLOR,,,צלחת 7 COLOR,יחידה,0.00,יחידה,false,,5.90,0.0000,true,1,263893
7290115738032,false,קסרול COLOR,,,קסרול COLOR,יחידה,0.00,יחידה,false,,4.50,0.0000,true,1,263894
7290115738049,false,מרק COLOR,,,מרק COLOR,יחידה,0.00,יחידה,false,,6.90,0.0000,true,1,263872
7290115738063,false,מגש אובלי שטוח COLOR,,,מגש אובלי שטוח COLOR,יחידה,0.00,יחידה,false,,8.50,0.0000,true,1,263896
7290115738087,false,קערה COLOR,,,קערה COLOR,יחידה,0.00,יחידה,false,,9.90,0.0000,true,1,263897
7290116244051,false,אצבעות שוקולד חלב 84 גרם LOL,סטילנד שוקולד,NL,אצבעות שוקולד חלב LO,גרמים,84.00,100 גרם,false,,7.90,0.0940,true,1,262936
7290116244075,false,סמי הכבאי אצבעות שוקולד חלב 84 גרם,סטילנד שוקולד,NL,אצבעות שוקולד חלב סמ,גרמים,84.00,100 גרם,false,,7.90,0.0940,true,1,262941
7290116530000,false,"דאב - תרחיץ פנים מרענן בניחוח מלפפון ותה ירוק 180 מ""ל","יוניליוור פולין, רחוב קר",IL,דאב תרחיץ פנים מלפפו,מיליליטרים,180.00,"100 מ""ל",false,,13.90,0.0772,true,1,265807
7290116530062,false,רוטב ויניגרט לסלט הלמנס 295 גרם,יוניליוור ישראל מזון בע\,IL,הלמנס לסלט ויניגרט 2,גרמים,295.00,100 גרם,false,,12.90,0.0437,true,1,219377
7290116530109,false,חטיף קליק נוגט ציפוי שוקולד לבן 35 גרם,"טחנת האבן תעשיות בע""\מ,",IL,קליק אוקיי נוגט לבן,גרמים,35.00,100 גרם,false,,5.00,0.1429,true,1,260653
7290116530116,false,קליק שלישיית ברים שוקולד נוגט לבן 105 גרם,,,קליק שלישיית ברים שו,גרמים,105.00,100 גרם,false,,14.90,0.1419,true,1,218926
7290116530147,false,"תחליב רחצה שייק פירות יער ירוקים ומאצה פינוק 700 מ""ל",יוניליוור ישראל טיפוח אי,IL,פינוק תחליב רחצה פיר,מיליליטרים,700.00,"100 מ""ל",false,,11.90,0.0170,false,1,218500
7290116530161,false,"פינוק ת. רחצה שייק אננס, מלון וחלב שיבולת שועל 750מ""ל",יוניליוור ישראל טיפוח אי,IL,פינוק תחליב רחצה אננ,מיליליטרים,700.00,"100 מ""ל",false,,11.90,0.0170,false,1,218502
7290116530185,false,"קורנפלקס דלישקד קרמל מלוח 400 גרם בד""ץ","יוניליוור שפע ישראל בע""\",IL,דלישקד 400 גר' תלמה,גרמים,400.00,100 גרם,false,,19.90,0.0497,false,1,260878
7290116530239,false,אקס דאו סטיק לגבר בלאק 7 גרם,יוניליוור פארם,US,אקס בלאק סטיק,גרמים,77.00,100 גרם,false,,15.90,0.2065,false,1,218499
7290116530482,false,מארז קורנפלקס של אלופים 5*30 ג' תלמה,פרו מן-יו פתרנות ארי,IL,מאגדת קורנפלקס אלופי,גרמים,150.00,100 גרם,false,,11.90,0.0793,false,1,260879
7290116530888,false,ג'ל לכביסה לבנה וצבעונית פינוק כחול בדין 2.5 ל',"זוהר דליה, קיבוץ דליה, 1",IL,בדין ג'ל לכביסה פינו,ליטרים,2.50,ליטר,false,,29.90,11.9600,true,1,219324
7290116530895,false,"תרסיס ריחני למייבש כביסה פינוק כחול בדין 500 מ""ל","זוהר דליה, קיבוץ דליה, 1",IL,בדין תרסיס למייבש פי,מיליליטרים,500.00,"100 מ""ל",false,,19.00,0.0380,true,1,219317
7290116531021,false,"שוקולד חלב ורד הגליל 100 גרם כשל""פ",יוניליוור ישראל מזון,IL,שוקולד חלב 100 גר' ו,גרמים,100.00,100 גרם,false,,5.90,0.0590,true,1,261109
7290116531038,false,"שוקולד מריר 60% ורד הגליל 100 גרם כשל""פ",יוניליוור ישראל מזון,IL,שוקולד מריר 60% טבלה,גרמים,100.00,100 גרם,false,,5.90,0.0590,true,1,261108
7290116531090,false,בייגל בייגל דג דג במליחות עדינה 250 גרם,"דרך השוקולד ,1 צפת 13404",IL,דגדג במליחות מעודנת,גרמים,250.00,100 גרם,false,,11.50,0.0460,true,1,262191
7290116531496,false,קינמונים דגנים פריכים מצופים 375 גרם,"נאוג'\אזיס נווזיס ,UAB ג",LT,קינמונים 375 גר',גרמים,375.00,100 גרם,false,,19.90,0.0531,false,1,264043
7290116531762,false,דפים ריחניים למייבש כביסה בדין ורוד 40 יחידות,"קלינטסט - 3p ארה""ב",US,בדין דפים למייבש ורו,יחידה,0.00,יחידה,false,,18.90,0.0000,true,1,263934
7290116531779,false,דפים ריחניים למייבש כביסה בדין כחול 40 יחידות,"קלינטסט - 3p ארה""ב",US,בדין דפי מרכך כחול 4,יחידה,0.00,יחידה,false,,18.90,0.0000,true,1,264178
7290116531793,false,הלמנ'ס רוטב לסלט קיסר 295 גרם,יוניליוור ישראל מזון בע\,IL,הלמנס רוטב לסלט קיסר,גרמים,295.00,100 גרם,false,,12.90,0.0437,true,1,261752
7290116531908,false,רוטב מרינדה לגריל יום עצמאות קנור 340 גרם,יוניליוור ישראל מזון בע\,IL,רוטב מרינדה לעל האש,גרמים,340.00,100 גרם,false,,12.90,0.0379,true,1,263747
7290116531939,false,גלידה בשומן צמחי בטעם תות שדה בציפוי מכיל שוקולד,"גלידת שטראוס בע""\מ, רח'",IL,גלידונית תות שדה,מיליליטרים,955.00,"100 מ""ל",false,,49.90,0.0523,false,1,263937
7290116531977,false,אקס דאודורנט בודי ספריי סקייטבורד וורדים,"קוסטר אירוסול, גבזה 4140",GB,"אקס ספריי גוף 150 מ""",מיליליטרים,150.00,"100 מ""ל",false,,11.90,0.0793,false,1,265678
7290116532011,false,קליק אוקיי נוגט בציפוי שוקולד חלב 35 גרם,תות תעשיות מזון (2014) ב,IL,קליק חטיף נוגט,גרמים,35.00,100 גרם,false,,5.00,0.1429,false,1,262980
7290116532219,false,קורנפלקס תות תלמה אלופים 448 גרם,"יוניליוור שפע ישראל בע""\",IL,קורנפלקס תות 448 תלמ,גרמים,500.00,100 גרם,false,,19.90,0.0398,false,1,264341
7290116532240,false,קליק טבלה שוקולד חלב פצפוצי דגנים ועוגי 85 גרם רבנות,יוניליוור ישראל מזון בע\,IL,קליק טבלה שוקולד חלב,גרמים,85.00,100 גרם,false,,7.00,0.0824,false,1,264370
7290116532264,false,מאגדת גודיז פרי אפרסק יוגורט בציפוי 300 ג' שטראוס,"גלידת שטראוס בע""\מ, רחוב",IL,מאגדת גודיז פרי אפרס,גרמים,300.00,100 גרם,false,,25.90,0.0863,true,1,264288
7290116532271,false,סנדוויץ לייט גודיז שוקולד וניל 270 ג' שטראוס,"גלידת שטראוס בע""\מ, רחוב",IL,מאגדת גודיז סנדוויץ,גרמים,270.00,100 גרם,false,,29.90,0.1107,true,1,264287
7290116532387,false,"אל סבון ידיים נוזלי חמאת שיאה 950 מ""ל פינוק",יוניליוור ישראל טיפוח אי,TR,פינוק סבון ידיים חמא,מיליליטרים,950.00,"100 מ""ל",false,,13.90,0.0146,true,1,264041
7290116532394,false,"אל סבון ידיים נוזלי חמאת קקאו 950 מ""ל פינוק",יוניליוור ישראל טיפוח אי,TR,פינוק סבון ידיים חמא,מיליליטרים,950.00,"100 מ""ל",false,,13.90,0.0146,true,1,264042
7290116532882,false,נישנושים איירביס בצל 155 גרם,"דרך השוקולד ,1 צפת 13404",IL,נשנושים איירביס בצל,גרמים,155.00,100 גרם,false,,13.50,0.0871,false,1,266005
7290116532899,false,נשנושים איירביס טעם פלאפל 155 גרם,"דרך השוקולד ,1 צפת 13404",IL,נשנושים איירביס פלאפ,גרמים,155.00,100 גרם,false,,13.50,0.0871,false,1,266006
7290116533094,false,"פינוק שמפו שיער בניחוח ורדים לבנים 700 מ""ל",יוניליוור ישראל טיפוח אי,IL,פינוק שמפו בניחוח ור,מיליליטרים,700.00,"100 מ""ל",false,,11.90,0.0170,false,1,265730
7290116533230,false,דגני בוקר דליאגוז תל,יוניליוור,IL,דליאגוז 400 גרם תלמה,גרמים,400.00,100 גרם,false,,19.90,0.0497,false,1,266488
7290116930015,false,חטיף חלבון GO קרמל ח.בוטנים קריספי 20 גרם חלבון,"בלמונט קונפקציות בע""\מ.",US,חטיף חלבון GO קרמל ח,יחידה,0.00,יחידה,false,,11.90,0.0000,true,1,264901
7290116930282,false,ארוחה בקטנה לאבנה עם קרקרים 150ג' תנובה,תנובה חלב,IL,ארוחה בקטנה לאבנה עם,גרמים,150.00,100 גרם,false,,7.60,0.0507,true,1,264875
7290116930435,false,יוגורט יופלה GO במרקם סמיך עם דובדבן 0%,תנובה מרכז שיתופי לש,IL,יוגורט גו סמיך 0% דו,גרמים,200.00,100 גרם,false,,6.20,0.0310,true,1,264005
7290116930459,false,"יופלה שייק מנגו בננה אננס וקוקוס 230 מ""ל",קבוצת המזון אקטשלאר,IL,יופלה SHAKE בננה אננ,מיליליטרים,230.00,"100 מ""ל",false,,7.90,0.0343,false,1,264404
7290116930466,false,"משקה SHAKE בננה מנגן פסיפלורה והל 230 מ""ל יופלה",קבוצת המזון אקטשלאר,IL,יופלה SHAKE מנגו בננ,מיליליטרים,230.00,"100 מ""ל",false,,7.90,0.0343,false,1,264405
7290116930480,false,"משקה SHAKE בננה קיווי תפוח 230 מ""ל יופלה",קבוצת המזון אקטשלאר,IL,יופלה SHAKE בננה קיו,מיליליטרים,230.00,"100 מ""ל",false,,7.90,0.0343,false,1,264403
7290116930626,false,ארוחה בקטנה ציזיקי עם קרקרים 150ג' תנובה,תנובה חלב,IL,ארוחה בקטנה צזיקי עם,גרמים,150.00,100 גרם,false,,7.60,0.0507,true,1,264876
7290116930657,false,"משקה חלב גו בטעם בננה תמר בתוספת שיבולת שועל במרקם חלק 340 מ""ל",תנובה מרכז שיתופי לש,IL,משקה גו בטעם בננה תמ,מיליליטרים,340.00,"100 מ""ל",false,,8.00,0.0235,true,1,266442
7290116930701,false,מעדן חלב GO מועשר בחלבון בטעם קרמל מלוח,תנובה מרכז שיתופי לש,IL,מעדן חלב גו בטעם קרמ,גרמים,120.00,100 גרם,false,,4.70,0.0392,true,1,264402
7290116930725,false,סויה BIO קוקוס גביע 150 גרם אלטרנטיב,תנובה חלב,IL,סויה ביו קוקוס,גרמים,150.00,100 גרם,false,,4.40,0.0293,true,1,264878
7290116931012,false,יוגורט דיאט 0% שומן תפוח וקינמון 150 ג' יופלה,תנובה מרכז שיתופי לש,IL,יופלה דיאט 0% תפוח ק,גרמים,150.00,100 גרם,false,,5.10,0.0340,false,1,266378
7290116931029,false,משקה בריסטה שיבולת שועל בטעם אייריש קרים 1 ל' תנובה,תנובה,IL,משקה בריסטה שיבולת ש,ליטרים,1.00,ליטר,false,,12.60,12.6000,false,1,266634
7290116931074,false,פרוסות טל העמק 32% שומן 300 גרם,"תנובה בע""\מ",IL,פרוסות טל העמק 32% 3,גרמים,300.00,100 גרם,false,,25.90,0.0863,false,1,265514
7290116931081,false,מעדן סויה - טופי קרמל 125 גרם אלטרנטיב,תנובה מרכז שיתופי לש,IL,מעדן סויה בטעם טופי,גרמים,125.00,100 גרם,false,,3.90,0.0312,true,1,264877
7290116931104,false,יופלה GO במרקם סמיך עם אננס 0% תנובה 200 גרם,תנובה חלב,IL,יופלה גו במרקם סמיך,גרמים,200.00,100 גרם,false,,5.80,0.0290,true,1,264879
7290116931159,false,יוגורט דיאט 0% שומן תות בננה 150 ג' יופלה,תנובה מרכז שיתופי לש,IL,יופלה דיאט 0% תות בנ,גרמים,150.00,100 גרם,false,,5.10,0.0340,false,1,266379
7290116931289,false,יופלה גו במרקם סמיך אלפחורס 200מל,תנובה מרכז שיתופי לש,IL,יוגורט גו סמיך אלפחו,גרמים,200.00,100 גרם,false,,6.20,0.0310,true,1,266502
7290116931562,false,יוגורט תנובה גולד ביו לבן 170 גרם,תנובה חלב,IL,יוגורט תנובה גולד בי,גרמים,170.00,100 גרם,false,,5.50,0.0324,false,1,266629
7290116931579,false,יוגורט תנובה גולד ביו תות 170 גרם,תנובה חלב,IL,יוגורט תנובה גולד בי,גרמים,170.00,100 גרם,false,,5.50,0.0324,false,1,266630
7290116931586,false,יוגורט תנובה גולד ביו פירות יער 170 גרם,תנובה חלב,IL,יוגורט תנובה גולד בי,גרמים,170.00,100 גרם,false,,5.50,0.0324,false,1,266633
7290117100004,false,לחם כוסמין 80%,,,לחם כוסמין 80%,גרמים,730.00,100 גרם,false,,26.90,0.0368,true,1,219080
7290117100011,false,לחם כוסמין מלא וצ'יה,,,לחם כוסמין מלא וצ'יה,גרמים,730.00,100 גרם,false,,26.90,0.0368,true,1,219081
7290117100059,false,לחמניות כוסמין שומשו,,,לחמניות כוסמין שומשו,גרמים,360.00,100 גרם,false,,14.50,0.0403,true,1,265683
7290117100103,false,לחמניות דגנים גדולות,,,לחמניות דגנים גדולות,גרמים,360.00,100 גרם,false,,11.90,0.0331,true,1,266693
7290117100110,false,לחמניות דגנים 4 יח',,,לחמניות דגנים 4 יח',גרמים,360.00,100 גרם,false,,11.90,0.0331,true,1,265681
7290117100127,false,לחמניות כוסמין רכות,,,לחמניות כוסמין רכות,גרמים,340.00,100 גרם,false,,14.50,0.0426,true,1,265682
7290117183946,false,חזרת שפעמן 360 גרם,שפע מן המבושל,IL,חזרת אדומה 360 גר,גרמים,360.00,100 גרם,false,,15.90,0.0442,true,1,266619
7290117183953,false,"חזרת לל""ס שפעמן 300 גרם",שפע מן המבושל,IL,חזרת אדומה ללא סוכר,גרמים,300.00,100 גרם,false,,15.90,0.0530,true,1,266620
7290117260005,false,קונפיטורה תות שדה ויליפוד 380 גרם,גסאס גנל גידה,TR,קונפיטורה תות שדה,גרמים,380.00,100 גרם,false,,8.90,0.0234,true,1,261659
7290117261569,false,סלמון אטלנטי מעושן בשמן קנולה 120 גרם ויליפוד,קריות זול,LV,סלמון אטלנטי מעושן ב,גרמים,120.00,100 גרם,false,,8.50,0.0708,true,1,265653
7290117261583,false,סרדינים בריסלינג מעושנים בשמן קנולה 129 גרם (צנצנת),גולדן פרייז קאנינג אל.טי,LV,סרדינים בריסלינג מעו,גרמים,185.00,100 גרם,false,,13.90,0.0751,true,1,265594
7290117261774,false,כדורי גבינת בייבי מוצרלה 14% שומן 150 גרםeuro cheese,קסריה להפואנטה,ES,כדורי גבינה בייבי מו,גרמים,150.00,100 גרם,false,,14.90,0.0993,true,1,265596
7290117262245,false,"משקה יוגורט פרוביוטי עם אפרסק ומשמש 200מ""ל 2.3%שומן יורו",Euro יורו מחלבות אירופה,TR,משקה יוגורט פרוביטי,מיליליטרים,200.00,"100 מ""ל",false,,4.90,0.0245,true,1,265187
7290117262320,false,ביסקוויט מצופה שוקולד חלב 50 גר JAZZY,מודרן צוקולטה,TR,ביסקוויט מצופה שוקול,גרמים,50.00,100 גרם,false,,5.30,0.1060,true,1,266090
7290117262931,false,"קינוח בטעם מנגו, 85 גרם",איטלג'לטו,IT,קינוח בטעם מנגו,גרמים,85.00,100 גרם,false,,9.90,0.1165,true,1,266512
7290117262948,false,קינוח בטעם טירימיסו 85 גרם,איטלג'לטו,IT,קינוח בטעם טירמיסו,גרמים,85.00,100 גרם,false,,9.90,0.1165,true,1,266513
7290117262955,false,"קינוח בטעם שוקולד בלגי, 85 גרם",איטלג'לטו,IT,קינוח בטעם שוקולד בל,גרמים,85.00,100 גרם,false,,9.90,0.1165,true,1,266514
7290117262962,false,קינוח בטעם שוקולד קרמל 85 גרם,איטלג'לטו,IT,קינוח בטעם שוקולד קר,גרמים,85.00,100 גרם,false,,9.90,0.1165,true,1,266515
7290117262979,false,קינוח בטעם שוקולד ופירות יער 85 גרם,איטלג'לטו,IT,קינוח בטעם שוקולד ופ,גרמים,85.00,100 גרם,false,,9.90,0.1165,true,1,266516
7290117380154,false,"מאסטר שף רוטב אסיאתי עם סויה 260 מ""ל",רמייה,NL,מאסטר שף רוטב אסייתי,גרמים,264.00,100 גרם,false,,9.90,0.0375,true,1,264129
7290117380857,false,"מרבה סלים דליס פייבר עוגות אישיות בטעם לימון, 120 גרם",שסטוביץ,NL,סלים דליס פייבר-עוגו,גרמים,120.00,100 גרם,false,,10.90,0.0908,true,1,264802
7290117380864,false,סלים דליס פייבר עוגות בראוניס אישיות בטעם שוקולד 120 גרם,הלמה הלום,NL,מרבה סלים דליס פייבר,גרמים,120.00,100 גרם,false,,10.90,0.0908,true,1,264423
7290117380871,false,סלים דליס פייבר עוגות אישיות בטעם אוכמניות 120 גרם,הלמה הלום,NL,מרבה סלים דליס פייבר,גרמים,120.00,100 גרם,false,,10.90,0.0908,true,1,264424
7290117381182,false,"רוטב סריראצה מאסטר שף 360 מ""ל",תאי סופרים סוד,TH,רוטב סרירציה מאסטר ש,מיליליטרים,360.00,"100 מ""ל",false,,14.90,0.0414,true,1,266018
7290117381205,false,"מאסטר שף שמן שומשום 370 מ""ל",מנה,,מאסטר שף שמן שומשום,מיליליטרים,370.00,"100 מ""ל",false,,21.90,0.0592,true,1,265787
7290117382264,false,"משחת שיניים טוטאל עם פחם 2 *75 מ""ל קולגייט",,,קולגייט מארז טוטאל פ,יחידה,0.00,יחידה,false,,29.90,0.0000,true,1,264527
7290117823682,false,ממתק צעצוע משחק מים גדול סמי הכבאי עם סוכריות דקסטרוז 10 גרם,,,קנדי טוי משחק מים עם,יחידה,0.00,יחידה,false,,9.90,0.0000,true,1,266310
7290117824061,false,ממתק ליקריץ מקלות 35גר-בטעם פירות הלו קי,שמחה זה אנחנו,TR,ממתק ליקריץ מקלות 35,גרמים,35.00,100 גרם,false,,2.90,0.0829,true,1,266292
7290117825860,false,ממתק ליקריץ מקלות 35גר-בטעם פירות LOL,שמחה זה אנחנו,TR,ממתק ליקריץ מקלות 35,גרמים,35.00,100 גרם,false,,2.90,0.0829,true,1,266294
7290117825914,false,ממתק מקלות קולה 35 גרם,,TR,ממתק ליקריץ מקלות חמ,גרמים,35.00,100 גרם,false,,2.90,0.0829,true,1,266298
7290117901199,false,טורטיה על גחלים שקדיה 520 גרם,מוטלוקל,TR,טורטיה על גחלים,גרמים,520.00,100 גרם,false,,9.90,0.0190,true,1,265786
7290117901205,false,טורטיה דגנים בתוספת שומשום ופשתן שקדיה 420 גרם,מוטלוקל,TR,טורטיה דגנים בתוספת,גרמים,420.00,100 גרם,false,,9.90,0.0236,true,1,265784
7290118420071,false,במבה ביסלי ברביקיו מיקס 80ג' אסם,"אסם השקעות בע""\מ",IL,במבה ביסלי ברבקיו מי,גרמים,80.00,100 גרם,false,,4.90,0.0613,false,1,266153
7290118420378,false,פתיבר פינוקים בטעם תותים בשמנת - חלבי,קריות זול,PL,אסם פתי בר פינוקים ת,גרמים,220.00,100 גרם,false,,10.90,0.0495,true,1,266150
7290118420514,false,אינסטנט פודינג בטעם נוגט אסם 75 גרם,"אסם תעשיות בע""מ",IL,אסם אינסטנט פודינג נ,גרמים,75.00,100 גרם,false,,5.80,0.0773,false,1,266149
7290118430667,false,קערה עגולה מתכלה,,,קערה עגולה מתכלה,יחידה,0.00,יחידה,false,,16.90,0.0000,true,1,264733
7291546455635,false,תירס לבן מתוק ארוז,חקלאי,IL,תירס לבן כפרי חן,יחידה,0.00,יחידה,false,,19.90,0.0000,true,1,205388
7294034321184,false,חטיף דאמבל לכלב לבבו,,,חטיף דאמבל לכלב לבבו,גרמים,80.00,100 גרם,false,,11.00,0.1375,true,1,262651
7294034328077,false,חטיף דאמבל מיני סנדו,,,חטיף דאמבל מיני סנדו,גרמים,80.00,100 גרם,false,,11.00,0.1375,true,1,262677
7296049224603,false,ניקולטי -סט מגבות מט,,,ניקולטי -סט מגבות מט,יחידה,0.00,יחידה,false,,10.90,0.0000,true,1,218485
7296051099015,false,מצת אלקטרונית לגז בצבעים,,,מצית לגז,יחידה,0.00,יחידה,false,,6.90,0.0000,true,1,213522
7296058110010,false,"פריכיות אורז פרח כשל""פ 110 גר'",פרח תעשיות,IL,פריכיות אורז פרח,גרמים,110.00,100 גרם,false,,4.90,0.0445,true,1,217143
7296058110041,false,פריכיות תירס ואורז פרח 110 גר',,,פריכיות אורז מלא ותי,גרמים,110.00,100 גרם,false,,4.90,0.0445,true,1,265995
7296082000035,false,"ביצים ""פלוס"" 6 יחידות",המכון למיון ושיווק ב,IL,ביצה פלוס 6 יח,יחידה,0.00,יחידה,false,,13.90,0.0000,true,1,104290
7296082000066,false,ביצה פלוס L תריסר,,,ביצה פלוס L תריסר,יחידה,0.00,יחידה,false,,22.50,0.0000,true,1,190400
7296082000080,false,ביצי חופש 12 יחידות,המכון למיון ושיווק ביצים,IL,ביצי חופש תריסר,יחידה,0.00,יחידה,false,,22.90,0.0000,true,1,135804
7296082000103,false,ביצים סופר טריות מדי,,,ביצה סופר טריה M 30,יחידה,0.00,יחידה,false,,27.88,0.0000,true,1,184570
7296082000110,false,ביצים סופר טריות 30י,,,"ביצה סופר טריה "" L",יחידה,0.00,יחידה,false,,30.13,0.0000,true,1,169601
7296082000134,false,ביצים רגילות לארג' 1,המכון למיון ושיווק ב,IL,ביצים גדול L,יחידה,0.00,יחידה,false,,12.05,0.0000,false,1,116761
7296082000141,false,ביצים רגילות מדיום 1,המכון למיון ושיווק ב,IL,ביצים בינוני M,יחידה,0.00,יחידה,false,,11.15,0.0000,false,1,121485
7296082000165,false,ביצים אורגניות תריסר,המכון למיון ושיווק ב,IL,ביצים אורגניות תריסר,יחידה,0.00,יחידה,false,,22.90,0.0000,true,1,135805
7296082000172,false,ביצה פלוס אומגה M 30,,,ביצה פלוס 30 יח' M,יחידה,0.00,יחידה,false,,34.90,0.0000,false,1,190429
7296082000189,false,ביצה פלוס אומגה L 30,,,ביצה פלוס 30 יח' L,יחידה,0.00,יחידה,false,,37.90,0.0000,true,1,190532
7296082000202,false,ביצים סופר טריה לארג,,,ביצים סופר טריה 18 י,יחידה,0.00,יחידה,false,,18.08,0.0000,false,1,150208
7296083000027,false,טרופית,,,טרופית,יחידה,200.00,יחידה,false,,1.50,0.0075,false,1,92937
7296168017117,false,פלסטרים גוון עור 100 יחידות,איתן ספקים E,,פלסטר 100יח' פארמדוק,יחידה,0.00,יחידה,false,,12.90,0.0000,true,1,172514
7296168017193,false,פלסטר פארמדוקט 30 יח,,,פלסטר פארמדוקט 30 יח,יחידה,0.00,יחידה,false,,7.00,0.0000,true,1,117566
7296179000160,false,BCHIC-מסיר איפור דו,,,BCHIC-מסיר איפור דו,מיליליטרים,200.00,"100 מ""ל",false,,24.90,0.1245,true,1,212062
7296179006247,false,שיק לק עמיד 495,שיק לקים,IL,לק עמיד 495,מיליליטרים,17.00,"מ""ל",false,,11.90,0.7000,true,1,186184
7296179006315,false,שיק לק עמיד 469 יח,שיק לקים,IL,לק עמיד 469,מיליליטרים,17.00,"מ""ל",false,,11.90,0.7000,true,1,186189
7296179007381,false,קרם רב שימושי אלוורה,,,קרם רב שימושי אלוורה,מיליליטרים,0.00,"מ""ל",false,,21.90,0.0000,true,1,109933
7296179007398,false,שיק.מסיר לק אלוורה250 מל,שיק לקים,IL,מסיר לק אלוורה,מיליליטרים,100.00,"100 מ""ל",false,,13.90,0.1390,true,1,109934
7296179007411,false,שיק.מסיר לק לא אצטון250מ,שיק לקים,IL,מסיר לק ללא אציטון,מיליליטרים,100.00,"100 מ""ל",false,,13.90,0.1390,true,1,109935
7296179008012,false,שיק לק עמיד 463,שיק לקים,IL,לק עמיד 463,מיליליטרים,17.00,"מ""ל",false,,11.90,0.7000,true,1,186191
7296179008036,false,שיק לק עמיד 456,שיק לקים,IL,לק עמיד 456,מיליליטרים,17.00,"מ""ל",false,,11.90,0.7000,true,1,186193
7296179008074,false,מייבש לק עם מברשת שי,שיק לקים,IL,מייבש לק עם מברשת שי,יחידה,0.00,יחידה,false,,24.90,0.0000,true,1,127303
7296179008081,false,שיק לק עמיד 498,שיק לקים,IL,לק עמיד 498,מיליליטרים,17.00,"מ""ל",false,,11.90,0.7000,true,1,186196
7296179008098,false,לק שיק כסף יחידה,שיק לקים,IL,לק מטאלי 901 כסף,מיליליטרים,17.00,"מ""ל",false,,16.90,0.9941,true,1,188784
7296179008128,false,לק שיק זהב חם יחידה,שיק לקים,IL,לק מטאלי 904 זהב,מיליליטרים,17.00,"מ""ל",false,,16.90,0.9941,true,1,188785
7296179008241,false,לכה טופ למראה ג'ל,שיק לקים,IL,לק ג'ל טופ קוט,יחידה,0.00,יחידה,false,,26.90,0.0000,true,1,143105
7296179008289,false,שיק לק עמיד 477 יח,שיק לקים,IL,לק עמיד 477,מיליליטרים,17.00,"מ""ל",false,,11.90,0.7000,true,1,186197
7296179010077,false,שיק לק עמיד 008,שיק לקים,IL,לק עמיד 008,מיליליטרים,17.00,"מ""ל",false,,11.90,0.7000,true,1,186111
7296179010152,false,שיק לק עמיד 016,שיק לקים,IL,לק עמיד 016,מיליליטרים,17.00,"מ""ל",false,,11.90,0.7000,true,1,186114
7296179010213,false,שיק לק עמיד 022,שיק לקים,IL,לק עמיד 022,מיליליטרים,17.00,"מ""ל",false,,11.90,0.7000,true,1,186115
7296179010305,false,שיק לק עמיד 031,שיק לקים,IL,לק עמיד 031,מיליליטרים,17.00,"מ""ל",false,,11.90,0.7000,true,1,186117
7296179010312,false,שיק לק עמיד 032,שיק לקים,IL,לק עמיד 032,מיליליטרים,17.00,"מ""ל",false,,11.90,0.7000,true,1,186118
7296179010381,false,שיק לק עמיד 039,שיק לקים,IL,לק עמיד 039,מיליליטרים,17.00,"מ""ל",false,,11.90,0.7000,true,1,186130
7296179010398,false,שיק לק עמיד 040,שיק לקים,IL,לק עמיד 040,מיליליטרים,17.00,"מ""ל",false,,11.90,0.7000,true,1,186131
7296179010510,false,שיק לק עמיד 052,שיק לקים,IL,לק עמיד 052,מיליליטרים,17.00,"מ""ל",false,,11.90,0.7000,true,1,186135
7296179010701,false,שיק לק עמיד 071,שיק לקים,IL,לק עמיד 071,מיליליטרים,17.00,"מ""ל",false,,11.90,0.7000,true,1,186139
7296179010732,false,שיק לק עמיד 074,שיק לקים,IL,לק עמיד 074,מיליליטרים,17.00,"מ""ל",false,,11.90,0.7000,true,1,186141
7296179011104,false,שיק לק עמיד 218,שיק לקים,IL,לק עמיד 218,מיליליטרים,17.00,"מ""ל",false,,11.90,0.7000,true,1,186145
7296179011180,false,שיק לק עמיד 258,שיק לקים,IL,לק עמיד 258,מיליליטרים,17.00,"מ""ל",false,,11.90,0.7000,true,1,186147
7296179011210,false,שיק לק עמיד 238,שיק לקים,IL,לק עמיד 238,מיליליטרים,17.00,"מ""ל",false,,11.90,0.7000,true,1,186149
7296179011333,false,שיק לק עמיד 102,שיק לקים,IL,לק עמיד 102,מיליליטרים,17.00,"מ""ל",false,,11.90,0.7000,true,1,186151
7296179011470,false,שיק לק עמיד 116,שיק לקים,IL,לק עמיד 116,מיליליטרים,17.00,"מ""ל",false,,11.90,0.7000,true,1,186152
7296179011517,false,שיק לק עמיד 120,שיק לקים,IL,לק עמיד 120,מיליליטרים,17.00,"מ""ל",false,,11.90,0.7000,true,1,186154
7296179011524,false,שיק לק עמיד 201,שיק לקים,IL,לק עמיד 201,מיליליטרים,17.00,"מ""ל",false,,11.90,0.7000,true,1,186155
7296179011654,false,שיק לק עמיד 223,שיק לקים,IL,לק עמיד 223,מיליליטרים,17.00,"מ""ל",false,,11.90,0.7000,true,1,186159
7296179011753,false,שיק לק עמיד 228,שיק לקים,IL,לק עמיד 228,מיליליטרים,17.00,"מ""ל",false,,11.90,0.7000,true,1,186164
7296179011807,false,Coat Base לכת בסיס,שיק לקים,IL,לק בסיס,מיליליטרים,0.00,"מ""ל",false,,16.90,0.0000,true,1,127641
7296179011814,false,לק שכבת הגנה,שיק לקים,IL,לק שכבת הגנה,יחידה,0.00,יחידה,false,,16.90,0.0000,true,1,127642
7296179011968,false,שיק לק עמיד 284,שיק לקים,IL,לק עמיד 284,מיליליטרים,17.00,"מ""ל",false,,11.90,0.7000,true,1,186212
7296179012002,false,שיק לק עמיד 309,שיק לקים,IL,לק עמיד 309,מיליליטרים,17.00,"מ""ל",false,,11.90,0.7000,true,1,186213
7296179012132,false,שיק לק עמיד 289,שיק לקים,IL,לק עמיד 289,מיליליטרים,17.00,"מ""ל",false,,11.90,0.7000,true,1,186223
7296179012217,false,שיק לק עמיד 290,שיק לקים,IL,לק עמיד 290,מיליליטרים,17.00,"מ""ל",false,,11.90,0.7000,true,1,186227
7296179012309,false,שיק לק עמיד 407,שיק לקים,IL,לק עמיד 407,מיליליטרים,17.00,"מ""ל",false,,11.90,0.7000,true,1,186231
7296179012699,false,שיק לק עמיד 420,שיק לקים,IL,לק עמיד 420,מיליליטרים,17.00,"מ""ל",false,,11.90,0.7000,true,1,186234
7296179013078,false,CHIC-מגבונים להסרת א,,,CHIC-מגבונים להסרת א,יחידה,0.00,יחידה,false,,9.90,0.0000,true,1,137212
7296179014181,false,לק עמיד שיק 250,שיק לקים,IL,לק עמיד 250,מיליליטרים,17.00,"מ""ל",false,,11.90,0.7000,true,1,186170
7296179014952,false,לק עמיד 410,שיק לקים,IL,לק עמיד 410,מיליליטרים,17.00,"מ""ל",false,,11.90,0.7000,true,1,186239
7296179014969,false,לק עמיד שיק 255,שיק לקים,IL,לק עמיד 255,מיליליטרים,17.00,"מ""ל",false,,11.90,0.7000,true,1,186172
7296179020014,false,חמאת גוף וניל-פצ'ולי,,,חמאת גוף וניל-פצ'ולי,מיליליטרים,0.00,"מ""ל",false,,25.90,0.0000,true,1,113314
7296179021004,false,לק עמיד שיק 413,שיק לקים,IL,לק עמיד 413,מיליליטרים,17.00,"מ""ל",false,,11.90,0.7000,true,1,186240
7296179021059,false,לק עמיד שיק 483,שיק לקים,IL,לק עמיד 483,מיליליטרים,17.00,"מ""ל",false,,11.90,0.7000,true,1,186242
7296179021707,false,חמאת גוף לאב ליין 300מ'ל,שיק תעשיות תמרוקים,IL,"חמאת גוף 300 מ""ל",מיליליטרים,300.00,"100 מ""ל",false,,34.90,0.1163,true,1,200436
7296179021721,false,מידנייט WHITE קרם ידיים 100 מל,General,IL,קרם ידיים מידנייט 10,מיליליטרים,100.00,"100 מ""ל",false,,10.90,0.1090,true,1,200310
7296179024562,false,מסיר לק בניחוח תות100 מל,,IL,"מסיק לק אדום 100 מ""ל",מיליליטרים,100.00,"100 מ""ל",false,,7.90,0.0790,true,1,201840
7296179024586,false,"מסיר לק לילך י100 מ""ל",,IL,"מסיק לק סגול 100 מ""ל",מיליליטרים,100.00,"100 מ""ל",false,,9.90,0.0990,true,1,201846
7296179024593,false,"מסיר לק קוקוס 100 מ""ל",,IL,"מסיק לק לבן 100 מ""ל",מיליליטרים,100.00,"100 מ""ל",false,,9.90,0.0990,true,1,201847
7296179028416,false,לק עמיד 818 יח',,IL,לק עמיד818,מיליליטרים,17.00,"100 מ""ל",false,,11.90,0.7000,true,1,207455
7296179028607,false,סבון נשית קלאסי 250מל,חלאבין,IL,"סבון נשית 250 מ""ל קל",מיליליטרים,250.00,"100 מ""ל",false,,19.90,0.0796,true,1,214329
7296179028621,false,סבון היגיינה אינטימי,חלאבין,IL,סבון היגיינה אינטימי,גרמים,250.00,100 גרם,false,,18.90,0.0756,true,1,211679
7296179029109,false,לק עמיד 806 יח',שיק לקים,IL,לק עמיד 806,יחידה,0.00,יחידה,false,,11.90,0.0000,true,1,203472
7297028133831,false,שלישיית קרסלויות פול,,,שלישיית קרסלויות פול,יחידה,0.00,יחידה,false,,17.90,0.0000,true,1,203516
7297028160622,false,גרבי נשים במבוק (3) שחור/לבן,,,גרביים,יחידה,0.00,יחידה,false,,15.90,0.0000,true,1,210686
7297028185458,false,גוזיה,,,גוזיה,יחידה,0.00,יחידה,false,,25.90,0.0000,true,1,264982
7297028185755,false,שלישיית גרבי במבוק,,,שלישיית גרבי במבוק,יחידה,0.00,יחידה,false,,17.90,0.0000,true,1,264460
7297028190476,false,קרסוליות שלישייה,,,קרסוליות שלישייה,יחידה,0.00,יחידה,false,,15.90,0.0000,true,1,264964
7297028192623,false,גוזיה,,,גוזיה,יחידה,0.00,יחידה,false,,25.90,0.0000,true,1,266228
7297028193064,false,גרבי שניל מחממות שלי,,,גרבי שניל מחממות שלי,יחידה,0.00,יחידה,false,,19.90,0.0000,true,1,266229
7297028193460,false,תחתון נשים,,,תחתון נשים,יחידה,0.00,יחידה,false,,15.90,0.0000,true,1,265991
7297028193484,false,תחתון נשים,,,תחתון נשים,יחידה,0.00,יחידה,false,,15.90,0.0000,true,1,265992
7297028193507,false,תחתון נשים,,,תחתון נשים,יחידה,0.00,יחידה,false,,15.90,0.0000,true,1,265993
7297307070307,false,שלישית מגבות מטבח,,,שלישית מגבות מטבח,יחידה,0.00,יחידה,false,,24.90,0.0000,true,1,185449
7297391112976,false,גרבי חילות,,,גרבי חילות,יחידה,0.00,יחידה,false,,7.50,0.0000,true,1,198752
7297391112983,false,גרביי חיילת שחורות,,,גרביי חיילת שחורות,יחידה,0.00,יחידה,false,,7.50,0.0000,true,1,195807
7297478003982,false,עקביות,,,עקביות,יחידה,0.00,יחידה,false,,12.90,0.0000,true,1,212384
7297488036567,false,סיכת מקור שחורה /צבע,,,סיכת מקור שחורה /צבע,יחידה,0.00,יחידה,false,,5.90,0.0000,true,1,187511
7297488040441,false,מטריה ג'מבו צבעונית,,,מטריה ג'מבו צבעונית,יחידה,0.00,יחידה,false,,39.90,0.0000,true,1,195109
7297488040762,false,מטריה שחורה גדולה,,,מטריה שחורה גדולה,יחידה,0.00,יחידה,false,,25.90,0.0000,true,1,187887
7297488097995,false,דגש-גרנולה דבש 250 גרם,תות תעשיות מזון (201,IL,דגש גרנולה דבש 250 ג,גרמים,250.00,100 גרם,false,,14.90,0.0596,true,1,206985
7297488098015,false,גרנולה קרנץ' עם שוקולד צ'יפס מריר,תות תעשיות מזון (201,IL,דגש גרנולה קרנצ'י שו,גרמים,250.00,100 גרם,false,,14.90,0.0596,true,1,205879
7297488098152,false,דגש קמח חומוס ללא גל,אף.סי תבליני בגליל ב,IL,דגש קמח חומוס,גרמים,500.00,100 גרם,false,,15.90,0.0318,true,1,205677
7297488098169,false,"קמח תירס ללא גלוטן דג""ש","תבליני העליון בע""מ",IL,דגש קמח תירס 500 גר',גרמים,500.00,100 גרם,false,,9.90,0.0198,true,1,206980
7297488098176,false,קמח סויה ללא גלוטן ד,אף.סי. תבליני הגליל,IL,דגש קמח סויה 500 גר',גרמים,500.00,100 גרם,false,,10.90,0.0218,true,1,263260
7297488098220,false,קמח תפוח אדמה ללא גלוטן,תות תעשיות מזון (201,IL,"דגש קמח תפו""א",גרמים,500.00,100 גרם,false,,11.50,0.0230,true,1,206204
7297488098282,false,דגש אבקת מרק בטעם עוף 500 גרם,אף.סי. תבליני הגליל,IL,אבקת מרק עוף דגש 500,גרמים,500.00,100 גרם,false,,19.90,0.0398,true,1,206840
7297488098305,false,קמח שקדים ללא גלוטן,תות תעשיות מזון (201,IL,קמח שקדים דגש 250 גר,גרמים,250.00,100 גרם,false,,25.90,0.1036,true,1,204541
7297488098688,false,דגש פצפוצי אורז מלא ללא תוספת סוכר ומלח 450 גרם,משובח תעשיות מזון,IL,פצפוצי אורז מלא ללא,גרמים,450.00,100 גרם,false,,21.00,0.0467,true,1,205889
7297488099821,false,גרנולה ללא תוספת סוכר לנמנעים מגלוטן,תות תעשיות מזון (201,IL,דגש גרנולה ללא תוספת,גרמים,250.00,100 גרם,false,,14.90,0.0596,true,1,205882
7297488199590,false,פצפוצי אורז לבן תפוח ללא גלוטן,דגש- דוכן גן שמואל,IL,דגש פצפוצי אורז 450,גרמים,450.00,100 גרם,false,,21.00,0.0467,true,1,205887
7312040017034,false,וודקה אבסולוט 1 ליטר,פרנו ריקרד ($),,וודקה אבסולוט 1 ליטר,ליטרים,1.00,ליטר,false,,90.00,90.0000,true,1,192737
7312040017683,false,"אבסולוט וודקה, 700 מ''ל",חברת אבסולוט,SE,"וודקה אבסולוט 700 מ""",מיליליטרים,700.00,"100 מ""ל",false,,59.90,0.0856,false,1,142383
7321011040308,false,דוני 20 מפיות תלת שכבתי חלקות,דוני,SE,מפיות דוני 20 יח',יחידה,0.00,יחידה,false,,7.00,0.0000,true,1,128793
7321011040629,false,דוני 20מפיות תלת שכבתי צבעים שונים,דוני,SE,מפיות ניר תלת שכבתי,יחידה,0.00,יחידה,false,,7.00,0.0000,true,1,110926
7321011404070,false,דוני 20מפיות מעוטרות תלת שכבתי צבעים,דוני,SE,מפיות ניר תלת שכבתי,יחידה,0.00,יחידה,false,,10.90,0.0000,true,1,115114
7321031857054,false,דוני מפות שולחן דוניסל 180X118 דמוי בד במיגוון צבעים,דוני,האיחוד האירופי,דוני מפת שולחן 118*1,יחידה,0.00,יחידה,false,,17.90,0.0000,true,1,207392
7393714507020,false,קופרברג סיידר תות ליים 4.5% בקבוק 330 מ,BEVERAGES FOODS & SE,SE,קופרברג סיידר תות-לי,מיליליטרים,330.00,"100 מ""ל",false,,8.90,0.0270,true,1,205549
7393714508102,false,"קופרברג סיידר אגסים 4.5% בקבוק 330 מ""ל",BEVERAGES FOODS & SE,SE,קופרברג סיידר אגסים,מיליליטרים,330.00,"100 מ""ל",false,,8.90,0.0270,true,1,205550
7393714509604,false,קופרברג סיידר תפוח 4.5% בקבוק 330 מ,BEVERAGES FOODS & SE,SE,קופרברג סיידר תפוח ב,מיליליטרים,330.00,"100 מ""ל",false,,8.90,0.0270,true,1,205551
7394376123337,false,"משקה שיבולת שועל אורגני מפוקח ע""י סקאל",טרנסומס פוד איי.בי,SE,אוטלי משקה שיבולת שו,מיליליטרים,1000.00,"100 מ""ל",false,,13.90,0.0139,true,1,211421
7394376615825,false,אוטלי משקה שיבולת שועל מועשר בסידן וויטמינים 1 ליטר,טרנסומס פוד,SE,אוטלי משקה שיבולת שו,מיליליטרים,1000.00,"100 מ""ל",false,,13.90,0.0139,true,1,211422
7394376615832,false,אוטלי משקה שיבולת שועל בטעם שוקולד 1 ליטר,טרנסומס פוד,SE,אוטלי משקה שיבולת שו,מיליליטרים,1000.00,"100 מ""ל",false,,15.90,0.0159,true,1,211423
7394376616778,false,אוטלי משקה שיבולת שועל להקצפה בריסטה 1 ליטר,טרנסומס פוד,SE,אוטלי משקה שיבולת שו,מיליליטרים,1000.00,"100 מ""ל",false,,15.90,0.0159,true,1,211424
7394376620294,false,אוטלי משקה שיבולת שועל בטעם וניל 1 ליטר,איי אם פי אס איי תעש,NL,משקה שיבולת שועל בטע,ליטרים,1000.00,ליטר,false,,15.90,0.0159,true,1,265695
7412952888705,false,קליפסים אטימה 13 יחידות,,IL,קליפסים לאטימה 13 יח,יחידה,0.00,יחידה,false,,16.90,0.0000,true,1,212232
7501013122039,false,ג'ומקס מיץ מנגו קרטונית ליטר תריסר,חומקס קומר קומרסאליזדורה,MX,ג'ומקס נקטר מנגו קרט,ליטרים,1.00,ליטר,false,,8.90,8.9000,true,1,209509
7501013122053,false,ג'ומקס מיץ אפרסק קרטונית ליטר תריסר,חומקס קומר קומרסאליזדורה,MX,ג'ומקס נקטר אפרסק קר,ליטרים,1.00,ליטר,false,,8.90,8.9000,true,1,209508
7501013122114,false,"נקטר משקה אננס בקרטונית ג'ומקס, 1 ל'",חומקס קומר קומרסאליזדורה,MX,ג'ומקס אננס קרטונית,ליטרים,1.00,ליטר,false,,8.90,8.9000,true,1,209510
7501013122190,false,ג'ומקס מיץ תפוחים קרטונית ליטר תריסר,חומקס קומר קומרסאליזדורה,MX,ג'ומקס תפוחים קרטוני,ליטרים,1.00,ליטר,false,,8.90,8.9000,true,1,209511
7501013122992,false,ג'ומקס מיץ קוקוס אננס קרטונית ליטר תריסר,חומקס קומר קומרסאליזדורה,MX,ג'ומקס קוקוס אננס קר,ליטרים,1.00,ליטר,false,,8.90,8.9000,true,1,209512
7501013138047,false,משקה רימונים יוניקו פרסקו ג'ומקס בקרטונית 1 ליטר,חומקס קומר קומרסאליזדורה,MX,נקטר רימונים יוניקו,ליטרים,1.00,ליטר,false,,10.90,10.9000,false,1,148528
7501035042131,false,"טקילה קוארבו אספסיאל גולד 700 מ""ל",קאזה קוארבו,MX,טקילה קוארבו גולד 70,מיליליטרים,700.00,"100 מ""ל",false,,90.00,0.1286,true,1,189763
7501049936945,false,"שישיית בירה סול בקבוק 330 מ""ל",היינקן,NL,בירה סול שישייה 330,מיליליטרים,1980.00,"100 מ""ל",false,,32.90,0.0166,false,1,212426
7501064191398,false,שישיית בירה קורונה אקסטרא *355 מל,קריניציה ויטמינה אס,MX,שישיית בירה קורונה -,ליטרים,2.13,ליטר,false,,34.90,16.3850,false,1,207064
7503012779306,false,סירופ אגבה כחולה 100% 330 גרם נטורפוד,נוטריגבאס דה מקסיקו,MX,סירופ אגבה 330מל,מיליליטרים,330.00,"100 מ""ל",false,,17.90,0.0542,true,1,135667
7503012779405,false,סירופ אגבה כחולה – נטורפוד (גדול),נוטריאגבס דה מקסיקו,MX,סירופ אגבה כחולה אור,גרמים,660.00,100 גרם,false,,31.90,0.0483,true,1,189539
7509546061160,false,"משחת שיניים לילדים מיניונים 2-5 75 מ""ל קולגייט",קולגייט פלמוליב,PL,קולגייט משחת ילדים מ,מיליליטרים,75.00,"100 מ""ל",false,,15.90,0.2120,true,1,219400
7509546061672,false,דאודורנט סטיק אקסטרים אינטנס,קולגייט פלמוליב,US,ספיד סטיק אקסטרים סט,גרמים,50.00,100 גרם,false,,19.90,0.3980,true,1,265301
7509546063515,false,ליידי ספיד סטיק -סטיק פרו 5 ספריי 150 מל,קולגייט פלמוליב,MX,ליידי ספיד סטיק פרו,מיליליטרים,150.00,"100 מ""ל",false,,14.90,0.0993,true,1,265575
7509546666846,false,"קולגייט טוטאל משחת שיניים פחם 75 מ""ל",קולגייט פלמוליב,MX,קולגייט טוטאל משחת ש,מיליליטרים,75.00,"100 מ""ל",false,,19.90,0.2653,true,1,218370
7509546678702,false,קולגייט משחת שיניים טוטל אנטי טרטר 100 מ,קולגייט-פלמוליב,PL,קולגייט משחת שיניים,מיליליטרים,100.00,"100 מ""ל",false,,16.90,0.1690,true,1,265095
7610023050215,false,פמיליה קראנץ' איקס תערובת דגנים פריכים בתוספת צימוקים ואגוזי לוז 500 גרם,פמיליה familia,CH,"מיזלי ""קראנצ איקס 50",גרמים,500.00,100 גרם,false,,25.90,0.0518,true,1,111291
7610023051212,false,פמיליה שוקו איקס תערובת דגנים פריכים בתוספת שוקולד 500 גרם,מיוצר עי קונדיטוריית,CH,"מיזלי ""שוקו איקס 500",גרמים,500.00,100 גרם,false,,25.90,0.0518,true,1,111296
7610100034084,false,מיונז טומי בשפורפרת 265 גרם,נסטלה שוויץ ס.א,CH,מיונז טומי 265 גר',גרמים,265.00,100 גרם,false,,12.90,0.0487,true,1,196765
7610113011652,false,בריזר - משקה כוהלי מוגז בטעם תפוח,בקרדי בריזר Bacardi Breezer,BE,בקרדי בריזר מוגז בטע,מיליליטרים,275.00,"100 מ""ל",false,,12.90,0.0469,false,1,212781
7610211130903,false,סוכרזית הרמזית 800+2,מרום את קונפינו,CH,הרמזית 800 יח,גרמים,11.80,100 גרם,false,,29.90,2.5339,true,1,262461
7610243004463,false,"דורגול - מרסס להסרת אבנית במקלחון 600 מ""ל",יעקבי- דורגול Durgol,CH,דורגול מרסס,מיליליטרים,500.00,"100 מ""ל",false,,21.90,0.0438,true,1,119509
7610400010481,false,לינדט אקסלנס שוקולד חלב 100 גרם,לינדט ושפרונגלי קילשברג,CH,שוקולד חלב לינדט 100,גרמים,100.00,100 גרם,false,,15.00,0.1500,true,1,98546
7610400014632,false,שוקולד לינדור בודד וואיט 100 ג',לינדט Lindt,CH,שוקולד לינדט לבן,גרמים,100.00,100 גרם,false,,15.00,0.1500,true,1,121297
7610400014649,false,לינדור קוביות במילוי קרם שוקולד חלב 100 גרם,לינדט ושפרונגלי קילשברג,CH,שוקולד לינדט במילוי,גרמים,100.00,100 גרם,false,,15.00,0.1500,true,1,98550
7610400068369,false,שוקולד חלב במילוי קרם אגוזים,לינדט ושפרונגלי,CH,שוקולד לינדור אגוזים,גרמים,100.00,100 גרם,false,,15.00,0.1500,true,1,121298
7610400068505,false,לינדט לינדור בונבוניירה שוקולד חלב 200 גרם,לינדט ושפרונגלי קילשברג,CH,לינדור בונבונירה חלב,גרמים,200.00,100 גרם,false,,29.90,0.1495,false,1,120556
7610400068529,false,לינדט לינדור בונבוניירה כדורי שוקולד מטעמים 200 גרם,לינדט ושפרונגלי קילשברג,CH,לינדור בונבו' אסורטד,גרמים,200.00,100 גרם,false,,29.90,0.1495,false,1,98554
7610400070577,false,לינדט אקסלנס שוקולד צ'ילי 100 גרם,לינדט ושפרונגלי קילשברג,CH,שוקולד לינדט אקסלנס,גרמים,100.00,100 גרם,false,,15.00,0.1500,true,1,150633
7610400074155,false,לינדט לינדור קוביות במילוי קרם שוקולד 60% מוצקי קקאו 100 גרם,לינדט ושפרונגלי קילשברג,CH,שוקולד לינדור 60% קק,גרמים,100.00,100 גרם,false,,15.00,0.1500,true,1,121299
7610400075770,false,לינדט לה גרנד שוקולד מריר אגוז 150 גרם,לינדט ושפרונגלי קילשברג,CH,לינדט מריר אגוזים 15,גרמים,150.00,100 גרם,false,,23.90,0.1593,true,1,125409
7610400075787,false,לינדט לה גרנד שוקולד חלב אגוז 150 גרם,לינדט ושפרונגלי קילשברג,CH,שוקולד חלב עם אגוזים,גרמים,150.00,100 גרם,false,,23.90,0.1593,true,1,125410
7610400085946,false,לינדט לגרנד דארק אלמונד סולט 150 גרם,לינדט ושפרונגלי קילשברג,CH,שוקולד לינדט לגרנד ס,גרמים,150.00,100 גרם,false,,23.90,0.1593,true,1,209384
7610400086202,false,שוקולד מריר לה גרנד עם אוכמניות וחמוציות,לינדט Lindt,,שוקולד לינדט לגרנד 1,גרמים,150.00,100 גרם,false,,23.90,0.1593,true,1,201550
7610400091060,false,שוקולד מריר לינדט אקסלנס בתוספת תפוז ושקדים,לינדט ושפרונגלי קילש,CH,שוקולד לינדט אקסלנס,גרמים,100.00,100 גרם,false,,15.00,0.1500,true,1,212184
7610700002681,false,ריקולה סוכריות ללא סוכר בטעם צמחים 50 גר',,CH,סוכריות ריקולה בטעם,גרמים,50.00,100 גרם,false,,11.90,0.2380,true,1,213276
7610700009956,false,ריקולה ללא ת.סוכר סמבוקוס 50 גרם,,CH,סוכריות ריקולה סמבוק,גרמים,50.00,100 גרם,false,,11.90,0.2380,true,1,217150
7610700013083,false,סוכריות ריקולה ללא סוכר בטעם צמחים 20 יח',,,סוכריות ריקולה אלפין,גרמים,50.00,100 גרם,false,,11.90,0.2380,true,1,266518
7610700607046,false,סוכריות צמחים לימון ומנטה ללא תוספת סוכר,ריקולה Ricola,CH,סוכריות ריקולה דיאט,גרמים,50.00,100 גרם,false,,11.90,0.2380,true,1,202807
7610928010048,false,"קרם הגרטי לכלי כסף יעקבי 100 מ""ל",דיוורסי,CH,מבריק כלי כסף יעקבי,יחידה,100.00,יחידה,false,,27.90,0.2790,true,1,111870
7613030979647,false,דגני בוקר טריקס פירות עולם היורה 480 ג',ג'נרל מילס סאן אדריא,CL,טריקס 480 גר,גרמים,480.00,100 גרם,false,,19.90,0.0415,false,1,202362
7613032045753,false,פיטנס - דגני בוקר שוקולד 375 גרם,נסטלה צרפת איטנקורט,FR,דגנים פיטנס שוקולד 3,גרמים,375.00,100 גרם,false,,21.90,0.0584,false,1,116084
7613033548192,false,פיטנס - דגני בוקר שוקולד מריר 375 גרם,נסטלה צרפת איטנקורט,FR,פיטנס דגנים עם שוקול,גרמים,375.00,100 גרם,false,,21.90,0.0584,false,1,134648
7613035622623,false,פיטנס - גרנולה שקדים ודבש 300 גרם,שוורצקוף& הנקל דיסלד,LT,פיטנס גרנולה דבש,גרמים,300.00,100 גרם,false,,15.90,0.0530,true,1,192054
7613035635845,false,פיטנס גרנולה שוקולד 14*300 גרם,שוורצקוף& הנקל דיסלד,LT,פיטנס גרנולה שוקולד,גרמים,300.00,100 גרם,false,,15.90,0.0530,true,1,191885
7613035807778,false,פרפקטו רוטב עגבניות לבולונז אסם 400 גרם,אסם פרפקטו Perfecto,ES,פרפקטו רוטב עגבניות,גרמים,400.00,100 גרם,false,,9.60,0.0240,true,1,193992
7613035809109,false,פרפקטו רוטב עגבניות ובזיליקום אסם 400 גרם,אסם פרפקטו Perfecto,ES,פרפקטו רוטב עגבניות,גרמים,400.00,100 גרם,false,,9.60,0.0240,true,1,193993
7613035809123,false,פרפקטו רוטב עגבניות עם פלפלים אסם 400 גרם,אסם פרפקטו Perfecto,ES,פרפקטו רוטב עגבניות,גרמים,400.00,100 גרם,false,,9.60,0.0240,true,1,193994
7613035809857,false,פרפקטו רוטב עגבניות לפסטה ולבישול אסם 400 גרם,אסם פרפקטו Perfecto,ES,פרפקטו רוטב עגבניות,גרמים,400.00,100 גרם,false,,9.60,0.0240,true,1,193995
7613036280334,false,פרייה אנד ג'וס אפרסק דובדבן מארז רביעייה,נסטלה ווטרס ספלאי,FR,פרייה אנד ג'וס אפרסק,מיליליטרים,1000.00,"100 מ""ל",false,,22.90,0.0229,true,1,215452
7613036286015,false,"פרייה אנד ג'וס מארז רביעייה אננס מנגו 250 מ""ל",נסטלה ווטרס ספלאי,FR,פרייה אנד ג'וס מארז,מיליליטרים,1000.00,"100 מ""ל",false,,22.90,0.0229,true,1,215453
7613036314114,false,נסקפה גולד Gold קפה נמס מיובש בתוספת קפה קלוי,נסטלה צרפת קפה,IL,נס קפה גולד 200 גר,יחידה,0.00,יחידה,false,,48.90,0.0000,false,1,203253
7613036520492,false,פרפקטו רוטב עגבניות לפיצה אסם 400 גרם,אסם פרפקטו Perfecto,ES,פרפקטו רוטב עגבניות,גרמים,400.00,100 גרם,false,,9.60,0.0240,true,1,201823
7613037204797,false,סטארבקס פולי קפה בלונד אספרסו 450 גר,נסטלה נספרסו,PT,סטארבקס פולי קפה בלו,גרמים,450.00,100 גרם,false,,45.90,0.1020,false,1,217695
7613037204889,false,סטארבקס - פולי קפה אספרסו 450 גרם,נסטלה נספרסו,PT,סטארבקס פולי קפה אספ,גרמים,450.00,100 גרם,false,,45.90,0.1020,false,1,217696
7613037686906,false,פיטנס שקדים ודבש 355 גרם מופחת סוכר,נסטלה צרפת איטנקורט,FR,פיטנס שקדים ודבש 355,גרמים,355.00,100 גרם,false,,21.90,0.0617,false,1,209439
7613038268262,false,דגני בוקר צ'יריוס דבש ושקדים במתיקות מעודנת,נסטלה פולין דגני בוק,FR,האני נאט ציריוס מופח,גרמים,410.00,100 גרם,false,,19.90,0.0485,true,1,210882
7613038451954,false,דגני בוקר שוקולד מופחת סוכר 410 ג' קראנץ',נסטלה צרפת איטנקורט,FR,דגני קראנץ שוקולד מו,גרמים,410.00,100 גרם,false,,19.90,0.0485,false,1,211046
7613039547632,false,גרבר מחית תפוח בננה ותות 90 גרם פאוץ,שוורצקוף& הנקל דיסלד,ES,גרבר מחית תפוח בננה,גרמים,90.00,100 גרם,false,,5.90,0.0656,true,1,212156
7613039547922,false,גרבר מחית אגס תפוח ובננה 90 גרם פאוץ,נסטלה ספרד,ES,גרבר מחית תפוח בננה,גרמים,90.00,100 גרם,false,,5.90,0.0656,true,1,212158
7613039879382,false,גרבר - מחית תפוחי עץ 190 גרם,נסטלה פולסקה אס.איי,PL,"גרבר מחית תפ""ע 190 ג",גרמים,190.00,100 גרם,false,,6.80,0.0358,true,1,216476
7613287008497,false,סטארבקס - פולי קפה פייק פלייס 450 גרם,נסטלה נספרסו,PT,סטארבקס פולי קפה פיי,גרמים,450.00,100 גרם,false,,45.90,0.1020,false,1,217697
7613287182357,false,מחית אגס תפוח ופירות יער ויטמינצ'יק 110 ג',נסטלה,ES,ויטמינצ'יק מחית אגס,גרמים,110.00,100 גרם,false,,5.50,0.0500,true,1,219606
7613287182425,false,ויטמינציק מחית תפוח בננה ותות 110 גרם,"טרופיקל דגיל בע""מ אז",ES,ויטמינצ'יק מחית תפו,גרמים,110.00,100 גרם,false,,5.50,0.0500,true,1,219607
7613287182456,false,ויטמינציק מחית אגס בננה תפוח 110 גרם,"נסטלה ספרד ס.א, מפעל",ES,ויטמינצ'יק מחית אגס,גרמים,110.00,100 גרם,false,,5.50,0.0500,true,1,219604
7613287186928,false,סטארבקס קפסולות קפה ברקפסט רוסט 10יח,נסטלה שוויץ - קפה,CH,סטארבקס קפסולות ברקפ,יחידה,0.00,יחידה,false,,21.90,0.0000,true,1,219231
7613287302373,false,סטארבקס קפסולות איטליאן סטייל רוסט 56 גרם,נסטלה שוויץ - קפה,PT,קפסולות סטארבקס סטיי,גרמים,56.00,100 גרם,false,,21.90,0.3911,true,1,216789
7613287325808,false,אוסם - דיפ אנד ספרד מטבל איולי שום 295 גרם,נסטלה פולין,PL,רוטב איולי שום אסם,גרמים,295.00,100 גרם,false,,14.90,0.0505,true,1,260638
7613287325822,false,אוסם - דיפ אנד ספרד מטבל מיקס 295 גרם,נסטלה,PL,רוטב מיקס לחיץ אוסם,גרמים,295.00,100 גרם,false,,14.90,0.0505,true,1,260639
7613287325983,false,אוסם - דיפ אנד ספרד מטבל סלסה 335 גרם,דפטונה פולין,PL,רוטב סלסה לחיץ אוסם,גרמים,335.00,100 גרם,false,,14.90,0.0445,true,1,260642
7613287476494,false,אוסם - דיפ אנד ספרד מיונז בסגנון צרפתי 280 גרם,נסטלה פולין,PL,רוטב מיונז לחיץ אוסם,גרמים,280.00,100 גרם,false,,14.90,0.0532,true,1,260643
7613287476678,false,דגני בוקר סינימיניס צ'ורוס נסטלה 360 ג',נסטלה אוונקה,PT,סינימיניס צו'רוס,גרמים,360.00,100 גרם,false,,19.90,0.0553,false,1,260558
7613287525789,false,"שישיית פרייה מים מוגזים 500 מ""ל",סן-פלגרינו,,"פרייה 500 מ""ל שישייה",יחידה,0.00,יחידה,false,,24.90,0.0000,true,1,261873
7613287821348,false,נתחוני עוף טבעוני סנסשיונל טבעול 350 גרם,ג'נרל מילס סאן אדריא,CZ,טבעול נתחוני עוף טבע,גרמים,350.00,100 גרם,false,,35.90,0.1026,true,1,261766
7613287855640,false,סטארבקס קפסולות קפה גוואטמלה 10 יחידות,נסטלה שוויץ - קפה,CH,קפסולות סטארבקס גווא,גרמים,55.00,100 גרם,false,,21.90,0.3982,true,1,264986
7622010001858,false,עוגיות אוראו ממולאות קרם וניל 176 גרם.,פי אר ג'\יי אס אי מנדלז,UA,עוגיות אוראו ממולאות,גרמים,176.00,100 גרם,false,,8.90,0.0506,false,1,195134
7622201050757,false,שוקולד מילקה טבלת חלב עם קרמל 100 ג',מילקה Milka,DE,שוקולד מילקה קרמל 10,גרמים,100.00,100 גרם,false,,5.90,0.0590,false,1,118321
7622201137052,false,אוראו מיני קוקיס - עוגיות שוקולד צ'יפס ותחתית מצופה שוקולד חלב,מונדלז אספנה גלטאס פ,ES,מילקה מיני קוקיז,גרמים,110.00,100 גרם,false,,8.50,0.0773,true,1,217570
7622201139278,false,גבינת שמנת 27% שומן 150 ג' פילדלפיה,מיודלז אספניה פרודוק,ES,גבינת פילדלפיה 150 ג,גרמים,150.00,100 גרם,false,,13.90,0.0927,true,1,213262
7622201401900,false,עוגיות סנסיישן אוראו מילקה 156 גרם,מונדלז פולסקה פרודקש,PL,עוגיות מילקה סנסיין,גרמים,156.00,100 גרם,false,,12.90,0.0827,true,1,214777
7622201500733,false,עוגיות אוראו רמיקס דאבל קרם קרמל וניל157,דיפלומט,ES,אוראו רמיקס דאבל קרם,גרמים,157.00,100 גרם,false,,6.60,0.0420,true,1,265163
7622201502515,false,עוגיות מילקה קוקי לופ שוקולד צ'יפס,גיורי קייקס קייאפטי,HU,עוגיות מילקה קוקי לו,גרמים,132.00,100 גרם,false,,12.90,0.0977,true,1,260812
7622201521493,false,גבינת פילדלפיה שום ועשבי תיבול 150 גרם,מיודלז אספניה פרודוק,ES,פילדלפיה שום ועשבי ת,גרמים,150.00,100 גרם,false,,13.90,0.0927,true,1,264894
7622201801809,false,מילקה שוקולד חלב עם אגוזים 100 גרם חדש,מנדלז דויצ'\לנד סנקס פרו,DE,מילקה שוקולד חלב עם,גרמים,100.00,100 גרם,false,,5.90,0.0590,true,1,219622
7622201802363,false,מילקה טבלת שוקולד חלב וצימוקים ואגוזים 100ג',מנדלז דויצ'\לנד סנקס פרו,DE,מילקה שוקולד חלב צימ,גרמים,100.00,100 גרם,false,,5.90,0.0590,true,1,219621
7622201802394,false,שוקולד מילקה חלב מסרונים 100 גרם,מנדלז דויצ'\לנד סנקס פרו,DE,מילקה שוקולד חלב 100,גרמים,100.00,100 גרם,false,,5.90,0.0590,false,1,260964
7622201808631,false,אוראו מיני עוגיות ממולאות קרם וניל 67גרם,פי.טי. מונדלז אינדונ,ID,אוראו מיני כוסות בטע,גרמים,67.00,100 גרם,false,,6.90,0.1030,true,1,219632
7622201813390,false,עוגיות מילקה וואפל במילוי קרם קקאו 150 ג,מונדליז סי.אר. ביסקוויט,CZ,מילקה וופל במילוי קר,גרמים,150.00,100 גרם,false,,12.90,0.0860,true,1,218024
7622201819170,false,שוקולד מילקה דרק שקדים 85 גרם.,מונדלז דויטשלנד סנאק,DE,מילקה דארק שקדים,גרמים,85.00,100 גרם,false,,6.90,0.0812,true,1,260813
7622201819552,false,מילקה דארק שוקולד 85 גרם חדש,מונדלז דויטשלנד סנאק,DE,שוקולד מילקה דארק,גרמים,85.00,100 גרם,false,,6.90,0.0812,true,1,260815
7622201823733,false,עוגיות מילקה ת'ינס - דקות 151 גרם,מונדלייז,ES,עוגיות מילקה ת'ינס,גרמים,151.00,100 גרם,false,,12.90,0.0854,false,1,266505
7622210078131,false,שוקולד חלב עם שבבי קרמל מילקה דיים 100 גרם,מנדלז דויצ'\לנד סנקס פרו,DE,שוקולד מילקה חלב שבר,גרמים,100.00,100 גרם,false,,5.90,0.0590,true,1,197635
7622210117762,false,"קוטדור בונבונירה בושה, 200 גרם כשל""פ",מונדלייז,SK,קוטדור בושה 200 גר,גרמים,200.00,100 גרם,false,,17.90,0.0895,false,1,148799
7622210137234,false,עוגיות אוראו עם דאבל קרים וניל 170 גר,מונדלייז,ES,אוראו דאבל,גרמים,170.00,100 גרם,false,,8.90,0.0524,true,1,193382
7622210163899,false,שוקולד חלב במילוי סוכריות עדשים,מונדלז דויצ'לנד סנקס,DE,שוקולד מילקה חלב עם,גרמים,100.00,100 גרם,false,,5.90,0.0590,false,1,202637
7622210453327,false,עוגיות שוקוצ'יפס במילוי שוקולד סנסיישן,מנדלז פולסקה פרודקשן,PL,עוגיות מילקה סנסיישן,גרמים,156.00,100 גרם,false,,12.90,0.0827,true,1,199958
7622210597915,false,פרלינים לבבות שוקולד חלב ממולא קרם נוגט,מונדלז בולגריה פרודק,BG,מילקה לבבות פרלינים,מיליליטרים,110.00,"100 מ""ל",false,,9.90,0.0900,true,1,211479
7622210635105,false,עוגיות אוראו במילוי תות 154 גרם,מונדלז אספנה גאלטס פ,ES,אוראו תות,גרמים,154.00,100 גרם,false,,6.40,0.0416,true,1,213655
7622210637994,false,מיני עוגיות אוראו קראנצ'י בייטס אורגינל,מונדלז אספניה ג'לאטס,ES,אוראו ביס קראנצ'י או,גרמים,110.00,100 גרם,false,,8.50,0.0773,true,1,214861
7622210638021,false,מיני עוגיות אוראו קראנצ'י בייטס מצופים,מונדלז אספניה ג'לאטס,ES,אוראו ביס קראנצ'י בצ,גרמים,110.00,100 גרם,false,,8.50,0.0773,true,1,214878
7622210664150,false,"עוגיות אוראו וניל, 396 גרם",מונדלייז,CZ,עוגיות אוראו וניל 39,גרמים,396.00,100 גרם,false,,14.90,0.0376,true,1,264481
7622210690852,false,מילקה שוקולד טריולד 280 גרם,מונדלייז,AT,שוקולד מילקה טריולד,גרמים,280.00,100 גרם,false,,14.90,0.0532,true,1,201361
7622210690883,false,מילקה שוקולד חלב-מהדורת מונדיאל 270 גרם,מונדלייז,AT,מילקה מונדיאל 270 גר,גרמים,270.00,100 גרם,false,,15.90,0.0589,false,1,266216
7622210693266,false,מילקה שוקולד אגוזים שלמים 270 גרם,מונדלז אוסטרייך פרודקשן,AT,מילקה אגוזים שלמים 2,גרמים,270.00,100 גרם,false,,14.90,0.0552,true,1,211491
7622210724519,false,קוטדור ביו שוקולד מריר אורגני 70% מוצק קקאו,מונדליז,DE,קוטדור ביו 70% קקאו,גרמים,90.00,100 גרם,false,,15.90,0.1767,true,1,215973
7622210826053,false,שוקולד מילקה אוראו סנדוויץ 92 גר',גיאורי קאקסז קייאףטי,HU,שוקולד מילקה אוראו ס,גרמים,92.00,100 גרם,false,,5.90,0.0641,true,1,214971
7622210835338,false,אוראו עוגיות ממולאות טעם בראוניז 176 גרם,מנדלז אספנה גאלטס פר,ES,אוראו בראוניז,גרמים,176.00,100 גרם,false,,8.90,0.0506,true,1,214775
7622210869616,false,"קוטדור ביו 85% קקאו 90 גרם כשל""פ",מונדליז,DE,קוטדור ביו 85% קקאו,גרמים,90.00,100 גרם,false,,15.90,0.1767,true,1,215975
7622300270506,false,מילקה גריינס - עוגיות שיבולת שועל מצופות שוקולד 168 ג',מונדלז פולסקה פרודקש,PL,עוגיות מילקה שוקו גר,גרמים,168.00,100 גרם,false,,12.90,0.0768,true,1,133789
7622300315283,false,אוראו עוגיות ממולאות קרם וניל 154 גרם,"מונדלז CR פרודקשיין,",UA,אוראו וניל 154 גר,גרמים,154.00,100 גרם,false,,6.40,0.0416,true,1,219684
7622300356767,false,מילקה - עוגיות עם גרנולה וחתיכות של שוקולד חלב,מונדלז פולסקה פרודקש,PL,מילקה עוגיות שוקולד,גרמים,168.00,100 גרם,false,,12.90,0.0768,true,1,125476
7622300441715,false,עוגיות מילקה ביסקוויט ממולא קרם חלב מצופה למחצה בשוקולד חלב 150 גר',מוביל בעל מוניטין,CZ,עוגיות מילקה שוקו מי,גרמים,182.00,100 גרם,false,,12.90,0.0709,true,1,194940
7622300489427,false,עוגיות אוראו בציפוי בטעם שוקולד לבן 246 גרם,מנדלז אספנה גאלטס פר,ES,עוגיות אוראו בציפוי,גרמים,246.00,100 גרם,false,,16.90,0.0687,false,1,201697
7622300489434,false,עוגיות אוראו בציפוי שוקולד חלב 246 גרם,מנדלז אספנה גאלטס פר,ES,עוגיות אוראו בציפוי,יחידה,0.00,יחידה,false,,16.90,0.0000,false,1,201698
7622300495046,false,מילקה שוקולד חלב עם אקסטרה קקאו 100 גרם,מנדלז דויצ'\לנד סנקס פרו,DE,שוקולד מילקה אקסטרא,גרמים,100.00,100 גרם,false,,5.90,0.0590,false,1,140243
7622300503079,false,עוגיות ביסקוויט מצופה שוקולד חלב מילקה 200 גרם,מונדלז פולסקה פרודקש,PL,ביסקוויט מצופה שוקול,גרמים,200.00,100 גרם,false,,12.90,0.0645,true,1,133790
7622300617820,false,מילקה שוקולד חלב במילוי קרם חלב ווניל ושבבי עוגיות אוראו 100 גרם,מנדלז דויצ'\לנד סנקס פרו,DE,שוקולד מילקה אוראו 1,גרמים,100.00,100 גרם,false,,5.90,0.0590,false,1,140244
7622300761363,false,אוראו מיני עוגיות ממולאות קרם שוקו 67 גר,פי.טי. מונדלז אינדונ,ID,אוראו מיני כוסות שוק,גרמים,67.00,100 גרם,false,,6.90,0.1030,true,1,207786
7622400005190,false,שוקולד חלב נגיעות שוקולד לבן מילקה 100 ג,מנדלז דויצ'\לנד סנקס פרו,DE,שוקולד מילקה חום לבן,גרמים,100.00,100 גרם,false,,5.90,0.0590,false,1,150705
7630311507016,false,סטארבקס קפסולות קפה סאני דיי 10יח,נסטלה שוויץ - קפה,CH,קפסולות סטארבקס סאני,גרמים,57.00,100 גרם,false,,21.90,0.3842,true,1,262983
7630477891592,false,סטארבקס קפסולות קפה האוס בלנד 10 יחידות,נסטלה שוויץ - קפה,CH,קפסולות סטארבקס האוס,גרמים,57.00,100 גרם,false,,21.90,0.3842,true,1,211684
7630477891615,false,סטארבקס קפסולות קפה סומטרה 10 יחידות,נסטלה שוויץ - קפה,CH,קפסולות סטארבקס סומט,גרמים,55.00,100 גרם,false,,21.90,0.3982,true,1,211687
7630477891639,false,סטארבקס קפסולות קפה ורונה 10 יחידות,נסטלה שוויץ - קפה,CH,קפסולות סטארבקס ורונ,גרמים,55.00,100 גרם,false,,21.90,0.3982,true,1,211688
7630477891653,false,סטארבקס קפסולות קפה אספרסו נטול 10 יחידו,נסטלה שוויץ - קפה,CH,קפסולות סטארבקס אספר,גרמים,57.00,100 גרם,false,,21.90,0.3842,true,1,211689
7630477891677,false,סטארבקס קפסולות קפה פייק פלייס 10 יחידות,נסטלה שוויץ - קפה,CH,קפסולות סטארבקס פייק,גרמים,53.00,100 גרם,false,,21.90,0.4132,true,1,211690
7630477891691,false,סטארבקס קפסולות קפה קולמביה 10 יחידות,נסטלה שוויץ - קפה,CH,קפסולות סטארבקס קולו,גרמים,57.00,100 גרם,false,,21.90,0.3842,true,1,211691
7630477891714,false,סטארבקס קפסולות קפה אספרסו 10 יחידות,נסטלה שוויץ - קפה,CH,קפסולות סטארבקס אספר,גרמים,57.00,100 גרם,false,,21.90,0.3842,true,1,211693
7630477891738,false,סטארבקס קפסולות קפה אספרסו בלונד 10 יחיד,נסטלה שוויץ - קפה,CH,קפסולות סטארבקס אספר,גרמים,53.00,100 גרם,false,,21.90,0.4132,true,1,211692
7638900248333,false,סוללות2025 אנרג'ייזר זוג,אנרג'יזר Energizer,CN,סוללות 2025 זוג Ener,יחידה,0.00,יחידה,false,,18.90,0.0000,true,1,204544
7638900248357,false,סוללות אנרג'ייזר ליתיום 2032זוג ריפרש,אנרג'ייזר,CN,סוללות 2032 זוג Ener,יחידה,0.00,יחידה,false,,18.90,0.0000,true,1,204545
7638900426663,false,סוללת אנרגייזר 9 וול,אנרג'ייזר,CN,סוללות 9V ANERGIZER,יחידה,0.00,יחידה,false,,25.90,0.0000,true,1,210228
7638900426823,false,סוללות מקס D אנרגייזר2יח,אנרג'ייזר,US,סוללות MAX אנרג'ייזר,יחידה,0.00,יחידה,false,,31.90,0.0000,true,1,210996
7702018271788,false,"דאודורנט קליר ג'ילט בניחוח ספורט 70 מ""ל",פרוקטר אנד גמבל,PL,ג'ילט פרו דאודורנט S,מיליליטרים,70.00,"100 מ""ל",false,,15.90,0.2271,true,1,139883
7702018321520,false,דאודורנט סטיק לגבר Pro G Arctic ice,תות ממתקי איכות,US,דאודורנט סטיק מתקדם,יחידה,0.00,יחידה,false,,22.90,0.0000,true,1,144428
7702018439348,false,מארז ידית + 8 סכיני גילוח פיוז'ן 5 להבים,ג'ילט Gillette,DE,מארז ג'ילט פיוז'ו מכ,יחידה,0.00,יחידה,false,,99.90,0.0000,false,1,265201
7702018469802,false,ג'ילט - ונוס סווירל ידית ו3 סכינים 5 להבים,פרוקטר אנד גמבל,PL,ג'ילט מארז ונוס סווי,יחידה,0.00,יחידה,false,,49.90,0.0000,false,1,265199
7702018487394,false,מכשיר גילוח סקינגארד ידנ,פרוקטר אנד גמבל,PL,מכשיר גילוח רב פעמי,יחידה,0.00,יחידה,false,,59.90,0.0000,true,1,208112
7702018610280,false,גילט מארז פרוגלייד מכשיר+4 סכינים,פרוקטר אנד גמבל,PL,ג'ילט פרוגלייד ידית+,יחידה,0.00,יחידה,false,,99.90,0.0000,false,1,265197
7702018610303,false,גילט מארז סקינגארד אלוורה מכשיר+4 סכין,פרוקטר אנד גמבל,PL,סקינגארד אלוורה מארז,יחידה,0.00,יחידה,false,,99.90,0.0000,false,1,265198
7702018978106,false,"ג'ילט - דאודורנט ג'ל לגבר ארטיק אייס 70 מ""ל",פרוקטר אנד גמבל,PL,דאודורנט קליר ג'ל,מיליליטרים,70.00,"100 מ""ל",false,,15.90,0.2271,true,1,120225
7702018980833,false,"ג'ילט ג'ל גילוח סירייס מועשר בלחות - 200 מ""ל",פרוקטר אנד גמבל,GB,ג'ל גילוח סירייס מוע,מיליליטרים,200.00,"100 מ""ל",false,,16.90,0.0845,true,1,194784
7702024074625,false,פיטנס - חטיפי קרקר חיטה מלאה 234 גרם,קומסטיבלס לה רוזה אס.איי,CO,פיטנס חטיפי קרקר חיט,גרמים,234.00,100 גרם,false,,11.90,0.0509,true,1,203712
7702024258322,false,"חטיפי קרקר עם חיטה מלאה, צ'יה וזרעי פשתן פיטנס",נסטלה Nestle,CO,פיטנס חטיפי קרקר צ'י,גרמים,234.00,100 גרם,false,,11.90,0.0509,true,1,211624
7702174066631,false,לקקן יוגטה פין פופ במילוי מסטיק 170 גר,הדקלאים אגודת שיתופי,EC,פין פופ לקקנים,גרמים,180.00,100 גרם,false,,9.90,0.0550,true,1,121815
7702174068826,false,יוגטה מבחר סוכריות לקקן קשות ממולאות טופי בטעמי יוגורט ופירות 204 גרם,יוגטה yogueta,CO,לקקן יוגטה פירות 12,יחידה,0.00,יחידה,false,,9.90,0.0000,true,1,139581
7702174068833,false,יוגטה סוכריות קשות על מקל ממולאות טופי בטעמי גלידת פירות 12 יח' 204 גרם,ליימן שליסל,CO,לקקן יוגטה גלידה 12,יחידה,0.00,יחידה,false,,9.90,0.0000,true,1,138723
7702174070201,false,יוגטה לקקן בטעם מסטיק ממולא טופי בטעם תות 12 יח' 204 גרם,ליימן שליסל,CO,יוגטה מג'יק לקקנים,גרמים,216.00,100 גרם,false,,9.90,0.0458,true,1,140759
7702174073783,false,סוכריות על מקל בטעם קולה במילוי גומי לעיסה,הדקלאים אגודת שיתופי,CO,לקקן פין פופ קולה,גרמים,180.00,100 גרם,false,,9.90,0.0550,true,1,188859
7702174073844,false,לקקן יוגטה פין פופ פירות 48 יח 672 גרם,הדקלאים אגודת שיתופי,CO,לקקן פין פופ פירות 4,גרמים,672.00,100 גרם,false,,19.90,0.0296,true,1,188860
7790480000371,false,תה מאטה ארגרטינאי 50,,,תה מאטה ארגרטינאי 50,גרמים,500.00,100 גרם,false,,19.90,0.0398,true,1,194007
7791875005353,false,ריבת חלב הוואנה דוצה דה לצה 450 גרם,מיגה פוד קומרס,ES,ריבת חלב הוואנה 450,גרמים,450.00,100 גרם,false,,17.90,0.0398,true,1,262194
7792860006218,false,סוכריות לקקנים בייבי דול Baby Doll לריטר,גוד פוד פרודקטס S.p,AR,בייבי דול לקקן,גרמים,24.00,100 גרם,false,,2.20,0.0917,true,1,98570
7891024027998,false,קולגייט מי פה טוטאל הגנה מפני אבן 500 מל,קולגייט- פלמוליב,BR,קולגייט מי פה טוטל א,מיליליטרים,500.00,"100 מ""ל",false,,29.90,0.0598,true,1,265094
7891024124826,false,קולגייט משחת אופטיק ספרקלינג וייט 75מל,הנסיך- מפעל לייצור ט,BR,קולגייט אופטיק וייט,מיליליטרים,75.00,"100 מ""ל",false,,16.90,0.2253,true,1,140450
7891024130063,false,"קולגייט מי פה פלאקס ללא אלכוהול 500 מ""ל מהדרין",קולגייט- פלמוליב,BR,קולגייט מי פה פלאקס,מיליליטרים,500.00,"100 מ""ל",false,,29.90,0.0598,false,1,120424
7891024179482,false,"שטיפת פה קולגייט אופטיק וייט 500מ""ל",יבואן ומשווק: ש. שסט,PL,קולגייט שטיפת פה אופ,מיליליטרים,500.00,"100 מ""ל",false,,29.90,0.0598,true,1,140487
8000040000802,false,משקה קמפרי 1000 מל פ,קמפרי (יורו),,קמפרי 1 ליטר,ליטרים,1.00,ליטר,false,,89.90,89.9000,true,1,119098
8000070003774,false,קפסולות אספרסו לוואצה אינטנסו 13 16 יח,לואיג'י לוואצה,IT,לוואצה קפסולות אינטנ,גרמים,120.00,100 גרם,false,,29.90,0.2492,true,1,265546
8000070003798,false,קפסולות אספרסו לוואצה דליסיוזו 8 16 יח,לאוג'י לוואצה אס.פי.אי,IT,לוואצה קפסולות דליסי,גרמים,120.00,100 גרם,false,,29.90,0.2492,true,1,265547
8000070003811,false,קפסולות אספרסו לוואצה פסיונלה 11 16 יח,לואיג'י לוואצה,IT,לוואצה קפסולות פסיונ,גרמים,120.00,100 גרם,false,,29.90,0.2492,true,1,265543
8000070011878,false,לוואצה חוזק 3 דה קפינטו נטול קופאין 250 גר,לאוג'י לוואצה אס.פי.אי,IT,קפה לוואצה נטול קפאי,גרמים,250.00,100 גרם,false,,39.90,0.1596,false,1,194119
8000070012219,false,פולי קפה אורו זהב לוואצה 250 גר,לאוג'י לוואצה אס.פי.אי,IT,לוואצה אורו פולי קפה,גרמים,250.00,100 גרם,false,,36.90,0.1476,true,1,216703
8000070012783,false,קפה לוואצה קלוי וטחון חוזק 5 אורו 250 גר,לאוג'י לוואצה אס.פי.אי,IT,קפה לוואצה אורו 250,גרמים,250.00,100 גרם,false,,34.90,0.1396,false,1,99375
8000070027398,false,קרמה קלאסיקו פולי קפה 500 גר לוואזה,,IT,לוואצה קרמה קלסיקו פ,גרמים,500.00,100 גרם,false,,64.90,0.1298,true,1,216649
8000070029996,false,לוואצה אורו שחור אספרסו קלוי וטחון 250גר,לווצה טורינו,IT,לוואצה אורו שחור 250,גרמים,250.00,100 גרם,false,,34.90,0.1396,false,1,265016
8000070032835,false,קפה לוואצה קלוי וטחון חוזק 10 מטינו 250 גר,לאוג'י לוואצה אס.פי.אי,IT,"לוואצה ""מטינו"" קפה ק",גרמים,250.00,100 גרם,false,,25.90,0.1036,true,1,111301
8000070035980,false,קפה לוואצה קלוי וטחון חוזק 5 רוסה 250 גר,לווצה טורינו,IT,קפה לוואצה רוסה אדום,גרמים,250.00,100 גרם,false,,28.90,0.1156,false,1,133309
8000070036321,false,פולי קפה לוואצה קואליטה רוסה 500 גר,יוגטה,IT,לוואצה פולי קפה רוסה,יחידה,0.00,יחידה,false,,64.90,0.0000,true,1,264350
8000070038868,false,קפה לוואצה קלוי וטחון חוזק 8 קלאסיקו 250 גר,לאוג'י לוואצה אס.פי.אי,IT,לוואצה קרמה גוסטו,גרמים,250.00,100 גרם,false,,27.90,0.1116,false,1,141850
8000070038974,false,"קרמה גוסטו פולי קפה 1 ג""ק לוואזה",,IT,לוואצה קרמה גוסטו פו,קילוגרמים,1.00,"ק""ג",false,,109.90,109.9000,true,1,216650
8000070042025,false,"פולי קפה סופר קרמה לוואצה 1 ק""ג",,,קפה לוואצה 1 קג,יחידה,1.00,יחידה,false,,119.90,119.9000,true,1,142123
8000070053465,false,קפסולות קפה נספרסו חוזק 8 אורו לוואצה 55 גרם,לאוג'י לוואצה אס.פי.אי,IT,קפסולות לוואצה אלומי,גרמים,55.00,100 גרם,false,,19.90,0.3618,false,1,266129
8000070053472,false,לוואצה קרמה גוסטו קלאסיקו מס' 12 קפסולות לקפה 55 גרם,לאוג'י לוואצה אס.פי.אי,IT,קפסולות לוואצה אלומי,גרמים,55.00,100 גרם,false,,19.90,0.3618,false,1,266127
8000070053526,false,קפסולות קפה אספרסו רוסה דרגת חוזק 10,לאוג'י לוואצה אס.פי.אי,IT,קפסולות לוואצה אלומי,גרמים,55.00,100 גרם,false,,19.90,0.3618,false,1,266130
8000070055254,false,לוואצה קרמה גוסטו פורטה מס' 13 קפסולות לקפה 55 גרם,לואיג'י לוואצה,IT,קפסולות לוואצה אלומי,גרמים,55.00,100 גרם,false,,19.90,0.3618,false,1,266128
8000070059832,false,קפסולות קרמה גוסטו ריקו חוזק 11 55 ג' לוואצה,לואיג'י לוואצה,IT,קפסולות לוואצה אלומי,גרמים,55.00,100 גרם,false,,19.90,0.3618,false,1,266131
8000070064553,false,קפסולות אספרסו לוואצה רוסה 10 16 יח,לווצה טורינו,IT,לוואצה קפסולות רוסה,גרמים,120.00,100 גרם,false,,29.90,0.2492,true,1,265549
8000070081017,false,קפסולות קפה אספרסו דיצו 10 10 יחידות,לאוג'\י לוואצה אס.פי.אי,IT,לוואצה דיצ'ו,גרמים,50.00,100 גרם,false,,16.90,0.3380,true,1,203633
8000070081154,false,קפסולות קפה אספרסו לג'רו 4 10 יחידות,לאוג'\י לוואצה אס.פי.אי,IT,לוואצה לג'רו,גרמים,55.00,100 גרם,false,,16.90,0.3073,true,1,203637
8000070081161,false,קפסולות לוואצה אבולגינטה 5 נספרסו 55 גר,לווצה טורינו,IT,לוואצה אבולג'נטה,גרמים,55.00,100 גרם,false,,16.90,0.3073,true,1,203638
8000113003402,false,"קמח תירס בוואקום ניקולי 1 ק""ג",מולינו ניקולי אס.פי.,IT,קמח תירס 1 קג,קילוגרמים,1.00,"ק""ג",false,,15.90,15.9000,true,1,111303
8000193000452,false,"אורז ריזוטו ארבוריו 1 ק""ג (10)",,,"אורז ריזוטו 1 ק""ג",קילוגרמים,1.00,"ק""ג",false,,19.90,19.9000,true,1,145872
8000215202406,false,מעדן אורז בטעם שוקו אורגני 400 גרם,בטר אנד דיפרנט,IT,מעדן אורז אורגני קקא,גרמים,400.00,100 גרם,false,,15.90,0.0398,true,1,202782
8000215202413,false,מעדן אורז בטעם וניל אורגני 400 גרם,ויטריז,IT,מעדן אורז אורגני וני,גרמים,400.00,100 גרם,false,,15.90,0.0398,true,1,202880
8000215204219,false,משקה אורז אורגני נטורפוד,בטר אנד דיפרנט,IT,חלב אורז אורגני 1 לי,ליטרים,1.00,ליטר,false,,12.90,12.9000,false,1,140792
8000215204240,false,ויטאריז משקה שקדים ואורז אורגני 1 ליטר,בטר אנד דיפרנט,IT,VITARIZ-חלב אורז שקד,ליטרים,1.00,ליטר,false,,12.90,12.9000,false,1,137908
8000215204264,false,ויטריז - משקה אורז אישי אישי 200 גר,בטר אנד דיפרנט,IT,"חלב אורז אישי 200 מ""",מיליליטרים,200.00,"100 מ""ל",false,,3.90,0.0195,true,1,194311
8000215204271,false,ויטריז - משקה שקדים ואורז אישי 200 גר,"נטורפוד בע""מ",IT,ויטריז- חלב אורז שקד,מיליליטרים,200.00,"100 מ""ל",false,,3.90,0.0195,true,1,149589
8000215204363,false,משקה קוקוס ויטריז 1 ליטר,אלינור,IT,משקה קוקוס אורגני 1,ליטרים,1.00,ליטר,false,,14.90,14.9000,true,1,215406
8000215204370,false,"ויטאריז לבישול תחליף שמנת צחית אורגנית 200 מ""ל",ויטריז,IT,VITARIZ- תחליף שמנת,מיליליטרים,200.00,"100 מ""ל",false,,5.90,0.0295,true,1,185780
8000215204387,false,"ויטאריז לבישול רוטב בשמל צמחי אורגני 500 מ""ל",ויטריז,IT,שמנת בשמל לבישול אור,מיליליטרים,500.00,"100 מ""ל",false,,12.50,0.0250,true,1,200572
8000215204394,false,"משקה אורז אורגני אגוז לוז ""נטורפוד""",בטר אנד דיפרנט,US,ויטריז-משקה אורז עם,ליטרים,1.00,ליטר,false,,15.90,15.9000,true,1,143712
8000215204554,false,ויטאריז משקה אורז קוקוס אורגני 1 ליטר,ויטריז Vitariz,IT,חלב אורז עם קוקוס או,ליטרים,1.00,ליטר,false,,12.90,12.9000,false,1,194310
8000215204561,false,VITASI משקה שקדים אורגני 1 ליטר,בטר אנד דיפרנט,IT,משקה שקדים אורגני vi,מיליליטרים,1000.00,"100 מ""ל",false,,14.90,0.0149,true,1,205667
8000215204653,false,משקה סויה אורגני 1ליטר,בטר אנד דיפרנט,IT,משקה סויה 1 ליטר,ליטרים,1.00,ליטר,false,,10.90,10.9000,true,1,210383
8000215204677,false,ויטריז - משקה שיבולת שועל בריסטה אורגני,בטר אנד דיפרנט,IT,VITARIZ משקה שיבולת,ליטרים,1.00,ליטר,false,,12.90,12.9000,false,1,262401
8000215204714,false,משקה שיבולת שועל אורגני 1 ליטר PRIMAVENA,בטר אנד דיפרנט,IT,משקה שיבולת שועל אור,ליטרים,1.00,ליטר,false,,12.90,12.9000,false,1,135668
8000215204745,false,משקה ש.שועל וניל אורגני 1 ליטר PRIMAVENA,אלינור,IT,משקה שיבולת שועל וני,ליטרים,1.00,ליטר,false,,12.90,12.9000,false,1,264784
8000320010026,false,עגבניות תמר מקולפות CIRIO 400 גר,צ'יריו,IT,עגבניות תמר מקולפות,גרמים,400.00,100 גרם,false,,6.20,0.0155,true,1,138349
8000320010088,false,"רוטב עגבניות במרקם גס 680 מ""ל MUTTI",קונסרב,IT,צ'יריו רסק עגבניות,גרמים,816.00,100 גרם,false,,10.90,0.0134,true,1,135043
8000320010095,false,"רוטב עגבניות במרקם עדין 700 מ""ל MUTTI",קונסרב,IT,פסאטה צ'יריו במרקם ע,מיליליטרים,700.00,"100 מ""ל",false,,10.90,0.0156,true,1,263910
8000320353659,false,שפורפרת רכז עגבניות צ'ירו 130 גרם,סיריו,,שפורפרת רכז עגבניות,גרמים,130.00,100 גרם,false,,7.50,0.0577,true,1,263922
8000320414855,false,עגבניות מרוסקות 400 גר CIRIO,,,צ'יריו-עגבניות חתוכו,גרמים,400.00,100 גרם,false,,14.90,0.0373,true,1,149313
8000380001446,false,לואקיני וופל פריך בשוקולד חלב 100 גר,"כד בני דרום בע""מ",IT,לואקיני 100 גר',גרמים,100.00,100 גרם,false,,13.90,0.1390,true,1,200341
8000380003723,false,וופל אגוזים בציפוי שוקולד לואקר 100 גרם,קריניציה ויטמינה אס,IT,עוגיות פטיסרי אגוזים,גרמים,100.00,100 גרם,false,,11.90,0.1190,true,1,102223
8000380003754,false,וופל גראן פטיסרי Gran Pasticceria קפוצ'ינו,"כד בני דרום בע""מ",IT,עוגיות פטיסרי,גרמים,100.00,100 גרם,false,,11.90,0.1190,true,1,197585
8000380003761,false,וופל גרנד פטיסרי שוקולד וקוקוס לואקר 100 גרם,קריניציה ויטמינה אס,IT,עוגיות פטיסרי קוקוס,גרמים,100.00,100 גרם,false,,11.90,0.1190,true,1,102225
8000380004669,false,וופל לואקר סנדוויץ קוביות ושוקולד 200ג',"א. לואקר, קונפקט ג'י",AT,וופל קקאו 200 גר',גרמים,200.00,100 גרם,false,,12.00,0.0600,false,1,121014
8000380004676,false,קוביות וופל סנדוויץ Sandwich עם וניל וחלב,"א. לואקר, קונפקט ג'י",AT,וופל וניל 200 גר,גרמים,200.00,100 גרם,false,,12.00,0.0600,false,1,102227
8000380004881,false,וופל קוארדטיני לואקר קוביות טרמיסו 220ג',קריניציה ויטמינה אס,IT,וופל קוארדטיני,גרמים,220.00,100 גרם,false,,13.90,0.0632,true,1,102229
8000380004911,false,קוביות וופל קואדרטיני Quadratini קרם אגוזים,קריניציה ויטמינה אס,AT,וופל קוארדטיני,גרמים,250.00,100 גרם,false,,13.90,0.0556,true,1,102230
8000380004942,false,וופל לואקר קוארדטיני קוביות ווניל 250ג',ליימן מותגים,AT,קואדקטיני וניל 250 ג,גרמים,250.00,100 גרם,false,,13.90,0.0556,true,1,133589
8000380004966,false,וופל קוארדטיני לואקר קוביות שוקולד 250ג',קריניציה ויטמינה אס,AT,וופל קוארדטיני,גרמים,250.00,100 גרם,false,,13.90,0.0556,true,1,102231
8000380005598,false,מארז וופל שוקולד טורטינה Tortina שוקולד מריר,א. לואקר אס. פי. אי-אי.,IT,טורטינה שישיה מריר,גרמים,125.00,100 גרם,false,,16.00,0.1280,true,1,123820
8000380007219,false,וופלים בטעם אגוזים לואקר 175 גרם,ליימן מותגים,AT,לואקר אגוז 175,גרמים,175.00,100 גרם,false,,10.90,0.0623,true,1,102232
8000380007257,false,וופל גרדנה אגוזים לואקר 200 גרם,קריניציה ויטמינה אס,IT,וופל גרדנה 200 ג,גרמים,200.00,100 גרם,false,,13.90,0.0695,true,1,102234
8000380007264,false,וופלים בטעם קקאו לואקר 175 גרם,קריניציה ויטמינה אס,AT,לואקר קקאו 175,גרמים,175.00,100 גרם,false,,10.90,0.0623,true,1,102235
8000380007271,false,וופל במילוי קרם חלב לואקר 175 גרם,ליימן מותגים,AT,וופל לואקר 175,גרמים,175.00,100 גרם,false,,10.90,0.0623,true,1,102236
8000380106028,false,טורטינה לואקר וופל שוקולד ואגוזים שישיה 125ג',קריניציה ויטמינה אס,IT,טורטינה 125 גר,גרמים,125.00,100 גרם,false,,16.00,0.1280,true,1,147487
8000380142484,false,קוביות וופל קואדרטיני Quadratini בטעם שוקולד מריר,"אינסטנטה בע""מ",AT,קוארדטיני שוקולד מרי,גרמים,250.00,100 גרם,false,,13.90,0.0556,true,1,121216
8000380144044,false,גרדנה וופל מצופה שוקולד חלב לואקר 200 גרם,"א. לואקר , AG/SpA, ו",IT,וופל גרדנה שוקולד 20,גרמים,200.00,100 גרם,false,,13.90,0.0695,true,1,113436
8000380148035,false,וופל אגוזי לוג שוקולד מריר גראן פטיסרי Gran Pasticceria,קריניציה ויטמינה אס,IT,גרנד פטיסרי מריר אגו,גרמים,100.00,100 גרם,false,,11.90,0.1190,false,1,191768
8000380152704,false,מארז חטיפי אצבעות גרדנה אגוז לואקר 125 גרם,"אינסטנטה בע""מ",IT,חטיפי אצבעות גרדנה א,גרמים,125.00,100 גרם,false,,14.00,0.1120,true,1,137965
8000380152728,false,מארז חטיפי אצבעות גרנדה שוקולד 125 גרם,"אינסטנטה בע""מ",IT,חטיפי אצבעות שוקולד,גרמים,125.00,100 גרם,false,,14.00,0.1120,true,1,137966
8000380153534,false,מארז וופל שוקולד טורטינה Tortina שוקולד לבן,א. לואקר אס. פי. אי-אי.,IT,טורטינה שישיות לבן,גרמים,125.00,100 גרם,false,,16.00,0.1280,true,1,142978
8000380154791,false,שלישיית וופל טורטינה לואקר 21 גרם,קריניציה ויטמינה אס,IT,טורטינה קלאסיק שלישי,גרמים,63.00,100 גרם,false,,10.90,0.1730,true,1,199973
8000380156009,false,פרלינים ורד הדולומיטים חלב לואקר 150 גרם,קריניציה ויטמינה אס,IT,דולימיטים 150 גר',גרמים,150.00,100 גרם,false,,25.90,0.1727,true,1,203325
8000380156573,false,לואקר בונבוניירה ורד הדולמיטים 150 גרם,קריניציה ויטמינה אס,IT,דולומיטים 150 גר',גרמים,150.00,100 גרם,false,,25.90,0.1727,true,1,149843
8000380180721,false,לואקר וופל קקאו במילוי קרם חלבי 175 גר,קריניציה ויטמינה אס,AT,לואקר שוקו חלב 175 ג,גרמים,175.00,100 גרם,false,,10.90,0.0623,true,1,191110
8000380180745,false,וופל קוביות קקאו במילוי קרם חלב לואקר 250 גרם,"א. לואקר, קונפקט ג'י",AT,וופל קואדרטיני 250 ג,גרמים,250.00,100 גרם,false,,13.90,0.0556,true,1,191111
8000380180837,false,וופל גרנד פטיסרי קוקוס לבן מצופה שוקולד לבן לואקר 100 גרם,"אינסטנטה בע""מ",IT,גרנד פטיסרי לבן 100,גרמים,100.00,100 גרם,false,,11.90,0.1190,true,1,193764
8000380181032,false,"לואקר גרדנה חטיפי אצבעות אגוזים ושוקולד לבן, 125 גרם","אינסטנטה בע""מ",IT,וופל גרדנה לבן 125 ג,גרמים,125.00,100 גרם,false,,14.00,0.1120,true,1,193765
8000380187119,false,עוגיות במילוי קרם אגוזי לוז לואקר 100 גר,לואקר Loacker,AT,עוגיות אגוזי לוז 100,גרמים,100.00,100 גרם,false,,12.90,0.1290,true,1,214994
8000380187249,false,עוגיות עם מילוי קרם שקדים ושוקולד חלב,לואקר Loacker,AT,עוגיות שקדים 100 גר',גרמים,100.00,100 גרם,false,,12.90,0.1290,true,1,214995
8000380187300,false,עוגיות חמאה עם שוקולד חלב לואקר 120 גר,לואקר Loacker,AT,עוגיות פתיתי שלג 120,גרמים,120.00,100 גרם,false,,12.90,0.1075,true,1,215390
8000380192151,false,טורטינה טריפל שוקולד מריר לואקר 125 גרם,א. לואקר אס. פי. אי-אי.,IT,טורטינה טריפל שישייה,גרמים,125.00,100 גרם,false,,16.00,0.1280,true,1,210073
8000380192199,false,וופל לואקר דאבל שוקולד 175 גרם,ליימן מותגים,AT,וופל לואקר 175 גר' ד,גרמים,175.00,100 גרם,false,,10.90,0.0623,true,1,206864
8000380192243,false,וופלים לואקר מקסי בטעם אגוז 200 גר',לואקר Loacker,AT,לואקר מקסי אגוז 200,גרמים,200.00,100 גרם,false,,12.50,0.0625,true,1,218270
8000380192250,false,וופלים לואקר מקסי בטעם שוקולד 200 גר',לואקר Loacker,AT,לואקר מקסי שוקולד 20,גרמים,200.00,100 גרם,false,,12.50,0.0625,true,1,218271
8000380192588,false,וופלים קואדרטיני דאבל שוקולד לואקר 250 גרם,קריניציה ויטמינה אס,AT,לואקר קואדרטיני דאבל,גרמים,250.00,100 גרם,false,,13.90,0.0556,true,1,206865
8000380201396,false,שוקולד חלב ממולא קרם קרמל ועלי וופל פריכ,ליימן מותגים,AT,טורטינה קרמל שישייה,גרמים,126.00,100 גרם,false,,16.00,0.1270,true,1,217793
8000380201525,false,שישייה גרנד פטיסרי אגוזי לוז,ליימן מותגים,IT,חטיפי גרנד פטיסרי שי,גרמים,126.00,100 גרם,false,,18.90,0.1500,true,1,262359
8000380201549,false,שישייה גרנד פטיסרי קוקוס,ליימן מותגים,IT,חטיפי גרנד פטיסרי שי,גרמים,126.00,100 גרם,false,,18.90,0.1500,true,1,262360
8000380205400,false,וופלים קואדרטיני חמאת בוטנים לואקר 250 גרם,ליימן מותגים,AT,לואקר קואדרטיני חמאת,גרמים,250.00,100 גרם,false,,13.90,0.0556,true,1,264506
8000380205523,false,וופלים בטעם חמאת בוטנים לואקר 175 גרם,ליימן מותגים,AT,לואקר וופל קלאסיק חמ,גרמים,175.00,100 גרם,false,,10.90,0.0623,true,1,264507
8000380206896,false,וופל גרדנה חמאת בוטנים לואקר 200 גרם,ליימן מותגים,IT,גרדנה חמאת בוטנים לו,גרמים,200.00,100 גרם,false,,13.90,0.0695,true,1,264679
8000380207183,false,שוקולד לואקר טורטינה חמאת בוטנים 126 גר,ליימן מותגים,IT,טורטינה חמאת בוטנים,גרמים,126.00,100 גרם,false,,16.00,0.1270,true,1,264678
8000500009673,false,בונבונרייה פררו רושר 300 גרם,פררו - אלבה,IT,בונבוניירה רושר 300ג,גרמים,300.00,100 גרם,false,,45.90,0.1530,true,1,102239
8000500018828,false,שלישיית קינדר שוקולד חצי מטר 100 גרם,קינדר Kinder,IT,שוקולד קינדר 300 גר',גרמים,300.00,100 גרם,false,,21.00,0.0700,true,1,199644
8000500023624,false,חטיפי הפי היפו Happy Hippo במילוי קרם חלב וקקאו,פררו - אלבה,IT,חטיף קינדר הפי היפו,גרמים,100.00,100 גרם,false,,12.90,0.1290,true,1,114172
8000500023976,false,בונבוניירת רפאלו פררו 150 גרם,פררו - אלבה,PL,בונבונירה רפאלו 150,גרמים,150.00,100 גרם,false,,16.90,0.1127,true,1,102240
8000500026731,false,שוקולד ביצי הפתעה קינדר שלישייה,פררו אס.פי.אי,IT,ביצי קינדר שלישייה,גרמים,60.00,100 גרם,false,,16.50,0.2750,false,1,186971
8000500028124,false,קינדר גוי ביצת הפתעה מארז שלישיה,ליימן שליסל,ZA,שלישיה קינדר ג'וי 3x,גרמים,60.00,100 גרם,false,,16.50,0.2750,false,1,266034
8000500029350,false,מארז וופל מצופה 3יח' *43 גרם קינדר בואנו,פררו - אלבה,PL,שלישיה שוקולד קינדר,גרמים,129.00,100 גרם,false,,10.90,0.0845,true,1,102242
8000500032237,false,בונבונרייה פררו רושר 375 גרם,פררו - אלבה,IT,בונבונירה רושר 375 ג,גרמים,375.00,100 גרם,false,,45.90,0.1224,true,1,102243
8000500037874,false,בונבונרייה פררו רושר 200 גרם,פררו - אלבה,IT,בונבונירה רושר 200 ג,גרמים,200.00,100 גרם,false,,25.90,0.1295,false,1,102246
8000500071083,false,אצבעות שוקולד קינדר Kinder שש עשרה יחידות,פררו - אלבה,IT,שוקולד קינדר 200 גר',גרמים,200.00,100 גרם,false,,12.90,0.0645,false,1,102247
8000500121436,false,מארז קינדר בואנו Kinder Bueno לבן שלוש יחידות,פררו - אלבה,PL,שלישיה קינדר בואנו ל,גרמים,129.00,100 גרם,false,,10.90,0.0845,true,1,128913
8000500167656,false,קינדר שוקולד עם דגנים סיריאל 94 ג',פררו,IT,קינדר סיריאל מארז רב,גרמים,94.00,100 גרם,false,,8.50,0.0904,true,1,209347
8000500172810,false,סוכריות בטעם תות שדה מנטה- מארז רביעייה,פררו - אלבה,EC,סוכריות טיק טק תות ר,גרמים,49.00,100 גרם,false,,9.90,0.2020,true,1,147212
8000500227848,false,נוטלה - בי רדי אצבעות ביסקוויט במילוי שוקולד 6 יח' * 22 גרם,פררו,IT,וופל מלוח נוטלה מארז,גרמים,132.00,100 גרם,false,,11.90,0.0902,true,1,204862
8000500247167,false,פררו קולקשן - כדורי וופל מצופים 24 יחידו,פררו,DE,פררו קולקשיין,גרמים,269.00,100 גרם,false,,45.90,0.1706,true,1,198308
8000500249352,false,קינדר בואנו מיני מיקס שקית 205 ג',פררו - אלבה,PL,בואנו מיני מיקס,גרמים,205.00,100 גרם,false,,18.90,0.0922,true,1,201561
8000500256213,false,קינדר שוקולד מיני בשקית.,פררו - אלבה,IT,קינדר שוקולד מיני,גרמים,120.00,100 גרם,false,,10.90,0.0908,true,1,262768
8000500267103,false,קינדר דליס עוגת ספוג קקאו במילוי חלבי*10,קינדר Kinder,IT,קינדר דליס עשירייה,גרמים,390.00,100 גרם,false,,19.90,0.0510,true,1,203715
8000500269169,false,קינדר קארדס Kinder Cards - חמישייה,קריות זול,IT,קינדר קארדס חמישייה,גרמים,128.00,100 גרם,false,,12.90,0.1008,true,1,265226
8000500294345,false,רושר איש שלג שוקולד חלב ואגוזי לוז 90 גר,פררו,PL,פררו איש שלג,גרמים,90.00,100 גרם,false,,14.90,0.1656,true,1,261542
8000500310397,false,נוטלה עוגיות נוטלה בגליל 12יח' - NUTELLA BISCUITTS,נוטלה Nutella,IT,נוטלה ביסקויט,גרמים,165.00,100 גרם,false,,13.90,0.0842,true,1,266593
8000500353738,false,רביעיה סוכריות בטעם מנטה חזק 4 * 16 ג' טחק טק,פררו,ZA,סוכריות טיק טק רביעי,גרמים,64.00,100 גרם,false,,9.90,0.1547,true,1,215146
8000500366073,false,נוטלה עוגיות נוטלה בשקית 20 יח'- NUTELLA BISCUITTS,נוטלה Nutella,IT,ביסקוויטים במילוי נו,גרמים,276.00,100 גרם,false,,19.90,0.0721,true,1,266501
8000500374429,false,גרנד פררו רושה מעטפת שוקולד חלב עם אגוזי לוז,פררו Ferrero,PL,גרנד פררו רושר 125 ג,גרמים,125.00,100 גרם,false,,14.90,0.1192,true,1,219575
8000500374542,false,שוקולד מריר מעולה אגוזי לוז פררו רושה125,רושר,PL,גרנד פררו רושר 125 ג,גרמים,125.00,100 גרם,false,,14.90,0.1192,true,1,263293
8000500396780,false,קינדר בואנו מיני 18יח,פררו,PL,קינדר בואנו מיני,גרמים,97.00,100 גרם,false,,11.90,0.1227,true,1,266676
8001003100164,false,יוגטה סוכריות ג'לי בטעמי פירות 450 גרם,יוגטה yogueta,IT,סוכריות ג'לי 450 גר',גרמים,450.00,100 גרם,false,,11.90,0.0264,true,1,202516
8001090016003,false,"טבליות למדיח פיירי 84 יחידות בד""צ",פרוקטר אנד גמבל,BE,טבליות פיירי 84 יח ל,גרמים,1182.00,100 גרם,false,,57.90,0.0490,false,1,195885
8001090111685,false,תחתונים אולוויז דיסקריט מידה L לבריחת שתן,פרוקטר אנד גמבל,DE,אולוויז דיסקרט תחתונ,יחידה,0.00,יחידה,false,,34.90,0.0000,false,1,204060
8001090111715,false,תחתונים אולוויז דיסקריט מידה M לבריחת שתן,פרוקטר אנד גמבל,DE,אולוויז דיסקריט תחתו,יחידה,0.00,יחידה,false,,34.90,0.0000,false,1,204061
8001090128836,false,"משחת שיניים 3D white מנטה עדינה 75 מ""ל אורל בי",פרוקטר אנד גמבל,DE,אורל בי משחה מנטה עד,מיליליטרים,75.00,"100 מ""ל",false,,11.90,0.1587,true,1,266316
8001090222428,false,"הרבל אסנסס - שמפו חלב קוקוס 400 מ""ל",הרבל אסנס Herbal Essences,FR,הרבל אסנסס שמפו חלב,מיליליטרים,400.00,"100 מ""ל",false,,17.90,0.0447,true,1,208122
8001090222541,false,הרבל אסנסס שמפו תות שדה ומנטה 400 גרם,הרבל אסנס Herbal Essences,FR,הרבל אסנסס שמפו תות,מיליליטרים,400.00,"100 מ""ל",false,,17.90,0.0447,true,1,208124
8001090222572,false,הרבל אסנסס מרכך תות שדה ומנטה 400 גרם,הרבל אסנס Herbal Essences,FR,הרבל אסנסס מרכך תות,מיליליטרים,400.00,"100 מ""ל",false,,17.90,0.0447,true,1,208125
8001090222725,false,"הרבל אסנסס - שמפו שמן מורינגה 400 מ""ל",הרבל אסנס Herbal Essences,FR,הרבל אסנסס שמפו שמן,מיליליטרים,400.00,"100 מ""ל",false,,17.90,0.0447,true,1,208126
8001090222756,false,"הרבל אסנסס - מרכך שמן מורינגה 400 מ""ל",הרבל אסנס Herbal Essences,FR,הרבל אסנסס מרכך שמן,יחידה,0.00,יחידה,false,,17.90,0.0000,true,1,208127
8001090222848,false,"הרבל אסנסס - שמפו שיקום שמן ארגן 400 מ""ל",הרבל אסנס Herbal Essences,FR,הרבל אסנסס שמפו שיקו,מיליליטרים,400.00,"100 מ""ל",false,,17.90,0.0447,true,1,208128
8001090222879,false,"הרבל אסנסס - מרכך שיקום שמן ארגן 400 מ""ל",הרבל אסנס Herbal Essences,FR,הרבל אסנסס מרכך שיקו,מיליליטרים,400.00,"100 מ""ל",false,,17.90,0.0447,true,1,208129
8001090290939,false,"משחת שיניים אורל בי 3D white לבן בוהק 500 מ""ל",פרוקטר אנד גמבל,DE,אורל בי משחת שיניים3,100 מל,75.00,100 מל,false,,19.90,0.2653,true,1,219435
8001090290984,false,"משחת שיניים 3D white רעננות מעוררת 75 מ""ל אורל בי",פרוקטר אנד גמבל,DE,אורל בי משחה- רעננות,מיליליטרים,75.00,"100 מ""ל",false,,11.90,0.1587,true,1,266317
8001090291035,false,"משחת שיניים 3D white להלבנה רעננות ארקטית 75 מ""ל אורל בי",פרוקטר אנד גמבל,DE,אורל בי משחה-רעננות,מיליליטרים,75.00,"100 מ""ל",false,,11.90,0.1587,true,1,266318
8001090316103,false,קפסולות לכתמים קשים 45 יח' אריאל,דיפלומט,FR,אריאל קפסולות כתמים,יחידה,0.00,יחידה,false,,59.90,0.0000,false,1,266595
8001090336354,false,פמפרס בייבי דריי חיתולים מידה 2 46 יח,פרוקטר אנד גמבל,DE,פמפרס בייבי דריי מיד,יחידה,0.00,יחידה,false,,31.90,0.0000,false,1,209986
8001090336446,false,פמפרס בייבי דריי חיתולים מידה 4 34 יח,פרוקטר אנד גמבל,DE,פמפרס בייבי דריי מיד,יחידה,0.00,יחידה,false,,31.90,0.0000,false,1,209988
8001090336491,false,פמפרס בייבי דריי חיתולים מידה +4 31 יח,פרוקטר אנד גמבל,DE,פמפרס בייבי דריי מיד,יחידה,0.00,יחידה,false,,31.90,0.0000,false,1,209989
8001090336521,false,פמפרס בייבי דריי חיתולים מידה 5 30 יח,פרוקטר אנד גמבל,DE,פמפרס בייבי דריי מיד,יחידה,0.00,יחידה,false,,31.90,0.0000,false,1,209990
8001090364203,false,"משחת שיניים אורל בי G&E להלבנה עדינה 75 מ""ל",פרוקטר אנד גמבל,DE,משחת שיניים אורל בי,100 מל,75.00,100 מל,false,,15.90,0.2120,true,1,219432
8001090364319,false,קפסולות ג'ל לכביסה טייד אפקט פיירי 37 יח',פרוקטר & גמבל,FR,טייד קפסולות אפקט פי,יחידה,0.00,יחידה,false,,56.90,0.0000,false,1,266588
8001090375230,false,"פנטן מרכך מרוכז 200 מ""ל לחות מוגברת",פרוקטר אנד גמבל,FR,פנטן מרכך הקסם 200 מ,מיליליטרים,200.00,"100 מ""ל",false,,18.90,0.0945,true,1,200658
8001090375285,false,"מרכך מרוכז פנטן למגע רך כמשי 200 מ""ל",פרוקטר אנד גמבל,FR,פנטן מרכך הקסם 200 מ,מיליליטרים,200.00,"100 מ""ל",false,,18.90,0.0945,true,1,200659
8001090379368,false,פמפרס פרימיום קר חיתולים שלב 4 34 יח VP,פרוקטר אנד גמבל,PL,חיתולי פמפרס פרימיום,יחידה,0.00,יחידה,false,,31.90,0.0000,false,1,262390
8001090379399,false,פמפרס פרימיום קר חיתולים שלב 5 30 יח VP,פרוקטר אנד גמבל,PL,חיתולי פמפרס פרימיום,יחידה,0.00,יחידה,false,,31.90,0.0000,false,1,262391
8001090458353,false,סבון כלים פעולה אנטי-בקטריאלית אקליפטוס,פרוקטר אנד גמבל,GB,פיירי אנטי בקטריאלי,מיליליטרים,515.00,"100 מ""ל",false,,10.90,0.0212,false,1,197857
8001090493637,false,"הד אנד שולדרס שמפו אולטרא טוטאל קר 450 מ""ל",פרוקטר אנד גמבל,RO,הד אנד שולדרס שמפו ט,מיליליטרים,450.00,"100 מ""ל",false,,17.90,0.0398,true,1,198903
8001090580122,false,"הד אנד שולדרס שמפו סופרים משקם 400 מ""ל",פרוקטר אנד גמבל,FR,שמפו שולדרס משקם 400,מיליליטרים,400.00,"100 מ""ל",false,,17.90,0.0447,true,1,205658
8001090678614,false,"שמפו סופרים לחות הד אנד שולדרס 400 מ""ל",פרוקטר אנד גמבל,FR,שמפו שולדרס לחות 400,מיליליטרים,400.00,"100 מ""ל",false,,17.90,0.0447,true,1,205659
8001090737809,false,מגן תחתון אולוויז סינגל טנגה 36 יחידות,פרוקטר אנד גמבל,ES,מגן תחתון אולוויז סי,יחידה,0.00,יחידה,false,,16.90,0.0000,false,1,203350
8001090745903,false,אבקת כביסה טייד פרש אלפיין 4 קג,פרוקטר אנד גמבל,TR,טייד אלפיין פרש 4 קג,קילוגרמים,4.00,"ק""ג",false,,29.90,7.4750,false,1,210633
8001090832450,false,"שמפו פנטן הנוסחה הקלאסית 660 מ""ל",פרוקטר אנד גמבל,RO,פנטן שמפו נוסחה קלאס,מיליליטרים,660.00,"100 מ""ל",false,,17.90,0.0271,false,1,215477
8001090832535,false,"שמפו פנטן שמן מרוקאי משקם 660 מ""ל",פרוקטר אנד גמבל,RO,פנטן שמפו שמן מרוקאי,מיליליטרים,660.00,"100 מ""ל",false,,17.90,0.0271,false,1,215479
8001090832573,false,"שמפו פנטן לחות מוגברת 660 מ""ל",פרוקטר אנד גמבל,RO,פנטן שמפו לחות מוגבר,מיליליטרים,660.00,"100 מ""ל",false,,17.90,0.0271,false,1,215480
8001090832610,false,"שמפו פנטן למגע רך כמשי 660 מ""ל",פרוקטר אנד גמבל,RO,פנטן שמפו למגע רך כמ,מיליליטרים,660.00,"100 מ""ל",false,,17.90,0.0271,false,1,215481
8001090832696,false,"פנטן שמפו לתלתלים מושלמים 660 מ""ל",פרוקטר אנד גמבל,RO,פנטן שמפו לתלתלים מו,מיליליטרים,660.00,"100 מ""ל",false,,17.90,0.0271,false,1,215483
8001090832771,false,"פנטן שמפו להזנת קרטין 660 מ""ל",פרוקטר אנד גמבל,RO,פנטן שמפו הזנת קרטין,מיליליטרים,660.00,"100 מ""ל",false,,17.90,0.0271,false,1,215485
8001090832818,false,מרכך פנטן הנוסחה הקלאסית לשיער רגיל ומעורב,פרוקטר אנד גמבל,RO,פנטן קונדישנר נוסחה,מיליליטרים,660.00,"100 מ""ל",false,,17.90,0.0271,false,1,215487
8001090832856,false,"קונדישנר פנטן מרוקאי משקם 660 מ""ל",פרוקטר אנד גמבל,RO,פנטן קונדישנר מרוקאי,מיליליטרים,660.00,"100 מ""ל",false,,17.90,0.0271,false,1,215488
8001090832894,false,מרכך לשיער חלש ופגום לחות מוגברת,פרוקטר אנד גמבל,RO,פנטן קונדישנר לחות מ,מיליליטרים,660.00,"100 מ""ל",false,,17.90,0.0271,false,1,215489
8001090832931,false,"פנטן 660 מ""ל קונדישינר למגע רך כמשי",פרוקטר אנד גמבל,RO,פנטן קונדישנר למגע ר,מיליליטרים,660.00,"100 מ""ל",false,,17.90,0.0271,false,1,215490
8001090832979,false,"פנטן 660 מ""ל קונדישינר לתלתלים מושלמים",פנטן שמפו ומרכך ב 17,RO,פנטן מרכך לתלתלים מו,מיליליטרים,660.00,"100 מ""ל",false,,17.90,0.0271,false,1,215491
8001090833136,false,אריאל ג'ל כביסה בייבי 2.255 ליטר,פרוקטור אנד גמבל,FR,אריאל ג'ל בייבי 2.25,ליטרים,2.26,ליטר,false,,29.90,13.2301,false,1,205028
8001090833167,false,גל כביסה אריאל בניחוח הרים 2.365 ליטר,פרוקטור אנד גמבל,FR,אריאל ג'ל כביסה 2.36,ליטרים,2.37,ליטר,false,,29.90,12.6160,false,1,205029
8001090833198,false,אריאל נוזל כביסה 2.47 ליטר ניחוח מרענן,פרוקטור אנד גמבל,FR,אריאל ג'ל כביסה 2.36,ליטרים,2.37,ליטר,false,,29.90,12.6160,false,1,205030
8001090833228,false,אריאל ג'ל כביסה קולור 2.365 ליטר,פרוקטור אנד גמבל,FR,אריאל ג'ל כביסה 2.36,ליטרים,2.37,ליטר,false,,29.90,12.6160,false,1,205031
8001090833259,false,גל כביסה אריאל בניחוח הרים 3.740 ליטר,פרוקטר אנד גמבל,FR,אריאל ג'ל כביסה 3.74,ליטרים,3.74,ליטר,false,,44.90,12.0053,false,1,205027
8001090861276,false,"פנטן קונדישנר סופר פוד 660 מ""ל",פרוקטר אנד גמבל,RO,פנטן קונדישנר סופר פ,מיליליטרים,660.00,"100 מ""ל",false,,17.90,0.0271,false,1,215494
8001090861795,false,"פנטן שמפו סופר פוד 660 מ""ל",פרוקטר אנד גמבל,RO,פנטן שמפו סופר פוד,מיליליטרים,660.00,"100 מ""ל",false,,17.90,0.0271,false,1,215486
8001090886385,false,לנור כדוריות הבושם בניחוח רענן 140 גרם,פרוקטור אנד גמבל,US,לנור כדוריות הבושם ר,גרמים,140.00,100 גרם,false,,18.90,0.1350,true,1,214642
8001090891273,false,לנור כדוריות בושם בניחוח סחלב 210 גרם,פרוקטר אנד גמבל,US,לנור כדוריות הבושם ס,גרמים,210.00,100 גרם,false,,27.90,0.1329,true,1,218193
8001090899194,false,תחבושות אולוויז פלטינום נורמל 24 יחידות,פרוקטר אנד גמבל,DE,תחבושות אולוויז פלטי,יחידה,0.00,יחידה,false,,16.90,0.0000,true,1,209765
8001090899224,false,תחבושות אולוויז פלטינום לונג 20 יחידות,פרוקטר אנד גמבל,DE,תחבושות אולוויז פלטי,יחידה,0.00,יחידה,false,,16.90,0.0000,true,1,209766
8001090899255,false,תחבושות אולוויז פלטינום לילה 16 יחידות,פרוקטר אנד גמבל,DE,תחבושות אולוויז פלטי,יחידה,0.00,יחידה,false,,16.90,0.0000,true,1,209767
8001090899286,false,תחבושות אולוויז פלטינום לילה בטוח 14 יח',פרוקטר אנד גמבל,DE,תחבושות אולוויז פלטי,יחידה,0.00,יחידה,false,,16.90,0.0000,true,1,209768
8001090992338,false,פיירי טבליות למדיח פלטינום פלוס 50 יחידו,פרוקטר אנד גמבל,BE,פיירי קפסולות למדיח,יחידה,0.00,יחידה,false,,57.90,0.0000,true,1,211308
8001110016303,false,ליקר דיסארונו אמרטו 700,אילווה סרונו,IT,דיסרונו ליקר אמרטו,יחידה,750.00,יחידה,false,,79.90,0.1065,true,1,196794
8001160000888,false,"גטורייד משקה ספורט תפוז 500 מ""ל",אקווה מינרלה סאן בנדטו,IT,גטורייד-ספורט תפוז,מיליליטרים,500.00,"100 מ""ל",false,,9.50,0.0190,true,1,140799
8001160001786,false,"משקה אנרגיה גטורייד ספורט כחול 500מ""ל",אקווה מינרלה סאן בנדטו,IT,גטורייד ספורט כחול,מיליליטרים,590.00,"100 מ""ל",false,,9.50,0.0161,true,1,140058
8001160001892,false,"משקה אנרגיה גטורייד ספורט תפוז אדום 500מ""ל",אקווה מינרלה סאן בנדטו,IT,גטורייד-ספורט תפוז א,מיליליטרים,500.00,"100 מ""ל",false,,9.50,0.0190,true,1,140798
8001250003652,false,פסטה רדיאטורי דה ציק,דה צ'אקו DE CECCO,,פסטה רדיאטורי 500 גר,מיליליטרים,500.00,"100 מ""ל",false,,9.90,0.0198,true,1,185740
8001250009999,false,ניוקי דה ציקו תפוא 5,דה צ'אקו DE CECCO,,דה צ'קו ניוקי תפוחי,גרמים,500.00,100 גרם,false,,8.90,0.0178,true,1,135551
8001250110015,false,דה צ'קו לזניית ביצים 500גר,אולירה אחים דה צ'קו,IT,פסטה לזניה מס 1',גרמים,500.00,100 גרם,false,,16.90,0.0338,true,1,123838
8001250120410,false,פסטה פנה מס 41 דה צק,דה צ'אקו DE CECCO,IT,פסטה פנה ריגטה,גרמים,500.00,100 גרם,false,,9.90,0.0198,true,1,193508
8001250120939,false,פסטה פרפלה דה ציקו 5,,,פסטה דה צ'יקו,גרמים,500.00,100 גרם,false,,9.90,0.0198,true,1,136669
8001250152015,false,פסטה דורום פפרדלה דה,אולירה אחים דה צ'קו,IT,דה-צ'יקו פפרדלה 201,יחידה,0.00,יחידה,false,,13.90,0.0000,true,1,196742
8001250152114,false,טריפוליני פסטה דורום,אולירה אחים דה צ'קו,IT,פסטה טריפולין 11,יחידה,0.00,יחידה,false,,13.90,0.0000,true,1,196743
8001250201003,false,קנלוני צינורות פסטה,אולירה אחים דה צ'קו,IT,קנלוני דה צ'יקו,גרמים,250.00,100 גרם,false,,13.90,0.0556,true,1,150268
8001432006013,false,למברוסקו גביולי אדום,,,למברוסקו גביולי אדום,מיליליטרים,750.00,"100 מ""ל",false,,24.60,0.0328,true,1,263393
8001432006020,false,למברוסקו גביולי רוזה,,,למברוסקו גביולי רוזה,מיליליטרים,750.00,"100 מ""ל",false,,24.90,0.0332,true,1,263392
8001440118944,false,שלישיית עגבניות פולפה צ'יריו 400 גרם,דיפלומט,IT,שלישיית עגבניות פולפ,גרמים,400.00,100 גרם,false,,14.90,0.0373,true,1,263911
8001440124150,false,"רוטב עגבניות צ'ילי לפסטה צ'ריו 446 מ""ל CIRIO",היינץ,,רוטב עגבניות צ'ילי ל,מיליליטרים,446.00,"100 מ""ל",false,,11.90,0.0267,true,1,263915
8001440124167,false,"רוטב פומודורו לפסטה צ'ריו 446 מ""ל CIRIO",סיריו,,רוטב פומודורו לפסטה,מיליליטרים,446.00,"100 מ""ל",false,,11.90,0.0267,true,1,263913
8001440124181,false,"רוטב עגבניות בזיליקום לפסטה צ'ריו 446 מ""ל CIRIO",סיריו,,רוטב עגבניות בזיליקו,מיליליטרים,446.00,"100 מ""ל",false,,11.90,0.0267,true,1,263914
8001440134487,false,עגבניות שרי מקולפות 400 גר CIRIO,,IT,עגבניות שרי מקולפות,גרמים,400.00,100 גרם,false,,8.90,0.0223,true,1,263917
8001505000306,false,נטורפוד מעדן פירות יער אורגני 250 גרם,פיור די פרוטה,IT,מעדן אורגני פירות יע,גרמים,250.00,100 גרם,false,,18.90,0.0756,true,1,151814
8001620011935,false,"סן בנדטו- מים מינרלים מוגז - מארז שישיית 500 מ""ל",אקווה מינרלה סאן בנד,IT,סאן בנדטו מוגז שישיי,ליטרים,3.00,ליטר,false,,12.90,4.3000,false,1,133942
8001620015612,false,"משקה פירות פרוטה-גזר תפוז לימון 400 מ""ל סאן בנדטו",אקווה מינרלה סאן בנדטו ב,IT,סאן בנדטו גזר תפוז ל,מיליליטרים,400.00,"100 מ""ל",false,,6.50,0.0163,true,1,217931
8001620015636,false,"משקה פירות פרוטה-מיקס פירות 400 מ""ל סאן בנדטו",אקווה מינרלה סאן בנדטו ב,IT,סאן בנדטו מיקס פירות,מיליליטרים,400.00,"100 מ""ל",false,,6.50,0.0163,true,1,217930
8001620017456,false,"סן בנדטו ספורט, מים מינרלים טבעיים 500 מ""ל שישייה",אקווה מינרלה סאן בנדטו ב,IT,סאן בנדטו פקק ספורט,ליטרים,3.00,ליטר,false,,13.90,4.6333,true,1,201327
8001620018248,false,"מים מינרלים 750 מ""ל סאן בנדטו-פקק ספורט",אקווה מינרלה סאן בנדטו ב,IT,סאן בנדטו פקק ספורט,מיליליטרים,750.00,"100 מ""ל",false,,3.90,0.0052,true,1,207070
8001620018408,false,"משקה פירות בטעם מנגו תפוח 400 מ""ל פרוטה",אקווה מינרלה סאן בנדטו ב,IT,סן בנדטו משקה פירות,מיליליטרים,400.00,"100 מ""ל",false,,6.50,0.0163,true,1,262037
8001620019160,false,"סן בנדטו מים מינרלים בטעם אפרסק 500 מ""ל",אקווה מינרלה סאן בנדטו ב,IT,מים סן בנדטו אפרסק 4,מיליליטרים,400.00,"100 מ""ל",false,,5.90,0.0147,true,1,265692
8001620019177,false,"סן בנדטו מים מינרלים בטעם ענבים 500 מ""ל",אקווה מינרלה סאן בנדטו ב,IT,מים סן בנדטו ענבים 4,מיליליטרים,400.00,"100 מ""ל",false,,5.90,0.0147,true,1,265693
8001841006710,false,לנור כדוריות הריח בניחוח רענן 210 גרם,פרוקטר אנד גמבל,US,לנור כדוריות הבושם ר,גרמים,210.00,100 גרם,false,,27.90,0.1329,true,1,214644
8001841006833,false,לנור כדוריות הבושם בניחוח אביבי 210 ג',פרוקטר אנד גמבל,GB,לנור כדוריות הבושם א,גרמים,210.00,100 גרם,false,,27.90,0.1329,true,1,262496
8001841041421,false,מגבונים ללא בישום אריזה בודדת 80 יח' פמפרס,פרוקטר & גמבל,DE,פמפרס מגבונים בניחוח,יחידה,0.00,יחידה,false,,5.90,0.0000,true,1,266320
8001841053684,false,תחבושות אולוויז עבה לונג פלוס 12 יחידות,פרוקטר אנד גמבל )ראה קוד,HU,תחבושות אולוויז עבה,יחידה,0.00,יחידה,false,,11.90,0.0000,true,1,219241
8001841053806,false,תחבושות היגייניות אולוויז מקסי עבה לילה,פרוקטר אנד גמבל,HU,תחבושות אולוויז עבה,יחידה,0.00,יחידה,false,,11.90,0.0000,true,1,219236
8001841062624,false,פמפרס מגבונים לחים ללא בישום רביעייה,פרוקטר אנד גמבל.,DE,מגבוני פמפרס ללא ביש,יחידה,0.00,יחידה,false,,15.90,0.0000,true,1,215495
8001841077598,false,מגבונים בניחוח רענן אריזה בודדת 80 יח' פמפרס,פרוקטר & גמבל,DE,פמפרס מגבונים ללא בי,יחידה,0.00,יחידה,false,,5.90,0.0000,true,1,266321
8001841077949,false,מארז מגבוני פמפרס בניחוח מרענן - רביעייה,פרוקטר אנד גמבל,DE,פמפרס מגבונים פרש,יחידה,0.00,יחידה,false,,15.90,0.0000,false,1,208576
8001841104751,false,פמפרס פרימיום קר חיתולים שלב 1 52 יח VP,פרוקטר אנד גמבל,PL,חיתולי פמפרס פרימיום,יחידה,0.00,יחידה,false,,31.90,0.0000,false,1,262392
8001841104799,false,פמפרס פרימיום קר חיתולים שלב 2 46 יח VP,פרוקטר אנד גמבל,PL,חיתולי פמפרס פרימיום,יחידה,0.00,יחידה,false,,31.90,0.0000,false,1,262393
8001841105093,false,פמפרס פרימיום קר חיתולים שלב 6 26 יח VP,פרוקטר אנד גמבל,PL,חיתולי פמפרס פרימיום,יחידה,0.00,יחידה,false,,31.90,0.0000,false,1,262394
8001841137216,false,"קונדישנר למגע רך כמשי הד אנד שולדרס 275 מ""ל",פרוקטר אנד גמבל,RO,הד אנד שולדרס קונדיש,מיליליטרים,275.00,"100 מ""ל",false,,14.90,0.0542,true,1,209555
8001841427126,false,מגן תחתון אולוויז מגה פק פרו פרש נורמל 64 יחי,פרוקטר אנד גמבל,DE,מגן תחתון אולוויז מג,יחידה,0.00,יחידה,false,,16.90,0.0000,true,1,211366
8001841500799,false,"הרבל אסנסס - שמפו ללא סולפטים אלוורה ומנגו 380 מ""ל",הרבל אסנס Herbal Essences,FR,הרבל אסנס שמפו ללא ס,מיליליטרים,380.00,"100 מ""ל",false,,17.90,0.0471,true,1,215965
8001841500942,false,"הרבל אסנסס - שמפו ללא סולפטים אלוורה ובמבוק 380 מ""ל",הרבל אסנס Herbal Essences,FR,הרבל אסנס שמפו ללא ס,מיליליטרים,380.00,"100 מ""ל",false,,17.90,0.0471,true,1,215966
8001841502298,false,"הרבל אסנסס - מרכך ללא סולפטים אלוורה ומנגו 275 מ""ל",הרבל אסנס Herbal Essences,FR,הרבל אסנס מרכך ללא ס,מיליליטרים,275.00,"100 מ""ל",false,,17.90,0.0651,true,1,215967
8001841502601,false,"הרבל אסנסס - מרכך ללא סולפטים אלוורה ובמבוק 275 מ""ל",הרבל אסנס Herbal Essences,FR,הרבל אסנס מרכך ללא ס,מיליליטרים,275.00,"100 מ""ל",false,,17.90,0.0651,true,1,215968
8001841625188,false,סבון כלים פלטינום לימון X3 פעולות להסרת שומנים,פרוקטר אנד גמבל,GB,פיירי פלטיניום לימון,מיליליטרים,515.00,"100 מ""ל",false,,10.90,0.0212,false,1,211901
8001841625287,false,סבון כלים פלטינום לימון X3 פעולות להסרת שומנים,פרוקטר אנד גמבל,GB,פיירי לימון 1.015 לי,ליטרים,1.01,ליטר,false,,13.90,13.7624,true,1,213241
8001841625362,false,"נוזל כלים בניחוח לימון פלטינום 780 מ""ל פיירי",פרוקטר אנד גמבל,GB,פרי לכלים לימון פלטי,מיליליטרים,780.00,"100 מ""ל",false,,12.90,0.0165,true,1,264153
8001841625461,false,סבון כלים פלטינום X3 פעולות להסרת שומנים,פרוקטר אנד גמבל,GB,פיירי פלטיניום 515 מ,מיליליטרים,515.00,"100 מ""ל",false,,10.90,0.0212,false,1,211902
8001841625508,false,"נוזל כלים פיירי פלטינום אורגינל 1.015 ליטר בד""צ",פרוקטר אנד גמבל,GB,פיירי פלטיניום אורגי,מיליליטרים,1015.00,"100 מ""ל",false,,13.90,0.0137,true,1,213652
8001841669465,false,קפסולות לכביסה אריאל בניחוח לנור 24 יחידות,פרוקטר אנד גמבל,FR,אריאל קפסולות 24 יח,יחידה,0.00,יחידה,false,,31.90,0.0000,false,1,217285
8001841669519,false,קפסולות לכביסה ALL IN ONE אריאל 55 יחידות,פרוקטר אנד גמבל,FR,אריאל קפסולות כביסה,גרמים,1386.00,100 גרם,false,,59.90,0.0432,false,1,211449
8001841680989,false,מגן תחתון אולוויז מגה פק פרו פרש לארג' 60 יחי,פרוקטר אנד גמבל,DE,מגן תחתון אולוויז מג,יחידה,0.00,יחידה,false,,16.90,0.0000,true,1,211446
8001841715957,false,"ג'ל רחצה ושמפו ניקוי אינטנסיסי האד אנד שולדרס 360 מ""ל","נארז ע""י : א.ג. גילר",FR,הד אנד שולדרס ג'ל רח,מיליליטרים,360.00,"100 מ""ל",false,,18.90,0.0525,true,1,218950
8001841716312,false,"ג'ל רחצה ושמפו ספורט האד אנד שולדרס 360 מ""ל","פרוקטר אנד גמבל, צרפ",FR,הד אנד שולדרס ג'ל רח,מיליליטרים,360.00,"100 מ""ל",false,,18.90,0.0525,true,1,218951
8001841716435,false,"ג'ל רחצה ושמפו לעור רגיש האד אנד שולדרס 360 מ""ל","נארז ע""י : א.ג. גילר",FR,הד אנד שולדרס ג'ל רח,מיליליטרים,360.00,"100 מ""ל",false,,18.90,0.0525,true,1,218952
8001841893990,false,פיירי טבליות למדיח פלטינום פלוס - מארז 30 יח',פרוקטר אנד גמבל,BE,פיירי טבליות למדיח פ,יח',30.00,יח',false,,38.90,1.2967,true,1,215934
8001841941929,false,אולוויז וליו פק לילה בטוח אקסטרא 16 יחידות,פרוקטר אנד גמבל,DE,תחבושות אולוויז וליו,יחידה,0.00,יחידה,false,,16.90,0.0000,false,1,218681
8001841943961,false,לנור כדוריות בושם בניחוח אוקיינוס 210 גר,פרוקטר אנד גמבל,US,לנור כדוריות הבושם א,גרמים,210.00,100 גרם,false,,27.90,0.1329,true,1,218321
8001841958460,false,פיירי טבליות למדיח אורגינל הכל באחד - מארז 48 יח',פרוקטר אנד גמבל,BE,פיירי טבליות למדיח 4,יח',48.00,יח',false,,38.90,0.8104,true,1,215981
8001841960081,false,פיירי טבליות למדיח פלטינום הכל באחד - מארז 37 יח',פרוקטר אנד גמבל,BE,פיירי טבליות למדיח פ,יח',37.00,יח',false,,38.90,1.0514,true,1,215982
8001876012588,false,שמן זית כתית מעולה י,COLAVITA SpA,,COLAVITA MEDITERRAN,מיליליטרים,750.00,"100 מ""ל",false,,43.90,0.0585,true,1,191608
8001876020088,false,שמן זית קולאויטה כתי,COLAVITA SpA,IT,COLAVITA שמן זית 750,יחידה,750.00,יחידה,false,,43.90,0.0585,true,1,128362
8001906996956,false,פרימו וי פרוסקו רוזה,,,פרימו וי פרוסקו רוזה,מיליליטרים,750.00,"100 מ""ל",false,,55.00,0.0733,true,1,263736
8001906998561,false,פרימו וי פרוסקו כשר,Unknown,,פרימו וי פרוסקו,מיליליטרים,750.00,"100 מ""ל",false,,52.90,0.0705,true,1,261525
8001940000213,false,מטליות וילדה 3 יח',,,מטליות וילדה 3 יח',יחידה,0.00,יחידה,false,,13.90,0.0000,true,1,263308
8001943549122,false,"צ'וקטה מטבעות שוקולד חלב, 40 גרם",ואל קור קורסניני אס אנ ס,IT,צ'וקטה מטבעות שוקולד,גרמים,40.00,100 גרם,false,,4.00,0.1000,true,1,199222
8002110383709,false,נוטרוגינה ס.נורבגית ק.ידיים לא מבושם 50מל,ניוטרוג'ינה Neutrogena,FR,קרם ידיים נוטורוג'ינ,מיליליטרים,50.00,"100 מ""ל",false,,26.90,0.5380,true,1,126561
8002213004068,false,קמח לפיצה ורוד 1 קג,,,"קמח לפיצה 1 ק""ג",קילוגרמים,1.00,"ק""ג",false,,9.50,9.5000,true,1,201192
8002230000012,false,מארז משקה קוקטייל אפ,אלכוהול (איי.בי.בי),IT,אפרול -משקה אפרטיף,ליטרים,1.00,ליטר,false,,84.90,84.9000,true,1,197572
8002267014662,false,שלישייה ביצי שוקולד חלב עם צעצוע ברבי,צ'וקטה Chocketa,IT,ביצת הפתעה ברבי שליש,גרמים,60.00,100 גרם,false,,12.90,0.2150,true,1,202683
8002267014945,false,שלישייה ביצי שוקולד חלב עם צעצוע הוט ווילס,ואל קור קורסניני אס אנ ס,IT,ביצת הפתעה הוט ווילס,גרמים,60.00,100 גרם,false,,12.90,0.2150,true,1,202684
8002267015263,false,שלישייה ביצת הפתעה מאשה והדוב צ'וקטה 20 גרם,צ'וקטה Chocketa,IT,ביצי הפתעה שלישייה מ,גרמים,60.00,100 גרם,false,,12.90,0.2150,true,1,214463
8002267021622,false,ACMILAN -בייצי שוקו,,,ACMILAN -בייצי שוקו,יחידה,0.00,יחידה,false,,12.90,0.0000,true,1,265167
8002270015649,false,סן פלגרינו מים מינרלים טבעיים מוגזים,סן פלגרינו ס.פ.א לוק,IT,סן פלגרינו קטן,מיליליטרים,250.00,"100 מ""ל",false,,5.20,0.0208,true,1,116124
8002270015656,false,מים מינרליים טבעיים מוגזים סן פלגרינו 750 מל זכוכית,סן פלגרינו ס.פ.א לוק,IT,מים סאן פלגרינו,מיליליטרים,750.00,"100 מ""ל",false,,8.90,0.0119,true,1,113485
8002270166594,false,"שישיית מים ""סאן פלגרינו"" 250*6 מ""ל",טמפו,,שישייה סאן פלגרינו,ליטרים,1.50,ליטר,false,,29.90,19.9333,true,1,194504
8002270236792,false,אסנזה משקה מוגז בטעם לימון גרידת לימון- שישייה,סן פלגרינו San Pellegrino,IT,סן פלגרינו אסנזה לימ,מיליליטרים,3000.00,"100 מ""ל",false,,29.90,0.0100,true,1,263827
8002270256790,false,"שישייה סן פלגרינו אסנזה תפוז אדום 500 מ""ל",סן פלגרינו San Pellegrino,IT,סן פלגרינו אסנזה תפו,מיליליטרים,3000.00,"100 מ""ל",false,,29.90,0.0100,true,1,263828
8002270436581,false,"שישיית מים סאן פלגרינו פלסט 500 מ""ל",סן-פלגרינו,IT,סן פלגרינו פלסטיק מו,ליטרים,3.00,ליטר,false,,26.90,8.9667,true,1,208336
8002270866524,false,סן פלגרינו מים מינרליים טבעיים מוגזים,סן פלגרינו San Pellegrino,IT,סאן פלגרינו 1 ליטר,ליטרים,1.00,ליטר,false,,8.90,8.9000,true,1,141605
8002450201008,false,"רספברי ספרקלטיני 750 מ""ל",איטליה בוסקה,IT,ורדי רסברי,מיליליטרים,750.00,"100 מ""ל",false,,22.90,0.0305,true,1,121763
8002450202005,false,ורדי ספרקלטיני אסאי Verdi acai Sparkletini,איטליה בוסקה,IT,ורדי ספרקלטיני אסאי,מיליליטרים,750.00,"100 מ""ל",false,,22.90,0.0305,true,1,140949
8002450203002,false,"ורדי בטעם אבטיח 750 מ""ל",איטליה בוסקה,IT,ורדי אבטיח,מיליליטרים,750.00,"100 מ""ל",false,,22.90,0.0305,true,1,206279
8002450204009,false,ורדי ספרקלטיני אפרסק,"איי, בי, אינבוו",IT,ספרקלטיני ורדי אפרס,מיליליטרים,750.00,"100 מ""ל",false,,22.90,0.0305,true,1,121764
8002450205006,false,משקה כהלי מוגז ורדי,איטליה בוסקה,IT,ורדי תות שדה,מיליליטרים,750.00,"100 מ""ל",false,,22.90,0.0305,true,1,196573
8002450206003,false,ורדי רימונים ספרקלטיני,"איי, בי, אינבוו",IT,ספרקלטיני ורדי רימונ,מיליליטרים,750.00,"100 מ""ל",false,,22.90,0.0305,true,1,122613
8002450209004,false,יין מבעבע ורדי רוזה,איטליה בוסקה,IT,יין מבעבע ורדי רוזה,מיליליטרים,750.00,"100 מ""ל",false,,22.90,0.0305,true,1,189165
8002530121028,false,קפסולות מאורו צנטופר,,IT,קפה מאורו צ'נטו קפסו,גרמים,55.00,100 גרם,false,,15.90,0.2891,true,1,265535
8002530125927,false,קפה מאורו צ'נטופרצ'נ,,,קפה מאורו צ'נטופרצ'נ,גרמים,250.00,100 גרם,false,,41.90,0.1676,true,1,127951
8002530155221,false,קפה מאורו דלוקס קפסו,,IT,קפה מאורו דלוקס קפסו,גרמים,55.00,100 גרם,false,,15.90,0.2891,true,1,186841
8002530164926,false,קפה מאורו פרימיום שק,,IT,קפה מאורו פרימיום שק,קילוגרמים,1.00,"ק""ג",false,,105.90,105.9000,true,1,263507
8002530530523,false,קפה מאורו דה לוקס 25,,,קפה מאורו דה לוקס 25,יחידה,250.00,יחידה,false,,39.90,0.1596,true,1,140734
8002910043476,false,ויט רצועות שעווה מוכנות לקו הביקיני 12 יחידות,רקיט בנקיזר צרפת,FR,ויט רצועות שעווה לבי,יחידה,0.00,יחידה,false,,19.90,0.0000,true,1,201839
8002960103205,false,CR70W 'רוטב ארביאטה בצנצנת 370 ג MENU,מנורה,IT,רוטב ארביאטה בצנצנת,גרמים,370.00,100 גרם,false,,12.90,0.0349,true,1,264136
8003007800712,false,פסטה פיורי פרחים 4 טעמים 500 גרם,,IT,פסטה טארולרו פרחים 5,גרמים,500.00,100 גרם,false,,12.90,0.0258,true,1,191801
8003007800842,false,פסטה קונצינטלי 4 טעמים 500 גרם,,IT,פסטה טארולרו קונקילי,גרמים,500.00,100 גרם,false,,12.90,0.0258,true,1,191802
8003007811473,false,פסטה פנוני 4 טעמים 500 גרם,,,פסטה טארולרו פנוני צ,גרמים,500.00,100 גרם,false,,12.90,0.0258,true,1,197060
8003007817000,false,פתיתים פוזילי טרפילט,,,טרלורו- פסטה פוזילי,גרמים,500.00,100 גרם,false,,12.90,0.0258,true,1,196828
8003340091280,false,לינדט לינדור בונבוניירה 60% מוצקי קקאו 200 גרם,לינדט ושפרונגלי קילשברג,IT,בונבונירת לינדור 60%,גרמים,200.00,100 גרם,false,,29.90,0.1495,false,1,124877
8003653000061,false,"tonkitaTK06 מקל למטאטא/מגב 130 ס""מ",טונקיטה,,מקל למטאטא/מגב 130 ס,יחידה,0.00,יחידה,false,,6.90,0.0000,true,1,189950
8003653001907,false,מגב ניקוי עם ספוג לה,טונקיטה,,מגב ניקוי עם ספוג לה,יחידה,0.00,יחידה,false,,13.90,0.0000,true,1,212086
8003653002409,false,מברשת מעוצבת לניקוי אסלות,טונקיטה,IT,סט לניקוי אסלות מעוצ,יחידה,0.00,יחידה,false,,17.90,0.0000,true,1,212087
8003653003000,false,מברשת לניקוי כלים,טונקיטה,IT,מברשת ניקוי כלים,יחידה,0.00,יחידה,false,,7.90,0.0000,true,1,212090
8003653005301,false,טונקיטה מברשת עם ידית אחיזה,טונקיטה,IT,מברשת עם ידית אחיזה,יחידה,0.00,יחידה,false,,11.90,0.0000,true,1,189951
8003653005400,false,יעה נצמד,טונקיטה,IT,יעה נצמד,יחידה,0.00,יחידה,false,,6.90,0.0000,true,1,212088
8003653006407,false,מברשת לניקוי בקבוקים,טונקיטה,IT,מברשת לניקוי בקבוקים,יחידה,0.00,יחידה,false,,8.90,0.0000,true,1,212091
8003653008258,false,"tonkitaTK854 מגב לריצפה 44 ס""מ+מקל",טונקיטה,IT,"מגב ריצפה 44 ס""מ+מקל",יחידה,0.00,יחידה,false,,19.90,0.0000,true,1,212094
8003653008708,false,"מגב לרצפה 55 ס""מ ללא מקל",טונקיטה,IT,"מגב לריצפה 55 ס""מ+מק",יחידה,0.00,יחידה,false,,29.90,0.0000,true,1,212096
8003653010305,false,tonkitaTK605 מטאטא פנימי spazio+מקל,טונקיטה,IT,טונקיטה מטאטא פנימי,יחידה,0.00,יחידה,false,,24.90,0.0000,true,1,215050
8003653011807,false,אטבי פלסטיק 20 יחידו,טונקיטה,,אטבים מפלסטיק 20 יח,יחידה,0.00,יחידה,false,,12.90,0.0000,true,1,189952
8003653033588,false,tonkitaTK620 מטאטא פנימי /חיצוני universal+מקל,טונקיטה,IT,מטאטא פנימי/חיצוני,יחידה,0.00,יחידה,false,,27.90,0.0000,true,1,189932
8003653033687,false,מטאטא קשה לקרצוף מגנ,טונקיטה,IT,מטאטא קשה לקירצוף,יחידה,0.00,יחידה,false,,29.90,0.0000,true,1,189933
8003753158556,false,אילי קפסולות אספרסו קלאסיקו 10 יח' 57 גרם,ג'ייקובס דאו אגרבטס פר א,FR,אילי קפסולות אספרסו,גרמים,57.00,100 גרם,false,,22.90,0.4018,true,1,218749
8003753158587,false,אילי קפסולות אספרסו פורטה 10 יח' 57 גרם,ג'ייקובס דאו אגרבטס פר א,FR,אילי קפסולות אספרסו,גרמים,57.00,100 גרם,false,,22.90,0.4018,true,1,218751
8003753158617,false,אילי קפסולות אספרסו לונגו קלאסיקו 10 יח' 57 גרם,ג'ייקובס דאו אגרבטס פר א,FR,אילי קפסולות אספרסו,גרמים,57.00,100 גרם,false,,22.90,0.4018,true,1,218752
8003753158648,false,אילי קפסולות אספרסו אינטנסו 10 יח' 57 גר',ג'ייקובס דאו אגרבטס פר א,FR,אילי קפסולות אספרסו,גרמים,57.00,100 גרם,false,,22.90,0.4018,true,1,218750
8003753900469,false,אילי - אספרסו טחון בקליה כהה בפחית 250גר,קפה לנדוור,IL,קפה אילי טחון בקלייה,גרמים,250.00,100 גרם,false,,39.90,0.1596,false,1,115805
8003753900520,false,קפה פולי קלויים לאספרסו 250 ג' לנדוור אילי,ILLY,IT,פולי קפה אספרסו,גרמים,250.00,100 גרם,false,,43.90,0.1756,false,1,222819
8004030022010,false,ירקות גינה עם טונה ריו מרה אינסלטיסימי 160 ג',"בולטון אלימנטרי בע""\מ",IT,ריו מארה אינסלטיסימי,גרמים,160.00,100 גרם,false,,15.90,0.0994,false,1,182278
8004030026018,false,"מקסיקני עם טונה ריו מרה אינסלטיסימי, 160 ג'","בולטון אלימנטרי בע""\מ",IT,ריו מארה אינסלטיסימי,גרמים,160.00,100 גרם,false,,15.90,0.0994,false,1,182279
8004030044005,false,נתחי טונה בהירה בשמן זית ריו מרה 112גרם,"בולטון אלימנטרי בע""\מ",IT,טונה ריו בשמן זית 16,גרמים,160.00,100 גרם,false,,17.90,0.1119,false,1,96631
8004030102033,false,טונה בשמן זית עם מיץ לימון ופלפל שחור - מארז 3 יח',בולטון אלימנטרי,IT,ריו מרה טונה בשמן זי,גרמים,240.00,100 גרם,false,,26.90,0.1121,true,1,206470
8004030103399,false,ריו מרה טונה בשמן זית רביעיות 4*56גרם,BOLTON GROUP- RIO,IT,טונה ריו בשמן זית 80,גרמים,320.00,100 גרם,false,,29.90,0.0934,true,1,214424
8004030177000,false,טונה בשמן זית וצ'ילי ריו מרה מארז 80X3 גר',ריו מארה Rio Mare,IT,ריו מרה טונה בשמן זי,גרמים,240.00,100 גרם,false,,26.90,0.1121,true,1,202474
8004030180000,false,ריו מרה טונה בשמן זית כתית מעולה 3*80 גרם,"בולטון אלימנטרי בע""\מ",IT,ריו מרה טונה בשמן זי,גרמים,240.00,100 גרם,false,,28.90,0.1204,true,1,264674
8004030381681,false,ריו מרה נתחי טונה בהירה בשמן זית זוג 160 גר,BOLTON GROUP- RIO,IT,ריו מארה טונה בשמן ז,גרמים,160.00,100 גרם,false,,31.90,0.1994,true,1,207539
8004030845046,false,טונה עם ירקות בתוספת עם אורז ריו מרה אינסלטיסימי 160 ג',בולטון אלימנטרי,IT,ריו מארה אינטלטיסימי,גרמים,160.00,100 גרם,false,,15.90,0.0994,true,1,206370
8004030860001,false,ירקות עם קוקוס וטונה ריו מרה אינסלטיסימי 160 ג',"בולטון אלימנטרי בע""\מ",IT,סלט טונה עם קוסקוס ר,גרמים,160.00,100 גרם,false,,15.90,0.0994,false,1,195270
8004275058942,false,"שמן זית כתית מעולה 750 מ""ל CIRIO",,,CIRIO שמן זית,מיליליטרים,750.00,"100 מ""ל",false,,37.90,0.0505,true,1,182147
8004800000071,false,לאגו פלאסיר- גלילי ופל במילוי קרם אגוזי לוז שוקולד חלב - 100 ג',לגו גרופ ס.פ.א.,IT,לאגו פלאסיר גליל ופל,גרמים,100.00,100 גרם,false,,11.90,0.1190,true,1,265316
8004800004802,false,לאגו פלאסיר גליליוופל קרם דומדמניות 100 גרם,לגו גרופ ס.פ.א.,IT,לאגו פלאסיר גלילי ופ,גרמים,100.00,100 גרם,false,,11.90,0.1190,true,1,265317
8004800004819,false,לאגו פלאסיר גלילי וופל קרם פסיפלורה 100 גרם,לגו גרופ ס.פ.א.,IT,לאגו פלאסיר וופלים מ,גרמים,110.00,100 גרם,false,,11.90,0.1082,true,1,265318
8004800005526,false,וופל מיני רול גלילי ופל במילוי קרם קוקוס- 125 ג' לאגו,לגו גרופ ס.פ.א.,IT,לאגו מיני רול גלילי,גרמים,125.00,100 גרם,false,,10.90,0.0872,true,1,265322
8005110001413,false,מארז זוג רסק עגבניות 140 ג' MUTTI,"איי, בי, אינבוו",IT,מארז זוג רסק עגבניות,גרמים,280.00,100 גרם,false,,10.90,0.0389,true,1,209909
8005110001772,false,רוטב פסטה עגב.פיצוטלו400,מוטי אס.פי.אי,IT,רוטב עגבניות לפסטה מ,גרמים,400.00,100 גרם,false,,11.90,0.0298,true,1,266323
8005110002243,false,רכז עגבניות Doppio Concentr בשפופרת 185 ג' MUTTI,"איי, בי, אינבוו",IT,רכז עגבניות בשפורפרת,גרמים,185.00,100 גרם,false,,7.50,0.0405,true,1,214303
8005110002533,false,רוטב פסטה עגבנ.דטרינ400,מוטי אס.פי.אי,IT,רוטב עגבניות לפסטה מ,גרמים,400.00,100 גרם,false,,11.90,0.0298,true,1,266324
8005110002557,false,רוטב מעגבנ.רומא לפסטה400,מוטי אס.פי.אי,IT,רוטב עגבניות לפסטה מ,גרמים,400.00,100 גרם,false,,11.90,0.0298,true,1,266325
8005110060007,false,מוטי עגבניות מקולפות 400 גר,מוטי אס.פי.איי,IT,עגבניות מקולפות,גרמים,400.00,100 גרם,false,,7.50,0.0188,true,1,137173
8005110060106,false,מארז זוג עגבניות מקולפות 400*2 גרם MUTTI,"איי, בי, אינבוו",IT,מארז זוג עגבניות מקו,גרמים,800.00,100 גרם,false,,14.90,0.0186,true,1,192681
8005110170300,false,עגבניות מרוסקות חתוכות מוטי MUTTI שלישיה *400,מוטי Mutti,IT,עגבניות חתוכות במארז,קילוגרמים,1.20,"ק""ג",false,,16.90,14.0833,false,1,135552
8005110171215,false,מוטי עגבניות חתוכות פולפפזי 690 גרם{בקבוק},"איי, בי, אינבוו",IT,רסק עגבניות קצוצות,גרמים,690.00,100 גרם,false,,13.90,0.0201,true,1,112563
8005110191015,false,רסק עגבניות ובזיליקום MUTTI{ירוק } 700 גרם,"איי, בי, אינבוו",IT,רסק עגבניות MUTTI,גרמים,700.00,100 גרם,false,,13.50,0.0193,true,1,188106
8005110200014,false,רסק עגבניות 210 ג' CONCENTRATO MUTTI,"איי, בי, אינבוו",IT,רכז עגבניות איטלקיות,יחידה,0.00,יחידה,false,,7.00,0.0000,true,1,139914
8005110550508,false,מוטי עגבניות שרי 400 גר,mutti s.p.a,IT,MUTTI עגבניות שרי 40,גרמים,400.00,100 גרם,false,,8.90,0.0223,true,1,135553
8005110551253,false,רוטב לפיצה להכנת פיצה איטלקית קלאסית,"איי, בי, אינבוו",IT,רוטב עגבניות לפיצה 4,גרמים,400.00,100 גרם,false,,8.50,0.0213,true,1,211586
8005200256587,false,נסטי - תה קר בטעם אפרסק 1.5 ליטר,מפעל סאנפלגרינו S.P.A,IT,נסטי אפרסק 1.5 ליטר,ליטרים,1.50,ליטר,false,,8.90,5.9333,false,1,261492
8005200316588,false,תה קר דיאט בטעם אפרסק נסטי 1.5 ליטר,מפעל סאנפלגרינו s.p.a,IT,נסטי דיאט אפרסק 1.5,ליטרים,1.50,ליטר,false,,7.90,5.2667,false,1,261494
8005469951452,false,ממרח אנשובי עם שמן חמניות,בנדטו סקלייה סרל,IT,ממרח אנשובי איטלקי,גרמים,60.00,100 גרם,false,,12.50,0.2083,true,1,144714
8005709201064,false,דפי לזניה גרנד ארמנדו 500 גרם,,,לזניה,גרמים,500.00,100 גרם,false,,11.90,0.0238,true,1,196907
8005709201279,false,פסטה פפרדלה גרנד ארמנדו 500 גרם,,,פסטה פפרדלה 500 גר',גרמים,500.00,100 גרם,false,,12.50,0.0250,true,1,200076
8005713352646,false,פליני לימונצ'לו,,,פליני לימונצ'לו,מיליליטרים,500.00,"100 מ""ל",false,,75.00,0.1500,true,1,213950
8005803010371,false,"גריסיני רוזמרין - מקלות אפויים עם שמן זית, מלח ורוזמרין","אינסטנטה בע""מ",IT,גריסיני רוזמרין 125,גרמים,125.00,100 גרם,false,,6.90,0.0552,true,1,195439
8005803010586,false,"מקלות אפויים עם שמן זית, מלח, עגבניות ואורגנו, 125 גרם, אמור די פאן","הוסטה איטליה, ס.ר.ל.",IT,גריסיני פיצה 125 גר',גרמים,125.00,100 גרם,false,,6.90,0.0552,true,1,195440
8005803010661,false,"מקלות אפויים עם שמן זית, מלח, ושומשום, 125 גרם, אמור די פאן","הוסטה איטליה, ס.ר.ל.",IT,גריסיני שומשום 125 ג,גרמים,125.00,100 גרם,false,,6.90,0.0552,true,1,195441
8006050090239,false,"חומץ בלסמי ממודנה מאצטי אורגני 500 מ""ל",יבואן ומשווק: ש. שסט,IT,חומץ בלסמי ממודנה מא,מיליליטרים,500.00,"100 מ""ל",false,,25.90,0.0518,true,1,205674
8006227001372,false,סמנצאטו – לחם מחמצת לבן עם שמן זית ללא קשה 1400 גרם,רו. מאר ס.ר.ל,IT,סמנצאטו לחם מחמצת לב,גרמים,400.00,100 גרם,false,,15.90,0.0398,true,1,262418
8006227001389,false,סמנצאטו – לחם מחמצת עם שמן זית ללא קשה 1400 גרם,רו. מאר ס.ר.ל,IT,סמנצאטו לחם מחמצת קמ,גרמים,400.00,100 גרם,false,,15.90,0.0398,true,1,262776
8006423461055,false,בונבוניירה בקבוק 280 גר FUEGO SORINI,SORINI-Holding Dolci,IT,בקבוק FUEGO בונבוניי,גרמים,280.00,100 גרם,false,,32.90,0.1175,true,1,196042
8006423461789,false,בונבונירה כדור בונבו,SORINI-Holding Dolci,IT,בונ.כדור בונבון 450,גרמים,450.00,450 גרם,false,,41.90,0.0931,true,1,196050
8006423466388,false,בונבוניירה תיק זהב/כסף 150 גר SORINI,SORINI-Holding Dolci,IT,בונבונירה תיק זהב /,גרמים,150.00,100 גרם,false,,31.90,0.2127,true,1,215351
8006423466463,false,בונבוניירה מאיה מאיוליקה 270 גר SORINI,,IT,בונבוניירה מאיה מאיו,גרמים,270.00,100 גרם,false,,41.90,0.1552,true,1,212170
8006540091937,false,לנור כדוריות הבושם בניחוח אריאל 210 גרם,פטר קרמר עבור פרוקטור אנ,US,לנור כדוריות הבושם ב,גרמים,210.00,100 גרם,false,,27.90,0.1329,true,1,260982
8006540112793,false,"מרכך כביסה מרוכז בניחוח יסמין לנור 900 מ""ל",פרוקטר אנד גמבל,US,לנור מרכך מרוכז בניח,מיליליטרים,900.00,"100 מ""ל",false,,14.90,0.0166,true,1,218202
8006540112823,false,"לנור מרכך כביסה מרוכז בניחוח האוקיינוס 900 מ""ל",פרוקטר אנד גמבל,FR,לנור מרכך מרוכז בניח,מיליליטרים,900.00,"100 מ""ל",false,,14.90,0.0166,true,1,218198
8006540112854,false,"מרכך כביסה מרוכז בניחוח סחלב לנור 900 מ""ל",פרוקטר אנד גמבל,FR,לנור מרכך מרוכז בניח,מיליליטרים,900.00,"100 מ""ל",false,,14.90,0.0166,true,1,218203
8006540163986,false,קפסולות לכביסה אריאל 35 יח,פרוקטר אנד גמבל,FR,אריאל קפסולות 35 יח,יחידה,0.00,יחידה,false,,41.90,0.0000,true,1,218204
8006540383018,false,טבליות למדיח פלטינום דיפ קלין 23 יח פיירי,פרוקטר אנד גמבל,BE,פיירי טבליות פלטינום,יחידה,0.00,יחידה,false,,38.90,0.0000,true,1,264704
8006540383087,false,טבליות למדיח פיירי פלטינום פלוס דיפ קלין 42 יחידות,פרוקטר & גמבל,BE,פיירי טבליות פלטינום,יחידה,0.00,יחידה,false,,57.90,0.0000,true,1,264705
8006540404850,false,דיסקריט תחבושות לבריחת שתן לונג 10 יח,פרוקטר & גמבל,DE,תחבושות אולוויז לברי,יחידה,0.00,יחידה,false,,19.90,0.0000,false,1,265155
8006540404898,false,אולוויז דיסקריט לבריחת שתן לונג פלוס 8יח,פרוקטר & גמבל,DE,תחבושות אולוויז לברי,יחידה,0.00,יחידה,false,,19.90,0.0000,false,1,265152
8006540405031,false,דיסקריט תחבושות לבריחת שתן סמול פלוס 16,פרוקטר & גמבל,DE,תחבושות אולוויז בריח,יחידה,0.00,יחידה,false,,19.90,0.0000,false,1,265154
8006540425930,false,אריאל קפסולות לכביסה ג'ל 24 יח' לכתמים קשים,פרוקטר אנד גמבל,FR,אריאל קפסולות 24 יח,יחידה,0.00,יחידה,false,,31.90,0.0000,false,1,261755
8006540429327,false,פיירי מקס פאוור לימון עם מנגנון למניעת נזילות,פרוקטר אנד גמבל,CZ,"פיירי לימון 440 מ""ל",מיליליטרים,440.00,"100 מ""ל",false,,10.90,0.0248,false,1,262102
8006540463550,false,פיירי טבליות למדיח פלטינום 63 יחידות,פרוקטר אנד גמבל,BE,פיירי טבליות למדיח פ,יחידה,0.00,יחידה,false,,57.90,0.0000,false,1,264703
8006540491539,false,"נוזל כלים פיירי פלטינום אוריגינל 780 מ""ל",פרוקטר אנד גמבל,GB,פיירי פלטיניום אורגי,גרמים,780.00,100 גרם,false,,12.90,0.0165,false,1,264473
8006540495186,false,לנור מרכך כביסה מרוכז רגיש בייבי 900 מל,פרוקטר אנד גמבל,FR,לנור מרכך כביסה 900,מיליליטרים,900.00,"100 מ""ל",false,,14.90,0.0166,true,1,264471
8006540495216,false,"לנור מרכך כביסה מרוכז בניחוח אמאטיסט 900 מ""ל",פרוקטר אנד גמבל,FR,לנור מרכך כביסה 900,מיליליטרים,900.00,"100 מ""ל",false,,14.90,0.0166,true,1,264472
8006540495247,false,"לנור מרכך כביסה מרוכז בניחוח פרחי בר 900 מ""ל",פרוקטר אנד גמבל,FR,לנור מרכך כביסה 900,מיליליטרים,900.00,"100 מ""ל",false,,14.90,0.0166,true,1,264470
8006540566701,false,אריאל ג'ל כביסה להסרת כתמים קשים 1.925 ליטר,פרוקטר אנד גמבל,IT,אריאל ג'ל כתמים קשים,ליטרים,1.92,ליטר,false,,29.90,15.5729,false,1,265691
8006540620403,false,"טייד אבקת כביסה אפקט פיירי 7 ק""ג",פרוקטר אנד גמבל,TR,טייד אבקת כביסה אפקט,קילוגרמים,7.00,"ק""ג",false,,56.90,8.1286,false,1,266589
8007150901296,false,"שמן אבוקדו אורגני בכבישה קרה 250 מ""ל",,,שמן אבוקדו אורגני בכ,מיליליטרים,250.00,"100 מ""ל",false,,47.90,0.1916,true,1,198917
8007150901623,false,שמן זרעי ענבים 1 ליטר +1/2 ליטר במארז,,,שמן זרעי ענבים 1.5 ל,ליטרים,1.50,ליטר,false,,49.90,33.2667,true,1,200209
8007150905621,false,שמן זית אוליאטליה 0.8% חמיצות,,,שמן זית אולאיטליה 1,ליטרים,1.00,ליטר,false,,45.90,45.9000,true,1,208005
8007150906338,false,חומץ בלסמי ממדונה כש,,,חומץ בלסמי ממדונה 50,מיליליטרים,500.00,"100 מ""ל",false,,19.90,0.0398,true,1,198951
8007150909513,false,"קרם בלסמי קלאסי כשר 250 מ""ל",,,קרם בלסמי קלאסי 250,מיליליטרים,250.00,"100 מ""ל",false,,27.90,0.1116,true,1,198980
8007178120310,false,חומץ בלסמי ד'מודנה Giacobazzi,פטורייה ג'יאקובאזי ס,IT,חומץ בלסמי,יחידה,500.00,יחידה,false,,21.90,0.0438,true,1,107208
8007178223547,false,קרם מצומצם עם חומץ בלסמי ממודנה,פארייפאבה אגרואינדוס,IT,קרם בלסמי מצומצם 250,מיליליטרים,250.00,"100 מ""ל",false,,23.90,0.0956,true,1,185579
8007178510685,false,"רוטב לתיבול בסגנון מ""ל 250 בלסמי לבן",זקובזי,IT,רוטב לתיבול בסגנון ב,מיליליטרים,250.00,"100 מ""ל",false,,16.90,0.0676,true,1,203457
8007270126791,false,"שמן זית אורגני קוסטה דאורו 750 מ""ל",קוסטה דיאורו,IT,שמן זית אורגני כתית,מיליליטרים,750.00,"100 מ""ל",false,,42.90,0.0572,true,1,215027
8007270501017,false,"שמן זית קוסטה דאורו 750 מ""ל",,IT,שמן זית כתית מעולה ק,מיליליטרים,750.00,"100 מ""ל",false,,39.90,0.0532,true,1,215400
8007270701059,false,"שמן זית לא מסונן קוסטה דאורו 750 מ""ל",,IT,קוסטה דאורו שמן זית,מיליליטרים,750.00,"100 מ""ל",false,,39.90,0.0532,true,1,218658
8007270999012,false,שמן גרעיני ענבים 1 ליטר,קוסטה דיאורו,IT,שמן זרעי ענבים 1 ליט,ליטרים,1.00,ליטר,false,,34.90,34.9000,true,1,200670
8007537000543,false,"טורטיליה ציפס בטעם טבעי לל""ג 450 גרם",FOX,IT,טורטייה צ'יפס טבעי,גרמים,450.00,100 גרם,false,,21.00,0.0467,true,1,204829
8007537005203,false,טורטיליה ציפס עגול 450 גר,FOX,IT,טורטיליה נאציוס 450,גרמים,450.00,100 גרם,false,,19.90,0.0442,true,1,260592
8008245004847,false,ממרח אגוזי לוז וקקאו מובנפיק 300 גרם,נאטקו,IT,ממרח אגוזי לוז וקקאו,גרמים,300.00,100 גרם,false,,14.90,0.0497,true,1,214879
8008245004861,false,ממרח אגוזי לוז עם חלב מובנפיק 300 גרם,יבואן ומשווק: ש. שסט,IT,ממרח אגוזי לוז עם ח,גרמים,300.00,100 גרם,false,,14.90,0.0497,true,1,214880
8008343200035,false,פסטה רומו ספגטי 500 גרם,רומו Rummo,IT,ספגטי רומו 500 גר,גרמים,500.00,100 גרם,false,,9.50,0.0190,true,1,200398
8008343200066,false,פסטה בוקטיני רומו 50,,,פסטה בוקטיני רומו 50,גרמים,500.00,100 גרם,false,,8.50,0.0170,true,1,266481
8008343200158,false,פסטה פטוצה רומו 500,,,פסטה פטוצה רומו 500,גרמים,500.00,100 גרם,false,,9.50,0.0190,true,1,266455
8008343200424,false,פסטה קונקילי ריגטה Conchiglie rigate,רומו Rummo,IT,פסטה קונקילי ריגטה ר,גרמים,500.00,100 גרם,false,,9.50,0.0190,true,1,200400
8008343200486,false,פסטה רומו פוזילי 500 גרם,רומו Rummo,IT,פוזילי רומו 500 גר,גרמים,500.00,100 גרם,false,,9.50,0.0190,true,1,200401
8008343200509,false,פסטה ריגוטוני רומו 5,,,פסטה ריגוטוני רומו 5,גרמים,500.00,100 גרם,false,,9.50,0.0190,true,1,266453
8008343200516,false,פסטה מזי ריגטוני Mezzi rigatoni,רומו Rummo,,פסטה ריגטוני רומו 50,גרמים,500.00,100 גרם,false,,9.50,0.0190,true,1,266454
8008343200547,false,פסטה ריציולי רומו 50,רומו Rummo,,פסטה ריציולי רומו 50,גרמים,500.00,100 גרם,false,,9.50,0.0190,true,1,266452
8008343200660,false,פסטה רומו פנה ריגטה500גר,רומו Rummo,IT,פנה ריגטה רומו 500 ג,גרמים,500.00,100 גרם,false,,9.50,0.0190,true,1,200389
8008343200851,false,פסטה רומו פרפלה 500 גרם,רומו Rummo,IT,פרפלה ברונזו רומו 50,גרמים,500.00,100 גרם,false,,9.50,0.0190,true,1,266450
8008343200882,false,פסטה קזארצה רומו 500,רומו Rummo,,פסטה קזארצה רומו 500,גרמים,500.00,100 גרם,false,,9.50,0.0190,true,1,266451
8008343201377,false,פסטה רומו רדיאטורי 500גר,רומו Rummo,IT,פסטה רדיאטורי רומו 5,גרמים,500.00,100 גרם,false,,9.50,0.0190,true,1,264207
8008343201476,false,פסטה קונקיליוני ריגט,,,פסטה קונקיליוני ריגט,גרמים,500.00,100 גרם,false,,9.50,0.0190,true,1,266456
8008660210014,false,מעדן משמש מנז אנד גאסר ויסוצקי 300 גרם,קריניציה ויטמינה אס,IT,ריבת מעדן משמש,גרמים,300.00,100 גרם,false,,15.90,0.0530,true,1,192661
8008660210021,false,מעדן ריבה מנץ אנד גאססר דובדבן 300 גר,שוורצקוף& הנקל דיסלד,IT,ריבת מעדן דובדבן,גרמים,300.00,100 גרם,false,,15.90,0.0530,true,1,192662
8008660210038,false,מעדן ריבה מנץ אנד גאססר תות שדה 300 גר,קריניציה ויטמינה אס,IT,ריבת מעדן תות שדה,גרמים,300.00,100 גרם,false,,15.90,0.0530,true,1,192663
8008660210045,false,מעדן פירות יער מנז אנד גאסר ויסוצקי 300 גרם,שוורצקוף& הנקל דיסלד,IT,ריבת מעדן פירות יער,גרמים,300.00,100 גרם,false,,15.90,0.0530,true,1,192664
8008660210052,false,מעדן פרי תפוז מנז אנד גאסר ויסוצקי 320 גרם,מנז אנד גאסר Menz&Gasser,IT,מעדן פרי תפוז,גרמים,320.00,100 גרם,false,,15.90,0.0497,true,1,204747
8008660210069,false,מעדן פרי פסיפלורה מנז אנד גאסר ויסוצקי 320 גרם,מנז אנד גאסר,IT,מעדן פרי אפרסק פסיפל,גרמים,320.00,100 גרם,false,,15.90,0.0497,true,1,204748
8008698002049,false,קרקרים עגולים 175 גרם ללא גלוטן,ס.ר.ל פוסטל,IT,קרקר עגול 175 גר' לל,גרמים,175.00,100 גרם,false,,21.90,0.1251,true,1,213176
8008698002100,false,מקלות גריסיני 200 גרם ד''ר שר,"ד""ר שר ס.ר.ל",IT,גריסיני ללא גלוטן 15,גרמים,150.00,100 גרם,false,,21.90,0.1460,true,1,213177
8008698003152,false,ג'בטה כפרית ללא גלוטן 4*50גרם שר,,DE,ג'בטה כפרית ללא גלוט,גרמים,200.00,100 גרם,false,,21.90,0.1095,true,1,264097
8008698003503,false,עוגיות שיבולת שועל עם צימוקים 250 גר,"דר שר ס.ר.ל פוסטל, א",IT,קרקר אפוי 210 גר' לל,גרמים,210.00,100 גרם,false,,27.90,0.1329,true,1,212202
8008698004548,false,ביסקוויט בציפוי קרם שוקולד חלב 150גרםDIGESTIVE CHOC,"ד""ר שר ס.ר.ל",DE,ביסקוויט ללא גלוטן מ,גרמים,150.00,100 גרם,false,,18.90,0.1260,true,1,194278
8008698004630,false,עוגיות ממולאות קרם קקאו ללא גלוטן,ס.ר.ל פוסטל,FR,עוגיות סנדוויץ במילו,גרמים,250.00,100 גרם,false,,24.90,0.0996,true,1,212351
8008698005231,false,עוגיות סנדוויץ בטעם שוקולד ממולאות קרם חלב ללא גלוט,שר Schar,IT,עוגיות שוקולד במילוי,גרמים,165.00,100 גרם,false,,19.90,0.1206,true,1,264072
8008698008157,false,עוגיות בטעם שוקולד במילוי קרם שמנת 100 גרם mini sorrisi,דר שר ס.ר.ל פוסטל,IT,עוגיות בטעם שוקולד ב,גרמים,100.00,100 גרם,false,,11.90,0.1190,true,1,194254
8008698010259,false,ג'בטה ללא גלוטן 4*50גרם שר,,DE,ג'בטה ללא גלוטן רביע,גרמים,200.00,100 גרם,false,,21.90,0.1095,true,1,264098
8008698012857,false,ביסקויט פתי בר בטעם חמאה 165 גרם ללא גלוטן petit,ס.ר.ל פוסטל,IT,ביסקוויט פתי בר בטעם,גרמים,165.00,100 גרם,false,,17.50,0.1061,true,1,213180
8008698013021,false,עוגיות ללא גלוטן עם שבבי שוקולד מריר,דר שר פוסטל,IT,עוגיות שוקולד ציפס מ,גרמים,100.00,100 גרם,false,,12.90,0.1290,true,1,212201
8008698024065,false,פאן בלנקו-לחם ללא גלוטן 250 גרם,schar,IT,פאן בלנקו לחם ללא גל,גרמים,250.00,100 גרם,false,,16.50,0.0660,true,1,205384
8008698024140,false,לחם ללא גלוטן פאן מולטי גראנו 250 גר,schar,DE,פאן מולטיגרנו מאפה ל,גרמים,250.00,100 גרם,false,,16.50,0.0660,true,1,205385
8008698024188,false,פאן רוסטיקו-לחם ללא גלוטן 250 גרם,,IT,פאן רוסטיקו מאפה ללא,גרמים,250.00,100 גרם,false,,16.50,0.0660,true,1,205386
8008698032084,false,עוגיות מיני וחברים ללא גלוטן 125גרם שר - MINI FRIENDS,,DE,עוגיות מיני ללא גלוט,גרמים,125.00,100 גרם,false,,11.90,0.0952,true,1,264071
8008698054109,false,מילוי גריס - ממרח אגוזי לוז עם קקאו בתוספות מקלות 52 גרם,"ד""ר שר ס.ר.ל",IT,ממרח אגוזי לוז בתוספ,גרמים,52.00,100 גרם,false,,11.90,0.2288,true,1,213181
8008857200194,false,פסטה רגיה 19 ספגטי תומר 500 גרם,רגיה,IT,פסטה רג'ייה ספגטי 50,גרמים,500.00,100 גרם,false,,4.90,0.0098,true,1,215369
8008857300344,false,פסטה רגיה 34. צינור תומר 500 גרם,רגיה,IT,פסטה רג'ייה צינור 50,גרמים,500.00,100 גרם,false,,4.90,0.0098,true,1,215373
8008857300481,false,פסטה רגיה 48 בורג תומר 500 גרם,רגיה,IT,פסטה רג'ייה בורג 500,גרמים,500.00,100 גרם,false,,4.90,0.0098,true,1,215375
8008857300627,false,פסטה מספר 62 רגיה 500 גרם,,,פסטה רג'ייה צדף 500,גרמים,500.00,100 גרם,false,,4.90,0.0098,true,1,215379
8008857300771,false,ספגטי מספר 77 רגיה איטריות דקות 500 גרם,,,פסטה רג'ייה אטריות מ,גרמים,500.00,100 גרם,false,,4.90,0.0098,true,1,215383
8008912010034,false,ליגורי- ספגטי מספר 3 500גר,מנז'\ אנד גאסר ס.פ.א,IT,פסטה LIGUORI ספגטי מ,גרמים,500.00,100 גרם,false,,7.90,0.0158,true,1,216321
8008912010072,false,ליגורי- לינגוויני מספר 7 500גר,מנז'\ אנד גאסר ס.פ.א,IT,פסטה לינגוויני מספר,גרמים,500.00,100 גרם,false,,7.90,0.0158,true,1,218117
8008912010270,false,LIGUORI פסטה קסרצ'ה מספר 27 500 גרם,מנז'\ אנד גאסר ס.פ.א,IT,פסטה קסרצ'ה,גרמים,500.00,100 גרם,false,,7.90,0.0158,true,1,260832
8008912010300,false,LIGUORI פסטה פרפלה 500 גרם מספר 30,מנז'\ אנד גאסר ס.פ.א,IT,פסטה LIGUORI פרפלה 5,גרמים,500.00,100 גרם,false,,7.90,0.0158,true,1,215765
8008912010317,false,LIGUORI פסטה פוזילי 500 גרם מספר 31,מנז'\ אנד גאסר ס.פ.א,IT,פסטה LIGUORI פוזילי,גרמים,500.00,100 גרם,false,,7.90,0.0158,true,1,216322
8008912010331,false,פסטה ניוקטי סרדי בצורת קונכיות מס' 33,מנז'\ אנד גאסר ס.פ.א,IT,פסטה ניוקטי סרדי קונ,גרמים,500.00,100 גרם,false,,7.90,0.0158,true,1,215938
8008912010423,false,LIGUORI פסטה פנה ריגטה 500 גרם מספר 42,מנז'\ אנד גאסר ס.פ.א,IT,פסטה LIGUORI פנה 500,גרמים,500.00,100 גרם,false,,7.90,0.0158,true,1,215766
8008912016012,false,ליגורי- לזניה מספר 102 500גר,פסטיפישיו פציון ס.פ.,IT,לזניה ליגורי,גרמים,500.00,100 גרם,false,,16.90,0.0338,true,1,219256
8008990000040,false,tonkitaTK004 מטאטא פנימי practica+מקל,טונקיטה,IT,מטאטא פנימי,יחידה,0.00,יחידה,false,,24.90,0.0000,true,1,189934
8008990000101,false,tonkitaTK010 מטאטא חיצוני area+מקל,טונקיטה,IT,מטאטא חיצוני,יחידה,0.00,יחידה,false,,27.90,0.0000,true,1,189935
8008990000514,false,tonkitaTK051 מברשת ויעה,טונקיטה,,מברשת ויעה,יחידה,0.00,יחידה,false,,11.90,0.0000,true,1,212084
8008990000750,false,מברשת לניקוי אסלות,טונקיטה,IT,מברשת לניקוי אסלות,יחידה,0.00,יחידה,false,,7.90,0.0000,true,1,189955
8008990002167,false,יעם עם מקל מתכת ארוך,טונקיטה,IT,יעה עם מקל מתכת ארוך,יחידה,0.00,יחידה,false,,18.90,0.0000,true,1,189957
8008990005809,false,מגב ניקוי טונקיטה להסרת מים מזכוכיות,אריקס,IT,מגב ניקוי להסרת מים,יחידה,0.00,יחידה,false,,14.90,0.0000,true,1,212097
8008990008923,false,דלי אובלי טונקיטה 13 ליטר,טונקיטה,IT,דלי אובלי 13 ליטר,יחידה,0.00,יחידה,false,,19.90,0.0000,true,1,189958
8008990061508,false,tonkitaTK615 מטאטא פנימי rapida+מקל,טונקיטה,IT,מטאטא פנימי,יחידה,0.00,יחידה,false,,27.90,0.0000,true,1,189936
8009621006073,false,ניוקי תפוח-אדמה 500 גר,,,איטליה ניוקי תפוח אד,גרמים,500.00,100 גרם,false,,9.90,0.0198,true,1,146272
8009621006172,false,ניוקי תפוא מיני וינצ,,,ניוקי מיני פנינים 50,גרמים,500.00,גרם,false,,9.90,0.0198,true,1,145630
8009915000251,false,ספגטי לה וניצאן ללא גלוטן 250 ג',LE VENEZIANE,IT,ספגטי לה וניצאן 250,גרמים,250.00,100 גרם,false,,12.90,0.0516,true,1,213196
8009915000282,false,פסטה פטוצ'יני ללא גלוטן 250 גר' - פוריו,LE VENEZIANE,IT,פסטה מקמח תירס מסולס,גרמים,250.00,100 גרם,false,,12.90,0.0516,true,1,147341
8009915001340,false,פסטה אליקה ללא גלוטן 250 גר' -פוריו,לה וואניציאני La Venezian,IT,פסטה אליקה ללא גלטן,גרמים,250.00,100 גרם,false,,12.90,0.0516,true,1,133427
8009915004150,false,ביסקוויט מקמח תירס שוקולד אגוזים 250 גר,מולינו דה פירו,IT,ביסקוויט מקמח תירס ש,גרמים,250.00,100 גרם,false,,16.90,0.0676,true,1,204517
8009915004204,false,ביסקוויט מקמח תירס בטעם מעודן 300 גרם,מולינו דה פירו,IT,ביסקוויט מקמח תירס ק,גרמים,300.00,100 גרם,false,,16.50,0.0550,true,1,199248
8009915008714,false,לזניה מקמח תירס ואורז ללא גלוטן 250 גר (12),LE VENEZIANE,IT,לזניה קמח תירס ואורז,גרמים,250.00,100 גרם,false,,15.90,0.0636,true,1,147536
8009915008905,false,מיני גריסיני ללא גלוטן עם שמן זית250 גרם,מולינו דה פירו,IT,מיני גריסיני ללא גלו,גרמים,250.00,100 גרם,false,,15.90,0.0636,true,1,199238
8009915008912,false,מיני גריסיני ל.גלוטן זרעי ציה שומשום 250,מולינו דה פירו,IT,מיני גריסיני ללא גלו,גרמים,250.00,100 גרם,false,,15.90,0.0636,true,1,199376
8009915008950,false,מיני גריסיני ללא גלוטן עם רוזמרין 250 ג' (8),מולינו דה פירו,,מיני גריסיני ללא גלו,גרמים,250.00,100 גרם,false,,15.90,0.0636,true,1,199377
8011033011279,false,קוסקוס אמיתי 1 קג מר,אמירה,IT,"קוסקוס מראקש 1 ק""ג",קילוגרמים,1.00,"ק""ג",false,,11.90,11.9000,true,1,139230
8014601011565,false,קמח קונדיטוריה קאפוט,קאפוטו,IT,קמח קונדיטוריה,קילוגרמים,1.00,"ק""ג",false,,13.60,13.6000,true,1,215977
8014601012456,false,קמח נובולה קאפוטו 1,קאפוטו,IT,קמח נובולה,קילוגרמים,1.00,"ק""ג",false,,17.90,17.9000,true,1,215978
8014601026354,false,"קמח ""00"" איטלקי לפיצה שף אדום 1 ק""ג",אנטימו קפוטו אס.אר.אל,IT,קמח פיצה שף (אדום),קילוגרמים,1.00,"ק""ג",false,,14.90,14.9000,true,1,215846
8014601028747,false,קמח 00 איטלקי כחול 1 קג CAPUTO,אנטימו קפוטו אס.אר.אל,IT,קמח אקסטרה לכל מטרה,קילוגרמים,1.00,"ק""ג",false,,12.50,12.5000,true,1,215979
8014601999870,false,"קמח סמולינה דורום 1 ק""ג",אנטימו קפוטו אס.אר.אל,IT,קמח סמולינה בטחינה כ,קילוגרמים,1.00,"ק""ג",false,,15.50,15.5000,true,1,215847
8015997000638,false,מאריני אצבעות מתוקות 200 גרם,Biscottificio Verona,,אצבעות מאפה מסוכרות,גרמים,200.00,100 גרם,false,,9.40,0.0470,true,1,189596
8016867008945,false,מגן תחתון 24 אורגניק באריזת תפזורת,corman,IT,מגן תחתון 24 באריזת,יחידה,0.00,יחידה,false,,21.90,0.0000,true,1,148320
8016867008969,false,טמפונים עם מוליך סופר אורגניק,COTTON HITEC,DE,טמפונים עם מוליך סופ,יחידה,0.00,יחידה,false,,31.90,0.0000,true,1,148322
8016867009935,false,תחבושות דקות 03 לזרימה מוגברת אורגניק,corman,IT,תחבושות דקות לזרימה,יחידה,0.00,יחידה,false,,29.90,0.0000,true,1,148328
8016867009942,false,תחבושות דקות 02 לזרימה רגילה אורגניק,corman,IT,תחבושות דקות לזרימה,יחידה,0.00,יחידה,false,,29.90,0.0000,true,1,148329
8017938005764,false,מיץ תפוחים אורגני 100% 1 ליטר נטורפוד,לוצ'ה מריה,IT,נטור פוד-מיץ תפוחים,ליטרים,1.00,ליטר,false,,19.90,19.9000,true,1,204361
8019428000013,false,משקה אורז אורגני 1 ליטר,,,משקה אורז אורגני 1 ל,ליטרים,1.00,ליטר,false,,10.90,10.9000,true,1,199899
8019428000037,false,משקה אורז אורגני בטעם וניל 1 ליטר,,,משקה אורז אורגני וני,ליטרים,1.00,ליטר,false,,11.90,11.9000,true,1,199530
8019428000099,false,משקה אורז אורגני בתוספת שקדים 1 ליטר,the bridge,IT,חלב אורז אורגני ושקד,ליטרים,1.00,ליטר,false,,11.90,11.9000,true,1,199900
8019428000105,false,משקה שיבולת שועל אורגני 1 ליטר,the bridge,IT,משקה שיבולת שועל 1 ל,ליטרים,1.00,ליטר,false,,11.90,11.9000,true,1,198919
8019428004059,false,"משקה אורז אורגני 250 מ""ל",,,משקה אורז אורגני 25,מיליליטרים,250.00,"100 מ""ל",false,,4.90,0.0196,true,1,204409
8019428004066,false,"משקה אורז שקדים אורגני 250 מ""ל",,,משקה אורז אורגני שקד,מיליליטרים,250.00,"100 מ""ל",false,,4.90,0.0196,true,1,201189
8019428004080,false,משקה אורז אורגני-קוק,,,משקה אורז אורגני קוק,מיליליטרים,250.00,"100 מ""ל",false,,4.70,0.0188,true,1,204410
8019428005001,false,שמנת אורגנית לבישול על בסיס ש.שועל 240 מ,,,תחליף שמנת לבישול על,מיליליטרים,200.00,"100 מ""ל",false,,6.50,0.0325,true,1,204407
8019428005018,false,"שמנת אורגנית לבישול על בסיס אורז 240 מ""ל",,,תחליף שמנת לבישול על,מיליליטרים,200.00,"100 מ""ל",false,,6.50,0.0325,true,1,204408
8019428005025,false,תחליף שמנת עב קוקוס 200 גרם,,IT,תחליף שמנת על בסיס ק,מיליליטרים,200.00,"100 מ""ל",false,,6.50,0.0325,true,1,216714
8019428005032,false,תחליף שמנת עב סויה אורגני 200 גרם,,IT,תחליף שמנת על בסיס ס,מיליליטרים,200.00,"100 מ""ל",false,,6.50,0.0325,true,1,216715
8019428007005,false,משקה סויה אורגני 1 ליטר,the bridge,IT,משקה סויה אורגני 1 ל,ליטרים,1.00,ליטר,false,,10.90,10.9000,true,1,198920
8019428007111,false,משקה שקדים אורגני 1 ליטר,THE BRIDGE,,משקה שקדים אורגני 1,ליטרים,1.00,ליטר,false,,19.90,19.9000,true,1,199536
8019428007173,false,משקה אורז אורגני בתוספת קוקוס 1 ליטר,,,משקה אורז אורגני 1 ל,ליטרים,1.00,ליטר,false,,12.90,12.9000,true,1,204858
8019428007289,false,משקה שקדים אורגני 3% ללא תוספת סוכר 1 ליטר,,,משקה שקדים אורגני 3%,ליטרים,1.00,ליטר,false,,14.90,14.9000,true,1,200200
8019428007296,false,משקה שיבולת שועל אורגני ללא גלוטן 1 ליטר,,,משקה שיבולת שועל אור,ליטרים,1.00,ליטר,false,,12.90,12.9000,true,1,201191
8019428009108,false,מעדן שיבולת שועל וני,דה ברידג' ס.ר.ל,IT,מעדן שיבולת שועל אור,גרמים,260.00,100 גרם,false,,9.90,0.0381,true,1,264629
8019428009122,false,זוג מעדן שיבולת שועל אורגני - שוקולד 260 גרם,דה ברידג' ס.ר.ל,IT,מעדן שיבולת שועל אור,גרמים,260.00,100 גרם,false,,9.90,0.0381,true,1,264630
8021423011499,false,רבעי ארטישוק על הגריל בשמן חמניות 510 ג' (12),אהלרומנה,,רבעי ארטישוק על הגרי,גרמים,310.00,100 גרם,false,,32.90,0.1061,true,1,195045
8022470213386,false,דרגיה שקד חלב 500 גר PRISCO MAX,ITALIANA CONFETTI-PR,IT,דרג'ה שקד חלב 500גר,גרמים,500.00,100 גרם,false,,26.90,0.0538,true,1,140764
8022470213393,false,דרגיה שקד מריר 500 גר PRISCO MAX,ITALIANA CONFETTI-PR,IT,דרג'ה שקד מריר 500גר,גרמים,500.00,100 גרם,false,,26.90,0.0538,true,1,140765
8022470213416,false,דרגיה לוז חלב 500 גר PRISCO MAX,ITALIANA CONFETTI-PR,,MAX דרג'ה לוז בשוקול,גרמים,500.00,100 גרם,false,,26.90,0.0538,true,1,140956
8022470213423,false,דרגיה לוז מריר 500 גר PRISCO MAX,ITALIANA CONFETTI-PR,,דרג'ה אגוזי לוז בשוק,גרמים,500.00,100 גרם,false,,26.90,0.0538,true,1,140767
8022470213485,false,דרגיה דובדובן מריר 500 ג PRISCO MAX,ITALIANA CONFETTI-PR,IT,דרג'ה דובדבן בשוקולד,גרמים,500.00,100 גרם,false,,26.90,0.0538,true,1,140769
8022470213515,false,דרגיה צימוקים מריר 500 גר PRISCO MAX,ITALIANA CONFETTI-PR,IT,דרג'ה צימוק מריר 500,גרמים,500.00,100 גרם,false,,21.90,0.0438,true,1,140771
8022470226379,false,דרגיה קשיו מריר 500 גר PRISCO MAX,ITALIANA CONFETTI-PR,IT,דרג'ה קשיו בשוקולד מ,גרמים,500.00,100 גרם,false,,26.90,0.0538,true,1,199804
8023678161363,false,משקה שיבולת שועל טבעי אורגני 1ליטר ISOLA,איזולה ביו Isola Bio,IT,חלב שיבולת שועל,ליטרים,1.00,ליטר,false,,12.50,12.5000,true,1,163179
8023678161387,false,משקה סויה אורגני 1 ליטר ISOLA,איזולה ביו Isola Bio,,משקה סויה אורגני 1 ל,ליטרים,1.00,ליטר,false,,9.90,9.9000,true,1,186407
8023678162360,false,משקה שקדים טבעי אורגני 1ליטר ISOLA,אבא פודס אס. אר. אל,IT,משקה שקדים טבעי אורג,ליטרים,1.00,ליטר,false,,15.90,15.9000,true,1,186408
8023678162476,false,משקה אורז שקדים אורגני1ל,אבאפודס,IT,משקה אורז שקד אורגני,ליטרים,1.00,ליטר,false,,11.90,11.9000,true,1,186409
8024985002783,false,סמוזי נטורה נובה גזר ודלעת 100 גרם,נטורה נובה Natura Nuova,IT,סמוצ'י תפוח גזר ודלע,גרמים,100.00,100 גרם,false,,5.00,0.0500,true,1,201010
8024985002912,false,סמוזי אגס בטטה 100 גר נטורה נובה,נטורה נובה,IT,סמוצ'י תפוח אגס בטטה,גרמים,100.00,100 גרם,false,,5.00,0.0500,true,1,203952
8024985002943,false,סמוזי נטורה נובה תפוח אננס קוקוס 100 גרם,נטורה נובה,IT,סמוזי אננס קוקוס אור,גרמים,100.00,100 גרם,false,,5.00,0.0500,true,1,208966
8024985002950,false,נטורה נובה-סמוזי שזיף אורגני 100 גרם,נטורה נובה,IT,סמוזי שזיף אורגני 10,גרמים,100.00,100 גרם,false,,5.00,0.0500,true,1,208546
8024985002967,false,סמוזי נטורה נובה בננה תרד 100 גרם,נטורה נובה,IT,סמוזי בננה תרד אורגנ,גרמים,100.00,100 גרם,false,,5.00,0.0500,true,1,208967
8024985003988,false,נטורה נובה סמוזי תפוח בננה 100 גרם,נטורה נובה Natura Nuova,IT,מחית תפוחים ובננה 10,גרמים,100.00,100 גרם,false,,5.00,0.0500,true,1,188280
8024985005234,false,סמוזי נטורה נובה סמוצי תפוח מנגו 100 גרם,נטורה נובה,IT,סמוצ'י אפרסק ומנגו א,גרמים,100.00,100 גרם,false,,5.00,0.0500,true,1,195470
8024985005296,false,סמוזי אגס בננה תפוח וקינואה אורגני,נטורה נובה,IT,סמוצ'י אגס בננה תפוח,גרמים,120.00,100 גרם,false,,6.20,0.0517,true,1,198825
8024985005302,false,סמוזי תפוח רימון פטל אוכמנויות ואסאי אורגני,נטורה נובה,IT,סמוצ'י תפוח רימון פט,גרמים,120.00,100 גרם,false,,6.20,0.0517,true,1,198826
8024985008037,false,סמוזי נטורה נובה סמוצי תפוח 100 גרם,"נטורפוד בע""מ",IT,סמוצ'י תפוחים אורגני,גרמים,100.00,100 גרם,false,,5.00,0.0500,true,1,149497
8024985008044,false,סמוזי נטורה נובה סמוצי אגס 100 גרם,"נטורפוד בע""מ",IT,מחית אגסים אורגני 10,גרמים,100.00,100 גרם,false,,5.00,0.0500,true,1,149683
8024985008051,false,סמוזי נטורה נובה סמוצי פירות אדומים 100,נטורה נובה Natura Nuova,IT,סמוצ'י פירות אדומים,גרמים,100.00,100 גרם,false,,5.00,0.0500,true,1,149498
8024985011204,false,נטורה נובה-סמוזי תפוח תות בננה 100 גרם,נטורה נובה,IT,נטורה נובה סמוזי תפו,גרמים,100.00,100 גרם,false,,5.00,0.0500,true,1,218893
8032523530452,false,ממרח פיסטוק פיסטי אי,פיסטי,IT,ממרח פיסטוק 200 גר',גרמים,200.00,100 גרם,false,,31.90,0.1595,true,1,217846
8032715385976,false,"פסטה פוזילוני לל""ג בסיס אורז חום 250 גר",,IT,פסטה פוזיליני ללא גל,גרמים,250.00,100 גרם,false,,12.90,0.0516,true,1,219228
8032715385983,false,"פסטה פנה לל""ג בסיס אורז מלא 250 גר",,,פסטה פנה ללא גלוטן ע,גרמים,250.00,100 גרם,false,,12.90,0.0516,true,1,219226
8032804432000,false,פליסיה קופסא - פנה כוסמת אורגני 340 גרם,מולינו אנדריאני,IT,פנה כוסמת אורגני,גרמים,340.00,100 גרם,false,,14.50,0.0426,true,1,208722
8032804435643,false,פליסיה קופסה-פוזילי אורז מלא אורגני 340 גרם,פליסיה Felicia Bio,,פליסיה קופסא פוזילי,גרמים,340.00,100 גרם,false,,12.90,0.0379,true,1,211126
8032880800243,false,פיקניק הפתעה - אגוזי לוז ומקלות אפויים,"הוסטה איטליה, ס.ר.ל.",IT,פיקניק הפתעה 50 גרם,גרמים,50.00,100 גרם,false,,6.40,0.1280,true,1,128941
8033020445973,false,"PIVETTI קמח 00 לכל מטרה 1 ק""ג",פיווטי Pivetti,IT,"קמח 1 ק""ג רב תכליתי",קילוגרמים,1.00,"ק""ג",false,,8.00,8.0000,true,1,206316
8033020445980,false,"קמח לפסטה 1 pasta fresca ק""ג 00 PIVETTI",PIVETTI,IT,"קמח לפסטה 1 ק""ג",קילוגרמים,1.00,"ק""ג",false,,12.90,12.9000,true,1,208244
8033020446000,false,"קמח איטלקי לפיצה ופוקצה 1 ק""ג 00 PIVETTI",פיווטי Pivetti,IT,קמח לפיצה ופוקצ'ה,קילוגרמים,1.00,"ק""ג",false,,10.90,10.9000,true,1,206373
8033087771374,false,ניוקי תפוח אדמה 500,צ'יאמה אלמינטרי,,"ניוקי תפ""א 500 גר",גרמים,500.00,100 גרם,false,,8.90,0.0178,true,1,195467
8033275522368,false,"יין מונטרו קיאנטי, 750 מ""ל י מונטרו",סרסטר,IT,מונטרו קיאנטי,מיליליטרים,750.00,"100 מ""ל",false,,52.90,0.0705,true,1,208583
8033413430708,false,ליקר למונצ'ילו וילה מסה,וילה מאסה,DE,לימונצ'לו וילה מסה,מיליליטרים,700.00,"100 מ""ל",false,,99.90,0.1427,true,1,148874
8033993042353,false,אבקת כמהין 65 גרם,,,אבקת כמהין,גרמים,65.00,100 גרם,false,,47.90,0.7369,true,1,217844
8033993045262,false,פטריות כמהין קיץ שחו,,,פטריות כמהין קיץ שחו,גרמים,10.00,100 גרם,false,,99.90,9.9900,true,1,219267
8034023209272,false,ארטישוק א-לה רומנה בשמן חמניות 510 ג' (12),אהלרומנה,,"ארטישוק ""אל-לה רומנה",גרמים,510.00,100 גרם,false,,32.90,0.0645,true,1,195046
8055517373491,false,אייס קרחון,,,אייס קרחון,יחידה,0.00,יחידה,false,,5.90,0.0000,true,1,218188
8076800195019,false,ברילה - צ.א ספגטי מס1 קפליני 500 גרם,ברילה גי.אי.אר פרטלי ס.פ,IT,ספגטי מס'1 קפליני.,גרמים,500.00,100 גרם,false,,6.90,0.0138,false,1,96641
8076800195033,false,ברילה - צ.א ספגטיני מס3 חדש 500 גרם,ברילה גי.אי.אר פרטלי ס.פ,IT,ברילה ספגטיני.,גרמים,500.00,100 גרם,false,,6.90,0.0138,false,1,96642
8076800195057,false,ברילה - צ.א ספגטי מס5 חדש 500 גרם,ברילה גי.אי.אר פרטלי ס.פ,IT,ספגטיני ברילה 5.,גרמים,500.00,100 גרם,false,,6.90,0.0138,false,1,96643
8076800195132,false,ברילה - צ.א בבטה מס13 500 גרם,ברילה גי.אי.אר פרטלי ס.פ,IT,ברילה איטריות בבטה מ,גרמים,500.00,100 גרם,false,,6.90,0.0138,false,1,96644
8076800315097,false,פסטה מקרוני בוקטיני מספר 9 ברילה 500 גרם,ברילה גי.אי.אר פרטלי ס.פ,IT,ברילה בוקטיני מס' 9,גרמים,500.00,100 גרם,false,,6.90,0.0138,false,1,96645
8076802085738,false,ברילה צ.ק פנה רגטה מס' 73 500 גרם,ברילה גי.אי.אר פרטלי ס.פ,IT,ברילה פנה רגטה מס' 7,גרמים,500.00,100 גרם,false,,6.90,0.0138,false,1,96648
8076802085837,false,ברילה - צ.ק טורטליוני מס83 500 גרם,הנסיך- מפעל לייצור ט,IT,ברילה טורטליוני מס',גרמים,500.00,100 גרם,false,,6.90,0.0138,false,1,96649
8076802085936,false,ברילה פסטה צ.ק. קונצילה ריגטה חדש,ברילה גי.אי.אר פרטלי ס.פ,IT,ברילה קונציליאה ריגא,גרמים,500.00,100 גרם,false,,6.90,0.0138,false,1,145045
8076802085981,false,ברילה - צ.ק פוזילי חדש 500 גרם,ברילה גי.אי.אר פרטלי ס.פ,IT,פוסילי ברילה 98.,גרמים,500.00,100 גרם,false,,6.90,0.0138,false,1,96653
8076808050440,false,פסטה מקרוני מספר 44 ברילה 500 גרם,ברילה Barilla,IT,ברילה פליני מס' 44.,גרמים,500.00,100 גרם,false,,6.90,0.0138,false,1,96655
8076808060654,false,פסטה פרפלה מספר 65 ברילה 500 גרם,ברילה גי.אי.אר פרטלי ס.פ,IT,ברילה פרפלה.,גרמים,500.00,100 גרם,false,,6.90,0.0138,false,1,96656
8076808070882,false,ברילה צ.מ קנלוני מס88 250 גרם,פאסטיפיקו ריגו אס.אר,IT,קנלוני ברילה,גרמים,500.00,100 גרם,false,,13.90,0.0278,true,1,96657
8076808150072,false,ברילה - צ.א ספגטוני מס7 חדש 500 גרם,ברילה גי.אי.אר פרטלי ס.פ,IT,ברילה ספגטי מס' 7.,גרמים,500.00,100 גרם,false,,6.90,0.0138,false,1,96658
8076809501415,false,ברילה קנלוני/פנה 500 ג' מצה פנה טרקולור 500 גרם,"ש. שסטוביץ בע""\מ",IT,פסטה פנה טריקולור,גרמים,500.00,100 גרם,false,,13.90,0.0278,true,1,96659
8076809512268,false,פסטה גירנדולה טורסדס מספר 34 ברילה 500 גרם,ברילה גי.אי.אר פרטלי ס.פ,IT,ברילה גירנדולה מס' 3,גרמים,500.00,100 גרם,false,,6.90,0.0138,false,1,96661
8076809513388,false,רוטב לפסטה ארביאטה ברילה 400 גרם,ברילה גי.אי.אר פרטלי ס.פ,IT,ברילה רוטב ארביאטה,גרמים,400.00,100 גרם,false,,13.90,0.0348,false,1,96662
8076809513395,false,ברילה פומודורו רוטב עגבניות קלאסי 400 גר,ברילה גי.אי.אר פרטלי ס.פ,IT,ברילה רוטב פומודורו,גרמים,400.00,100 גרם,false,,13.90,0.0348,true,1,96663
8076809513654,false,בסיס רוטב עגבניות לבולונז ברילה 400 גרם,ברילה גי.אי.אר פרטלי ס.פ,IT,רוטב ברילה בסיס לבול,גרמים,400.00,100 גרם,false,,13.90,0.0348,true,1,96664
8076809513692,false,רוטב עגבניות נפולטנה בתוספת ירקות,ברילה גי.אי.אר פרטלי ס.פ,IT,ברילה רוטב נפוליטנה,גרמים,400.00,100 גרם,false,,13.90,0.0348,true,1,96665
8076809513739,false,ברילה רוטב עגבניות עם בזיליקום 400 גרם,ברילה גי.אי.אר פרטלי ס.פ,IT,רוטב בזיליקום ברילה,גרמים,400.00,100 גרם,false,,13.90,0.0348,true,1,96667
8076809514774,false,ברילה איטריות ביצים פפרדלה 250ג',ברילה גי.אי.אר פרטלי ס.פ,IT,ברילה איטריות פפרדל,גרמים,250.00,100 גרם,false,,17.90,0.0716,true,1,96668
8076809523561,false,רוטב עגבניות עם עשבי תיבול 400 ג' ברילה,ברילה גי.אי.אר פרטלי ס.פ,IT,רוטב פסטה ברילה בטעם,גרמים,400.00,100 גרם,false,,13.90,0.0348,true,1,119767
8076809523714,false,איטריות טליאטלה ברילה 500 גרם,"ש. שסטוביץ בע""\מ",IT,ברילה טליאטלה 500 גר,גרמים,500.00,100 גרם,false,,25.90,0.0518,true,1,96679
8076809523738,false,דפי לזניה ברילה 500 גרם,ברילה גי.אי.אר פרטלי ס.פ,IT,לזניה ברילה,גרמים,500.00,100 גרם,false,,19.90,0.0398,true,1,96680
8076809529419,false,ספגטי מחיטה מלאה מס' 5 500 ג' ברילה,ברילה גי. אי. אר פרט,IT,ספגטי ברילה מחיטה מל,גרמים,500.00,100 גרם,false,,13.90,0.0278,true,1,96683
8076809529433,false,פסטה פנה ריגטה חיטה מלאה ברילה 500 גרם,"ש. שסטוביץ בע""\מ",IT,ברילה פנה רגטה מחיטה,גרמים,500.00,100 גרם,false,,13.90,0.0278,true,1,96684
8076809545440,false,ברילה איטריות ללא גלוטן 400 גר,ברילה ג'.אי.אר פרטלי,IT,ברילה איטריות ללא גל,גרמים,400.00,100 גרם,false,,14.90,0.0373,false,1,189026
8076809545464,false,ברילה פסטה ללא גלוטן צורת ספירלי 400 גר,מולינו אנדריאני אס.א,IT,ברילה ללא גלוטן ספיר,גרמים,400.00,100 גרם,false,,14.90,0.0373,true,1,189028
8076809547956,false,ברילה - צ.ק קיפרי 500 גרם,ברילה ג'.אי.אר פרטלי,IT,ברילה צ.ק קיפרי 500,גרמים,500.00,100 גרם,false,,6.90,0.0138,true,1,212273
8076809576352,false,ברילה לזניה ללא גלוטן 250 גרם,ברילה גי.אי.אר פרטלי,IT,ברילה לזניה ללא גלוט,גרמים,250.00,100 גרם,false,,19.90,0.0796,true,1,218513
8076809578998,false,ברילה - צ.ק. סטלינה 500 גרם,ברילה גי. אי. אר פרטלי ס,IT,פסטה ברילה סטלינה,גרמים,500.00,100 גרם,false,,6.90,0.0138,true,1,218229
8076809580496,false,פסטה פפירי 450 ג' ברילה,"ש.שסטוביץ בע""\מ",IT,פסטה פפירי ברילה,גרמים,450.00,100 גרם,false,,12.90,0.0287,true,1,260607
8121300206946,false,ממתיק סיטיביה טרוביה 80 שקיות אישיות,הרתסייד פוד,US,טרוביה סטיביה ממתיק,גרמים,80.00,100 גרם,false,,29.90,0.3737,true,1,210418
8121300207004,false,טרוביה - סטיביה ממתיק בצנצנת 270 גרם,קספרס פאקאגעהג,US,טרוביה סטיביה ממתיק,גרמים,270.00,100 גרם,false,,35.90,0.1330,true,1,210419
8358110076302,false,כוסות לחיים 40 יחידות,"איטיליאן פוד, אס.פי.",CN,"כוסות ליין ח""פ 40 יח",יחידה,0.00,יחידה,false,,7.90,0.0000,true,1,125183
8410001109978,false,ספוגי קרצוף ללכלוך קשה זוג,3m,ES,זוג ספוגי קרצוף ללכל,יחידה,0.00,יחידה,false,,10.90,0.0000,true,1,215409
8410001134833,false,זוג ספוגי ניקוי ללא שריטות שמזון אינו נלכד בתוכו,3m,US,זוג ספוגי ניקוי ללא,יחידה,0.00,יחידה,false,,12.90,0.0000,true,1,219580
8410001134864,false,זוג ספוגים לניקוי קשה שמזון אינו נלכד בתוכו,3m,US,זוג ספוגים לניקוי קש,יחידה,0.00,יחידה,false,,12.90,0.0000,true,1,219581
8410001134888,false,זוג ספוגים עם ידית אחיזה לניקוי קשה,3m,US,זוג ספוגים עם ידית א,יחידה,0.00,יחידה,false,,12.90,0.0000,true,1,219583
8410001134918,false,זוג ספוגים עם ידית אחיזה ללא שריטות שמזון אינו נלכד בתוכו,3m,US,זוג ספוגים עם ידית א,יחידה,0.00,יחידה,false,,12.90,0.0000,true,1,219584
8410001135304,false,סקוטש ברייט כרית ניקוי לכיריים מזכוכית,3m,US,סקוטש ברייט כרית ניק,יחידה,0.00,יחידה,false,,15.90,0.0000,true,1,219582
8410076600622,false,חטיפי גרנולה קראנצ'י עם שוקולד מריר נייצ'ר ואלי 210 גרם,ג'נרל מילס סאן אדריאן,ES,נייטשר ואלי חמישייה,גרמים,210.00,100 גרם,false,,19.00,0.0905,true,1,140773
8410076610379,false,"חטיף בוטנים, חלבון סויה ושוקולד מריר עם ציפוי בטעם שוקולד",סריילטו ספיין פודס,ES,נייטשר ואלי פרוטאין,גרמים,160.00,100 גרם,false,,22.90,0.1431,true,1,192436
8410076610386,false,נייטשר ואלי פרוטאין בוטנים עם ציפוי בטעם קרמל מלוח 160 ג',ג'\נרל מילס סאן אדריאן S,ES,חטיף נייטשר ואלי פרו,גרמים,160.00,100 גרם,false,,22.90,0.1431,true,1,192437
8410076610492,false,חטיף שיבולת שועל מלאה ובוטנים בציפוי עם חמאת בוטנים,יבואן ומשווק: ש. שסט,GB,נייטשר ואלי צ'ואי בו,גרמים,150.00,100 גרם,false,,19.00,0.1267,true,1,194837
8410076610508,false,"חטיף שיבולת שועל מלאה עם בוטנים, שקדים ושוקולד מריר בציפוי בטעם שוקולד",נייצ'ר ואלי Nature Valley,ES,נייטשר ואלי צ'ואי בו,גרמים,150.00,100 גרם,false,,19.00,0.1267,true,1,194838
8410076621009,false,עוגות אישיות בטעם קרמל עם חתיכות בטעם קרמל מלוח,"גלאטס סירו בע""\מ",PT,חטיף פייבר 1 בטעם קר,גרמים,120.00,100 גרם,false,,14.90,0.1242,true,1,215763
8410076621047,false,עוגות אישיות בטעם שוקולד עם חתיכות בטעם שוקולד,"גלאטס סירו בע""\מ",ES,חטיפי פייבר 1 בראוני,גרמים,120.00,100 גרם,false,,14.90,0.1242,true,1,215670
8410104039134,false,"מנקה ומחדש מדיח כלים פיניש 250 מ""ל",הדקלאים אגודת שיתופי,PL,פיניש מנקה ומחדש,מיליליטרים,250.00,"100 מ""ל",false,,14.90,0.0596,true,1,104694
8410104045111,false,"פיניש מלח למדיח כלים 2ק""ג",רקיט בנקיזר,IL,פיניש מלח למדיח,קילוגרמים,2.00,"ק""ג",false,,14.90,7.4500,true,1,212824
8410104437268,false,פיניש דאו ציטרופרש מנטה,רקיט בנקיזר,HU,פיניש ציטרו פרש,גרמים,27.00,100 גרם,false,,14.90,0.5519,true,1,135314
8410128768324,false,משקה סויה שקדים קרטונית1 ל' ויוה סוי,קלידאד פסקואל,ES,ויוה סוי שקדים קרטונ,ליטרים,1.00,ליטר,false,,12.90,12.9000,true,1,213267
8410179100043,false,שמן זית בורחס מעולה750מל,בורחס אגריקולטורל וא,ES,שמן זית בורחס מעולה7,יחידה,750.00,יחידה,false,,37.90,0.0505,true,1,111310
8410342003508,false,"טוראס- ממרח שוקולד ללת""ס 200 גרם",,ES,ממרח אגוזי לוז עם קק,גרמים,200.00,100 גרם,false,,17.90,0.0895,true,1,216245
8410342004789,false,טוראס-שוקולד מריר 72% ללא סוכר 100 גרם,,,טוראס שוקולד מריר 72,גרמים,100.00,100 גרם,false,,15.90,0.1590,true,1,216932
8410342004796,false,שוקולד מריר 85% ללא סוכר טוראס 100ג',צ'יקולטס טוארס,ES,טוראס שוקולד מריר 85,גרמים,100.00,100 גרם,false,,14.90,0.1490,true,1,210572
8410342005595,false,טוראס שוקולד חלב ללא סוכר 75 גרם,,ES,טוראס שוקולד חלב ללא,גרמים,75.00,100 גרם,false,,8.50,0.1133,true,1,216931
8410342005625,false,טוראס שוקולד חלב אגוז ללא סוכר 75 גרם,,ES,טוראס שוקולד חלב עם,גרמים,75.00,100 גרם,false,,8.50,0.1133,true,1,210573
8410342005632,false,טוראס שוקולד חלב שקד ללא סוכר 75 גרם,,ES,טוראס שוקולד חלב שקד,גרמים,75.00,100 גרם,false,,8.50,0.1133,true,1,216752
8410342006318,false,טוראס שוקולד מריר קפה ללא סוכר 75 גרם,,ES,טוראס שוקולד מריר קפ,גרמים,75.00,100 גרם,false,,8.50,0.1133,true,1,213934
8410376009392,false,ביסקויט מחיטה מלאה ללא תוספת סוכר גולון 170 גרם,גאלטס גלון סא,ES,ביסקוויט מחיטה מלאה,גרמים,170.00,100 גרם,false,,9.90,0.0582,true,1,123034
8410376010701,false,"ביסקוויט ללת""ס גולון גלטה מריה 400 גר",תות תעשיות מזון (201,ES,גולון ביסקוויט מרי ל,גרמים,400.00,100 גרם,false,,17.90,0.0447,true,1,122979
8410376017359,false,עוגיות גולון ללא גלוטן 200 גר,גולון,ES,עוגיות ללא גלוטן -20,גרמים,200.00,100 גרם,false,,17.90,0.0895,true,1,123901
8410376023831,false,גולון-ביסקוויט ח.מלאה 400 גר' ללא סוכר 1/15,גולון,ES,גולון ביסקוויט חיטה,גרמים,400.00,100 גרם,false,,16.90,0.0422,true,1,141394
8410376029079,false,גולון רונדיטוס ביסקויט ללא תוספת סוכר 186 גר,GULLON,,ביסקוויט ללא סוכר מצ,יחידה,186.00,יחידה,false,,16.90,0.0909,true,1,137557
8410376033267,false,גולון ביסקוויט דגנים ללא סוכר 410 ג',GULLON,,גולון ביסקוויט דגנים,גרמים,410.00,100 גרם,false,,16.90,0.0412,true,1,266539
8410376037784,false,גולון ביסקויט סנדויץ שוקו ללא סוכר 250ג,תות תעשיות מזון (201,ES,גולון ביסקויט שוקו ל,גרמים,250.00,100 גרם,false,,13.50,0.0540,true,1,141877
8410376037883,false,גוליאן עוגיות שוקו צפס ללא גלוטן 130 ג ו,תות תעשיות מזון (201,ES,עוגיות שוקו צ'יפס לל,גרמים,125.00,100 גרם,false,,13.50,0.1080,true,1,143317
8410376042481,false,גולון ביסקווט קרם יוגורט ללא תוספת סוכר 220 גרם,גלטס גולון,ES,גולון ביסקוויט קרם י,גרמים,220.00,100 גרם,false,,15.90,0.0723,true,1,185336
8410376044393,false,עוגיות סנדוויץ וניל ללא תוספת סוכר 210,גולון,ES,גולון עוגיות סנדוויץ,גרמים,210.00,100 גרם,false,,18.90,0.0900,true,1,189582
8410376045017,false,גולון קרקרים ללא גלוטן וביצים 200 גרם,,,קרקר מלוח ללא גלוטן,גרמים,200.00,100 גרם,false,,18.90,0.0945,true,1,192165
8410376045024,false,גולון-דיאג'סטיב ביסקויט ללא גלוטן ולקטוז 150 גרם,GULLON,,ביסקוויט ללא גלוטן,גרמים,150.00,100 גרם,false,,13.50,0.0900,true,1,192154
8410376047509,false,גולון ביסקויט ללא תוספת סוכר 400 גרם,גלטס גולון,ES,גולון ביסקויט ללא סו,גרמים,400.00,100 גרם,false,,15.90,0.0398,true,1,195230
8410376052633,false,גולון-עוגיות שוקוצ'יפס ל.ת סוכר 150 גר',VIRGINIAS INDUSTRIAS,ES,גולון עוגיות שוקולד,גרמים,150.00,100 גרם,false,,12.90,0.0860,true,1,213735
8410376057270,false,גולון-ביסקוויט ללא סוכר עם ש.מריר 150 גר' 1/12,גולון,ES,גולון ביסקוויט ללא ס,גרמים,150.00,100 גרם,false,,17.90,0.1193,true,1,213285
8410376059380,false,גולון וופל וניל ללא תוספת סוכר 180 גרם,GULLON,ES,גולון וופל וניל ללא,גרמים,180.00,100 גרם,false,,15.90,0.0883,true,1,216338
8410376059397,false,גולון וופל שוקולד ללא תוספת סוכר 180 גרם,GULLON,ES,גולון וופל שוקולד לל,גרמים,200.00,100 גרם,false,,15.90,0.0795,true,1,217493
8410376064438,false,"גולון-פינאס ביסקויט שוקו חלב ללת""ס 150ג",,ES,גולון פינאס ביסקויט,גרמים,150.00,100 גרם,false,,14.90,0.0993,true,1,266540
8410376064445,false,גולון ללא סוכר פיינס שוקולד אוונה 150 גר,,ES,גולון פינאס שוקו אוו,גרמים,150.00,100 גרם,false,,14.90,0.0993,true,1,266541
8410441000576,false,"יין פאוסטינו אדום 750 מ""",גרופו פאוסיטינו,ES,פאוסטינו אדום VI,מיליליטרים,750.00,"100 מ""ל",false,,65.00,0.0867,true,1,211986
8410655000409,false,בירה סאן מיגל שישייה,SAN MIGUEL,,"בירה סאן מיגל 250 מ""",מיליליטרים,1500.00,"100 מ""ל",false,,32.90,0.0219,true,1,263337
8410655006555,false,"בירה סאן מיגל פרסקה 330 מ""ל מארז שישייה",,,בירה סאן מיגל פרסקה,מיליליטרים,1980.00,"100 מ""ל",false,,34.90,0.0176,true,1,211291
8410721443611,false,פלפל שחור שלם-מטחנת זכוכית 45 גרם,ליימן שליסל,ES,פלפל שחור שלם 45 גרם,גרמים,45.00,100 גרם,false,,11.90,0.2644,true,1,213591
8410721443635,false,מלח ים-מטחנת זכוכית-100 גרם,ליימן שליסל,ES,מלח ים מטחנת זכוכית,גרמים,100.00,100 גרם,false,,11.90,0.1190,true,1,213592
8410721443659,false,תערובת פלפלים לתיבול-מטחנת זכוכית-40 גרם,ליימן שליסל,ES,תערובת פלפלים לתיבול,גרמים,40.00,100 גרם,false,,11.90,0.2975,true,1,213593
8410721443680,false,מלח ים מטחנה 425 גר',,,מלח ים מטחנה 425 גר',גרמים,425.00,100 גרם,false,,21.90,0.0515,true,1,213595
8410743700297,false,יין קווה קסטילו פרלדה יבש 750 מל,פרלדה,ES,קסטילו פרלדה ברוט יי,מיליליטרים,750.00,"100 מ""ל",false,,31.90,0.0425,true,1,205721
8410743700303,false,יין קווה קסטילו פרלדה חצי יבש 750 מל,פרלדה,ES,קסטילו פרלדה חצי יבש,מיליליטרים,750.00,"100 מ""ל",false,,31.90,0.0425,true,1,205719
8410793001764,false,"רביעיית בירה אסטרייה דאם 330 מ""ל בקבוק",אסטרייה Estrella,,מארז רביעייה בירה אס,מיליליטרים,1320.00,"100 מ""ל",false,,29.90,0.0227,true,1,219603
8411277063049,false,קווה כשרה גאום סרה ב,ג'אום סרה,ES,קווה ג'אום סרה ברוט,מיליליטרים,750.00,"100 מ""ל",false,,29.90,0.0399,true,1,127311
8411277350118,false,"קאווה ""ג'ום סרה"" חצי יבש",ג'אום סרה,ES,קווה ג'אום סרה חצי י,יחידה,0.00,יחידה,false,,29.90,0.0000,true,1,127312
8411320234006,false,נתחי טונה לבנה בשמן זית (פחית) 112 ג ORTIZ,אורטיז ORTIZ,ES,ORTIZ-טונה בשמן זית,גרמים,82.00,100 גרם,false,,18.90,0.2305,true,1,192552
8411320334027,false,אורטיז נתחי טונה צהובה בשמן זית (פחית) 1,קונסרבז אורטיז,ES,ORTIZ-טונה בשמן זית,גרמים,82.00,100 גרם,false,,13.90,0.1695,true,1,207214
8411327521017,false,"מארז בירה סאן מיגל אספסיאל 330 מ""ל + כוס",סאן מיגל,ES,בירה סאן מיגל מארז ר,מיליליטרים,1320.00,"100 מ""ל",false,,24.90,0.0189,true,1,266241
8412168002529,false,מחייה 13 משקה כוהלי בטעם לימונים,דיסטילריאס לה הורטנה,ES,מחייה 13% לימונים,מיליליטרים,700.00,"100 מ""ל",false,,49.90,0.0713,true,1,201330
8420708018817,false,גב.מנצ'גו כבשים36% 150גר,האי נאם סי או אל.טי.,ES,גבינת מנצ'גו בשלה 15,גרמים,150.00,100 גרם,false,,28.90,0.1927,true,1,194402
8420822130600,false,"ספריי סופר מסיר שומנים 750מ""ל יעקבי",קה לורדה,ES,סופר מסיר שומנים 750,מיליליטרים,750.00,"100 מ""ל",false,,14.90,0.0199,true,1,262195
8420822130624,false,"ספריי סופר מסיר כתמים 750מ""ל יעקבי",קה לורדה,ES,סופר מסיר כתמים 750,מיליליטרים,750.00,"100 מ""ל",false,,17.90,0.0239,true,1,262196
8423207206488,false,סלים דליס חטיף דגנים מצופה שוקולד חלב מרבה 6*20 גרם,אף.סי תבליני בגליל ב,ES,חטיף דגנים מלאים מצו,יחידה,0.00,יחידה,false,,10.90,0.0000,true,1,138692
8423207206495,false,סלים דליס חטיף דגנים מצופה שוקולד מריר מרבה 6*20 גרם,אף.סי תבליני בגליל ב,ES,חטיף דגנים מלאים מצו,יחידה,0.00,יחידה,false,,10.90,0.0000,true,1,138693
8423207206501,false,סלים דליס חטיף דגנים עם שוקולד חלב מרבה 6*13 גרם,סלים דליס Slim Delis,ES,מרבה סלים דליס חצי מ,יחידה,0.00,יחידה,false,,10.90,0.0000,true,1,138694
8423207207362,false,חטיפי סלים דליס שוקולד לבן מרבה 6 יחידות,ביסנצ'ורי אס.אל.יו,ES,חטיף דגנים שוקולד לב,יחידה,0.00,יחידה,false,,10.90,0.0000,true,1,145046
8423207208260,false,מרבה סלים דליס 125 ג' ללא גלוטן שוקולד חלב,ביסנצ'ורי אס.אל.יו,ES,סלים דליס שוקולד חלב,יחידה,0.00,יחידה,false,,10.90,0.0000,true,1,187803
8423207208680,false,חטיף דגנים שוקולד סלים דליס לילדים מרבה 6 יחידות,ביסנצ'ורי אס.אל.יו,ES,סלים דליס לילדים עם,יחידה,0.00,יחידה,false,,10.90,0.0000,true,1,189653
8423207208697,false,חטיפי סלים דליס לילדים שוקולד לבן מרבה 6 יחידות,ביסנצ'ורי אס.אל.יו,ES,סלים דליס לילדים עם,יחידה,0.00,יחידה,false,,10.90,0.0000,true,1,189654
8423207208703,false,חטיפי סלים דליס שוקולד מריר מרבה 6 יחידות,ביסנצ'ורי אס.אל.יו,ES,סלים דליס לילדים עם,יחידה,0.00,יחידה,false,,10.90,0.0000,true,1,189655
8423207208871,false,פריכיות תירס בטעם טבעי סלים דליס 130 גרם,ביסנצ'ורי אס.אל.יו,ES,פרכיות תירס בטעם טבע,גרמים,130.00,100 גרם,false,,9.90,0.0762,true,1,193912
8423207208888,false,פריכיות תירס בטעם עגבניות ועשבי תיבול סלים דליס 123 ג',ביסנצ'ורי אס.אל.יו,ES,פריכיות תירס בטעם עג,גרמים,123.50,100 גרם,false,,9.90,0.0802,true,1,193770
8423207208895,false,פריכיות תירס בטעם זיתים ועירית סלים דליס 123 ג',ביסנצורי אס.אל.יו. ג,ES,פריכיות תירס בטעם זי,גרמים,123.50,100 גרם,false,,9.90,0.0802,true,1,193771
8423207209885,false,מרבה חטיפי סלים דליס מהדורה מיוחדת שוקולד חלב,סלים דליס Slim Delis,ES,מרבה סלים דליס מהדור,גרמים,125.00,100 גרם,false,,10.90,0.0872,true,1,200704
8423207210928,false,חטיף דגנים מצופה שוקולד חלב ואגוזי לוז - 5 במארז,נוטרישן אנד סנטה קוב,ES,סלים דליס טופינג אגו,גרמים,90.00,100 גרם,false,,10.90,0.1211,true,1,211334
8423207210942,false,חטיף דגנים מצופה שוקולד לבן ופירות יער,נוטרישן אנד סנטה קוב,ES,סלים דליס טופינג פיר,גרמים,90.00,100 גרם,false,,10.90,0.1211,true,1,211336
8423207210966,false,חטיף רב דגנים מצופה שוקולד לבן קוקוס ולימון,נוטרישן אנד סנטה קוב,ES,סלים דליס טופינג קוק,גרמים,90.00,100 גרם,false,,10.90,0.1211,true,1,211335
8423207210980,false,סלים דליס טופינג קליפת תפוז 90 גרם,נוטרישן אנד סנטה קוב,ES,סלים דליס טופינג קלי,גרמים,90.00,100 גרם,false,,10.90,0.1211,true,1,211427
8423371000202,false,משפחתי בוטנים מלוחים,Unknown,ES,חטיף בוטנים עם מלח,גרמים,150.00,100 גרם,false,,8.90,0.0593,true,1,213921
8423371002312,false,בוטנים צילי סאליסול 150 גרם,סאליסול,ES,חטיף בוטנים עם צ'ילי,גרמים,350.00,100 גרם,false,,8.90,0.0254,true,1,261692
8423371002725,false,סאליסול- קוקטייל מיקס 100 גרם,גלוברנדס,ES,חטיף בוטנים ואגוזים,גרמים,100.00,100 גרם,false,,8.90,0.0890,true,1,213922
8423371002749,false,סאליסול- בוטנים ושקדים מקורמלים 135 גרם,גלוברנדס,ES,חטיף בוטנים ושקדים ב,גרמים,135.00,100 גרם,false,,8.90,0.0659,true,1,213923
8423371005085,false,"מיקס פיקנטי בפחית ""סאליוס"" 100 גרם",גלוברנדס,ES,חטיף בוטנים ואגוזים,גרמים,100.00,100 גרם,false,,8.90,0.0890,true,1,214395
8423371007089,false,סאליסול- בוטנים מלוחים בדבש 150 גרם,גלוברנדס,ES,חטיף בוטנים עם דבש ו,גרמים,150.00,100 גרם,false,,8.90,0.0593,true,1,213924
8423371007492,false,גרעיני חמניה סאליסול 140 גרם,Unknown,ES,חטיף גרעיני חמניה,גרמים,140.00,100 גרם,false,,8.90,0.0636,true,1,261693
8424842050016,false,צ'יפס בטעם כמהין 125 גרם רביו,רביו,ES,צ'יפס בטעם כמהין,גרמים,130.00,100 גרם,false,,12.90,0.0992,true,1,217738
8424842050030,false,צ'יפס בטעם מלח הימלאי 125 גרם רביו,רביו,ES,צ'יפס עם מלח הימלאי,גרמים,125.00,100 גרם,false,,12.90,0.1032,true,1,217739
8424842050085,false,צ'יפס בטעם חרדל ודבש 125 גרם רביו,רביו,ES,צ'יפס בטעם חרדל ודבש,גרמים,125.00,100 גרם,false,,12.90,0.1032,true,1,217737
8424842201340,false,צ'יפס בטעם מסורתי פרימיום 130 גרם רביו,,ES,צ'יפס מסורתי פרימיום,גרמים,130.00,100 גרם,false,,12.90,0.0992,true,1,217740
8425206000081,false,ריבת חלב מרדל 450 גרם,כלורוקס אוקלנד,ES,ריבת חלב 450 גר',גרמים,450.00,100 גרם,false,,21.90,0.0487,true,1,148478
8425206000272,false,מרדל סירופ בטעם ריבת חלב 550 ג',קארו,ES,סירופ בטעם ריבת חלב,גרמים,550.00,100 גרם,false,,19.90,0.0362,true,1,204845
8435495805168,false,"תינוקלין לכביסה לעור רגיש אולימפיק 1.25ק""ג",מולינו ניקולי s.p.a,PL,"תינוקלין 1.25 ק""ג",קילוגרמים,1.25,"ק""ג",false,,24.90,19.9200,true,1,202279
8435495805199,false,"אבקת כביסה תינוקלין שקית 3 ק""ג.",מולינו ניקולי s.p.a,TR,"תינוקלין 3 ק""ג",קילוגרמים,3.00,"ק""ג",false,,43.90,14.6333,true,1,202527
8435495807605,false,תינוקלין מרכך כביסה היפואלרגני מרוכז 1 ליטר,מולינו ניקולי s.p.a,TR,תינוקלין מרכך כביסה,ליטרים,1.00,ליטר,false,,17.90,17.9000,false,1,205056
8435495807636,false,"תינוקלין ג'ל כביסה בייבי סנסטיב היפואלרגני, 2 ליטר",פרוקטר אנד גמבל,TR,תינוקלין ג'ל כביסה 2,ליטרים,2.00,ליטר,false,,29.90,14.9500,true,1,205603
8435495819363,false,תינוקלין מרכך כביסה היפואלרגני 1 ליטר,פרוקטר אנד גמבל,TR,תינוקלין מרכך כביסה,ליטרים,1.00,ליטר,false,,17.90,17.9000,true,1,260842
8436575292205,false,ארטיק חמשושים מאגדת 15*12 גר',גלידות נסטלה )נגה גלידות,IL,מאגדת חמושושים,גרמים,220.00,100 גרם,false,,19.50,0.0886,true,1,207173
8445290046284,false,רד מאג נס קפה קלאסיק 220 גרם,נסטלה ספרד קפה,ES,נסקפה רד מאג,גרמים,220.00,100 גרם,false,,20.00,0.0909,false,1,264170
8445290427120,false,דגני פיטנס Fitness שוקולד מריר ובננה,נסטלה צרפת איטנקורט,FR,פיטנס שוקולד מריר וב,גרמים,330.00,100 גרם,false,,21.90,0.0664,false,1,265218
8594006931328,false,בירה פרימטור ויצן 500 מל צכיה,,CZ,פרימטור וויצן בירה,מיליליטרים,510.00,"100 מ""ל",false,,12.90,0.0253,true,1,197306
8594200060015,false,בירה צסקה פינטה 568 מל פחית,"""cesu alus""",,פחית בירה צ'סקה פינט,מיליליטרים,568.00,"100 מ""ל",false,,9.00,0.0158,true,1,265648
8595028418583,false,סכין רב שימושית 14סמ,,,סכין רב שימושית 14סמ,יחידה,0.00,יחידה,false,,31.90,0.0000,true,1,188857
8595028418736,false,סכין טבחים,,,סכין טבחים,יחידה,0.00,יחידה,false,,39.90,0.0000,true,1,218296
8595028439922,false,קליפס אטימה 5 יח,,,קליפס אטימה 5 יח,יחידה,0.00,יחידה,false,,9.90,0.0000,true,1,193027
8595028440522,false,קולפן כרוב,,,קולפן כרוב,יחידה,0.00,יחידה,false,,19.90,0.0000,true,1,151290
8595028441628,false,מסננת סיליקון,,,מסננת סיליקון,יחידה,0.00,יחידה,false,,19.90,0.0000,true,1,186450
8595028463316,false,כף טפלון מחורצת,,,כף טפלון מחורצת,יחידה,0.00,יחידה,false,,9.90,0.0000,true,1,197700
8595028498080,false,קולפן דו צדדי,,,קולפן דו צדדי,יחידה,0.00,יחידה,false,,16.90,0.0000,true,1,203651
8606018615827,false,גלידת וניל עם שברי עוגיות אוראו 480 גרם,פרונרי סרביה,RS,גלידת וניל עם שברי ע,גרמים,480.00,100 גרם,false,,17.90,0.0373,true,1,262672
8606018615841,false,גלידה וניל עם ליבת שוקולד חלב מעולה 480 גרם,פרונרי סרביה,RS,גלידת וניל עם ליבת ש,גרמים,480.00,100 גרם,false,,17.90,0.0373,true,1,262673
8606018615865,false,פיינט מילקה קרמל ליבת שוקולד 480 גרם,פרונרי סרביה,RS,גלידת קרמל,גרמים,480.00,100 גרם,false,,17.90,0.0373,true,1,262674
8606109023609,false,"פרוויטה - מיץ תפוחי עץ ודובדבנים חמוצים 750 מ""ל",,IL,פרוויטה מיץ תפוחי עץ,מיליליטרים,750.00,"100 מ""ל",false,,10.90,0.0145,true,1,218760
8606109023623,false,"פרוויטה - מיץ תפוחי עץ ולימון ליים 750 מ""ל",פרובישקה,RS,פרוויטה מיץ תפוח עץ,מיליליטרים,750.00,"100 מ""ל",false,,10.90,0.0145,true,1,218648
8606109023715,false,"פרוויטה - מיץ תפוחי עץ ואפרסקים 750 מ""ל",פרובישקה,RS,פרוויטה מיץ תפוחי עץ,מיליליטרים,750.00,"100 מ""ל",false,,10.90,0.0145,true,1,218766
8682780956801,false,"טנדור-דפי טורטייה 25 ס""מ 390 גרם",,PL,טנדור דפי טורטייה 25,גרמים,390.00,100 גרם,false,,9.90,0.0254,true,1,266725
8683130008355,false,מיונז עם שום הלמנס לחיץ 400 גרם,יוניליוור ישראל שיווק בע,TR,מיונז הלמנס שום לחיץ,גרמים,400.00,100 גרם,false,,12.90,0.0323,true,1,261100
8683130008935,false,"הלמנס קטשיונז 425 גר{הרב רלב""ג}",יוניליוור ישראל שיווק בע,TR,הלמנס קטשיונז 425 גר,גרמים,425.00,100 גרם,false,,12.90,0.0304,true,1,262190
8683130012666,false,שלגון מגנום דאבל לבן עוגיות 72 גרם,"מיוצר ע""\י יונילוור סנאי",TR,שלגון מגנום דאבל לבן,גרמים,74.00,100 גרם,false,,11.00,0.1486,true,1,263936
8683130025581,false,"מרכך כביסה מרוכז אקסטרה ענבר בדין 960 מ""ל",יבוא ושיווק: יוניליוור י,TR,בדין אקסטרה ענבר 960,מיליליטרים,960.00,"100 מ""ל",false,,15.90,0.0166,false,1,264899
8683323063024,false,יוגטה שטיחים בטעם תותי פרוטי 220 גרם,ליימן מותגים,TR,יוגטה שטיחים תותי פר,גרמים,220.00,100 גרם,false,,10.90,0.0495,true,1,195604
8690504081913,false,מקוויטיס טינס מצופה שוקולד חלב 150 גרם,"אולקר ביסקווי סנאי,",TR,מיקוויטיס ביסקוויטים,גרמים,150.00,100 גרם,false,,10.00,0.0667,true,1,202277
8690504081920,false,מקוויטיס טינס מצופה שוקולד מריר 150 גרם,"אולקר ביסקווי סנאי, א.ס.",TR,טינס מצופה שוקולד מר,גרמים,150.00,100 גרם,false,,10.00,0.0667,true,1,202446
8690504081937,false,מקוויטיס טינס שוקולד חלב וקפוצינו 150 גר,"אולקר ביסקווי סנאי,",TR,מיקוויטיס ביסקוויטים,גרמים,150.00,100 גרם,false,,10.00,0.0667,true,1,202278
8690504156543,false,טבלת שוקלד חלב ממולא בקרם גנאש שוקולד חלב 88 גר',ביסקוט ביסקווי סילברי,TR,גודייבה שוקולד חלב מ,גרמים,88.00,100 גרם,false,,13.90,0.1580,true,1,215285
8690572775288,false,"גליס מרכך סרום שיקום עמוק 400 מ""ל",שוורצקוף Schwarzkopf,TR,מרכך גליס סרום דייפ,מיליליטרים,400.00,"100 מ""ל",false,,14.90,0.0373,true,1,188292
8690572784303,false,"שוורצקוף גליס שמפו לשיער לאורך מושלם, 400 מ""ל",שוורצקופף והנקל,TR,גליס שמפו לאורך מושל,מיליליטרים,400.00,"100 מ""ל",false,,14.90,0.0373,true,1,203778
8690572784327,false,מסכה לשיער ארוך עם קצוות מפוצלים Supreme Length,שוורצקופף והנקל,TR,גליס מסכה לאורך מושל,מיליליטרים,300.00,"100 מ""ל",false,,22.90,0.0763,true,1,203496
8690572799499,false,"סאיוס - מרכך אולאו 500 מ""ל",הובי קוסמטיק,TR,סאיוס מרכך קרטין 500,מיליליטרים,500.00,"100 מ""ל",false,,10.90,0.0218,true,1,218300
8690572799543,false,סאיוס שמפו לחיזוק שורשי סיב השערה 500 מל,"הובי קוסמטיק, אנקרה, תור",TR,סאיוס שמפו לחיזוק סי,מיליליטרים,500.00,"100 מ""ל",false,,10.90,0.0218,true,1,218302
8690572799550,false,"סאיוס שמפו לשיער גלי ומתולתל 500 מ""ל",הובי קוסמטיק,TR,סאיוס שמפו לשיער גלי,מיליליטרים,500.00,"100 מ""ל",false,,10.90,0.0218,true,1,218303
8690637073373,false,תה שחור ברגמוט ארל גריי ליפטון 25 יחידות,יונילוור - תורכיה,TR,תה ארל גריי סרוויס 2,גרמים,50.00,100 גרם,false,,8.90,0.1780,true,1,117571
8690637073434,false,תה ליפטון ארל גריי 100 שקיקים,ליפטון Lipton,,תה ארל גריי ליפטון 1,גרמים,200.00,100 גרם,false,,21.90,0.1095,true,1,117568
8690637503856,false,ממרח הלמנס כ- 40% פחות שומן לעומת מיונז,אפפילד איסטנבול ייצור מז,TR,ממרח הלמנס לחיץ 355,גרמים,355.00,100 גרם,false,,12.90,0.0363,false,1,215816
8690637504426,false,"קרם ניקוי סיף בניחוח לימון 500 מ""ל",יוניליוור סנאיי וי טיקאר,TR,סיף קרם לימון,מיליליטרים,500.00,"100 מ""ל",false,,9.90,0.0198,true,1,261910
8690637505607,false,בדין אקסטרה מרכך כביסה בניחוח פינוק כחול,יוניליוור סנאיי וי טיקאר,TR,בדין אקסטרה פינוק קל,מיליליטרים,960.00,"100 מ""ל",false,,15.90,0.0166,false,1,219318
8690637505614,false,"מרכך כביסה בדין אקסטרה פינוק קוקוס 960 מ""ל",יוניליוור סנאיי וי טיקאר,TR,בדין אקסטרה פינוק קו,מיליליטרים,960.00,"100 מ""ל",false,,15.90,0.0166,false,1,219319
8690637555084,false,"מרכך כביסה מרוכז אקסטרה פריחת התפוז בדין 960 מ""ל",יוניליוור סנאיי וי טיקאר,TR,בדין אקסטרא לבן 960מ,מיליליטרים,960.00,"100 מ""ל",false,,15.90,0.0166,false,1,122737
8690637688195,false,"תה ירוק קלאסי ליפטון 20 יחידות בד""צ",יונילוור - תורכיה,TR,תה ירוק קלאסי ליפטון,יחידה,0.00,יחידה,false,,14.90,0.0000,true,1,148474
8690637704277,false,"שמפו ומרכך לשיער רגיל 600 מ""ל דאב",יוניליוור טורקיה. אזור ת,TR,דאב שמפו יום יומי 2-,מיליליטרים,600.00,"100 מ""ל",false,,15.90,0.0265,false,1,150584
8690637704376,false,"שמפו לטיפוח יום יומי דאב 600 מ""ל",יוניליוור סנאיי וי טיקאר,TR,דאב שמפו יום יומי 60,מיליליטרים,600.00,"100 מ""ל",false,,15.90,0.0265,false,1,150586
8690637704390,false,"מרכך שיער לטיפוח יום יומי דאב 600 מ""ל",יוניליוור טורקיה. אזור ת,TR,דאב מרכך יום יומי 60,מיליליטרים,600.00,"100 מ""ל",false,,15.90,0.0265,false,1,150742
8690637799594,false,תה ירוק ליפטון נענע בסגנון מרוקאי 20יח',בסן בסין סנאיי וי טי,TR,תה ירוק נענע בסגנון,גרמים,36.00,100 גרם,false,,14.90,0.4139,true,1,193892
8690637835643,false,"תה ירוק לימונית ולאויזה 30 גרם ""ליפטון""",יונילוור - תורכיה,TR,תה ירוק לואיזה ולימו,גרמים,30.00,100 גרם,false,,14.90,0.4967,true,1,198777
8690637842382,false,מגנום דאבל פרי יער שטראוס 82 גר,"מיוצר ע""\י יונילוור סנאי",TR,מגנום דאבל פרי יער,יחידה,0.00,יחידה,false,,11.00,0.0000,true,1,201585
8690637842399,false,מאגדת מגנום מיני דאבל פרי יער שוקולד 6 יח' נסטלה,יוניליוור סנאי וי סי,TR,מאגדת מיני מגנום דאב,יחידה,0.00,יחידה,false,,32.90,0.0000,true,1,201586
8690637865596,false,דאב תחליב רחצה לידיים 500 הזנה עמוקה,קוסטר אירוסול ולף סנ,TR,דאב סבון ידיים 500 מ,מיליליטרים,500.00,"100 מ""ל",false,,18.90,0.0378,true,1,263497
8690637866654,false,תה ירוק קלאסי ליפטון 50 שקיקים 75ג',יוניליוור מזון,TR,ליפטון תה ירוק קלאסי,יחידה,0.00,יחידה,false,,25.90,0.0000,true,1,204267
8690637866753,false,"בדין מרכך כביסה מרוכז אקסטרה סגול 960 מ""ל",יונילוור - תורכיה,TR,בדין אקסטרא סגול 960,מיליליטרים,960.00,"100 מ""ל",false,,15.90,0.0166,false,1,203736
8690637871047,false,דאב שמפו בתוספת שמן קוקוס וכורכום 600 מל,יוניליוור סנאיי וי טיקאר,TR,דאב שמפו קוקוס 600 מ,מיליליטרים,600.00,"100 מ""ל",false,,15.90,0.0265,true,1,204309
8690637871108,false,הלמנ'ס ממרח חרדל 250 גרם,יוניליוור,IL,הלמנס חרדל 250 גר',גרמים,250.00,100 גרם,false,,12.90,0.0516,true,1,208317
8690637871245,false,הלמנס מיונז אמיתי 395 גר' בקבוק לחיץ.,"בסטפוד - 3P ארה""ב Fo",TR,הלמנס מיונז אמיתי לח,גרמים,395.00,100 גרם,false,,12.90,0.0327,true,1,207400
8690637916991,false,מרכך דאב עם שמן אבוקדו ותמצית קלנדולה600,יונילוור - תורכיה,TR,דאב מרכך אבוקדו 600,מיליליטרים,600.00,"100 מ""ל",false,,15.90,0.0265,false,1,207968
8690637946301,false,"בדין - מרכך כביסה אקסטרא בייביי כחול 960 מ""ל",יוניליוור סנאיי וי טיקאר,TR,בדין אקסטרא בייבי כח,מיליליטרים,960.00,"100 מ""ל",false,,15.90,0.0166,false,1,213155
8690637946318,false,"מרכך כביסה בדין מרוכז אקסטרה בייבי טלק 960 מ""ל",יוניליוור סנאיי וי טיקאר,TR,בדין אקסטרה בייבי צה,מיליליטרים,960.00,"100 מ""ל",false,,15.90,0.0166,false,1,211521
8690637971310,false,"מרכך כביסה מרוכז אקסטרה בניחוח יערת הדבש בדין 960 מ""ל",יוניליוור סנאיי וי טיקאר,TR,בדין אקסטרא יערת הדב,מיליליטרים,960.00,"100 מ""ל",false,,15.90,0.0166,false,1,215573
8690637976995,false,"מרכך כביסה מרוכז אקסטרה ורוד סחלבים פראי בדין 960 מ""ל",יוניליוור סנאיי וי טיקאר,TR,בדין אקסטרה ורוד 960,מיליליטרים,960.00,"100 מ""ל",false,,15.90,0.0166,false,1,215755
8690637989612,false,מאגדת מיני מגנום דולצה גולד 6 יח 246 גרם,יונילוור סנאיי וי טיג'\,TR,מגנום מיני דאבל דולצ,גרמים,246.00,100 גרם,false,,32.90,0.1337,true,1,216884
8690637989629,false,מגנום דאבל דולצה גולד 63 גרם,יונילוור סנאיי וי טיג'\,TR,מגנום דאבל דולצ'ה גו,גרמים,63.00,100 גרם,false,,11.00,0.1746,true,1,216885
8690637994029,false,מרכך כביסה אקסטרה סחלבים 1.44 ל' בדין,יוניליוור סנאיי וי טיקאר,TR,בדין אקסטרה סחלבים 1,ליטרים,1.44,ליטר,false,,19.90,13.8194,false,1,217021
8690637997914,false,גלידת מגנום וניל שקדים בכוס אישית 76 גרם,יונילוור סנאיי וי טיג'\,TR,מגנום גלידת שמנת וני,גרמים,76.00,100 גרם,false,,8.90,0.1171,true,1,219662
8690637997921,false,גלידת שמנת וניל קלאסיק בכוס אישית 63 גרם,יונילוור סנאיי וי טיג'\,TR,מגנום גלידת שמנת וני,גרמים,81.00,100 גרם,false,,8.90,0.1099,true,1,219663
8690766156367,false,גודייבה שוקולד חלב מעולה 90 גרם,"אולקר מקבוצת פלאדיס,",TR,שוקולד חלב מעולה גוד,גרמים,90.00,100 גרם,false,,14.50,0.1611,true,1,211219
8690766156374,false,גודייבה שוקולד מריר מעולה 72% מוצקי קקאו 72גרם,"אולקר מקבוצת פלאדיס,",TR,שוקולד מריר 72% גודי,גרמים,90.00,100 גרם,false,,14.50,0.1611,true,1,213822
8690766156381,false,גודייבה שוקולד מריר 90% מוצקי קקאו 90 גרם,"אולקר מקבוצת פלאדיס,",TR,שוקולד מריר מעולה 90,גרמים,90.00,100 גרם,false,,14.50,0.1611,true,1,213092
8690766156398,false,"שוקולד חלב מעולה בתוספת שברי שקדים קלויים,דבש ומלח 90 גרם","אולקר מקבוצת פלאדיס, ציק",TR,שוקולד חלב מעולה בתו,גרמים,90.00,100 גרם,false,,14.50,0.1611,true,1,213823
8690766156404,false,שוקולד מריר מעולה גודייבה תפוז אדום 90 גרם,גודייבה,TR,שוקולד מריר מעולה בט,גרמים,90.00,100 גרם,false,,14.50,0.1611,true,1,213093
8690766156411,false,שוקולד מריר מעולה בטעם פלפל ורוד עם חתיכות תות מסוכר 90 גרם,"אולקר מקבוצת פלאדיס,",TR,שוקולד גודייבה מריר,גרמים,90.00,100 גרם,false,,14.50,0.1611,true,1,213094
8690770322079,false,שמרים יבשים 450 גר' בראבו,הנמל,TR,שמרים יבשים 450 גר,גרמים,450.00,100 גרם,false,,12.90,0.0287,true,1,188943
8690770322598,false,שמרים יבשים פוליבה הנמל 125 גרם,בראבו Bravo,TR,שמרים יבשים 125 גר,גרמים,125.00,100 גרם,false,,5.00,0.0400,true,1,188740
8690777204071,false,פלפלים כבושים חריפים סרה 320 גרם,יוליניבר,TR,SERA פלפלים חריפים כ,גרמים,640.00,100 גרם,false,,10.90,0.0170,true,1,118648
8690777206051,false,חציל קלוי על האש סרה ויליפוד 650 גרם,קוראהן פזלרמה וי דיס,TR,SERA חציל קלוי על הא,גרמים,650.00,100 גרם,false,,10.90,0.0168,true,1,117079
8690777221405,false,פלפל אדום קלוי סרה ויליפוד 650 גרם,קוראהן פזלרמה וי דיס,TR,SERA פלפל אדום קלוי,גרמים,650.00,100 גרם,false,,10.90,0.0168,true,1,118649
8690784516440,false,דאק נוזל לניקוי מתקדם בניחוח לבנדה בודד 750מל,"אס.סי.ג'\ונסון מידרכט, ה",NL,דאק ג'ל נוזל לבנדר 7,מיליליטרים,750.00,"100 מ""ל",false,,8.90,0.0119,true,1,210595
8690784611442,false,סבון מוצק לניקוי אסלה בניחוח הדרים בתוספת אקונומיקה,דאופלור אס פי אי כונ,PL,דאק סבון אקטיבי עם א,יחידה,0.00,יחידה,false,,9.90,0.0000,true,1,217512
8690784614771,false,דאק כדוריות ניקוי אסלה בניחוח רענן,דאופלור אס.פי.אי כונ,PL,דאק סבון ניקוי אסלה,גרמים,38.60,100 גרם,false,,9.90,0.2565,true,1,203375
8690784616775,false,סבון מוצק לאסלה דאק אקווה בלו 4 ב-1 80 ג,טואלט דאק (ג'ונסון),RS,דאק אקווה בלו,יחידה,0.00,יחידה,false,,9.90,0.0000,true,1,205159
8690784711777,false,דאק סבון אקטיבי בתוספת אקונומיקה מקציפה בניחוח ים,דאופלור אס.פי.אי כונ,PL,דאק סבון אקטיבי לניק,יחידה,0.00,יחידה,false,,9.90,0.0000,true,1,207907
8693323085100,false,גומי יוגטה שטיחים חמוצים טעם פירות 100 ג,יוגטה yogueta,TR,יוגטה שטיחים חמוצים,גרמים,100.00,100 גרם,false,,8.00,0.0800,true,1,204809
8693495041461,false,קולגייט זוג מברשות שיניים סלים סופט פחם,הנסיך- מפעל לייצור ט,CN,קולגייט מברשת סלים ס,יחידה,0.00,יחידה,false,,24.90,0.0000,true,1,147655
8693495050333,false,"פלמוליב סבון נוזלי לגבר לימון ירוק 500 מ""ל",קולגייט-פלמוליב,TR,פלמוליב סבון נוזלי ל,מיליליטרים,500.00,"100 מ""ל",false,,14.90,0.0298,true,1,198001
8693495052177,false,פלמוליב נטורלס תחליב רחצה זיתים 750 מל,קולגייט פלמוליב,TR,פלמוליב זיתים 750 מ',מיליליטרים,750.00,"100 מ""ל",false,,19.90,0.0265,true,1,200699
8693495052931,false,זוג מברשות שיניים אדוונסט 360 לניקוי כל חלל הפה,קולגייט פלמוליב,CN,קולגייט זוג מברשות 3,יחידה,0.00,יחידה,false,,29.90,0.0000,true,1,207541
8693495054034,false,פלמוליב ס.נוזלי לומינוס אבוקדו 750 משאבה,קולגייט פלמוליב,TR,פלמוליב ג'ל רחצה לומ,מיליליטרים,750.00,"100 מ""ל",false,,19.90,0.0265,true,1,261456
8696219358579,false,סט 3 קופסאות פרש בוק,,,סט 3 יח' קופסאות איח,יחידה,0.00,יחידה,false,,27.90,0.0000,true,1,263311
8696219361302,false,סט אחסון מלבן 3 יחיד,,,סט 3 יח' קופסאות איח,יחידה,0.00,יחידה,false,,27.90,0.0000,true,1,263310
8696219363726,false,סט 4 יח' קופסאות איח,IRAK PLASTIC,,סט 4 יח' קופסאות איח,יחידה,0.00,יחידה,false,,27.90,0.0000,true,1,263309
8696219371752,false,סט 3 יח' קופסאות איח,,,סט 3 יח' קופסאות איח,יחידה,0.00,יחידה,false,,13.90,0.0000,true,1,263312
8696219371769,false,סט 3 יח' קופסאות איח,,,סט 3 יח' קופסאות איח,יחידה,0.00,יחידה,false,,16.90,0.0000,true,1,263313
8697040108975,false,אסותא סבון נוזלי להיגיינה אישית 1/12,,TR,אסותא שטיפה אינטימית,מיליליטרים,400.00,"100 מ""ל",false,,15.90,0.0398,true,1,200686
8697040109323,false,אסותא סבון מוצק להיגיינה,אטש סונמז כימיה,TR,סבון מוצק אסותא 100,גרמים,100.00,100 גרם,false,,5.90,0.0590,true,1,201073
8697418280333,false,שערות קדאיף מיובשות 500 גרם,פרינסיס און וה אונלו,TR,LAVALIA-שערות קדאיף,גרמים,500.00,100 גרם,false,,18.90,0.0378,true,1,182273
8697425880090,false,"מגב שיש איכותי 20 ס""מ",,IL,"מגב שייש 20 ס""מ",יחידה,0.00,יחידה,false,,6.90,0.0000,true,1,193640
8697431460064,false,קונפיטורה משמש 70% פרי פרופה 454 גר',פרוטנגו Fruitango,,קונפיטורה משמש,גרמים,450.00,100 גרם,false,,12.00,0.0267,true,1,144699
8697431460217,false,קונפיטורה 70% תפוזים 450 ג' FRUPPA,פרוטנגו Fruitango,,קונפיטורה תפוזים,גרמים,450.00,100 גרם,false,,12.00,0.0267,true,1,144705
8697431460378,false,קונפיטורה 70% שזיף פרופה 450 גרם,פרוטנגו Fruitango,,קונפיטורה שזיפים,גרמים,450.00,100 גרם,false,,12.00,0.0267,true,1,144182
8697431921701,false,קונפיטורה תות שדה 70% פרי פרופה 454 גר',פרוטנגו Fruitango,,פרופה-קונפיטורה תות,גרמים,450.00,100 גרם,false,,12.00,0.0267,true,1,149185
8697431921718,false,קונפיטורה דובדבן חמוץ 70% פרי פרופה 454 גר',Barhan gida sanayi v,,פרופה-קונפיטורה דובד,גרמים,450.00,100 גרם,false,,12.00,0.0267,true,1,149186
8697431925143,false,קונפיטורה 70% פירות יער 450 ג' FRUPPA,פרוטנגו Fruitango,,קונפיטור 70% פרי-פיר,גרמים,450.00,100 גרם,false,,12.00,0.0267,true,1,149772
8697530910743,false,סיגריות פאל מאל כחול קצר מטאליק,Unknown,TR,פאל מאל כחול קצר מטא,יחידה,0.00,יחידה,false,,29.00,0.0000,false,1,114129
8697530910750,false,סיגריות פאל מאל כחול ארוך האוס,Unknown,TR,פאל מאל כחול ארוך מט,יחידה,0.00,יחידה,false,,29.00,0.0000,false,1,113875
8697530910958,false,פאל מאל כחול ארוך האוס עשירייה,Unknown,TR,פקט פאל מאל כחול ארו,יחידה,0.00,יחידה,false,,282.00,0.0000,false,1,113874
8697530911276,false,סיגריות קנט קצר חפיס,גלוברנדס,TR,קנט קצר,יחידה,0.00,יחידה,false,,36.00,0.0000,false,1,115343
8697659224066,false,מטהר אוויר TROPICAL אטק 400 מל,יעקובי,,מטהר אויר Holiday,מיליליטרים,400.00,"100 מ""ל",false,,9.90,0.0248,true,1,194915
8697659232757,false,"מבשם אריגים -לבנדר 425מ""ל",יעקובי,,מבשם אריגים לבנדר יע,מיליליטרים,425.00,"100 מ""ל",false,,11.90,0.0280,true,1,205149
8697659234133,false,"דיסני שמפו ספיידרמן 600מ""ל",,,דיסני שמפו ספיידרמן,מיליליטרים,600.00,"100 מ""ל",false,,11.90,0.0198,true,1,211785
8697659234249,false,"דיסני שמפו מיני מאוס 600מ""ל",אטאק פארמה קוסמטיקס צ'\ר,TR,דיסני שמפו מיני מאוס,מיליליטרים,600.00,"100 מ""ל",false,,11.90,0.0198,true,1,211792
8697659238551,false,"דיסני אל סבון נוזלי פרוזן 400 מ""ל",פארמה דיל,TR,דיסני אל סבון נוזלי,מיליליטרים,400.00,"100 מ""ל",false,,9.90,0.0248,true,1,211795
8697659243197,false,מטהר אוויר פרחי אביב פרש & מור 300 מ''ל,יעקובי,,פרש&מור מטהר אוויר פ,מיליליטרים,300.00,"100 מ""ל",false,,11.90,0.0397,true,1,219646
8697659244842,false,שמפו דיסני סופרמן 600מל,,TR,"שמפו סופרמן 600 מ""ל",מיליליטרים,600.00,"100 מ""ל",false,,11.90,0.0198,true,1,263714
8697659244866,false,"אל סבון נוזלי וונדר וומן 430 מ""ל",,,אל סבון נוזלי וונדר,מיליליטרים,430.00,"100 מ""ל",false,,9.90,0.0230,true,1,263717
8697826469092,false,טורטיה קטנה שקדיה 540 גרם 12 יחידות,דין שיווק,TR,טורטיה קטנה,יחידה,0.00,יחידה,false,,9.90,0.0000,true,1,148515
8699433690890,false,שמן זית כתית מעולה ק,,,שמן זית כתית מעולה ק,מיליליטרים,750.00,"100 מ""ל",false,,37.90,0.0505,true,1,263956
8699433690968,false,חומץ בלסמי קאסה די א,,,חומץ בלסמי קאסה די א,מיליליטרים,500.00,"100 מ""ל",false,,14.90,0.0298,true,1,263953
8699433690975,false,שמן זית כתית בכד קאס,,,שמן זית כתית בכד קאס,מיליליטרים,500.00,"100 מ""ל",false,,26.90,0.0538,true,1,263955
8699568532003,false,וולה פלקס ספריי לעיצוב שיער מגה עמיד 250,אינטרספריי,FR,וולה פלקס ספריי לעי,מיליליטרים,250.00,"100 מ""ל",false,,32.90,0.1316,true,1,215817
8710447275306,false,דאב קרם ידיים שמן אבוקדו ותמצית קלנדולה,"יוניליוור פולין, רחוב קר",PL,דאב קרם ידיים אבוקדו,מיליליטרים,75.00,"100 מ""ל",false,,11.50,0.1533,true,1,207594
8710447275313,false,דאב קרם ידיים שמן קוקוס וחלב שקדים,"יוניליוור פולין, רחוב קר",PL,דאב קרם ידיים קוקוס,מיליליטרים,75.00,"100 מ""ל",false,,11.50,0.1533,true,1,207595
8710447320662,false,דאודורנט ספריי בניחוח אפרסק ולימון ללא אלומיניום,"פרמול איטליה, קומון",GB,דאב ספריי אפרסק ללא,מיליליטרים,150.00,"100 מ""ל",false,,16.90,0.1127,true,1,213156
8710448588733,false,רוטב לסלט שום ועשבי תיבול רמייה 500 גר,רמייה,NL,רוטב לסלט עשבי תיבול,גרמים,500.00,100 גרם,false,,13.90,0.0278,true,1,209102
8710448588740,false,רוטב חרדל דבש רמייה 500 גר,וואן האוטן,NL,רוטב חרדל ודבש רמיה,גרמים,500.00,100 גרם,false,,13.90,0.0278,true,1,205364
8710448595175,false,"רוטב מעושן 450 מ""ל BLACEJACK",רמייה,,רוטב ברביקיו מעושן 4,גרמים,450.00,100 גרם,false,,17.90,0.0398,true,1,201618
8710448595182,false,"רוטב ברביקיו מעושן דבש 500 מ""ל DALTON",רמייה,NL,רוטב ברביקיו מעושן ד,יחידה,0.00,יחידה,false,,17.90,0.0000,true,1,209104
8710448595199,false,"רוטב הוט צילי מעושן 450 מ""ל BOSS",רמייה,NL,רוטב צ'ילי חריף מעוש,גרמים,450.00,100 גרם,false,,14.90,0.0331,true,1,201619
8710448638162,false,מיונז גאודס הולנדי,,,"מיונז 750 מ""ל",מיליליטרים,750.00,"100 מ""ל",false,,21.90,0.0292,true,1,266387
8710496976940,false,פצפוצי שוקולד מריר 400גר,דה רוטר,NL,פיצפוצי שוקולד מריר,גרמים,400.00,100 גרם,false,,21.00,0.0525,true,1,186636
8710502064814,false,עוגיות מרבה שוקולד ציפס במרקם רך 175 גר,בנקטבקריי מרבה בי.וי,NL,עוגיות שוקולד צ'יפס,גרמים,175.00,100 גרם,false,,8.90,0.0509,true,1,186482
8710502139017,false,עוגיות מרבה טריפל שוקולד שוקוצ'יפס 180ג',בנקטבקריי מרבה בי.וי,NL,עוגיות טריפל שוקולד,גרמים,180.00,100 גרם,false,,8.90,0.0494,true,1,126981
8710502194801,false,"עוגיות שוקלד ציפס רכה פירות יער ""מרבה"" 175 גרם",בנקטבקריי מרבה בי.וי,NL,מרבה עוגיות שוקולד צ,יחידה,0.00,יחידה,false,,8.90,0.0000,true,1,193268
8710502194825,false,מרבה - עוגיות שוקוצ'יפס כשר למהדרין 150 גרם,מרבה הולנד,NL,עוגיות מרבה שוקולד צ,גרמים,150.00,100 גרם,false,,5.90,0.0393,true,1,199956
8710502231018,false,מרבה מיני עוגיות שוקולד צ'יפס 175 גרם,"מרבה בע""\מ",NL,מרבה עוגיות שוקולד צ,מיליליטרים,175.00,"100 מ""ל",false,,10.90,0.0623,true,1,216531
8710502279010,false,מרבה עוגיות שוקולד צ'יפס מצופות שוקולד 175 גרם,"י.מרבה ישראל בע""מ",NL,מרבה עוגיות שוקולד צ,גרמים,175.00,100 גרם,false,,8.90,0.0509,true,1,215757
8710502405204,false,עוגיות שוקולד צ'יפס עם קרם שוקולד מרבה 175 גרם,קריניציה ויטמינה אס,NL,עוגיות שוקולד צ'יפס,יחידה,0.00,יחידה,false,,8.90,0.0000,true,1,137065
8710502470028,false,עוגיות שוקולד צ'יפס ממולאות בקרם נוגט,"מרבה בע""\מ",NL,עוגיות נוגטלי שוקולד,גרמים,160.00,100 גרם,false,,8.90,0.0556,true,1,126776
8710502470035,false,מרבה פטיסרי עוגיות נוגטלי אגוזים 200 גרם,"י. מרבה ישראל בע""\מ",NL,מרבה פטיסרי-עוגיות נ,גרמים,200.00,100 גרם,false,,9.90,0.0495,true,1,264807
8710800027573,false,סוכריות מיני בטעם פירות מנטוס 178 גרם,פרפטי ואן מלה ברדה,NL,מיני מנטוס,גרמים,178.00,100 גרם,false,,12.50,0.0702,true,1,102253
8710800961310,false,סוכריות בטעם תות מנטוס 4*375 גרם,פרפטי ואן מלה ברדה,NL,מנטוס רביעיה,גרמים,150.00,100 גרם,false,,10.90,0.0727,false,1,102254
8710860115197,false,שימורים לגור כלב רוק,,,שימורים לגור כלב רוק,גרמים,410.00,100 גרם,false,,4.50,0.0110,true,1,262636
8710860115203,false,שימורים לגור חתול רו,,,שימורים לגור חתול רו,גרמים,410.00,100 גרם,false,,4.50,0.0110,true,1,262637
8710908326691,false,"תחליב רחצה פרח האדמונית דאב 750 מ""ל",יוניליוור גרמניה (בו,DE,תחליב רחצה דאב אדמונ,מיליליטרים,750.00,"100 מ""ל",false,,17.90,0.0239,false,1,192593
8710908404184,false,"דאב - דאודורנט ספריי לאישה אורגינל 0% אלומיניום 150 מ""ל","פרמול איטליה, קומון",GB,דאב ספריי אורגינל 0%,מיליליטרים,150.00,"100 מ""ל",false,,16.90,0.1127,true,1,213157
8711000362570,false,קפסולות קפה תואמות נספרסו פורזה 9 ל'אור 10 יחידות,מאיר בייגל,FR,קפסולות קפה לור 9,גרמים,52.00,100 גרם,false,,16.90,0.3250,true,1,204064
8711000362617,false,לור קפסולות קפה אספרסו לונגו פרופונדו 8,ג'\קובס דאו אגברטס צרפת,FR,קפסולות קפה לור 8,גרמים,52.00,100 גרם,false,,16.90,0.3250,true,1,204065
8711000362631,false,קפסולות קפה תואמות נספרסו אוניקס 12 ל'אור 10 יחידות,גיקובס דאו אגברטס צרפת,FR,קפסולות קפה לור 12,גרמים,52.00,100 גרם,false,,16.90,0.3250,true,1,204066
8711000362655,false,לור קפסולות קפה אספרסו אבסולו 9,"ג'\ייקובס דאו אגרבטס, צר",FR,לור קפסולות אספרסו א,יחידה,0.00,יחידה,false,,16.90,0.0000,true,1,211584
8711000362679,false,קפסולות קפה תואמות נספרסו קולומביה 8 ל'אור 10 יחידות,ג'\ייקובס דאו אגרבטס צרפ,FR,קפסולות קפה לור קולו,גרמים,52.00,100 גרם,false,,16.90,0.3250,true,1,208103
8711000362747,false,קפסולות קפה תואמות נספרסו ריסטרטו 11 ל'אור 10 יחידות,גיקובס דאו אגברטס צרפת,FR,קפסולות קפה לור 11,גרמים,52.00,100 גרם,false,,16.90,0.3250,true,1,204067
8711000371176,false,ג'ייקובס קפסולות קפה אספרסו קלאסיקו עוצמה 7,ג'ייקובס דאו אגברטס צרפת,FR,ג'ייקובס קפסולות קפה,גרמים,52.00,100 גרם,false,,14.90,0.2865,true,1,204940
8711000371183,false,ג'ייקובס קפסולות קפה אספרסו אינטסו עוצמה 10,ג'ייקובס דאו אגברטס צרפת,FR,ג'ייקובס קפסולות קפה,גרמים,52.00,100 גרם,false,,14.90,0.2865,true,1,204941
8711000371206,false,ג'ייקובס קפסולות קפה אספרסו ריסטרטו עוצמה 12,ג'ייקובס דאו אגברטס צרפת,FR,ג'ייקובס קפסולות קפה,גרמים,52.00,100 גרם,false,,14.90,0.2865,true,1,204942
8711000371244,false,"ג'ייקובס קפסולות אספרסו (8) 10 יח', 52ג' לונגו",ג'\ייקובס דאו אגברטס,FR,ג'ייקובס קפסולות אספ,גרמים,52.00,100 גרם,false,,14.90,0.2865,true,1,211505
8711000397466,false,לור קפסולות אספרסו נטול ריסטרטו 52ג',ג'ייקובס דאו אגברטס צרפת,FR,קפסולות קפה לור נטו,גרמים,52.00,100 גרם,false,,16.90,0.3250,true,1,262844
8711000431108,false,לור קפסולות קפה אספרסו הודו 52 גר,"ג'\ייקובס דאו אגרבטס, צר",FR,קפסולות קפה לור הודו,גרמים,52.00,100 גרם,false,,16.90,0.3250,true,1,208105
8711000471296,false,קפסולות קפה תואמות נספרסו אולטימו 13 ל'אור 10 יחידות,ג'\ייקובס דאו אגרבטס צרפ,FR,לור קפסולות אספרסו א,גרמים,52.00,100 גרם,false,,16.90,0.3250,true,1,211287
8711000472040,false,קפסולות קפה אספרסו סלקשיין גייקובס 52 גר,ג'ייקובס Jacobs,FR,ג'יקובס קפסולות בית,גרמים,52.00,100 גרם,false,,14.90,0.2865,true,1,219548
8711000495933,false,ג'ייקובס בריסטה קפסולות קלייה כהה 10,JDE,FR,ג'ייקובס בריסטה קפסו,יחידה,0.00,יחידה,false,,18.90,0.0000,true,1,265666
8711000497050,false,ג'ייקובס בריסטה קפסולות קולומביה 9,JDE,FR,ג'ייקובס בריסטה קפסו,יחידה,0.00,יחידה,false,,18.90,0.0000,true,1,265667
8711200425990,false,חמאת בוטנים חלקה 350 גר Calve,יוניקורן פיקלס,NL,חמאת בוטנים חלקה CAL,גרמים,350.00,100 גרם,false,,16.50,0.0471,true,1,208877
8711200426034,false,חמאת בוטנים קראנצי 350 גר Calve,יוניקורן פיקלס,NL,חמאת בוטנים קראנצ'י,גרמים,350.00,100 גרם,false,,16.50,0.0471,true,1,209067
8711200443789,false,"חרדל דיז'ון גרגירים בבקבוק לחיץ סיימן 235 מ""ל",מיילי,FR,חרדל גרגרים 235 גר ל,גרמים,235.00,100 גרם,false,,14.90,0.0634,true,1,206390
8711200443802,false,"חרדל דיזון בבקבוק לחיץ 235 מ""ל",מיילי,FR,חרדל דיז'ון 235 גר ל,גרמים,235.00,100 גרם,false,,14.90,0.0634,true,1,206321
8711281013345,false,חרדל הולנדי מקורי גרגירים 335 גרם,מוסטאד מולן דה האוסמ,NL,חרדל הולנדי גרגרים,גרמים,335.00,100 גרם,false,,10.90,0.0325,true,1,199339
8711281023344,false,חרדל הולנדי מקורי חלק קרמי 335 גרם,מוסטאד מולן דה האוסמ,NL,חרדל הולנדי חלק,גרמים,335.00,100 גרם,false,,10.90,0.0325,true,1,199340
8711327475663,false,"מגנום פיינט וניל שוקולד לבן 440 מ""ל","מפעל גלידות בווספרם, רחו",HU,גלידת מגנום וניל שוק,גרמים,260.00,100 גרם,false,,21.90,0.0842,true,1,215961
8711327475762,false,מגנום פיינט שוקולד לבן עוגיות 260 גרם,"מפעל גלידות בווספרם, רחו",HU,גלידת מגנום שוקולד ל,גרמים,260.00,100 גרם,false,,21.90,0.0842,true,1,215964
8711351010090,false,גלידה סורבה לימונענע,,,גלידה רפאלו סורבה לי,מיליליטרים,750.00,"100 מ""ל",false,,21.90,0.0292,true,1,104301
8711351010120,false,גלידה רפאלו סורבה אנ,,,גלידה רפאלו סורבה אנ,מיליליטרים,750.00,"100 מ""ל",false,,21.90,0.0292,true,1,104303
8711351010137,false,"גלידה סורבה מנגו 750 מ""ל",יעקב בן יקר ובניו.,,גלידה רפאלו סורבה מנ,מיליליטרים,750.00,"100 מ""ל",false,,21.90,0.0292,true,1,104304
8711351010151,false,גלידה סורבה וניל חלב,,,גלידה איטלקית אש,יחידה,500.00,יחידה,false,,21.90,0.0438,true,1,104305
8711351010182,false,גלידה סורבה פסיפלורה,יעקב בן יקר ובניו.,,גלידה רפאלו סורבה פס,מיליליטרים,750.00,"100 מ""ל",false,,21.90,0.0292,true,1,104306
8711351010199,false,גלידה רפאלו סורבה פי,יעקב בן יקר ובניו.,,גלידה רפאלו סורבה פי,מיליליטרים,750.00,"100 מ""ל",false,,21.90,0.0292,true,1,104307
8711351010205,false,גלידה רפאלו סורבה תו,,,גלידה רפאלו סורבה תו,מיליליטרים,750.00,"100 מ""ל",false,,21.90,0.0292,true,1,104308
8711700665834,false,סבון מוצק ניחוח מלפפון תה ירוק דאב 600 גרם מארז 6 יחידות,יוניליוור גרמניה (בו,DE,סבון דאב מוצק שישייה,גרמים,0.00,גרם,false,,17.90,0.0000,true,1,137780
8712000051099,false,"שישיית בירה היינקן 0% אלכוהל בקבוק 330 מ""ל","מבשלת היינקן, ריטבלדנברג",NL,הייניקן 0% שישייה 33,מיליליטרים,1980.00,"100 מ""ל",false,,32.00,0.0162,false,1,205021
8712100441639,false,חומץ בלסמי ממודנה,,,חומץ בלסמי ממודנה,מיליליטרים,500.00,"100 מ""ל",false,,33.90,0.0678,true,1,265468
8712100739231,false,תה פיגי 40שקיקים פרמ,,GB,PG תה שחור פירמידה,גרמים,116.00,100 גרם,false,,17.90,0.1543,true,1,189903
8712400802499,false,תרכובת מזון המשך לפעוטות על בסיס חלב שלב 1,נוטרישיה קאלק ב. ו.,NL,נוטרילון 1- 800גר,גרמים,800.00,100 גרם,false,,64.90,0.0811,false,1,135453
8712400802512,false,תרכובת מזון המשך לפעוטות על בסיס חלב שלב 2,נוטרישיה קאלק ב. ו.,NL,נוטרילון 2- 800גר,גרמים,800.00,100 גרם,false,,64.90,0.0811,false,1,135455
8712400802536,false,תרכובת מזון המשך לפעוטות על בסיס חלב שלב 3,נוטרישיה קאלק ב. ו.,NL,נוטרילון 3- 800גר,גרמים,800.00,100 גרם,false,,64.90,0.0811,false,1,135457
8712561594608,false,"דאב תחליב רחיצה להזנה עמוקה 750 מ""ל","יוניליוור גרמניה, Gmbh &",DE,תחליב רחצה דאב 750,מיליליטרים,750.00,"100 מ""ל",false,,17.90,0.0239,false,1,186818
8712561611411,false,"תחליב רחצה בניחוח מלפפון ותה ירוק דאב 750 מ""ל","יוניליוור גרמניה, Gmbh &",DE,תחליב רחצה דאב 750 מ,מיליליטרים,750.00,"100 מ""ל",false,,17.90,0.0239,false,1,187024
8712561626286,false,"תחליב רחצה דאב זוהר כמשי 750 מ""ל",יוניליוור גרמניה (בו,DE,תחליב רחצה דאב 750 מ,מיליליטרים,750.00,"100 מ""ל",false,,17.90,0.0239,false,1,187473
8714599410530,false,גייקובס קרונינג שקית רפיל 200 גרם,ג'יי.די.אי.,UA,ג'קובס שקית 200 גר,גרמים,200.00,100 גרם,false,,19.90,0.0995,false,1,200629
8714599412336,false,קפה נמס בריסטה אמריקנו קלוי וטחון 160 ג' ג'ייקובס,ג'\ייקובס דאו אגברטס רוס,RU,ג'ייקובס בריסטה אמרי,גרמים,160.00,100 גרם,false,,22.90,0.1431,false,1,219556
8714599513781,false,"קפה נמס מיובש בהקפאה זהב צנצנת ג'ייקובס 200 גרם לל""ס",אל.אל. סי ג''יקובס דאו א,RU,קפה נמס ג'יקובס גולד,גרמים,200.00,100 גרם,false,,24.90,0.1245,false,1,190514
8714599513835,false,גי'קובס קרונונג נייט אנד דיי - נטול קופיאין,ג'ייקובס Jacobs,DE,ג'יקובס נטול קופאין,גרמים,200.00,100 גרם,false,,32.90,0.1645,false,1,193267
8714599513866,false,"קפה נמס מיובש בהקפאה קרונג צנצנת ג'ייקובס 200 גרם לל""ס",אל.אל.סי גייקובס דאו,RU,ג'קובס קרוננג מיובש,גרמים,200.00,100 גרם,false,,24.90,0.1245,false,1,190909
8714789177229,false,רבעיית מברשות שיניים קולגייט אקסטרה קלין 1 יחידה,הנסיך- מפעל לייצור ט,CN,רביעיה מברשות שיניים,יח',4.00,יח',false,,9.90,2.4750,true,1,96707
8714789218465,false,מברשת שיניים 360 סופט קולגייט 2 יחידות,הנסיך- מפעל לייצור ט,CN,זוג קולגייט 360 סופט,יחידה,0.00,יחידה,false,,24.90,0.0000,true,1,96712
8714789303925,false,מברשת שיניים 360 סנסטיב רכה במיוחד קולגייט 2 יחידות,קולגייט- פלמוליב,CH,מברשת שיניים קולגייט,יחידה,0.00,יחידה,false,,24.90,0.0000,true,1,116922
8714789402918,false,נוזל לניקוי כללי ורצפות בניחוח פרחי בר אג'קס 1.5 ליטר,הנסיך- מפעל לייצור ט,GR,אג'קס חגיגת פרחים 1.,ליטרים,1.50,ליטר,false,,19.90,13.2667,true,1,118045
8714789402932,false,נוזל לניקוי כללי ורצפות בניחוח ורדי בוקר אג'קס 1.5 ליטר,הנסיך- מפעל לייצור ט,GR,אג'קס חגיגת פרחים ור,ליטרים,1.50,ליטר,false,,19.90,13.2667,true,1,118061
8714789402970,false,נוזל לניקוי כללי ורצפות בניחוח פרחי אביב אגק'ס 1.5 ליטר,הנסיך- מפעל לייצור ט,GR,אג'קס חגיגת פרחים 1.,ליטרים,1.50,ליטר,false,,19.90,13.2667,true,1,118047
8714789450315,false,פלמוליב נוזל כלים לימון 1.5 ליטר,הנסיך- מפעל לייצור ט,GR,פלמוליב שקוף לכלים 1,ליטרים,1.50,ליטר,false,,15.90,10.6000,false,1,151110
8714789529561,false,"משחת שיניים סנסטיב פרו ריליף להלבנה קולגייט 75 מ""ל",קולגייט-פלמוליב,BR,קולגייט סנסטיב פרו ר,מיליליטרים,75.00,"100 מ""ל",false,,19.90,0.2653,false,1,134315
8714789576688,false,"ספריי חלונות בניחוח פרחי אביב ניקוי ללא סימנים 500 מ""ל",קולגייט פלמוליב,GR,אג'קס לניקוי חלונות,מיליליטרים,500.00,"100 מ""ל",false,,12.90,0.0258,true,1,266674
8714789582764,false,"אג'קס ספריי חלונות פעולה משולשת 750מ""ל",קולגייט-פלמוליב,GR,אג'קס חלונות 750 מל,מיליליטרים,750.00,"100 מ""ל",false,,14.90,0.0199,true,1,148785
8714789740058,false,מברשת שיניים טוויסטר סופט קולגייט 2 יחידות,הנסיך- מפעל לייצור ט,CN,קולגייט מברשת טוויסט,יחידה,0.00,יחידה,false,,17.90,0.0000,true,1,139591
8714789797786,false,"פלמוליב נוזל לניקוי כלים גריז בלסטר 750 מ""ל",יבואן ומשווק: ש. שסט,GR,פלמוליב כלים שקוף 4,מיליליטרים,750.00,"100 מ""ל",false,,9.90,0.0132,false,1,139473
8714789831275,false,מברשת שיניים 360 אופטיק ווייט קולגייט 2 יחידות,קולגייט-פלמוליב,CN,קולגייט מברשת 360 או,יחידה,0.00,יחידה,false,,24.90,0.0000,true,1,140488
8714789834467,false,פלמוליב נוזל לניקוי כלים קלאסי 1.5 ליטר,קולגייט-פלמוליב,GR,פלמוליב כלים קלאסי 1,ליטרים,1.50,ליטר,false,,15.90,10.6000,true,1,142239
8714789835112,false,קולגייט מברשת360 אופטיק וייט סופט חשמלית,COLGATE PALMOLIVE,CN,קולגייט מברשת 360 או,יחידה,0.00,יחידה,false,,69.90,0.0000,true,1,143864
8714789930848,false,"משחת שיניים אופטיק וייט הלבנה מיידית קולגייט 75 מ""ל",הנסיך- מפעל לייצור ט,PL,קולגייט משחת אופטיק,מיליליטרים,75.00,"100 מ""ל",false,,16.90,0.2253,true,1,147949
8715035520301,false,פונזו רוטב יפני מסורתי מבוסס על רוטב סויה ולימון,קיקומן פודז יורופ בי,NL,קיקומן רוטב יפני מסו,מיליליטרים,250.00,"100 מ""ל",false,,18.90,0.0756,true,1,207270
8715700110141,false,מיונז קרמי היינץ צנצנת 460ג',ה.י.היינץ הולדינג בי.וי,NL,מיונז היינץ 460 גר,גרמים,460.00,100 גרם,false,,10.90,0.0237,false,1,200269
8715700110158,false,היינץ ממרח במרקם קרמי צנצנת 490 גרם,ה.י.היינץ הולדינג בי.וי,NL,מיונז לייט צנצנת הי,גרמים,490.00,100 גרם,false,,10.90,0.0222,false,1,200270
8715700115641,false,ממרח מיונז לחיץ לייט במרקם קרמי 420 ג' היינץ,"פודליצקי ספ.ז.או.או,.",PL,ממרח היינץ 420 גר,גרמים,420.00,100 גרם,false,,14.90,0.0355,true,1,199219
8715700117805,false,"קטשופ היינץ מתבל עגבניות ללא תוספת סוכר ומלח 425 מ""ל","ה.י היינץ הולדינג בי.וי,",NL,קטשופ היינץ ללא תוספ,מיליליטרים,400.00,"100 מ""ל",false,,9.90,0.0248,false,1,213244
8715700419732,false,מתבל עגבניות היינץ 700 גרם,ה.י. היינץ,NL,קטשופ היינץ 700 גר,גרמים,700.00,100 גרם,false,,10.90,0.0156,false,1,147719
8715700421322,false,היינץ רוטב ברביקיו צ'ילי 490 גרם,היינץ Heinz,NL,רוטב ברבקיו בטעם צ'י,גרמים,490.00,100 גרם,false,,15.90,0.0324,true,1,199418
8715700422473,false,ממרח לכריכים וסלטים ללא ח. משמרים היינץ 395 גרם,ה.י. היינץ,NL,ממרח היינץ 395 גר,גרמים,395.00,100 גרם,false,,14.90,0.0377,true,1,195138
8715700423906,false,היינץ מתבל עגבניות מופחת סוכר ומלח 50/50 550 גרם,היינץ צפון אמריקה מק,NL,מתבל עגבניות היינץ,גרמים,555.00,100 גרם,false,,9.90,0.0178,true,1,201226
8717163607305,false,דאב סבון מוצק גרגירים לעיסוי עדין *4,יוניליוור גרמניה (בו,DE,רביעיה דאב גרגרי,גרמים,400.00,100 גרם,false,,13.90,0.0348,false,1,101853
8717163630105,false,"שמפו טרזמה להחלקה וצביעה 400 מ""ל",יוניליוור,PL,טרזמה שמפו להחלקה וצ,מיליליטרים,400.00,"100 מ""ל",false,,19.90,0.0497,true,1,213843
8717163647196,false,אקס דאודורנט בודי ספריי אנרכי לאשה,יוניליוור אנגליה,GB,אקס ספריי גוף אנרכי,מיליליטרים,150.00,"100 מ""ל",false,,11.90,0.0793,false,1,207586
8717163647226,false,"אקס דאודורנט ספריי גוף בלאק 150 מ""ל",ארנסט. רחוב קומבינצק,GB,דאודורנט אקס ספריי ג,מיליליטרים,150.00,"100 מ""ל",false,,11.90,0.0793,false,1,207734
8717163647233,false,"אקס דאודורנט ספריי גוף בלאק נייט 150 מ""ל",ארנסט. רחוב קומבינצק,GB,אקס בלק נייט פרש,מיליליטרים,150.00,"100 מ""ל",false,,11.90,0.0793,false,1,207769
8717163647240,false,"אקס דאודורנט ספריי גוף לגבר שוקולד 150 מ""ל",יוניליוור גרמניה (בו,GB,דאודורנט אקס ספריי ג,מיליליטרים,150.00,"100 מ""ל",false,,11.90,0.0793,false,1,207587
8717163647257,false,"אקס דאודורנט ספריי גוף גולד 150 מ""ל",יוניליוור אנגליה,GB,אקס דאודורנט ספריי ג,מיליליטרים,150.00,"100 מ""ל",false,,11.90,0.0793,false,1,208932
8717163647264,false,"אקס דאודורנט ספריי גוף אייס צ'יל 150 מ""ל",ארנסט. רחוב קומבינצק,GB,אקס דאודורנט ספריי ג,מיליליטרים,150.00,"100 מ""ל",false,,11.90,0.0793,false,1,206323
8717163647301,false,אקס דאודורנט ספריי גולד לגבר 150 מל,יוניליוור אנגליה,GB,אקס ספריי אנטי פרספי,מיליליטרים,150.00,"100 מ""ל",false,,14.90,0.0993,false,1,210119
8717163648667,false,"אקס ג'ל רחצה לגבר אייס צ'יל 400 מ""ל",יוניליוור גרמניה (בו,GB,אקס ג'ל רחצה לגבר אי,מיליליטרים,400.00,"100 מ""ל",false,,15.00,0.0375,true,1,206326
8717163655764,false,"רקסונה - דאודורנט ספריי לאישה שוואר פרש 150 מ""ל","קוסטר אירוסול, גבזה 4140",GB,דאודורנט רקסונה ספרי,מיליליטרים,150.00,"100 מ""ל",false,,14.90,0.0993,true,1,209442
8717163655825,false,"רקסונה דאו' ספריי לנשים בניחוח כותנה, 150 מ""ל","קוסטר אירוסול, גבזה 4140",GB,דאודורנט רקסונה ספרי,מיליליטרים,150.00,"100 מ""ל",false,,14.90,0.0993,true,1,209443
8717163663493,false,"רקסונה - דאודורנט ספריי לגבר קובלט דריי 150 מ""ל","יוניליוור אנגליה, דרך קו",GB,דאודורנט רקסונה ספרי,מיליליטרים,150.00,"100 מ""ל",false,,14.90,0.0993,true,1,209446
8717163711668,false,רקסונה דאודורנט ספריי טלק*,יוניליוור,GB,רקסונה ספריי טלק 150,מיליליטרים,150.00,"100 מ""ל",false,,14.90,0.0993,true,1,210032
8717644390566,false,סבון מוצר רביעיה תמצית מלפפון ותה ירוק,יוניליוור גרמניה (בו,DE,סבון דאב מוצק ירוק ר,גרמים,400.00,100 גרם,false,,13.90,0.0348,false,1,117384
8717677336593,false,טוניס שוקולד חלב 180 גרם רבנות - נוכרי,טוניס/שוקולונלי,NL,טוניס שוקולד חלב,גרמים,180.00,100 גרם,false,,18.90,0.1050,true,1,262445
8717677336616,false,שוקולד מריר עם שקדים ומלח טוניס' שוקולונלי 180 גרם,טוניס/שוקולונלי,NL,טוניס שוקולד מריר עם,גרמים,180.00,100 גרם,false,,18.90,0.1050,true,1,262446
8717677336630,false,שוקולד חלב עם שקדים ודבש טוניס' שוקולונלי 180 גרם,טוניס/שוקולונלי,NL,טוניס שוקולד חלב עם,גרמים,180.00,100 גרם,false,,18.90,0.1050,true,1,262447
8717677336654,false,טוניס - שוקולד חלב מעולה עם שברי קרמל מלוח,טוניס/שוקולונלי,NL,טוניס שוקולד חלב עם,גרמים,180.00,100 גרם,false,,18.90,0.1050,true,1,265309
8717677336661,false,טוניס שוקולד מריר מעולה 70% 180 גרם רבנות - נוכרי,טוניס/שוקולונלי,NL,טוניס שוקולד מריר מע,גרמים,180.00,100 גרם,false,,18.90,0.1050,true,1,262448
8717677338436,false,שוקולד חלב עם אגוזי לוז טוניס' שוקולונלי 180 גרם,טוניס/שוקולונלי,NL,טוניס שוקולד חלב עם,גרמים,180.00,100 גרם,false,,18.90,0.1050,true,1,262449
8718114734484,false,מיונז מאילי 320 גר צ,יונילבר צרפת,FR,מיונז דיילי 320גר,גרמים,320.00,100 גרם,false,,12.90,0.0403,true,1,185678
8718692610835,false,שלישית בקבוקי סודה סטרים פיוז 1 ליטר,סודה סטרים,IL,שלישיית בקבוקי סודה,יחידה,0.00,יחידה,false,,59.90,0.0000,true,1,205087
8718951030169,false,"קולגייט סנסיטיב הלבנה המסייעת בהגנה לשיניים רגישות 75 מ""ל",קולגייט Colgate,PL,קולגייט סנסטיב+ הלבנ,מיליליטרים,75.00,"100 מ""ל",false,,14.90,0.1987,true,1,211599
8718951030206,false,"קולגייט סנסיטיב פרוטקשן משחת שיניים לשיניים רגישות 75 מ""ל",קולגייט-פלמוליב,PL,קולגייט סנסיטיב מולט,מיליליטרים,75.00,"100 מ""ל",false,,14.90,0.1987,true,1,211812
8718951031241,false,משחת שיניים אלמקס מנטרל חומצות סוכר 75 מל,CP-Poland swidnica,PL,אלמקס משחת שיניים למ,מיליליטרים,75.00,"100 מ""ל",false,,18.90,0.2520,true,1,266484
8718951048669,false,אג'קס ספריי לניקוי חלונות בניחוח חגיגת הפרחים,SAS-VA COLGATE-PALMOLIVE,FR,אג'קס ספריי לניקוי ח,100 מל,750.00,100 מל,false,,14.90,0.0199,true,1,262897
8718951079205,false,"קולגייט סנסיטיב פרו רליף רפיר אנד פריוונט 75 מ""ל",קולגייט-פלמוליב,PL,קולגייט סנסיטיב פרו,מיליליטרים,75.00,"100 מ""ל",false,,19.90,0.2653,true,1,199967
8718951137615,false,"אג'קס ג'ל לניקוי חלונות ללא סימנים 500 מ""ל",קולגייט פלמוליב,GR,ספריי חלונות ניקוי ל,מיליליטרים,500.00,"100 מ""ל",false,,12.90,0.0258,true,1,266677
8718951160897,false,ספריי אקונומיקה עוצמת ה7 טריגר אגקס 500מ,קולגייט-פלמוליב,GR,אג'קס עוצמת ה7 טריגר,מיליליטרים,500.00,"100 מ""ל",false,,14.90,0.0298,true,1,198105
8718951166288,false,"משחת שיניים קולגייט מקס וייט 125 מ""ל",הנסיך- מפעל לייצור ט,PL,קולגייט משחת מקס ויי,מיליליטרים,125.00,"100 מ""ל",false,,15.90,0.1272,true,1,204560
8718951166561,false,משחת שיניים לרעננות מוגברת max fresh cooling crystals,הנסיך- מפעל לייצור ט,PL,קולגייט משחת מקס פרש,מיליליטרים,125.00,"100 מ""ל",false,,15.90,0.1272,true,1,204561
8718951167094,false,נוזל כלים פלמוליב צילינדר תפוז וליים 1 ל,יבואן ומשווק: ש. שסט,GR,פלמוליב צילינדר תפוז,ליטרים,1.00,ליטר,false,,13.90,13.9000,false,1,200433
8718951170445,false,"קולגייט סמיילס משחת שיניים ילדים גילאי 2-5 50 מ""ל",COLGATE ($) -PALMOLI,PL,קולגייט סמיילס משחת,מיליליטרים,50.00,"100 מ""ל",false,,10.90,0.2180,true,1,202998
8718951175280,false,"קולגייט טוטאל משחת שיניים פרו ויזבל אקשן עם קצף פעיל 75 מ""ל",קולגייט Colgate,PL,קולגייט טוטאל פרו וי,יחידה,0.00,יחידה,false,,16.90,0.0000,true,1,207542
8718951175631,false,מש.שיניים קולגייט טוטל פרו גאם אקשן 75מל,קולגייט Colgate,PL,קולגייט טוטאל פרו גא,מיליליטרים,75.00,"100 מ""ל",false,,16.90,0.2253,true,1,206471
8718951176874,false,קולגייט שטיפת פה לילדים מיניונים 250 מל,קולגייט-פלמוליב,PL,קולגייט מי פה מיניון,מיליליטרים,250.00,"100 מ""ל",false,,14.90,0.0596,true,1,219330
8718951187115,false,זוג מברשות שיניים אלמקס לילדים גילאי 3-6,GABA TRISA SWIZ,CN,אלמקס מברשת שיניים י,יחידה,0.00,יחידה,false,,24.90,0.0000,true,1,203386
8718951187122,false,זוג מברשות שיניים אלמקס לילדים גילאי 0-3,GABA TRISA SWIZ,CN,אלמקס מברשת שיניים י,יחידה,0.00,יחידה,false,,24.90,0.0000,true,1,203387
8718951222779,false,"מרידול פור משחה לשיניים וחניכיים בריאות 75 מ""ל",קולגייט פלמוליב,PL,מרידול פור משחת שיני,מיליליטרים,75.00,"100 מ""ל",false,,24.90,0.3320,true,1,209761
8718951236790,false,"קולגייט טוטאל משחת שיניים קלין מינט לפה בריא 100 מ""ל",קולגייט פלמוליב,PL,קולגייט טוטל קלין מי,מיליליטרים,100.00,"100 מ""ל",false,,16.90,0.1690,true,1,206474
8718951236806,false,"קולגייט טוטאל הלבנה משחת שיניים המסייעת בהסרת כתמים 100 מ""ל",קולגייט Colgate,PL,קולגייט טוטל הלבנה מ,מיליליטרים,100.00,"100 מ""ל",false,,16.90,0.1690,true,1,206475
8718951236813,false,"קולגייט טוטאל משחת שיניים ניקוי מתקדם לפה בריא יותר 100 מ""ל",קולגייט פלמוליב,PL,קולגייט טוטאל אדוונס,מיליליטרים,100.00,"100 מ""ל",false,,16.90,0.1690,true,1,208421
8718951240742,false,"קולגייט טוטאל משחת שיניים פסים מרעננים 100 מ""ל",קולגייט פלמוליב,PL,קולגייט טוטל פסים מר,מיליליטרים,100.00,"100 מ""ל",false,,16.90,0.1690,true,1,206476
8718951259409,false,"פלמוליב תחליב רחצה נטורלס לעור עדין 750 מ""ל",קולגייט פלמוליב,IT,פלמוליב נטורלס תחליב,מיליליטרים,750.00,"100 מ""ל",false,,19.90,0.0265,true,1,265740
8718951264618,false,"קולגייט אופטיק וייט פחם צ'רקול משחת שיניים, 75 מ""ל",קולגייט-פלמוליב,PL,קולגייט אופטיק וייט,מיליליטרים,75.00,"100 מ""ל",false,,25.90,0.3453,true,1,213045
8718951286733,false,"קולגייט אופטיק וייט לסטינג וייט משחת שיניים 75 מ""ל",קולגייט Colgate,PL,קולגייט אופטיק וויט,מיליליטרים,75.00,"100 מ""ל",false,,25.90,0.3453,true,1,260538
8718951289833,false,רביעיית סבון מוצק פלמוליב לומינוס 90 גרם,קולגייט פלמוליב,TR,פלמוליב סבון מוצק לו,גרמים,360.00,100 גרם,false,,17.00,0.0472,true,1,210036
8718951290150,false,מי פה לחניכיים Gum Invigorate רעננות וטיהור החניכיים קולגייט 360ג',שסטוביץ,PL,מי פה לחניכיים קולגי,מיליליטרים,500.00,"100 מ""ל",false,,29.90,0.0598,true,1,266331
8718951313927,false,"סבון ידיים משאבה פלמוליב חימר טונוס 300 מ""ל",פלמוליב Palmolive,TR,פלמוליב סבון ידיים ח,מיליליטרים,300.00,"100 מ""ל",false,,10.90,0.0363,true,1,214454
8718951314023,false,פלמוליב נטורלס תחליב רחצה אפרסק 750 מל,קולגייט פלמוליב,TR,פלמוליב נטורלס תחליב,מיליליטרים,750.00,"100 מ""ל",false,,19.90,0.0265,true,1,264358
8718951319806,false,פלמוליב לגבר גל רחצה ושמפו מרענן 750 משא,פלמוליב Palmolive,TR,פלמוליב לגבר ג'ל רחצ,מיליליטרים,750.00,"100 מ""ל",false,,19.90,0.0265,true,1,211098
8718951320093,false,זוג מברשות 360 אדוונס וויט שיניים קולגייט,קולגייט-פלמוליב,CN,קולגייט זוג מברשות 3,יחידה,0.00,יחידה,false,,29.90,0.0000,true,1,213809
8718951329249,false,"דאורדורנט ליידי ספייד סטיק פירלס 150 מ""ל",קולגייט פלמוליב,RU,לסס 24/7 ספריי FEAR,מיליליטרים,150.00,"100 מ""ל",false,,14.90,0.0993,true,1,212278
8718951333048,false,"פלמוליב סבון לידיים למטבח, 300 מ""ל",הנסיך- מפעל לייצור ט,IT,פלמוליב סבון ידיים ל,מיליליטרים,300.00,"100 מ""ל",false,,10.90,0.0363,true,1,216969
8718951334069,false,"אג'קס טריגר שירותים 500 מ""ל",שסטוביץ,GR,אג'קס טריגר שירותים,מיליליטרים,500.00,"100 מ""ל",false,,14.90,0.0298,true,1,265302
8718951338128,false,"ליידי ספיד סטיק רול און שאוור פרש 50 מ""ל",קולגייט פלמוליב,IT,ליידי ספיד סטיק רול,מיליליטרים,50.00,"100 מ""ל",false,,14.90,0.2980,true,1,219345
8718951345119,false,נוזל לניקוי רצפות וכללי היביסקוס 2 ליטר,הנסיך- מפעל לייצור ט,GR,אג'קס ניקוי כללי היב,ליטרים,2.00,ליטר,false,,22.90,11.4500,true,1,215805
8718951350137,false,"פלמוליב תחליב רחצה מקדמיה וקקאו עם חמאת שיאה 750 מ""ל",קולגייט פלמוליב,IT,פלמוליב נטורלס תחליב,מיליליטרים,750.00,"100 מ""ל",false,,19.90,0.0265,true,1,265741
8718951354807,false,נוזל רצפות אגקס חגיגת הפרחים יסמין 1.5 ל,קולגייט פלמוליב,GR,אג'קס חגיגת הפרחים י,מיליליטרים,1500.00,"100 מ""ל",false,,19.90,0.0133,true,1,214897
8718951365865,false,קולגייט זוג מברשות עם סיבי פחם בצפיפות ג,קולגייט פלמוליב,PL,קולגייט מברשת עם סיב,יחידה,0.00,יחידה,false,,33.90,0.0000,true,1,219100
8718951366015,false,"קולגייט - משחת שיניים אופטיק וויט אקס קומפ 75 מ""ל",CP-Poland swidnica,PL,קולגייט משחת אופטיק,מיליליטרים,75.00,"100 מ""ל",false,,49.90,0.6653,true,1,265835
8718951381292,false,"משחת שיניים מקס דיטוקס פואם קולגייט 125 מ""ל",קולגייט Colgate,PL,קולגייט משחת מקס דיט,מיליליטרים,125.00,"100 מ""ל",false,,15.90,0.1272,true,1,216402
8718951382664,false,"פלמוליב ג'ל רחצה חימר ואקליפטוס 750 מ""ל",קולגייט פלמוליב,TR,פלמוליב ג'ל רחצה חימ,מיליליטרים,750.00,"100 מ""ל",false,,19.90,0.0265,true,1,214456
8718951382718,false,"פלמוליב ג'ל רחצה חימר התחדשות 750 מ""ל",קולגייט פלמוליב,TR,פלמוליב ג'ל רחצה חימ,מיליליטרים,750.00,"100 מ""ל",false,,19.90,0.0265,true,1,214457
8718951382787,false,"משחת שיניים אופטיק וויט חימר ומינרלים 75 מ""ל קולגייט",קולגייט Colgate,PL,קולגייט אופטיק וויט,מיליליטרים,75.00,"100 מ""ל",false,,25.90,0.3453,true,1,262105
8718951385290,false,נוזל לניקוי כללי ורצפות אג'קס 2 ליטר,קולגייט פלמוליב,GR,אג'קס ניקוי כללי עוצ,ליטרים,2.00,ליטר,false,,22.90,11.4500,true,1,216637
8718951391314,false,"מרסס אגקס טריגר אנטי בקטריאלי 500 מ""ל",קולגייט-פלמוליב,GR,אג'קס טריגר אנטי בקט,מיליליטרים,500.00,"100 מ""ל",false,,14.90,0.0298,true,1,217111
8718951400474,false,"תחליב רחצה קמליה ושקדים ללא משאבה750 מ""ל פלמולי",קולגייט פלמוליב,TR,פלמוליב תחליב רחצה ק,מיליליטרים,750.00,"100 מ""ל",false,,19.90,0.0265,true,1,264700
8718951400597,false,"תחליב רחצה קוקוס וחלב ללא משאבה750 מ""ל פלמוליב",קולגייט פלמוליב,TR,פלמוליב תחליב רחצה ק,מיליליטרים,750.00,"100 מ""ל",false,,19.90,0.0265,true,1,264673
8718951409798,false,זוג מברשות שיניים מקס וויט פחם קולגייט,הנסיך- מפעל לייצור ט,PL,קולגייט מברשת מקס וו,יחידה,0.00,יחידה,false,,23.90,0.0000,true,1,218371
8718951412378,false,משחת שיניים לחניכיים רגישות ולנשימה רעננה,קולגייט פלמוליב,PL,מרידול משחת שיניים נ,מיליליטרים,75.00,"100 מ""ל",false,,24.90,0.3320,true,1,264672
8718951415836,false,קולגייט מי פה פלאקס פחם לחיוך לבן 500 מל,קולגייט Colgate,PL,קולגייט מי פה פלאקס,מיליליטרים,500.00,"100 מ""ל",false,,29.90,0.0598,true,1,219113
8718951428522,false,"פלמוליב סבון רחצה לגבר 4 ב-1 המפ 750 מ""ל",שסטוביץ,TR,פלמוליב סבון רחצה לג,מיליליטרים,750.00,"100 מ""ל",false,,19.90,0.0265,true,1,261172
8718951431614,false,"סבון רחצה פלמוליב סו פירם מינרלים משאבה 750 מ""ל",קולגייט פלמוליב,TR,פלמוליב סבון רחצה סו,מיליליטרים,750.00,"100 מ""ל",false,,19.90,0.0265,true,1,260533
8718951433120,false,קולגייט טוטאל משחת שיניים לילדים לגילאי,קולגייט פלמוליב,PL,קולגייט טואל ג'וניור,מיליליטרים,50.00,"100 מ""ל",false,,15.90,0.3180,true,1,265064
8718951443358,false,"סבון ידיים פלמוליב מארז שלישייה 900 מ""ל",CP - Turkey+60,TR,פלמוליב סבון ידיים ה,מיליליטרים,900.00,"100 מ""ל",false,,24.90,0.0277,true,1,218514
8718951443372,false,פלמוליב סבון ידיים זיתים מארז שלישיה,,,פלמוליב סבון ידיים ז,מיליליטרים,900.00,"100 מ""ל",false,,24.90,0.0277,true,1,266162
8718951443396,false,"סבון ידיים חלב ודבש פלמוליב מארז 3*300 מ""ל",CP - Turkey+60,TR,פלמוליב סבון ידיים ח,מיליליטרים,900.00,"100 מ""ל",false,,24.90,0.0277,true,1,218515
8718951470538,false,קולגייט משחת שיניים מקס פרש ביטיוב 125*2 כשלפ,קולגייט פלמוליב,PL,קולגייט משחת שיניים,יחידה,0.00,יחידה,false,,29.90,0.0000,true,1,262923
8718951477384,false,"קולגייט משחת שיניים טוטאל ג'ל מתקדם פיור 75 מ""ל",קולגייט פלמוליב,PL,משחת שיניים קולגייט,מיליליטרים,75.00,"100 מ""ל",false,,19.90,0.2653,true,1,262332
8718951509627,false,"קולגייט אופטיק וייט לאוהבי קפה ותה משחת שיניים 75 מ""ל",קולגייט פלמוליב,PL,קולגייט אופטיק וויט,מיליליטרים,75.00,"100 מ""ל",false,,25.90,0.3453,true,1,263760
8719128110349,false,"סירופ פטל פירות יער סודה, 500 מ""ל",סודהסטרים sodastream,IL,סירופ פטל ופירות יער,מיליליטרים,500.00,"100 מ""ל",false,,21.90,0.0438,true,1,205099
8719128112633,false,בקבוקי הגזה סודה סטרים לילדים 0.5 ל*2,סודה סטרים,IL,זוג בקבוקי סודה סטרי,יחידה,0.00,יחידה,false,,39.90,0.0000,true,1,202576
8719128117232,false,"סירופ פפסי 440 מ""ל סודהסטרים",סודה סטרים,IL,סירופ פפסי סודה סטרי,מיליליטרים,440.00,"100 מ""ל",false,,21.90,0.0498,true,1,218052
8719128117249,false,"סירופ פפסי מקס 440 מ""ל סודהסטרים",סודה סטרים,IL,סירופ פפסי מקס 440 מ,מיליליטרים,440.00,"100 מ""ל",false,,21.90,0.0498,true,1,218053
8719128117294,false,"סירופ דייט סבן אפ 440 מ""ל סודהסטרים",סודה סטרים,IL,סירופ סבן אפ דיאט,מיליליטרים,440.00,"100 מ""ל",false,,21.90,0.0498,true,1,218056
8719200215092,false,ויובלוק ויולייף 250 גרם,אפפילד,DE,ויובלוק תחליף חמאה 2,גרמים,250.00,100 גרם,false,,12.90,0.0516,true,1,266585
8719200997998,false,מרגרינה למריחה בישול וטיגון 200 ג' בלו בנד,אתר חיפה מרגרינה - F,IL,בלובנד עם מלח 200 גר,גרמים,200.00,100 גרם,false,,4.50,0.0225,false,1,209786
8719200998001,false,מרגרינה לאפיה ובישול בלי מלח 200 ג' בלו בנד,יוניליוור ישראל מזון בע\,IL,בלובנד בלי מלח 200 ג,גרמים,200.00,100 גרם,false,,4.50,0.0225,false,1,209787
8719200998018,false,מחמאה מרגרינה בטעם חמאה בלובנד 200 גרם,"מיוצר ע""\י יוניליוור ישר",IL,מחמאה ב.בנד 200 גרם,גרמים,200.00,100 גרם,false,,4.60,0.0230,false,1,209812
8719200998032,false,"מרגרינה מזולה גלורי טעם חמאה 250גר 8 יחידות - כשל""פ","מיוצר ע""\י יוניליוור ישר",IL,מזולה גלורי טעם חמאה,גרמים,250.00,100 גרם,false,,9.90,0.0396,false,1,209803
8719200998049,false,"מרגרינה מזולה גלורי רגיל 250גר 8 יחידות -כשל""פ","מיוצר ע""\י יוניליוור ישר",IL,מזולה גלורי רגיל 250,גרמים,250.00,100 גרם,false,,9.50,0.0380,false,1,209802
8719200998094,false,"מרגרינה מזולה לאפיה ללא תוספת מלח 200גר - 40 יח' -כשל""פ","מיוצר ע""\י יוניליוור ישר",IL,מזולה לאפיה ללא מלח,גרמים,200.00,100 גרם,false,,6.50,0.0325,false,1,209810
8719200998100,false,מרגרינה מזולה לאפיה טעם חמאה 200גר - 40 יח',פארייפאבה אגרואינדוס,IL,מזולה לאפיה בטעם חמא,גרמים,200.00,100 גרם,false,,6.50,0.0325,false,1,209811
8720100012445,false,וופל טוסט בלגי 6 יח 250 גרם בקרסלנד,דה בנקט גרופ,NL,בקרסלנד-וופל טוסט בל,גרמים,250.00,100 גרם,false,,9.90,0.0396,false,1,113834
8720181043093,false,"דאו אקס ספריי גוף לגבר אפולו 150 מ""ל","יוניליוור אנגליה, דרך קו",GB,אקס דאודורנט ספריי 1,מיליליטרים,150.00,"100 מ""ל",false,,11.90,0.0793,false,1,265116
8720181045912,false,"אקס דאודורנט ספריי גוף אפריקה 150 מ""ל","יוניליוור אנגליה, דרך קו",GB,אקס דאודורנט ספריי א,מיליליטרים,150.00,"100 מ""ל",false,,11.90,0.0793,true,1,214747
8720181046605,false,דאב - דאודורנט ספריי לאישה אורגינל כחול 150מל,"יוניליוור אנגליה, דרך קו",TR,דאב דאודורנט ספריי א,מיליליטרים,150.00,"100 מ""ל",false,,16.90,0.1127,true,1,215727
8720182256362,false,שישית דאב סבון מוצק קלאסי 90 גרם,יוניליוור גרמניה (בו,DE,דאב סבון מוצק קלאסי,גרמים,540.00,100 גרם,false,,17.90,0.0331,true,1,266409
8721200060107,false,בקרסלנד-סטרופ וופל הולנדי 250 גרם,דה בנקט גרופ,NL,וופל הולנדי עם קרמל,גרמים,260.00,100 גרם,false,,10.90,0.0419,true,1,116391
8722700197508,false,גלייז חומץ בלסמי,,,גלייז חומץ בלסמי,מיליליטרים,250.00,"100 מ""ל",false,,31.90,0.1276,true,1,265469
8723400756552,false,מארז סוכריות מנטוס Mentos ריינבואו,פרפטי ואן מלה ברדה,NL,מנטוס ריינבואו רביעי,יחידה,0.00,יחידה,false,,10.90,0.0000,true,1,139186
8801055706440,false,מנות אישיות קפה נמס טייסטרס צ'ויס Taster's Choice,נסטלה קוריאה - קפה,KR,טייסטר צ'ויס טו גו 2,גרמים,36.00,100 גרם,false,,11.50,0.3194,true,1,123517
8801055707966,false,קפה טייסטר צו'יס נס קפה בריסטה 180ג',נסטלה קוריאה - קפה,KR,טסטר צו'יס בריסטה 18,גרמים,180.00,100 גרם,false,,31.90,0.1772,false,1,192458
8801055709458,false,אבקה להכנת משקה קפה בטעם קפוצ'ינו קרמל,נסטלה קוריאה - קפה,IL,נסקפה קפוצ'ינו בטעם,גרמים,170.00,100 גרם,false,,19.00,0.1118,true,1,262568
8801055709465,false,אבקה להכנת משקה קפה בטעם קפוצ'ינו וניל,נסטלה קוריאה - קפה,KR,נסקפה קפוצ'ינו בטעם,גרמים,185.00,100 גרם,false,,19.00,0.1027,true,1,262569
8801055709472,false,נסטלה - נסקפה קפוצ'ינו קלאסי 12.50 גרם * 10,נסטלה קוריאה - קפה,KR,נסקפה קפוצ'ינו קלאסי,גרמים,125.00,100 גרם,false,,19.00,0.1520,true,1,262570
8801055709489,false,אבקה להכנת משקה קפה בטעם קפוצ'ינו אגוזים,נסטלה קוריאה - קפה,IL,נסקפה קפוצ'ינו בטעם,גרמים,180.00,100 גרם,false,,19.00,0.1056,true,1,262571
8801085020301,false,אטריות נאמה אודון 200 גרם,Alpha international,,אטריות אודון,גרמים,200.00,100 גרם,false,,9.90,0.0495,true,1,150654
8802241131664,false,חטיף אצות קלויות עם מלח ים Laverland Crunch,טעמי אסיה Taste of Asia,KR,חטיף אצות ים קלויות,גרמים,40.50,100 גרם,false,,22.90,0.5654,true,1,198483
8802241131671,false,חטיף אצות בטעם ווסאבי 4.5/9gr,"מאן-גון פוד בע""מ",KR,חטיף אצות בטעם ווסאב,יחידה,0.00,יחידה,false,,23.90,0.0000,true,1,209776
8809168840471,false,חטיף אצות מיובשות 9*4.5 גרם,ג'י וואן גלובול נאט,KR,חטיף אצה מארז 9 יח',גרמים,40.00,100 גרם,false,,25.90,0.6475,true,1,264812
8850100004833,false,אטריות אורז דקות 1 מ,תאי פריסרבר,,אטריות אורז דקות,יחידה,500.00,יחידה,false,,10.90,0.0218,true,1,215005
8850100004840,false,אטריות אורז חום 500 גרם,תאי פריסרבר,,אטריות אורז חום,גרמים,500.00,100 גרם,false,,12.50,0.0250,true,1,137230
8850122103040,false,אטריות שעועית דאבל ק,,,אטריות שעועית דאבל ק,גרמים,200.00,100 גרם,false,,7.90,0.0395,true,1,264751
8850122103347,false,מארז סיבי שעועית דאב,,TH,מארז סיבי שעועית דאב,גרמים,400.00,100 גרם,false,,18.90,0.0472,true,1,264754
8850161161247,false,קוקו מקס 100% מי קוקוס 1 ליטר,טויו סייקאן קו.אל.טי.די,TH,מי קוקוס קוקו מקס 1,ליטרים,1.00,ליטר,false,,16.90,16.9000,true,1,207605
8850161166204,false,"קרם קוקוס 17-19% 500 מ""ל - AMPAWA",אמפווה קוקונט פרודקט,TH,"קרם קוקוס 500 מ""ל",מיליליטרים,500.00,"100 מ""ל",false,,10.90,0.0218,true,1,207075
8850161167089,false,קוקו וואי משקה קוקוס 1 ליטר,טויו טייקאן קו.אל.טי.די,TH,חלב קוקוס קוקו וואי,ליטרים,1.00,ליטר,false,,15.90,15.9000,true,1,207606
8850367992164,false,קרם קוקוס 250 מל 20-22% ללא חומר משמר,טאפאדונגפורן קוקנט,TH,קרם קוקוס ללא גלוטן,מיליליטרים,250.00,"100 מ""ל",false,,8.50,0.0340,true,1,193055
8850367992171,false,קרם קוקוס 1 ליטר 20-22% ללא חומר משמר,טאפאדונגפורן קוקינט,TH,קרם קוקוס ללא גלוטן,ליטרים,1.00,ליטר,false,,21.90,21.9000,true,1,150791
8850367992997,false,"קרם קוקוס ללא גלוטן וחומרי משמר 250 מ""ל",,,חלב קוקוס ללא גלוטן,גרמים,250.00,100 גרם,false,,7.50,0.0300,true,1,198823
8850372000380,false,מקלוני שעועית תאילנדים 10 יח',סיטינאן,,מקלוני שעועית,יחידה,400.00,יחידה,false,,18.90,0.0472,true,1,143507
8850372000472,false,מקלוני שעועית תאילנד,טעמי אסיה Taste of Asia,TH,מקלוני שעועית,גרמים,200.00,100 גרם,false,,8.90,0.0445,true,1,112664
8850389103159,false,"משקה ליצ'י עם חתיכות גלי קוקוס 320 מ""ל מוגו מוגו",סאפה פובליק קומפני לימיט,TH,מוגו מוגו ליצ'י עם ח,מיליליטרים,320.00,"100 מ""ל",false,,6.90,0.0216,true,1,262623
8850389105825,false,משקה אלוורה בטעם ענבים סאפה 1 ליטר,סאפה פובליק קומפני לימיט,TH,סאפה אלוורה ענבים 1,ליטרים,1.00,ליטר,false,,12.90,12.9000,true,1,127506
8850389105832,false,סאפה משקה אלוורה בטעם תפוח עם קוביות אלוורה 1 ליטר,סאפה פובליק קומפני לימיט,TH,סאפה אלוורה תפוח 1 ל,ליטרים,1.00,ליטר,false,,12.90,12.9000,true,1,127507
8850389105849,false,סאפה משקה אלוורה מופחת קלוריות בטעם אפרסק 1 ליטר,סאפה פובליק קומפני לימיט,TH,סאפה אלוורה אפרסק 1,ליטרים,1.00,ליטר,false,,12.90,12.9000,true,1,127508
8850389115336,false,משקה אלוורה בטעם מלון סאפה 1 ליטר,סאפה פובליק קומפני לימיט,TH,סאפה מלון בקבוק ליטר,ליטרים,1.00,ליטר,false,,12.50,12.5000,true,1,201788
8850632604259,false,"יוגטה, חיספוסים, ממתק חמוץ בצורת מקלות בטעם תות שדה,50 גרם",ג'נרל קנדי בעמ,TH,יוגטה מקלות תות,גרמים,50.00,100 גרם,false,,4.50,0.0900,true,1,123004
8850632604266,false,"יוגטה, ממתק חמוץ בצורת מקלות בטעם קולה, 50 גרם",ג'נרל קנדי בעמ,TH,יוגטה מקלות קולה,גרמים,50.00,100 גרם,false,,4.50,0.0900,true,1,122948
8850632604372,false,"יוגטה, חיספוסים בצורת שטיח בטעם תות שדה 50 גרם",ג'נרל קנדי בעמ,TH,יוגטה שטיח תות,גרמים,50.00,100 גרם,false,,4.50,0.0900,true,1,122952
8850632604402,false,יוגטה חיספוסים בטעם מעורב תות שדה אבטיח ענבים בננה 50 גרם,"ג'נרל קנדי בע""מ",TH,יוגטה טעם מעורב בצור,גרמים,50.00,100 גרם,false,,4.50,0.0900,true,1,123050
8850632605201,false,"יוגטה, חיספוסים, ממתק חמוץ בצורת שטיח, בטעם מעורב- תות בננה, תפוח, תפוז, 50 גרם",הדקלאים אגודת שיתופי,TR,יוגטה חיספוסים בצורת,גרמים,50.00,100 גרם,false,,4.50,0.0900,true,1,127234
8850632606390,false,"יוגטה, חיספוסים, ממתק חמוץ בצורת שטיח בטעם אבטיח, 50 גרם",ג'נרל קנדי בעמ,TH,יוגטה שטיח אבטיח,גרמים,50.00,100 גרם,false,,4.50,0.0900,true,1,142782
8850854002239,false,רוטב סויה מתוק 700 מ,,,רוטב סויה מתוק 700 מ,מיליליטרים,700.00,"100 מ""ל",false,,14.90,0.0213,true,1,214418
8851613101378,false,"נוזל קוקוס ארוי די 250 מ""ל",תאי אגרי פוד פובליק קו'\,TH,"נוזל קוקוס 250 מ""ל",מיליליטרים,250.00,"100 מ""ל",false,,11.50,0.0460,true,1,202989
8851613101385,false,"חלב קוקוס ארוי-די קרטון 500מ""ל",תאי אגרי פוד פובליק קו'\,TH,"חלב קוקוס 500 מ""ל",מיליליטרים,500.00,"100 מ""ל",false,,12.90,0.0258,true,1,139517
8851613101392,false,נוזלי אגוז קוקוס 1ליטר,רנדי,,חלב קוקוס 1 ליטר,ליטרים,1.00,ליטר,false,,19.90,19.9000,true,1,211132
8852633119039,false,"רוטב דגים 300 מ""ל-כשר",טעמי אסיה Taste of Asia,,"רוטב דגים 300 מ""ל",מיליליטרים,300.00,"100 מ""ל",false,,8.90,0.0297,true,1,191581
8852633119077,false,רוטב דגים ירוק טעמי,,,רוטב דגים סקוויד 750,מיליליטרים,750.00,"100 מ""ל",false,,12.90,0.0172,true,1,191582
8853662057019,false,"רוטב סריראצ'ה צ'ילי צהוב חריף 455 מ""ל",EXOTIC FOOD PCL,,רוטב סריראצ'ה צ'ילי,מיליליטרים,455.00,"100 מ""ל",false,,22.90,0.0503,true,1,203969
8858271002870,false,רוטב פאד תאי 250 מ'ל - מקסצ'אפ,"ייאן וואל יון בע""מ",TH,רוטב פאד תאי 250מל,מיליליטרים,250.00,"100 מ""ל",false,,12.90,0.0516,true,1,151833
8858271002887,false,רוטב טריאקי 250 מ'ל - מקסצ'אפ,דאנינג יוה פודס קו,TH,MAXCHAP- רוטב טרייאק,מיליליטרים,250.00,"100 מ""ל",false,,13.90,0.0556,true,1,193073
8858271003075,false,"רוטב סויה מתוקה מקסצ'אפ 700 מ""ל",דאנינג יוה פודס קו,TH,רוטב סויה מתוקה 700,מיליליטרים,700.00,"100 מ""ל",false,,19.90,0.0284,true,1,193059
8858271003921,false,רוטב קארי אדום 250 מ'ל - מקסצ'אפ,יאן וואל יאן,TH,MAXCHAP- רוטב קארי א,מיליליטרים,250.00,"100 מ""ל",false,,12.90,0.0516,true,1,193061
8858271003938,false,רוטב קארי ירוק 250 מ'ל - מקסצ'אפ,"ייאן וואל יון בע""מ",TH,MAXCHAP- רוטב קארי י,מיליליטרים,250.00,"100 מ""ל",false,,12.90,0.0516,true,1,193062
8858271003945,false,"רוטב קארי צהוב 250 מ""ל מקסצאפ",Yan Wal Yun Corpora,TH,מקסצאפ - רוטב קארי צ,מיליליטרים,250.00,"100 מ""ל",false,,12.90,0.0516,true,1,215700
8858744800019,false,מחית קארי ירוק 550 גרם כשר,קנוקוואן פוד פרודקטס,TH,מחית קארי ירוק,גרמים,50.00,100 גרם,false,,5.00,0.1000,true,1,148757
8858744800057,false,ממרח טום יאם 30 גר,קנוקוואן פוד פרודקטס,,מחית טום יאם,גרמים,30.00,100 גרם,false,,5.00,0.1667,true,1,148758
8858744800064,false,מחית קארי אדום 50 גרם כשר,קנוקוואן פוד פרודקטס,TH,מחית קארי אדום,גרמים,50.00,100 גרם,false,,5.00,0.1000,true,1,149506
8858744800149,false,תערובת חמשת התבלינים,קנוקוואן פוד פרודקטס,,תערובת חמשת התבלינים,גרמים,50.00,100 גרם,false,,6.50,0.1300,true,1,148759
8888021200256,false,סוללות אנרג'ייזר AA מקס 8 יחידות,יצרן: אנרג'ייזר סינג,SG,סוללות ENERGIZER 1X8,יחידה,0.00,יחידה,false,,24.90,0.0000,false,1,107801
8888021200720,false,סוללות אנרג'ייזר AAA מקס 8 יחידות,יצרן: אנרג'ייזר סינג,SG,סוללות ENERGIZER 1X8,יחידה,0.00,יחידה,false,,24.90,0.0000,false,1,107802
8888351200070,false,טופו במרקם קשה 400 מ,יוניקורד Unicurd,,טופו טרי 400 גר',גרמים,400.00,100 גרם,false,,13.90,0.0348,true,1,196347
8901483010505,false,"קורנישונים בחומץ 690 גרם ""לינה""",יושלם,IN,מלפפון קורנישון בחומ,גרמים,690.00,100 גרם,false,,9.90,0.0143,true,1,191578
8901537024014,false,"אורז בסמטי מובחר 1 ק""ג - דוואט) יורה דיעה",הנסיך- מפעל לייצור ט,IN,אורז בסמטי מובחר 1 ק,קילוגרמים,1.00,"ק""ג",false,,11.90,11.9000,false,1,118368
8901537076679,false,"אורז בסמטי חום מהדרין ויליפוד 1 ק""ג",האי נאם סי או אל.טי.,IN,אורז בסמטי חום מלא D,קילוגרמים,1.00,"ק""ג",false,,11.90,11.9000,true,1,202231
8904004402056,false,מהרג'ה - חטיף הודי הכל באחד,,IN,מהרג'ה חטיף הודי הכל,גרמים,200.00,100 גרם,false,,9.90,0.0495,true,1,265949
8904079302121,false,בקבוק רוטב,,,בקבוק רוטב,יחידה,0.00,יחידה,false,,9.90,0.0000,true,1,194878
8904180001357,false,מחמצי ליים 300 גר',,,מחמצי ליים 300 גר',גרמים,300.00,100 גרם,false,,19.90,0.0663,true,1,209401
8904180001449,false,ממרח להכנת עוף מסאלה בחמאה 300 גרם,,,ממרח להכנת עוף מסאלה,גרמים,300.00,100 גרם,false,,19.90,0.0663,true,1,209411
8904180001463,false,רוטב קארי צהוב נמאסט,,IN,רוטב קארי צהוב 283 ג,גרמים,283.00,100 גרם,false,,19.90,0.0703,true,1,209413
8904180001487,false,רוטב טיקה מסאלה 250 גרם,,IN,רוטב טיקה מסאלה 250,גרמים,250.00,100 גרם,false,,19.90,0.0796,true,1,209415
8904180001494,false,רוטב טנדורי נמסטה 25,,,רוטב טנדורי 250 גר',גרמים,250.00,100 גרם,false,,19.90,0.0796,true,1,209416
8904180001609,false,רוטב צ'ילי חריף ירוק,,,רוטב צ'ילי חריף ירוק,מיליליטרים,60.00,"100 מ""ל",false,,5.90,0.0983,true,1,219739
8934878081811,false,"דפי אורז 22 ס""מ 400 גר'(Trav) ללא גלוטן",דאנינג יוה פודס קו,VN,דפי אורז קמח טפיוקה,יחידה,0.00,יחידה,false,,14.90,0.0000,true,1,199000
8997206332016,false,סוכר קוקוס אורגני 454 גרם אינדונזיה,קוקו שוגאר,ID,סוכר קוקוס אורגני,גרמים,454.00,100 גרם,false,,18.90,0.0416,true,1,201014
9000100798709,false,"דאודורנט פה רול און כוח המשיכה 50 מ""ל",שוורצקופף והנקל,DE,פה רול און לגבר,מיליליטרים,50.00,"100 מ""ל",false,,10.00,0.2000,true,1,147167
9000101329322,false,סבון אסלה בניחוח מתחלף תפוח נופר 50 ג' ברף,הנקל סוד,RS,סבון אסלה ברף בניחוח,גרמים,50.00,100 גרם,false,,9.90,0.1980,true,1,260775
9000101329742,false,סבון אסלה בניחוח מתחלף אפרסק תפוח 50 ג' ברף,הנקל סוד,RS,סבון אסלה ברף בנחוח,גרמים,50.00,100 גרם,false,,9.90,0.1980,true,1,260776
9000101372878,false,קפסולות דיסקס לניקוי כביסה לבנה וצבעונית Deep Clean,פרסיל Persil,HU,פרסיל דיקסק הלבנה וצ,יחידה,0.00,יחידה,false,,32.90,0.0000,true,1,219340
9000101417081,false,סבון אסלה ברף דלקס מגנוליה 50 גרם,גורי,RS,כדוריות סוד לאסלה מג,גרמים,50.00,100 גרם,false,,9.90,0.1980,true,1,214018
9000101504484,false,קולור קאצר +ניקיון הגייני 10 שקיות,"הנקל סוד בע""\מ",HU,קולור קאצ'ר+נקיון הי,גרמים,300.00,100 גרם,false,,22.90,0.0763,true,1,218898
9000101511635,false,קפסולות ג'ל לכביסה פרסיל דיסקס לעור רגיש,פרסיל Persil,HU,פרסיל דיסקס סנסיטיב,יחידה,0.00,יחידה,false,,34.90,0.0000,true,1,262595
9000101521436,false,סבון אסלה בניחוח מתחלף לוטוס במבוק 50 ג' ברף,הנקל סוד,RS,סבון אסלה בניחוח מתח,גרמים,50.00,100 גרם,false,,9.90,0.1980,true,1,260777
9000101536560,false,פרסיל פאוור קפסולות 70 יח,הנקל סוד,RS,פרסיל פאוור קפסולות,יחידה,0.00,יחידה,false,,69.90,0.0000,true,1,264531
9000101537550,false,פרסיל קאפסולות לכביסה לבנה וצבעונית 52 יח',הנקל סוד,HU,פרסיל פוואר קאפס יונ,יחידה,0.00,יחידה,false,,59.90,0.0000,true,1,263950
9000101537581,false,פרסיל פאוור קאפס קפסולות כביסה צבעונית 52 יח',הנקל סוד,HU,פרסיל פוואר קאפס קול,יחידה,0.00,יחידה,false,,59.90,0.0000,true,1,263951
9000101548419,false,קולור קאצ`ר דפים למכונת לכביסה מחדש צבע לבן 18 יח',"הנקל סוד בע""\מ",IE,מחדש צבע לבן Colour,יחידה,0.00,יחידה,false,,19.90,0.0000,true,1,265761
9001531947322,false,"מרכך כביסה פרוש לבנדר 750 מ""ל",ארדל רקס,,פרוש מרכך כביסה לבנד,מיליליטרים,750.00,"100 מ""ל",false,,17.90,0.0239,true,1,205821
9002859042799,false,גונץ - מוצרט כדורים בשקית 300 גר,GUNZ WARENHANDELS,AT,מוצרט-שוקולד ממולא ב,יחידה,297.00,יחידה,false,,32.90,0.1108,true,1,187428
9002859050671,false,לבבות שוקולד ברשת 100 גרם גונץ,GUNZ WARENHANDELS,DE,גונץ- לבבות שוקולד ב,גרמים,100.00,100 גרם,false,,8.90,0.0890,true,1,173885
9002859054099,false,מוצרט-שוקולד ממולא 300ג',GUNZ WARENHANDELS,AT,מוצרט-שוקולד ממולא,גרמים,297.00,100 גרם,false,,32.90,0.1108,true,1,148739
9002859055591,false,בוגי-סוכ'בפחית בטעם לימון 200 גרם 1/12(86107),,,ווגי-סוכריות לימון פ,גרמים,200.00,100 גרם,false,,8.90,0.0445,true,1,150064
9002859058172,false,בונבוניירה בננה ציפוי שוקולד מריר 300 גר,GUNZ WARENHANDELS,AT,בננות בציפוי שוקולד,גרמים,300.00,100 גרם,false,,15.90,0.0530,true,1,136265
9002859066047,false,בוגי-סוכריות בפחית בטעם קפה 200 גרם,GUNZ WARENHANDELS,,בוגי סוכריות בפח קפה,גרמים,200.00,100 גרם,false,,8.90,0.0445,true,1,146973
9002859066894,false,גונץ - חטיף מרציפן מצופה שוקולד 100 גרם,Gunz,IL,מרציפן מצופה שוקולד,גרמים,100.00,100 גרם,false,,8.00,0.0800,true,1,150638
9002859067143,false,גונץ בונבוניירה אצבעות שוקולד מעורב 200 גרם,,,גונץ בונבונירה אצבעו,גרמים,200.00,100 גרם,false,,11.90,0.0595,true,1,187657
9002859090530,false,גונץ בוגי סוכריות בפחית בטעם תפוז 200 גר,Gunz,,סוכריות בפח תפוז,גרמים,200.00,100 גרם,false,,8.90,0.0445,true,1,192051
9002859092657,false,גונץ-בננה ציפוי מריר 150 גר,Gunz,,גונץ בננה בציפוי מרי,גרמים,150.00,100 גרם,false,,7.50,0.0500,true,1,193933
9002859100536,false,בונבוניירה אצבעות שוקולד מוצרט 200 גרם,GUNZ WARENHANDELS,,גונץ בונבונירה אצבעו,גרמים,200.00,100 גרם,false,,13.90,0.0695,true,1,203408
9002975393812,false,סוכריות גילי הריבו האפי צירי 70 גרם,"האריבו , ג'\י.אם.בי.אייץ",AT,סוכריות הריבו האפי צ,גרמים,70.00,100 גרם,false,,6.90,0.0986,true,1,217685
9002975393829,false,סוכריות גילי הריבו פיציס 70 גרם,"האריבו , ג'\י.אם.בי.אייץ",AT,סוכריות הריבו פיצ'ס,גרמים,70.00,100 גרם,false,,6.90,0.0986,true,1,217687
9002975393836,false,סוכריות גילי הריבו האפי קולה 70 גרם,"האריבו , ג'\י.אם.בי.אייץ",AT,סוכריות הריבו האפי ק,גרמים,70.00,100 גרם,false,,6.90,0.0986,true,1,217686
9002975393843,false,סוכריות גילי הריבו גולדברס 70 גרם,"האריבו , ג'\י.אם.בי.אייץ",AT,סוכריות הריבו גולדבר,גרמים,70.00,100 גרם,false,,6.90,0.0986,true,1,217684
9002975393850,false,סוכריות גילי הריבו וורמס 70 גרם,"האריבו , ג'\י.אם.בי.אייץ",AT,סוכריות הריבו וורמס,גרמים,70.00,100 גרם,false,,6.90,0.0986,true,1,217688
9044400841000,false,סוכריות פז סוגים שונים + 3 מילויים,פופז,HU,סוכריות פז,גרמים,25.50,100 גרם,false,,12.00,0.4706,true,1,139799
9044400851672,false,סוכריות פז סוגים שונים + 3 מילויים,פז פרודקשיין יורו,HU,סוכריות פז בטעם פירו,גרמים,25.50,100 גרם,false,,12.00,0.4706,true,1,263789
9120025834723,false,חטיף אוראו מצונן 120 גרם רבנות,בובארד איטליה אס.פי.,IT,חטיף אוראו 120 גר מצ,גרמים,120.00,100 גרם,false,,13.90,0.1158,true,1,265589
9120025839896,false,חטיף מילקה מצונן 128 גרם,בובארד איטליה אס.פי.,IT,מארז חטיף מילקה,גרמים,128.00,100 גרם,false,,13.90,0.1086,true,1,265684
9310072028743,false,טים טם ביסקוויט במילוי שוקולד 200 גרם,"ארנוטס ביסקוויטס בע""",AU,טים טם אוריגינל 200,גרמים,200.00,100 גרם,false,,19.90,0.0995,true,1,191255
9310072028750,false,טים טם Tim Tam וופל שוקולד ציפוי כפול,"ארנוטס ביסקוויטס בע""",AU,טים טם דאבל 200 גר',גרמים,200.00,100 גרם,false,,19.90,0.0995,true,1,191106
9310088007015,false,דיפנד תחבושות אוברנייט בלילה,קימברלי-קלארק,VN,תחבושות פויז,יחידה,0.00,יחידה,false,,19.90,0.0000,false,1,141841
9322969000015,false,פריכיות תירס בטעם אורגינל ריל פודס 150 ג',אף.סי תבליני בגליל ב,AU,פריכיות תירס - 150ג',גרמים,150.00,100 גרם,false,,14.90,0.0993,true,1,137848
9322969000022,false,"ריל פוד פריכיות תירס עם סויה וזרעי פשתן, ללא גלוטן 150 גרם",אף.סי תבליני בגליל ב,AU,פריכיות תירס - 150ג',גרמים,150.00,100 גרם,false,,14.90,0.0993,true,1,137849
9322969000039,false,פריכיות תירס 150 גרם עם 5 סוגי דגנים,ריאל פודס בעמ,AU,פרכיות תירס עם ד,גרמים,150.00,100 גרם,false,,14.90,0.0993,true,1,203730
9322969000046,false,פריכיות תירס שומשום אורגני ריל פודס 150 ג',אף.סי תבליני בגליל ב,AU,פריכיות תירס אורגניו,גרמים,150.00,100 גרם,false,,13.90,0.0927,true,1,137850
9322969000053,false,פריכיות אורז מלא ריל פוד 150 גרם,סנו מפעלי ברונוס.,IT,פריכיות אורז חום,גרמים,150.00,100 גרם,false,,14.90,0.0993,true,1,263034
9324054906400,false,כלורוקס מגבוני ניקוי אקספרט במיכל 30 יח,כלורקס,US,מגבוני כלורקס אקספרט,יחידה,0.00,יחידה,false,,17.90,0.0000,true,1,260966
9330344004473,false,סכין גילוח שיק היידרו סילק חד פעמי 2 יח,"אם החיטה בע""מ",CN,סכין גילוח שיק היידר,יחידה,0.00,יחידה,false,,26.90,0.0000,true,1,210834
9720188050109,false,ממרח על בסיס סויה בסגנון גבינה טופוטי 225 גרם,טופוטי ברנדס אינק.ג',IL,ממרח טופו טבעי 27%,גרמים,225.00,100 גרם,false,,19.90,0.0884,true,1,111569
9720188060108,false,ממרח על בסיס סויה בסגון שמנת טופוטי 340 גרם,טופוטי ברנדס אינק.ג',IL,ממרח טופו טבעי,גרמים,340.00,100 גרם,false,,19.90,0.0585,true,1,111573
9770793913016,false,ג'רוזלם פוסט יום א',,,ג'רוזלם פוסט יום א',יחידה,0.00,יחידה,false,,13.00,0.0000,false,1,150156
9770793913023,false,ג'רוזלם פוסט יום ב',,,ג'רוזלם פוסט יום ב',יחידה,0.00,יחידה,false,,13.00,0.0000,false,1,150164
9770793913030,false,ג'רוזלם פוסט יום ג',,,ג'רוזלם פוסט יום ג',יחידה,0.00,יחידה,false,,13.00,0.0000,false,1,150106
9770793913047,false,ג'רוזלם פוסט יום ד',,,ג'רוזלם פוסט יום ד',יחידה,0.00,יחידה,false,,13.00,0.0000,false,1,150116
9770793913054,false,פוסט חול,,,פוסט חול,יחידה,0.00,יחידה,false,,13.00,0.0000,false,1,150157
9770793914006,false,עיתון גירוסלים פוסט יום שישי,,,עיתון ג'רוזלם פוסט,יחידה,0.00,יחידה,false,,22.00,0.0000,false,1,103987
9770793918004,false,גלובס שישי,,,גלובס שישי,יחידה,0.00,יחידה,false,,20.00,0.0000,false,1,127210
9770793973003,false,עיתון מקור ראשון יום,,,עיתון מקור ראשון יום,יחידה,0.00,יחידה,false,,30.00,0.0000,false,1,186076
9770793998013,false,מעריב השבוע יום א',,,מעריב השבוע יום א',יחידה,0.00,יחידה,false,,7.00,0.0000,false,1,146829
9771565025005,false,עיתון מעריב סוף השבוע,,IL,סופהשבוע,יחידה,0.00,יחידה,false,,10.00,0.0000,false,1,140040
9771565038319,false,עיתון ידיעות אחרונות,,,עיתון ידיעות אחרונות,יחידה,0.00,יחידה,false,,7.00,0.0000,false,1,103406
9771565038326,false,עיתון ידיעות אחרונות,,,ידיעות יום ב,יחידה,0.00,יחידה,false,,7.00,0.0000,false,1,103407
9771565038333,false,עיתון ידיעות אחרונות,,,ידיעות יום ג,יחידה,0.00,יחידה,false,,7.00,0.0000,false,1,103408
9771565038340,false,עיתון ידיעות אחרונות,,,עיתון ידיעות אחר,יחידה,0.00,יחידה,false,,7.00,0.0000,false,1,103409
9771565038357,false,עיתון ידיעות אחרונות,,,ידיעות יום ה,יחידה,0.00,יחידה,false,,7.00,0.0000,false,1,103410
9771565039125,false,עיתון לאישה יום ב,ידיעות אחרונות,,"""לאשה""",יחידה,0.00,יחידה,false,,21.90,0.0000,false,1,103412
9771565051066,false,עיתון ידיעות אחרונות,ידיעות אחרונות,,"ידיעות אחרונות סופ""ש",יחידה,0.00,יחידה,false,,20.00,0.0000,false,1,103424
9771565290007,false,עיתון הארץ יום שישי,,,עיתון הארץ שישי,יחידה,0.00,יחידה,false,,33.00,0.0000,false,1,104001
9771565305008,false,ניו יורק טיימס,,,ניו יורק טיימס,יחידה,0.00,יחידה,false,,33.00,0.0000,false,1,104007
9771565641007,false,מגזין פנימה,,,מגזין פנימה,יחידה,0.00,יחידה,false,,39.00,0.0000,false,1,210815
9843022871309,false,נרות חנוכה מקושטים ד,,,נרות חנוכה מקושטים ד,יחידה,0.00,יחידה,false,,17.90,0.0000,true,1,215259
