code,internal_code,name,manufacturer_name,manufacture_country,manufacturer_item_description,unit_qty,quantity,unit_of_measure,weighted,qty_in_package,price,unit_of_measure_price,allow_discount,status,item_id
2,true,מחיר לחיוב חד פעמי,,,מחיר לחיוב חד פעמי,,0.00,,false,,0.00,0.0000,true,1,133658
11,true,טסט 2 ליטר,,,טסט 2 ליטר,,0.00,,false,,0.00,0.0000,true,1,135374
50,true,קרח לימון,,,קרח לימון,,0.00,,false,,2.50,0.0000,true,1,132011
51,true,קרח רמזור,,,קרח רמזור,,0.00,,false,,2.50,0.0000,true,1,132013
52,true,שוקו שוקו מצופה,,,שוקו שוקו מצופה,,0.00,,false,,2.50,0.0000,true,1,132019
54,true,בובספוג,,,בובספוג,,0.00,,false,,5.00,0.0000,true,1,132021
55,true,גומיגם,,,גומיגם,,0.00,,false,,5.00,0.0000,true,1,132025
56,true,פרילי תות,,,פרילי תות,,0.00,,false,,5.00,0.0000,true,1,132030
58,true,פרילי מנגו,,,פרילי מנגו,,0.00,,false,,5.00,0.0000,true,1,132032
59,true,טילון,,,טילון,,0.00,,false,,5.00,0.0000,true,1,132033
185,true,חטיף בריאות פיסטוק מ,,,חטיף בריאות פיסטוק מ,,0.00,,false,,5.00,0.0000,true,1,131877
186,true,חטיף בריאות שוקולד ק,,,חטיף בריאות שוקולד ק,,0.00,,false,,5.00,0.0000,true,1,131878
187,true,חטיף מוזלי פירות,,,חטיף מוזלי פירות,,0.00,,false,,5.00,0.0000,true,1,131879
188,true,חטיף גרנולה אננס דיא,,,חטיף גרנולה אננס דיא,,0.00,,false,,5.00,0.0000,true,1,131880
189,true,מפעל-לחמניות מיני בי,,,מפעל-לחמניות מיני בי,,0.00,,false,,2999.90,0.0000,true,1,137437
314,true,מי סוכר,,,מי סוכר,,0.00,,false,,5.00,0.0000,true,1,132257
383,true,גזר לפי קילו היתר מכ,,,גזר לפי קילו היתר מכ,,0.00,,false,,0.00,0.0000,true,1,132112
384,true,תפוזים מחיר לפי קילו,,,תפוזים מחיר לפי קילו,,0.00,,false,,0.00,0.0000,true,1,132259
399,true,קפה בלנד קופיקס,,,קפה בלנד קופיקס,,0.00,,false,,0.00,0.0000,true,1,132263
407,true,בלילה לאייס וניל,,,בלילה לאייס וניל,,0.00,,false,,0.00,0.0000,true,1,132264
410,true,קולה,,,קולה,,0.00,,false,,5.00,0.0000,true,1,131993
412,true,קולה זירו,,,קולה זירו,,0.00,,false,,5.00,0.0000,true,1,131995
413,true,ספרייט,,,ספרייט,,0.00,,false,,5.00,0.0000,true,1,131996
414,true,דיאט ספרייט,,,דיאט ספרייט,,0.00,,false,,5.00,0.0000,true,1,131997
415,true,פאנטה,,,פאנטה,,0.00,,false,,5.00,0.0000,true,1,131998
416,true,סודה,,,סודה,,0.00,,false,,5.00,0.0000,true,1,131999
417,true,מים מינרלים,,,מים מינרלים,,0.00,,false,,5.00,0.0000,true,1,132000
418,true,פריגת ענבים,,,פריגת ענבים,,0.00,,false,,5.00,0.0000,true,1,132001
419,true,קרנרגי,,,קרנרגי,,0.00,,false,,5.00,0.0000,true,1,132002
421,true,פריגת אשכוליות,,,פריגת אשכוליות,,0.00,,false,,5.00,0.0000,true,1,132003
455,true,150שקיקים תה ארל גרי,,,150שקיקים תה ארל גרי,,0.00,,false,,0.00,0.0000,true,1,132267
459,true,מכסה שחור לכוס נייר,,,מכסה שחור לכוס נייר,קילוגרמים,1.00,"ק""ג",true,,95.00,95.0000,true,1,132270
505,true,כוס אספרסו,,,כוס אספרסו,,0.00,,false,,0.00,0.0000,true,1,132271
506,true,חלב סויה אלפרו ליטר,,,חלב סויה אלפרו ליטר,,0.00,,false,,9.83,0.0000,true,1,132217
508,true,בלילה לאייס קפה,,,בלילה לאייס קפה,,0.00,,false,,0.00,0.0000,true,1,132272
510,true,חלב 1%,,,חלב 1%,,0.00,,false,,0.00,0.0000,true,1,132273
517,true,קפה נטול קילו,,,קפה נטול קילו,,0.00,,false,,0.00,0.0000,true,1,132274
521,true,"סוכר לבן 1 ק""ג",,,"סוכר לבן 1 ק""ג",,0.00,,false,,0.00,0.0000,true,1,132275
542,true,נביעות 1.5 6 ליטר,,,נביעות 1.5 6 ליטר,קילוגרמים,1.00,"ק""ג",true,,0.00,0.0000,true,1,132210
546,true,פריט לא קיים,,,"ג""בטינה טונה",,0.00,,false,,5.00,0.0000,true,1,132023
548,true,סחלב חומר גלם,,,סחלב חומר גלם,,0.00,,false,,0.00,0.0000,true,1,132276
551,true,קינמון טחון,,,קינמון טחון,,0.00,,false,,0.00,0.0000,true,1,132277
552,true,קינמון מקלות מארז קי,,,קינמון מקלות מארז קי,,0.00,,false,,0.00,0.0000,true,1,133293
598,true,חלב 17 3% ליטר,,,חלב 17 3% ליטר,,0.00,,false,,0.00,0.0000,true,1,132278
602,true,מטליות תפזורת,,,מטליות תפזורת,,0.00,,false,,0.00,0.0000,true,1,132281
605,true,אקונומיקה4 ליטר,,,אקונומיקה4 ליטר,,0.00,,false,,0.00,0.0000,true,1,132049
606,true,ניקוי חלונות4 ליטר,,,ניקוי חלונות4 ליטר,,0.00,,false,,0.00,0.0000,true,1,132211
607,true,שמפו רצפות 4 ליטר,,,שמפו רצפות 4 ליטר,,0.00,,false,,0.00,0.0000,true,1,132282
611,true,"כוס מרק500 יח ""בקרטו",,,"כוס מרק500 יח ""בקרטו",קילוגרמים,1.00,"ק""ג",true,,135.00,135.0000,true,1,132283
616,true,סבון קצף ורוד 1 ליטר,,,סבון קצף ורוד 1 ליטר,,0.00,,false,,0.00,0.0000,true,1,132212
617,true,צץ רץ סופה,,,צץ רץ סופה,,0.00,,false,,0.00,0.0000,true,1,132285
618,true,מסיר שומנים4 ליטר,,,מסיר שומנים4 ליטר,,0.00,,false,,0.00,0.0000,true,1,132286
620,true,יעה,,,יעה,,0.00,,false,,2.23,0.0000,true,1,132287
621,true,מטאטא פלסטיק גוליה,,,מטאטא פלסטיק גוליה,,0.00,,false,,0.00,0.0000,true,1,132288
622,true,"נייר קופה 60 יח ""באר",,,"נייר קופה 60 יח ""באר",,0.00,,false,,0.00,0.0000,true,1,132213
623,true,תה ירוק נענע 150 שקי,,,תה ירוק נענע 150 שקי,,0.00,,false,,0.00,0.0000,true,1,132289
632,true,שקיות גופיה סופרקופי,,,שקיות גופיה סופרקופי,,0.00,,false,,0.00,0.0000,true,1,132943
633,true,שקיות ללא מיתוג45/5,,,שקיות ללא מיתוג45/5,,0.00,,false,,0.00,0.0000,true,1,133180
663,true,גלופה,,,גלופה,,0.00,,false,,0.00,0.0000,true,1,135283
664,true,סופרגול מ 16.01.17 -,,,סופרגול מ 16.01.17 -,,0.00,,false,,0.00,0.0000,true,1,135284
802,true,היטל מס קניה,,,היטל מס קניה,,0.00,,false,,0.00,0.0000,true,1,135721
852,true,מיץ רימון טבעי,,,מיץ רימון טבעי,,0.00,,false,,0.00,0.0000,true,1,137569
996,true,נוזל כלים תפוח 4 ליט,,,נוזל כלים תפוח 4 ליט,,0.00,,false,,0.00,0.0000,true,1,132290
999,true,מנשא ל 3כוסות 500 יח,,,מנשא ל 3כוסות 500 יח,,0.00,,false,,0.00,0.0000,true,1,132291
1001,true,הודעה לבר,,,הודעה לבר,,0.00,,false,,0.00,0.0000,true,1,131855
1003,true,לחמניה עגולה כפרית),,,לחמניה עגולה כפרית),,0.00,,false,,2.90,0.0000,true,1,132059
1373,true,כפפות ניטריל מידה L,,,כפפות ניטריל מידה L,,0.00,,false,,0.00,0.0000,true,1,136481
1600,true,קופון קפה בשקל,,,קופון קפה בשקל,,0.00,,false,,0.01,0.0000,true,1,137244
1601,true,קופון HOT,,,קופון HOT,,0.00,,false,,0.01,0.0000,true,1,137682
1602,true,קופון סוב,,,קופון סוב,,0.00,,false,,0.01,0.0000,true,1,137839
1603,true,קופון הוט,,,קופון הוט,,0.00,,false,,0.01,0.0000,true,1,137936
1604,true,קופון גרופון,,,קופון גרופון,,0.00,,false,,0.01,0.0000,true,1,137949
1656,true,מפעל-רוטב ישראלי לסל,,,מפעל-רוטב ישראלי לסל,,0.00,,false,,0.00,0.0000,true,1,136428
1984,true,קופון נסיון,,,קופון נסיון,,0.00,,false,,0.01,0.0000,true,1,137062
2018,true,וודקה אבסולוט בקבוק,,,וודקה אבסולוט בקבוק,,0.00,,false,,0.00,0.0000,true,1,132071
2026,true,משקה אנרגיה אקסל250,,,אקסל פחית,,0.00,,false,,5.00,0.0000,true,1,131896
2027,true,ערק אשקלון בקבוק700,,,ערק אשקלון בקבוק700,קילוגרמים,1.00,"ק""ג",true,,0.00,0.0000,true,1,132074
2029,true,בירה לה אספניולה בקב,,,בירה לה אספניולה בקב,,0.00,,false,,0.00,0.0000,true,1,132075
2035,true,זייתים ירוקים קילו,,,זייתים ירוקים קילו,,0.00,,false,,0.00,0.0000,true,1,132078
2041,true,אשכוליות אדומות 5 לי,,,אשכוליות אדומות 5 לי,,0.00,,false,,0.00,0.0000,true,1,132081
2044,true,תפוזים 5 ליטר גלון-ס,,,תפוזים 5 ליטר גלון-ס,,0.00,,false,,0.00,0.0000,true,1,132222
2047,true,בירה חבית קופיקס,,,בירה חבית קופיקס,,0.00,,false,,0.00,0.0000,true,1,132083
2053,true,"בייגלה 300 גר 12 ""יח",,,"בייגלה 300 גר 12 ""יח",,0.00,,false,,0.00,0.0000,true,1,132085
2057,true,גולדסטאר בקבוק 0.5 ל,,,גולדסטאר בקבוק 0.5 ל,,0.00,,false,,0.00,0.0000,true,1,132086
2081,true,כוס יין,,,כוס יין,,0.00,,false,,2.89,0.0000,true,1,132225
2087,true,אפרול ליטר,,,אפרול ליטר,,0.00,,false,,0.00,0.0000,true,1,132095
2100,true,"מלח למדיח 25 ק""ג",,,"מלח למדיח 25 ק""ג",,0.00,,false,,0.00,0.0000,true,1,132096
2129,true,מלח מנות,,,מלח מנות,,0.00,,false,,0.00,0.0000,true,1,132226
2132,true,"צ""אי אבקה 10 קילו",,,"צ""אי אבקה 10 קילו",קילוגרמים,1.00,"ק""ג",true,,0.00,0.0000,true,1,132227
2148,true,מיכל CO2 מלא,,,מיכל CO2 מלא,,0.00,,false,,0.00,0.0000,true,1,133850
2149,true,שש כוסות,,,שש כוסות,,0.00,,false,,0.00,0.0000,true,1,133135
2153,true,"אוזניות 200 יח ""בארג",,,"אוזניות 200 יח ""בארג",,0.00,,false,,0.00,0.0000,true,1,132099
2367,true,מפעל-פיתה טוסט,,,מפעל-פיתה טוסט,,0.00,,false,,2999.90,0.0000,true,1,137465
3000,true,"אייס וניל 10 ק""ג",,,"אייס וניל 10 ק""ג",,0.00,,false,,0.00,0.0000,true,1,132100
3004,true,"סחלב 10 ק""ג",,,"סחלב 10 ק""ג",קילוגרמים,1.00,"ק""ג",true,,0.00,0.0000,true,1,132230
3009,true,נס קפה בדלי 4 קילו,,,נס קפה בדלי 4 קילו,,0.00,,false,,0.00,0.0000,true,1,132232
3011,true,כוס פלסטיק 330 קופיק,,,כוס פלסטיק 330 קופיק,קילוגרמים,1.00,"ק""ג",true,,0.00,0.0000,true,1,132233
3012,true,כוס 180 נטורל לעובדי,,,כוס 180 נטורל לעובדי,קילוגרמים,1.00,"ק""ג",true,,0.00,0.0000,true,1,132234
3013,true,כוס 250 לבירה 1200 י,,,כוס 250 לבירה 1200 י,קילוגרמים,1.00,"ק""ג",true,,0.00,0.0000,true,1,132221
3014,true,כוס 8OZ קופיקס 1000,,,כוס 8OZ קופיקס 1000,,0.00,,false,,0.00,0.0000,true,1,132235
3015,true,גלופה לכוסות,,,גלופה לכוסות,,0.00,,false,,0.00,0.0000,true,1,133550
3017,true,קש רחב 400 יח 20 * י,,,קש רחב 400 יח 20 * י,קילוגרמים,1.00,"ק""ג",true,,0.00,0.0000,true,1,132236
3018,true,כפית פלסטיק 4000 יח,,,כפית פלסטיק 4000 יח,קילוגרמים,1.00,"ק""ג",true,,0.00,0.0000,true,1,132237
3019,true,מזלג פלסטיק 4000 יח,,,מזלג פלסטיק 4000 יח,קילוגרמים,1.00,"ק""ג",true,,0.00,0.0000,true,1,132238
3020,true,כף פלסטיק 4000 יח,,,כף פלסטיק 4000 יח,,0.00,,false,,0.00,0.0000,true,1,132239
3021,true,בוחשן מעץ 10000 יח,,,בוחשן מעץ 10000 יח,קילוגרמים,1.00,"ק""ג",true,,0.00,0.0000,true,1,132240
3023,true,שקיות גופיה קופיקס ב,,,שקיות גופיה קופיקס ב,,0.00,,false,,0.00,0.0000,true,1,132102
3024,true,קפה שחור קילו,,,קפה שחור קילו,,0.00,,false,,0.00,0.0000,true,1,132241
3028,true,סוכרה דיאט 1000 יח,,,סוכרה דיאט 1000 יח,,0.00,,false,,0.00,0.0000,true,1,132244
3029,true,"סוכר לבן נייר 10 ק""ג",,,"סוכר לבן נייר 10 ק""ג",,0.00,,false,,0.00,0.0000,true,1,132245
3033,true,נייר צץ רץ סופה4000,,,נייר צץ רץ סופה4000,,0.00,,false,,0.00,0.0000,true,1,132247
3034,true,נייר אפיה מיוחד לקופ,,,נייר אפיה מיוחד לקופ,,0.00,,false,,0.00,0.0000,true,1,132104
3038,true,מטליות בתפזורת,,,מטליות בתפזורת,,0.00,,false,,0.00,0.0000,true,1,132105
3039,true,"כפפונית 100 יח ""בארג",,,"כפפונית 100 יח ""בארג",,0.00,,false,,0.00,0.0000,true,1,132251
3041,true,סחבה,,,סחבה,,0.00,,false,,0.00,0.0000,true,1,132252
3050,true,חטיף גרנולה אננס דיא,,,חטיף גרנולה אננס דיא,קילוגרמים,1.00,"ק""ג",true,,0.00,0.0000,true,1,132106
3051,true,חטיף מוזלי פירות 33,,,חטיף מוזלי פירות 33,קילוגרמים,1.00,"ק""ג",true,,0.00,0.0000,true,1,132107
3052,true,חטיף בריאות שוקולד ק,,,חטיף בריאות שוקולד ק,קילוגרמים,1.00,"ק""ג",true,,0.00,0.0000,true,1,132108
3053,true,חטיף בריאות פיסטוק מ,,,חטיף בריאות פיסטוק מ,קילוגרמים,1.00,"ק""ג",true,,0.00,0.0000,true,1,132109
3054,true,קוקילידה 50 בקרטון,,,קוקילידה 50 בקרטון,קילוגרמים,1.00,"ק""ג",true,,0.00,0.0000,true,1,132253
3055,true,עוגיות חמאה 50 בקרטו,,,עוגיות חמאה 50 בקרטו,,0.00,,false,,0.00,0.0000,true,1,132254
3071,true,חולץ פקקים מוצר השבו,,,חולץ פקקים מוצר השבו,קילוגרמים,1.00,"ק""ג",true,,0.00,0.0000,true,1,132255
3072,true,סכין + קרש מוצר השבו,,,סכין + קרש מוצר השבו,,0.00,,false,,0.00,0.0000,true,1,132256
3076,true,חלב 1% זיכוי,,,חלב 1% זיכוי,,0.00,,false,,0.00,0.0000,true,1,135709
3077,true,חלב 3% זיכוי,,,חלב 3% זיכוי,,0.00,,false,,0.00,0.0000,true,1,135710
3113,true,כוס ורודה 8OZ קופיקס,,,כוס ורודה 8OZ קופיקס,,0.00,,false,,0.00,0.0000,true,1,133380
3114,true,מטריה 100 - יחידות ב,,,מטריה 100 - יחידות ב,,0.00,,false,,0.00,0.0000,true,1,133387
3115,true,זוג רייחנים ממותגים,,,זוג רייחנים ממותגים,,0.00,,false,,0.00,0.0000,true,1,133388
3116,true,סט לאמבטיה 24 יחידות,,,סט לאמבטיה 24 יחידות,,0.00,,false,,0.00,0.0000,true,1,133389
3119,true,עוגת גבינה לייט ללא,,,עוגת גבינה לייט ללא,,0.00,,false,,0.00,0.0000,true,1,133392
3120,true,עוגת גבינה עם שוקולד,,,עוגת גבינה עם שוקולד,,0.00,,false,,0.00,0.0000,true,1,133393
3124,true,כוס פלסטיק 330 קופיק,,,כוס פלסטיק 330 קופיק,קילוגרמים,1.00,"ק""ג",true,,0.00,0.0000,true,1,133400
3125,true,מכסה לכוס 330 קופיקס,,,מכסה לכוס 330 קופיקס,קילוגרמים,1.00,"ק""ג",true,,0.00,0.0000,true,1,133401
3127,true,שוקולטה -קרטון 10 יח,,,שוקולטה -קרטון 10 יח,,0.00,,false,,0.00,0.0000,true,1,133408
3128,true,קרמל וחמאת בוטנים -,,,קרמל וחמאת בוטנים -,,0.00,,false,,0.00,0.0000,true,1,133409
3129,true,מרק עדשים 10 ליטר,,,מרק עדשים 10 ליטר,קילוגרמים,1.00,"ק""ג",true,,0.00,0.0000,true,1,133410
3147,true,טוסט פיקנטי,,,טוסט פיקנטי,,0.00,,false,,5.00,0.0000,true,1,133435
3156,true,מדבקה למיחם דים סאם,,,מדבקה למיחם דים סאם,,0.00,,false,,0.00,0.0000,true,1,133469
3161,true,פקדון אילת,,,פקדון אילת,,0.00,,false,,0.00,0.0000,true,1,133548
3164,true,זוג מגשי פרספקט גדול,,,זוג מגשי פרספקט גדול,קילוגרמים,1.00,"ק""ג",true,,0.00,0.0000,true,1,133561
3197,true,מרק אפונה 10 ליטר,,,מרק אפונה 10 ליטר,קילוגרמים,1.00,"ק""ג",true,,0.00,0.0000,true,1,132258
3198,true,"זיתים 13 ק""ג דלי",,,"זיתים 13 ק""ג דלי",,0.00,,false,,0.00,0.0000,true,1,132110
3222,true,סחבה לבנה לרצפה50*7,,,סחבה לבנה לרצפה50*7,,0.00,,false,,0.00,0.0000,true,1,133905
3223,true,מתקן נייר טואלט שליש,,,מתקן נייר טואלט שליש,,0.00,,false,,0.00,0.0000,true,1,133906
3226,true,מסיר אבנית קצף,,,מסיר אבנית קצף,,0.00,,false,,0.00,0.0000,true,1,133909
3232,true,מתקן נייר טואלט צץ ר,,,מתקן נייר טואלט צץ ר,,0.00,,false,,0.00,0.0000,true,1,133911
3233,true,36יחידות 250 דף ניי,,,36יחידות 250 דף ניי,,0.00,,false,,0.00,0.0000,true,1,133912
3248,true,מרינה סופר מכר עם מע,,,מרינה סופר מכר עם מע,,0.00,,false,,0.00,0.0000,true,1,133778
3256,true,יעה עם מקל,,,יעה עם מקל,,0.00,,false,,0.00,0.0000,true,1,133927
3272,true,מפעל-העמסת סושי,,,מפעל-העמסת סושי,,0.00,,false,,0.00,0.0000,true,1,134974
3274,true,הפרש מחיר סופרגול מ,,,הפרש מחיר סופרגול מ,,0.00,,false,,0.00,0.0000,true,1,134975
3275,true,מכונת קפה,,,מכונת קפה,,0.00,,false,,0.00,0.0000,true,1,134982
3276,true,זיכוי סופר גול 1.27,,,זיכוי סופר גול 1.27,,0.00,,false,,0.00,0.0000,true,1,134997
3277,true,מפעל-רכז עגבניות,,,מפעל-רכז עגבניות,,0.00,,false,,2999.90,0.0000,true,1,134998
3288,true,מפעל-לחמנית שומשום א,,,מפעל-לחמנית שומשום א,,0.00,,false,,2999.90,0.0000,true,1,135252
3301,true,הפרש מחיר סושי סלמון,,,הפרש מחיר סושי סלמון,,0.00,,false,,0.00,0.0000,true,1,135946
3314,true,מפעל-מדבקה לסושי איש,,,מפעל-מדבקה לסושי איש,,0.00,,false,,0.00,0.0000,true,1,136162
3315,true,מפעל-מדבקה לסושי איש,,,מפעל-מדבקה לסושי איש,,0.00,,false,,0.00,0.0000,true,1,136163
3316,true,מפעל-מדבקה לסושי איש,,,מפעל-מדבקה לסושי איש,,0.00,,false,,0.00,0.0000,true,1,136164
3317,true,מפעל-מדבקה לסושי איש,,,מפעל-מדבקה לסושי איש,,0.00,,false,,0.00,0.0000,true,1,136165
3318,true,מפעל-מדבקה לסושי איש,,,מפעל-מדבקה לסושי איש,,0.00,,false,,0.00,0.0000,true,1,136166
3319,true,מפעל-מדבקה לסושי איש,,,מפעל-מדבקה לסושי איש,,0.00,,false,,0.00,0.0000,true,1,136167
3320,true,מפעל-מדבקה לסושי איש,,,מפעל-מדבקה לסושי איש,,0.00,,false,,0.00,0.0000,true,1,136168
3321,true,מפעל-מדבקה לסושי איש,,,מפעל-מדבקה לסושי איש,,0.00,,false,,0.00,0.0000,true,1,136169
3322,true,מפעל-מדבקה לסושי איש,,,מפעל-מדבקה לסושי איש,,0.00,,false,,0.00,0.0000,true,1,136170
3323,true,מפעל-מדבקה לסושי איש,,,מפעל-מדבקה לסושי איש,,0.00,,false,,0.00,0.0000,true,1,136171
3328,true,חיוב פקדון עד סוף יו,,,חיוב פקדון עד סוף יו,,0.00,,false,,0.00,0.0000,true,1,136216
3330,true,חיוב הפרש מחיר סנדוי,,,חיוב הפרש מחיר סנדוי,,0.00,,false,,0.00,0.0000,true,1,138177
3334,true,מפעל-אגוז מוסקט טחון,,,מפעל-אגוז מוסקט טחון,,0.00,,false,,2999.00,0.0000,true,1,136625
3363,true,זיכוי החברה המרכזית,,,זיכוי החברה המרכזית,,0.00,,false,,0.00,0.0000,true,1,137752
3364,true,זיכוי שקיות אשפה,,,זיכוי שקיות אשפה,,0.00,,false,,0.00,0.0000,true,1,137787
3365,true,שילוט לפלוט,,,שילוט לפלוט,,0.00,,false,,0.00,0.0000,true,1,137835
3401,true,מפעל-ניילון בגליל עו,,,מפעל-ניילון בגליל עו,,0.00,,false,,0.00,0.0000,true,1,136484
3402,true,מפעל-ניילון בגליל עו,,,מפעל-ניילון בגליל עו,,0.00,,false,,0.00,0.0000,true,1,136485
3605,true,מפעל -md10מטליות ניק,,,מפעל -md10מטליות ניק,,0.00,,false,,0.00,0.0000,true,1,134775
3606,true,מפעל -md10נוזל לחיטו,,,מפעל -md10נוזל לחיטו,,0.00,,false,,0.00,0.0000,true,1,134776
3607,true,"מפעל 26 F NL20 -ק""ג",,,"מפעל 26 F NL20 -ק""ג",,0.00,,false,,0.00,0.0000,true,1,134777
3623,true,omd-10,,,omd-10,,0.00,,false,,0.00,0.0000,true,1,134966
3624,true,מפעל-מדבקה לסושי צמח,,,מפעל-מדבקה לסושי צמח,,0.00,,false,,0.00,0.0000,true,1,136240
3625,true,מפעל-מדבקה לסושי סלמ,,,מפעל-מדבקה לסושי סלמ,,0.00,,false,,0.00,0.0000,true,1,136241
3630,true,מפעל-מדבקה לכדור בטע,,,מפעל-מדבקה לכדור בטע,,0.00,,false,,0.00,0.0000,true,1,136476
3631,true,מפעל-מדבקה לכדור בטע,,,מפעל-מדבקה לכדור בטע,,0.00,,false,,0.00,0.0000,true,1,136477
3637,true,מפעל-ויניגרט תפוז לי,,,מפעל-ויניגרט תפוז לי,,0.00,,false,,0.00,0.0000,true,1,136429
3901,true,תפוזים גלון SP 5 לי,,,תפוזים גלון SP 5 לי,,0.00,,false,,0.00,0.0000,true,1,132309
3903,true,אשכוליות אדומות גלון,,,אשכוליות אדומות גלון,,0.00,,false,,0.00,0.0000,true,1,133534
3904,true,גזר לפי קילו מהדרין,,,גזר לפי קילו מהדרין,,0.00,,false,,0.00,0.0000,true,1,132113
3905,true,לימונדה גלון 5 ליטר-,,,לימונדה גלון 5 ליטר-,,0.00,,false,,0.00,0.0000,true,1,132260
3910,true,קופיקס-נודלס עם ירקו,,,קופיקס-נודלס עם ירקו,,0.00,,false,,0.00,0.0000,true,1,132261
3913,true,קופיקס-שעועית ירוקה,,,קופיקס-שעועית ירוקה,,0.00,,false,,0.00,0.0000,true,1,132114
3914,true,קופיקס-ספגטי עם רוטב,,,קופיקס-ספגטי עם רוטב,,0.00,,false,,0.00,0.0000,true,1,132115
3916,true,טבסקו,,,טבסקו,,0.00,,false,,0.00,0.0000,true,1,132116
3917,true,מטריה קופיקס,,,מטריה קופיקס,,0.00,,false,,5.00,0.0000,true,1,132928
3933,true,נוזל לניקוי אסלות 1,,,נוזל לניקוי אסלות 1,,0.00,,false,,0.00,0.0000,true,1,132119
3934,true,נוזל לניקוי וחיטוי ל,,,נוזל לניקוי וחיטוי ל,,0.00,,false,,0.00,0.0000,true,1,132120
3935,true,תרסיס ניקוי והברקה נ,,,תרסיס ניקוי והברקה נ,,0.00,,false,,0.00,0.0000,true,1,132121
3938,true,400מטליות לניקוי מש,,,400מטליות לניקוי מש,,0.00,,false,,0.00,0.0000,true,1,132122
3941,true,קנקן תה,,,קנקן תה,,0.00,,false,,5.00,0.0000,true,1,131987
3943,true,400מטליות מילוי לני,,,400מטליות מילוי לני,,0.00,,false,,0.00,0.0000,true,1,132123
3944,true,"בקבוק 750 סמ""ק + התז",,,"בקבוק 750 סמ""ק + התז",,0.00,,false,,0.00,0.0000,true,1,132124
3945,true,12מטליות מיקרופיבר,,,12מטליות מיקרופיבר,,0.00,,false,,0.00,0.0000,true,1,132125
3946,true,מטלית מיקרופיבר לרצפ,,,מטלית מיקרופיבר לרצפ,,0.00,,false,,0.00,0.0000,true,1,132126
3947,true,מטלית מיקרופיבר לניק,,,מטלית מיקרופיבר לניק,,0.00,,false,,0.00,0.0000,true,1,132127
3952,true,עוגת גבינה 12 יח בקר,,,עוגת גבינה 12 יח בקר,קילוגרמים,1.00,"ק""ג",true,,0.00,0.0000,true,1,132128
3967,true,מרק עגבניות 2 דליים,,,מרק עגבניות 2 דליים,,0.00,,false,,0.00,0.0000,true,1,132137
4004,true,מוס שוקולד וקצפת12 י,,,מוס שוקולד וקצפת12 י,קילוגרמים,1.00,"ק""ג",true,,0.00,0.0000,true,1,132165
4005,true,"מלח פלפל שמן60 יח """,,,"מלח פלפל שמן60 יח """,,0.00,,false,,0.00,0.0000,true,1,132166
4006,true,פנס שחור 120 יחידות,,,פנס שחור 120 יחידות,,0.00,,false,,0.00,0.0000,true,1,132939
4007,true,מטרפה סיליקון 120 יח,,,מטרפה סיליקון 120 יח,,0.00,,false,,0.00,0.0000,true,1,132167
4008,true,מגש אינגלישקייק 100,,,מגש אינגלישקייק 100,,0.00,,false,,0.00,0.0000,true,1,132168
4010,true,וודקה תאו XXO דאבל א,,,וודקה תאו XXO דאבל א,קילוגרמים,1.00,"ק""ג",true,,0.00,0.0000,true,1,132170
4011,true,כריות יפניות מארז12,,,כריות יפניות מארז12,קילוגרמים,1.00,"ק""ג",true,,0.00,0.0000,true,1,132171
4026,true,"שתיל הפלא216 יח ""בקר",,,"שתיל הפלא216 יח ""בקר",,0.00,,false,,0.00,0.0000,true,1,132185
4028,true,מפיץ ריח לרכב 216 יח,,,מפיץ ריח לרכב 216 יח,,0.00,,false,,0.00,0.0000,true,1,132187
4030,true,"סכינים240 יח ""בקרטון",,,"סכינים240 יח ""בקרטון",,0.00,,false,,0.00,0.0000,true,1,132189
4032,true,"קולפנים144 יח ""בקרטו",,,"קולפנים144 יח ""בקרטו",,0.00,,false,,0.00,0.0000,true,1,132191
4034,true,"סט פורים 300 יח ""בקר",,,"סט פורים 300 יח ""בקר",,0.00,,false,,0.00,0.0000,true,1,132193
4035,true,מכסה לכוס 330 קופיקס,,,מכסה לכוס 330 קופיקס,,0.00,,false,,0.00,0.0000,true,1,132194
4036,true,יגרמייסטר בקבוק ליטר,,,יגרמייסטר בקבוק ליטר,,0.00,,false,,0.00,0.0000,true,1,132195
4038,true,נוזל מרוכז לחיטוי פי,,,נוזל מרוכז לחיטוי פי,,0.00,,false,,0.00,0.0000,true,1,132197
4039,true,מרק אפונה 2 דליים,,,מרק אפונה 2 דליים,,0.00,,false,,0.00,0.0000,true,1,132198
4040,true,מרק עדשים 2 דליים,,,מרק עדשים 2 דליים,,0.00,,false,,0.00,0.0000,true,1,132199
4041,true,מקרונים 36 יח קרטון,,,מקרונים 36 יח קרטון,,0.00,,false,,0.00,0.0000,true,1,132200
4044,true,פח שובך 8 ליטר לשרות,,,פח שובך 8 ליטר לשרות,,0.00,,false,,0.00,0.0000,true,1,132201
4045,true,"מטהר אויר300 סמ""ק",,,"מטהר אויר300 סמ""ק",,0.00,,false,,0.00,0.0000,true,1,132202
4046,true,מברשת פלסטיק לשירותי,,,מברשת פלסטיק לשירותי,,0.00,,false,,0.00,0.0000,true,1,132203
4047,true,סט לשירותים מיכל+מבר,,,סט לשירותים מיכל+מבר,,0.00,,false,,0.00,0.0000,true,1,132204
4051,true,מגש פרספקט גדול10 יח,,,מגש פרספקט גדול10 יח,קילוגרמים,1.00,"ק""ג",true,,0.00,0.0000,true,1,132205
4054,true,"ג""אמפ אשכוליות בקבוק",,,"ג""אמפ אשכוליות בקבוק",,0.00,,false,,5.00,0.0000,true,1,132053
4055,true,"ג""אמפ ענבים בקבוק50",,,"ג""אמפ ענבים בקבוק50",,0.00,,false,,5.00,0.0000,true,1,132054
4056,true,"ג""אמפ תה קר אפרסק בק",,,"ג""אמפ תה קר אפרסק בק",,0.00,,false,,5.00,0.0000,true,1,132055
4057,true,"ג""אמפ תה קר תפוח בקב",,,"ג""אמפ תה קר תפוח בקב",,0.00,,false,,5.00,0.0000,true,1,132056
4058,true,מים בטעם אפרסק סאן ב,,,מים בטעם אפרסק סאן ב,,0.00,,false,,5.00,0.0000,true,1,132057
4059,true,מים בטעם ענבים סאן ב,,,מים בטעם ענבים סאן ב,,0.00,,false,,5.00,0.0000,true,1,132058
4063,true,"קפה בלנד קופיקס 6 ק""",,,"קפה בלנד קופיקס 6 ק""",,0.00,,false,,0.00,0.0000,true,1,132292
4064,true,עוגת שייש פסח12 פרוס,,,עוגת שייש פסח12 פרוס,,0.00,,false,,0.00,0.0000,true,1,132293
4067,true,"מאפיינס וניל וש .צ""י",,,"מאפיינס וניל וש .צ""י",,0.00,,false,,0.00,0.0000,true,1,132296
4069,true,מאפיינס שוקולד וש .צ,,,מאפיינס שוקולד וש .צ,,0.00,,false,,0.00,0.0000,true,1,132298
4070,true,"אייס קפה 10 ק""ג",,,"אייס קפה 10 ק""ג",,0.00,,false,,0.00,0.0000,true,1,132299
4073,true,"""סים """,,,"""סים """,,0.00,,false,,5.00,0.0000,true,1,132302
4080,true,"הגדה לפסח 100 יח ""ב",,,"הגדה לפסח 100 יח ""ב",,0.00,,false,,0.00,0.0000,true,1,132312
4081,true,כוס טרמית קלאב 48 יח,,,כוס טרמית קלאב 48 יח,,0.00,,false,,0.00,0.0000,true,1,132313
4082,true,"אייס וניל 10 ק""ג",,,"אייס וניל 10 ק""ג",,0.00,,false,,0.00,0.0000,true,1,132314
4083,true,חלב סויה אלפרו 12 לי,,,חלב סויה אלפרו 12 לי,,0.00,,false,,0.00,0.0000,true,1,132316
4085,true,סים סטנדרט,,,סים סטנדרט,,0.00,,false,,0.00,0.0000,true,1,132318
4086,true,סים ננו,,,סים ננו,,0.00,,false,,0.00,0.0000,true,1,132319
4087,true,סים מיקרו,,,סים מיקרו,,0.00,,false,,0.00,0.0000,true,1,132320
4088,true,מגש פרספקט,,,מגש פרספקט,,0.00,,false,,0.00,0.0000,true,1,132321
4097,true,תה קלאסי מארז 20 שקי,,,תה קלאסי מארז 20 שקי,,0.00,,false,,0.00,0.0000,true,1,132397
4098,true,תה ארל גריי מארז 20,,,תה ארל גריי מארז 20,,0.00,,false,,0.00,0.0000,true,1,132398
4100,true,תה ירוק לימונית לואי,,,תה ירוק לימונית לואי,,0.00,,false,,0.00,0.0000,true,1,132400
4101,true,תה קמומיל מארז 20 שק,,,תה קמומיל מארז 20 שק,,0.00,,false,,0.00,0.0000,true,1,132401
4105,true,גרנולה 20 גרם,,,גרנולה 20 גרם,,0.00,,false,,0.00,0.0000,true,1,132431
4107,true,"מאפיינס וניל שוקוצ""י",,,"מאפיינס וניל שוקוצ""י",,0.00,,false,,0.00,0.0000,true,1,132433
4108,true,"מאפיינס שוקו שוקוצ""י",,,"מאפיינס שוקו שוקוצ""י",,0.00,,false,,0.00,0.0000,true,1,132434
4110,true,אורז קטניות 18 יחידו,,,אורז קטניות 18 יחידו,,0.00,,false,,0.00,0.0000,true,1,132436
4112,true,"תפו""א וירקות סגנון ה",,,"תפו""א וירקות סגנון ה",,0.00,,false,,0.00,0.0000,true,1,132438
4113,true,סלט פסטה קר,,,סלט פסטה קר,,0.00,,false,,5.00,0.0000,true,1,132439
4114,true,סלט פסטה קר 20 יחידו,,,סלט פסטה קר 20 יחידו,,0.00,,false,,0.00,0.0000,true,1,132440
4116,true,מארז ירקות מיני24 יח,,,מארז ירקות מיני24 יח,,0.00,,false,,0.00,0.0000,true,1,132442
4117,true,תמצית לשייק טעם תות,,,תמצית לשייק טעם תות,,0.00,,false,,0.00,0.0000,true,1,132443
4118,true,תמצית לשייק טעם בננה,,,תמצית לשייק טעם בננה,,0.00,,false,,0.00,0.0000,true,1,132444
4119,true,תמצית לשייק טעם שוקו,,,תמצית לשייק טעם שוקו,קילוגרמים,1.00,"ק""ג",true,,0.00,0.0000,true,1,132445
4120,true,תמצית לשייק טעם אגוז,,,תמצית לשייק טעם אגוז,,0.00,,false,,0.00,0.0000,true,1,132446
4122,true,"אייס פסיפלורה 1ק""ג",,,"אייס פסיפלורה 1ק""ג",קילוגרמים,1.00,"ק""ג",true,,0.00,0.0000,true,1,132554
4124,true,מוזלי) יוגורט8 3%( י,,,מוזלי) יוגורט8 3%( י,,0.00,,false,,0.00,0.0000,true,1,132564
4125,true,שוקו 1 קילו 10 יחיד,,,שוקו 1 קילו 10 יחיד,,0.00,,false,,0.00,0.0000,true,1,132565
4126,true,פלפל מנות 2000 יחידו,,,פלפל מנות 2000 יחידו,,0.00,,false,,0.00,0.0000,true,1,132566
4127,true,מלח מנות 2000 יחידות,,,מלח מנות 2000 יחידות,,0.00,,false,,0.00,0.0000,true,1,132567
4128,true,ביסקולידה,,,ביסקולידה,,0.00,,false,,5.00,0.0000,true,1,132575
4130,true,זוג מסטיקים מנטה240,,,זוג מסטיקים מנטה240,,0.00,,false,,0.00,0.0000,true,1,132577
4132,true,ספוג הפלא) מארז6 יחי,,,ספוג הפלא) מארז6 יחי,,0.00,,false,,0.00,0.0000,true,1,132587
4133,true,מתקן ריצפה לגליל תעש,,,מתקן ריצפה לגליל תעש,,0.00,,false,,0.00,0.0000,true,1,132588
4134,true,מתקן תליה לגליל תעשי,,,מתקן תליה לגליל תעשי,,0.00,,false,,0.00,0.0000,true,1,132589
4135,true,גליל נייר תעשייתי12,,,גליל נייר תעשייתי12,,0.00,,false,,0.00,0.0000,true,1,132590
4136,true,גלון תפוזים 4 ליטר,,,גלון תפוזים 4 ליטר,,0.00,,false,,0.00,0.0000,true,1,132591
4138,true,טירמיסו 12 יחידות בק,,,טירמיסו 12 יחידות בק,קילוגרמים,1.00,"ק""ג",true,,0.00,0.0000,true,1,132593
4141,true,מגש פרספקט למאפיינס,,,מגש פרספקט למאפיינס,,0.00,,false,,0.00,0.0000,true,1,132635
4144,true,ארגז - B משולש סלמון,,,ארגז - B משולש סלמון,,0.00,,false,,0.00,0.0000,true,1,132645
4145,true,ארגז - C משולש מיקס,,,ארגז - C משולש מיקס,,0.00,,false,,0.00,0.0000,true,1,132646
4146,true,ארגז - D משולש אנטיפ,,,ארגז - D משולש אנטיפ,,0.00,,false,,0.00,0.0000,true,1,132647
4147,true,ארגז - E לחמניית סבי,,,ארגז - E לחמניית סבי,,0.00,,false,,0.00,0.0000,true,1,132648
4148,true,ארגז - F לחמניית צפת,,,ארגז - F לחמניית צפת,,0.00,,false,,0.00,0.0000,true,1,132649
4150,true,ארגז - H לחמניית טונ,,,ארגז - H לחמניית טונ,,0.00,,false,,0.00,0.0000,true,1,132651
4151,true,"ראשיין פחית24 יח ""בק",,,"ראשיין פחית24 יח ""בק",,0.00,,false,,0.00,0.0000,true,1,132652
4153,true,ארגז J- משולש חביתה,,,ארגז J- משולש חביתה,,0.00,,false,,0.00,0.0000,true,1,132658
4154,true,כפפת סיליקון,,,כפפת סיליקון,,0.00,,false,,5.00,0.0000,true,1,132668
4155,true,"כפפת סיליקון200 יח """,,,"כפפת סיליקון200 יח """,,0.00,,false,,0.00,0.0000,true,1,132669
4161,true,מנה חמה החזר) אורז/ס,,,מנה חמה החזר) אורז/ס,,0.00,,false,,0.00,0.0000,true,1,132675
4162,true,כריך החזר,,,כריך החזר,,0.00,,false,,0.00,0.0000,true,1,132676
4163,true,קינוח החזר,,,קינוח החזר,,0.00,,false,,0.00,0.0000,true,1,132677
4164,true,לחמניה החזר,,,לחמניה החזר,,0.00,,false,,0.00,0.0000,true,1,132678
4165,true,כריך סלמון החזר,,,כריך סלמון החזר,,0.00,,false,,0.00,0.0000,true,1,132679
4168,true,שקית פירות יבשים150,,,שקית פירות יבשים150,,0.00,,false,,0.00,0.0000,true,1,132682
4169,true,אייס וניל,,,אייס וניל,,0.00,,false,,0.00,0.0000,true,1,132688
4170,true,חלב 16 - 3% ליטר באר,,,חלב 16 - 3% ליטר באר,,0.00,,false,,0.00,0.0000,true,1,132689
4171,true,חלב 12 - 1% ליטר באר,,,חלב 12 - 1% ליטר באר,,0.00,,false,,0.00,0.0000,true,1,132690
4172,true,פיקדון ארגז פלסטיק ל,,,פיקדון ארגז פלסטיק ל,,0.00,,false,,0.00,0.0000,true,1,132695
4173,true,"קיש בטטה ובצל30 יח """,,,"קיש בטטה ובצל30 יח """,,0.00,,false,,0.00,0.0000,true,1,132717
4176,true,מאפה בוקר שוקולד,,,מאפה בוקר שוקולד,,0.00,,false,,5.00,0.0000,true,1,132776
4177,true,מאפה בוקר שוקולד10 י,,,מאפה בוקר שוקולד10 י,קילוגרמים,1.00,"ק""ג",true,,0.00,0.0000,true,1,132777
4178,true,מאפה בוקר קינמון,,,מאפה בוקר קינמון,,0.00,,false,,5.00,0.0000,true,1,132778
4179,true,מאפה בוקר קינמון10 י,,,מאפה בוקר קינמון10 י,,0.00,,false,,0.00,0.0000,true,1,132779
4180,true,מאפה בוקר גבינה,,,מאפה בוקר גבינה,,0.00,,false,,5.00,0.0000,true,1,132780
4181,true,מאפה בוקר גבינה10 יח,,,מאפה בוקר גבינה10 יח,,0.00,,false,,0.00,0.0000,true,1,132781
4182,true,מאפה בוקר חמאה,,,מאפה בוקר חמאה,,0.00,,false,,5.00,0.0000,true,1,132782
4184,true,"פוקצ""ה זיתים",,,"פוקצ""ה זיתים",,0.00,,false,,5.00,0.0000,true,1,132784
4185,true,"פוקצ""ה זיתים10 יח ""ב",,,"פוקצ""ה זיתים10 יח ""ב",,0.00,,false,,0.00,0.0000,true,1,132785
4186,true,"פוקצ""ה בצל",,,"פוקצ""ה בצל",,0.00,,false,,5.00,0.0000,true,1,132786
4187,true,"פוקצ""ה בצל10 יח ""בקר",,,"פוקצ""ה בצל10 יח ""בקר",,0.00,,false,,0.00,0.0000,true,1,132787
4189,true,"פוקצ""ה זעתר10 יח ""בק",,,"פוקצ""ה זעתר10 יח ""בק",,0.00,,false,,0.00,0.0000,true,1,132789
4191,true,"פוקצ""ה ירקות10 יח ""ב",,,"פוקצ""ה ירקות10 יח ""ב",,0.00,,false,,0.00,0.0000,true,1,132791
4192,true,"פוקצ""ה עגבניות",,,"פוקצ""ה עגבניות",,0.00,,false,,5.00,0.0000,true,1,132792
4194,true,פרעצל,,,פרעצל,,0.00,,false,,5.00,0.0000,true,1,132794
4195,true,"פרעצל20 יח ""בקרטון",,,"פרעצל20 יח ""בקרטון",,0.00,,false,,0.00,0.0000,true,1,132795
4196,true,עוגה בחושה,,,עוגה בחושה,,0.00,,false,,5.00,0.0000,true,1,132796
4197,true,"עוגה בחושה9 יח ""בקרט",,,"עוגה בחושה9 יח ""בקרט",,0.00,,false,,0.00,0.0000,true,1,132797
4199,true,"בורקס גבינה10 יח ""בק",,,"בורקס גבינה10 יח ""בק",,0.00,,false,,0.00,0.0000,true,1,132799
4200,true,"בורקס תפו""א",,,"בורקס תפו""א",,0.00,,false,,5.00,0.0000,true,1,132800
4201,true,"בורקס תפו""א10 יח ""בק",,,"בורקס תפו""א10 יח ""בק",,0.00,,false,,0.00,0.0000,true,1,132801
4202,true,פילו תפוחים,,,פילו תפוחים,,0.00,,false,,5.00,0.0000,true,1,132802
4203,true,"פילו תפוחים10 יח ""בק",,,"פילו תפוחים10 יח ""בק",,0.00,,false,,0.00,0.0000,true,1,132803
4204,true,שקית נייר מאפים קופי,,,שקית נייר מאפים קופי,,0.00,,false,,0.00,0.0000,true,1,132853
4206,true,"לחמניית טונה15 יח ""ב",,,"לחמניית טונה15 יח ""ב",,0.00,,false,,0.00,0.0000,true,1,132860
4207,true,"לחמניית חביתה15 יח """,,,"לחמניית חביתה15 יח """,,0.00,,false,,0.00,0.0000,true,1,132861
4211,true,"ספגטי עגבניות24 יח """,,,"ספגטי עגבניות24 יח """,,0.00,,false,,0.00,0.0000,true,1,132869
4212,true,"אורז קטניות24 יח ""ב",,,"אורז קטניות24 יח ""ב",,0.00,,false,,0.00,0.0000,true,1,132870
4213,true,"תפו""א וירקות סגנון ה",,,"תפו""א וירקות סגנון ה",,0.00,,false,,0.00,0.0000,true,1,132871
4214,true,"פפסי קולה500 מ""ל",,,"פפסי קולה500 מ""ל",,0.00,,false,,5.00,0.0000,true,1,132880
4215,true,"פפסי מקס500 מ""ל",,,"פפסי מקס500 מ""ל",,0.00,,false,,5.00,0.0000,true,1,132881
4216,true,"מירנדה500 מ""ל",,,"מירנדה500 מ""ל",,0.00,,false,,5.00,0.0000,true,1,132882
4217,true,"סבן אפ500 מ""ל",,,"סבן אפ500 מ""ל",,0.00,,false,,5.00,0.0000,true,1,132883
4218,true,"דיאט סבן אפ500 מ""ל",,,"דיאט סבן אפ500 מ""ל",,0.00,,false,,5.00,0.0000,true,1,132884
4219,true,קרש חיתוך וסכין,,,קרש חיתוך וסכין,,0.00,,false,,0.00,0.0000,true,1,132885
4220,true,קרש חיתוך וסכין60 יח,,,קרש חיתוך וסכין60 יח,,0.00,,false,,0.00,0.0000,true,1,132886
4223,true,בקבוק ספורט,,,בקבוק ספורט,,0.00,,false,,0.00,0.0000,true,1,132923
4225,true,סט כלי ששת,,,סט כלי ששת,,0.00,,false,,0.00,0.0000,true,1,132925
4226,true,"סט כלי ששת120 יח ""בק",,,"סט כלי ששת120 יח ""בק",,0.00,,false,,0.00,0.0000,true,1,132926
4232,true,ארגז - K משולש חביתה,,,ארגז - K משולש חביתה,,0.00,,false,,0.00,0.0000,true,1,132997
4233,true,מכסה לכוס 250 קופיקס,,,מכסה לכוס 250 קופיקס,,0.00,,false,,0.00,0.0000,true,1,133003
4234,true,"עוגה בחושה10 יח ""בקר",,,"עוגה בחושה10 יח ""בקר",,0.00,,false,,0.00,0.0000,true,1,133006
4238,true,ארגז - G משולש סלמו,,,ארגז - G משולש סלמו,,0.00,,false,,0.00,0.0000,true,1,133013
4239,true,ארגז - D משולש מיקס,,,ארגז - D משולש מיקס,,0.00,,false,,0.00,0.0000,true,1,133014
4240,true,ארגז - E לחמניית סבי,,,ארגז - E לחמניית סבי,,0.00,,false,,0.00,0.0000,true,1,133015
4280,true,מארז - 6000 בוחשן כפ,,,מארז - 6000 בוחשן כפ,,0.00,,false,,0.00,0.0000,true,1,133067
4281,true,מתקן סבוניה קצף,,,מתקן סבוניה קצף,,0.00,,false,,0.00,0.0000,true,1,133089
4532,true,ניילון נצמד בודד 30,,,ניילון נצמד בודד 30,,0.00,,false,,5.00,0.0000,true,1,136851
4727,true,מארז - 96 לקקנים,,,מארז - 96 לקקנים,,0.00,,false,,0.00,0.0000,true,1,133063
4729,true,מארז - 12 מים מינרלי,,,מארז - 12 מים מינרלי,קילוגרמים,1.00,"ק""ג",true,,5.00,5.0000,true,1,133076
4730,true,מרינה סופר מכר,,,מרינה סופר מכר,,0.00,,false,,0.00,0.0000,true,1,133784
4731,true,מתקן מגבת צץ רץ,,,מתקן מגבת צץ רץ,,0.00,,false,,0.00,0.0000,true,1,133083
4732,true,"שני ק""ג עוגיות אלפחו",,,"שני ק""ג עוגיות אלפחו",קילוגרמים,1.00,"ק""ג",true,,0.00,0.0000,true,1,133084
4736,true,"ספגטי עגבניות20 יח """,,,"ספגטי עגבניות20 יח """,קילוגרמים,1.00,"ק""ג",true,,0.00,0.0000,true,1,133103
4737,true,"אורז קטניות20 יח ""בק",,,"אורז קטניות20 יח ""ב",קילוגרמים,1.00,"ק""ג",true,,0.00,0.0000,true,1,133104
4738,true,"תפו""א וירקות סגנון ה",,,"תפו""א וירקות סגנון ה",קילוגרמים,1.00,"ק""ג",true,,0.00,0.0000,true,1,133105
4742,true,מארז - 28 יוגורט אפר,,,מארז - 28 יוגורט אפר,,0.00,,false,,0.00,0.0000,true,1,133110
4743,true,מארז 30 יחידות - גבי,,,מארז 30 יחידות - גבי,,0.00,,false,,0.00,0.0000,true,1,133111
4745,true,זוג ציפיות 100 - יחי,,,זוג ציפיות 100 - יחי,,0.00,,false,,0.00,0.0000,true,1,133114
4746,true,פורס אבטיח 24 יחידות,,,פורס אבטיח 24 יחידות,קילוגרמים,1.00,"ק""ג",true,,0.00,0.0000,true,1,133116
4747,true,מחצלת חוף 50 יחידות,,,מחצלת חוף 50 יחידות,,0.00,,false,,0.00,0.0000,true,1,133117
4754,true,רול אפ וואלה,,,רול אפ וואלה,,0.00,,false,,0.00,0.0000,true,1,133129
4762,true,מארז 16 יחידות+ ארגז,,,מארז 16 יחידות+ ארגז,קילוגרמים,1.00,"ק""ג",true,,0.00,0.0000,true,1,133149
4763,true,מארז 16 יחידות+ ארגז,,,מארז 16 יחידות+ ארגז,,0.00,,false,,0.00,0.0000,true,1,133150
4766,true,"מארז180 יח - ""תיק שו",,,"מארז180 יח - ""תיק שו",,0.00,,false,,0.00,0.0000,true,1,133163
4767,true,"מארז120 יח - ""צידנית",,,"מארז120 יח - ""צידנית",,0.00,,false,,0.00,0.0000,true,1,133166
4769,true,מארז 150 יחידות - מג,,,מארז 150 יחידות - מג,,0.00,,false,,0.00,0.0000,true,1,133177
4772,true,מארז 20 יחידות - פתי,,,מארז 20 יחידות - פתי,קילוגרמים,1.00,"ק""ג",true,,0.00,0.0000,true,1,133184
4774,true,מארז 200 יחידות - מח,,,מארז 200 יחידות - מח,,0.00,,false,,0.00,0.0000,true,1,133187
4776,true,מארז 144 יחידות - זו,,,מארז 144 יחידות - זו,,0.00,,false,,0.00,0.0000,true,1,133198
4777,true,מארז 140 יחידות- שלי,,,מארז 140 יחידות- שלי,,0.00,,false,,0.00,0.0000,true,1,133199
4779,true,מארז 1 קילו - נקניקי,,,מארז 1 קילו - נקניקי,,0.00,,false,,0.00,0.0000,true,1,133202
4780,true,מארז 36 יחידות - כפכ,,,מארז 36 יחידות - כפכ,,0.00,,false,,0.00,0.0000,true,1,133203
4781,true,מארז 150 יחידות - קי,,,מארז 150 יחידות - קי,,0.00,,false,,0.00,0.0000,true,1,133204
4782,true,מארז 16 יחידות - לאב,,,מארז 16 יחידות - לאב,,0.00,,false,,0.00,0.0000,true,1,133207
4783,true,מארז 12 יחידות - גרע,,,מארז 12 יחידות - גרע,,0.00,,false,,0.00,0.0000,true,1,133240
4784,true,מארז 24 יחידות - טוב,,,מארז 24 יחידות - טוב,,0.00,,false,,0.00,0.0000,true,1,133241
4785,true,מארז 12 יחידות - עוג,,,מארז 12 יחידות - עוג,,0.00,,false,,0.00,0.0000,true,1,133242
4786,true,מארז 24 יחידות - גרנ,,,מארז 24 יחידות - גרנ,,0.00,,false,,0.00,0.0000,true,1,133243
4787,true,מארז 36 יחידות - מגב,,,מארז 36 יחידות - מגב,,0.00,,false,,0.00,0.0000,true,1,133244
4788,true,מארז 12 יחידות - סוכ,,,מארז 12 יחידות - סוכ,,0.00,,false,,0.00,0.0000,true,1,133245
4789,true,מארז 20 יחידות - פסט,,,מארז 20 יחידות - פסט,,0.00,,false,,0.00,0.0000,true,1,133246
4790,true,מארז 36 יחידות - בול,,,מארז 36 יחידות - בול,,0.00,,false,,0.00,0.0000,true,1,133247
4791,true,מארז 30 יחידות - דגנ,,,מארז 30 יחידות - דגנ,,0.00,,false,,0.00,0.0000,true,1,133248
4792,true,מארז 12 יחידות -פרינ,,,מארז 12 יחידות -פרינ,,0.00,,false,,0.00,0.0000,true,1,133249
4795,true,מארז20 זוגות בקרטון,,,מארז20 זוגות בקרטון,,0.00,,false,,0.00,0.0000,true,1,133254
4796,true,מארז 10 יחידות בקרטו,,,מארז 10 יחידות בקרטו,,0.00,,false,,0.00,0.0000,true,1,133255
4800,true,מארז 14 יחידות בקרטו,,,מארז 14 יחידות בקרטו,,0.00,,false,,0.00,0.0000,true,1,133261
4801,true,מארז 14 יחידות בקרטו,,,מארז 14 יחידות בקרטו,,0.00,,false,,0.00,0.0000,true,1,133262
4802,true,מארז 16 יחידות בקרטו,,,מארז 16 יחידות בקרטו,,0.00,,false,,0.00,0.0000,true,1,133263
4803,true,מארז 16 יחידות בקרטו,,,מארז 16 יחידות בקרטו,,0.00,,false,,0.00,0.0000,true,1,133264
4804,true,מארז 120 יחידות בקרט,,,מארז 120 יחידות בקרט,,0.00,,false,,0.00,0.0000,true,1,133265
4805,true,מארז 12 יחידות בקרטו,,,מארז 12 יחידות בקרטו,,0.00,,false,,0.00,0.0000,true,1,133266
4806,true,מארז 12 יחידות בקרטו,,,מארז 12 יחידות בקרטו,קילוגרמים,1.00,"ק""ג",true,,0.00,0.0000,true,1,133267
4807,true,נס קפה 1 קילו,,,נס קפה 1 קילו,,0.00,,false,,0.00,0.0000,true,1,133269
4809,true,מארז 24 יחידות בקרטו,,,מארז 24 יחידות בקרטו,,0.00,,false,,0.00,0.0000,true,1,133277
4821,true,ארגז כריכים) חד-פעמי,,,ארגז כריכים) חד-פעמי,,0.00,,false,,0.00,0.0000,true,1,133295
4822,true,סמבוסק פיצה15 יחידות,,,סמבוסק פיצה15 יחידות,,0.00,,false,,0.00,0.0000,true,1,133296
4823,true,סמבוסק טונה14 יחידות,,,סמבוסק טונה14 יחידות,,0.00,,false,,0.00,0.0000,true,1,133297
4824,true,בייגלה רומני20 יחידו,,,בייגלה רומני20 יחידו,,0.00,,false,,0.00,0.0000,true,1,133299
4828,true,עוגת דבש,,,עוגת דבש,,0.00,,false,,5.00,0.0000,true,1,133324
4833,true,מארז4 יחידות בקרטון,,,מארז4 יחידות בקרטון,,0.00,,false,,0.00,0.0000,true,1,133357
4840,true,ערכת פתיחה לזכיין מת,,,ערכת פתיחה לזכיין מת,,0.00,,false,,0.00,0.0000,true,1,135322
4845,true,קרטוניות לסחלב שוקול,,,קרטוניות לסחלב שוקול,,0.00,,false,,0.00,0.0000,true,1,138087
5564,true,50סכינים קשיח,,,50סכינים קשיח,,0.00,,false,,0.00,0.0000,true,1,135399
5656,true,"חיוב תפוצ""יפס מחודש",,,"חיוב תפוצ""יפס מחודש",,0.00,,false,,0.00,0.0000,true,1,139121
6247,true,מפעל-אריזה למגשי איר,,,מפעל-אריזה למגשי איר,,0.00,,false,,0.00,0.0000,true,1,136435
9999,true,כרטיס נטען,,,כרטיס נטען,,0.00,,false,,0.00,0.0000,true,1,133331
10000,true,כריך טונה לפסח,,,כריך טונה לפסח,,0.00,,false,,0.00,0.0000,true,1,132568
10001,true,כריך מיקס גבינות לפס,,,כריך מיקס גבינות לפס,,0.00,,false,,0.00,0.0000,true,1,132569
10002,true,כריך אבוקדו לפסח,,,כריך אבוקדו לפסח,,0.00,,false,,0.00,0.0000,true,1,132572
10003,true,כריך חביתה לפסח,,,כריך חביתה לפסח,,0.00,,false,,0.00,0.0000,true,1,132573
10004,true,כריך סביח לפסח,,,כריך סביח לפסח,,0.00,,false,,0.00,0.0000,true,1,132574
10009,true,עוגת דבש 250 גרם - ה,,,עוגת דבש 250 גרם - ה,,0.00,,false,,6.00,0.0000,true,1,136392
10010,true,מפעל -מעורב ביצים10,,,מפעל -מעורב ביצים10,,0.00,,false,,2999.90,0.0000,true,1,135890
10541,true,מוצארט בינוני,,,מוצארט בינוני,קילוגרמים,1.00,"ק""ג",true,,12.00,12.0000,true,1,139125
11059,true,מפעל-אבקת וואסבי,,,מפעל-אבקת וואסבי,,0.00,,false,,0.00,0.0000,true,1,135185
12345,true,fdgsdvgdf,,,fdgsdvgdf,,0.00,,false,,0.00,0.0000,true,1,132306
13690,true,כפפות ניטריל מידה M,,,כפפות ניטריל מידה M,,0.00,,false,,0.00,0.0000,true,1,136480
15008,true,מפעל-רוטב יאמאסה פרי,,,מפעל-רוטב יאמאסה פרי,,0.00,,false,,0.00,0.0000,true,1,135281
15042,true,"מפעל-רוטב סויה 15 ג""",,,"מפעל-רוטב סויה 15 ג""",,0.00,,false,,0.00,0.0000,true,1,135186
16062,true,מפעל-חומץ אורז מיצוק,,,מפעל-חומץ אורז מיצוק,,0.00,,false,,0.00,0.0000,true,1,134880
18019,true,"מפעל-ג""ינג""ר כבוש לב",,,"מפעל-ג""ינג""ר כבוש לב",,0.00,,false,,0.00,0.0000,true,1,135187
18023,true,מפעל-קנפיו רצועות דל,,,מפעל-קנפיו רצועות דל,,0.00,,false,,0.00,0.0000,true,1,135188
20005,true,פאי אישי קטן אמריקן,,,פאי אישי קטן אמריקן,קילוגרמים,1.00,"ק""ג",true,,12.00,12.0000,true,1,139126
20205,true,פאי אישי קטן שוקולד,,,פאי אישי קטן שוקולד,קילוגרמים,1.00,"ק""ג",true,,12.00,12.0000,true,1,139127
35893,true,ממתק חמוץ ומסוכר בטע,,,ממתק חמוץ ומסוכר בטע,,0.00,,false,,5.00,0.0000,true,1,133931
36122,true,פשטידת בטטה אישית,,,פשטידת בטטה אישית,קילוגרמים,1.00,"ק""ג",true,,12.00,12.0000,true,1,139133
36322,true,פשטידת בצל אישית,,,פשטידת בצל אישית,קילוגרמים,1.00,"ק""ג",true,,12.00,12.0000,true,1,139134
44857,true,וופל רול בפח בטעם שו,,,וופל רול בפח בטעם שו,,0.00,,false,,0.00,0.0000,true,1,135945
44858,true,וופל רול בפח בטעם אג,,,וופל רול בפח בטעם אג,,0.00,,false,,0.00,0.0000,true,1,135663
50010,true,מפעל-ביצה קשה יד אור,,,מפעל-ביצה קשה יד אור,,0.00,,false,,2999.90,0.0000,true,1,133787
50011,true,מפעל-חלבון ביצים מבו,,,מפעל-חלבון ביצים מבו,,0.00,,false,,2999.90,0.0000,true,1,135360
50012,true,מפעל-חלמון ביצים מבו,,,מפעל-חלמון ביצים מבו,,0.00,,false,,2999.90,0.0000,true,1,135361
50301,true,קוראסון שוקולד לא אפ,,,קוראסון שוקולד לא אפ,,0.00,,false,,0.00,0.0000,true,1,136385
50302,true,גביניות לא אפוי - ר,,,גביניות לא אפוי - ר,,0.00,,false,,0.00,0.0000,true,1,136386
50303,true,קוראסון ריק לא אפוי,,,קוראסון ריק לא אפוי,,0.00,,false,,0.00,0.0000,true,1,136387
50304,true,בורקס גבינה לא אפוי,,,בורקס גבינה לא אפוי,,0.00,,false,,0.00,0.0000,true,1,136388
50305,true,"בורקס תפו""א לא אפוי",,,"בורקס תפו""א לא אפוי",,0.00,,false,,0.00,0.0000,true,1,136389
55428,true,משקה שקדים עמיד 1 לי,,,משקה שקדים עמיד 1 לי,,0.00,,false,,11.90,0.0000,true,1,140159
56464,true,מפעל-בייגל טוסט,,,מפעל-בייגל טוסט,,0.00,,false,,2999.90,0.0000,true,1,137526
57453,true,"מפעל -עמק חריץ בד""ץ",,,"מפעל -עמק חריץ בד""ץ",קילוגרמים,1.00,"ק""ג",true,,2999.90,2999.9000,true,1,134936
75075,true,קדירת מרק 10 ליטר,,,קדירת מרק 10 ליטר,,0.00,,false,,0.00,0.0000,true,1,133713
81014,true,חלב שקית + 3% ארגז פ,,,חלב שקית + 3% ארגז פ,קילוגרמים,1.00,"ק""ג",true,,2999.00,2999.0000,true,1,139123
100100,true,מפעל-תבור למהדרין מג,,,מפעל-תבור למהדרין מג,,0.00,,false,,2999.90,0.0000,true,1,135198
100610,true,מפעל-גבינה בולגרית ל,,,מפעל-גבינה בולגרית ל,,0.00,,false,,2999.90,0.0000,true,1,133837
100633,true,מפעל-לה פטה שש-בש 4,,,מפעל-לה פטה שש-בש 4,,0.00,,false,,2999.90,0.0000,true,1,133773
123456,true,קופון טסט,,,קופון טסט,,0.00,,false,,0.01,0.0000,true,1,132220
128901,true,מפעל טרמיסו,,,מפעל טרמיסו,,0.00,,false,,12.00,0.0000,true,1,137470
128902,true,מפעל- בוואריה פרווה,,,מפעל- בוואריה פרווה,,0.00,,false,,5.00,0.0000,true,1,137471
128979,true,מפעל-קוסקוס בינוני,,,מפעל-קוסקוס בינוני,,0.00,,false,,2999.90,0.0000,true,1,136758
131700,true,מפעל - נייר טואלט לי,,,מפעל - נייר טואלט לי,,0.00,,false,,0.00,0.0000,true,1,137504
150004,true,"מפעל-סוכר סוגת בד""ץ",,,"מפעל-סוכר סוגת בד""ץ",,0.00,,false,,2999.00,0.0000,true,1,134641
150207,true,"מפעל-מלח עבה 1 ק""ג ב",,,"מפעל-מלח עבה 1 ק""ג ב",,0.00,,false,,0.00,0.0000,true,1,134779
150209,true,מפעל-מלח דק עתלית בד,,,מפעל-מלח דק עתלית בד,,0.00,,false,,0.00,0.0000,true,1,134642
180107,true,מפעל -חמוציות בתפזור,,,מפעל -חמוציות בתפזור,קילוגרמים,1.00,"ק""ג",true,,2999.90,2999.9000,true,1,135703
206010,true,גבינה פירורים בינוני,,,גבינה פירורים בינוני,קילוגרמים,1.00,"ק""ג",true,,12.00,12.0000,true,1,139128
230113,true,מפעל-בורגול 5 קילו ב,,,מפעל-בורגול 5 קילו ב,,0.00,,false,,0.00,0.0000,true,1,134675
230136,true,מפעל-עדשים שחורות 5,,,מפעל-עדשים שחורות 5,,0.00,,false,,2999.00,0.0000,true,1,135206
291963,true,אקונומיקה סמיכה סנו,,,אקונומיקה סמיכה סנו,,0.00,,false,,0.00,0.0000,true,1,139723
302027,true,פאקט-טיים רד,,,פאקט-טיים רד,,0.00,,false,,0.00,0.0000,true,1,136891
302041,true,פאקט-טיים 100 רד,,,פאקט-טיים 100 רד,,0.00,,false,,0.00,0.0000,true,1,137587
303795,true,פרגית אמיתית 16 יח,,,פרגית אמיתית 16 יח,קילוגרמים,1.00,"ק""ג",true,,0.00,0.0000,true,1,137300
303825,true,זוג פרגית במגש 8 יח,,,זוג פרגית במגש 8 יח,קילוגרמים,1.00,"ק""ג",true,,0.00,0.0000,true,1,137301
303832,true,פרגית אמיתית 16 יח ת,,,פרגית אמיתית 16 יח ת,קילוגרמים,1.00,"ק""ג",true,,0.00,0.0000,true,1,137302
303863,true,עוף של פעם,,,עוף של פעם,קילוגרמים,1.00,"ק""ג",true,,0.00,0.0000,true,1,137427
303870,true,כרעיים של פעם,,,כרעיים של פעם,קילוגרמים,1.00,"ק""ג",true,,0.00,0.0000,true,1,137428
303887,true,חזה של פעם,,,חזה של פעם,קילוגרמים,1.00,"ק""ג",true,,0.00,0.0000,true,1,137429
303894,true,פילה של פעם,,,פילה של פעם,קילוגרמים,1.00,"ק""ג",true,,0.00,0.0000,true,1,137430
303900,true,כנפיים של פעם,,,כנפיים של פעם,קילוגרמים,1.00,"ק""ג",true,,0.00,0.0000,true,1,137431
303917,true,כבד של פעם,,,כבד של פעם,קילוגרמים,1.00,"ק""ג",true,,0.00,0.0000,true,1,137432
305988,true,"גביע ליוגורט 200 מ""ל",,,"גביע ליוגורט 200 מ""ל",,0.00,,false,,0.00,0.0000,true,1,138399
305989,true,"גביע ליוגורט 240 מ""ל",,,"גביע ליוגורט 240 מ""ל",,0.00,,false,,0.00,0.0000,true,1,138094
330113,true,"מפעל-מרק ט .עוף 1 ק""",,,"מפעל-מרק ט .עוף 1 ק""",,0.00,,false,,0.00,0.0000,true,1,134828
350108,true,"מפעל-פלפל שטה -צ""ילי",,,"מפעל-פלפל שטה -צ""ילי",,0.00,,false,,0.00,0.0000,true,1,134970
350111,true,מפעל-פפריקה מתוקה 1,,,מפעל-פפריקה מתוקה 1,,0.00,,false,,0.00,0.0000,true,1,134782
350127,true,"מפעל-רוזמרין 1 ק""ג ג",,,"מפעל-רוזמרין 1 ק""ג ג",,0.00,,false,,0.00,0.0000,true,1,134829
350175,true,"מפעל-מלח לימון ק""ג ג",,,"מפעל-מלח לימון ק""ג ג",,0.00,,false,,0.00,0.0000,true,1,134783
350199,true,מפעל-אורגנו,,,מפעל-אורגנו,,0.00,,false,,0.00,0.0000,true,1,134784
360120,true,מפעל-פלפל שחור טחון,,,מפעל-פלפל שחור טחון,,0.00,,false,,0.00,0.0000,true,1,135420
360122,true,מפעל-פפריקה חריפה 1,,,מפעל-פפריקה חריפה 1,,0.00,,false,,0.00,0.0000,true,1,134785
370001,true,מפעל-פפריקה מתוקה מע,,,מפעל-פפריקה מתוקה מע,,0.00,,false,,0.00,0.0000,true,1,136336
370003,true,מפעל-פלפל שטה גרוסה,,,מפעל-פלפל שטה גרוסה,,0.00,,false,,0.00,0.0000,true,1,136337
370006,true,מפעל-פלפל שחור גרוס,,,מפעל-פלפל שחור גרוס,,0.00,,false,,0.00,0.0000,true,1,136622
370008,true,מפעל-פלפל שחור טחון,,,מפעל-פלפל שחור טחון,,0.00,,false,,0.00,0.0000,true,1,136338
379593,true,מפעל-מונדלך גדול שמי,,,מפעל-מונדלך גדול שמי,,0.00,,false,,2999.90,0.0000,true,1,135908
400001,true,עוף שלם,,,עוף שלם,קילוגרמים,1.00,"ק""ג",true,,0.00,0.0000,true,1,136910
400002,true,עוף מפורק,,,עוף מפורק,קילוגרמים,1.00,"ק""ג",true,,0.00,0.0000,true,1,136911
400003,true,כרעיים עוף,,,כרעיים עוף,קילוגרמים,1.00,"ק""ג",true,,0.00,0.0000,true,1,136912
400004,true,שוקיים עוף,,,שוקיים עוף,קילוגרמים,1.00,"ק""ג",true,,0.00,0.0000,true,1,136913
400005,true,ירכיים עוף,,,ירכיים עוף,קילוגרמים,1.00,"ק""ג",true,,0.00,0.0000,true,1,136914
400006,true,כנפיים עוף,,,כנפיים עוף,קילוגרמים,1.00,"ק""ג",true,,0.00,0.0000,true,1,136915
400009,true,שניצל עוף פרוס מובחר,,,שניצל עוף פרוס מובחר,קילוגרמים,1.00,"ק""ג",true,,0.00,0.0000,true,1,136916
400010,true,פרגיות עוף,,,פרגיות עוף,קילוגרמים,1.00,"ק""ג",true,,0.00,0.0000,true,1,136917
400011,true,שיפודי פרגיות,,,שיפודי פרגיות,קילוגרמים,1.00,"ק""ג",true,,0.00,0.0000,true,1,136918
400013,true,עופיון,,,עופיון,קילוגרמים,1.00,"ק""ג",true,,0.00,0.0000,true,1,136919
400014,true,כבד עוף,,,כבד עוף,קילוגרמים,1.00,"ק""ג",true,,0.00,0.0000,true,1,136920
400015,true,לבבות עוף,,,לבבות עוף,קילוגרמים,1.00,"ק""ג",true,,0.00,0.0000,true,1,136921
400017,true,טחון עוף,,,טחון עוף,קילוגרמים,1.00,"ק""ג",true,,0.00,0.0000,true,1,136922
400018,true,פילה עוף,,,פילה עוף,קילוגרמים,1.00,"ק""ג",true,,0.00,0.0000,true,1,136923
400021,true,שיפודי לבבות,,,שיפודי לבבות,קילוגרמים,1.00,"ק""ג",true,,0.00,0.0000,true,1,136924
400024,true,כרעיים בלי עור,,,כרעיים בלי עור,קילוגרמים,1.00,"ק""ג",true,,0.00,0.0000,true,1,136925
400028,true,עוף ללא עצמות,,,עוף ללא עצמות,קילוגרמים,1.00,"ק""ג",true,,0.00,0.0000,true,1,136926
400102,true,רצועות עוף,,,רצועות עוף,קילוגרמים,1.00,"ק""ג",true,,0.00,0.0000,true,1,136927
400103,true,כנפיים הודו,,,כנפיים הודו,קילוגרמים,1.00,"ק""ג",true,,0.00,0.0000,true,1,136928
400104,true,גרון הודו,,,גרון הודו,קילוגרמים,1.00,"ק""ג",true,,0.00,0.0000,true,1,136929
400106,true,רצועות שווארמה נקבה,,,רצועות שווארמה נקבה,קילוגרמים,1.00,"ק""ג",true,,0.00,0.0000,true,1,136930
400107,true,שיפודי שווארמה נקבה,,,שיפודי שווארמה נקבה,קילוגרמים,1.00,"ק""ג",true,,0.00,0.0000,true,1,136931
400108,true,שווארמה הודו נקבה,,,שווארמה הודו נקבה,קילוגרמים,1.00,"ק""ג",true,,0.00,0.0000,true,1,136932
400109,true,וויסבראטן,,,וויסבראטן,קילוגרמים,1.00,"ק""ג",true,,0.00,0.0000,true,1,136933
400111,true,אווזית,,,אווזית,קילוגרמים,1.00,"ק""ג",true,,0.00,0.0000,true,1,136934
400112,true,"צ""אך",,,"צ""אך",קילוגרמים,1.00,"ק""ג",true,,0.00,0.0000,true,1,136935
400115,true,כרעיים ללא עצם,,,כרעיים ללא עצם,קילוגרמים,1.00,"ק""ג",true,,0.00,0.0000,true,1,136936
400117,true,נקניקיות מרגז,,,נקניקיות מרגז,קילוגרמים,1.00,"ק""ג",true,,0.00,0.0000,true,1,136937
400118,true,קבב טרי,,,קבב טרי,קילוגרמים,1.00,"ק""ג",true,,0.00,0.0000,true,1,136938
400121,true,חזה הודו,,,חזה הודו,קילוגרמים,1.00,"ק""ג",true,,0.00,0.0000,true,1,136939
400209,true,אסאדו \שפונדרה עגל,,,אסאדו \שפונדרה עגל,קילוגרמים,1.00,"ק""ג",true,,0.00,0.0000,true,1,136940
400213,true,מעורב ירושלמי,,,מעורב ירושלמי,קילוגרמים,1.00,"ק""ג",true,,0.00,0.0000,true,1,136941
400222,true,אנטריקוט עם עצם טרי,,,אנטריקוט עם עצם טרי,קילוגרמים,1.00,"ק""ג",true,,0.00,0.0000,true,1,136942
400226,true,המבורגר טרי,,,המבורגר טרי,קילוגרמים,1.00,"ק""ג",true,,0.00,0.0000,true,1,136943
400227,true,בשר ראש עגל,,,בשר ראש עגל,קילוגרמים,1.00,"ק""ג",true,,0.00,0.0000,true,1,136944
400228,true,שפונדרה,,,שפונדרה,קילוגרמים,1.00,"ק""ג",true,,0.00,0.0000,true,1,136945
400236,true,שייטל,,,שייטל,קילוגרמים,1.00,"ק""ג",true,,0.00,0.0000,true,1,136946
400237,true,כתף מניון,,,כתף מניון,קילוגרמים,1.00,"ק""ג",true,,0.00,0.0000,true,1,136947
400301,true,אנטריקוט טרי,,,אנטריקוט טרי,קילוגרמים,1.00,"ק""ג",true,,0.00,0.0000,true,1,136948
400302,true,צלעות בקר טרי,,,צלעות בקר טרי,קילוגרמים,1.00,"ק""ג",true,,0.00,0.0000,true,1,136949
400305,true,צלי כתף טרי,,,צלי כתף טרי,קילוגרמים,1.00,"ק""ג",true,,0.00,0.0000,true,1,136950
400306,true,פילה מדומה טרי,,,פילה מדומה טרי,קילוגרמים,1.00,"ק""ג",true,,0.00,0.0000,true,1,136951
400309,true,סינטה טרי,,,סינטה טרי,קילוגרמים,1.00,"ק""ג",true,,0.00,0.0000,true,1,136952
400310,true,פילה בקר טרי,,,פילה בקר טרי,קילוגרמים,1.00,"ק""ג",true,,0.00,0.0000,true,1,136953
400313,true,אסאדו,,,אסאדו,קילוגרמים,1.00,"ק""ג",true,,0.00,0.0000,true,1,136954
400326,true,טחון טרי,,,טחון טרי,קילוגרמים,1.00,"ק""ג",true,,0.00,0.0000,true,1,136955
400401,true,כתף טלה,,,כתף טלה,קילוגרמים,1.00,"ק""ג",true,,0.00,0.0000,true,1,136956
400406,true,לשון בקר טרי,,,לשון בקר טרי,קילוגרמים,1.00,"ק""ג",true,,0.00,0.0000,true,1,136957
400411,true,בשר ראש בקר טרי,,,בשר ראש בקר טרי,קילוגרמים,1.00,"ק""ג",true,,0.00,0.0000,true,1,136958
400412,true,עצמות מוח,,,עצמות מוח,קילוגרמים,1.00,"ק""ג",true,,0.00,0.0000,true,1,137903
400413,true,שריר בשר,,,שריר בשר,קילוגרמים,1.00,"ק""ג",true,,0.00,0.0000,true,1,137904
400414,true,אוסובוקו,,,אוסובוקו,קילוגרמים,1.00,"ק""ג",true,,0.00,0.0000,true,1,137905
400415,true,צלי כתף,,,צלי כתף,קילוגרמים,1.00,"ק""ג",true,,0.00,0.0000,true,1,137906
400416,true,צוואר טלה טרי,,,צוואר טלה טרי,קילוגרמים,1.00,"ק""ג",true,,0.00,0.0000,true,1,138153
400417,true,צלעות טלה טרי,,,צלעות טלה טרי,קילוגרמים,1.00,"ק""ג",true,,0.00,0.0000,true,1,138154
400418,true,חזה טלה טרי,,,חזה טלה טרי,קילוגרמים,1.00,"ק""ג",true,,0.00,0.0000,true,1,138155
410008,true,חזה עוף,,,חזה עוף,קילוגרמים,1.00,"ק""ג",true,,0.00,0.0000,true,1,136959
500122,true,מפעל-רצועות עוף 10 ק,,,מפעל-רצועות עוף 10 ק,קילוגרמים,1.00,"ק""ג",true,,0.00,0.0000,true,1,136623
515042,true,"קמח לבן 1 ק""ג",,,"קמח לבן 1 ק""ג",,0.00,,false,,0.00,0.0000,true,1,132641
542041,true,מפעל-לחמנייה כפרי אר,,,מפעל-לחמנייה כפרי אר,,0.00,,false,,2999.90,0.0000,true,1,135909
542379,true,מפעל-מיני כפרית,,,מפעל-מיני כפרית,,0.00,,false,,0.70,0.0000,true,1,136402
554402,true,מעדן חלב מלבי גד 160,,,מעדן חלב מלבי גד 160,,0.00,,false,,5.00,0.0000,true,1,143331
605018,true,מפעל-מזרה סוכריות,,,מפעל-מזרה סוכריות,,0.00,,false,,0.00,0.0000,true,1,135839
605031,true,מפעל-מזרה בטעם שוקול,,,מפעל-מזרה בטעם שוקול,,0.00,,false,,2999.00,0.0000,true,1,136319
608466,true,מפעל-תערובת כדורים ב,,,מפעל-תערובת כדורים ב,,0.00,,false,,0.00,0.0000,true,1,135913
609003,true,מפעל-אבקת סוכר שק ני,,,מפעל-אבקת סוכר שק ני,,0.00,,false,,0.00,0.0000,true,1,136488
609058,true,מפעל-אבקת קקאו20/22,,,מפעל-אבקת קקאו20/22,,0.00,,false,,0.00,0.0000,true,1,136489
611068,true,שניצל פטם דק דק,,,שניצל פטם דק דק,קילוגרמים,1.00,"ק""ג",true,,0.00,0.0000,true,1,137303
611082,true,עוף שלם ללא עצם טרי,,,עוף שלם ללא עצם טרי,קילוגרמים,1.00,"ק""ג",true,,0.00,0.0000,true,1,137304
611099,true,כבד טרי,,,כבד טרי,קילוגרמים,1.00,"ק""ג",true,,0.00,0.0000,true,1,137305
611118,true,מפעל-בוטנים גרוסים ד,,,מפעל-בוטנים גרוסים ד,,0.00,,false,,0.00,0.0000,true,1,135840
611129,true,ירכיים טרי,,,ירכיים טרי,קילוגרמים,1.00,"ק""ג",true,,0.00,0.0000,true,1,137306
611143,true,טחול טרי,,,טחול טרי,קילוגרמים,1.00,"ק""ג",true,,0.00,0.0000,true,1,137307
611150,true,לב טרי,,,לב טרי,קילוגרמים,1.00,"ק""ג",true,,0.00,0.0000,true,1,137308
611167,true,נתחי חזה פטם תפז,,,נתחי חזה פטם תפז,קילוגרמים,1.00,"ק""ג",true,,0.00,0.0000,true,1,137309
611181,true,כנפיים טרי,,,כנפיים טרי,קילוגרמים,1.00,"ק""ג",true,,0.00,0.0000,true,1,137310
611204,true,שניצל דק דק,,,שניצל דק דק,קילוגרמים,1.00,"ק""ג",true,,0.00,0.0000,true,1,137311
611228,true,פילה טרי,,,פילה טרי,קילוגרמים,1.00,"ק""ג",true,,0.00,0.0000,true,1,137312
611242,true,פילה עוף טרי,,,פילה עוף טרי,קילוגרמים,1.00,"ק""ג",true,,0.00,0.0000,true,1,137313
611259,true,חזה חצוי,,,חזה חצוי,קילוגרמים,1.00,"ק""ג",true,,0.00,0.0000,true,1,137314
611273,true,פ -4תפזורת טרי,,,פ -4תפזורת טרי,קילוגרמים,1.00,"ק""ג",true,,0.00,0.0000,true,1,137433
611280,true,פטם טרי,,,פטם טרי,קילוגרמים,1.00,"ק""ג",true,,0.00,0.0000,true,1,137315
611327,true,נתח פרגית טרי,,,נתח פרגית טרי,קילוגרמים,1.00,"ק""ג",true,,0.00,0.0000,true,1,137316
611334,true,סטייק פרגית ב.ע .,,,סטייק פרגית ב.ע .,קילוגרמים,1.00,"ק""ג",true,,0.00,0.0000,true,1,137317
611389,true,כנפית פטם,,,כנפית פטם,קילוגרמים,1.00,"ק""ג",true,,0.00,0.0000,true,1,137318
611396,true,סטייק פרגית ע.ע .,,,סטייק פרגית ע.ע .,קילוגרמים,1.00,"ק""ג",true,,0.00,0.0000,true,1,137319
611402,true,עוף צעיר טרי,,,עוף צעיר טרי,קילוגרמים,1.00,"ק""ג",true,,0.00,0.0000,true,1,137320
611419,true,קורקבן טרי,,,קורקבן טרי,קילוגרמים,1.00,"ק""ג",true,,0.00,0.0000,true,1,137321
611440,true,"שניצל 150 גר """,,,"שניצל 150 גר """,קילוגרמים,1.00,"ק""ג",true,,0.00,0.0000,true,1,137322
611471,true,"שוקיים טרי תפז """,,,"שוקיים טרי תפז """,קילוגרמים,1.00,"ק""ג",true,,0.00,0.0000,true,1,137323
611518,true,כרעיים טרי,,,כרעיים טרי,קילוגרמים,1.00,"ק""ג",true,,0.00,0.0000,true,1,137324
611563,true,קוקטייל טרי,,,קוקטייל טרי,קילוגרמים,1.00,"ק""ג",true,,0.00,0.0000,true,1,137325
611600,true,פ -4גדול,,,פ -4גדול,קילוגרמים,1.00,"ק""ג",true,,0.00,0.0000,true,1,137326
611624,true,"פ -4מס 2 """,,,"פ -4מס 2 """,קילוגרמים,1.00,"ק""ג",true,,0.00,0.0000,true,1,137327
611716,true,שווארמה) פרגית (,,,שווארמה) פרגית (,קילוגרמים,1.00,"ק""ג",true,,0.00,0.0000,true,1,137328
611808,true,כרעיים טרי טנא,,,כרעיים טרי טנא,קילוגרמים,1.00,"ק""ג",true,,0.00,0.0000,true,1,137329
611839,true,שוקיים טרי,,,שוקיים טרי,קילוגרמים,1.00,"ק""ג",true,,0.00,0.0000,true,1,137330
611846,true,כרעיים טרי,,,כרעיים טרי,קילוגרמים,1.00,"ק""ג",true,,0.00,0.0000,true,1,137331
611853,true,כנפיים טרי,,,כנפיים טרי,קילוגרמים,1.00,"ק""ג",true,,0.00,0.0000,true,1,137332
611860,true,חזה טרי,,,חזה טרי,קילוגרמים,1.00,"ק""ג",true,,0.00,0.0000,true,1,137333
611877,true,ירכיים טרי,,,ירכיים טרי,קילוגרמים,1.00,"ק""ג",true,,0.00,0.0000,true,1,137334
611884,true,כבד טרי,,,כבד טרי,קילוגרמים,1.00,"ק""ג",true,,0.00,0.0000,true,1,137335
611891,true,לבבות טרי,,,לבבות טרי,קילוגרמים,1.00,"ק""ג",true,,0.00,0.0000,true,1,137336
611938,true,טחול טרי,,,טחול טרי,קילוגרמים,1.00,"ק""ג",true,,0.00,0.0000,true,1,137337
611945,true,קורקבן טרי,,,קורקבן טרי,קילוגרמים,1.00,"ק""ג",true,,0.00,0.0000,true,1,137338
611952,true,כרעיים טרי 250,,,כרעיים טרי 250,קילוגרמים,1.00,"ק""ג",true,,0.00,0.0000,true,1,137339
611969,true,כרעיים טרי 300,,,כרעיים טרי 300,קילוגרמים,1.00,"ק""ג",true,,0.00,0.0000,true,1,137340
611983,true,שניצל פרוס,,,שניצל פרוס,קילוגרמים,1.00,"ק""ג",true,,0.00,0.0000,true,1,137341
611990,true,שוארמה טרי,,,שוארמה טרי,קילוגרמים,1.00,"ק""ג",true,,0.00,0.0000,true,1,137342
612069,true,כרעיים ללא עצם גב,,,כרעיים ללא עצם גב,קילוגרמים,1.00,"ק""ג",true,,0.00,0.0000,true,1,137343
612102,true,ירך פטם ב.ע.ג .,,,ירך פטם ב.ע.ג .,קילוגרמים,1.00,"ק""ג",true,,0.00,0.0000,true,1,137344
612126,true,כנף חצויה,,,כנף חצויה,קילוגרמים,1.00,"ק""ג",true,,0.00,0.0000,true,1,137345
612149,true,כנף הודו מפורק,,,כנף הודו מפורק,קילוגרמים,1.00,"ק""ג",true,,0.00,0.0000,true,1,137346
612157,true,סטייק פרגיות ארוז,,,סטייק פרגיות ארוז,קילוגרמים,1.00,"ק""ג",true,,0.00,0.0000,true,1,137347
612164,true,חזה הודו נקבה טרי תפ,,,חזה הודו נקבה טרי תפ,קילוגרמים,1.00,"ק""ג",true,,0.00,0.0000,true,1,137415
612171,true,שווארמה הודו נקבה,,,שווארמה הודו נקבה,קילוגרמים,1.00,"ק""ג",true,,0.00,0.0000,true,1,137348
612195,true,הודו שלם נקבה,,,הודו שלם נקבה,קילוגרמים,1.00,"ק""ג",true,,0.00,0.0000,true,1,137349
612201,true,כבד טרי,,,כבד טרי,קילוגרמים,1.00,"ק""ג",true,,0.00,0.0000,true,1,137350
612218,true,קורקבן טרי,,,קורקבן טרי,קילוגרמים,1.00,"ק""ג",true,,0.00,0.0000,true,1,137351
612225,true,לב טרי,,,לב טרי,קילוגרמים,1.00,"ק""ג",true,,0.00,0.0000,true,1,137352
612232,true,אשכים,,,אשכים,קילוגרמים,1.00,"ק""ג",true,,0.00,0.0000,true,1,137353
612249,true,פרפר זכר טרי,,,פרפר זכר טרי,קילוגרמים,1.00,"ק""ג",true,,0.00,0.0000,true,1,137354
612263,true,פרפר נקבה טרי,,,פרפר נקבה טרי,קילוגרמים,1.00,"ק""ג",true,,0.00,0.0000,true,1,137355
612270,true,"חזה פרפר ע""ע זכר",,,"חזה פרפר ע""ע זכר",קילוגרמים,1.00,"ק""ג",true,,0.00,0.0000,true,1,137356
612287,true,"חזה פרפר ע""ע נקבה",,,"חזה פרפר ע""ע נקבה",קילוגרמים,1.00,"ק""ג",true,,0.00,0.0000,true,1,137357
612300,true,שוק הודו פלסטון קטן,,,שוק הודו פלסטון קטן,קילוגרמים,1.00,"ק""ג",true,,0.00,0.0000,true,1,137449
612324,true,חזה זכר חצוי ע.ע,,,חזה זכר חצוי ע.ע,קילוגרמים,1.00,"ק""ג",true,,0.00,0.0000,true,1,137358
612331,true,נתחים,,,נתחים,קילוגרמים,1.00,"ק""ג",true,,0.00,0.0000,true,1,137359
612348,true,שוק זכר טרי,,,שוק זכר טרי,קילוגרמים,1.00,"ק""ג",true,,0.00,0.0000,true,1,137360
612355,true,שוק נקבה טרי,,,שוק נקבה טרי,קילוגרמים,1.00,"ק""ג",true,,0.00,0.0000,true,1,137361
612362,true,חזה זכר חצוי ללא פיל,,,חזה זכר חצוי ללא פיל,קילוגרמים,1.00,"ק""ג",true,,0.00,0.0000,true,1,137362
612379,true,פילה הודו,,,פילה הודו,קילוגרמים,1.00,"ק""ג",true,,0.00,0.0000,true,1,137363
612386,true,שווארמה נקבה טרי,,,שווארמה נקבה טרי,קילוגרמים,1.00,"ק""ג",true,,0.00,0.0000,true,1,137364
612393,true,שווארמה זכר טרי,,,שווארמה זכר טרי,קילוגרמים,1.00,"ק""ג",true,,0.00,0.0000,true,1,137365
612409,true,שישליק טרי,,,שישליק טרי,קילוגרמים,1.00,"ק""ג",true,,0.00,0.0000,true,1,137366
612416,true,שוק מפורק,,,שוק מפורק,קילוגרמים,1.00,"ק""ג",true,,0.00,0.0000,true,1,137367
612430,true,חתיכות,,,חתיכות,קילוגרמים,1.00,"ק""ג",true,,0.00,0.0000,true,1,137368
612447,true,כנף זכר טרי,,,כנף זכר טרי,קילוגרמים,1.00,"ק""ג",true,,0.00,0.0000,true,1,137369
612454,true,שוק מפורק פרוס,,,שוק מפורק פרוס,קילוגרמים,1.00,"ק""ג",true,,0.00,0.0000,true,1,137370
612461,true,כנף נקבה טרי,,,כנף נקבה טרי,קילוגרמים,1.00,"ק""ג",true,,0.00,0.0000,true,1,137371
612508,true,חזה נקבה חצוי טרי,,,חזה נקבה חצוי טרי,קילוגרמים,1.00,"ק""ג",true,,0.00,0.0000,true,1,137372
612539,true,חזה זכר חצוי טרי,,,חזה זכר חצוי טרי,קילוגרמים,1.00,"ק""ג",true,,0.00,0.0000,true,1,137373
612577,true,גרון זכר,,,גרון זכר,קילוגרמים,1.00,"ק""ג",true,,0.00,0.0000,true,1,137374
612584,true,גרון נקבה,,,גרון נקבה,קילוגרמים,1.00,"ק""ג",true,,0.00,0.0000,true,1,137375
612591,true,גרון עוף,,,גרון עוף,קילוגרמים,1.00,"ק""ג",true,,0.00,0.0000,true,1,137376
612607,true,זנבות עם עצם,,,זנבות עם עצם,קילוגרמים,1.00,"ק""ג",true,,0.00,0.0000,true,1,137377
612614,true,טחול,,,טחול,קילוגרמים,1.00,"ק""ג",true,,0.00,0.0000,true,1,137378
612652,true,"ירך זכר ע""ע",,,"ירך זכר ע""ע",קילוגרמים,1.00,"ק""ג",true,,0.00,0.0000,true,1,137379
612867,true,שווארמה ה.נ.טרי,,,שווארמה ה.נ.טרי,קילוגרמים,1.00,"ק""ג",true,,0.00,0.0000,true,1,137380
612874,true,שישליק טרי,,,שישליק טרי,קילוגרמים,1.00,"ק""ג",true,,0.00,0.0000,true,1,137381
612881,true,שוק ה.נ טרי,,,שוק ה.נ טרי,קילוגרמים,1.00,"ק""ג",true,,0.00,0.0000,true,1,137382
612898,true,נתחי הודו טרי,,,נתחי הודו טרי,קילוגרמים,1.00,"ק""ג",true,,0.00,0.0000,true,1,137383
612904,true,חזה ה.נ.טרי,,,חזה ה.נ.טרי,קילוגרמים,1.00,"ק""ג",true,,0.00,0.0000,true,1,137384
612911,true,בשר אדום טרי,,,בשר אדום טרי,קילוגרמים,1.00,"ק""ג",true,,0.00,0.0000,true,1,137385
612928,true,כנפיים ה.נ.טרי,,,כנפיים ה.נ.טרי,קילוגרמים,1.00,"ק""ג",true,,0.00,0.0000,true,1,137386
612935,true,כבד הודו טרי,,,כבד הודו טרי,קילוגרמים,1.00,"ק""ג",true,,0.00,0.0000,true,1,137387
612942,true,לב הודו טרי,,,לב הודו טרי,קילוגרמים,1.00,"ק""ג",true,,0.00,0.0000,true,1,137388
612959,true,קורקבן הודו טרי,,,קורקבן הודו טרי,קילוגרמים,1.00,"ק""ג",true,,0.00,0.0000,true,1,137389
612966,true,גרון הודו טרי,,,גרון הודו טרי,קילוגרמים,1.00,"ק""ג",true,,0.00,0.0000,true,1,137390
612997,true,אשכים ארוז,,,אשכים ארוז,קילוגרמים,1.00,"ק""ג",true,,0.00,0.0000,true,1,137391
631195,true,אנטריקוט עגל חלק,,,אנטריקוט עגל חלק,קילוגרמים,1.00,"ק""ג",true,,0.00,0.0000,true,1,138152
671501,true,מפעל-קוקוס טחון לבן,,,מפעל-קוקוס טחון לבן,,0.00,,false,,0.00,0.0000,true,1,135841
683706,true,גביע לרוטב oz 1.5,,,גביע לרוטב oz 1.5,,0.00,,false,,0.00,0.0000,true,1,137601
685806,true,כרעיים חתוכות בלי עו,,,כרעיים חתוכות בלי עו,קילוגרמים,1.00,"ק""ג",true,,0.00,0.0000,true,1,137392
685844,true,גרון עוף ארוז,,,גרון עוף ארוז,קילוגרמים,1.00,"ק""ג",true,,0.00,0.0000,true,1,137393
756504,true,כפיות גלידה צבעוניות,,,כפיות גלידה צבעוניות,,0.00,,false,,0.00,0.0000,true,1,136313
875001,true,חזה חצוי הקצביה,,,חזה חצוי הקצביה,קילוגרמים,1.00,"ק""ג",true,,0.00,0.0000,true,1,137394
875018,true,שניצל דק הקצביה,,,שניצל דק הקצביה,קילוגרמים,1.00,"ק""ג",true,,0.00,0.0000,true,1,137395
875025,true,פילה פטם הקצביה,,,פילה פטם הקצביה,קילוגרמים,1.00,"ק""ג",true,,0.00,0.0000,true,1,137396
875032,true,כנפיים הקצביה,,,כנפיים הקצביה,קילוגרמים,1.00,"ק""ג",true,,0.00,0.0000,true,1,137397
875049,true,כרעיים הקצביה,,,כרעיים הקצביה,קילוגרמים,1.00,"ק""ג",true,,0.00,0.0000,true,1,137398
875056,true,שוקיים הקצביה,,,שוקיים הקצביה,קילוגרמים,1.00,"ק""ג",true,,0.00,0.0000,true,1,137399
875063,true,פרגית הקצביה,,,פרגית הקצביה,קילוגרמים,1.00,"ק""ג",true,,0.00,0.0000,true,1,137400
875070,true,פרגית פרוסה הקצביה,,,פרגית פרוסה הקצביה,קילוגרמים,1.00,"ק""ג",true,,0.00,0.0000,true,1,137401
875087,true,כבד פטם הקצביה,,,כבד פטם הקצביה,קילוגרמים,1.00,"ק""ג",true,,0.00,0.0000,true,1,137402
875094,true,קוקטייל קצביה,,,קוקטייל קצביה,קילוגרמים,1.00,"ק""ג",true,,0.00,0.0000,true,1,137403
875100,true,לבבות פטם חצוי,,,לבבות פטם חצוי,קילוגרמים,1.00,"ק""ג",true,,0.00,0.0000,true,1,137404
875117,true,לבבות פטם,,,לבבות פטם,קילוגרמים,1.00,"ק""ג",true,,0.00,0.0000,true,1,137405
875308,true,חזה חצוי הקצביה,,,חזה חצוי הקצביה,קילוגרמים,1.00,"ק""ג",true,,0.00,0.0000,true,1,137406
875315,true,שניצל דק הקצביה,,,שניצל דק הקצביה,קילוגרמים,1.00,"ק""ג",true,,0.00,0.0000,true,1,137407
875322,true,פילה פטם הקצביה,,,פילה פטם הקצביה,קילוגרמים,1.00,"ק""ג",true,,0.00,0.0000,true,1,137408
875339,true,כנפיים הקצביה,,,כנפיים הקצביה,קילוגרמים,1.00,"ק""ג",true,,0.00,0.0000,true,1,137409
875346,true,כרעיים הקצביה,,,כרעיים הקצביה,קילוגרמים,1.00,"ק""ג",true,,0.00,0.0000,true,1,137410
875353,true,שוקיים הקצביה,,,שוקיים הקצביה,קילוגרמים,1.00,"ק""ג",true,,0.00,0.0000,true,1,137411
875360,true,פרגית הקצביה,,,פרגית הקצביה,קילוגרמים,1.00,"ק""ג",true,,0.00,0.0000,true,1,137412
875377,true,פרגית פרוסה הקצביה,,,פרגית פרוסה הקצביה,קילוגרמים,1.00,"ק""ג",true,,0.00,0.0000,true,1,137413
875384,true,כבד פטם הקצביה,,,כבד פטם הקצביה,קילוגרמים,1.00,"ק""ג",true,,0.00,0.0000,true,1,137414
934330,true,קדמי טלה חלק מחולק ב,,,קדמי טלה חלק מחולק ב,קילוגרמים,1.00,"ק""ג",true,,0.00,0.0000,true,1,138489
934596,true,צוואר צלעות עגל חלק,,,צוואר צלעות עגל חלק,קילוגרמים,1.00,"ק""ג",true,,0.00,0.0000,true,1,138095
934678,true,אנטריקוט עגל כשר,,,אנטריקוט עגל כשר,קילוגרמים,1.00,"ק""ג",true,,0.00,0.0000,true,1,137253
934689,true,קיט כתף חלק,,,קיט כתף חלק,קילוגרמים,1.00,"ק""ג",true,,0.00,0.0000,true,1,138119
934700,true,נתחים לקצב חלק,,,נתחים לקצב חלק,קילוגרמים,1.00,"ק""ג",true,,0.00,0.0000,true,1,138490
934707,true,עצמות מוח חלק קפוא,,,עצמות מוח חלק קפוא,קילוגרמים,1.00,"ק""ג",true,,0.00,0.0000,true,1,138491
963320,true,סינטה עגל חלק,,,סינטה עגל חלק,קילוגרמים,1.00,"ק""ג",true,,0.00,0.0000,true,1,138492
1000183,true,מפעל-לחמניות מיני שמ,,,מפעל-לחמניות מיני שמ,,0.00,,false,,2999.90,0.0000,true,1,137435
1157151,true,"מפעל-תפו""א זעיר לבן",,,"מפעל-תפו""א זעיר לבן",,0.00,,false,,2999.90,0.0000,true,1,136525
1280047,true,מפעל-פלפל שחור,,,מפעל-פלפל שחור,,0.00,,false,,0.00,0.0000,true,1,136680
1289005,true,מפעל-שום כתוש,,,מפעל-שום כתוש,,0.00,,false,,2999.90,0.0000,true,1,136692
1293017,true,"מפעל-צ""ופסטיק",,,"מפעל-צ""ופסטיק",,0.00,,false,,2999.90,0.0000,true,1,137460
1296004,true,מפעל-ניילון בגליל עו,,,מפעל-ניילון בגליל עו,,0.00,,false,,0.00,0.0000,true,1,136721
1296005,true,מפעל-ניילון בגליל עו,,,מפעל-ניילון בגליל עו,,0.00,,false,,0.00,0.0000,true,1,136722
1296006,true,ניילון נצמד בודד 30,,,ניילון נצמד בודד 30,,0.00,,false,,5.00,0.0000,true,1,136723
1500307,true,סטנד טמפקס 68 EVAX +,,,סטנד טמפקס 68 EVAX +,,0.00,,false,,0.00,0.0000,true,1,135258
1532010,true,מפעל-סלמון מעושן חם,,,מפעל-סלמון מעושן חם,קילוגרמים,1.00,"ק""ג",true,,2999.90,2999.9000,true,1,134955
1532011,true,מפעל-סלמון מעושן חם,,,מפעל-סלמון מעושן חם,קילוגרמים,1.00,"ק""ג",true,,2999.90,2999.9000,true,1,135953
1700210,true,שקיות גופיה לבן גדול,,,שקיות גופיה לבן גדול,,0.00,,false,,0.00,0.0000,true,1,138124
1855911,true,"שמן קנולה 650 מ""ל",,,"שמן קנולה 650 מ""ל",,0.00,,false,,5.00,0.0000,true,1,132710
2002149,true,מפעל -ממרח אריסה א2.,,,מפעל -ממרח אריסה א2.,,0.00,,false,,2999.90,0.0000,true,1,134865
2002150,true,מפעל-ממרח עגבניות מי,,,מפעל-ממרח עגבניות מי,,0.00,,false,,2999.90,0.0000,true,1,135962
2020102,true,מפעל-ממרח לימון כבוש,,,מפעל-ממרח לימון כבוש,,0.00,,false,,2999.90,0.0000,true,1,134866
2020123,true,מפעל-ממרח עגבניות א1,,,מפעל-ממרח עגבניות א1,,0.00,,false,,2999.90,0.0000,true,1,134867
2020125,true,מפעל-ממרח זית ירוק א,,,מפעל-ממרח זית ירוק א,,0.00,,false,,2999.90,0.0000,true,1,135748
2020126,true,מפעל-ממרח פלפל א3 10,,,מפעל-ממרח פלפל א3 10,,0.00,,false,,2999.90,0.0000,true,1,134868
2057451,true,מלפפונים גדולים בחומ,,,מלפפונים גדולים בחומ,,0.00,,false,,5.00,0.0000,true,1,133849
2079156,true,פיתות 5 יחידות,,,פיתות 5 יחידות,,0.00,,false,,5.00,0.0000,true,1,133345
2079422,true,קרוטונים למרק 250 גר,,,קרוטונים למרק 250 גר,,0.00,,false,,5.00,0.0000,true,1,133334
2214153,true,שוקית פטם,,,שוקית פטם,קילוגרמים,1.00,"ק""ג",true,,0.00,0.0000,true,1,137144
2276050,true,מפעל-לחמנית ארבע עונ,,,מפעל-לחמנית ארבע עונ,,0.00,,false,,2999.90,0.0000,true,1,136225
2276111,true,מפעל-לחמנית בורג מתו,,,מפעל-לחמנית בורג מתו,,0.00,,false,,2999.90,0.0000,true,1,136229
2707500,true,מפעל-חסה רומיין 500,,,מפעל-חסה רומיין 500,,0.00,,false,,0.00,0.0000,true,1,135879
2711533,true,מפעל-פטרוזיליה,,,מפעל-פטרוזיליה,,0.00,,false,,0.00,0.0000,true,1,133775
2715200,true,"מפעל-בצל קוביות 1 ק""",,,"מפעל-בצל קוביות 1 ק""",,0.00,,false,,2999.90,0.0000,true,1,133776
2716100,true,"מפעל-סלרי קצוץ ק""ג",,,"מפעל-סלרי קצוץ ק""ג",,0.00,,false,,2999.00,0.0000,true,1,135164
2794015,true,מפעל-לקט ירקות,,,מפעל-לקט ירקות,,0.00,,false,,2999.90,0.0000,true,1,133777
2881735,true,לבבות דקל 400 גרם,,,לבבות דקל 400 גרם,,0.00,,false,,0.00,0.0000,true,1,137251
2901300,true,מפעל-עגבניית שרי שטו,,,מפעל-עגבניית שרי שטו,,0.00,,false,,0.00,0.0000,true,1,133860
2944100,true,מפעל-גזר מקולף 5 קיל,,,מפעל-גזר מקולף 5 קיל,,0.00,,false,,2999.90,0.0000,true,1,134676
2951100,true,מפעל-בטטה מקולפת,,,מפעל-בטטה מקולפת,,0.00,,false,,2999.90,0.0000,true,1,135542
2985200,true,מפעל-מלפפון שטוף,,,מפעל-מלפפון שטוף,,0.00,,false,,2999.00,0.0000,true,1,133861
3143401,true,"שווארמה ה.ז .ע""ע",,,"שווארמה ה.ז .ע""ע",קילוגרמים,1.00,"ק""ג",true,,0.00,0.0000,true,1,137189
3222780,true,פיתות אסלי 5 יחידות,,,פיתות אסלי 5 יחידות,,0.00,,false,,5.00,0.0000,true,1,132848
4030414,true,גלון תפוזים 2 ליטר,,,גלון תפוזים 2 ליטר,,0.00,,false,,0.00,0.0000,true,1,133420
4119522,true,שוקו שוק בשקית 225 מ,,,שוקו שוק בשקית 225 מ,,0.00,,false,,5.00,0.0000,true,1,132711
4798055,true,מסבין סנטטי 230 גרם,,,מסבין סנטטי 230 גרם,,0.00,,false,,5.00,0.0000,true,1,133194
4869298,true,מיני קרואסון שמרים ק,,,מיני קרואסון שמרים ק,קילוגרמים,1.00,"ק""ג",true,,0.00,0.0000,true,1,136504
4869380,true,מיני קרואסון שוקו אפ,,,מיני קרואסון שוקו אפ,קילוגרמים,1.00,"ק""ג",true,,0.00,0.0000,true,1,136505
5053177,true,גבינת שמנת,,,גבינת שמנת,,0.00,,false,,0.00,0.0000,true,1,136412
5431593,true,קדאיף עדן קינוחים,,,קדאיף עדן קינוחים,,0.00,,false,,0.00,0.0000,true,1,136419
5431753,true,עוגת ביסקוויטים,,,עוגת ביסקוויטים,,0.00,,false,,0.00,0.0000,true,1,135956
6901268,true,קופיקס- דובונים 40 ג,,,קופיקס- דובונים 40 ג,,0.00,,false,,4.10,0.0000,true,1,134012
6901287,true,קופיקס- אפרופו 50 גר,,,קופיקס -אפרופו 50 גר,,0.00,,false,,0.00,0.0000,true,1,134013
6930640,true,מפעל-ביצה קשה,,,מפעל-ביצה קשה,,0.00,,false,,2999.90,0.0000,true,1,133790
7002124,true,"ווסקי ג""יימסון 1 לי",,,"ווסקי ג""יימסון 1 לי",,0.00,,false,,0.00,0.0000,true,1,133770
7644594,true,מפעל -חטיף גרנולה שו,,,מפעל -חטיף גרנולה שו,,0.00,,false,,0.00,0.0000,true,1,137472
7644600,true,מפעל - חטיף גרנולה ש,,,מפעל - חטיף גרנולה ש,,0.00,,false,,0.00,0.0000,true,1,137473
10000188,true,מפעל-לחמניות ביס דגנ,,,מפעל-לחמניות ביס דגנ,,0.00,,false,,2999.90,0.0000,true,1,137434
10293800,true,מפעל-זיתים טבעות ירו,,,מפעל-זיתים טבעות ירו,,0.00,,false,,2999.90,0.0000,true,1,135421
10320850,false,גבינת עמק 28% שומן פ,,,גבינת עמק 28% שומן פ,גרמים,200.00,100 גרם,false,,15.90,0.0795,true,1,147419
10321680,false,יוגורט 2.9% תות גו 2,,,יוגורט 2.9% תות גו 2,גרמים,200.00,100 גרם,false,,5.90,0.0295,true,1,147145
10321697,false,יוגורט 2.9% אפרסק גו,,,יוגורט 2.9% אפרסק גו,גרמים,200.00,100 גרם,false,,5.90,0.0295,true,1,147139
10323592,false,יוגורט לייט 0.5% מוע,,,יוגורט לייט 0.5% מוע,גרמים,200.00,100 גרם,false,,5.90,0.0295,true,1,147143
10326227,false,יופלה און טופ קורנפל,,,יופלה און טופ קורנפל,גרמים,157.00,100 גרם,false,,5.50,0.0350,true,1,147503
11179345,false,כוסות שתיה קרה 100 י,כוסות שתיה קרה 4 ב 1,,כוסות שתיה קרה 100 י,Unknown,100.00,יחידה,false,,7.90,0.0790,true,1,143263
11499297,true,ברי פקאן 25% שומן12,,,ברי פקאן 25% שומן12,,0.00,,false,,20.00,0.0000,true,1,138273
11499334,true,גבינת קממבר צאן 125,,,גבינת קממבר צאן 125,,0.00,,false,,18.00,0.0000,true,1,138274
12870003,true,מפעל-כפפות ניטרל S,,,מפעל-כפפות ניטרל S,,0.00,,false,,20.00,0.0000,true,1,136820
12890003,true,מפעל-אבקת ווסאבי,,,מפעל-אבקת ווסאבי,,0.00,,false,,0.00,0.0000,true,1,136642
12890004,true,מפעל-אורגנו,,,מפעל-אורגנו,,0.00,,false,,0.00,0.0000,true,1,136643
12890007,true,מפעל-אצות לסושי,,,מפעל-אצות לסושי,,0.00,,false,,0.00,0.0000,true,1,136646
12890014,true,"מפעל-ג""ינג""ר לסושי",,,"מפעל-ג""ינג""ר לסושי",,0.00,,false,,0.00,0.0000,true,1,136653
12890016,true,מפעל-גבינת שמנת,,,מפעל-גבינת שמנת,קילוגרמים,1.00,"ק""ג",true,,0.00,0.0000,true,1,136658
12890019,true,מפעל-חומץ אורז לסושי,,,מפעל-חומץ אורז לסושי,,0.00,,false,,0.00,0.0000,true,1,136661
12890026,true,מפעל-מירין,,,מפעל-מירין,,0.00,,false,,0.00,0.0000,true,1,136668
12890027,true,מפעל-מלח דק,,,מפעל-מלח דק,,0.00,,false,,0.00,0.0000,true,1,136669
12890031,true,מפעל-מלח לימון,,,מפעל-מלח לימון,,0.00,,false,,0.00,0.0000,true,1,136673
12890037,true,מפעל-מרק טעם עוף,,,מפעל-מרק טעם עוף,,0.00,,false,,0.00,0.0000,true,1,136678
12890038,true,מפעל-סאקה,,,מפעל-סאקה,,0.00,,false,,0.00,0.0000,true,1,136681
12890042,true,מפעל-עגבניית שרי,,,מפעל-עגבניית שרי,,0.00,,false,,0.00,0.0000,true,1,136685
12890044,true,מפעל-פטרוזיליה,,,מפעל-פטרוזיליה,קילוגרמים,1.00,"ק""ג",true,,0.00,0.0000,true,1,136687
12890047,true,מפעל-פלפל שחור טחון,,,מפעל-פלפל שחור טחון,,0.00,,false,,0.00,0.0000,true,1,136759
12890049,true,מפעל-פנקו,,,מפעל-פנקו,,0.00,,false,,0.00,0.0000,true,1,136691
12890050,true,מפעל-פסטה מסולסלת,,,מפעל-פסטה מסולסלת,,0.00,,false,,0.00,0.0000,true,1,136693
12890051,true,מפעל-פפריקה חריפה,,,מפעל-פפריקה חריפה,,0.00,,false,,0.00,0.0000,true,1,136694
12890052,true,מפעל-פפריקה מתוקה מו,,,מפעל-פפריקה מתוקה מו,,0.00,,false,,0.00,0.0000,true,1,136695
12890054,true,מפעל-קנפיו לסושי,,,מפעל-קנפיו לסושי,,0.00,,false,,0.00,0.0000,true,1,136697
12890056,true,מפעל-רוטב סויה אישי,,,מפעל-רוטב סויה אישי,,0.00,,false,,0.00,0.0000,true,1,136699
12890058,true,מפעל-שומשום לבן,,,מפעל-שומשום לבן,,0.00,,false,,0.00,0.0000,true,1,136700
12890059,true,מפעל-שומשום שחור קלו,,,מפעל-שומשום שחור קלו,,0.00,,false,,0.00,0.0000,true,1,136701
12890063,true,מפעל-כורכום מוקרן,,,מפעל-כורכום מוקרן,,0.00,,false,,0.00,0.0000,true,1,136741
12890064,true,מפעל-כמון מוקרן,,,מפעל-כמון מוקרן,,0.00,,false,,0.00,0.0000,true,1,136742
12890071,true,מפעל-שמן קנולה,,,מפעל-שמן קנולה,,0.00,,false,,0.00,0.0000,true,1,136748
12890074,true,מפעל-רוטב סויה יאמאס,,,מפעל-רוטב סויה יאמאס,,0.00,,false,,0.00,0.0000,true,1,136751
12890075,true,מפעל-מלח עבה,,,מפעל-מלח עבה,,0.00,,false,,0.00,0.0000,true,1,136752
12890076,true,מפעל-בורגול,,,מפעל-בורגול,,0.00,,false,,0.00,0.0000,true,1,136753
12890078,true,מפעל-פלפל שטה גרוס,,,מפעל-פלפל שטה גרוס,,0.00,,false,,0.00,0.0000,true,1,136755
12890081,true,מפעל-פפריקה מתוקה לא,,,מפעל-פפריקה מתוקה לא,,0.00,,false,,0.00,0.0000,true,1,136757
12890083,true,מפעל-פלפל שחור טחון,,,מפעל-פלפל שחור טחון,,0.00,,false,,0.00,0.0000,true,1,136762
12890084,true,מפעל-רצועות עוף סויה,,,מפעל-רצועות עוף סויה,קילוגרמים,1.00,"ק""ג",true,,0.00,0.0000,true,1,136763
12890087,true,מפעל-תערובת כדורים ב,,,מפעל-תערובת כדורים ב,,0.00,,false,,0.00,0.0000,true,1,136766
12890088,true,מפעל-אבקת סוכר,,,מפעל-אבקת סוכר,,0.00,,false,,0.00,0.0000,true,1,136767
12890089,true,מפעל-אבקת קקאו,,,מפעל-אבקת קקאו,קילוגרמים,1.00,"ק""ג",true,,0.00,0.0000,true,1,136768
12890091,true,מפעל-קוקוס טחון,,,מפעל-קוקוס טחון,,0.00,,false,,0.00,0.0000,true,1,136770
12890092,true,מפעל-רוטב סויה אישי,,,מפעל-רוטב סויה אישי,,0.00,,false,,0.00,0.0000,true,1,136771
12890106,true,מפעל-לחמניית מזונות,,,מפעל-לחמניית מזונות,,0.00,,false,,2999.90,0.0000,true,1,136779
12890107,true,מפעל-פרנה 120 גרם,,,מפעל-פרנה 120 גרם,,0.00,,false,,2999.90,0.0000,true,1,136780
12890118,true,מפעל-נתחי טונה בשמן,,,מפעל-נתחי טונה בשמן,קילוגרמים,1.00,"ק""ג",true,,0.00,0.0000,true,1,136961
12890132,true,מפעל-לחמניה מזרחית ע,,,מפעל-לחמניה מזרחית ע,,0.00,,false,,2999.90,0.0000,true,1,137722
12890133,true,מפעל-לחמניה כפרית75,,,מפעל-לחמניה כפרית75,,0.00,,false,,0.70,0.0000,true,1,137723
12890134,true,"מפעל-תפו""א מקולף לטו",,,"מפעל-תפו""א מקולף",קילוגרמים,1.00,"ק""ג",true,,0.00,0.0000,true,1,137724
12890135,true,מפעל-ניילון רדיד שקו,,,מפעל-ניילון רדיד שקו,קילוגרמים,1.00,"ק""ג",true,,0.00,0.0000,true,1,137744
12890137,true,"מפעל-רוטב צ""ילי מתוק",,,"מפעל-רוטב צ""ילי מתוק",,0.00,,false,,0.00,0.0000,true,1,137845
12890138,true,מפעל-בוטנים קלויים,,,מפעל-בוטנים קלויים,,0.00,,false,,0.00,0.0000,true,1,137846
12890142,true,מפעל-קרוטונים למרק,,,מפעל-קרוטונים למרק,קילוגרמים,1.00,"ק""ג",true,,0.00,0.0000,true,1,138180
12890144,true,מפעל-תחליף גבינה פיצ,,,מפעל-תחליף גבינה פיצ,,0.00,,false,,0.00,0.0000,true,1,138182
12890226,true,מפעל-ממרח טפנד זיתים,,,מפעל-ממרח טפנד זיתים,,0.00,,false,,0.00,0.0000,true,1,138637
12890227,true,מפעל-תפוח,,,מפעל-תפוח,,0.00,,false,,0.00,0.0000,true,1,138655
12890228,true,מפעל-עגבניות קוביות,,,מפעל-עגבניות קוביות,,0.00,,false,,0.00,0.0000,true,1,138660
12890231,true,מפעל-חומצה אסקורבית,,,מפעל-חומצה אסקורבית,,0.00,,false,,0.00,0.0000,true,1,138700
12890232,true,מפעל-פלפל קלוי,,,מפעל-פלפל קלוי,,0.00,,false,,0.00,0.0000,true,1,138703
12890236,true,מפעל-טפנד זיתים,,,מפעל-טפנד זיתים,,0.00,,false,,0.00,0.0000,true,1,139039
12890242,true,מפעל-עגבניות קוביות,,,מפעל-עגבניות קוביות,,0.00,,false,,0.00,0.0000,true,1,139111
12890243,true,מפעל-גבינת קרם שמנת,,,מפעל-גבינת קרם שמנת,,0.00,,false,,0.00,0.0000,true,1,139118
12890244,true,מפעל-גבינת קרם שמנת,,,מפעל-גבינת קרם שמנת,,0.00,,false,,0.00,0.0000,true,1,139119
12890245,true,מפעל-ממרח בטעם שוקול,,,מפעל-ממרח בטעם שוקול,,0.00,,false,,0.00,0.0000,true,1,139120
12891020,true,מפעל-קרוטונים למרק,,,מפעל-קרוטונים למרק,קילוגרמים,1.00,"ק""ג",true,,0.00,0.0000,true,1,138171
12891024,true,מפעל-לחמניה בריוש,,,מפעל-לחמניה בריוש,,0.00,,false,,0.00,0.0000,true,1,138183
12891025,true,מפעל-שבלול מתוק,,,מפעל-שבלול מתוק,,0.00,,false,,0.00,0.0000,true,1,138184
12891026,true,"מפעל-ג""בטינה מיני",,,"מפעל-ג""בטינה מיני",,0.00,,false,,0.00,0.0000,true,1,138185
12891027,true,מפעל-ביס פרג,,,מפעל-ביס פרג,,0.00,,false,,0.00,0.0000,true,1,138186
12891028,true,מפעל-מיני כפרית,,,מפעל-מיני כפרית,,0.00,,false,,0.00,0.0000,true,1,138187
12891029,true,מפעל-פסטה פנה,,,מפעל-פסטה פנה,,0.00,,false,,0.00,0.0000,true,1,138404
12891030,true,מפעל-פסטה ספגטי,,,מפעל-פסטה ספגטי,,0.00,,false,,0.00,0.0000,true,1,138405
12891031,true,מפעל-רוטב סויה סיני,,,מפעל-רוטב סויה סיני,,0.00,,false,,0.00,0.0000,true,1,138406
12891032,true,מפעל-רוטב בסגנון נפא,,,מפעל-רוטב בסגנון נפא,,0.00,,false,,0.00,0.0000,true,1,138407
12891033,true,"מפעל-רוטב סצ""ואן",,,"מפעל-רוטב סצ""ואן",,0.00,,false,,0.00,0.0000,true,1,138408
12891034,true,מפעל-רוטב טריאקי,,,מפעל-רוטב טריאקי,,0.00,,false,,0.00,0.0000,true,1,138409
12891038,true,מפעל-קסטן דגנים,,,מפעל-קסטן דגנים,,0.00,,false,,0.00,0.0000,true,1,138641
12891040,true,מפעל-באן חלבה,,,מפעל-באן חלבה,,0.00,,false,,0.00,0.0000,true,1,138661
12891041,true,מפעל-פריקסה בהיר קטן,,,מפעל-פריקסה בהיר קטן,,0.00,,false,,0.00,0.0000,true,1,139113
12891042,true,מפעל-פריקסה חצי אפוי,,,מפעל-פריקסה חצי אפוי,,0.00,,false,,0.00,0.0000,true,1,139114
12892001,true,מפעל-מיני כפרית,,,מפעל-מיני כפרית,,0.00,,false,,0.00,0.0000,true,1,137698
12910001,true,מפעל-מיני שמינייה מז,,,מפעל-מיני שמינייה מז,,0.00,,false,,0.00,0.0000,true,1,136508
12970001,true,מפעל-כפפות ניטריל L,,,מפעל-כפפות ניטריל L,,0.00,,false,,0.00,0.0000,true,1,136817
12970002,true,מפעל -ניטריל כפפותM,,,מפעל -ניטריל כפפותM,,0.00,,false,,0.00,0.0000,true,1,136821
13022038,true,טופו פיקנטי 300 גרם,,,טופו פיקנטי 300 גרם,,0.00,,false,,12.90,0.0000,true,1,147307
13024704,true,טופו פרובנס 300 גרם,,,טופו פרובנס 300 גרם,,0.00,,false,,12.90,0.0000,true,1,147308
13070001,true,קיט-שקשוקה,,,קיט-שקשוקה,קילוגרמים,1.00,"ק""ג",true,,0.00,0.0000,true,1,137786
13170002,true,מפעל-ספטוקל בלון 20,,,מפעל-ספטוקל בלון 20,,0.00,,false,,0.00,0.0000,true,1,136823
13170004,true,מפעל -QUICKDESבלון1,,,מפעל -QUICKDESבלון1,,0.00,,false,,0.00,0.0000,true,1,136825
13170005,true,מפעל MS -TOPבלון 20,,,מפעל MS -TOPבלון 20,,0.00,,false,,0.00,0.0000,true,1,136826
13170006,true,"מפעל -ZA28מיכל 25 ק""",,,"מפעל -ZA28מיכל 25 ק""",,0.00,,false,,0.00,0.0000,true,1,136827
13170007,true,מפעל-מטליותQUICKDES,,,מפעל-מטליותQUICKDES,,0.00,,false,,0.00,0.0000,true,1,136828
13170008,true,מפעל-גליל נייר תעשיי,,,מפעל-גליל נייר תעשיי,,0.00,,false,,2999.90,0.0000,true,1,136829
13170009,true,מפעל-סולו אקונומיקה,,,מפעל-סולו אקונומיקה,,0.00,,false,,2999.90,0.0000,true,1,136830
13170010,true,מפעל -md10נוזל לחיטו,,,מפעל -md10נוזל לחיטו,,0.00,,false,,0.00,0.0000,true,1,136831
13170012,true,מפעל-שפירצר ריק לניק,,,מפעל-שפירצר ריק לניק,,0.00,,false,,0.00,0.0000,true,1,136909
13170013,true,מפעל -OMD-10חומר חיט,,,מפעל -OMD-10חומר חיט,,0.00,,false,,0.00,0.0000,true,1,136988
13170016,true,מפעל-אל פיח,,,מפעל-אל פיח,,0.00,,false,,0.00,0.0000,true,1,137628
13170019,true,מפעל-אלום 10,,,מפעל-אלום 10,,0.00,,false,,0.00,0.0000,true,1,137654
13170020,true,מפעל -NL20Fח.ניקוי מ,,,מפעל -NL20Fח.ניקוי מ,,0.00,,false,,0.00,0.0000,true,1,137655
13170021,true,מפעל-אבנין - 10 ח.ני,,,מפעל-אבנין - 10 ח.ני,,0.00,,false,,0.00,0.0000,true,1,137656
13170022,true,מפעל DES -TOP,,,מפעל DES -TOP,,0.00,,false,,0.00,0.0000,true,1,138032
13170023,true,מפעל-בשמת אקסטרא,,,מפעל-בשמת אקסטרא,,0.00,,false,,0.00,0.0000,true,1,138033
13170024,true,"מפעל-פי.אל )28 .4ק""ג",,,"מפעל-פי.אל )28 .4ק""ג",,0.00,,false,,0.00,0.0000,true,1,138034
13180017,true,מפעל-אריזה למגשי איר,,,מפעל-אריזה למגשי איר,,0.00,,false,,0.00,0.0000,true,1,137618
13180018,true,מפעל-ניילון שקוף320,,,מפעל-ניילון שקוף320,קילוגרמים,1.00,"ק""ג",true,,0.00,0.0000,true,1,137619
13180019,true,מפעל-ניילון שקוף240,,,מפעל-ניילון שקוף240,,0.00,,false,,0.00,0.0000,true,1,137620
13180020,true,מפעל-שקית ארגזים90*,,,מפעל-שקית ארגזים90*,,0.00,,false,,0.00,0.0000,true,1,137621
13180021,true,מפעל-ניילון שקוף250,,,מפעל-ניילון שקוף250,,0.00,,false,,0.00,0.0000,true,1,137622
13180022,true,מפעל-ניילון רדיד מוד,,,מפעל-ניילון רדיד מוד,,0.00,,false,,0.00,0.0000,true,1,137623
13180023,true,מפעל-ניילון רדיד מוד,,,מפעל-ניילון רדיד מוד,,0.00,,false,,0.00,0.0000,true,1,137624
13180025,true,"מפעל-ניילון מס - 1 """,,,"מפעל-ניילון מס - 1 """,קילוגרמים,1.00,"ק""ג",true,,0.00,0.0000,true,1,137629
13180026,true,"מפעל-ניילון מס - 2 """,,,"מפעל-ניילון מס - 2 """,קילוגרמים,1.00,"ק""ג",true,,0.00,0.0000,true,1,137630
13180027,true,"מפעל-ניילון מס - 3 """,,,"מפעל-ניילון מס - 3 """,קילוגרמים,1.00,"ק""ג",true,,0.00,0.0000,true,1,137631
13180028,true,"מפעל-ניילון מס - 4 """,,,"מפעל-ניילון מס - 4 """,קילוגרמים,1.00,"ק""ג",true,,0.00,0.0000,true,1,137632
13180029,true,"מפעל-ניילון מס - 5 """,,,"מפעל-ניילון מס - 5 """,קילוגרמים,1.00,"ק""ג",true,,0.00,0.0000,true,1,137633
13180030,true,"מפעל-ניילון מס - 6 """,,,"מפעל-ניילון מס - 6 """,קילוגרמים,1.00,"ק""ג",true,,0.00,0.0000,true,1,137634
13180031,true,"מפעל-ניילון מס - 7 """,,,"מפעל-ניילון מס - 7 """,קילוגרמים,1.00,"ק""ג",true,,0.00,0.0000,true,1,137635
13180032,true,"מפעל-ניילון מס - 8 """,,,"מפעל-ניילון מס - 8 """,קילוגרמים,1.00,"ק""ג",true,,0.00,0.0000,true,1,137636
13180033,true,"מפעל-ניילון מס- 10 """,,,"מפעל-ניילון מס- 10 """,קילוגרמים,1.00,"ק""ג",true,,0.00,0.0000,true,1,137637
13180034,true,מפעל-ניילון רדיד מוד,,,מפעל-ניילון רדיד מוד,קילוגרמים,1.00,"ק""ג",true,,0.00,0.0000,true,1,137638
13180038,true,מפעל-ניילון רדיד שקו,,,מפעל-ניילון רדיד שקו,,0.00,,false,,0.00,0.0000,true,1,137885
13180039,true,מפעל-מדבקה לנגיסי תי,,,מפעל-מדבקה לנגיסי תי,,0.00,,false,,0.00,0.0000,true,1,137886
13180040,true,מפעל-מגש חמגשית לארו,,,מפעל-מגש חמגשית לארו,,0.00,,false,,0.00,0.0000,true,1,137911
13180041,true,מפעל-ניילון שקוף לחי,,,מפעל-ניילון שקוף לחי,,0.00,,false,,0.00,0.0000,true,1,138545
13180045,true,מפעל-שקיות קוקי,,,מפעל-שקיות קוקי,,0.00,,false,,0.00,0.0000,true,1,139040
13240002,true,מפעל-מדבקה לסושי הוס,,,מפעל-מדבקה לסושי הוס,,0.00,,false,,0.00,0.0000,true,1,136833
13240003,true,מפעל-מדבקה לסושי-הוס,,,מפעל-מדבקה לסושי-הוס,,0.00,,false,,0.00,0.0000,true,1,136834
13240004,true,מפעל-מדבקה לסושי -אי,,,מפעל-מדבקה לסושי -אי,,0.00,,false,,0.00,0.0000,true,1,136835
13240005,true,מפעל-מדבקה לסושי- אי,,,מפעל-מדבקה לסושי- אי,,0.00,,false,,0.00,0.0000,true,1,136836
13240006,true,מפעל-מדבקה לסושי- הו,,,מפעל-מדבקה לסושי- הו,,0.00,,false,,0.00,0.0000,true,1,136837
13240007,true,מפעל-מדבקה לסושי- אי,,,מפעל-מדבקה לסושי- אי,,0.00,,false,,0.00,0.0000,true,1,136838
13240008,true,מפעל-מדבקה לסושי- אי,,,מפעל-מדבקה לסושי- אי,,0.00,,false,,0.00,0.0000,true,1,136839
13240009,true,מפעל-מדבקה לסושי- הו,,,מפעל-מדבקה לסושי- הו,,0.00,,false,,0.00,0.0000,true,1,136840
13240010,true,מפעל-מדבקה לסושי- אי,,,מפעל-מדבקה לסושי- אי,,0.00,,false,,0.00,0.0000,true,1,136841
13240011,true,מפעל-מדבקה לסושי צמח,,,מפעל-מדבקה לסושי צמח,,0.00,,false,,0.00,0.0000,true,1,136842
13240013,true,מפעל-מדבקה לכדור בטע,,,מפעל-מדבקה לכדור בטע,,0.00,,false,,0.00,0.0000,true,1,136844
13240014,true,מפעל-מדבקה לכדור בטע,,,מפעל-מדבקה לכדור בטע,,0.00,,false,,0.00,0.0000,true,1,136845
13240019,true,מפעל-מדבקה לסושי- הו,,,מפעל-מדבקה לסושי- הו,,0.00,,false,,0.00,0.0000,true,1,136850
13240020,true,מפעל-מדבקה לסלט בורג,,,מפעל-מדבקה לסלט בורג,,0.00,,false,,0.00,0.0000,true,1,137003
13240021,true,מפעל-מדבקת שעון לסלט,,,מפעל-מדבקת שעון לסלט,,0.00,,false,,0.00,0.0000,true,1,137004
13240024,true,מפעל-מדבקה לסושי מיק,,,מפעל-מדבקה לסושי מיק,,0.00,,false,,0.00,0.0000,true,1,137505
13240025,true,מפעל-מדבקה לסלט יוונ,,,מפעל-מדבקה לסלט יוונ,,0.00,,false,,0.00,0.0000,true,1,137602
13240026,true,מפעל-מדבקה לסלט ירקו,,,מפעל-מדבקה לסלט ירקו,,0.00,,false,,0.00,0.0000,true,1,137603
13240027,true,מפעל-מדבקה לפוטטוס ת,,,מפעל-מדבקה לפוטטוס ת,,0.00,,false,,0.00,0.0000,true,1,137658
13240028,true,מפעל-מדבקה לסושי מסי,,,מפעל-מדבקה לסושי מסי,,0.00,,false,,0.00,0.0000,true,1,137850
13240029,true,מפעל-מדבקה לאצבעות ת,,,מפעל-מדבקה לאצבעות ת,,0.00,,false,,0.00,0.0000,true,1,137965
13240030,true,מפעל-מדבקה לכדור בטע,,,מפעל-מדבקה לכדור בטע,,0.00,,false,,0.00,0.0000,true,1,137986
13240031,true,מפעל-מדבקה עגולה למג,,,מפעל-מדבקה עגולה למג,,0.00,,false,,0.00,0.0000,true,1,138006
13241001,true,מפעל-מדבקה לקרטון -,,,מפעל-מדבקה לקרטון -,,0.00,,false,,0.00,0.0000,true,1,137528
13241002,true,מפעל-מדבקה לקרטון -,,,מפעל-מדבקה לקרטון -,,0.00,,false,,0.00,0.0000,true,1,137529
13241003,true,מפעל-מדבקה לקרטון -,,,מפעל-מדבקה לקרטון -,,0.00,,false,,0.00,0.0000,true,1,137530
13241004,true,מפעל-מדבקה לקרטון -,,,מפעל-מדבקה לקרטון -,,0.00,,false,,0.00,0.0000,true,1,137531
13241005,true,מפעל-מדבקה לקרטון -,,,מפעל-מדבקה לקרטון -,,0.00,,false,,0.00,0.0000,true,1,137532
13241006,true,מפעל-מדבקה לקרטון -,,,מפעל-מדבקה לקרטון -,,0.00,,false,,0.00,0.0000,true,1,137533
13241007,true,מפעל-מדבקה לקרטון -,,,מפעל-מדבקה לקרטון -,,0.00,,false,,0.00,0.0000,true,1,137534
13241008,true,מפעל-מדבקה לקרטון- ס,,,מפעל-מדבקה לקרטון- ס,,0.00,,false,,0.00,0.0000,true,1,137535
13241009,true,מפעל-מדבקה לקרטון- ס,,,מפעל-מדבקה לקרטון- ס,,0.00,,false,,0.00,0.0000,true,1,137536
13241010,true,מפעל-מדבקה לקרטון- פ,,,מפעל-מדבקה לקרטון- פ,,0.00,,false,,0.00,0.0000,true,1,137537
13241011,true,מפעל-מדבקה לקרטון- ס,,,מפעל-מדבקה לקרטון- ס,,0.00,,false,,0.00,0.0000,true,1,137538
13241012,true,מפעל-מדבקה לקרטון- פ,,,מפעל-מדבקה לקרטון- פ,,0.00,,false,,0.00,0.0000,true,1,137539
13241013,true,מפעל-מדבקה לקרטון-נג,,,מפעל-מדבקה לקרטון-נג,,0.00,,false,,0.00,0.0000,true,1,137887
13241014,true,מפעל-מדבקה לקרטון -,,,מפעל-מדבקה לקרטון -,,0.00,,false,,0.00,0.0000,true,1,137937
13241015,true,מפעל-מדבקה לקרטון -,,,מפעל-מדבקה לקרטון -,,0.00,,false,,0.00,0.0000,true,1,138007
13241016,true,מפעל-מדבקה לקרטון -,,,מפעל-מדבקה לקרטון -,,0.00,,false,,0.00,0.0000,true,1,138019
13241017,true,מפעל-מדבקה לקרטון -,,,מפעל-מדבקה לקרטון -,,0.00,,false,,0.00,0.0000,true,1,138020
13241018,true,מפעל-מדבקה לקרטון -,,,מפעל-מדבקה לקרטון -,,0.00,,false,,0.00,0.0000,true,1,138021
13241019,true,מפעל-מדבקה לקרטון -,,,מפעל-מדבקה לקרטון -,,0.00,,false,,0.00,0.0000,true,1,138022
13241020,true,מפעל-מדבקה לקרטון -,,,מפעל-מדבקה לקרטון -,,0.00,,false,,0.00,0.0000,true,1,138023
13241021,true,מפעל-מדבקה לקרטון -,,,מפעל-מדבקה לקרטון -,,0.00,,false,,0.00,0.0000,true,1,138024
13290001,true,מפעל-כפפות ניטרל S,,,מפעל-כפפות ניטרל S,,0.00,,false,,0.00,0.0000,true,1,136853
13290002,true,מפעל-כפפות ניטריל L,,,מפעל-כפפות ניטריל L,,0.00,,false,,0.00,0.0000,true,1,136854
13290003,true,מפעל -ניטריל כפפותM,,,מפעל -ניטריל כפפותM,,0.00,,false,,0.00,0.0000,true,1,136855
13290007,true,מפעל-כפפות לטקס ללא,,,מפעל-כפפות לטקס ללא,,0.00,,false,,0.00,0.0000,true,1,138411
13290008,true,מפעל-כיסוי לנעל,,,מפעל-כיסוי לנעל,,0.00,,false,,0.00,0.0000,true,1,138412
13290009,true,מפעל-חלוק חד פעמי לב,,,מפעל-חלוק חד פעמי לב,,0.00,,false,,0.00,0.0000,true,1,138413
13290010,true,מפעל-כפכף טבחים שחור,,,מפעל-כפכף טבחים שחור,,0.00,,false,,0.00,0.0000,true,1,138414
13290011,true,מפעל-חלוק חד פעמי כח,,,מפעל-חלוק חד פעמי כח,,0.00,,false,,0.00,0.0000,true,1,138415
13290012,true,מפעל-סינר לבן לייצור,,,מפעל-סינר לבן לייצור,,0.00,,false,,0.00,0.0000,true,1,138497
13290013,true,מפעל-סינר כחול לייצו,,,מפעל-סינר כחול לייצו,,0.00,,false,,0.00,0.0000,true,1,138498
13290014,true,מפעל-נעל עבודה שחור,,,מפעל-נעל עבודה שחור,,0.00,,false,,0.00,0.0000,true,1,138499
13290015,true,מפעל-מגף עם כיפת מגן,,,מפעל-מגף עם כיפת מגן,,0.00,,false,,0.00,0.0000,true,1,138500
13290016,true,מפעל-כפפות תחזוקה שח,,,מפעל-כפפות תחזוקה שח,,0.00,,false,,0.00,0.0000,true,1,139041
13290017,true,מפעל-מכנס כיס,,,מפעל-מכנס כיס,,0.00,,false,,0.00,0.0000,true,1,139042
13290018,true,מפעל-מגף גומי שחור,,,מפעל-מגף גומי שחור,,0.00,,false,,0.00,0.0000,true,1,139043
13310100,true,וודקה סטולי 1 ליטר,,,וודקה סטולי 1 ליטר,,0.00,,false,,0.00,0.0000,true,1,133765
13400005,true,מפעל-ניילון שקוף320,,,מפעל-ניילון שקוף320,קילוגרמים,1.00,"ק""ג",true,,0.00,0.0000,true,1,137007
13400006,true,מפעל-ארגז 001 כריכים,,,מפעל-ארגז 001 כריכים,,0.00,,false,,0.00,0.0000,true,1,137064
13400007,true,מפעל-ארגז 003 לחמניו,,,מפעל-ארגז 003 לחמניו,,0.00,,false,,0.00,0.0000,true,1,137065
13400008,true,מפעל-קרטון חצי באגט,,,מפעל-קרטון חצי באגט,,0.00,,false,,0.00,0.0000,true,1,137066
13400009,true,מפעל-ארגז 005 סושי0,,,מפעל-ארגז 005 סושי0,,0.00,,false,,0.00,0.0000,true,1,137651
13400010,true,מפעל-ארגז 007 סושי0,,,מפעל-ארגז 007 סושי0,,0.00,,false,,0.00,0.0000,true,1,137652
13400012,true,מפעל-ארגז 008 סלטים,,,מפעל-ארגז 008 סלטים,,0.00,,false,,0.00,0.0000,true,1,137067
13400014,true,מפעל-ניילון שקוף240,,,מפעל-ניילון שקוף240,,0.00,,false,,0.00,0.0000,true,1,137017
13400016,true,מפעל-שקית ארגזים90*,,,מפעל-שקית ארגזים90*,,0.00,,false,,0.00,0.0000,true,1,137019
13400028,true,מפעל-ארגז 006 סלטים,,,מפעל-ארגז 006 סלטים,,0.00,,false,,0.00,0.0000,true,1,137453
13400029,true,מפעל-ארגז 002 סושי-מ,,,מפעל-ארגז 002 סושי-מ,,0.00,,false,,0.00,0.0000,true,1,137653
13400030,true,מפעל-סרט דבק שקוף למ,,,מפעל-סרט דבק שקוף למ,,0.00,,false,,0.00,0.0000,true,1,137699
13400031,true,מפעל-ארגז 010 לסושי,,,מפעל-ארגז 010 לסושי,,0.00,,false,,0.00,0.0000,true,1,137851
13870000,true,"אוזו מטאסקה 700 מ""ל",,,"אוזו מטאסקה 700 מ""ל",,0.00,,false,,0.00,0.0000,true,1,133766
14759978,false,קצקבל גלעד 27% פלח 2,Unknown,,קצקבל גלעד 27% פלח 2,גרמים,200.00,100 גרם,false,,25.90,0.1295,true,1,144977
14763272,true,יוגורט סויה לשתיה תו,,,יוגורט סויה לשתיה תו,,0.00,,false,,6.00,0.0000,true,1,137770
14763289,true,יוגורט סויה לשתיה פט,,,יוגורט סויה לשתיה פט,,0.00,,false,,6.00,0.0000,true,1,137771
15023000,true,"רום נגריטה 700 מ""ל",,,"רום נגריטה 700 מ""ל",,0.00,,false,,0.00,0.0000,true,1,135069
15033299,true,פירורי לחם 400 גרם,,,פירורי לחם 400 גרם,,0.00,,false,,5.00,0.0000,true,1,132322
15644181,true,מפעל-לחמניית שמיניה,,,מפעל-לחמניית שמיניה,,0.00,,false,,2999.90,0.0000,true,1,135139
15644198,true,מפעל-בגטינה מת .חתוך,,,מפעל-בגטינה מת .חתוך,,0.00,,false,,2999.90,0.0000,true,1,135183
15644792,true,מפעל-לחמניית שמיניה,,,מפעל-לחמניית שמיניה,,0.00,,false,,2999.90,0.0000,true,1,136908
16070000,true,פסואה - בטעם פסיפלור,,,פסואה - בטעם פסיפלור,,0.00,,false,,0.00,0.0000,true,1,135070
16211000,true,"לימונצ""אלו 700 מ""ל",,,"לימונצ""אלו 700 מ""ל",,0.00,,false,,0.00,0.0000,true,1,133767
16497915,true,מפעל-לחמנית מזונות מ,,,מפעל-לחמנית מזונות מ,,0.00,,false,,2999.90,0.0000,true,1,133842
16497922,true,מפעל- לחם קסטן מלא,,,מפעל- לחם קסטן מלא,,0.00,,false,,2999.90,0.0000,true,1,133843
16967807,true,מפעל-פרנה קופיקס,,,מפעל-פרנה קופיקס,,0.00,,false,,2999.90,0.0000,true,1,136422
17060100,true,"ווסקי גראנט""ס 1 ליטר",,,"ווסקי גראנט""ס 1 ליטר",,0.00,,false,,0.00,0.0000,true,1,133768
17090100,true,טולמור דיו 1 ליטר,,,טולמור דיו 1 ליטר,,0.00,,false,,0.00,0.0000,true,1,135071
20080017,true,מפעל-סווב ATP,,,מפעל-סווב ATP,,0.00,,false,,0.00,0.0000,true,1,138170
21133001,true,פ -4תפזורת טרי,,,פ -4תפזורת טרי,קילוגרמים,1.00,"ק""ג",true,,0.00,0.0000,true,1,137072
21133003,true,"פ -4מס 1 """,,,"פ -4מס 1 """,קילוגרמים,1.00,"ק""ג",true,,0.00,0.0000,true,1,137073
21133010,true,עוף שלם ללא עצם טרי,,,עוף שלם ללא עצם טרי,קילוגרמים,1.00,"ק""ג",true,,0.00,0.0000,true,1,137074
21133011,true,עוף צעיר טרי,,,עוף צעיר טרי,קילוגרמים,1.00,"ק""ג",true,,0.00,0.0000,true,1,137075
21133019,true,סטייק פרגית ב.ע .,,,סטייק פרגית ב.ע .,קילוגרמים,1.00,"ק""ג",true,,0.00,0.0000,true,1,137076
21133901,true,פרגית אמיתית 16 יח,,,פרגית אמיתית 16 יח,קילוגרמים,1.00,"ק""ג",true,,0.00,0.0000,true,1,137077
21134002,true,פטם טרי,,,פטם טרי,קילוגרמים,1.00,"ק""ג",true,,0.00,0.0000,true,1,137078
21134004,true,פ -4גדול,,,פ -4גדול,קילוגרמים,1.00,"ק""ג",true,,0.00,0.0000,true,1,137079
21134013,true,"פ -4מס 2 """,,,"פ -4מס 2 """,קילוגרמים,1.00,"ק""ג",true,,0.00,0.0000,true,1,137080
21143016,true,חזה חצוי,,,חזה חצוי,קילוגרמים,1.00,"ק""ג",true,,0.00,0.0000,true,1,137081
21143017,true,חזה חצוי הקצביה,,,חזה חצוי הקצביה,קילוגרמים,1.00,"ק""ג",true,,0.00,0.0000,true,1,137082
21143025,true,פילה עוף טרי,,,פילה עוף טרי,קילוגרמים,1.00,"ק""ג",true,,0.00,0.0000,true,1,137083
21143026,true,פילה פטם הקצביה,,,פילה פטם הקצביה,קילוגרמים,1.00,"ק""ג",true,,0.00,0.0000,true,1,137084
21143055,true,כרעיים טרי טנא,,,כרעיים טרי טנא,קילוגרמים,1.00,"ק""ג",true,,0.00,0.0000,true,1,137085
21143056,true,כרעיים ללא עצם גב,,,כרעיים ללא עצם גב,קילוגרמים,1.00,"ק""ג",true,,0.00,0.0000,true,1,137086
21143101,true,שניצל פטם דק דק,,,שניצל פטם דק דק,קילוגרמים,1.00,"ק""ג",true,,0.00,0.0000,true,1,137087
21143103,true,שניצל דק הקצביה,,,שניצל דק הקצביה,קילוגרמים,1.00,"ק""ג",true,,0.00,0.0000,true,1,137088
21143106,true,"שניצל 150 גר """,,,"שניצל 150 גר """,קילוגרמים,1.00,"ק""ג",true,,0.00,0.0000,true,1,137089
21143151,true,נתחי חזה פטם תפז,,,נתחי חזה פטם תפז,קילוגרמים,1.00,"ק""ג",true,,0.00,0.0000,true,1,137090
21143201,true,כרעיים טרי,,,כרעיים טרי,קילוגרמים,1.00,"ק""ג",true,,0.00,0.0000,true,1,137091
21143202,true,כרעיים הקצביה,,,כרעיים הקצביה,קילוגרמים,1.00,"ק""ג",true,,0.00,0.0000,true,1,137092
21143204,true,כרעיים טרי 250,,,כרעיים טרי 250,קילוגרמים,1.00,"ק""ג",true,,0.00,0.0000,true,1,137093
21143205,true,כרעיים טרי 300,,,כרעיים טרי 300,קילוגרמים,1.00,"ק""ג",true,,0.00,0.0000,true,1,137094
21143251,true,ירכיים טרי,,,ירכיים טרי,קילוגרמים,1.00,"ק""ג",true,,0.00,0.0000,true,1,137095
21143258,true,ירך פטם ב.ע.ג .,,,ירך פטם ב.ע.ג .,קילוגרמים,1.00,"ק""ג",true,,0.00,0.0000,true,1,137096
21143300,true,קוקטייל קצביה,,,קוקטייל קצביה,קילוגרמים,1.00,"ק""ג",true,,0.00,0.0000,true,1,137097
21143301,true,"שוקיים טרי תפז """,,,"שוקיים טרי תפז """,קילוגרמים,1.00,"ק""ג",true,,0.00,0.0000,true,1,137098
21143306,true,שוקיים הקצביה,,,שוקיים הקצביה,קילוגרמים,1.00,"ק""ג",true,,0.00,0.0000,true,1,137099
21143351,true,כנפיים טרי,,,כנפיים טרי,קילוגרמים,1.00,"ק""ג",true,,0.00,0.0000,true,1,137100
21143352,true,כנף חצויה,,,כנף חצויה,קילוגרמים,1.00,"ק""ג",true,,0.00,0.0000,true,1,137101
21143354,true,כנפיים הקצביה,,,כנפיים הקצביה,קילוגרמים,1.00,"ק""ג",true,,0.00,0.0000,true,1,137102
21143401,true,שווארמה) פרגית (,,,שווארמה) פרגית (,קילוגרמים,1.00,"ק""ג",true,,0.00,0.0000,true,1,137103
21143403,true,פרגית הקצביה,,,פרגית הקצביה,קילוגרמים,1.00,"ק""ג",true,,0.00,0.0000,true,1,137104
21143404,true,פרגית פרוסה הקצביה,,,פרגית פרוסה הקצביה,קילוגרמים,1.00,"ק""ג",true,,0.00,0.0000,true,1,137105
21143405,true,נתח פרגית טרי,,,נתח פרגית טרי,קילוגרמים,1.00,"ק""ג",true,,0.00,0.0000,true,1,137106
21143444,true,סטייק פרגית ע.ע .,,,סטייק פרגית ע.ע .,קילוגרמים,1.00,"ק""ג",true,,0.00,0.0000,true,1,137107
21143505,true,גרון עוף,,,גרון עוף,קילוגרמים,1.00,"ק""ג",true,,0.00,0.0000,true,1,137108
21143601,true,כבד טרי,,,כבד טרי,קילוגרמים,1.00,"ק""ג",true,,0.00,0.0000,true,1,137109
21143605,true,כבד פטם הקצביה,,,כבד פטם הקצביה,קילוגרמים,1.00,"ק""ג",true,,0.00,0.0000,true,1,137110
21143651,true,קורקבן טרי,,,קורקבן טרי,קילוגרמים,1.00,"ק""ג",true,,0.00,0.0000,true,1,137111
21143701,true,לב טרי,,,לב טרי,קילוגרמים,1.00,"ק""ג",true,,0.00,0.0000,true,1,137112
21143704,true,לבבות פטם,,,לבבות פטם,קילוגרמים,1.00,"ק""ג",true,,0.00,0.0000,true,1,137113
21143705,true,לבבות פטם חצוי,,,לבבות פטם חצוי,קילוגרמים,1.00,"ק""ג",true,,0.00,0.0000,true,1,137114
21143751,true,טחול טרי,,,טחול טרי,קילוגרמים,1.00,"ק""ג",true,,0.00,0.0000,true,1,137115
21144055,true,חזה טרי,,,חזה טרי,קילוגרמים,1.00,"ק""ג",true,,0.00,0.0000,true,1,137116
21144057,true,חזה חצוי הקצביה,,,חזה חצוי הקצביה,קילוגרמים,1.00,"ק""ג",true,,0.00,0.0000,true,1,137117
21144103,true,שניצל פרוס,,,שניצל פרוס,קילוגרמים,1.00,"ק""ג",true,,0.00,0.0000,true,1,137118
21144106,true,שניצל דק דק,,,שניצל דק דק,קילוגרמים,1.00,"ק""ג",true,,0.00,0.0000,true,1,137119
21144107,true,שניצל דק הקצביה,,,שניצל דק הקצביה,קילוגרמים,1.00,"ק""ג",true,,0.00,0.0000,true,1,137120
21144202,true,כרעיים טרי,,,כרעיים טרי,קילוגרמים,1.00,"ק""ג",true,,0.00,0.0000,true,1,137121
21144204,true,כרעיים חתוכות בלי עו,,,כרעיים חתוכות בלי עו,קילוגרמים,1.00,"ק""ג",true,,0.00,0.0000,true,1,137122
21144206,true,כרעיים הקצביה,,,כרעיים הקצביה,קילוגרמים,1.00,"ק""ג",true,,0.00,0.0000,true,1,137123
21144252,true,ירכיים טרי,,,ירכיים טרי,קילוגרמים,1.00,"ק""ג",true,,0.00,0.0000,true,1,137124
21144300,true,קוקטייל טרי,,,קוקטייל טרי,קילוגרמים,1.00,"ק""ג",true,,0.00,0.0000,true,1,137125
21144302,true,שוקיים טרי,,,שוקיים טרי,קילוגרמים,1.00,"ק""ג",true,,0.00,0.0000,true,1,137126
21144304,true,שוקיים הקצביה,,,שוקיים הקצביה,קילוגרמים,1.00,"ק""ג",true,,0.00,0.0000,true,1,137127
21144352,true,כנפיים טרי,,,כנפיים טרי,קילוגרמים,1.00,"ק""ג",true,,0.00,0.0000,true,1,137128
21144354,true,כנפיים הקצביה,,,כנפיים הקצביה,קילוגרמים,1.00,"ק""ג",true,,0.00,0.0000,true,1,137129
21144402,true,שוארמה טרי,,,שוארמה טרי,קילוגרמים,1.00,"ק""ג",true,,0.00,0.0000,true,1,137130
21144404,true,פרגית הקצביה,,,פרגית הקצביה,קילוגרמים,1.00,"ק""ג",true,,0.00,0.0000,true,1,137131
21144405,true,פרגית פרוסה הקצביה,,,פרגית פרוסה הקצביה,קילוגרמים,1.00,"ק""ג",true,,0.00,0.0000,true,1,137132
21144445,true,סטייק פרגיות ארוז,,,סטייק פרגיות ארוז,קילוגרמים,1.00,"ק""ג",true,,0.00,0.0000,true,1,137133
21144502,true,פילה טרי,,,פילה טרי,קילוגרמים,1.00,"ק""ג",true,,0.00,0.0000,true,1,137134
21144504,true,פילה פטם הקצביה,,,פילה פטם הקצביה,קילוגרמים,1.00,"ק""ג",true,,0.00,0.0000,true,1,137135
21144505,true,גרון עוף ארוז,,,גרון עוף ארוז,קילוגרמים,1.00,"ק""ג",true,,0.00,0.0000,true,1,137136
21144602,true,כבד טרי,,,כבד טרי,קילוגרמים,1.00,"ק""ג",true,,0.00,0.0000,true,1,137137
21144604,true,כבד פטם הקצביה,,,כבד פטם הקצביה,קילוגרמים,1.00,"ק""ג",true,,0.00,0.0000,true,1,137138
21144652,true,קורקבן טרי,,,קורקבן טרי,קילוגרמים,1.00,"ק""ג",true,,0.00,0.0000,true,1,137139
21144702,true,לבבות טרי,,,לבבות טרי,קילוגרמים,1.00,"ק""ג",true,,0.00,0.0000,true,1,137140
21144752,true,טחול טרי,,,טחול טרי,קילוגרמים,1.00,"ק""ג",true,,0.00,0.0000,true,1,137141
21145003,true,זוג פרגית במגש 8 יח,,,זוג פרגית במגש 8 יח,קילוגרמים,1.00,"ק""ג",true,,0.00,0.0000,true,1,137142
21145004,true,פרגית אמיתית 16 יח ת,,,פרגית אמיתית 16 יח ת,קילוגרמים,1.00,"ק""ג",true,,0.00,0.0000,true,1,137143
22143506,true,כנפית פטם,,,כנפית פטם,קילוגרמים,1.00,"ק""ג",true,,0.00,0.0000,true,1,137145
31133001,true,שלם נקבה,,,שלם נקבה,קילוגרמים,1.00,"ק""ג",true,,0.00,0.0000,true,1,137146
31143030,true,חזה זכר חצוי ללא פיל,,,חזה זכר חצוי ללא פיל,קילוגרמים,1.00,"ק""ג",true,,0.00,0.0000,true,1,137147
31143054,true,חזה זכר חצוי טרי,,,חזה זכר חצוי טרי,קילוגרמים,1.00,"ק""ג",true,,0.00,0.0000,true,1,137148
31143055,true,חזה נקבה חצוי טרי,,,חזה נקבה חצוי טרי,קילוגרמים,1.00,"ק""ג",true,,0.00,0.0000,true,1,137149
31143056,true,פרפר זכר טרי,,,פרפר זכר טרי,קילוגרמים,1.00,"ק""ג",true,,0.00,0.0000,true,1,137150
31143057,true,פרפר נקבה טרי,,,פרפר נקבה טרי,קילוגרמים,1.00,"ק""ג",true,,0.00,0.0000,true,1,137151
31143058,true,חזה זכר חצוי ע.ע,,,חזה זכר חצוי ע.ע,קילוגרמים,1.00,"ק""ג",true,,0.00,0.0000,true,1,137152
31143060,true,"חזה פרפר ע""ע זכר",,,"חזה פרפר ע""ע זכר",קילוגרמים,1.00,"ק""ג",true,,0.00,0.0000,true,1,137153
31143061,true,"חזה פרפר ע""ע נקבה",,,"חזה פרפר ע""ע נקבה",קילוגרמים,1.00,"ק""ג",true,,0.00,0.0000,true,1,137154
31143070,true,פילה הודו,,,פילה הודו,קילוגרמים,1.00,"ק""ג",true,,0.00,0.0000,true,1,137155
31143150,true,נתחים,,,נתחים,קילוגרמים,1.00,"ק""ג",true,,0.00,0.0000,true,1,137156
31143175,true,חתיכות,,,חתיכות,קילוגרמים,1.00,"ק""ג",true,,0.00,0.0000,true,1,137157
31143251,true,"ירך זכר ע""ע",,,"ירך זכר ע""ע",קילוגרמים,1.00,"ק""ג",true,,0.00,0.0000,true,1,137158
31143300,true,שוק זכר טרי,,,שוק זכר טרי,קילוגרמים,1.00,"ק""ג",true,,0.00,0.0000,true,1,137159
31143301,true,שוק נקבה טרי,,,שוק נקבה טרי,קילוגרמים,1.00,"ק""ג",true,,0.00,0.0000,true,1,137160
31143325,true,שוק מפורק,,,שוק מפורק,קילוגרמים,1.00,"ק""ג",true,,0.00,0.0000,true,1,137161
31143332,true,שוק הודו נקבה תפזורת,,,שוק הודו נקבה תפזורת,קילוגרמים,1.00,"ק""ג",true,,0.00,0.0000,true,1,138416
31143350,true,כנף זכר טרי,,,כנף זכר טרי,קילוגרמים,1.00,"ק""ג",true,,0.00,0.0000,true,1,137162
31143352,true,כנף נקבה טרי,,,כנף נקבה טרי,קילוגרמים,1.00,"ק""ג",true,,0.00,0.0000,true,1,137163
31143375,true,כנף הודו מפורק,,,כנף הודו מפורק,קילוגרמים,1.00,"ק""ג",true,,0.00,0.0000,true,1,137164
31143400,true,שווארמה זכר טרי,,,שווארמה זכר טרי,קילוגרמים,1.00,"ק""ג",true,,0.00,0.0000,true,1,137165
31143425,true,שווארמה נקבה טרי,,,שווארמה נקבה טרי,קילוגרמים,1.00,"ק""ג",true,,0.00,0.0000,true,1,137166
31143443,true,שווארמה הודו נקבה,,,שווארמה הודו נקבה,קילוגרמים,1.00,"ק""ג",true,,0.00,0.0000,true,1,137252
31143450,true,שישליק טרי,,,שישליק טרי,קילוגרמים,1.00,"ק""ג",true,,0.00,0.0000,true,1,137167
31143500,true,גרון נקבה,,,גרון נקבה,קילוגרמים,1.00,"ק""ג",true,,0.00,0.0000,true,1,137168
31143501,true,גרון זכר,,,גרון זכר,קילוגרמים,1.00,"ק""ג",true,,0.00,0.0000,true,1,137169
31143571,true,זנבות עם עצם,,,זנבות עם עצם,קילוגרמים,1.00,"ק""ג",true,,0.00,0.0000,true,1,137170
31143600,true,כבד טרי,,,כבד טרי,קילוגרמים,1.00,"ק""ג",true,,0.00,0.0000,true,1,137171
31143650,true,קורקבן טרי,,,קורקבן טרי,קילוגרמים,1.00,"ק""ג",true,,0.00,0.0000,true,1,137172
31143700,true,לב טרי,,,לב טרי,קילוגרמים,1.00,"ק""ג",true,,0.00,0.0000,true,1,137173
31143750,true,טחול,,,טחול,קילוגרמים,1.00,"ק""ג",true,,0.00,0.0000,true,1,137174
31143801,true,אשכים,,,אשכים,קילוגרמים,1.00,"ק""ג",true,,0.00,0.0000,true,1,137175
31144053,true,חזה ה.נ.טרי,,,חזה ה.נ.טרי,קילוגרמים,1.00,"ק""ג",true,,0.00,0.0000,true,1,137176
31144154,true,נתחי הודו טרי,,,נתחי הודו טרי,קילוגרמים,1.00,"ק""ג",true,,0.00,0.0000,true,1,137177
31144302,true,שוק ה.נ טרי,,,שוק ה.נ טרי,קילוגרמים,1.00,"ק""ג",true,,0.00,0.0000,true,1,137178
31144326,true,בשר אדום טרי,,,בשר אדום טרי,קילוגרמים,1.00,"ק""ג",true,,0.00,0.0000,true,1,137179
31144357,true,כנפיים ה.נ.טרי,,,כנפיים ה.נ.טרי,קילוגרמים,1.00,"ק""ג",true,,0.00,0.0000,true,1,137180
31144426,true,שווארמה ה.נ.טרי,,,שווארמה ה.נ.טרי,קילוגרמים,1.00,"ק""ג",true,,0.00,0.0000,true,1,137181
31144451,true,שישליק טרי,,,שישליק טרי,קילוגרמים,1.00,"ק""ג",true,,0.00,0.0000,true,1,137182
31144502,true,גרון הודו טרי,,,גרון הודו טרי,קילוגרמים,1.00,"ק""ג",true,,0.00,0.0000,true,1,137183
31144601,true,כבד הודו טרי,,,כבד הודו טרי,קילוגרמים,1.00,"ק""ג",true,,0.00,0.0000,true,1,137184
31144651,true,קורקבן הודו טרי,,,קורקבן הודו טרי,קילוגרמים,1.00,"ק""ג",true,,0.00,0.0000,true,1,137185
31144701,true,לב הודו טרי,,,לב הודו טרי,קילוגרמים,1.00,"ק""ג",true,,0.00,0.0000,true,1,137186
31144801,true,אשכים ארוז,,,אשכים ארוז,קילוגרמים,1.00,"ק""ג",true,,0.00,0.0000,true,1,137187
31333011,true,שוק מפורק פרוס,,,שוק מפורק פרוס,קילוגרמים,1.00,"ק""ג",true,,0.00,0.0000,true,1,137188
40057798,true,סוכריות סמרטיז 38 גר,,,סוכריות סמרטיז 38 גר,,0.00,,false,,0.00,0.0000,true,1,137298
42135012,false,סרגל איש קרח נוגט 100 ג CARSTEN,Erasmi & Carstens Gm,,סרגל איש קרח נוגט 10,גרמים,100.00,100 גרם,false,,11.90,0.1190,true,1,153630
54088191,true,קינדר ביצת הפתעה 20,,,קינדר ביצת הפתעה 20,,0.00,,false,,5.00,0.0000,true,1,133980
66611304,true,מפעל-מהדרין -אפונה3,,,מפעל-מהדרין -אפונה3,,0.00,,false,,2999.90,0.0000,true,1,135319
70001595,true,מפעל-שקית 50/70 גליל,,,מפעל-שקית 50/70 גליל,,0.00,,false,,2999.90,0.0000,true,1,136626
72940754,false,"מילקי מעדן וניל עם קצפת שטראוס 133 מ""ל","שטראוס גרופ בע""\מ",,מילקי מעדן וניל עם ק,גרמים,133.00,100 גרם,false,,2.90,0.0218,true,1,139866
72940761,false,"מילקי מעדן שוקולד עם קצפת שטראוס 133 מ""ל",מיוצר עי קונדיטוריית,,"מילקי שוקולד 170 מ""ל",מיליליטרים,170.00,"100 מ""ל",false,,2.90,0.0171,true,1,132827
72940983,false,סלט חומוס 250 גר אחל,מיוצר עי קונדיטוריית,,חומוס אחלה 250 גרם,גרמים,250.00,100 גרם,false,,6.90,0.0276,true,1,141107
72961223,false,"גילה 3% תנובה 200 מ""ל",תנובה מרכז שיתופי לש,,"גיל 3% 200 מ""ל",מיליליטרים,200.00,"100 מ""ל",false,,1.51,0.0076,true,1,139960
72961506,false,יוגורט עם תות 1.5% שומן 125 ג' פרילי,מיוצר עי קונדיטוריית,,פרילי תות 1.5% 125 מ,מיליליטרים,125.00,"100 מ""ל",false,,3.70,0.0296,true,1,155948
72961520,false,"פרילי יוגורט עם אננס 1.5% תנובה 125 מ""ל",מיוצר עי קונדיטוריית,,פרילי אננס 1.5% 125,מיליליטרים,125.00,"100 מ""ל",false,,3.70,0.0296,true,1,155950
72961544,false,"באדי יוגורט בטעם תות שדה 3% תנובה 125 מ""ל",מחלבת אלון תבור,,באדי יוגרט תות גביע,מיליליטרים,125.00,"100 מ""ל",false,,3.00,0.0240,true,1,139357
72986448,false,"גלידת בן & ג'ריס פיינטים טופי קראנץ 500מ""ל",מוצרי איכות אמריקאיים בע,,גלידת וניל וטופי בן,מיליליטרים,473.00,"100 מ""ל",false,,22.90,0.0484,true,1,139909
72993637,false,מעדן חלב בטעם שוקולד 125 ג' דני,"שטראוס גרופ בע""\מ",,דני מעדן חלב בטעם שו,גרמים,125.00,100 גרם,false,,2.70,0.0216,true,1,132829
72994061,false,חטיף פסק זמן GOOD גלילית לבן 40 גרם,שולן צ'\יקולטה גידה סאן.,,פסק זמן 2 גוד עלית 3,גרמים,36.00,100 גרם,false,,5.50,0.1528,true,1,147611
80001461,false,חטיף גרנדה שוקולד 38 גרם,"א. לואקר קונפקט בע""מ",,חטיף גרדנה שוקולד 38,גרמים,38.00,100 גרם,false,,4.90,0.1289,true,1,143787
80050049,true,קינדר ביצת הפתעה 20,,,קינדר ביצת הפתעה 20,,0.00,,false,,5.00,0.0000,true,1,134565
80141301,true,מפעל -A6פריניר עגב מ,,,מפעל -A6פריניר עגב מ,קילוגרמים,1.00,"ק""ג",true,,2999.90,2999.9000,true,1,135315
80854753,false,סוכריות מנטוס מנטה 30 יח' ללא סוכר CLEAN BREATH,פרפטי ואן מלה,,סוכריות מנטוס מרעננו,גרמים,21.00,100 גרם,false,,7.50,0.3571,true,1,154017
88888000,true,Temp SuperDept,,,,,0.00,,false,,0.00,0.0000,true,1,149591
88888001,true,אוכל,,,אוכל,,0.00,,false,,0.00,0.0000,true,1,149592
88888002,true,שתיה,,,שתיה,,0.00,,false,,0.00,0.0000,true,1,149593
88888003,true,אימפולס,,,אימפולס,,0.00,,false,,0.00,0.0000,true,1,158443
88888004,true,תוספות לקפה,,,תוספות לקפה,,0.00,,false,,0.00,0.0000,true,1,149594
88888005,true,חומרי גלם,,,חומרי גלם,,0.00,,false,,0.00,0.0000,true,1,149595
88888006,true,פירות וירקות,,,פירות וירקות,,0.00,,false,,0.00,0.0000,true,1,158444
88888008,true,ללא מעמ,,,ללא מעמ,,0.00,,false,,0.00,0.0000,true,1,149596
88888009,true,ניר פוד,,,ניר פוד,,0.00,,false,,0.00,0.0000,true,1,158445
88888010,true,אלכוהול,,,אלכוהול,,0.00,,false,,0.00,0.0000,true,1,158446
88888014,true,נון פוד,,,נון פוד,,0.00,,false,,0.00,0.0000,true,1,158447
88888016,true,תפעול,,,תפעול,,0.00,,false,,0.00,0.0000,true,1,158448
88888018,true,שוויצריה הקטנה,,,שוויצריה הקטנה,,0.00,,false,,0.00,0.0000,true,1,149597
88888100,true,"מפעל-ללא מע""מ",,,"מפעל-ללא מע""מ",,0.00,,false,,0.00,0.0000,true,1,149598
88888102,true,גלידות ושלגונים,,,גלידות ושלגונים,,0.00,,false,,0.00,0.0000,true,1,149599
88888119,true,מאפים,,,מאפים,,0.00,,false,,0.00,0.0000,true,1,158449
88888124,true,משקאות לא אלכוהוליים,,,משקאות לא אלכוהוליים,,0.00,,false,,0.00,0.0000,true,1,158450
88888144,true,קינוחים,,,קינוחים,,0.00,,false,,0.00,0.0000,true,1,158451
88888156,true,פירות וירקות לסחיטה,,,פירות וירקות לסחיטה,,0.00,,false,,0.00,0.0000,true,1,149600
88888158,true,מוצרי מכולת,,,מוצרי מכולת,,0.00,,false,,0.00,0.0000,true,1,149601
88888159,true,משקאות,,,משקאות,,0.00,,false,,0.00,0.0000,true,1,149602
88888160,true,מצוננים,,,מצוננים,,0.00,,false,,0.00,0.0000,true,1,149603
88888161,true,קפואים,,,קפואים,,0.00,,false,,0.00,0.0000,true,1,149604
88888162,true,ירקות ופירות טריים,,,ירקות ופירות טריים,,0.00,,false,,0.00,0.0000,true,1,149605
88888165,true,י שירות/ עזר לסניפים,,,י שירות/ עזר לסניפים,,0.00,,false,,0.00,0.0000,true,1,149606
88888166,true,ארוחות מבושלות,,,ארוחות מבושלות,,0.00,,false,,0.00,0.0000,true,1,149607
88888167,true,אריזות לזכיינים,,,אריזות לזכיינים,,0.00,,false,,0.00,0.0000,true,1,158452
88888168,true,זיכויים,,,זיכויים,,0.00,,false,,0.00,0.0000,true,1,149608
88888169,true,אבזרי עזר וייצור,,,אבזרי עזר וייצור,,0.00,,false,,0.00,0.0000,true,1,149609
88888170,true,מזון טרי,,,מזון טרי,,0.00,,false,,0.00,0.0000,true,1,149610
88888171,true,משקאות קרון,,,משקאות קרון,,0.00,,false,,0.00,0.0000,true,1,149611
88888172,true,ירקות ופירות מעמ,,,ירקות ופירות מעמ,,0.00,,false,,0.00,0.0000,true,1,149612
88888173,true,ל-חומרי גלם ואביזרים,,,ל-חומרי גלם ואביזרים,,0.00,,false,,0.00,0.0000,true,1,149613
88888174,true,מפעל-תוצרת גמורה,,,מפעל-תוצרת גמורה,,0.00,,false,,0.00,0.0000,true,1,149614
88888175,true,סיגריות,,,סיגריות,,0.00,,false,,0.00,0.0000,true,1,149615
88888176,true,מאפה טרי פרדס,,,מאפה טרי,,0.00,,false,,0.00,0.0000,true,1,149616
88888177,true,קצבייה פרדס,,,קצבייה,,0.00,,false,,0.00,0.0000,true,1,149617
88888178,true,ואביזרים (ללא מלאי),,,ואביזרים (ללא מלאי),,0.00,,false,,0.00,0.0000,true,1,149618
88888179,true,פירות יבשים ללא מעמ,,,פירות יבשים ללא מעמ,,0.00,,false,,0.00,0.0000,true,1,150430
88888999,true,,,,,,0.00,,false,,0.00,0.0000,true,1,149619
128902555,true,מפעל-סלמון פילה אפוי,,,מפעל-סלמון פילה אפוי,קילוגרמים,1.00,"ק""ג",true,,2999.90,2999.9000,true,1,137501
128910367,true,מפעל-קסטן דגנים,,,מפעל-קסטן דגנים,,0.00,,false,,0.00,0.0000,true,1,138638
212105302,true,מפעל-שום כתוש בדלי5,,,מפעל-שום כתוש בדלי5,,0.00,,false,,2999.90,0.0000,true,1,134869
701504420,true,מפעל-ספטוקל בלון 20,,,מפעל-ספטוקל בלון 20,,0.00,,false,,0.00,0.0000,true,1,135976
702303420,true,מפעל -QUICKDESבלון1,,,מפעל -QUICKDESבלון1,,0.00,,false,,0.00,0.0000,true,1,135977
702349420,true,מפעל MS -TOPבלון 20,,,מפעל MS -TOPבלון 20,,0.00,,false,,0.00,0.0000,true,1,135971
710758425,true,"מפעל -ZA28מיכל 25 ק""",,,"מפעל -ZA28מיכל 25 ק""",,0.00,,false,,0.00,0.0000,true,1,136436
803165193,true,מפעל-ניילון רדיד מוד,,,מפעל-ניילון רדיד מוד,,0.00,,false,,0.00,0.0000,true,1,135965
803165293,true,מפעל-ניילון מודפס לס,,,מפעל-ניילון מודפס לס,,0.00,,false,,0.00,0.0000,true,1,135990
803165395,true,מפעל-ניילון מודפס לס,,,מפעל-ניילון מודפס לס,,0.00,,false,,0.00,0.0000,true,1,135991
827002109,true,מפעל -מטליותQUICKDE,,,מפעל -מטליותQUICKDE,,0.00,,false,,0.00,0.0000,true,1,135978
5011051000,true,"קאווה 750 מ""ל",,,"קאווה 750 מ""ל",,0.00,,false,,0.00,0.0000,true,1,133769
5107510002,true,מפעל -חביתה מקופלת7,,,מפעל -חביתה מקופלת7,,0.00,,false,,2999.90,0.0000,true,1,133788
8421372072,false,בובת TY עיניים גדולו,,,בובת TY עיניים גדולו,Unknown,1.00,יחידה,false,,24.90,24.9000,true,1,141660
16000548404,false,חטיפי גרנולה קראנצ'י עם שיבולת שועל ודבש נייצ'ר ואלי 5*42 גרם,ג'נרל מילס סאן אדריאן,,חטיפי גרנולה שיבולת,גרמים,210.00,100 גרם,false,,19.90,0.0948,true,1,139022
16000548497,false,קראנצי שיבולת שועל ודבש בודד 42גר,ג'נרל מילס,,חטיף נייטשר ואלי שיב,גרמים,42.00,100 גרם,false,,5.00,0.1190,true,1,143791
16000548503,false,חטיפי גרנולה קראנצ'י עם מייפל וסוכר חום נייצ'ר ואלי 5*42 גרם,ג'נרל מילס סאן אדריאן,,חטיפי גרנולה מייפל ו,גרמים,210.00,100 גרם,false,,19.90,0.0948,true,1,139023
38000845550,true,פרינגלס מיני שמנת בצ,,,פרינגלס מיני שמנת בצ,,0.00,,false,,0.00,0.0000,true,1,133937
38000845557,true,פרינגלס מיני אורגינל,,,פרינגלס מיני אורגינל,,0.00,,false,,0.00,0.0000,true,1,133938
40000514480,false,M&M אריזה קטנה's שוקולד אריזה קטנה 48 גרם,M&M אם אנד אם,,סוכריות שוקולד צבעונ,גרמים,48.00,100 גרם,false,,5.50,0.1146,true,1,141380
46214731552,false,עוגיות שוקולד צ'יפס 37% גודיס 225 גרם,קריניציה ויטמינה אס,,עוגיות שוקולד צ'יפס,גרמים,225.00,100 גרם,false,,9.90,0.0440,true,1,142955
64144090013,false,פאם תרסיס על בסיס שמן קנולה בטעם חמאה,קונאגרה פודס,,תרסיס שמן קנולה בטעם,גרמים,148.00,100 גרם,false,,19.90,0.1345,true,1,143793
70970461805,true,מייק אנד אייק כחול5,,,מייק אנד אייק כחול5,,0.00,,false,,5.00,0.0000,true,1,135889
70970461828,true,מייק אנד אייק ורוד5,,,מייק אנד אייק ורוד5,,0.00,,false,,5.00,0.0000,true,1,135891
77245110610,false,סוכריות מאסט ללא סוכר בטעם מנטה 80 ג'עלית,MIESZKO S.A - MS. JO,,"סוכריות לל""ס מאסט מנ",גרמים,80.00,100 גרם,false,,8.90,0.1113,true,1,147631
77975094761,false,סניידרס חטיפים על בסיס קמח חיטה בטעם גבינת צ'דר,סניידרס אוף האנובר,,סניידרס בטעם צ'דר 34,גרמים,340.00,100 גרם,false,,16.90,0.0497,true,1,151397
77975094778,false,שברי בייגלה סניידרס בטעם דבש חרדל 340 גר,סניידרס אוף האנובר,,סניידרס דבש וחרדל 34,גרמים,340.00,100 גרם,false,,17.90,0.0526,true,1,152052
82184090442,true,"ג""ק דניאלס 1 ליטר",,,"ג""ק דניאלס 1 ליטר",,0.00,,false,,0.00,0.0000,true,1,137732
401500011273,true,סומט נוזל לניקוי ומב,,,סומט נוזל לניקוי ומב,,0.00,,false,,5.00,0.0000,true,1,134713
613008753290,false,"בקבוק אריזונה אפרסק 450 מ""ל",אריזונה Arizona,,אריזונה אפרסק בקבוק,מיליליטרים,450.00,"100 מ""ל",false,,9.40,0.0209,true,1,143356
613008753320,false,"אריזונה ג'ינסנג ודבש בקבוק 450 מ""ל.",לני אנד לארי,,אריזונה ג'ינסנג ודבש,מיליליטרים,450.00,"100 מ""ל",false,,9.40,0.0209,true,1,143357
613008753351,false,"בקבוק אריזונה רימונים 450 מ""ל",לני אנד לארי,,אריזונה רימונים בקבו,מיליליטרים,450.00,"100 מ""ל",false,,9.40,0.0209,true,1,143358
633824703392,true,וודקה ואן גוך קלאסית,,,וודקה ואן גוך קלאסית,,0.00,,false,,0.00,0.0000,true,1,137704
729000254137,true,חלב סויה אלפרו,,,חלב סויה אלפרו,,0.00,,false,,0.00,0.0000,true,1,133535
729000487231,true,טילון וניל,,,טילון וניל,,0.00,,false,,5.00,0.0000,true,1,133112
729000494616,true,שוקו 250 גרם,,,שוקו 250 גרם,,0.00,,false,,0.00,0.0000,true,1,132544
729001364230,true,פסטרמה כפרית 100 גרם,,,פסטרמה כפרית 100 גרם,,0.00,,false,,5.00,0.0000,true,1,135137
729001364506,true,סלמי פריזר 100 גרם,,,סלמי פריזר 100 גרם,,0.00,,false,,5.00,0.0000,true,1,135138
729001505785,true,מיץ תפוזים עדה חרדית,,,מיץ תפוזים עדה חרדית,,0.00,,false,,0.00,0.0000,true,1,135810
729001587826,true,חרדל 370 גרם,,,חרדל 370 גרם,,0.00,,false,,5.00,0.0000,true,1,133080
729001759700,true,פמלה קלופה,,,פמלה קלופה,,0.00,,false,,12.00,0.0000,true,1,138235
729002007890,true,"כוסות ח""פ לשתייה קרה",,,"כוסות ח""פ לשתייה קרה",,0.00,,false,,5.00,0.0000,true,1,132703
729003411689,true,מארז צלוחיות לדים סא,,,מארז צלוחיות לדים סא,,0.00,,false,,0.00,0.0000,true,1,133415
729006664051,true,אקטימל 14 יחידות טבע,,,אקטימל 14 יחידות טבע,,0.00,,false,,5.00,0.0000,true,1,132815
768404001640,false,"גלידה בן&ג'ריס קפה משפחתית 500מ""ל",מוצרי איכות אמריקאיים בע,,"בן אנד ג""ריז קפה",100 0,500.00,100 0,false,,22.90,0.0458,true,1,139935
800520048652,true,נסטי אפרסק בקבוק500,,,נסטי אפרסק בקבוק500,,0.00,,false,,5.00,0.0000,true,1,135351
807680208570,true,פסטה פנה ברילה50 73,,,פסטה פנה ברילה50 73,,0.00,,false,,5.00,0.0000,true,1,132773
835811007234,true,אפונה 500 גרם,,,אפונה 500 גרם,,0.00,,false,,5.00,0.0000,true,1,137858
839762002386,false,נקטר איילנד גויאבה 3,"פאראגאלה,דה אג'יפשן",,"איילנד גויאבה 350 מ""",מיליליטרים,350.00,"100 מ""ל",false,,7.40,0.0211,true,1,137594
853773004269,true,מפעל-אורז קלרוז22.7,,,מפעל-אורז קלרוז22.7,קילוגרמים,1.00,"ק""ג",true,,0.00,0.0000,true,1,134581
893594002051,false,"חטיף פופקורן צ`יפס בטעם גבינת צ`דר, 28ג Medora snacks",PepsiCo inc. Frito lay Division,,פופקורנס גבינת צ'דר,גרמים,28.00,100 גרם,false,,6.20,0.2214,true,1,156940
893594002068,false,"חטיף פופקורן צ`יפס עם מלח ים,28 ג HANTRONIX",PepsiCo inc. Frito lay Division,,פופקורנס מלח ים 28 ג,גרמים,28.00,100 גרם,false,,6.20,0.2214,true,1,133148
4003754081000,false,מרציפן חטיף 100 גר CARSTENS ERASMI,Erasmi & Carstens Gm,,חטיף מרציפן מצופה שו,גרמים,100.00,100 גרם,false,,7.90,0.0790,true,1,151118
4005500534600,false,טבלת שוקולד קראנץ' ל,,,שוקולד קראנץ לבן 10,,1.00,יח,false,,11.90,11.9000,true,1,157780
4005563194018,true,"פידג 1 ""ליטר",,,"פידג 1 ""ליטר",,0.00,,false,,0.00,0.0000,true,1,133942
4005563194025,true,"פידג 700 ""מ""ל",,,"פידג 700 ""מ""ל",,0.00,,false,,0.00,0.0000,true,1,133943
4006814011061,false,שוקולד סנטה קלאוז בו,WAWI Euro Gmbh,,"שוק ""סנטה בודד60 ג """,גרמים,60.00,100 גרם,false,,4.90,0.0817,true,1,151126
4006814011108,false,שוקולד סנטה קלאוס בו,WAWI-EURO,,שוקולד סנטה קלאוס בו,גרמים,150.00,100 גרם,false,,8.90,0.0593,true,1,151127
4011100240216,true,באונטי 57 גרם,,,באונטי 57 גרם,,0.00,,false,,0.00,0.0000,true,1,134787
4011800617912,false,קורני ביג נאטס אגוזי,משה סידס ובנו בעמ,,קורני ביג נאטס אגוזי,גרמים,50.00,100 גרם,false,,4.90,0.0980,true,1,156115
4011800628512,false,חטיף קורני שוקולד חלב 6 יח 150 גר,מיוצר עי קונדיטוריית,,קורני בייס שוקו 150,גרמים,150.00,100 גרם,false,,10.90,0.0727,true,1,140393
4011800630515,false,חטיף קורני שוקולד חלב ובננה 6 יח 150 גר,מיוצר עי קונדיטוריית,,קורני בייס שוק בננה,גרמים,150.00,100 גרם,false,,10.90,0.0727,true,1,140394
4011800632519,false,חטיף קורני שישייה שוקולד חלבי וקוקוס,מיוצר עי קונדיטוריית,,קורני בייס קוקונט 15,גרמים,150.00,100 גרם,false,,10.90,0.0727,true,1,153683
4011800636517,false,קורני פרי שוקולד חלב מעולה ללא סוכר 6*1,מיוצר עי קונדיטוריית,,קורני פרי שוק 120 גר,גרמים,120.00,100 גרם,false,,10.90,0.0908,true,1,153684
<<<<<<< HEAD
4014400901191,false,בונבונריית מרסי מבחר ממתקי שוקולד 250 גרם,ליימן מותגים,,בונבוניירת שוקולד חל,גרמים,250.00,100 גרם,false,,26.90,0.1076,true,1,139292
=======
4014400901191,false,בונבונריית מרסי מבחר ממתקי שוקולד 250 גרם,ליימן שליסל בע`מ,,בונבוניירת שוקולד חל,גרמים,250.00,100 גרם,false,,26.90,0.1076,true,1,139292
>>>>>>> d048ac2f4f281c9d788043ab4e81b61b0dbe3743
4014400901405,false,בונבונריית מרסי מבחר ממתקי שוקולד חלב 250 גרם,קריניציה ויטמינה אס,,בונבוניירת שוקולד חל,גרמים,250.00,100 גרם,false,,26.90,0.1076,true,1,149447
4014400901412,false,מרסי בונבוניירה שוק`מריר 250 גר כשלפ,ליימן שליסל בע`מ,,בונבוניירה שוקולד מר,גרמים,250.00,100 גרם,false,,26.90,0.1076,true,1,149448
4014400923711,false,בונבוניירה שוקולד אגוזים טופיפי 125 גרם,ליימן שליסל בע`מ,,בונבוניירה טופיפי 12,גרמים,125.00,100 גרם,false,,12.90,0.1032,true,1,136205
4033100024153,true,פאקט-וינסטון קוד,,,פאקט-וינסטון קוד,,0.00,,false,,0.00,0.0000,true,1,137445
4046237003182,true,קופיקס-יעה עם מקל 1,,,קופיקס-יעה עם מקל 1,,0.00,,false,,0.00,0.0000,true,1,133559
4067700013002,true,יגרמייסטר בקבוק1 ליט,,,יגרמייסטר בקבוק1 ליט,,0.00,,false,,0.00,0.0000,true,1,133952
4600659011059,true,וודקה סטולי 1 ליטר,,,וודקה סטולי 1 ליטר,,0.00,,false,,0.00,0.0000,true,1,133961
4605561010305,false,"חתיכות פילה הרינג עם שמיר בשמן 17.6 אונקיה, 500 גרם",דילר בי.אמ.די פורמולה בעמ,,פילה הרינג עם שמיר ב,גרמים,500.00,100 גרם,false,,27.90,0.0558,true,1,155119
4605561013009,false,פילה דג הרינג בשמן 400 גרם,דילר בי.אם.די. פורמולה בעמ,,פילה הרינג בשמן 400,גרמים,400.00,100 גרם,false,,16.90,0.0422,true,1,155124
4606203001279,true,פאקט-נקסט אורגינלFF,,,פאקט-נקסט אורגינלFF,,0.00,,false,,0.00,0.0000,true,1,137293
<<<<<<< HEAD
4710068001692,false,"מאסטר קפה לאטה פחית 240 מ""ל",תאיט מרקטינג אנד דיסטריב,,מאסטר קפה לאטה,מיליליטרים,240.00,"100 מ""ל",false,,7.20,0.0300,true,1,137592
4710068001715,false,"מאסטר קפה טירמיסו פחית 240 מ""ל",יוני פרזינדנט אנטרפר,,קפה בטעם טירמיסו מאס,מיליליטרים,240.00,"100 מ""ל",false,,6.90,0.0288,true,1,137593
4710068001739,false,"מאסטר קפה קולומביאני 250 מ""ל",יוני פרזינדנט אנטרפר,,קפה קולומביאני קלאסי,מיליליטרים,240.00,"100 מ""ל",false,,7.20,0.0300,true,1,140976
4710068003313,false,"מאסטר קפה אמריקאנו פחית 240 מ""ל",מאיטה פוד אינדוסטריא,,קפה קר בפחית אמריקנו,מיליליטרים,240.00,"100 מ""ל",false,,7.20,0.0300,true,1,151579
=======
4710068001692,false,מאסטר קפה בטעם לאטה בפחית 240מ`ל,תאיט מרקטינג אנד דיסטריב,,מאסטר קפה לאטה,מיליליטרים,240.00,"100 מ""ל",false,,7.20,0.0300,true,1,137592
4710068001715,false,משקה בטעם טירמיסו מאסטר קפה (240 מל),יוני פרזינדנט אנטרפר,,קפה בטעם טירמיסו מאס,מיליליטרים,240.00,"100 מ""ל",false,,6.90,0.0288,true,1,137593
4710068001739,false,מאסטר קפה בטעם קולומביאני בפחית 240מ`ל,יוני פרזינדנט אנטרפר,,קפה קולומביאני קלאסי,מיליליטרים,240.00,"100 מ""ל",false,,7.20,0.0300,true,1,140976
4710068003313,false,מאסטר קפה אמריקאנו בפחית 240מ`ל,מאיטה פוד אינדוסטריא,,קפה קר בפחית אמריקנו,מיליליטרים,240.00,"100 מ""ל",false,,7.20,0.0300,true,1,151579
>>>>>>> d048ac2f4f281c9d788043ab4e81b61b0dbe3743
4770179125434,false,שוקולד פרגלה מריר עם,PERGALE,,טב' שוקולד מריר עם א,,246.00,250 גרם,false,,12.90,0.0524,true,1,155888
4770179998397,false,בונבוניירה פרליני שו,,,בונבוניירה פרליני שו,גרמים,110.00,100 גרם,false,,10.90,0.0991,true,1,153603
4770179998656,false,בונבוניירה פרליני שו,,,בונבוניירה פרליני שו,גרמים,114.00,100 גרם,false,,10.90,0.0956,true,1,153605
<<<<<<< HEAD
4770237054423,false,גלידת ס שרבט מנגו עם אפרסק בגביע וופל אישי 85 גר' SVALIA,פיאנו זיואיגזדס,,גלידת ס שרבט מנגו עם,גרמים,85.00,100 גרם,false,,5.90,0.0694,true,1,157093
4810168000011,false,פילה דג הרינג מלוח מצונן 250 גרם,סנטה ברמור,,פילה דג הרינג מלוח מ,גרמים,250.00,100 גרם,false,,13.90,0.0556,true,1,154872
4810168000998,false,פילה דג הרינג מלוח מצונן עם בצל בצנצנת חתיכות 260גרם,סנטה ברמור,,פילה הרינג מלוח עם ב,גרמים,260.00,100 גרם,false,,18.90,0.0727,true,1,154874
4810168018795,false,חתיכות פילה דג הרינג מלוח מצונן 200גרם,סנטה ברמור,,חתיכות פילה דג הרינג,גרמים,200.00,100 גרם,false,,13.90,0.0695,true,1,154876
4810168019051,false,חתיכות פילה דג הרינג מלוח מצונן עם תבלין 200גרם,סנטה ברמור,,חתיכות פילה דג הרינג,גרמים,200.00,100 גרם,false,,13.90,0.0695,true,1,154877
4810168045098,false,גלידת שמנת בטעם קרם ברולה בגביע וופל YUKKI,santa bremor,,YUKKI גלידת שמנת בטע,גרמים,70.00,100 גרם,false,,5.90,0.0843,true,1,156326
4810168058999,false,פילה דג הרינג סקנדינבי מלוח מצונן 250 גרם,סנטה ברמור,,פילה דג הרינג סקנדינ,גרמים,250.00,100 גרם,false,,13.90,0.0556,true,1,155994
4820015165206,false,גלידת שמנת משובחת בטעם וניל בגביע וופל אישי פלומביר 70 גר',ז'יטומרסקי זאבוד,,גלידת שמנת בטעם וניל,גרמים,70.00,100 גרם,false,,5.90,0.0843,true,1,156203
4820015165213,false,גלידת שמנת משובחת בטעם וניל פלומביר שכבות וופל 90 גרם,ז'יטומרסקי זאבוד,,גלידת שמנת בטעם וניל,גרמים,90.00,100 גרם,false,,5.90,0.0656,true,1,156327
4820154727938,false,גלידה חלבית בשומן צמחי בטעם מלון וליים אסקימו 85 גרם,ז'יטומרסקי זאבוד,,גלידה חלבית RUD עם מ,גרמים,85.00,100 גרם,false,,5.90,0.0694,true,1,156328
4823077613630,false,חטיף שוקולד רושן ממולה קרם בורלה 43 גרם,רושן Roshen,,חטיף שוקולד רושן ממו,גרמים,43.00,100 גרם,false,,3.50,0.0814,true,1,154059
4823077617041,false,חטיף שוקולד רושן ממולה קרם קרמל 43 גרם,רושן Roshen,,חטיף שוקולד רושן ממו,גרמים,43.00,100 גרם,false,,3.50,0.0814,true,1,154063
4823077621635,false,חטיף שוקולד רושן בטעם חלב 72 גרם,Unknown,,וופל רושן בטעם חלב 7,גרמים,72.00,100 גרם,false,,3.50,0.0486,true,1,154065
4823077621642,false,חטיף שוקולד רושן בטעם שוקולד 72 גר,Unknown,,וופל רושן בטעם שוקול,גרמים,72.00,100 גרם,false,,3.50,0.0486,true,1,154066
4823077621659,false,חטיף שוקולד רושן בטעם אגוז 72 גר,Unknown,,וופל רושן בטעם אגוז,גרמים,72.00,100 גרם,false,,3.50,0.0486,true,1,154067
4823077626364,false,שוקולד רושן אורירי לבן 80 גרם,רושן Roshen,,שוקולד אורירי לבן רו,גרמים,80.00,100 גרם,false,,6.90,0.0863,true,1,154152
4823077629136,false,שוקולד רושן חלב lacmuי 90 גרם,,,שוקולדרושן חלב 90 גר,גרמים,90.00,100 גרם,false,,6.90,0.0767,true,1,156486
4823077631467,false,קרקר עם מלח ים רושן 168 גר HI DAY,רושן,,קרקר עם מלח ים רושן,גרמים,168.00,100 גרם,false,,5.50,0.0327,true,1,154097
4823077631856,false,גליליות ופל רושן קונפטו קוקוס 140 גרם,רושן,,גליליות רושן קונאפטו,גרמים,140.00,100 גרם,false,,6.90,0.0493,true,1,154099
4823077631863,false,גליליות ופל רושן קונפטו וניל 140 גרם,רושן,,גליליות רושן קונאפטו,גרמים,140.00,100 גרם,false,,6.90,0.0493,true,1,154100
4823077632259,false,חטיף שוקולד רושן עם בוטנים 43 גרם,רושן Roshen,,חטיף שוקולד רושן עם,גרמים,38.00,100 גרם,false,,3.50,0.0921,true,1,154103
4823077632570,false,שוקולד רושן BRUT מריר 85 גרם,רושן,,שוקולד רושן מריר 85,גרמים,85.00,100 גרם,false,,6.90,0.0812,true,1,154108
4823077633317,false,עוגיות שוקוצ'יפס LOVITA שוקולד עם חתיכות שוקולד 150 גרם,,,עוגיות לביטה שוקולד,גרמים,150.00,100 גרם,false,,6.90,0.0460,true,1,154115
4823077633324,false,עוגיות שוקוצ'יפס LOVITA עם חתיכות שוקולד 150 גרם,,,עוגיות שוקוצ'יפס לבי,גרמים,150.00,100 גרם,false,,6.90,0.0460,true,1,154116
4823077634369,false,שוקולד רושן חלב אוורירי ופצפוצי אורז 85 גר LACMI CRISP,,,שוקולד רושן חלב אוור,גרמים,85.00,100 גרם,false,,6.90,0.0812,true,1,156491
4823077634420,false,"עוגות אישיות ""TOO COOL"" חלב 270 גר 6 יחידות",,,עוגות אישיות חלב 270,גרמים,270.00,100 גרם,false,,14.90,0.0552,true,1,154129
4823077635793,false,"וופלים דקיקים רושן ""THINS"" בטעם חלב וניל 55 גר",,,וופלים דקיקים רושן ב,גרמים,55.00,100 גרם,false,,4.90,0.0891,true,1,157784
4823077635809,false,"וופלים דקיקים רושן ""THINS"" בטעם קקאו 55 גר",,,וופלים דקיקים רושן ב,גרמים,55.00,100 גרם,false,,4.90,0.0891,true,1,157785
4823097809747,false,גלידת שוקולד בכוס פלומביר,ז'יטומרסקי זאבוד,,גלידה שמנת שוקולד פל,גרמים,70.00,100 גרם,false,,5.90,0.0843,true,1,156207
=======
4770237054423,false,גלידת ס שרבט מנגו עם אפרסק בגביע וופל אישי 85 גר' SVALIA,אייס דילר בי.אמ.די בעמ,,גלידת ס שרבט מנגו עם,גרמים,85.00,100 גרם,false,,5.90,0.0694,true,1,157093
4810168000011,false,פילה דג הרינג מלוח מצונן 250 גרם,דילר בי.אם.די. פורמולה בעמ,,פילה דג הרינג מלוח מ,גרמים,250.00,100 גרם,false,,13.90,0.0556,true,1,154872
4810168000998,false,פילה דג הרינג מלוח מצונן עם בצל בצנצנת חתיכות 260גרם,דילר בי.אם.די. פורמולה בעמ,,פילה הרינג מלוח עם ב,גרמים,260.00,100 גרם,false,,18.90,0.0727,true,1,154874
4810168001056,false,פילה דג הרינג מלוח מצונן בצנצנת חתיכות 260גרם,דילר בי.אם.די. פורמולה בעמ,,פילה הרינג מלוח מצונ,גרמים,260.00,100 גרם,false,,18.90,0.0727,true,1,154875
4810168018795,false,חתיכות פילה דג הרינג מלוח מצונן 200גרם,דילר בי.אם.די. פורמולה בעמ,,חתיכות פילה דג הרינג,גרמים,200.00,100 גרם,false,,13.90,0.0695,true,1,154876
4810168019051,false,חתיכות פילה דג הרינג מלוח מצונן עם תבלין 200גרם,דילר בי.אם.די. פורמולה בעמ,,חתיכות פילה דג הרינג,גרמים,200.00,100 גרם,false,,13.90,0.0695,true,1,154877
4810168045098,false,גלידת שמנת בטעם קרם ברולה בגביע וופל YUKKI,אייס דילר בי.אמ.די בעמ,,YUKKI גלידת שמנת בטע,גרמים,70.00,100 גרם,false,,5.90,0.0843,true,1,156326
4810168058999,false,פילה דג הרינג סקנדינבי מלוח מצונן 250 גרם,דילר בי.אמ.די פורמולה בעמ,,פילה דג הרינג סקנדינ,גרמים,250.00,100 גרם,false,,13.90,0.0556,true,1,155994
4820015165206,false,גלידת שמנת משובחת בטעם וניל בגביע וופל אישי פלומביר 70 גר',אייס דילר בי.אמ.די בעמ,,גלידת שמנת בטעם וניל,גרמים,70.00,100 גרם,false,,5.90,0.0843,true,1,156203
4820015165213,false,גלידת שמנת משובחת בטעם וניל פלומביר שכבות וופל 90 גרם,ז'יטומרסקי זאבוד,,גלידת שמנת בטעם וניל,גרמים,90.00,100 גרם,false,,5.90,0.0656,true,1,156327
4820154727938,false,גלידה חלבית בשומן צמחי בטעם מלון וליים אסקימו 85 גרם,אייס דילר בי.אמ.די בעמ,,גלידה חלבית RUD עם מ,גרמים,85.00,100 גרם,false,,5.90,0.0694,true,1,156328
4823077613630,false,חטיף שוקולד רושן ממולה קרם בורלה 43 גרם,דילר בי.אמ.די.אינטרנשויונל בעמ,,חטיף שוקולד רושן ממו,גרמים,43.00,100 גרם,false,,3.50,0.0814,true,1,154059
4823077617041,false,חטיף שוקולד רושן ממולה קרם קרמל 43 גרם,דילר בי.אמ.די.אינטרנשויונל בעמ,,חטיף שוקולד רושן ממו,גרמים,43.00,100 גרם,false,,3.50,0.0814,true,1,154063
4823077621635,false,חטיף שוקולד רושן בטעם חלב 72 גרם,דילר בי.אמ.די.אינטרנשויונל בעמ,,וופל רושן בטעם חלב 7,גרמים,72.00,100 גרם,false,,3.50,0.0486,true,1,154065
4823077621642,false,חטיף שוקולד רושן בטעם שוקולד 72 גר,דילר בי.אמ.די.אינטרנשויונל בעמ,,וופל רושן בטעם שוקול,גרמים,72.00,100 גרם,false,,3.50,0.0486,true,1,154066
4823077621659,false,חטיף שוקולד רושן בטעם אגוז 72 גר,דילר בי.אמ.די.אינטרנשויונל בעמ,,וופל רושן בטעם אגוז,גרמים,72.00,100 גרם,false,,3.50,0.0486,true,1,154067
4823077626364,false,שוקולד רושן אורירי לבן 80 גרם,דילר בי.אמ.די.אינטרנשויונל בעמ,,שוקולד אורירי לבן רו,גרמים,80.00,100 גרם,false,,6.90,0.0863,true,1,154152
4823077631467,false,קרקר עם מלח ים רושן 168 גר HI DAY,דילר בי.אמ.די.אינטרנשויונל בעמ,,קרקר עם מלח ים רושן,גרמים,168.00,100 גרם,false,,5.50,0.0327,true,1,154097
4823077631856,false,גליליות ופל רושן קונפטו קוקוס 140 גרם,דילר בי.אמ.די.אינטרנשויונל בעמ,,גליליות רושן קונאפטו,גרמים,140.00,100 גרם,false,,6.90,0.0493,true,1,154099
4823077631863,false,גליליות ופל רושן קונפטו וניל 140 גרם,דילר בי.אמ.די.אינטרנשויונל בעמ,,גליליות רושן קונאפטו,גרמים,140.00,100 גרם,false,,6.90,0.0493,true,1,154100
4823077632259,false,חטיף שוקולד רושן עם בוטנים 43 גרם,דילר בי.אמ.די.אינטרנשויונל בעמ,,חטיף שוקולד רושן עם,גרמים,38.00,100 גרם,false,,3.50,0.0921,true,1,154103
4823077632570,false,שוקולד רושן BRUT מריר 85 גרם,דילר בי.אמ.די.אינטרנשויונל בעמ,,שוקולד רושן מריר 85,גרמים,85.00,100 גרם,false,,6.90,0.0812,true,1,154108
4823077633317,false,עוגיות שוקוצ'יפס LOVITA שוקולד עם חתיכות שוקולד 150 גרם,דילר בי.אמ.די.אינטרנשויונל בעמ,,עוגיות לביטה שוקולד,גרמים,150.00,100 גרם,false,,6.90,0.0460,true,1,154115
4823077633324,false,עוגיות שוקוצ'יפס LOVITA עם חתיכות שוקולד 150 גרם,דילר בי.אמ.די.אינטרנשויונל בעמ,,עוגיות שוקוצ'יפס לבי,גרמים,150.00,100 גרם,false,,6.90,0.0460,true,1,154116
4823077634369,false,שוקולד רושן חלב אוורירי ופצפוצי אורז 85 גר LACMI CRISP,דילר בי.אמ.די.אינטרנשויונל בעמ,,שוקולד רושן חלב אוור,גרמים,85.00,100 גרם,false,,6.90,0.0812,true,1,156491
4823077634420,false,"עוגות אישיות ""TOO COOL"" חלב 270 גר 6 יחידות",דילר בי.אמ.די.אינטרנשיונל בעמ,,עוגות אישיות חלב 270,גרמים,270.00,100 גרם,false,,14.90,0.0552,true,1,154129
4823077635793,false,"וופלים דקיקים רושן ""THINS"" בטעם חלב וניל 55 גר",דילר בי.אמ.די.אינטרנשיונל בעמ,,וופלים דקיקים רושן ב,גרמים,55.00,100 גרם,false,,4.90,0.0891,true,1,157784
4823077635809,false,"וופלים דקיקים רושן ""THINS"" בטעם קקאו 55 גר",דילר בי.אמ.די.אינטרנשיונל בעמ,,וופלים דקיקים רושן ב,גרמים,55.00,100 גרם,false,,4.90,0.0891,true,1,157785
4823097809747,false,גלידת שמנת משובחת כם שבבי שוקולד 70גר,אייס דילר בי.אמ.די בעמ,,גלידה שמנת שוקולד פל,גרמים,70.00,100 גרם,false,,5.90,0.0843,true,1,156207
>>>>>>> d048ac2f4f281c9d788043ab4e81b61b0dbe3743
4823097809754,false,גלידה עם צימוקים בטעם וניל וופל 90 גרם פלומביר,ז'יטומרסקי זאבוד,,גלידת שמנת וניל עם צ,גרמים,90.00,100 גרם,false,,5.90,0.0656,true,1,156208
4823097809815,false,גלידה וניל עם אוכמניות שחורות וכחולות אסקימוס,אייס דילר בי.אמ.די בעמ,,גלידה חלבית עם אוכמנ,גרמים,85.00,100 גרם,false,,5.90,0.0694,true,1,156213
4891228430085,false,סכיני גילוח שיק אקסטרים קומפורט לגבר 3 להבים 4 יחידות,אנרג'יזר Energizer,,סכיני גילוח 3 להבים,Unknown,4.00,יחידה,false,,21.90,5.4750,true,1,149166
4976879102489,true,מפעל-סאקה יפני -הוקא,,,מפעל-סאקה יפני -הוקא,,0.00,,false,,0.00,0.0000,true,1,133786
5010327000039,true,"ווסקי גראנט""ס 1 ליטר",,,"ווסקי גראנט""ס 1 ליטר",,0.00,,false,,0.00,0.0000,true,1,133970
5035766044673,false,"סטרונגבואו גולד, סיידר תפוחים אלכוהולי, בקבוק 330 מ''ל",האי נאם סי או אל.טי.,,סיידר תפוחים סטרונגב,מיליליטרים,330.00,"100 מ""ל",false,,8.80,0.0267,true,1,140044
5397139000045,true,עוגיות שוקוצ'יפס OH,,,עוגיות שוקוצ'יפס OH,,0.00,,false,,0.00,0.0000,true,1,136414
5411188112709,false,"משקה קוקוס אלפרו 1 ליטר משקה שקדים לל""ס",הנסיך- מפעל לייצור ט,,אלפרו משקה שקדים ללס,מיליליטרים,1000.00,"100 מ""ל",false,,15.90,0.0159,true,1,140662
5411188116905,false,משקה סויה אלפרו בטעם בננה 1 ליטר,שטראוס גרופ בע`מ,,אלפרו משקה סויה בטעם,מיליליטרים,1000.00,"100 מ""ל",false,,14.90,0.0149,true,1,155610
5411188134985,false,אלפרו 3.5% NOT M*LK שיבולת שועל 1 ליטר בית יוסף,שטראוס גרופ בעמ/מצונן,,אלפרו שיבולת שועל 3.,מיליליטרים,1000.00,"100 מ""ל",false,,14.90,0.0149,true,1,152790
5411188135005,false,אלפרו 1.8% NOT M*LK שיבולת שועל 1 ליטר בית יוסף,שטראוס גרופ בעמ/מצונן,,אלפרו שיבולת שועל 1.,מיליליטרים,1000.00,"100 מ""ל",false,,14.90,0.0149,true,1,152791
5412956213482,false,שוקולד חלב קאשט אורגני שברי קרמל ומלח100,KIMS,,קאשט אורגני טב' שוקו,גרמים,55.00,100 גרם,false,,11.90,0.2164,true,1,155889
5412956213598,false,קאשט אורגני טב' שוקו,,,קאשט אורגני טב' שוקו,גרמים,71.00,100 גרם,false,,11.90,0.1676,true,1,155891
5412956214519,false,שוקולד מריר עם תפוז ושקדים 100 גרם,Kim's Chocolates NV,,טבלת שוקולד מריר בלג,גרמים,100.00,100 גרם,false,,9.90,0.0990,true,1,151162
5412956214533,false,שוקולד מריר עם לימון ופלפל שחור 100 גרם,Kim's Chocolates NV,,טבלת שוקולד מריר בלג,גרמים,100.00,100 גרם,false,,9.90,0.0990,true,1,151164
5412956214540,false,שוקולד מריר עם גינגר ואוכמניות 100 גרם,Kim's Chocolates NV,,טב' שוקולד מריר עם ג,גרמים,70.00,100 גרם,false,,8.90,0.1271,true,1,155893
5413202109207,false,בונ' דליפייל 100גר',,,בונ' דליפייל 100גר',גרמים,100.00,100 גרם,false,,13.00,0.1300,true,1,151167
5566774571122,false,סכין רב שימושית משובחת,ד.ג.ש ייבוא ושיווק בעמ,,סכין רב שימושית משוב,Unknown,1.00,יחידה,false,,9.90,9.9000,true,1,147597
5566774572945,false,צלחת עמוקה קטנה,,,צלחת עמוקה קטנה,Unknown,1.00,יחידה,false,,3.90,3.9000,true,1,154044
5566774572952,false,צלחת עמוקה גדולה,,,צלחת עמוקה גדולה,Unknown,1.00,יחידה,false,,5.90,5.9000,true,1,154045
5566774573737,false,רב שקע 4+מפסק+כבל עד,ד.ג.ש ייבוא ושיווק בעמ,,רב שקע 4+מפסק+כבל עד,Unknown,1.00,יחידה,false,,29.90,29.9000,true,1,154047
5566774573799,false,מפצל חשמל 1 ל 3 בליסטר,ד.ג.ש ייבוא ושיווק בעמ,,מפצל חשמל 1 ל 3 בליס,Unknown,1.00,יחידה,false,,9.90,9.9000,true,1,154457
5740900403215,false,ממרח חמאה דנית לורפק עם מלח 250 גרם,שטראוס גרופ בעמ/מצונן,,ממרח לורפק עם מלח 25,גרמים,250.00,100 גרם,false,,17.90,0.0716,true,1,141110
5740900403239,false,ממרח חמאה דנית לורפק ללא מלח 250 גרם,שטראוס גרופ בעמ/מצונן,,ממרח לורפק בלי מלח 2,גרמים,250.00,100 גרם,false,,17.90,0.0716,true,1,141112
5900020015174,false,פיטנס חטיפי אנרגיה דגנים בטעם שוקולד נסטלה 6*23.5 גרם,קבוצת אוסם סחר-שות.מוגבלת,,פיטנס חטיף דגנים שוק,גרמים,141.00,100 גרם,false,,15.90,0.1128,true,1,136870
5900020018212,true,שישית פיטנס חטיף דגנ,,,שישית פיטנס חטיף דגנ,,0.00,,false,,0.00,0.0000,true,1,136871
5900020025647,false,חטיף דגנים פיטנס שוקולד חלב 135 גרם מארז 6 יחידות,קבוצת אוסם סחר שותפות מוגבלת,,פיטנס בר דליס שוקולד,גרמים,135.00,100 גרם,false,,15.90,0.1178,true,1,147225
5900020034991,false,דגני בוקר צדפים בטעם שוקולד 450 ג' קראנץ',קבוצת אוסם סחר שותפות מוגבלת,,דגני בוקר צדפים בטעם,גרמים,450.00,100 גרם,false,,23.90,0.0531,true,1,147720
5900353616321,false,בונבוניירה שוקולדורו 178 גרם MIESZKO,MIESZKO,,בונבוניירת כדורי שוק,גרמים,178.00,100 גרם,false,,30.00,0.1685,true,1,151183
5901177156758,false,בונבוניירה דליסימו א,,,בונבוניירה דליסימו א,גרמים,91.00,100 גרם,false,,11.90,0.1308,true,1,155198
5902198160403,false,XL משקה אנרגיה מוגז ללא סוכר עד 10 קלוריות לפחית 250 מל,"טמפו משקאות בע""\מ",,"אקסל 250 TEN מ""ל",מיליליטרים,250.00,"100 מ""ל",false,,4.80,0.0192,true,1,135888
5902581680334,true,ממתק שוקו מריר במילו,,,ממתק שוקו מריר במילו,,0.00,,false,,0.00,0.0000,true,1,135665
5906485301012,false,משקה אנרגיה XL מוגז פחית 250 מל,טמפו משקאות בע`מ,,משקה אנרגיה אקסל 250,מיליליטרים,250.00,"100 מ""ל",false,,4.80,0.0192,true,1,132969
5907563438637,true,"סיידר תפוחים 330 מ""ל",,,"סיידר תפוחים 330 מ""ל",,0.00,,false,,0.00,0.0000,true,1,134003
5998710131877,false,בונבונטי חטיף דובדבן בשוקולד 36 גרם,דילר בי.אמ.די.אינטרנשיונל בעמ,,ממתק שוקולד 36 גרם C,גרמים,36.00,100 גרם,false,,4.50,0.1250,true,1,154131
6001067003427,true,מארז קולגייט 12 מברש,,,מארז קולגייט 12 מברש,,0.00,,false,,0.00,0.0000,true,1,136181
6001067007289,true,מברשת שיניים COLGATE,,,מברשת שיניים COLGATE,,0.00,,false,,0.00,0.0000,true,1,135181
6582048300846,true,מרשמלו 500 גרם,,,מרשמלו 500 גרם,,0.00,,false,,0.00,0.0000,true,1,136345
6682838968727,true,נרות happy birthday,,,נרות happy birthday,,0.00,,false,,0.00,0.0000,true,1,136535
<<<<<<< HEAD
=======
6910021100204,false,מברשת שיניים קולגייט 360 צ`רקואל שחורה,פארמה דיל (פ.א.ב.) שיווק והפצה,,מברשת שיניים קולגייט,Unknown,1.00,יחידה,false,,11.90,11.9000,true,1,141743
>>>>>>> d048ac2f4f281c9d788043ab4e81b61b0dbe3743
6910191800041,true,מפעל-אצות נורי גולד,,,מפעל-אצות נורי גולד,,0.00,,false,,0.00,0.0000,true,1,135532
6920354824395,false,"קולגייט נטורל משחת שיניים חמוציות פחם 71 מ""ל",קולגייט פלמוליב,,קולגייט נטורל משחת ש,מיליליטרים,71.00,"100 מ""ל",false,,32.90,0.4634,true,1,152623
6926832407074,false,בראל חטיף אורז יפני 100גרם,קסימן די ברייט,,חטיף אורז יפני 100 ג,גרמים,100.00,100 גרם,false,,7.90,0.0790,true,1,132771
6936745600455,true,מפעל-מירין 18 ליטר),,,מפעל-מירין 18 ליטר),,0.00,,false,,0.00,0.0000,true,1,133791
6937457900314,true,שמרים 100 גרם,,,שמרים 100 גרם,,0.00,,false,,0.00,0.0000,true,1,132447
7260000572116,true,מפעל-טחינה בדלי פלסט,,,מפעל-טחינה בדלי פלסט,,0.00,,false,,2999.90,0.0000,true,1,134804
7290000000300,false,תפוח אדמה אדום ארוז,ביכורי השקמה,,קפוצ'ינו הפוך,Unknown,0.00,יחידה,false,,6.00,0.0000,true,1,131940
7290000000301,false,אספרסו קצר,,,אספרסו קצר,Unknown,0.00,יחידה,false,,6.00,0.0000,true,1,131941
7290000000302,false,6יח בקבוק ריק חוזר 5,ביכורי השקמה,,אספרסו ארוך,Unknown,0.00,יחידה,false,,6.00,0.0000,true,1,131942
7290000000303,false,אספרסו כפול,,,אספרסו כפול,Unknown,0.00,יחידה,false,,8.00,0.0000,true,1,131943
7290000000307,false,קישואים זוקיני ירוק,ביכורי השקמה,,אמריקנו קטן,Unknown,0.00,יחידה,false,,6.00,0.0000,true,1,131947
7290000000312,false,תה ירוק נענע,,,תה ירוק נענע,Unknown,0.00,יחידה,false,,5.00,0.0000,true,1,131952
7290000000315,false,לחמניה קטנה,ביכורי השקמה,,נס קפה קטן,Unknown,0.00,יחידה,false,,6.00,0.0000,true,1,131954
7290000000318,false,שוקו קר/חם קטן,מאפיית דוידוביץ ובני,,שוקו קר/חם קטן,Unknown,0.00,יחידה,false,,8.00,0.0000,true,1,131957
7290000000634,false,שקית גופיה סופרקופיק,,,שקית גופיה סופרקופיק,Unknown,1.00,יחידה,false,,0.10,0.1000,true,1,135099
7290000000960,false,"פקדון רביעיה 1.2 ש""ח",,,"פקדון רביעיה 1.2 ש""ח",Unknown,0.00,יחידה,false,,1.20,0.0000,true,1,150038
7290000000961,false,"פקדון שישיה 1.8 ש""ח",,,"פקדון שישיה 1.8 ש""ח",Unknown,0.00,יחידה,false,,1.80,0.0000,true,1,150035
7290000000998,false,פקדון,,,פקדון,Unknown,0.00,יחידה,false,,0.30,0.0000,true,1,133048
7290000003345,false,נביעות מים מינרלים ש,,,נביעות מים מינרלים ש,מיליליטרים,1500.00,"100 מ""ל",false,,5.00,0.0033,true,1,138861
7290000023816,false,קלאסיק אמרלד ריזלינג יקבי ברקן (750 מל),יקבי ברקן שיווק והפצה בע,,יין לבן חצי יבש קלאס,מיליליטרים,750.00,"100 מ""ל",false,,32.90,0.0439,true,1,140732
7290000024523,false,"תירוש של סגל ,מיץ ענבים , 1 ליטר",כרמי צבי - האחים סגל,,מיץ ענבים טבעי תירוש,מיליליטרים,1000.00,"100 מ""ל",false,,15.90,0.0159,true,1,135375
7290000040066,false,יופלה יוגורט דובדבן %3 גביע 150 גרם,תנובה מרכז שיתופי לש,,יופלה יוגורט דובדבן,מיליליטרים,150.00,"100 מ""ל",false,,5.20,0.0347,true,1,149902
<<<<<<< HEAD
7290000041858,false,"שמנת חמוצה 15% מועשרת יטבתה 200 מ""ל",שטראוס גרופ,,שמנת חמוצה מועשרת 15,מיליליטרים,200.00,"100 מ""ל",false,,2.40,0.0120,true,1,133793
7290000042411,false,חלב בקרטון 3% יטבתה 1 ל',מחלבת יטבתה,,חלב 3% קרטון 1 ליטר,מיליליטרים,1000.00,"100 מ""ל",false,,5.94,0.0059,true,1,141119
7290000042435,false,חלב דל שומן בקרטון+פקק תנובה 1 ליטר,תנובה מרכז שיתופי לש,,חלב בקרטון תנובה 1%,מיליליטרים,1000.00,"100 מ""ל",false,,5.86,0.0059,true,1,135912
7290000042442,false,"חלב תנובה טרי 3% ""תנובה"" - מוצר בפיקוח",תנובה חלב,,חלב תנובה קרטון 3% 1,מיליליטרים,1000.00,"100 מ""ל",false,,6.23,0.0062,true,1,133143
7290000042442,false,"חלב תנובה טרי 3% ""תנובה"" - מוצר בפיקוח",תנובה חלב,,חלב תנובה קרטון 3% 1,מיליליטרים,1000.00,"100 מ""ל",false,,6.23,0.0062,true,1,143475
=======
7290000041858,false,"שמנת חמוצה 15% מועשרת יטבתה 200 מ""ל",שטראוס גרופ בעמ/מצונן,,שמנת חמוצה מועשרת 15,מיליליטרים,200.00,"100 מ""ל",false,,2.40,0.0120,true,1,133793
7290000042411,false,חלב 1 ליטר בקבוק% 3 יוטבתה,"שטראוס גרופ ***בע""מ",,חלב 3% קרטון 1 ליטר,מיליליטרים,1000.00,"100 מ""ל",false,,5.94,0.0059,true,1,141119
7290000042435,false,חלב דל שומן 1% בקרטון תנובה (1 ליטר)פיק,תנובה מרכז שיתופי לש,,חלב בקרטון תנובה 1%,מיליליטרים,1000.00,"100 מ""ל",false,,5.86,0.0059,true,1,135912
7290000042442,false,"חלב תנובה טרי 3% ""תנובה"" - מוצר בפיקוח",תנובה בעמ ***,,חלב תנובה קרטון 3% 1,מיליליטרים,1000.00,"100 מ""ל",false,,6.23,0.0062,true,1,133143
7290000042442,false,"חלב תנובה טרי 3% ""תנובה"" - מוצר בפיקוח",תנובה בעמ ***,,חלב תנובה קרטון 3% 1,מיליליטרים,1000.00,"100 מ""ל",false,,6.23,0.0062,true,1,143475
>>>>>>> d048ac2f4f281c9d788043ab4e81b61b0dbe3743
7290000042640,false,"חלב תנובה עמיד 3% קרטון 250 מ""ל",תנובה מרכז שיתופי לש,,"חלב עמיד 250 מ""ל 3%",מיליליטרים,250.00,"100 מ""ל",false,,2.70,0.0108,true,1,146265
7290000042855,false,"שוקו בשקית 250 מ""ל ""יטבתה""",שטראוס גרופ בעמ/מצונן,,שוקו בשקית יטבתה 225,מיליליטרים,225.00,"100 מ""ל",false,,2.60,0.0116,true,1,134994
7290000043111,false,תנובה חמאה 200 גרם - מוצר בפיקוח,תנובה מרכז שיתופי לש,,חמאה תנובה 200 גרם,גרמים,200.00,100 גרם,false,,7.80,0.0390,true,1,135954
7290000043814,false,השף הלבן שמנת להקצפה 38% שומן 250 מל - מוצר בפיקוח,תנובה מרכז שיתופי לש,,השף הלבן שמנת עמידה,מיליליטרים,250.00,"100 מ""ל",false,,6.47,0.0259,true,1,138891
7290000043890,false,תנובה רויון לבן מחלב מפסוטר 1.5%,תנובה מרכז שיתופי לש,,רויון 1.5% תנובה 1 ל,מיליליטרים,1000.00,"100 מ""ל",false,,11.30,0.0113,true,1,139964
7290000046327,false,גלבוע גבינה צהובה פרוסה 22% תנובה 200 גרם,תנובה מרכז שיתופי לש,,גבינה צהובה פרוסה 22,גרמים,200.00,100 גרם,false,,12.90,0.0645,true,1,139967
7290000046327,false,גלבוע גבינה צהובה פרוסה 22% תנובה 200 גרם,תנובה מרכז שיתופי לש,,גבינה צהובה פרוסה 22,גרמים,200.00,100 גרם,false,,12.90,0.0645,true,1,140033
7290000047621,false,גבינה לבנה רכה 5% תנובה 250ג' מהדרין,תנובה מרכז שיתופי לש,,גבינה לבנה 5% מהדרין,גרמים,250.00,100 גרם,false,,4.98,0.0199,true,1,143466
7290000047942,false,**תנובה גבינה לבנה מהדרין 9% 250ג,תנובה מרכז שיתופי לש,,גבינה לבנה 9% 250 גר,גרמים,250.00,100 גרם,false,,4.98,0.0199,true,1,143465
7290000048185,false,גבינה לבנה 5% תנובה 250 גרם מהדרין,מיוצר עי קונדיטוריית,,גבינה לבנה 5% תנובה,גרמים,250.00,100 גרם,false,,4.98,0.0199,true,1,139358
7290000048192,false,גבינה לבנה 9% תנובה 250 גרם מהדרין,מחלבת אלון תבור,,גבינה לבנה 9% תנובה,גרמים,250.00,100 גרם,false,,4.98,0.0199,true,1,139353
7290000048413,false,גבינה חמד (25016% גרם)פיראוס תנובה,תנובה מרכז שיתופי לש,,גבינת מלוחה חמד 16%,גרמים,250.00,100 גרם,false,,19.50,0.0780,true,1,139969
7290000048437,false,גבינת צפתית (2005% גרם)פיראוס תנובה,פארייפאבה אגרואינדוס,,גבינה צפתית 5% פיראו,גרמים,200.00,100 גרם,false,,15.90,0.0795,true,1,139262
7290000050447,false,"יוגורט ביו בטעם תות YYY יופלה 500 מ""ל",מיוצר עי קונדיטוריית,,יוגורט ביו 3% בטעם ת,מיליליטרים,500.00,"100 מ""ל",false,,13.80,0.0276,true,1,144959
7290000050447,false,"יוגורט ביו בטעם תות YYY יופלה 500 מ""ל",מיוצר עי קונדיטוריית,,יוגורט ביו 3% בטעם ת,מיליליטרים,500.00,"100 מ""ל",false,,13.80,0.0276,true,1,144960
7290000051376,false,יוגורט יופלה דיאט אננס 0% שומן 150 גרם,תנובה מרכז שיתופי לש,,יופלה דיאט אננס גביע,מיליליטרים,150.00,"100 מ""ל",false,,5.20,0.0347,true,1,144973
7290000052311,false,גבינה צהובה עמק לייט 15% שומן 200 גרם,תנובה מרכז שיתופי לש,,גבינה צהובה פרוסה 15,גרמים,200.00,100 גרם,false,,16.40,0.0820,true,1,139971
7290000052311,false,גבינה צהובה עמק לייט 15% שומן 200 גרם,תנובה מרכז שיתופי לש,,גבינה צהובה פרוסה 15,גרמים,200.00,100 גרם,false,,16.40,0.0820,true,1,140023
7290000055329,false,"משקה בוקר יוגורט 1.5% בטעם תות מלון יופלה 250 מ""ל",תנובה מרכז שיתופי לש,,יופלה משקה יוגורט תו,גרמים,250.00,100 גרם,false,,6.00,0.0240,true,1,132725
7290000055336,false,"משקה יוגורט 1.5% בטעם בננה אפרסק יופלה 250 מ""ל",תנובה מרכז שיתופי לש,,יופלה משקה יוגורט בנ,גרמים,250.00,100 גרם,false,,6.00,0.0240,true,1,132726
7290000055428,true,משקה שקדים עמיד 1 לי,,,משקה שקדים עמיד 1 לי,,0.00,,false,,11.90,0.0000,true,1,133557
7290000055893,false,חמאה משמנת מפוסטרת 200גרם 82% כ.מהדרין - מוצר בפיקוח,תנובה מרכז שיתופי לש,,חמאה מהדרין תנובה 20,גרמים,200.00,100 גרם,false,,7.80,0.0390,true,1,136725
7290000056845,false,תנובה חלב טרי 3% שומן 1.5 ליטר - מוצר בפיקוח,פארייפאבה אגרואינדוס,,חלב טרי 3% בקרטון תנ,מיליליטרים,1500.00,"100 מ""ל",false,,9.34,0.0062,true,1,143473
7290000056951,false,"תנובה, השף הלבן, שמנת לבישול 15% שומן 500 מל",תנובה מרכז שיתופי לש,,שמנת לבישול 15% 500,מיליליטרים,500.00,"100 מ""ל",false,,16.50,0.0330,true,1,147026
7290000057088,false,עמק גבינה צהובה פרוסה דק דק 28% תנובה 200 גרם,תנובה מרכז שיתופי לש,,עמק פרוס דק דק 28% 2,גרמים,200.00,100 גרם,false,,16.40,0.0820,true,1,135264
7290000057132,false,יוגורט תנובה טבעי 1.5% גביע 200 גרם,מחלבת אלון תבור,,יוגורט ביו תנובה טבע,גרמים,200.00,100 גרם,false,,3.20,0.0160,true,1,139973
7290000057149,false,יוגורט תנובה טבעי 3% גביע 200 גרם,מיוצר עי קונדיטוריית,,יוגורט טבעי ביו 3% ת,גרמים,200.00,100 גרם,false,,3.20,0.0160,true,1,139974
<<<<<<< HEAD
7290000057552,false,יופלה דיאט עוגת גבינה ותות 0% גביע 150ג',תנובה חלב,,יופלה דיאט עוגת גבינ,מיליליטרים,150.00,"100 מ""ל",false,,5.20,0.0347,true,1,149903
7290000058047,false,שמנת להקצפה 38% 500מל מהדרין עמיד השף הלבן,תנובה מרכז שיתופי לש,,שמנת להקצפה 38% שומן,מיליליטרים,500.00,"100 מ""ל",false,,12.94,0.0259,true,1,147687
7290000058917,true,גבינת שמנת עם פלפלים,,,גבינת שמנת עם פלפלים,,0.00,,false,,5.00,0.0000,true,1,132728
7290000060088,false,בייגלה מקלות מלוחים אסם 400 גרם,מיוצר עי קונדיטוריית,,בייגלה אסם מקלות מלו,גרמים,375.00,100 גרם,false,,11.90,0.0317,true,1,138802
7290000060200,false,פסטה אסם פתיתים אפויים קוסקוס 500גר,"אסם תעשיות בע""מ",,פתיתים אפויים קוסקוס,גרמים,500.00,100 גרם,false,,7.50,0.0150,true,1,142752
7290000060408,false,פסטה אסם פתיתים אפויים טבעות 500 גר,"אסם השקעות בע""\מ",,פתיתים אפויים טבעות,גרמים,500.00,100 גרם,false,,7.50,0.0150,true,1,143566
7290000060781,false,פסטה אסם פתיתים מסולסלים 500גר,קריות זול,,פסטה פוסילי אסם 500,גרמים,500.00,100 גרם,false,,6.50,0.0130,true,1,143568
7290000060880,false,פסטה ספגטי מספר 8 אסם 500 גרם,קריות זול,,פסטה ספגטי מספר 8 אס,גרמים,500.00,100 גרם,false,,6.50,0.0130,true,1,142754
7290000060903,false,פסטה אסם פתיתים אפויים אורז 500גר,"אסם השקעות בע""\מ",,פתיתים אפויים אורז א,גרמים,500.00,100 גרם,false,,7.50,0.0150,true,1,142755
7290000061061,false,קרקר חיטה עם בצל אסם,"אסם השקעות בע""\מ",,קרקר חיטה עם בצל אסם,גרמים,250.00,100 גרם,false,,10.90,0.0436,true,1,143574
7290000061450,false,פתיתים אפויים קוסקוס 3 צבעים אסם 500 גרם,"אסם השקעות בע""\מ",,פתיתים אפויים קוסקוס,גרמים,500.00,100 גרם,false,,7.50,0.0150,true,1,143576
7290000063133,false,אסם שקדי מרק רכיבים טבעיים 24*100גרם,"אסם השקעות בע""מ",,אסם שקדי מרק רכיבים,גרמים,100.00,100 גרם,false,,6.70,0.0670,true,1,140122
7290000063140,false,שקדי מרק רכיבים טבעיים בשקית 400 ג' אסם,"אסם תעשיות בע""מ",,אסם שקדי מרק רכיבים,גרמים,400.00,100 גרם,false,,12.90,0.0323,true,1,137778
7290000063904,true,מפעל-קוסקוס בינוני ב,,,מפעל-קוסקוס בינוני ב,,0.00,,false,,2999.90,0.0000,true,1,136551
7290000066295,false,במבה מתוקה מחומרים טבעיים 30 גרם,מיוצר עי קונדיטוריית,,במבה מתוקה בטעם תות,גרמים,30.00,100 גרם,false,,2.90,0.0967,true,1,138853
7290000067544,false,פירורית זהב פירורי לחם אסם 200 גרם,עינת תעשיות מזון אגו,,אסם פירורית פירורי ל,גרמים,200.00,100 גרם,false,,7.50,0.0375,true,1,143588
7290000068138,false,אינסטנט פודינג בטעם וניל אסם 80 גרם,מיוצר עי קונדיטוריית,,פודינג אינסטנט בטעם,גרמים,80.00,100 גרם,false,,5.70,0.0713,true,1,132408
7290000070308,false,אבקת מרק עוף אמיתי בשרי אסם 400 גרם,"אסם השקעות בע""\מ",,אסם מרק עוף אמיתי 40,גרמים,400.00,100 גרם,false,,19.90,0.0497,true,1,135407
7290000072623,false,קטשופ אסם בקבוק לחיץ 750 גרם,"אסם תעשיות בע""מ",,קטשופ אסם בקבוק לחיץ,גרמים,750.00,100 גרם,false,,10.90,0.0145,true,1,135513
7290000072630,false,קטשופ אסם חריף 750 גרם-בקבוק,"אסם תעשיות בע""מ",,קטשופ חריף אסם 750 ג,גרמים,750.00,100 גרם,false,,12.90,0.0172,true,1,146195
7290000074276,false,קרקר פיקנטי טבעון 250 ג' אסם,"אסם השקעות בע""\מ",,קרקר פיקנטי אסם 250,גרמים,250.00,100 גרם,false,,10.90,0.0436,true,1,143595
7290000074481,false,לחמית אגוזים אסם 160 גרם,"אסם השקעות בע""\מ",,לחמית קרקר מקמח חיטה,גרמים,160.00,100 גרם,false,,10.90,0.0681,true,1,142765
=======
7290000057552,false,יופלה דיאט עוגת גבינה ותות 0% גביע 150ג',תנובה - חלב,,יופלה דיאט עוגת גבינ,מיליליטרים,150.00,"100 מ""ל",false,,5.20,0.0347,true,1,149903
7290000058047,false,שמנת להקצפה 38% 500מל מהדרין עמיד השף הלבן,תנובה מרכז שיתופי לש,,שמנת להקצפה 38% שומן,מיליליטרים,500.00,"100 מ""ל",false,,12.94,0.0259,true,1,147687
7290000058917,true,גבינת שמנת עם פלפלים,,,גבינת שמנת עם פלפלים,,0.00,,false,,5.00,0.0000,true,1,132728
7290000060088,false,בייגלה מקלות עם מלח אסם (400 גרם),קבוצת אוסם סחר שותפות מוגבלת,,בייגלה אסם מקלות מלו,גרמים,375.00,100 גרם,false,,11.90,0.0317,true,1,138802
7290000060200,false,פסטה אסם פתיתים אפויים קוסקוס 500גר,קבוצת אוסם סחר שותפות מוגבלת,,פתיתים אפויים קוסקוס,גרמים,500.00,100 גרם,false,,7.50,0.0150,true,1,142752
7290000060408,false,פסטה אסם פתיתים אפויים טבעות 500 גר,קבוצת אוסם סחר שותפות מוגבלת,,פתיתים אפויים טבעות,גרמים,500.00,100 גרם,false,,7.50,0.0150,true,1,143566
7290000060781,false,פרומנטי פתיתים מסולסלים אוסם,קבוצת אוסם סחר שותפות מוגבלת,,פסטה פוסילי אסם 500,גרמים,500.00,100 גרם,false,,6.50,0.0130,true,1,143568
7290000060880,false,פסטה ספגטי מספר 8 אסם 500 גרם,קבוצת אוסם סחר שותפות מוגבלת,,פסטה ספגטי מספר 8 אס,גרמים,500.00,100 גרם,false,,6.50,0.0130,true,1,142754
7290000060903,false,פסטה אסם פתיתים אפויים אורז 500גר,קבוצת אוסם סחר שותפות מוגבלת,,פתיתים אפויים אורז א,גרמים,500.00,100 גרם,false,,7.50,0.0150,true,1,142755
7290000061061,false,קרקר חיטה עם בצל אסם,קבוצת אוסם סחר שותפות מוגבלת,,קרקר חיטה עם בצל אסם,גרמים,250.00,100 גרם,false,,10.90,0.0436,true,1,143574
7290000061450,false,פתיתים אפויים קוסקוס 3 צבעים אסם 500 גרם,קבוצת אסם סחר שות. מוגבלת,,פתיתים אפויים קוסקוס,גרמים,500.00,100 גרם,false,,7.50,0.0150,true,1,143576
7290000062952,false,אוסם - מיני קרוטונים למרק ולסלט 250 גרם,קבוצת אוסם סחר שותפות מוגבלת,,מיני קרוטונים מתובלי,גרמים,250.00,100 גרם,false,,15.90,0.0636,true,1,141513
7290000063133,false,אסם שקדי מרק רכיבים טבעיים 24*100גרם,קבוצת אוסם סחר שותפות מוגבלת,,אסם שקדי מרק רכיבים,גרמים,100.00,100 גרם,false,,6.70,0.0670,true,1,140122
7290000063140,false,שקדי מרק רכיבים טבעיים בשקית 400 ג' אסם,קבוצת אוסם סחר שותפות מוגבלת,,אסם שקדי מרק רכיבים,גרמים,400.00,100 גרם,false,,12.90,0.0323,true,1,137778
7290000063904,true,מפעל-קוסקוס בינוני ב,,,מפעל-קוסקוס בינוני ב,,0.00,,false,,2999.90,0.0000,true,1,136551
7290000066295,false,במבה מתוקה מחומרים טבעיים 30 גרם,קבוצת אוסם סחר שותפות מוגבלת,,במבה מתוקה בטעם תות,גרמים,30.00,100 גרם,false,,2.90,0.0967,true,1,138853
7290000067544,false,פירורית זהב פירורי לחם אסם 200 גרם,קבוצת אוסם סחר שותפות מוגבלת,,אסם פירורית פירורי ל,גרמים,200.00,100 גרם,false,,7.50,0.0375,true,1,143588
7290000068138,false,אינסטנט פודינג בטעם וניל אסם 80 גרם,קבוצת אוסם סחר שותפות מוגבלת,,פודינג אינסטנט בטעם,גרמים,80.00,100 גרם,false,,5.70,0.0713,true,1,132408
7290000070308,false,אבקת מרק עוף אמיתי בשרי אסם 400 גרם,קבוצת אוסם סחר שותפות מוגבלת,,אסם מרק עוף אמיתי 40,גרמים,400.00,100 גרם,false,,19.90,0.0497,true,1,135407
7290000072623,false,קטשופ אסם בקבוק לחיץ 750 גרם,קבוצת אוסם סחר שותפות מוגבלת,,קטשופ אסם בקבוק לחיץ,גרמים,750.00,100 גרם,false,,10.90,0.0145,true,1,135513
7290000072630,false,קטשופ אסם חריף 750 גרם-בקבוק,קבוצת אוסם סחר שותפות מוגבלת,,קטשופ חריף אסם 750 ג,גרמים,750.00,100 גרם,false,,12.90,0.0172,true,1,146195
7290000074276,false,קרקר פיקנטי טבעון 250 ג' אסם,קבוצת אוסם סחר שותפות מוגבלת,,קרקר פיקנטי אסם 250,גרמים,250.00,100 גרם,false,,10.90,0.0436,true,1,143595
7290000074481,false,קרקר לחמית אגוזים אסם (160 גרם),קבוצת אסם סחר שות. מוגבלת,,לחמית קרקר מקמח חיטה,גרמים,160.00,100 גרם,false,,10.90,0.0681,true,1,142765
>>>>>>> d048ac2f4f281c9d788043ab4e81b61b0dbe3743
7290000078212,true,אסם קרוטונים מתובלים,,,אסם קרוטונים מתובלים,,0.00,,false,,13.90,0.0000,true,1,144179
7290000079233,false,קרם קרקר דיאטטי דל נתרן 250 גרם,קבוצת אוסם סחר שותפות מוגבלת,,אסם קרם קרקר דל נתרן,גרמים,250.00,100 גרם,false,,10.90,0.0436,true,1,142770
7290000081663,false,"בייגלה טבעות שומשום אסם 300 גרם בד""ץ",קבוצת אוסם סחר שותפות מוגבלת,,אסם בייגלה טבעות שומ,גרמים,300.00,100 גרם,false,,11.90,0.0397,true,1,141518
7290000085159,false,פרורי ביסקוויט בטעם וניל הדר 250 גרם,רזיט שיווק בעמ,,פרורי ביסקוויט וניל,גרמים,250.00,100 גרם,false,,6.20,0.0248,true,1,151756
7290000085180,false,גטניו פתי בר וניל 470 גרם,"אחים גטניו בע""מ",,גטניו פתי בר 470 גרם,גרמים,470.00,100 גרם,false,,10.90,0.0232,true,1,143281
7290000090021,false,עגבניה,,,עגבניה,קילוגרמים,1.00,"ק""ג",true,,6.90,6.9000,true,1,152150
7290000104690,false,תירס גרעינים 800 גרם סנפרוסט,"איי, בי, אינבוו",,גרעיני תירס 800 גרם,גרמים,800.00,100 גרם,false,,19.90,0.0249,true,1,140095
7290000110318,true,מפעל-קצפת צמחית פרוו,,,מפעל-קצפת צמחית פרוו,,0.00,,false,,2999.90,0.0000,true,1,136546
7290000111063,false,מיונז אמיתי תלמה (250 גרם),יוניליוור ישראל שיווק בע`מ,,מיונז אמיתי תלמה 250,גרמים,250.00,100 גרם,false,,6.90,0.0276,true,1,133022
7290000112220,false,טחינה גולמית שומשום טהור בארכה 500 גרם,קבוצת אוסם סחר שותפות מוגבלת,,טחינה גולמית 100% בא,גרמים,500.00,100 גרם,false,,13.90,0.0278,true,1,140291
7290000112497,false,מרק עשיר עוף אטריות קנור 75 גרם - שקיות,יוניליוור ישראל שיווק בע`מ,,מרק עשיר עוף עם איטר,גרמים,68.00,100 גרם,false,,11.90,0.1750,true,1,139407
7290000116884,false,"רוטב ברביקיו קנור 300 גרם בד""צ",יוניליוור ישראל שיווק בע`מ,,רוטב ברביקיו פרווה ק,גרמים,350.00,100 גרם,false,,11.90,0.0340,true,1,139409
7290000118352,false,לטקס אבקה להכנת לביבות תפוא 170גר כשלפ,יוניליוור ישראל שיווק בע`מ,,לטקס תפוחי אדמה קנור,גרמים,170.00,100 גרם,false,,14.90,0.0876,true,1,142494
7290000135045,false,"XL TEN משקה אנרגיה פתוח ללא סוכר 250 מ""ל","טמפו משקאות בע""\מ",,פחית XL TEN תפוח 250,מיליליטרים,250.00,"100 מ""ל",false,,4.80,0.0192,true,1,143267
7290000135052,false,"XL TEN משקה אנרגיה מנגו ללא סוכר 250 מ""ל","טמפו משקאות בע""\מ",,משקה אנרגיה מוגז בטע,מיליליטרים,250.00,"100 מ""ל",false,,4.80,0.0192,true,1,143266
<<<<<<< HEAD
7290000135113,false,"משקה אנרגיה XL פחית ten נענע ליים 250 מ""ל","טמפו משקאות בע""\מ",,פחית XL TEN נענע-ליי,מיליליטרים,250.00,"100 מ""ל",false,,4.80,0.0192,true,1,145017
=======
7290000135113,false,משקה אנרגיה אקסל נענע ליים ללס (250 מל,"טמפו משקאות בע""\מ",,פחית XL TEN נענע-ליי,מיליליטרים,250.00,"100 מ""ל",false,,4.80,0.0192,true,1,145017
>>>>>>> d048ac2f4f281c9d788043ab4e81b61b0dbe3743
7290000135311,false,פפסי קולה ליים 1.5 ללא סוכר,"טמפו משקאות בע""\מ",,פפסי מקס בטעם ליים 1,מיליליטרים,1500.00,"100 מ""ל",false,,8.20,0.0055,true,1,150476
7290000135342,false,"מי סודה טמפו בקבוק 500 מ""ל","טמפו משקאות בע""\מ",,סודה 500,מיליליטרים,500.00,"100 מ""ל",false,,3.20,0.0064,true,1,155096
7290000135595,false,פפסי מקס בטעם דובדבן 1.5 ללא סוכר,"טמפו משקאות בע""\מ",,פפסי מקס דובדבן 1.5,מיליליטרים,1500.00,"100 מ""ל",false,,8.20,0.0055,true,1,151780
7290000135625,false,"רביעיית פחיות בירה גולדסטאר 500 מ""ל","טמפו משקות בע""\מ",,רביעית פחיות גולדסטא,מיליליטרים,2000.00,"100 מ""ל",false,,33.60,0.0168,true,1,153379
7290000136141,false,פפסי קולה 1.5 ליטר פיקדון,"טמפו משקאות בע""\מ",,פפסי משקה קולה מוגז,מיליליטרים,1500.00,"100 מ""ל",false,,8.00,0.0053,true,1,153857
7290000136158,false,פפסי מקס משקה מוגז דל קלוריות בטעם קולה,"טמפו משקאות בע""\מ",,פפסי מקס 1.5 ליטר,מיליליטרים,1500.00,"100 מ""ל",false,,8.20,0.0055,true,1,153858
<<<<<<< HEAD
7290000136165,false,טמפו מירינדה 1.5 ליטר,"טמפו משקאות בע""\מ",,מירנדה 1.5 ליטר,מיליליטרים,1500.00,"100 מ""ל",false,,8.20,0.0055,true,1,153859
7290000136172,false,סבן אפ בקבוק 1.5 ליט,"טמפו משקאות בע""\מ",,סבן אפ 1.5 ליטר,מיליליטרים,1500.00,"100 מ""ל",false,,8.20,0.0055,true,1,153860
7290000136189,false,סבן אף דיאט 1.5 ליטר בודד,"טמפו משקאות בע""\ם.",,דיאט סבן אפ 1.5 ליטר,מיליליטרים,1500.00,"100 מ""ל",false,,8.20,0.0055,true,1,153861
=======
7290000136165,false,מירינדה אורנג` 1.5 ליטר פיקדון,"טמפו משקאות בע""\מ",,מירנדה 1.5 ליטר,מיליליטרים,1500.00,"100 מ""ל",false,,8.20,0.0055,true,1,153859
7290000136172,false,משקה 7UP בקבוק 1.5 ליטר פיקדון,"טמפו משקאות בע""\מ",,סבן אפ 1.5 ליטר,מיליליטרים,1500.00,"100 מ""ל",false,,8.20,0.0055,true,1,153860
7290000136189,false,משקה דיאט 7UP בקבוק 1.5 ליטר פיקדון,"טמפו משקאות בע""\ם.",,דיאט סבן אפ 1.5 ליטר,מיליליטרים,1500.00,"100 מ""ל",false,,8.20,0.0055,true,1,153861
>>>>>>> d048ac2f4f281c9d788043ab4e81b61b0dbe3743
7290000136240,false,סודה 1.5 ליטר שישייה בודד,"טמפו משקאות בע""\מ",,מי סודה טמפו 1.5 ליט,מיליליטרים,1500.00,"100 מ""ל",false,,3.80,0.0025,true,1,153862
7290000136431,false,משקה בטעם אפרסק צלול תריסר 1.5 ל' ג'אמפ,"טמפו משקאות בע""\מ",,ג'אמפ אפרסק 1.5 ליטר,מיליליטרים,1500.00,"100 מ""ל",false,,8.20,0.0055,true,1,153864
7290000136455,false,משקה בטעם אשכוליות תריסר 1.5 ל' ג'אמפ,"טמפו משקאות בע""\ם.",,ג'אמפ אשכוליות 1.5 ל,מיליליטרים,1500.00,"100 מ""ל",false,,8.20,0.0055,true,1,153865
7290000136516,false,משקה בטעם מנגו פסיפלורה תריסר 1.5 ל' ג'אמפ,טמפו משקאות בע`מ,,ג'אמפ מנגו פסיפלורה,מיליליטרים,1500.00,"100 מ""ל",false,,8.20,0.0055,true,1,153867
7290000136608,false,משקה בטעם תפוח צלול תריסר 1.5 ל' ג'אמפ,"טמפו משקאות בע""\ם.",,ג'אמפ תפוחים 1.5 ליט,מיליליטרים,1500.00,"100 מ""ל",false,,8.20,0.0055,true,1,153871
7290000136646,false,בירה שחורה נשר מאלט בקבוק 1.5 ליטר,"טמפו משקאות בע""\מ",,בירה שחורה נשר מאלט,מיליליטרים,1500.00,"100 מ""ל",false,,9.20,0.0061,true,1,154135
7290000136653,false,בירה שחורה נשר מאלט דיאט בקבוק 1.5ל`,"טמפו משקאות בע""\מ",,בירה נשר מאלט דיאט 1,מיליליטרים,1500.00,"100 מ""ל",false,,9.20,0.0061,true,1,153872
7290000136660,false,סודה טמפו ליטר וחצי,טמפו,,מי סודה טמפו 1.5 ליט,מיליליטרים,1500.00,"100 מ""ל",false,,3.80,0.0025,true,1,154473
7290000136677,false,פפסי קולה פיקדון 1.5 ליטר,טמפו,,פפסי משקה קולה מוגז,מיליליטרים,1500.00,"100 מ""ל",false,,8.00,0.0053,true,1,154474
7290000136684,false,פפסי מקס משקה מוגז דל קלוריות בטעם קולה,טמפו משקאות בע`מ,,פפסי מקס 1.5 ליטר,מיליליטרים,1500.00,"100 מ""ל",false,,8.20,0.0055,true,1,154475
7290000136707,false,טמפו מירינדה 1.5 ליטר,טמפו,,מירנדה 1.5 ליטר,מיליליטרים,1500.00,"100 מ""ל",false,,8.20,0.0055,true,1,154476
7290000136790,false,טמפו מי סודה 6*1.5 ליטר פיקדון,"טמפו משקאות בע""\מ",,מי סודה במארז טמפו 6,מיליליטרים,9000.00,"100 מ""ל",false,,18.70,0.0021,true,1,153874
7290000136851,false,סבן אפ פיקדון 1.5 ליטר,טמפו משקאות בע`מ,,סבן אפ 1.5 ליטר,מיליליטרים,1500.00,"100 מ""ל",false,,8.20,0.0055,true,1,154477
7290000136868,false,סאן בנדטו - מים מינרלים - מארז שישיית 1.5 ליטר,אקווה מינרלה סאן בנדטו ב,,מים מינרלים סאן בנדט,קילוגרמים,9.00,ליטר,false,,20.40,2.2667,true,1,154350
7290000136875,false,שישיית מים מינרליים מוגזים סן בנדטו 1.5 ליטר,סאן בנדטו San Benedetto,,מים סן בנדטו מוגז 1.,מיליליטרים,9000.00,"100 מ""ל",false,,21.40,0.0024,true,1,156475
7290000136936,false,סבן אפ דיאט בקבוק 1.,טמפו,,דיאט סבן אפ 1.5 ליטר,מיליליטרים,1500.00,"100 מ""ל",false,,8.20,0.0055,true,1,154478
7290000137513,false,גלידונית גלידה וניל בציפוי שוקולד 60 יח' קרמיסימו,"גלידת שטראוס בע""\מ, רחוב",,קרמיסימו גלידונית ונ,Unknown,60.00,יחידה,false,,47.90,0.7983,true,1,145119
7290000144474,false,שמן עץ הזית קנולה 1 ליטר בריאות מהטבע,סוגת תעשיות בעמ,,שמן קנולה בריאות עץ,מיליליטרים,1000.00,"100 מ""ל",false,,15.90,0.0159,true,1,144842
7290000146645,false,הוואי - סבון מוצק שחור מסתורי 100 גרם רביעייה,טרופיקל דגיל קוסמטיק,,הוואי סבון מוצק שחור,גרמים,400.00,100 גרם,false,,12.90,0.0323,true,1,139391
7290000150598,true,נקניק סלמי כפרי פרוס,,,נקניק סלמי כפרי פרוס,,0.00,,false,,5.50,0.0000,true,1,135378
7290000151021,true,פסטרמה כפרית - 100 ג,,,פסטרמה כפרית - 100 ג,,0.00,,false,,5.90,0.0000,true,1,135379
7290000151120,true,עוף טוב פסטרמה בשמן,,,עוף טוב פסטרמה בשמן,,0.00,,false,,0.00,0.0000,true,1,137192
7290000151328,true,עוף טוב חזה הודו דל,,,עוף טוב חזה הודו דל,,0.00,,false,,0.00,0.0000,true,1,137194
7290000151434,true,עוף טוב סלמי קוניאק,,,עוף טוב סלמי קוניאק,,0.00,,false,,0.00,0.0000,true,1,137195
7290000151540,true,עוף טוב פסטרמה הונגר,,,עוף טוב פסטרמה הונגר,,0.00,,false,,0.00,0.0000,true,1,137196
7290000152943,true,עוף טוב סלמי + פסטרמ,,,עוף טוב סלמי + פסטרמ,,0.00,,false,,0.00,0.0000,true,1,137199
7290000155661,true,עוף טוב רביעיית נקני,,,עוף טוב רביעיית נקני,,0.00,,false,,0.00,0.0000,true,1,137200
7290000156545,true,עוף טוב פסטרמה מקסיק,,,עוף טוב פסטרמה מקסיק,,0.00,,false,,0.00,0.0000,true,1,137201
7290000166391,true,חטיף דגנים עם שוקולד,,,חטיף דגנים עם שוקולד,,0.00,,false,,5.00,0.0000,true,1,133691
7290000167756,true,קינמונים,,,קינמונים,,0.00,,false,,0.00,0.0000,true,1,138528
7290000168524,true,מפעל-מיונז,,,מפעל-מיונז,קילוגרמים,1.00,"ק""ג",true,,0.00,0.0000,true,1,135397
7290000174723,false,שוקולית אבקה להכנת משקה שוקו 500 גרם,הנסיך- מפעל לייצור ט,,שוקולית קופסא עלית 5,גרמים,500.00,100 גרם,false,,13.90,0.0278,true,1,139082
7290000176192,true,האג טורקי ואקום 200,,,האג טורקי ואקום 200,,0.00,,false,,0.00,0.0000,true,1,136993
7290000176420,false,קפה נמס פחית עלית 200 גרם,פיקסל אם.גי.אם בעמ,,קפה נמס עלית 200 גרם,גרמים,200.00,100 גרם,false,,21.90,0.1095,true,1,139084
7290000178707,false,חטיף צ`יפס בטעם טבעי תפוצ`יפס (50 גרם),"שטראוס פריטו ליי בע""\מ )",,תפוציפס טבעי 50 גרם,גרמים,50.00,100 גרם,false,,4.30,0.0860,true,1,138136
7290000178721,false,חטיף צ`יפס בטעם טבעי תפוצ`יפס (200 גרם),"שטראוס פריטו ליי בע""\מ )",,תפוציפס 200 גרם,גרמים,200.00,100 גרם,false,,10.90,0.0545,true,1,139659
7290000189550,false,"שקיות אשפה ענקיות עם שרוך 78 * 90 ס""מ ניקול 2 * 10 יחידות",קימברלי קלארק ישראל שיווק בעמ,,שקיות אשפה מתכלות עם,Unknown,20.00,יחידה,false,,24.90,1.2450,true,1,145054
7290000189550,false,"שקיות אשפה ענקיות עם שרוך 78 * 90 ס""מ ניקול 2 * 10 יחידות",קימברלי קלארק ישראל שיווק בעמ,,שקיות אשפה מתכלות עם,Unknown,20.00,יחידה,false,,24.90,1.2450,true,1,145060
7290000197159,true,ניילון נצמד בודד 30,,,ניילון נצמד בודד 30,,0.00,,false,,5.00,0.0000,true,1,132612
7290000200934,true,משטח הפצה,,,משטח הפצה,,0.00,,false,,0.00,0.0000,true,1,137043
7290000202365,true,4 חיתולים מידה 6,,,4 חיתולים מידה 6,,0.00,,false,,5.00,0.0000,true,1,134043
7290000204086,true,שקוטש קרצוף ניקול 3,,,שקוטש קרצוף ניקול 3,,0.00,,false,,9.90,0.0000,true,1,140902
<<<<<<< HEAD
7290000208329,false,גרעיני תירס מתוק 550 גרם יכין,"זנלכל בע""\מ",,גרעיני תירס מתוק יכי,גרמים,335.00,100 גרם,false,,8.90,0.0266,true,1,145866
7290000208428,false,גרגרי חומוס שלם 550 גרם יכין,"זנלכל בע""\מ",,חומוס שלם יכין 550 ג,גרמים,550.00,100 גרם,false,,8.90,0.0162,true,1,145868
=======
7290000208329,false,גרעיני תירס מתוק יכין (550 גרם),זנלכול יכין,,גרעיני תירס מתוק יכי,גרמים,335.00,100 גרם,false,,8.90,0.0266,true,1,145866
7290000208428,false,גרגרי חומוס שלם 550 גרם יכין,היינץ צפון אמריקה מק,,חומוס שלם יכין 550 ג,גרמים,550.00,100 גרם,false,,8.90,0.0162,true,1,145868
>>>>>>> d048ac2f4f281c9d788043ab4e81b61b0dbe3743
7290000208893,false,גרעיני תירס מתוק לייט 400 גרם יכין,היינץ צפון אמריקה מק,,גרעיני תירס לייט יכי,גרמים,246.00,100 גרם,false,,7.90,0.0321,true,1,145869
7290000209043,false,מיץ לימון משומר לתיבול יכין (1 ליטר),היינץ צפון אמריקה מק,,מיץ לימון משומר יכין,מיליליטרים,1000.00,"100 מ""ל",false,,7.90,0.0079,true,1,145872
7290000209722,false,רוטב עגבניות 28% יכין (580 גרם)פריכוז,"זנלכל בע""\מ",,רוטב עגבניות פריכוז,גרמים,580.00,100 גרם,false,,10.90,0.0188,true,1,145876
7290000211312,false,סוגת אורז מלא פרסי אחד אחד 1 קג,האי נאם סי או אל.טי.,,אורז מלא ארוך סוגת 1,גרמים,1000.00,100 גרם,false,,9.90,0.0099,true,1,134906
7290000211442,false,אורז בסגנון פרסי קלאסי סוגת (1 קג),האי נאם סי או אל.טי.,,אורז פרסי קלאסי סוגת,גרמים,1000.00,100 גרם,false,,10.90,0.0109,true,1,139602
7290000211503,false,סוכר לבן ארוז בשקית,"סוגת תעשיות בע""\מ",,"סוכר לבן נייר 1 ק""ג",גרמים,1000.00,100 גרם,false,,4.90,0.0049,true,1,133529
7290000238036,false,מלאווח מעדנות 6 יח`700 גרם קפוא,תנובה מרכז שיתופי לשיווק תוצרת,,מלאווח מעדנות 700 גר,גרמים,700.00,100 גרם,false,,17.70,0.0253,true,1,142903
7290000287492,false,"סנובון נוזל לניקוי אסלות בריח לימון סנו 750 מ""ל",החברה הדרומית לשיווק בעמ,,סנובון נוזלי לימון 7,מיליליטרים,750.00,"100 מ""ל",false,,10.90,0.0145,true,1,140163
7290000305462,true,יונה – נתחי טונה בשמ,,,יונה – נתחי טונה בשמ,,0.00,,false,,5.00,0.0000,true,1,137660
<<<<<<< HEAD
7290000311128,false,מן עוגיות בטעם חמאה 300 גרם*נ.ל.פ,תות ממתקי איכות,,עוגיות בטעם חמאה פרו,גרמים,300.00,100 גרם,false,,7.90,0.0263,true,1,146221
7290000311180,false,ופל ופליתעשיריות מן 250 גרם מארז 10 יחידות,"רוקחמן בע""מ",,וופל מן עוגיות 250 ג,Unknown,20.00,יחידה,false,,8.50,0.4250,true,1,146126
7290000311203,false,"וופלים בטעם שוקולד ""מן"" 200 גרם",תות ממתקי איכות,,וופלים בטעם שוקולד מ,גרמים,200.00,100 גרם,false,,5.50,0.0275,true,1,143548
7290000311210,false,"וופלים בטעם לימון ""מן"" 200 גרם","רוקחמן בע""מ",,ופל לימון מן 200 גרם,גרמים,200.00,100 גרם,false,,5.50,0.0275,true,1,143549
7290000311227,false,"וופלים במילוי קרם קפה ""מן"" 200 גרם","רוקחמן בע""מ",,וופלים עם קפה מן 200,גרמים,200.00,100 גרם,false,,5.50,0.0275,true,1,146129
7290000311425,false,ופל מצופה עשיריות מן 220 גרם מארז 10 יחידות,תות ממתקי איכות,,ופל מצופה אישי מן 10,גרמים,220.00,100 גרם,false,,8.90,0.0405,true,1,143550
7290000311500,false,מן וופלים בטעם שוקולד 500 ג-נ.ל.פ,"רוקחמן בע""מ",,ופלים שוקולד מן 500,גרמים,500.00,100 גרם,false,,9.90,0.0198,true,1,146132
7290000311708,false,מן עוגיות מחיטה מלאה 300 גרם*נ.ל.פ,תות ממתקי איכות,,עוגיות חיטה מלאה מן,גרמים,300.00,100 גרם,false,,7.90,0.0263,true,1,146122
7290000311715,false,מן עוגיות כוכבים בטעם שוקולד 300 גרם*נ.ל.פ,תות ממתקי איכות,,עוגיות כוכבים בטעם ש,גרמים,300.00,100 גרם,false,,7.90,0.0263,true,1,146123
7290000311722,false,"עוגיות בטעם וניל עם כוכבים ""מן"" 300 גרם",תות ממתקי איכות,,עוגיות כוכבים מן 300,גרמים,300.00,100 גרם,false,,7.90,0.0263,true,1,146127
7290000311869,false,מן-וופלים בטעם שוק ללא תוספת סוכר 180ג,תות ממתקי איכות,,ופלים בטעם שוקולד לל,גרמים,180.00,100 גרם,false,,9.90,0.0550,true,1,157527
=======
7290000311128,false,עוגיות מובחרות בטעם חמאה מן (300 גרם),רוקחמן בעמ מפעל לייצור ופלים ו,,עוגיות בטעם חמאה פרו,גרמים,300.00,100 גרם,false,,7.90,0.0263,true,1,146221
7290000311180,false,ופל ופליתעשיריות מן 250 גרם מארז 10 יחידות,ח.כהן סוכנות מזון ומשקאות בע,,וופל מן עוגיות 250 ג,Unknown,20.00,יחידה,false,,8.50,0.4250,true,1,146126
7290000311203,false,"וופלים בטעם שוקולד ""מן"" 200 גרם",רוקחמן בעמ מפעל לייצור ופלים ו,,וופלים בטעם שוקולד מ,גרמים,200.00,100 גרם,false,,5.50,0.0275,true,1,143548
7290000311210,false,"וופלים בטעם לימון ""מן"" 200 גרם",רוקחמן בעמ מפעל לייצור ופלים ו,,ופל לימון מן 200 גרם,גרמים,200.00,100 גרם,false,,5.50,0.0275,true,1,143549
7290000311227,false,"וופלים במילוי קרם קפה ""מן"" 200 גרם",ח.כהן סוכנות מזון ומשקאות בע,,וופלים עם קפה מן 200,גרמים,200.00,100 גרם,false,,5.50,0.0275,true,1,146129
7290000311425,false,ופל מצופה עשיריות מן 220 גרם מארז 10 יחידות,רוקחמן בעמ מפעל לייצור ופלים ו,,ופל מצופה אישי מן 10,גרמים,220.00,100 גרם,false,,8.90,0.0405,true,1,143550
7290000311500,false,וופלים מן שוקו ללא כולסטרול 500 גרם,רוקחמן בעמ מפעל לייצור ופלים ו,,ופלים שוקולד מן 500,גרמים,500.00,100 גרם,false,,9.90,0.0198,true,1,146132
7290000311708,false,מן עוגיות מחיטה מלאה 300 גרם*נ.ל.פ,רוקחמן בעמ מפעל לייצור ופלים ו,,עוגיות חיטה מלאה מן,גרמים,300.00,100 גרם,false,,7.90,0.0263,true,1,146122
7290000311715,false,מן עוגיות כוכבים בטעם שוקולד 300 גרם*נ.ל.פ,רוקחמן בעמ מפעל לייצור ופלים ו,,עוגיות כוכבים בטעם ש,גרמים,300.00,100 גרם,false,,7.90,0.0263,true,1,146123
7290000311722,false,"עוגיות בטעם וניל עם כוכבים ""מן"" 300 גרם",רוקחמן בעמ מפעל לייצור ופלים ו,,עוגיות כוכבים מן 300,גרמים,300.00,100 גרם,false,,7.90,0.0263,true,1,146127
7290000311869,false,מן-וופלים בטעם שוק ללא תוספת סוכר 180ג,רוקחמן בעמ מפעל לייצור ופלים ו,,ופלים בטעם שוקולד לל,גרמים,180.00,100 גרם,false,,9.90,0.0550,true,1,157527
>>>>>>> d048ac2f4f281c9d788043ab4e81b61b0dbe3743
7290000311876,false,מן-וופלים בטעם וניל ללא תוספת סוכר 180ג,"רוקחמן בע""מ",,ופלים בטעם וניל ללא,גרמים,180.00,100 גרם,false,,9.90,0.0550,true,1,157528
7290000311890,false,מן וופל לימון ללא סוכר 180 גר-חדש,"רוקחמן בע""מ",,וופלים בטעם לימון לל,גרמים,180.00,100 גרם,false,,9.90,0.0550,true,1,157473
7290000318677,false,נקניק סלמי סרוולט יחיעם 150 גרם,מעדני יחיעם (1993) בעמ,,סלמי סרוולט בפריסה ד,גרמים,150.00,100 גרם,false,,24.90,0.1660,true,1,142061
7290000327624,false,טמפו סודה 1.5 ליטר פיקדון,טמפו משקאות בע`מ,,מי סודה טמפו 1.5 ליט,מיליליטרים,1500.00,"100 מ""ל",false,,3.50,0.0023,true,1,132451
7290000359410,true,נקטר מנגו 1 ליטר,,,נקטר מנגו 1 ליטר,,0.00,,false,,5.00,0.0000,true,1,132526
7290000363899,false,נקניקיות פיקנטיות טירת צבי 400 גרם,תנובה ענף ב.ע.ד,,נקניקיות הודו פיקנטי,גרמים,400.00,100 גרם,false,,13.90,0.0348,true,1,147676
7290000364858,false,"נקניקיות עוף טרי טירת צבי 1 ק""ג",הנסיך- מפעל לייצור ט,,"נקנ' עוף טרי 1 ק""ג",פריט,1.00,"ק""ג",false,,24.90,24.9000,true,1,150572
7290000408316,false,יוגורט דנונה דל לקטוז 200 גרם,שטראוס גרופ בעמ/מצונן,,יוגורט דנונה ביו 3%,גרמים,200.00,100 גרם,false,,3.70,0.0185,true,1,141878
7290000408354,false,יוגורט עם אורז מצופה שוקולד קקאו 175 ג' דנונה,שטראוס גרופ בעמ/מצונן,,דנונה בר פצפוצים 173,גרמים,173.00,100 גרם,false,,4.80,0.0277,true,1,132809
7290000411644,true,דבש פרחי בר 120 גרם,,,דבש פרחי בר 120 גרם,,0.00,,false,,5.00,0.0000,true,1,132665
7290000416021,false,ממרח בטעם שוקולד השחר העולה (500 גרם),השחר העולה תעשית ממתקים בעמ,,ממרח שוקולד השחר 500,גרמים,500.00,100 גרם,false,,14.90,0.0298,true,1,140243
7290000416618,false,"ממרח שוקולד פרווה השחר 400 גרם כשל""פ",השחר העולה תעשית ממתקים בעמ,,שוקולד השחר פרווה 40,גרמים,400.00,100 גרם,false,,12.90,0.0323,true,1,140244
7290000453866,false,נטורינה תחליף מרגרינה לבישול ואפיה קוקוס שמרית 200 גרם,שטראוס גרופ בעמ/מצונן,,נטורינה קוקוס לאפייה,גרמים,200.00,100 גרם,false,,8.50,0.0425,true,1,141121
7290000461625,false,בייגלה שמיניות מלח בייגל בייגל 400 ג',יוניליוור ישראל שיווק בע`מ,,בייגלה שמיניות חטיף,גרמים,400.00,100 גרם,false,,10.90,0.0273,true,1,138622
7290000461656,false,בייגלה מקלות מלוחים בייגל בייגל 400 גרם,יוניליוור ישראל שיווק בע`מ,,בייגלה מקלות חטיף אפ,גרמים,400.00,100 גרם,false,,10.90,0.0273,true,1,144232
7290000462141,false,סחוג אדום תימני מקורי חריף מאוד זהבי 150 גרם,שטראוס גרופ בעמ/מצונן,,זחוק תימני אדום חריף,גרמים,150.00,100 גרם,false,,8.90,0.0593,true,1,141126
7290000467511,false,ביסלי חטיף ברביקיו אסם 55 ג',"אסם השקעות בע""מ",,ביסלי ברביקיו 55 גרם,גרמים,55.00,100 גרם,false,,3.90,0.0709,true,1,132998
7290000467887,false,ביסלי בטעם פיצה 55 גרם אסם,"אסם השקעות בע""מ",,ביסלי פיצה 55 גרם,גרמים,55.00,100 גרם,false,,3.90,0.0709,true,1,147917
7290000468747,false,ביסלי חטיף גריל אסם 55 ג',"אסם השקעות בע""מ",,ביסלי גריל 55 גרם,גרמים,55.00,100 גרם,false,,3.90,0.0709,true,1,132999
7290000468877,false,ביסלי בטעם בצל 55 גרם אסם,"אסם השקעות בע""מ",,ביסלי בצל 55 גרם,גרמים,55.00,100 גרם,false,,3.90,0.0709,true,1,138827
7290000480107,false,קוואקר שיבולת שועל פחית 500 גרם,שטראוס פריטו ליי בעמ,,שיבולת שועל הולנדי ק,גרמים,500.00,100 גרם,false,,14.90,0.0298,true,1,142720
7290000480442,false,קוואקר שיבולת שועל בשקית 500 גרם,שטראוס פריטו ליי בע`מ,,קוואקר שיבולת שועל ש,גרמים,500.00,100 גרם,false,,13.90,0.0278,true,1,139692
7290000514567,true,תירס מתוק 550 גרם,,,תירס מתוק 550 גרם,,0.00,,false,,5.00,0.0000,true,1,132655
7290000521008,false,יין אדום יבש של סגל (750 מל),"כרמי צבי - אחים סגל בע""\",,יין אדום יבש יקבי סג,מיליליטרים,750.00,"100 מ""ל",false,,21.90,0.0292,true,1,142157
7290000521435,true,"מרום גליל פיוז""ן אדו",,,"מרום גליל פיוז""ן אדו",,0.00,,false,,0.00,0.0000,true,1,137705
7290000521442,true,"מרום גליל פיוז""ן לבן",,,"מרום גליל פיוז""ן לבן",,0.00,,false,,0.00,0.0000,true,1,137706
7290000522296,true,"מחלבות רמה""ג שקית חל",,,"מחלבות רמה""ג שקית חל",,0.00,,false,,2999.90,0.0000,true,1,134054
7290000522340,true,"שמנת 15% 250 מ""ל",,,"שמנת 15% 250 מ""ל",,0.00,,false,,5.00,0.0000,true,1,132851
7290000522403,true,קצפת צמחית 250 גרם,,,קצפת צמחית 250 גרם,,0.00,,false,,5.00,0.0000,true,1,132921
7290000525143,true,מיץ עגבניות 1 ליטר,,,מיץ עגבניות 1 ליטר,,0.00,,false,,5.00,0.0000,true,1,132527
7290000525938,true,נקטר תפוזים 1 ליטר,,,נקטר תפוזים 1 ליטר,,0.00,,false,,5.00,0.0000,true,1,132528
7290000525952,true,נקטר תפוחים 1 ליטר,,,נקטר תפוחים 1 ליטר,,0.00,,false,,5.00,0.0000,true,1,132529
7290000525969,false,מיץ תפוזים סחוט רכיבים טבעיים פרימור 1 ליטר,שטראוס גרופ בעמ/מצונן,,מיץ תפוזים סחוט פרי,מיליליטרים,1000.00,"100 מ""ל",false,,16.20,0.0162,true,1,141132
7290000529219,true,תה קמומיל,,,תה קמומיל,,0.00,,false,,0.00,0.0000,true,1,133539
7290000529424,true,תה ירוק לימונית לואי,,,תה ירוק לימונית לואי,,0.00,,false,,0.00,0.0000,true,1,133540
7290000529509,true,תה ארל גריי,,,תה ארל גריי,,0.00,,false,,0.00,0.0000,true,1,134708
7290000529707,true,תה אנגלי קלאסי,,,תה אנגלי קלאסי,,0.00,,false,,0.00,0.0000,true,1,134709
7290000529714,true,תה ארל גריי,,,תה ארל גריי,,0.00,,false,,0.00,0.0000,true,1,133541
7290000529851,true,תה ירוק נענע,,,תה ירוק נענע,,0.00,,false,,0.00,0.0000,true,1,133542
7290000529929,true,תה ירוק עם נענע 10 ש,,,תה ירוק עם נענע 10 ש,,0.00,,false,,5.00,0.0000,true,1,132332
7290000530598,false,נקניקיות עוף וינר זוגלובק 500 גרם,נקניק נהריה כשר זוגל,,נקניקיות וינר 500 גר,גרמים,500.00,100 גרם,false,,15.90,0.0318,true,1,146034
7290000530703,false,פסטרמה חרמון כפרית ונקניק תה מעושן זוגלובק 2*400 גרם,נקניק נהריה כשר זוגל,,תה מעושן 400 גרם + פ,גרמים,800.00,100 גרם,false,,29.90,0.0374,true,1,139762
7290000537566,false,נקניקיות עוף טרי 400 ג' זוגלובק,נקניק נהריה כשר זוגל,,נקניקיות עוף זוגלובק,גרמים,400.00,100 גרם,false,,13.90,0.0348,true,1,139766
7290000537603,false,נקניקיות עוף זוגלובק (1 קג),זוגלובק שיווק בעמ,,"נקניקיות עוף 1 ק""ג",גרמים,1000.00,100 גרם,false,,25.90,0.0259,true,1,146304
7290000538709,false,נקניק סלמי תה מעושן זוגלובק 200 גרם,נקניק זוגלובק נהריה,,תה מעושן זוגלובק 200,גרמים,200.00,100 גרם,false,,14.90,0.0745,true,1,141454
7290000547299,true,אבקת סוכר 100 גרם,,,אבקת סוכר 100 גרם,,0.00,,false,,0.00,0.0000,true,1,135939
7290000554471,false,נקניק מוצרלה 22 אחוז 180גרם גד מהדרין,מחלבות גד שיווק 1992 בעמ,,גבינת מוצרלה 22% גד,גרמים,180.00,100 גרם,false,,18.40,0.1022,true,1,140332
7290000554624,false,ירח מתוק מעדן חלב עם אורז 3% גד 150 גרם,מחלבות גד שיווק 1992 בעמ,,מעדן ירח מתוק 3% 150,גרמים,150.00,100 גרם,false,,6.00,0.0400,true,1,135270
7290000554822,false,ריקוטה גבינה לבנה בסגנון איטלקי 5% גד 250 גרם,מחלבות גד שיווק 1992 בעמ,,ריקוטה 5% 250 גרם,גרמים,250.00,100 גרם,false,,15.90,0.0636,true,1,135272
7290000572208,false,חלוה בטעם וניל אחווה 100 גרם,שוורצקוף& הנקל דיסלד,,חלווה אחווה 100 גרם,גרמים,100.00,100 גרם,false,,2.90,0.0290,true,1,133404
7290000572222,false,חלווה בלוק וניל אחוה 500 גרם,שוורצקוף& הנקל דיסלד,,חלווה 500 גרם אחווה,גרמים,500.00,100 גרם,false,,11.90,0.0238,true,1,146125
7290000604022,false,ביצים גדולות L תנובה 12 יחידות,ביצי תנובה,,12 ביצים L גדול,Unknown,12.00,יחידה,false,,12.05,1.0042,true,1,138626
7290000604022,false,ביצים גדולות L תנובה 12 יחידות,ביצי תנובה,,12 ביצים L גדול,Unknown,12.00,יחידה,false,,12.05,1.0042,true,1,146705
7290000688732,false,שישיית מי עדן 1.5 ליטר משפחתי,"מופק ממקור בזלתי עדן ,1",,מים מינרליים מי עדן,מיליליטרים,9000.00,"100 מ""ל",false,,14.70,0.0016,true,1,136160
7290000692227,false,נוזל לניקוי כלים קלאסי פלמוליב (1 ליטר),יבואן ומשווק: ש. שסט,,נוזל לניקוי כלים 18%,מיליליטרים,1000.00,"100 מ""ל",false,,14.50,0.0145,true,1,144029
7290000741602,true,חטיף מיקספלקס טירמיס,,,חטיף מיקספלקס טירמיס,,0.00,,false,,5.00,0.0000,true,1,133692
<<<<<<< HEAD
7290001045657,false,פרימור מיץ תפוחים סחוט מקורר 400מל,פרימור,,משקה תפוחים צלול פרי,מיליליטרים,400.00,"100 מ""ל",false,,8.30,0.0208,true,1,134058
=======
7290001045657,false,פרימור מיץ תפוחים סחוט מקורר 400מל,שטראוס גרופ בעמ/מצונן,,משקה תפוחים צלול פרי,מיליליטרים,400.00,"100 מ""ל",false,,8.30,0.0208,true,1,134058
7290001045688,false,"מיץ תפוזים סחוט פרימור 400 מ""ל",שטראוס גרופ בעמ/מצונן,,משקה תפוזים פרימור 4,מיליליטרים,400.00,"100 מ""ל",false,,10.20,0.0255,true,1,134059
>>>>>>> d048ac2f4f281c9d788043ab4e81b61b0dbe3743
7290001216231,false,טחינה גולמית שומשום מלא אל ארז 500 גרם,אגס ירוק מסחר ושירותים,,טחינה אל ארז שומשום,גרמים,500.00,100 גרם,false,,18.20,0.0364,true,1,143835
7290001246122,false,"תרסיס ניקוי כללי+ אקונומיקה 750 מ""ל טאצ",סאסאטק אגשח בעמ,,תרסיס ניקוי כללי 750,מיליליטרים,750.00,"100 מ""ל",false,,11.90,0.0159,true,1,144728
7290001247099,false,קרטונית נקטר ספרינג מנגו 1 ליטר,יפאורה שותפות מוגבלת לשיווק,,קרטוניות ספרינג מנגו,מיליליטרים,1000.00,"100 מ""ל",false,,7.40,0.0074,true,1,134062
7290001247129,false,נקטר ספרינג תפוזים קרטונית 1 ל',יפאורה שותפות מוגבלת לשיווק,,ספרינג קרטוניות תפוז,מיליליטרים,1000.00,"100 מ""ל",false,,7.40,0.0074,true,1,134064
7290001305188,false,"נוזל לניקוי כלים בריח לימון פלמוליב 750 מ""ל",יבואן ומשווק: ש. שסט,,נוזל לניקוי כלים 18%,מיליליטרים,750.00,"100 מ""ל",false,,12.90,0.0172,true,1,143121
7290001327180,false,שטראוס קרמיסימו וניל ציפ 1.33 ליטר,"גלידת שטראוס בע""\מ, רחוב",,גלידת קרמיסימו 1.33,מיליליטרים,1330.00,"100 מ""ל",false,,21.90,0.0165,true,1,145121
7290001343982,true,גרנולה 240 גרם,,,גרנולה 240 גרם,,0.00,,false,,5.00,0.0000,true,1,132895
7290001419618,false,וופל בלגי עלמה שחור לבן וניל 200ג',מ.ד אטיאס סוכנויות מזון בע`מ,,ופלים בסגנון בלגי בט,גרמים,200.00,100 גרם,false,,3.50,0.0175,true,1,145732
7290001419779,false,"וופל קלאסי בטעם שוקולד ""עלמה"" 200 גרם",רזיט שיווק בעמ,,ופלים בטעם שוקולד על,גרמים,200.00,100 גרם,false,,3.50,0.0175,true,1,145733
7290001419892,false,"ופל קלאסי בטעם לימון ""עלמה"" 200 גרם",רזיט שיווק בעמ,,ופלים קלאסיים בטעם ל,גרמים,200.00,100 גרם,false,,3.50,0.0175,true,1,145734
7290001436196,true,מפעל-ממרח אבוקדו,,,מפעל-ממרח אבוקדו,,0.00,,false,,0.00,0.0000,true,1,136036
7290001648643,true,קפה שחור עדה חרדית3,,,קפה שחור עדה חרדית3,,0.00,,false,,0.00,0.0000,true,1,134740
7290001778203,true,כוס וניל סירופ שוקול,,,כוס וניל סירופ שוקול,,0.00,,false,,5.00,0.0000,true,1,133040
7290001817728,false,צ'יטוס אפוי כאפה בטעם קטשופ 55 גרם,"שטראוס פריטו ליי בע""\מ )",,ציטוס כאפה 55 גרם,גרמים,55.00,100 גרם,false,,3.60,0.0655,true,1,135813
7290001989425,true,מפעל-פרוסות חציל נקי,,,מפעל-פרוסות חציל נקי,,0.00,,false,,2999.90,0.0000,true,1,134071
7290001989724,true,מפעל-קוביות בטטה מטו,,,מפעל-קוביות בטטה מטו,,0.00,,false,,0.00,0.0000,true,1,136382
7290002014126,true,הרינג כבוש 300 גרם,,,הרינג כבוש 300 גרם,,0.00,,false,,21.00,0.0000,true,1,135994
7290002015673,true,מפעל-שיפקה לחץ 9 ליט,,,מפעל-שיפקה לחץ 9 ליט,קילוגרמים,1.00,"ק""ג",true,,2999.90,2999.9000,true,1,135171
7290002019794,false,רוטב עגבניות מרוכז מאוד 100 גרם פריניר,ח.כהן סוכנות מזון ומשקאות בע,,רסק עגבניות פריניר 1,גרמים,100.00,100 גרם,false,,1.90,0.0190,true,1,140266
7290002022046,true,מרשמלו ורוד לבן 180,,,מרשמלו ורוד לבן 180,,0.00,,false,,5.00,0.0000,true,1,134073
7290002027379,true,מיסטר אייס להקפאה 8,,,מיסטר אייס להקפאה 8,,0.00,,false,,5.00,0.0000,true,1,132580
<<<<<<< HEAD
7290002043072,false,אקסטרה פריכיות אורז חום מלא בציפוי שוקולד חלב 70 גרם,נוהלס ג'\י אס סי.,,פריכוני אורז חום מלא,גרמים,70.00,100 גרם,false,,9.20,0.1314,true,1,150072
7290002043188,false,אקסטרה צ'יפס אורז חום מלא צ'ילי חריף 60 גרם,נוהלס ג'\י אס סי.,,ציפס אורז חום מלא צי,גרמים,60.00,100 גרם,false,,7.20,0.1200,true,1,150076
7290002043218,false,אקסטרה צ'יפס אורז חום מלא מלח 60 גרם,נוהלס ג'\י אס סי.,,ציפס אורז חום מלא מל,גרמים,60.00,100 גרם,false,,7.20,0.1200,true,1,150077
7290002043225,false,אקסטרה צ'יפס אורז חום מלא פפריקה 60 גרם,נוהלס ג'\י אס סי.,,ציפס אורז חום מלא פפ,גרמים,60.00,100 גרם,false,,7.20,0.1200,true,1,150078
7290002057123,false,זיתים ירוקים מנזנילו קבוצת יבנה 560 גרם,קבוצת יבנה,,זית חרוזית ירוק 275,גרמים,275.00,100 גרם,false,,9.50,0.0345,true,1,140374
7290002057376,false,מלפפונים במלח ‏17‏-‏13‏ קבוצת יבנה 320 גרם,קבוצת יבנה,,מלפפון קטן במלח 540,גרמים,540.00,100 גרם,false,,9.90,0.0183,true,1,144490
7290002057468,false,מלפפונים בחומץ בינוני קבוצת יבנה 560 גרם,קבוצת יבנה,,מלפפון בחומץ 10-12 י,גרמים,290.00,100 גרם,false,,7.90,0.0272,true,1,140211
=======
7290002043072,false,אקסטרה פריכיות אורז חום מלא בציפוי שוקולד חלב 70 גרם,א.ל.ייצור ושיווק תבלינים בעמ,,פריכוני אורז חום מלא,גרמים,70.00,100 גרם,false,,9.20,0.1314,true,1,150072
7290002043188,false,אקסטרה צ'יפס אורז חום מלא צ'ילי חריף 60 גרם,א.ל.ייצור ושיווק תבלינים בעמ,,ציפס אורז חום מלא צי,גרמים,60.00,100 גרם,false,,7.20,0.1200,true,1,150076
7290002043218,false,אקסטרה צ'יפס אורז חום מלא מלח 60 גרם,א.ל.ייצור ושיווק תבלינים בעמ,,ציפס אורז חום מלא מל,גרמים,60.00,100 גרם,false,,7.20,0.1200,true,1,150077
7290002043225,false,אקסטרה צ'יפס אורז חום מלא פפריקה 60 גרם,א.ל.ייצור ושיווק תבלינים בעמ,,ציפס אורז חום מלא פפ,גרמים,60.00,100 גרם,false,,7.20,0.1200,true,1,150078
7290002057123,false,זיתים ירוקים מנזנילו קבוצת יבנה 560 גרם,קבוצת יבנה מוצרי מזון אגודה שי,,זית חרוזית ירוק 275,גרמים,275.00,100 גרם,false,,9.50,0.0345,true,1,140374
7290002057376,false,מלפפונים במלח ‏17‏-‏13‏ קבוצת יבנה 320 גרם,"קבוצת יבנה מוצרי מזון בע""מ",,מלפפון קטן במלח 540,גרמים,540.00,100 גרם,false,,9.90,0.0183,true,1,144490
7290002057468,false,מלפפונים בחומץ בינוני קבוצת יבנה 560 גרם,"קבוצת יבנה מוצרי מזון בע""מ",,מלפפון בחומץ 10-12 י,גרמים,290.00,100 גרם,false,,7.90,0.0272,true,1,140211
>>>>>>> d048ac2f4f281c9d788043ab4e81b61b0dbe3743
7290002079033,false,לחם דגנים לייט פרוס 500 גרם,מאפיית דוידוביץ ובניו בע,,לחם דגנים לייט 500 ג,גרמים,500.00,100 גרם,false,,14.90,0.0298,true,1,143069
7290002079477,false,לחם אחיד פרוס דוידוב,מאפיית דוידוביץ ובניו בע,,לחם אחיד פרוס 750 גר,גרמים,750.00,100 גרם,false,,6.90,0.0092,true,1,144670
7290002079477,false,לחם אחיד פרוס דוידוב,מאפיית דוידוביץ ובניו בע,,לחם אחיד פרוס 750 גר,גרמים,750.00,100 גרם,false,,6.90,0.0092,true,1,143068
7290002079590,true,חלה רגילה 500 גרם,,,חלה רגילה 500 גרם,,0.00,,false,,5.00,0.0000,true,1,133164
7290002128205,false,נרות לא נוטפים 45יח-מנורה,,,נרות חנוכה לוקס 45 י,Unknown,45.00,יחידה,false,,6.90,0.1533,true,1,144492
7290002128403,false,נרות שבת אורה מס 4 מנורה שי נר,אבאל יזמות בעמ,,נרות שבת אורה מספר 4,Unknown,1.00,יחידה,false,,2.90,2.9000,true,1,143284
7290002130567,false,דבש דבורים טהור פרחי בר יד מרדכי 350 גרם,מכוורת יד מרדכי שטראוס ב,,דבש טהור יד מרדכי 35,גרמים,350.00,100 גרם,false,,18.90,0.0540,true,1,139089
7290002263340,true,"קינמון 1 ק""ג",,,"קינמון 1 ק""ג",,0.00,,false,,2999.90,0.0000,true,1,139803
7290002263661,false,מיץ לימון 100% טבעי( 250 מל) תבליני מ,א.ל.ייצור ושיווק תבלינים בעמ,,"מיץ לימון 250 מ""ל או",מיליליטרים,250.00,"100 מ""ל",false,,7.80,0.0312,true,1,146229
7290002276036,true,לחמניה מזרחית עם שומ,,,לחמניה מזרחית עם שומ,,0.00,,false,,2999.90,0.0000,true,1,136507
7290002278528,false,כריות ניקוי שבתכלין ביאנקו שייני 2 יחידות,מ.א.ייצור ויבוא מטליות בעמ,,שבת כלין,Unknown,2.00,יחידה,false,,8.60,4.3000,true,1,138266
7290002349228,false,ספוג פלא עם שכבה ירוקה רמי לוי,,,ספוג פלא עם שכבה ירו,Unknown,1.00,יחידה,false,,8.90,8.9000,true,1,150694
7290002401858,true,צנימים עגולים 150 גר,,,צנימים עגולים 150 גר,,0.00,,false,,7.00,0.0000,true,1,140527
7290002401872,true,צנימים אורגינל 200 ג,,,צנימים אורגינל 200 ג,,0.00,,false,,7.00,0.0000,true,1,140529
<<<<<<< HEAD
7290002404583,false,"יין בראשית קברנה ארזה 750 מ""ל",יקבי ארזה,,יין בראשית קברנה 750,מיליליטרים,750.00,"100 מ""ל",false,,39.90,0.0532,true,1,154649
7290002542506,false,"בקבוק בירה קורונה 355 מ""ל",קריניציה ויטמינה אס,,בירה קורונה בקבוק 35,מיליליטרים,355.00,"100 מ""ל",false,,9.90,0.0279,true,1,138084
7290002627210,false,גפילטע פיש קציצות מדגי קרפיון וכסיף בצנצנת 560 גרם,האי נאם סי או אל.טי.,,גפילטעפיש בצנצנת 560,מיליליטרים,560.00,"100 מ""ל",false,,13.90,0.0248,true,1,144124
7290002692782,false,"תרסיס שמן זית כתית מעולה ללא תוספת גז עץ הזית 150 מ""ל",י.ב טכנולוגיות אריזה,,"תרסיס שמן זית ""עץ הז",מיליליטרים,150.00,"100 מ""ל",false,,16.90,0.1127,true,1,150023
7290002730262,false,"נוזל לניקוי כלים קלאסי פלמוליב 750 מ""ל",יבואן ומשווק: ש. שסט,,נוזל כלים 18% קלאסי,מיליליטרים,750.00,"100 מ""ל",false,,12.90,0.0172,true,1,140939
7290002730521,false,צימרוני אוזניים בלונס בקופסא 200 יח',קריות זול,,בלונס מקלות אוזניים,Unknown,200.00,יחידה,false,,5.00,0.0250,true,1,144031
=======
7290002404583,false,יין קברנה סדרת היוצר בראשית*,יקבי ארזה ת.ר.ז. בעמ,,יין בראשית קברנה 750,מיליליטרים,750.00,"100 מ""ל",false,,39.90,0.0532,true,1,154649
7290002542506,false,"בקבוק בירה קורונה 355 מ""ל",קריניציה ויטמינה אס,,בירה קורונה בקבוק 35,מיליליטרים,355.00,"100 מ""ל",false,,9.90,0.0279,true,1,138084
7290002627210,false,גפילטע פיש קציצות מדגי קרפיון וכסיף בצנצנת 560 גרם,האי נאם סי או אל.טי.,,גפילטעפיש בצנצנת 560,מיליליטרים,560.00,"100 מ""ל",false,,13.90,0.0248,true,1,144124
7290002692782,false,"תרסיס שמן זית כתית מעולה ללא תוספת גז עץ הזית 150 מ""ל",י.ב טכנולוגיות אריזה,,"תרסיס שמן זית ""עץ הז",מיליליטרים,150.00,"100 מ""ל",false,,16.90,0.1127,true,1,150023
7290002730262,false,נוזל לניקוי כלים קלאסי פלמוליב (750 מל),יבואן ומשווק: ש. שסט,,נוזל כלים 18% קלאסי,מיליליטרים,750.00,"100 מ""ל",false,,12.90,0.0172,true,1,140939
7290002730521,false,צימרוני אוזניים בלונס בקופסא 200 יח',ש. שסטוביץ בע`מ,,בלונס מקלות אוזניים,Unknown,200.00,יחידה,false,,5.00,0.0250,true,1,144031
7290002730675,false,"קולגייט משחת שיניים אדומה משפחתי 100 מ""ל",קולגייט-פלמוליב,,קולגייט משחה אדומה מ,מיליליטרים,100.00,"100 מ""ל",false,,10.90,0.1090,true,1,140941
>>>>>>> d048ac2f4f281c9d788043ab4e81b61b0dbe3743
7290002735830,false,בורקס תפוא רמי לוי 800 גרם,ינון,,רמי לוי בורקס תפו'א,גרמים,800.00,100 גרם,false,,11.90,0.0149,true,1,141311
7290002735847,false,בורקס גבינה רמי לוי 800 גרם,ינון,,רמי לוי בורקס גבינה,גרמים,800.00,100 גרם,false,,13.90,0.0174,true,1,141312
7290002741077,true,כריות צוקולדה בדצ 75,,,כריות צוקולדה בדצ 75,,0.00,,false,,24.90,0.0000,true,1,144233
7290002741091,true,שוגי GO דגנים ופצפוצ,,,שוגי GO דגנים ופצפוצ,,0.00,,false,,15.90,0.0000,true,1,138615
7290002741602,true,חטיף מיקספלקס טירמיס,,,חטיף מיקספלקס טירמיס,,0.00,,false,,5.00,0.0000,true,1,133743
7290002781349,true,מפעל-רוטב אלף האיים,,,מפעל-רוטב אלף האיים,,0.00,,false,,2999.90,0.0000,true,1,135896
7290002781424,true,מפעל-רוטב אלף האיים,,,מפעל-רוטב אלף האיים,,0.00,,false,,2999.90,0.0000,true,1,134727
7290002824466,false,יוגורט דנונה ביו לבן 0% שומן 200 גרם,שטראוס גרופ בעמ/מצונן,,דנונה ביו 0% 200 גרם,גרמים,200.00,100 גרם,false,,3.70,0.0185,true,1,141880
7290002824640,false,"גבינת סקי 250 גרם 5% ""שטראוס"" -מוצר בפיקוח",שטראוס גרופ בעמ/מצונן,,גבינה לבנה סקי 5% שט,גרמים,250.00,100 גרם,false,,4.98,0.0199,true,1,139868
7290002825722,false,כרוב אדום במיונז אחלה (500 גרם),שטראוס גרופ בעמ/מצונן,,כרוב סגול במיונז 500,גרמים,575.00,100 גרם,false,,14.90,0.0259,true,1,141137
7290003029037,true,שוקו יטבתה קרטון 500,,,שוקו יטבתה קרטון 500,,0.00,,false,,6.70,0.0000,true,1,141140
7290003029181,false,משקה יטבתה שוקו' בקבוק 1ל מהדרין,שטראוס גרופ בעמ/מצונן,,שוקו בבקבוק 2% יטבתה,מיליליטרים,1000.00,"100 מ""ל",false,,12.00,0.0120,true,1,141881
7290003029266,true,מילק שייק שוקו יטבתה,,,מילק שייק שוקו יטבתה,,0.00,,false,,6.70,0.0000,true,1,141141
<<<<<<< HEAD
7290003029372,false,משקה חלב בטעם בננה יטבתה 1 ליטר,שטראוס גרופ,,משקה חלב בננה 2% בקב,מיליליטרים,1000.00,"100 מ""ל",false,,12.00,0.0120,true,1,141882
7290003029389,false,"משקה חלב בננה פקק ספורט 250 מ""ל יוטבתה",שטראוס גרופ,,משקה חלב בננה 2% פקק,מיליליטרים,250.00,"100 מ""ל",false,,5.60,0.0224,true,1,141883
7290003029433,false,"משקה יטבתה שוקו פקק 250 מ""ל מהדרין",שטראוס גרופ,,שוקו יטבתה 2% פקק יט,גרמים,250.00,100 גרם,false,,5.60,0.0224,true,1,134082
7290003029884,false,"מוקה בשקית יטבתה 225 מ""ל מארז 6 יחידות",שטראוס גרופ,,שקיות מוקה יטבתה 6*2,מיליליטרים,1350.00,"100 מ""ל",false,,15.90,0.0118,true,1,141142
7290003029907,false,אייס קפה יטבתה 1 ליטר מהדרין,שטראוס גרופ,,אייס קפה 1 ליטר,מיליליטרים,1000.00,"100 מ""ל",false,,12.00,0.0120,true,1,141143
=======
7290003029372,false,יטבתה משקה בטעם בננה %3 בקבוק 1 ליטר,שטראוס גרופ בעמ/מצונן,,משקה חלב בננה 2% בקב,מיליליטרים,1000.00,"100 מ""ל",false,,12.00,0.0120,true,1,141882
7290003029389,false,"משקה חלב בננה פקק ספורט 250 מ""ל יוטבתה",שטראוס גרופ בעמ/מצונן,,משקה חלב בננה 2% פקק,מיליליטרים,250.00,"100 מ""ל",false,,5.60,0.0224,true,1,141883
7290003029433,false,"משקה יטבתה שוקו פקק 250 מ""ל מהדרין",שטראוס גרופ בעמ/מצונן,,שוקו יטבתה 2% פקק יט,גרמים,250.00,100 גרם,false,,5.60,0.0224,true,1,134082
7290003029532,false,מוקה בבקבוק יטבתה 1 ליטר מהדרין,שטראוס גרופ בעמ/מצונן,,משקה מוקה יטבתה 1 לי,מיליליטרים,1000.00,"100 מ""ל",false,,12.00,0.0120,true,1,141884
7290003029884,false,"מוקה בשקית יטבתה 225 מ""ל מארז 6 יחידות",שטראוס גרופ בעמ (ח),,שקיות מוקה יטבתה 6*2,מיליליטרים,1350.00,"100 מ""ל",false,,15.90,0.0118,true,1,141142
7290003029907,false,משקה חלב אייס קפה 2% יטבתה (1 ליטר,שטראוס גרופ בעמ/מצונן,,אייס קפה 1 ליטר,מיליליטרים,1000.00,"100 מ""ל",false,,12.00,0.0120,true,1,141143
>>>>>>> d048ac2f4f281c9d788043ab4e81b61b0dbe3743
7290003060009,false,"קמח חיטה לבן בהיר טחנות ישראליות 1 ק""ג",טחנות ישראליות,,קמח חיטה לבן בהיר 1,גרמים,1000.00,100 גרם,false,,4.90,0.0049,true,1,143288
7290003060023,false,"סולת חיטה 1 ק""ג מטחנות ישראליות",טחנות ישראליות,,"סולת חיטה 1 ק""ג",גרמים,1000.00,100 גרם,false,,5.90,0.0059,true,1,143289
7290003091263,true,צוואר טלה חלק,,,צוואר טלה חלק,קילוגרמים,1.00,"ק""ג",true,,0.00,0.0000,true,1,137220
7290003091294,true,רבע קדמי עגל כשר,,,רבע קדמי עגל כשר,קילוגרמים,1.00,"ק""ג",true,,0.00,0.0000,true,1,137221
7290003091461,true,קיט כתף כשר,,,קיט כתף כשר,קילוגרמים,1.00,"ק""ג",true,,0.00,0.0000,true,1,137222
7290003091522,true,"צוואר/צלעות ע""ע כשר",,,"צוואר/צלעות ע""ע כשר",קילוגרמים,1.00,"ק""ג",true,,0.00,0.0000,true,1,137223
7290003091591,true,כבד עגל כשר,,,כבד עגל כשר,קילוגרמים,1.00,"ק""ג",true,,0.00,0.0000,true,1,137224
7290003091607,true,בשר ראש כשר,,,בשר ראש כשר,קילוגרמים,1.00,"ק""ג",true,,0.00,0.0000,true,1,137225
7290003091614,true,ריאות עגל כשר,,,ריאות עגל כשר,קילוגרמים,1.00,"ק""ג",true,,0.00,0.0000,true,1,137226
7290003091737,true,פילה עגל כשר,,,פילה עגל כשר,קילוגרמים,1.00,"ק""ג",true,,0.00,0.0000,true,1,137227
7290003091751,true,רבע קדמי עגל בלי ריפ,,,רבע קדמי עגל בלי ריפ,קילוגרמים,1.00,"ק""ג",true,,0.00,0.0000,true,1,137228
7290003091768,true,קדמי טלה כשר,,,קדמי טלה כשר,קילוגרמים,1.00,"ק""ג",true,,0.00,0.0000,true,1,137229
7290003091775,true,זנב עגל כשר,,,זנב עגל כשר,קילוגרמים,1.00,"ק""ג",true,,0.00,0.0000,true,1,137230
7290003091782,true,לב עגל כשר,,,לב עגל כשר,קילוגרמים,1.00,"ק""ג",true,,0.00,0.0000,true,1,137231
7290003091799,true,לשון עגל כשר,,,לשון עגל כשר,קילוגרמים,1.00,"ק""ג",true,,0.00,0.0000,true,1,137232
7290003091836,true,צוואר צלעות עגל מפור,,,צוואר צלעות עגל מפור,קילוגרמים,1.00,"ק""ג",true,,0.00,0.0000,true,1,137233
7290003091843,true,קיט חלקי פנים עגל כש,,,קיט חלקי פנים עגל כש,קילוגרמים,1.00,"ק""ג",true,,0.00,0.0000,true,1,137234
7290003091874,true,סינטה עגל כשר,,,סינטה עגל כשר,קילוגרמים,1.00,"ק""ג",true,,0.00,0.0000,true,1,137235
7290003091881,true,אסאדו עגל כשר ארוז ו,,,אסאדו עגל כשר ארוז ו,קילוגרמים,1.00,"ק""ג",true,,0.00,0.0000,true,1,137236
7290003091935,true,כתף טלה כשר,,,כתף טלה כשר,קילוגרמים,1.00,"ק""ג",true,,0.00,0.0000,true,1,137237
7290003091966,true,צלעות טלה כשר,,,צלעות טלה כשר,קילוגרמים,1.00,"ק""ג",true,,0.00,0.0000,true,1,137238
7290003133697,true,לחם קימל קמח שיפון 5,,,לחם קימל קמח שיפון 5,,0.00,,false,,9.90,0.0000,true,1,143077
<<<<<<< HEAD
7290003208579,true,וודקה גריי גוס 1 ליט,,,וודקה גריי גוס 1 ליט,,0.00,,false,,0.00,0.0000,true,1,137729
7290003220380,false,"עוגיות סנדויץ' במילוי קרם שוקולד ""מעדני המלך"" 150 גרם",אחים פפושדו,,מעדני המלך סנדוויץ',גרמים,150.00,100 גרם,false,,3.50,0.0233,true,1,145977
=======
7290003141159,false,יוגטה מרשמלו ממתק מוקצף בטעמי תות שדה ווניל 180 גרם,ליימן שליסל בעמ,,יוגטה מרשמלו - 180 ג,גרמים,180.00,100 גרם,false,,6.90,0.0383,true,1,147652
7290003208579,true,וודקה גריי גוס 1 ליט,,,וודקה גריי גוס 1 ליט,,0.00,,false,,0.00,0.0000,true,1,137729
7290003220380,false,"עוגיות סנדויץ' במילוי קרם שוקולד ""מעדני המלך"" 150 גרם",רזיט שיווק בעמ,,מעדני המלך סנדוויץ',גרמים,150.00,100 גרם,false,,3.50,0.0233,true,1,145977
>>>>>>> d048ac2f4f281c9d788043ab4e81b61b0dbe3743
7290003220397,false,"עוגיות סנדויץ' במילוי קרם וניל ""מעדני המלך"" 150 גרם",אחים פפושדו,,מעדני המלך סנדוויץ',גרמים,150.00,100 גרם,false,,3.50,0.0233,true,1,145978
7290003220403,false,מעדני המלך- קרקר מלוח 110 גרם,מגדנית הדר,,קרקר מלח מעדני מלך 1,גרמים,110.00,100 גרם,false,,3.20,0.0291,true,1,153459
7290003220410,false,קרקר שומשום 110 ג' נאפה מעדני מלך,מגדנית הדר,,קרקר שומשום מעדני מל,גרמים,110.00,100 גרם,false,,3.20,0.0291,true,1,153460
7290003220588,false,"רוטה צ'ילי מתוק ללא סוכר 700 מ""ל WOK",תאי פרידה אינדסטרי ב,,רוטב צי'לי מתוק ללא,מיליליטרים,700.00,"100 מ""ל",false,,14.90,0.0213,true,1,150635
7290003220779,false,"ווק אטריות אורז עובי 3 מ""מ 400 גרם",אסיאן סופירה פודס חב,,ווק אטריות אורז עובי,גרמים,400.00,100 גרם,false,,9.90,0.0248,true,1,145006
7290003220977,false,מעדני המלך ביסקוויט חצי ירח מצופה 175 גר,רזיט שיווק בעמ,,מעדני מלך ביסקוויט י,גרמים,175.00,100 גרם,false,,6.90,0.0394,true,1,151480
7290003222780,true,פיתות אסלי 5 יחידות,,,פיתות אסלי 5 יחידות,,0.00,,false,,0.00,0.0000,true,1,133047
7290003380008,true,נקטר תפוזים 1 ליטר,,,נקטר תפוזים 1 ליטר,,0.00,,false,,5.00,0.0000,true,1,134088
7290003380831,true,מיץ עגבניות 1 ליטר *,,,מיץ עגבניות 1 ליטר,,0.00,,false,,5.00,0.0000,true,1,133665
<<<<<<< HEAD
7290003438075,false,חרוסת אוליביה מצונן,מיוצר עי קונדיטוריית,,חרוסת אוליביה 210 גר,גרמים,210.00,100 גרם,false,,9.90,0.0471,true,1,146314
=======
7290003387205,false,ספיד סטיק - דאודורנט סטיק לגבר רגולר,הנסיך- מפעל לייצור ט,,ספיד סטיק בסיסי ירוק,גרמים,63.00,100 גרם,false,,24.90,0.3952,true,1,140943
7290003438075,false,חרוסת מוצננת 210 גר`כשר לפסח,מיוצר עי קונדיטוריית,,חרוסת אוליביה 210 גר,גרמים,210.00,100 גרם,false,,9.90,0.0471,true,1,146314
>>>>>>> d048ac2f4f281c9d788043ab4e81b61b0dbe3743
7290003457861,false,סולרו קלאסיק חלבי - פירות טרופיים,"מיוצר ע""\י גלידת שטראוס",,סולרו קלאסיק חלבי -,Unknown,1.00,יחידה,false,,9.90,9.9000,true,1,145126
7290003464166,true,קיט אחורי עגל כשר בל,,,קיט אחורי עגל כשר בל,קילוגרמים,1.00,"ק""ג",true,,0.00,0.0000,true,1,137239
7290003464197,true,רוטפליש כשר,,,רוטפליש כשר,קילוגרמים,1.00,"ק""ג",true,,0.00,0.0000,true,1,137240
7290003464272,true,אוסובוקו עגל כשר,,,אוסובוקו עגל כשר,קילוגרמים,1.00,"ק""ג",true,,0.00,0.0000,true,1,137241
7290003464302,true,חזה טלה כשר,,,חזה טלה כשר,קילוגרמים,1.00,"ק""ג",true,,0.00,0.0000,true,1,137242
7290003464326,true,נתחים לקצב כשר,,,נתחים לקצב כשר,קילוגרמים,1.00,"ק""ג",true,,0.00,0.0000,true,1,137243
7290003490110,true,נייר טואלט ליטוף180,,,נייר טואלט ליטוף180,,0.00,,false,,0.00,0.0000,true,1,133531
<<<<<<< HEAD
7290003578177,false,תירס צעיר שלם וילי פוד 210 גרם,מגסטיק פוד אידסטרי ק,,תירס גמדי 410 גרם,גרמים,410.00,100 גרם,false,,7.50,0.0183,true,1,133092
7290003578313,false,דובדבנים ללא חרצנים ויליפוד 680 גרם,דל מונטה היילס אס.אי,,דובדבנים חמוצים ללא,גרמים,680.00,100 גרם,false,,10.90,0.0160,true,1,151567
7290003643004,false,"סוגת אורז בסמטי קלאסי 1 ק""ג",האי נאם סי או אל.טי.,,אורז בסמטי קלאסי סוג,גרמים,1000.00,100 גרם,false,,14.90,0.0149,true,1,139601
=======
7290003578177,false,תירס צעיר שלם וילי פוד (410 גרם),ג.וילי-פוד אינטרנשיונל בעמ,,תירס גמדי 410 גרם,גרמים,410.00,100 גרם,false,,7.50,0.0183,true,1,133092
7290003578313,false,דובדבנים ללא חרצנים ויליפוד 680 גרם,ג. וילי-פוד אינטרנשיונל בע`מ,,דובדבנים חמוצים ללא,גרמים,680.00,100 גרם,false,,10.90,0.0160,true,1,151567
7290003643004,false,אורז בסמטי קלאסי סוגת (1 קג),האי נאם סי או אל.טי.,,אורז בסמטי קלאסי סוג,גרמים,1000.00,100 גרם,false,,14.90,0.0149,true,1,139601
>>>>>>> d048ac2f4f281c9d788043ab4e81b61b0dbe3743
7290003643141,true,סודה לשתיה 50 גרם,,,סודה לשתיה 50 גרם,,0.00,,false,,5.00,0.0000,true,1,132470
7290003643387,false,סוכר לבן בצנצנת פלסטיק 1 ק`ג,האי נאם סי או אל.טי.,,סוכר לבן בצנצנת סוגת,גרמים,1000.00,100 גרם,false,,8.90,0.0089,true,1,132471
7290003643684,false,אפונה יבשה סוגת 500 גר',האי נאם סי או אל.טי.,,אפונה ירוקה יבשה סוג,גרמים,500.00,100 גרם,false,,6.80,0.0136,true,1,139248
<<<<<<< HEAD
7290003643738,false,סוגת חיטה 500 גרם,האי נאם סי או אל.טי.,,חיטה סוגת 500 גרם,גרמים,500.00,100 גרם,false,,6.50,0.0130,true,1,132473
7290003643776,false,"פופקורן גרעינים סוגת 500 ג' כשל""פ",האי נאם סי או אל.טי.,,פופקורן סוגת 500 גרם,גרמים,500.00,100 גרם,false,,5.90,0.0118,true,1,132475
7290003726615,false,"טופו ויילר 300 גרם ""שטראוס""",הדקלאים אגודת שיתופי,,טופו ויילר 300 גרם,גרמים,300.00,100 גרם,false,,11.90,0.0397,true,1,147148
7290003864492,false,סרדינים בשמן צמחי חריף פתח קל ויליפוד 110ג',גולדן פרייז קאנינג א,,סרדין בשמן צמחי חריף,גרמים,110.00,100 גרם,false,,6.30,0.0573,true,1,137581
7290003882922,false,עלי גפן ממולאים באורז וילי פוד 360 גרם,הזה פלאקספו פוד קו ב,,עלי גפן ממולא 400 גר,גרמים,400.00,100 גרם,false,,9.90,0.0248,true,1,139716
=======
7290003643738,false,חיטה סוגת (500 גרם),האי נאם סי או אל.טי.,,חיטה סוגת 500 גרם,גרמים,500.00,100 גרם,false,,6.50,0.0130,true,1,132473
7290003643776,false,"פופקורן גרעינים סוגת 500 ג' כשל""פ",האי נאם סי או אל.טי.,,פופקורן סוגת 500 גרם,גרמים,500.00,100 גרם,false,,5.90,0.0118,true,1,132475
7290003726615,false,"טופו ויילר 300 גרם ""שטראוס""",שטראוס גרופ בעמ/מצונן,,טופו ויילר 300 גרם,גרמים,300.00,100 גרם,false,,11.90,0.0397,true,1,147148
7290003864492,false,סרדינים בשמן צמחי חריף פתח קל ויליפוד 110ג',ג. וילי-פוד אינטרנשיונל בע`מ,,סרדין בשמן צמחי חריף,גרמים,110.00,100 גרם,false,,6.30,0.0573,true,1,137581
7290003882922,false,עלי גפן ממולאים באורז וילי פוד 360 גרם,ג. וילי-פוד אינטרנשיונל בע`מ,,עלי גפן ממולא 400 גר,גרמים,400.00,100 גרם,false,,9.90,0.0248,true,1,139716
>>>>>>> d048ac2f4f281c9d788043ab4e81b61b0dbe3743
7290003893690,true,פילה אמנון,,,פילה אמנון,,0.00,,false,,0.00,0.0000,true,1,134096
7290003896860,true,מים בטעם ענבים סאן ב,,,מים בטעם ענבים סאן ב,,0.00,,false,,5.00,0.0000,true,1,132970
7290003917013,true,מארז זהב מוקטן,,,מארז זהב מוקטן,,0.00,,false,,22.90,0.0000,true,1,142540
7290003989096,false,סלט חצילים פיקנטי אחלה 500 גרם,שטראוס גרופ בעמ/מצונן,,חציל פיקנטי 500,גרמים,575.00,100 גרם,false,,15.90,0.0277,true,1,141145
7290003989539,false,רביולי עם גבינה שטראוס (400 גרם),שטראוס גרופ בעמ/מצונן,,רביולי גבינה 400 גרם,גרמים,400.00,100 גרם,false,,19.90,0.0497,true,1,135685
7290003989553,false,פסטה טורטליני גבינה ופטריות 400 גרם,שטראוס גרופ בעמ/מצונן,,טרטוליני פטריות 400,גרמים,400.00,100 גרם,false,,20.90,0.0522,true,1,141146
7290004030025,true,לימונדה גלון 5 ליטר,,,לימונדה גלון 5 ליטר,,0.00,,false,,0.00,0.0000,true,1,134097
7290004030704,true,גלון תפוזים 2 ליטר,,,גלון תפוזים 2 ליטר,,0.00,,false,,0.00,0.0000,true,1,133747
7290004030872,true,"מיץ תות בננה 500 מ""",,,"מיץ תות בננה 500 מ""",,0.00,,false,,5.00,0.0000,true,1,133078
7290004063016,false,מלח שולחן מעולה סלית (1 קג)פיקוח,האי נאם סי או אל.טי.,,"מלח שולחן דק 1 ק""ג",גרמים,1000.00,100 גרם,false,,2.07,0.0021,true,1,143277
7290004063016,false,מלח שולחן מעולה סלית (1 קג)פיקוח,האי נאם סי או אל.טי.,,"מלח שולחן דק 1 ק""ג",גרמים,1000.00,100 גרם,false,,2.07,0.0021,true,1,135245
7290004078270,false,נוזל לניקוי כלים בריח לימון פלמוליב 1 ליטר,יבואן ומשווק: ש. שסט,,נוזל לניקוי כלים 18%,מיליליטרים,1000.00,"100 מ""ל",false,,14.50,0.0145,true,1,144037
7290004078690,false,"אגקס נוזל לניקוי אסלות מרענן 750 מ""ל",הנסיך- מפעל לייצור ט,,ג'ל עם אקונומיקה בני,מיליליטרים,750.00,"100 מ""ל",false,,15.90,0.0212,true,1,140944
<<<<<<< HEAD
7290004091248,false,וזלין פטרוליום אינטנסיב קאר ג'ל 106 גר',"יוניליוור ארה""ב, ג'ו",,וזלין פטרוליום ג'ל 1,גרמים,106.00,100 גרם,false,,15.90,0.1500,true,1,139365
7290004120566,false,פיראוס 24% גבינה בולגרית 250 גרם,תנובה חלב,,גבינה בולגרית 24% פי,גרמים,250.00,100 גרם,false,,24.90,0.0996,true,1,144974
7290004120634,false,גבינה פיראוס בולגרית 5% 250 גרם,תנובה מרכז שיתופי לש,,גבינה בולגרית 5% פיר,גרמים,250.00,100 גרם,false,,24.90,0.0996,true,1,139264
7290004121754,false,יוגורט ביו עוגת גבינה ותות 3% יופלה 150 גרם,תנובה חלב,,יופלה יוגורט עוגת גב,גרמים,150.00,100 גרם,false,,5.50,0.0367,true,1,154368
7290004121853,false,גבינה בולגרית פיראוס 5% קוביות 200 גרם,תנובה מרכז שיתופי לש,,קוביות גבינה בולגרית,גרמים,250.00,100 גרם,false,,22.80,0.0912,true,1,144980
7290004122195,false,גוש חלב גבינה צהובה פרוסה 28% תנובה 200 גרם,תנובה חלב,,גוש חלב פרוס 200 גרם,גרמים,200.00,100 גרם,false,,14.60,0.0730,true,1,139980
=======
7290004091248,false,וזלין פטרוליום אינטנסיב קאר ג'ל 106 גר',יוניליוור ישראל שיווק בע`מ,,וזלין פטרוליום ג'ל 1,גרמים,106.00,100 גרם,false,,15.90,0.1500,true,1,139365
7290004120566,false,גבינה בולגרית (25024% גרם)פיראוס תנובה,"תנובה בע""מ ***",,גבינה בולגרית 24% פי,גרמים,250.00,100 גרם,false,,24.90,0.0996,true,1,144974
7290004120634,false,גבינה בולגרית (2505% גרם)פיראוס תנובה,תנובה מרכז שיתופי לש,,גבינה בולגרית 5% פיר,גרמים,250.00,100 גרם,false,,24.90,0.0996,true,1,139264
7290004121754,false,יוגורט ביו עוגת גבינה ותות 3% יופלה 150 גרם,תנובה בעמ ***,,יופלה יוגורט עוגת גב,גרמים,150.00,100 גרם,false,,5.50,0.0367,true,1,154368
7290004121853,false,גבינה בולגרית קוביות (2005% גרם)פיראוס,תנובה מרכז שיתופי לש,,קוביות גבינה בולגרית,גרמים,250.00,100 גרם,false,,22.80,0.0912,true,1,144980
7290004122195,false,גוש חלב גבינה צהובה פרוסה 28% תנובה 200 גרם,"תנובה בע""מ ***",,גוש חלב פרוס 200 גרם,גרמים,200.00,100 גרם,false,,14.60,0.0730,true,1,139980
>>>>>>> d048ac2f4f281c9d788043ab4e81b61b0dbe3743
7290004122270,false,עמק קלאסית פרוסות גבינה חצי קשה 28% 200 גרם,תנובה מרכז שיתופי לש,,גבינה עמק פרוס 28% ב,גרמים,200.00,100 גרם,false,,16.40,0.0820,true,1,139981
7290004122348,false,גבינה צהובה מופחתת שומן 9% עמק (200 גרם),תנובה מרכז שיתופי לש,,עמק לייט פרוס 9% 200,גרמים,200.00,100 גרם,false,,16.80,0.0840,true,1,135265
7290004124205,false,יופלה דיאט יוגורט תות %0 גביע 150 גרם,תנובה מרכז שיתופי לש,,יופלה דיאט יוגורט תו,גרמים,150.00,100 גרם,false,,5.20,0.0347,true,1,139983
7290004125370,false,"שמנת חמוצה 9% מופחתת שומן תנובה 200 מ""ל מהדרין",תנובה מרכז שיתופי לש,,שמנת חמוצה 9% תנובה,גרמים,200.00,100 גרם,false,,3.70,0.0185,true,1,154032
7290004125400,false,"אשל שלי מהדרין 200 מ""ל 4.5% ""תנובה""- מוצר בפיקוח",פארייפאבה אגרואינדוס,,שלי אשל 4.5% תנובה 2,מיליליטרים,200.00,"100 מ""ל",false,,1.69,0.0084,true,1,139260
7290004125417,false,"גיל 3% שלי 200 מ""ל ""תנובה"" -מוצר בפיקוח",תנובה מרכז שיתופי לש,,שלי גיל 3% תנובה 200,מיליליטרים,200.00,"100 מ""ל",false,,1.51,0.0076,true,1,139261
7290004125455,false,"שמנת חמוצה 200 מ""ל 15% ""תנובה"" -מוצר בפיקוח",תנובה מרכז שיתופי לש,,שמנת אורגינל 15% תנו,מיליליטרים,200.00,"100 מ""ל",false,,2.40,0.0120,true,1,139265
7290004125509,false,"שמנת חמוצה 15% מועשרת תנובה 100 מ""ל",תנובה מרכז שיתופי לש,,שמנת חמוצה 15% תנובה,מיליליטרים,100.00,"100 מ""ל",false,,1.70,0.0170,true,1,154033
7290004125578,false,משקה סויה מעושר בסידן תנובה 1ל',תנובה מרכז שיתופי לש,,משקה סויה מועשר בסיד,מיליליטרים,1000.00,"100 מ""ל",false,,11.90,0.0119,true,1,144616
7290004125585,false,משקה סויה בטעם וניל תנובה 1 ליטר,תנובה מרכז שיתופי לש,,משקה סויה בטעם וניל,מיליליטרים,1000.00,"100 מ""ל",false,,11.90,0.0119,true,1,144617
7290004125721,false,"השף הלבן שמנת עמידה לבישול 15% תנובה 250 מ""ל",תנובה מרכז שיתופי לש,,שמנת לבישול 15% השף,מיליליטרים,250.00,"100 מ""ל",false,,8.30,0.0332,true,1,138892
7290004125738,false,שמנת מתוקה להקצפה32% 250מל עמיד השף הלבן,תנובה מרכז שיתופי לש,,שמנת מתוקה להקצפה 32,מיליליטרים,250.00,"100 מ""ל",false,,6.90,0.0276,true,1,144956
<<<<<<< HEAD
7290004125776,false,גבינה צהובה עמק 28% 400 גרם בקופסא,תנובה חלב,,עמק גבינה צהובה פרוס,גרמים,400.00,100 גרם,false,,29.90,0.0747,true,1,146820
7290004126872,false,משקאות חלב תנובה שוקו בקבוק 250מל,תנובה חלב,,שוקו תנובה בבקבוק 25,מיליליטרים,250.00,"100 מ""ל",false,,5.80,0.0232,true,1,139984
7290004126872,false,משקאות חלב תנובה שוקו בקבוק 250מל,תנובה חלב,,שוקו תנובה בבקבוק 25,מיליליטרים,250.00,"100 מ""ל",false,,5.80,0.0232,true,1,133953
7290004127077,false,קוטג תנובה 3% גביע 250 גרם מהדרין,מיוצר עי קונדיטוריית,,גבינת קוטג' 3% תנובה,גרמים,250.00,100 גרם,false,,5.70,0.0228,true,1,137765
=======
7290004125776,false,גבינה צהובה קלאסית 28% עמק (400 גרם),"תנובה בע""מ ***",,עמק גבינה צהובה פרוס,גרמים,400.00,100 גרם,false,,29.90,0.0747,true,1,146820
7290004126674,false,טל העמק פרוסות גבינה חצי קשה לייט %9 200 גרם בקופסא,תנובה מרכז שיתופי לש,,טל העמק פרוס 9% 200,גרמים,200.00,100 גרם,false,,18.80,0.0940,true,1,154034
7290004126872,false,משקאות חלב תנובה שוקו בקבוק 250מל,תנובה - חלב,,שוקו תנובה בבקבוק 25,מיליליטרים,250.00,"100 מ""ל",false,,5.80,0.0232,true,1,133953
7290004126872,false,משקאות חלב תנובה שוקו בקבוק 250מל,תנובה - חלב,,שוקו תנובה בבקבוק 25,מיליליטרים,250.00,"100 מ""ל",false,,5.80,0.0232,true,1,139984
>>>>>>> d048ac2f4f281c9d788043ab4e81b61b0dbe3743
7290004127329,false,קוטג תנובה גביע 250 גרם %5 ו.מהדרין,מיוצר עי קונדיטוריית,,גבינת קוטג' 5% תנובה,גרמים,250.00,100 גרם,false,,5.70,0.0228,true,1,133056
7290004127336,false,קוטג תנובה גביע 250 גרם %9 ו.מהדרין,מיוצר עי קונדיטוריית,,גבינת קוטג' 9% תנובה,גרמים,250.00,100 גרם,false,,5.70,0.0228,true,1,136082
7290004127817,false,גבינה לבנה 9% שומן 500 ג' תנובה,מיוצר עי קונדיטוריית,,גבינה לבנה תנובה 9%,גרמים,500.00,100 גרם,false,,9.95,0.0199,true,1,139267
7290004129156,false,גבינת שמנת25% עם שום שמיר 225 ג' נפוליאון,תנובה מרכז שיתופי לש,,נפוליאון שום שמיר 22,גרמים,225.00,100 גרם,false,,13.90,0.0618,true,1,138066
7290004130794,false,משקה סויה במתיקות מופחתת תנובה (1 ליטר),תנובה מרכז שיתופי לש,,משקה סויה טבעי במתיק,מיליליטרים,1000.00,"100 מ""ל",false,,11.50,0.0115,true,1,136604
7290004131074,false,"חלב 1 ליטר 3% קרטון ""תנובה""- מוצר בפיקוח",תנובה מרכז שיתופי לש,,חלב קרטון 3% תנובה 1,מיליליטרים,1000.00,"100 מ""ל",false,,6.23,0.0062,true,1,133191
7290004132552,false,משקה סויה בטעם טבעי לייט תנובה 1 ליטר,תנובה מרכז שיתופי לש,,משקה סויה לייט בטעם,מיליליטרים,1000.00,"100 מ""ל",false,,11.90,0.0119,true,1,144618
7290004132903,false,גבינה לבנה 3% מהדרין תנובה 250 גרם,תנובה מרכז שיתופי לש,,גבינה לבנה 3% 250 גר,גרמים,250.00,100 גרם,false,,4.98,0.0199,true,1,143472
7290004135614,false,גבינה בולגרית מעודנת 5% פיראוס 250 גרם,"תנובה בע""מ ***",,גבינה בולגרית מעודנת,גרמים,250.00,100 גרם,false,,22.60,0.0904,true,1,149908
7290004136154,false,"משקה חלב אייס קפה תנובה בבקבוק 340 מ""ל",גוד פוד פרודקטס S.p,,משקה אייס קפה תנובה,מיליליטרים,340.00,"100 מ""ל",false,,7.50,0.0221,true,1,139989
7290004136437,true,חלב סויה 1 ליטר,,,חלב סויה 1 ליטר,,0.00,,false,,5.00,0.0000,true,1,133155
7290004136598,false,מארז הפסקת אוכל עם קורנפלקס ומשקה חלב עמיד בטעם וניל,פארייפאבה אגרואינדוס,,מארז הפסקת אוכל חלב,גרמים,150.00,100 גרם,false,,9.90,0.0660,true,1,139990
7290004136598,false,מארז הפסקת אוכל עם קורנפלקס ומשקה חלב עמיד בטעם וניל,פארייפאבה אגרואינדוס,,מארז הפסקת אוכל חלב,גרמים,150.00,100 גרם,false,,9.90,0.0660,true,1,140038
7290004136871,false,מעדן ג'לי בטעם אפרסק עם חתיכות תנובה 125 גרם,תנובה מרכז שיתופי לש,,ג'לי אפרסק עם חתיכות,גרמים,125.00,100 גרם,false,,2.90,0.0232,true,1,132716
7290004137021,false,"שמנת עמידה לבישול מופחת שומן 10% השף הלבן 250 מ""ל",תנובה מרכז שיתופי לש,,שמנת עמידה לבישול 10,מיליליטרים,250.00,"100 מ""ל",false,,8.50,0.0340,true,1,147101
7290004137809,false,לאבנה אסלית 5% גביע (250 גרם)פיראוס תנו,"תנובה, מחלבת אלון תב",,פיראוס לאבנה 5% גביע,גרמים,250.00,100 גרם,false,,14.00,0.0560,true,1,139991
7290004492816,true,נשנושים עגול מלוח 35,,,נשנושים עגול מלוח 35,,0.00,,false,,12.90,0.0000,true,1,144243
7290004554293,false,קרחון אסקימו שטראוס ענבים,גלידות שטראוס בעמ,,אסקימו ענבים,Unknown,1.00,יחידה,false,,2.90,2.9000,true,1,156397
7290004554781,false,קרחון אסקימו שטראוס לימון,גלידות שטראוס בעמ,,אסקימו לימון,Unknown,1.00,יחידה,false,,2.90,2.9000,true,1,145133
7290004554798,false,"שלגון מטרה פטל,לימון וענבים","מיוצר ע"" גלידת שטראו",,מטרה,Unknown,1.00,יחידה,false,,6.00,6.0000,true,1,145134
<<<<<<< HEAD
7290004584351,false,גבינה לבנה סימפוניה עם תוספות 200 ג' חמישית 200,"שטראוס בריאות בע""\מ",,גבינה במרקם שמנת סימ,גרמים,200.00,100 גרם,false,,12.40,0.0620,true,1,139869
7290004584528,false,יוגורט דנונה ביו לבן 1.7% שומן 200 גרם,מיוצר עי קונדיטוריית,,דנונה ביו 1.7% 200 ג,גרמים,200.00,100 גרם,false,,3.70,0.0185,true,1,141887
7290004585907,false,דני ועדן וניל 1.5% 125ג' שטראוס,מיוצר עי קונדיטוריית,,דני מעדן חלב בטעם ונ,גרמים,125.00,100 גרם,false,,2.70,0.0216,true,1,132811
7290004731472,false,"שלישיית אלסבון צבעוני כיף 500 מ""ל",טרופיקל דגיל תעשיות,,אל סבון צבעוני כיף 3,מיליליטרים,1500.00,"100 מ""ל",false,,20.90,0.0139,true,1,139752
=======
7290004584351,false,גבינה לבנה סימפוניה עם תוספות 200 ג' חמישית 200,שטראוס גרופ בעמ/מצונן,,גבינה במרקם שמנת סימ,גרמים,200.00,100 גרם,false,,12.40,0.0620,true,1,139869
7290004584528,false,יוגורט דנונה ביו לבן 1.7% שומן 200 גרם,שטראוס גרופ בעמ/מצונן,,דנונה ביו 1.7% 200 ג,גרמים,200.00,100 גרם,false,,3.70,0.0185,true,1,141887
7290004585907,false,דני ועדן וניל 1.5% 125ג' שטראוס,שטראוס גרופ בעמ/מצונן,,דני מעדן חלב בטעם ונ,גרמים,125.00,100 גרם,false,,2.70,0.0216,true,1,132811
7290004731472,false,"שלישיית אלסבון צבעוני כיף 500 מ""ל",החברה הדרומית לשיווק בעמ,,אל סבון צבעוני כיף 3,מיליליטרים,1500.00,"100 מ""ל",false,,20.90,0.0139,true,1,139752
>>>>>>> d048ac2f4f281c9d788043ab4e81b61b0dbe3743
7290004798055,true,מסבין סנטטי 230 גרם,,,מסבין סנטטי 230 גרם,,0.00,,false,,5.00,0.0000,true,1,133197
7290005009211,true,תפוח אדמה מוקרם 250,,,תפוח אדמה מוקרם 250,,0.00,,false,,15.00,0.0000,true,1,144706
7290005010866,true,ניוקי עם פטריות מוקר,,,ניוקי עם פטריות מוקר,,0.00,,false,,18.00,0.0000,true,1,144707
7290005020353,true,רום בקרדי לבן ליטר,,,רום בקרדי לבן ליטר,,0.00,,false,,0.00,0.0000,true,1,137730
7290005174551,false,סלט חומוס עם צנוברים 125 ג' אחלה,שטראוס גרופ בעמ/מצונן,,סלט חומוס יום יום אח,גרמים,125.00,100 גרם,false,,5.70,0.0456,true,1,133798
7290005199738,false,גומי מאסט בטעם פפרמינט ריח פה נעים פליפטופ 28 ג' עלית,שטראוס גרופ בע`מ,,"מאסט מנטה מרעננת לל""",גרמים,28.00,100 גרם,false,,4.60,0.1643,true,1,142275
7290005200786,false,תפוצ'יפס בטעם שמנת בצל עלית 50 גרם,"שטראוס פריטו ליי בע""\מ )",,תפוציפס שמנת ובצל 50,גרמים,50.00,100 גרם,false,,4.30,0.0860,true,1,138138
7290005287053,true,טונה סטארקיסט בשמן 1,,,טונה סטארקיסט בשמן 1,,0.00,,false,,5.00,0.0000,true,1,134107
7290005326585,false,ממרח אוליביה פסטו בזיליקום 180 ג',"אוליביה גורמה בע""מ",,פסטו בזיליקום אוליבי,גרמים,180.00,100 גרם,false,,12.90,0.0717,true,1,139992
7290005384851,false,וילי פוד מיץ לימון בדץ 200מל,ג.וילי-פוד אינטרנשיונל בעמ,,מיץ לימון משומר וילי,מיליליטרים,200.00,"100 מ""ל",false,,4.90,0.0245,true,1,132504
7290005431906,false,מארז קדאיף 82 גר` עדן קינוחים,עדן קינוחים Eden,,מעדן קדאיף עדן קינוח,גרמים,82.00,100 גרם,false,,7.00,0.0854,true,1,153844
7290005431913,false,עוגת גבינה פירורים עדן קינוחים 92 גרם,עדן קינוחים Eden,,עוגת גבינה פירורים ע,גרמים,92.00,100 גרם,false,,7.00,0.0761,true,1,153845
7290005437755,false,פסטה בילאגיו צינורות 500 גרם טעמן,מוצרי יסוד - טעמן,,פסטה בילאגיו צינורות,גרמים,500.00,100 גרם,false,,4.90,0.0098,true,1,154416
7290005437762,false,פסטה בילאג'יו ספירלה 500גר' טעמן,מוצרי יסוד - טעמן,,פסטה בילאג'יו ספירלה,גרמים,500.00,100 גרם,false,,4.90,0.0098,true,1,154417
7290005437816,true,אננס חתוך 567 גרם,,,אננס חתוך 567 גרם,,0.00,,false,,5.00,0.0000,true,1,132618
7290005437847,true,אננס שלם 567 גרם,,,אננס שלם 567 גרם,,0.00,,false,,5.00,0.0000,true,1,132619
7290005437939,false,פסטה ספגטיני מס' 10 500 גר' טעמן,מוצרי יסוד - טעמן,,פסטה בילאג'יו ספגטינ,גרמים,500.00,100 גרם,false,,4.90,0.0098,true,1,154418
7290005509278,true,מרשמלו טוויסטר 180 ג,,,מרשמלו טוויסטר 180 ג,,0.00,,false,,5.00,0.0000,true,1,134111
7290005549618,true,מרשמלו 180 גרם,,,מרשמלו 180 גרם,,0.00,,false,,5.00,0.0000,true,1,132581
7290005559907,false,פיצה משפחתית 100% גבינה מעדנות 500 גרם,תנובה מרכז שיתופי לשיווק תוצרת,,פיצה משפחתית 100% גב,גרמים,500.00,100 גרם,false,,24.90,0.0498,true,1,140088
7290005589494,true,חיטה מלאה תפוחה 200,,,חיטה מלאה תפוחה 200,,0.00,,false,,0.00,0.0000,true,1,132571
7290005838002,false,מעדן גבינה ויוגורט בטעם וניל 88 ג' דניאלה,שטראוס גרופ בעמ/מצונן,,דניאלה וניל 150 גרם,גרמים,150.00,100 גרם,false,,4.30,0.0287,true,1,134113
7290005839313,false,מילקי Top עם שוקולדה מגולגלת 140 גרם,שטראוס גרופ בעמ/מצונן,,מילקי טופ מגולגלת 17,מיליליטרים,170.00,"100 מ""ל",false,,5.00,0.0294,true,1,132812
7290005854569,false,שלגון בננה מצופה שוקולד,גלידות שטראוס בעמ,,מצופה בננה,Unknown,1.00,יחידה,false,,4.90,4.9000,true,1,157387
7290005896637,false,סאן בנדטו - מים מינרלים טבעיים מהאלפים 1.5 ליטר,אקווה מינרלה סאן בנדטו ב,,מים מינרליים טבעיים,מיליליטרים,9000.00,"100 מ""ל",false,,4.80,0.0005,true,1,157042
<<<<<<< HEAD
7290006251275,false,תה ירוק סיני קלאסי ויסוצקי 25 יחידות,תה ויסוצקי,,תה ירוק סיני,Unknown,25.00,יחידה,false,,26.90,1.0760,true,1,145450
=======
7290006251275,false,תה ירוק סיני קלאסי ויסוצקי 25 יחידות,תה ויסוצקי (ישראל) בעמ,,תה ירוק סיני,Unknown,25.00,יחידה,false,,26.90,1.0760,true,1,145450
>>>>>>> d048ac2f4f281c9d788043ab4e81b61b0dbe3743
7290006322104,false,לחם ריחיים קל פרוס 500גר,מאפיית דוידוביץ ובניו בע,,לחם ריחיים קל פרוס 5,גרמים,500.00,100 גרם,false,,12.90,0.0258,true,1,143079
7290006322838,false,לחם מקמח מלא דוידובי,מאפיית דוידוביץ ובניו בע,,לחם קמח מלא 100% מאפ,גרמים,750.00,100 גרם,false,,12.90,0.0172,true,1,143089
7290006342447,false,גרעיני אבטיח ששון הקולה 200 גרם,דין שיווק וקליה 2021 בעמ,,גרעין אבטיח 200 גרם,גרמים,200.00,100 גרם,false,,12.90,0.0645,true,1,151995
7290006342553,false,קבוקים בשקית ששון הקולה 200 גרם,דין שיווק וקליה 2021 בעמ,,קבוקים 200 גר' שקית,גרמים,200.00,100 גרם,false,,6.90,0.0345,true,1,151996
7290006378910,true,שקיות אוכל 150 יחידו,,,שקיות אוכל 150 יחידו,,0.00,,false,,5.00,0.0000,true,1,133358
7290006378996,true,ניילון נצמד גולד 30,,,ניילון נצמד גולד 30,,0.00,,false,,5.00,0.0000,true,1,133035
7290006664532,false,יוגורט עם תות 3% שומן 150 ג' דנונה,שטראוס גרופ בעמ/מצונן,,"דנונה תות 3% 150 מ""ל",גרמים,150.00,100 גרם,false,,3.90,0.0260,true,1,139872
7290006664655,false,דנונה Actimel יוגורט טבעי 8*100 מ``ל,שטראוס גרופ בעמ/מצונן,,"אקטימל לבן 8*100 מ""ל",מיליליטרים,800.00,"100 מ""ל",false,,22.70,0.0284,true,1,141152
7290006664693,false,יוגורט עם אפרסק 3% שומן 150 ג' דנונה,שטראוס גרופ בעמ/מצונן,,דנונה אפרסק 3% 150 ג,גרמים,150.00,100 גרם,false,,3.90,0.0260,true,1,141153
7290006681065,false,"קסטה שוקו וניל ""שטראוס""","מיוצר ע""\י גלידת שטראוס",,טעמקור XL,Unknown,1.00,יחידה,false,,7.90,7.9000,true,1,145137
7290006681553,false,קרמבו בטעם וניל שטראוס 8 יחידות,"גלידות שטראוס בע""מ",,קרמבו שטראוס וניל 8*,Unknown,8.00,יחידה,false,,17.90,2.2375,true,1,139844
7290006681560,false,קרמבו בטעם מוקה שטראוס 8 יחידות,"גלידות שטראוס בע""מ",,קרמבו בטעם מוקה שטרא,Unknown,8.00,יחידה,false,,17.90,2.2375,true,1,139845
7290006738615,false,קבב פרימיום זהב 100% בשר זוגלובק 400 ג',נקניק נהריה כשר זוגל,,קבב זהב 400 גרם,גרמים,400.00,100 גרם,false,,21.90,0.0547,true,1,139767
7290006739346,false,נקניקיות פרגיות טרי 400 גרם זוגלובק,נקניק נהריה כשר זוגל,,נקניקיות מבשר פרגיות,גרמים,400.00,100 גרם,false,,16.90,0.0422,true,1,146036
7290006739421,false,נקניק סלמי מעושן איטלקי זוגלובק 300 גרם,נקניק נהריה כשר זוגל,,נקניק סלמי מעושן איט,גרמים,300.00,100 גרם,false,,29.90,0.0997,true,1,141456
7290006739421,false,נקניק סלמי מעושן איטלקי זוגלובק 300 גרם,נקניק נהריה כשר זוגל,,נקניק סלמי מעושן איט,גרמים,300.00,100 גרם,false,,29.90,0.0997,true,1,144111
7290006739445,false,שניצל תירס קלאסי 750 ג' זוגלובק,נקניק נהריה כשר זוגל,,שניצל תירס קלאסי 750,גרמים,750.00,100 גרם,false,,23.90,0.0319,true,1,139769
7290006739681,true,חטיפי תירס קלאסי 600,,,חטיפי תירס קלאסי 600,,0.00,,false,,15.90,0.0000,true,1,139771
7290006742315,false,פסטרמה חזה הודו ברביקיו 2% זוגלובק 330 גרם,נקניק נהריה כשר זוגל,,פסטרמה חזה הודו ברבי,גרמים,330.00,100 גרם,false,,29.90,0.0906,true,1,139778
7290006764072,true,גולדסטאר בקבוק 0.5 ל,,,גולדסטאר בקבוק 0.5 ל,,0.00,,false,,0.00,0.0000,true,1,134122
7290006775016,false,עוגת תפוז אחוה (450 גרם)אחוה,אחדות ביתחרושת לטחינה חלבה,,עוגת תפוז 450 גרם אח,גרמים,450.00,100 גרם,false,,10.90,0.0242,true,1,146113
7290006775030,false,עוגת שוקו צ`יפס אחוה (450 גרם)אחוה,אחדות ביתחרושת לטחינה חלבה,,עוגת שוקולד צ'יפס 45,גרמים,450.00,100 גרם,false,,10.90,0.0242,true,1,146115
7290006775047,false,עוגת שוקולד אחוה (450 גרם)אחוה,אחדות ביתחרושת לטחינה חלבה,,עוגת שוקולד 450 גרם,גרמים,450.00,100 גרם,false,,10.90,0.0242,true,1,146116
7290006775054,false,עוגת שיש אחוה (450 גרם)אחוה,אחדות ביתחרושת לטחינה חלבה,,עוגת שיש 450 גרם אחו,גרמים,450.00,100 גרם,false,,10.90,0.0242,true,1,146117
7290008021104,true,מרכך פינוק לשיער רגי,,,מרכך פינוק לשיער רגי,,0.00,,false,,11.90,0.0000,true,1,134124
7290008158473,true,מפעל-גליל נייר תעשיי,,,מפעל-גליל נייר תעשיי,,0.00,,false,,2999.90,0.0000,true,1,136628
7290008190644,true,אגו אצבעות וופל שוקו,,,אגו אצבעות וופל שוקו,,0.00,,false,,0.00,0.0000,true,1,133851
7290008190657,true,אגו אצבעות וטעם קפוצ,,,אגו אצבעות וטעם קפוצ,,0.00,,false,,5.00,0.0000,true,1,134125
7290008213493,true,קולגייט טוטל הלבנה 1,,,קולגייט טוטל הלבנה 1,,0.00,,false,,13.90,0.0000,true,1,140948
7290008259521,true,בוטני חטיף בוטנים 80,,,בוטני חטיף בוטנים 80,,0.00,,false,,2.50,0.0000,true,1,146510
7290008409216,false,מאמא עוף קפוא שניצל דק פריך 700 גרם,תנובה מרכז שיתופי לשיווק תוצרת,,שניצל דק דק פריך מאמ,גרמים,700.00,100 גרם,false,,41.90,0.0599,true,1,139536
7290008409407,false,שניצל דק דק צ`יפס מאמא עוף (700 גרם),תנובה גליל שותפות מוגבלת,,מאמא עוף שניצל דק צי,גרמים,700.00,100 גרם,false,,42.90,0.0613,true,1,140108
7290008464024,false,"בירה גולדסטאר Unfiltered, בירה לא מסוננת, פחית 500 מ""ל","טמפו משקאות בע""מ",,גולדסטאר לא מסונן פח,מיליליטרים,500.00,"100 מ""ל",false,,8.90,0.0178,true,1,140041
7290008464116,true,חבית בירה גולדסטאר א,,,חבית בירה גולדסטאר א,,0.00,,false,,0.00,0.0000,true,1,137719
7290008464468,false,בירה בפחית גולדסטאר (500 מל),פארייפאבה אגרואינדוס,,"גולדסטאר פחית 500 מ""",מיליליטרים,500.00,"100 מ""ל",false,,8.50,0.0170,true,1,142888
7290008464505,false,סאן בנדטו מים מינרלים להחזרה 0.5 ל`,אקווה מינרלה סאן בנדטו ב,,מים סאן בנדטו 500 מל,מיליליטרים,500.00,"100 מ""ל",false,,5.00,0.0100,true,1,134128
7290008464765,true,שישיית בירה גולדסטאר,,,שישיית בירה גולדסטאר,,0.00,,false,,0.00,0.0000,true,1,133346
7290008644112,false,אחלה יום יום סלט מטבוחה יום יום 125 גרם,שטראוס גרופ בעמ/מצונן,,סלט מטבוחה אחלה 125,גרמים,125.00,100 גרם,false,,5.70,0.0456,true,1,141891
7290008645935,false,אחלה חומוס לניגוב 750 גרם,שטראוס גרופ בעמ/מצונן,,חומוס אחלה 750 גרם,גרמים,750.00,100 גרם,false,,10.90,0.0145,true,1,141155
7290008693134,false,מעדן גבינה ויוגורט בטעם תות 5% שומן 88 ג' דניאלה,שטראוס גרופ בעמ/מצונן,,"דניאלה תות 150 מ""ל",גרמים,150.00,100 גרם,false,,4.30,0.0287,true,1,134131
7290008745239,false,תפוצ'יפס קראנצ' בטעם טבעי עלית 50 גרם,"שטראוס פריטו ליי בע""\מ )",,תפוציפס קראנצ' טבעי,גרמים,50.00,100 גרם,false,,4.30,0.0860,true,1,138139
7290008747547,false,תפוצ'יפס קראנץ' בטעם טבעי עלית 200 גרם,"שטראוס פריטו ליי בע""\מ )",,תפוצ'יפס קראנצ' בטעם,גרמים,200.00,100 גרם,false,,10.90,0.0545,true,1,142351
7290008752244,false,תפוצ'יפס קראנץ' בטעם גריל עלית 50 גרם,"שטראוס פריטו ליי בע""\מ )",,תפוציפס קראנצ' גריל,גרמים,50.00,100 גרם,false,,4.30,0.0860,true,1,138140
7290008753111,false,תפוצ'יפס קראנץ' בטעם מקסיקני עלית 50 גרם,"שטראוס פריטו ליי בע""\מ )",,תפוציפס קראנצ מקסיקנ,גרמים,50.00,100 גרם,false,,4.30,0.0860,true,1,138143
<<<<<<< HEAD
7290008753364,false,דוריטוס גריל עלית 55 ג',שטראוס פריטו ליי בע,,דוריטוס גריל 55 גרם,גרמים,55.00,100 גרם,false,,3.60,0.0655,true,1,132873
7290008753371,false,דוריטוס נאצו מקסיקני 55 גר,STRAUSS-ISRAEL,,דוריטוס נאצ'ו 55 גרם,גרמים,55.00,100 גרם,false,,3.60,0.0655,true,1,134133
7290008754415,false,גומי מאסט בטעם ספירמינט עדין פליפטופ 28 ג' עלית,"שטראוס גרופ בע""מ",,מאסט ספירמינט מגדים,גרמים,28.00,100 גרם,false,,4.60,0.1643,true,1,134134
7290008775892,true,פרפקפטו פסטה לינגוינ,,,פרפקפטו פסטה לינגוינ,,0.00,,false,,6.90,0.0000,true,1,143401
7290008802291,false,יין מרלו פרייבט קולקשן יקבי כרמל,אגודת הכורמים הקואופרטיב,,יין מרלו פרייבט קולק,מיליליטרים,750.00,"100 מ""ל",false,,39.90,0.0532,true,1,150479
7290008806961,false,גלידה שוקולד שבבי שוקולד פרה 1.33 ל' קרמיסימו,"גלידת שטראוס בע""\מ, רחוב",,גלידת קרמיסימו 1.33,מיליליטרים,1330.00,"100 מ""ל",false,,21.90,0.0165,true,1,145139
7290010002030,false,תבלין כמון טחון תבליני מימון 100 גרם,א.ל ייצור ושיווק תבלינים,,כמון טחון במיכל תבלי,גרמים,100.00,100 גרם,false,,11.90,0.1190,true,1,139468
7290010002078,false,פלפל שחור טחון תבליני מימון 100 גרם,א.ל ייצור ושיווק תבלינים,,פלפל שחור טחון במיכל,גרמים,100.00,100 גרם,false,,15.50,0.1550,true,1,139470
7290010002092,false,תבלין פלפל שחור גרוס דק תבליני מימון 90,א.ל ייצור ושיווק תבלינים,,פלפל שחור גרוס דק במ,גרמים,90.00,100 גרם,false,,15.50,0.1722,true,1,139471
7290010002108,false,תבלין פלפל שחור גרוס גס תבליני מימון 90,א.ל ייצור ושיווק תבלינים,,פלפל שחור גרוס גס במ,גרמים,90.00,100 גרם,false,,15.50,0.1722,true,1,141986
7290010002191,false,תבלין מקלות קינמון תבליני מימון 50 גרם,א.ל ייצור ושיווק תבל,,מקלות קינמון במיכל ת,גרמים,50.00,100 גרם,false,,15.50,0.3100,true,1,141988
7290010002207,false,תבלין קינמון טחון תבליני מימון 100 גרם,א.ל ייצור ושיווק תבלינים,,קינמון טחון במיכל תב,גרמים,100.00,100 גרם,false,,9.90,0.0990,true,1,139475
7290010002306,false,תיבול לקציצות תבליני מימון 100 גרם,א.ל ייצור ושיווק תבל,,תיבול לקציצות במיכל,גרמים,100.00,100 גרם,false,,11.90,0.1190,true,1,141991
7290010002320,false,תיבול לגריל עוף תבליני מימון 100 גרם,א.ל ייצור ושיווק תבלינים,,תיבול לגריל עוף במיכ,גרמים,100.00,100 גרם,false,,11.90,0.1190,true,1,139476
7290010002351,false,זעתר ושומשום תבליני מימון 100 גרם,א.ל ייצור ושיווק תבלינים,,זעתר עם שומשום במיכל,גרמים,100.00,100 גרם,false,,11.90,0.1190,true,1,139477
7290010002382,false,תבלין אורגנו תבליני מימון 40 גרם,א.ל ייצור ושיווק תבלינים,,אורגנו במיכל תבליני,גרמים,40.00,100 גרם,false,,9.90,0.2475,true,1,139478
7290010002443,false,תבלין רוזמרין תבליני מימון 40 גרם,א.ל ייצור ושיווק תבל,,רוזמרין במיכל תבליני,גרמים,40.00,100 גרם,false,,9.90,0.2475,true,1,141997
7290010002498,false,תבלין שום גבישי תבליני מימון 120 גרם,א.ל ייצור ושיווק תבלינים,,שום גבישי במיכל תבלי,גרמים,120.00,100 גרם,false,,15.50,0.1292,true,1,139480
7290010003686,false,עלי דפנה בשקית תבליני מימון20 גרם,א.ל ייצור ושיווק תבל,,עלי דפנה בשקית מימון,גרמים,20.00,100 גרם,false,,6.30,0.3150,true,1,142002
7290010003709,false,פלפל שחור טחון בשקית תבליני מימון 50 גרם,א.ל ייצור ושיווק תבל,,פלפל שחור טחון בשקית,גרמים,50.00,100 גרם,false,,7.90,0.1580,true,1,142004
7290010003792,false,מלח לימון בשקית תבליני מימון 100 גרם,א.ל ייצור ושיווק תבל,,מלח לימון בשקית תבלי,גרמים,100.00,100 גרם,false,,6.30,0.0630,true,1,142009
7290010117970,false,סבבה בוטנים קלויים מצופים - אריזה אישית,"שטראוס פריטו ליי בע""",,בוטנים אמריקאים 50 ג,גרמים,50.00,100 גרם,false,,2.90,0.0580,true,1,135949
7290010119950,false,דוריטוס חמוץ חריף 55 גרם-סטריפ,שטראוס גרופ,,דוריטוס חמוץ חריף 55,גרמים,55.00,100 גרם,false,,3.60,0.0655,true,1,132874
7290010129027,false,עוגיות מרוקאיות 600 גרם,השוואת מחירונים,,עוגיות מרוקאיות 600,גרמים,600.00,100 גרם,false,,19.90,0.0332,true,1,136000
=======
7290008753364,false,דוריטוס גריל עלית 55 ג',שטראוס פריטו ליי בעמ,,דוריטוס גריל 55 גרם,גרמים,55.00,100 גרם,false,,3.60,0.0655,true,1,132873
7290008753371,false,דוריטוס 55 גר`נאצ`ו מקסיקני,שטראוס פריטו ליי בעמ,,דוריטוס נאצ'ו 55 גרם,גרמים,55.00,100 גרם,false,,3.60,0.0655,true,1,134133
7290008754415,false,גומי מאסט בטעם ספירמינט עדין פליפטופ 28 ג' עלית,שטראוס גרופ בע`מ,,מאסט ספירמינט מגדים,גרמים,28.00,100 גרם,false,,4.60,0.1643,true,1,134134
7290008775892,true,פרפקפטו פסטה לינגוינ,,,פרפקפטו פסטה לינגוינ,,0.00,,false,,6.90,0.0000,true,1,143401
7290008802291,false,יין מרלו פרייבט קולקשן יקבי כרמל,אגודת הכורמים הקואופרטיב,,יין מרלו פרייבט קולק,מיליליטרים,750.00,"100 מ""ל",false,,39.90,0.0532,true,1,150479
7290008806961,false,גלידה שוקולד שבבי שוקולד פרה 1.33 ל' קרמיסימו,"גלידת שטראוס בע""\מ, רחוב",,גלידת קרמיסימו 1.33,מיליליטרים,1330.00,"100 מ""ל",false,,21.90,0.0165,true,1,145139
7290010002030,false,תבלין כמון טחון תבליני מימון 100 גרם,א.ל. ייצור ושיווק תבלינים בע`מ,,כמון טחון במיכל תבלי,גרמים,100.00,100 גרם,false,,11.90,0.1190,true,1,139468
7290010002078,false,פלפל שחור טחון תבליני מימון (100 גרם),א.ל. ייצור ושיווק תבלינים בע`מ,,פלפל שחור טחון במיכל,גרמים,100.00,100 גרם,false,,15.50,0.1550,true,1,139470
7290010002092,false,תבלין פלפל שחור גרוס דק תבליני מימון 90,א.ל. ייצור ושיווק תבלינים בע`מ,,פלפל שחור גרוס דק במ,גרמים,90.00,100 גרם,false,,15.50,0.1722,true,1,139471
7290010002108,false,תבלין פלפל שחור גרוס גס תבליני מימון 90,א.ל. ייצור ושיווק תבלינים בע`מ,,פלפל שחור גרוס גס במ,גרמים,90.00,100 גרם,false,,15.50,0.1722,true,1,141986
7290010002191,false,תבלין מקלות קינמון תבליני מימון 50 גרם,א.ל. ייצור ושיווק תבלינים בע`מ,,מקלות קינמון במיכל ת,גרמים,50.00,100 גרם,false,,15.50,0.3100,true,1,141988
7290010002207,false,תבלין קינמון טחון תבליני מימון 100 גרם,א.ל. ייצור ושיווק תבלינים בע`מ,,קינמון טחון במיכל תב,גרמים,100.00,100 גרם,false,,9.90,0.0990,true,1,139475
7290010002306,false,תיבול לקציצות תבליני מימון 100 גרם,א.ל.ייצור ושיווק תבלינים בעמ,,תיבול לקציצות במיכל,גרמים,100.00,100 גרם,false,,11.90,0.1190,true,1,141991
7290010002320,false,תבלין לגריל עוף תבליני מימון (100 גרם),א.ל. ייצור ושיווק תבלינים בע`מ,,תיבול לגריל עוף במיכ,גרמים,100.00,100 גרם,false,,11.90,0.1190,true,1,139476
7290010002351,false,זעתר ושומשום בלדי תבליני מימון (100 גרם),א.ל. ייצור ושיווק תבלינים בע`מ,,זעתר עם שומשום במיכל,גרמים,100.00,100 גרם,false,,11.90,0.1190,true,1,139477
7290010002382,false,תבלין אורגנו תבליני מימון 40 גרם,א.ל. ייצור ושיווק תבלינים בע`מ,,אורגנו במיכל תבליני,גרמים,40.00,100 גרם,false,,9.90,0.2475,true,1,139478
7290010002443,false,תבלין רוזמרין תבליני מימון 40 גרם,א.ל. ייצור ושיווק תבלינים בע`מ,,רוזמרין במיכל תבליני,גרמים,40.00,100 גרם,false,,9.90,0.2475,true,1,141997
7290010002498,false,תבלין שום גבישי תבליני מימון 120 גרם,א.ל. ייצור ושיווק תבלינים בע`מ,,שום גבישי במיכל תבלי,גרמים,120.00,100 גרם,false,,15.50,0.1292,true,1,139480
7290010003686,false,עלי דפנה שקית תבליני מימון (20 גרם),א.ל. ייצור ושיווק תבלינים בע`מ,,עלי דפנה בשקית מימון,גרמים,20.00,100 גרם,false,,6.30,0.3150,true,1,142002
7290010003709,false,פלפל שחור טחון בשקית תבליני מימון 50 גרם,א.ל. ייצור ושיווק תבלינים בע`מ,,פלפל שחור טחון בשקית,גרמים,50.00,100 גרם,false,,7.90,0.1580,true,1,142004
7290010003792,false,מלח לימון בשקית תבליני מימון 100 גרם,א.ל. ייצור ושיווק תבלינים בע`מ,,מלח לימון בשקית תבלי,גרמים,100.00,100 גרם,false,,6.30,0.0630,true,1,142009
7290010117970,false,סבבה בוטנים קלויים מצופים - אריזה אישית,שטראוס פריטו ליי בע`מ,,בוטנים אמריקאים 50 ג,גרמים,50.00,100 גרם,false,,2.90,0.0580,true,1,135949
7290010119950,false,חטיף דוריטוס בטעם חמוץ חריף 55 גרם,שטראוס פריטו ליי בע`מ,,דוריטוס חמוץ חריף 55,גרמים,55.00,100 גרם,false,,3.60,0.0655,true,1,132874
7290010129027,false,עוגיות מרוקאיות דולצ`ה ויטה (600 גרם),שיבולים יצור ושיווק מוצרי מאפה,,עוגיות מרוקאיות 600,גרמים,600.00,100 גרם,false,,19.90,0.0332,true,1,136000
>>>>>>> d048ac2f4f281c9d788043ab4e81b61b0dbe3743
7290010129317,true,עוגיות תות שדה 600 ג,,,עוגיות תות שדה 600 ג,,0.00,,false,,17.90,0.0000,true,1,139372
7290010237531,false,משקה מוגז בטעם קולה פפסי (500 מל),סנו מפעלי ברונוס.,,"פפסי קולה 500 מ""ל",מיליליטרים,500.00,"100 מ""ל",false,,5.20,0.0104,true,1,132897
7290010237548,false,"פפסי מקס דל קלוריות 500 מ""ל בקבוק",טמפו משקאות בע`מ,,"פפסי מקס 500 מ""ל",מיליליטרים,500.00,"100 מ""ל",false,,5.20,0.0104,true,1,132898
7290010237562,false,משקה מוגז בטעם תפוזים מירנדה (500 מל),טמפו משקאות בע`מ,,"מירנדה 500 מ""ל",מיליליטרים,500.00,"100 מ""ל",false,,5.20,0.0104,true,1,132899
7290010237579,false,משקה מוגז בטעם ליים סבן אפ (500 מל),טמפו משקאות בע`מ,,"סבן אפ 500 מ""ל",מיליליטרים,500.00,"100 מ""ל",false,,5.20,0.0104,true,1,132900
7290010259977,false,שמן קנולה מזוכך ויליפוד 1 ליטר,ג.וילי-פוד אינטרנשיונל ***שמן,,שמן קנולה 1 ליטר,מיליליטרים,1000.00,"100 מ""ל",false,,10.90,0.0109,true,1,137590
7290010293551,true,"כוסות ח""פ לשתייה חמה",,,"כוסות ח""פ לשתייה חמה",,0.00,,false,,5.00,0.0000,true,1,132691
7290010300815,true,סבון אסלה כחול,,,סבון אסלה כחול,,0.00,,false,,5.00,0.0000,true,1,133196
7290010321222,true,יולו white קרם פטסיי,,,יולו white קרם פטסיי,,0.00,,false,,5.00,0.0000,true,1,137733
7290010321239,true,יולו white קרמל מלוח,,,יולו white קרמל מלוח,,0.00,,false,,5.00,0.0000,true,1,137734
7290010328093,false,ממרח חלווה אחווה 400 ג' מהדרין,אחדות בית חרושת לטחי,,ממרח חלווה אחווה 400,גרמים,400.00,100 גרם,false,,11.90,0.0298,true,1,144511
<<<<<<< HEAD
7290010328253,false,טחינה גולמית משומשום טבעי אחווה 500 גרם,"אחדות ביח""ר לטחינה ח",,טחינה גולמית אחוה 50,גרמים,500.00,100 גרם,false,,12.90,0.0258,true,1,135306
=======
7290010328253,false,טחינה גולמית משומשום טבעי אחווה 500 גרם,אחדות ביתחרושת לטחינה חלבה,,טחינה גולמית אחוה 50,גרמים,500.00,100 גרם,false,,12.90,0.0258,true,1,135306
>>>>>>> d048ac2f4f281c9d788043ab4e81b61b0dbe3743
7290010328468,false,מארז מיני חלווה אחוה בטעמים 18 יחידות 216 גרם,שוורצקוף& הנקל דיסלד,,מיני חלווה חטיפי חלו,Unknown,18.00,יחידה,false,,11.90,0.6611,true,1,144499
7290010329599,true,אגו אצבעות וופל דאבל,,,אגו אצבעות וופל דאבל,,0.00,,false,,5.00,0.0000,true,1,133852
7290010352463,true,מפעל-ממרח אבוקדו,,,מפעל-ממרח אבוקדו,,0.00,,false,,2999.90,0.0000,true,1,133799
7290010429554,false,"שמן זית כתית מעולה יד מרדכי 2 קלאסי, 750 מ""ל",מכוורת יד מרדכי שטראוס ב,,שמן זית כתית מעולה ק,מיליליטרים,750.00,"100 מ""ל",false,,35.90,0.0479,true,1,139093
7290010471669,false,יוגורט תות עם קורנפלקס מצופה שוקולד ללא גלוטן 3.9%,שטראוס גרופ בעמ/מצונן,,דנונה בר תות קורנפלק,גרמים,175.00,100 גרם,false,,4.60,0.0263,true,1,137286
7290010472307,false,"שמיניית משקה גמדים תות בננה דיסני 108 מ""ל",שטראוס גרופ בעמ/מצונן,,גמדים תות בננה 8*100,מיליליטרים,800.00,"100 מ""ל",false,,20.90,0.0261,true,1,139873
7290010632794,true,"סכינים ח""פ 100 יחידו",,,"סכינים ח""פ 100 יחידו",,0.00,,false,,5.00,0.0000,true,1,137777
7290010829385,true,מטליות לרצפה 10 יחיד,,,מטליות לרצפה 10 יחיד,,0.00,,false,,5.00,0.0000,true,1,133125
7290010829460,true,מגבונים להסרת איפור,,,מגבונים להסרת איפור,,0.00,,false,,5.00,0.0000,true,1,133565
7290010838219,false,ממתיק על בסיס צמח הסטיביה - שקיות,"קיפל טבליות וממתיקים בע""מ",,סטיביה 100 שקיות,Unknown,100.00,יחידה,false,,32.00,0.3200,true,1,140406
7290010961016,true,דוגן מזלג פלסטיק100,,,דוגן מזלג פלסטיק100,,0.00,,false,,2999.90,0.0000,true,1,134145
7290010962082,true,תירס מתוק 550 גרם,,,תירס מתוק 550 גרם,,0.00,,false,,5.00,0.0000,true,1,133354
7290011017866,false,פחית קולה סליק קוקה-קולה (330 מל),החברה המרכזית להפצת משקאות בעמ,,סליק קוקה קולה 330 מ,מיליליטרים,330.00,"100 מ""ל",false,,6.50,0.0197,true,1,133365
7290011018184,false,תה קר בטעם אפרסק פיוז-טי (500 מל),החברה המרכזית להפצת משקאות בעמ,,FUZE tea אפרסק 0.5 ל,מיליליטרים,500.00,"100 מ""ל",false,,9.00,0.0180,true,1,147566
7290011018856,true,ארגז ריק קרלסברג,,,ארגז ריק קרלסברג,,0.00,,false,,0.00,0.0000,true,1,137475
7290011051396,false,שוופס מוגז עדין אפרסק 1.5 ליטר,יפאורה שותפות מובגלת לשיווק,,שוופס מוגז עדין אפרס,מיליליטרים,1500.00,"100 מ""ל",false,,6.90,0.0046,true,1,143505
<<<<<<< HEAD
7290011126957,false,תה ירוק ויסוצקי ארל גריי 25 שקיקים,ויסוצקי ירוק,,תה ירוק ארל גריי ויס,Unknown,25.00,יחידה,false,,26.90,1.0760,true,1,142446
=======
7290011126957,false,תה ירוק ויסוצקי ארל גריי 25 שקיקים,תה ויסוצקי (ישראל) בעמ,,תה ירוק ארל גריי ויס,Unknown,25.00,יחידה,false,,26.90,1.0760,true,1,142446
>>>>>>> d048ac2f4f281c9d788043ab4e81b61b0dbe3743
7290011132507,false,סן בנדטו- מים מנרליים - מוגז עדין 500 מל,אקווה מינרלה סאן בנדטו ב,,"סן בנדטו מוגז 500 מ""",מיליליטרים,500.00,"100 מ""ל",false,,3.90,0.0078,true,1,135612
7290011133849,true,חבית בירה גולדסטאר2,,,חבית בירה גולדסטאר2,,0.00,,false,,0.00,0.0000,true,1,137450
7290011194215,false,מעדן גבינה ויוגורט בטעם בננה 5% שומן 88 ג' דניאלה,שטראוס גרופ בעמ/מצונן,,דניאלה בננה 150 גרם,גרמים,150.00,100 גרם,false,,4.30,0.0287,true,1,134151
7290011194246,false,קוטג 5% 250 גרם עם סידן שטראוס,שטראוס גרופ בעמ/מצונן,,גבינת קוטג 5% שטראוס,גרמים,250.00,100 גרם,false,,5.90,0.0236,true,1,133716
7290011249212,false,וופל עלמה בלגי לימון 200 גר' ללא סוכר,ח.כהן סוכנות מזון ומשקאות בע,,ופלים בטעם לימון עלמ,גרמים,200.00,100 גרם,false,,3.50,0.0175,true,1,145735
7290011249748,false,רולים גלילי ופל במילוי קרם שוקולד 100 ג' עלמה,ח.כהן סוכנות מזון ומשקאות בע,,רולים שוקו 100 גרם,גרמים,100.00,100 גרם,false,,3.90,0.0390,true,1,143292
7290011249755,false,רולים גלילי ופל במילוי קרם אגוזים 100 ג' עלמה,ח.כהן סוכנות מזון ומשקאות בע,,רולים אגוז 100 גרם,גרמים,100.00,100 גרם,false,,3.90,0.0390,true,1,143293
7290011254063,true,מפעל-עדשים שחורות50,,,מפעל-עדשים שחורות50,,0.00,,false,,2999.00,0.0000,true,1,135919
7290011276010,true,חסה ערבית,,,חסה ערבית,,0.00,,false,,5.00,0.0000,true,1,133037
7290011407506,false,מגבונים לניקוי כללי,א.ש.כ,,מגבונים לניקוי כללי,Unknown,400.00,יחידה,false,,19.90,0.0497,true,1,138252
7290011432775,false,שקית גופיה סופרקופיק,,,שקית גופיה סופרקופיק,Unknown,1.00,יחידה,false,,0.10,0.1000,true,1,147563
7290011438142,false,"משקה יטבתה אייס קפה בבקבוק אישי 350 מ""ל",שטראוס גרופ בעמ/מצונן,,אייס קפה 2% יטבתה 35,מיליליטרים,350.00,"100 מ""ל",false,,6.50,0.0186,true,1,141892
7290011489755,true,בייגלה טבעות עם מלח,,,בייגלה טבעות עם מלח,,0.00,,false,,5.00,0.0000,true,1,134152
7290011489762,true,בייגלה טבעות עם שומש,,,בייגלה טבעות עם שומש,,0.00,,false,,5.00,0.0000,true,1,134153
7290011499129,false,גבינה בולגרית מעודנת קוביות קטנות 5% גד 200 גרם,מחלבות גד שיווק 1992 בעמ,,קוביות גבינה בולגרית,גרמים,200.00,100 גרם,false,,22.90,0.1145,true,1,135275
7290011499327,false,גבינה בולגרית מעודנת 5% 250 גרם - רבנות,מחלבות גד שיווק 1992 בעמ,,‏בולגרית מעודנת 5% 2,גרמים,250.00,100 גרם,false,,23.70,0.0948,true,1,140330
7290011524845,true,עוגיות שקדים ללא תוס,,,עוגיות שקדים ללא תוס,,0.00,,false,,21.90,0.0000,true,1,136008
7290011530105,true,כנפיים ארוזות 350 גר,,,כנפיים ארוזות 350 גר,,0.00,,false,,5.00,0.0000,true,1,132764
7290012004889,true,מפעל-עדשים שחורות מה,,,מפעל-עדשים שחורות מה,,0.00,,false,,2999.00,0.0000,true,1,135943
7290012028472,true,מארז טבק נקסט פיין,,,מארז טבק נקסט פיין,,0.00,,false,,0.00,0.0000,true,1,137295
7290012028663,true,מארז טבק אל.אמ בלו,,,מארז טבק אל.אמ בלו,,0.00,,false,,0.00,0.0000,true,1,137843
7290012028755,true,פאקט-נקסט ריסס ארוך,,,פאקט-נקסט ריסס ארוך,,0.00,,false,,0.00,0.0000,true,1,137296
7290012030574,true,אל אמ מנטה,,,אל אמ מנטה,,0.00,,false,,0.00,0.0000,true,1,137763
7290012123016,true,סושי הוסומאקי צימחונ,,,סושי הוסומאקי צימחונ,,0.00,,false,,5.00,0.0000,true,1,133342
7290012123023,true,סושי אינסייד אאוט,,,סושי אינסייד אאוט,,0.00,,false,,5.00,0.0000,true,1,133343
7290012226120,false,קבנוס זוגלובק (45x3 גרם),נקניק נהריה כשר זוגל,,קבנוס זוגלובק 135 גר,גרמים,135.00,100 גרם,false,,11.90,0.0881,true,1,139781
7290012226939,false,קבנוס עם צ'ילי חריף זוגלובק 135 גרם,נקניק נהריה כשר זוגל,,קבנוס עם צ'ילי חריף,גרמים,135.00,100 גרם,false,,11.90,0.0881,true,1,145042
7290012227172,false,חרמן הודו בדבש וברביקיו זוג במארז 600 ג' זוגלובק,נקניק נהריה כשר זוגל,,זוג פסטרמות במארז חר,גרמים,600.00,100 גרם,false,,26.90,0.0448,true,1,139786
7290012227325,false,סלמי דק דק מעושן איטלקי 120 ג' זוגלובק,זוגלובק שיווק בעמ,,סלמי מעושן דק דק 120,גרמים,120.00,100 גרם,false,,14.90,0.1242,true,1,139788
7290012227912,false,קבנוס מעודן זוגלובק 135 גרם,נקניק זוגלובק נהריה,,קבנוס מעודן 135 גרם,גרמים,135.00,100 גרם,false,,11.90,0.0881,true,1,139790
7290012227998,false,פסטרמה דק דק חזה בקר 120 ג' זוגלובק,זוגלובק שיווק בעמ,,חזה בקר 120 גרם,גרמים,120.00,100 גרם,false,,14.90,0.1242,true,1,139793
7290012228018,false,נקניקיות עוף 400רמי לוי גרם,,,נקניקיות עוף רמי לוי,גרמים,400.00,100 גרם,false,,9.90,0.0248,true,1,158566
7290012228124,false,קבנוס סטיקס עם נגיעות מלח ים סדרת ריינהולד'ס,זוגלובק שיווק בעמ,,קבנוסטיקס - חטיף קבנ,גרמים,50.00,100 גרם,false,,10.90,0.2180,true,1,139794
7290012228223,true,בורקס גבינה 500 גרם,,,בורקס גבינה 500 גרם,,0.00,,false,,10.90,0.0000,true,1,139798
7290012228261,false,נקנקיות קנקרס הודו ועוף ריינהולד'ס זוגלובק 300 ג',זוגלובק שיווק בעמ,,נקניקיות הודו פרמיום,גרמים,300.00,100 גרם,false,,23.90,0.0797,true,1,139800
7290012228278,false,נקנקיות בוקוורסט עוף ובקר ריינהולד'ס 310 ג' זוגלובק,זוגלובק שיווק בעמ,,נקניקיות הודו -בקר (,גרמים,310.00,100 גרם,false,,23.90,0.0771,true,1,139801
7290012228377,true,קבב בסגנון סורי 560,,,קבב בסגנון סורי 560,,0.00,,false,,29.90,0.0000,true,1,142715
7290012228391,true,המבורגר בטחינה גסה 5,,,המבורגר בטחינה גסה 5,,0.00,,false,,29.90,0.0000,true,1,142716
7290012228445,false,קבנוס רמי לוי 135 גר,,,קבנוס רמי לוי 135 גר,גרמים,135.00,100 גרם,false,,9.90,0.0733,true,1,158571
<<<<<<< HEAD
7290012404955,false,נקטר חמוציות ספרינג קולקשן 1.25 ליטר,יפאורה שותפות מובגלת לשיווק,,ספרינג Collection נק,מיליליטרים,1250.00,"100 מ""ל",false,,13.70,0.0110,true,1,143508
7290012413643,false,תה ירוק קמומיל ויסוצקי 25 יחידות,ויסוצקי ירוק,,תה ירוק קמומיל,Unknown,25.00,יחידה,false,,26.90,1.0760,true,1,139836
=======
7290012404955,false,נקטר חמוציות ספרינג קולקשן (1.25 ליטר),יפאורה - שותפות מוגבלת לשיווק,,ספרינג Collection נק,מיליליטרים,1250.00,"100 מ""ל",false,,13.70,0.0110,true,1,143508
7290012413643,false,תה ירוק קמומיל ויסוצקי 25 יחידות,תה ויסוצקי (ישראל) בעמ,,תה ירוק קמומיל,Unknown,25.00,יחידה,false,,26.90,1.0760,true,1,139836
>>>>>>> d048ac2f4f281c9d788043ab4e81b61b0dbe3743
7290012483530,true,עגבניות מקולפות קובי,,,עגבניות מקולפות קובי,,0.00,,false,,5.00,0.0000,true,1,132509
7290012526602,false,כוסות שתיה קרה 100 י,כוסות שתיה קרה 4 ב 1,,כוסות שתיה קרה 100 י,Unknown,100.00,יחידה,false,,7.90,0.0790,true,1,141067
7290012576607,false,"יין קברנה סוביניון פרמייר מלבק אדום ברקן 750 מ""ל","ברקן שיווק והפצה בע""",,יין אדום קברנה סובני,מיליליטרים,750.00,"100 מ""ל",false,,24.90,0.0332,true,1,134164
7290012576614,false,יין Premieur לבן חצי יבש אמרלד ריזלינג קולומברד,יקבי ברקן שיווק והפצה בע,,יין לבן ריזלינג פרמי,מיליליטרים,750.00,"100 מ""ל",false,,24.90,0.0332,true,1,134165
7290012588242,false,"מים מינרלים מיי וואטר כדורגל מארז 500X6מ""ל",נרה קריטיס אס איי באריפט,,מים מינרליים שישייה,Unknown,6.00,יחידה,false,,11.90,1.9833,true,1,139905
7290012696510,true,"ג""ל לניקוי האסלה",,,"ג""ל לניקוי האסלה",,0.00,,false,,5.00,0.0000,true,1,133068
7290012803154,true,מואי גליליות עם קרם,,,מואי גליליות עם קרם,,0.00,,false,,5.00,0.0000,true,1,133158
7290012803192,true,מואי-גליליות עם אייר,,,מואי-גליליות עם אייר,,0.00,,false,,5.00,0.0000,true,1,133481
7290012803215,false,טוסו וופל בלגי ללתס בטעם שוקולד 200 גר`,בטר אנד דיפרנט,,ופל בלגי ללא תוספת ס,גרמים,200.00,100 גרם,false,,9.90,0.0495,true,1,136324
7290012975295,true,פלזית -קופיקס - מכסה,,,פלזית -קופיקס - מכסה,,0.00,,false,,0.00,0.0000,true,1,133696
7290012975301,true,"מכסה לכוס 250 מ""ל קו",,,"מכסה לכוס 250 מ""ל קו",,0.00,,false,,0.00,0.0000,true,1,133697
7290012984419,true,חמישייה טילון שוקו,,,חמישייה טילון שוקו,,0.00,,false,,0.00,0.0000,true,1,134168
7290013027399,false,לחם קמח מלא קל בתוספת שיפון 750 ג' אנג'ל,מאפיית שלמה א. אנג'\ל בע,,לחם קל פרוס 100% קמח,גרמים,750.00,100 גרם,false,,13.90,0.0185,true,1,144906
7290013033220,true,קוסקוס 500 גרם,,,קוסקוס 500 גרם,,0.00,,false,,5.00,0.0000,true,1,132352
7290013038654,true,בירה חבית מכבי קופיק,,,בירה חבית מכבי קופיק,,0.00,,false,,0.00,0.0000,true,1,134169
7290013105646,true,וניל - בסיס לגלידה,,,וניל - בסיס לגלידה,,0.00,,false,,2999.90,0.0000,true,1,143902
7290013121233,true,מאפינס וניל שוקוצ'יפ,,,מאפינס וניל שוקוצ'יפ,,0.00,,false,,6.00,0.0000,true,1,132975
7290013121240,true,מאפינס שוקו שוקוצ'יפ,,,מאפינס שוקו שוקוצ'יפ,,0.00,,false,,6.00,0.0000,true,1,132976
7290013144157,false,תערובת להכנת סחלב 130גרם,א.ל. ייצור ושיווק תבלינים בע`מ,,מיימונס סחלב 130 גרם,גרמים,130.00,100 גרם,false,,9.90,0.0762,true,1,144851
7290013144317,false,מימונס ג'וני גלילית וופל למילוי 18 יחידות,א.ל. ייצור ושיווק תבלינים בע`מ,,ג'וני - גלילית וופל,גרמים,150.00,100 גרם,false,,22.90,0.1527,true,1,138438
7290013144393,false,תמצית אפיה בטעם וניל מימונס (50 מל),א.ל. ייצור ושיווק תבלינים בע`מ,,מימונס תמצית בטעם ונ,גרמים,50.00,100 גרם,false,,4.90,0.0980,true,1,139491
7290013145109,false,שקד מולבן טחון מימונס (100 גרם),א.ל. ייצור ושיווק תבלינים בע`מ,,שקד מולבן טחון 100 ג,גרמים,100.00,100 גרם,false,,13.50,0.1350,true,1,138444
7290013145710,false,מיימונס דובדבנים מסוכרים 100 גרם,א.ל. ייצור ושיווק תבלינים בע`מ,,דובדבנים מסוכרים 100,גרמים,100.00,100 גרם,false,,9.90,0.0990,true,1,138388
7290013145840,false,סוכר וניל מימונס 10יח בצלופן,א.ל. ייצור ושיווק תבלינים בע`מ,,סוכר וניל 10 יח' בצל,גרמים,100.00,100 גרם,false,,2.50,0.0250,true,1,138448
7290013145857,false,אבקת אפיה מימונס 10יח בצלופן,א.ל. ייצור ושיווק תבלינים בע`מ,,אבקת אפיה 10 יח' בצל,גרמים,100.00,100 גרם,false,,2.50,0.0250,true,1,138394
7290013145901,false,סודה לשתיה מימונס (100 גרם),א.ל. ייצור ושיווק תבלינים בע`מ,,"סודה לשתיה כשל""פ 100",גרמים,100.00,100 גרם,false,,2.00,0.0200,true,1,138389
7290013145956,false,שמרים יבשים בוואקום מיימונס 500 גרם,א.ל. ייצור ושיווק תבלינים בע`מ,,שמרים יבשים בואקום 5,גרמים,500.00,100 גרם,false,,13.90,0.0278,true,1,141783
7290013145963,false,שמרים יבשים בוואקום מיימונס 125 גרם,א.ל. ייצור ושיווק תבלינים בע`מ,,מימונס שמרים יבשים ב,גרמים,125.00,100 גרם,false,,5.90,0.0472,true,1,139503
7290013146403,false,סירופ בטעם קרמל מלוח מימונס 500 גרם,א.ל.ייצור ושיווק תבלינים בעמ,,סירופ בטעם קרמל מלוח,גרמים,500.00,100 גרם,false,,17.90,0.0358,true,1,144096
7290013284310,false,רוטב פסטה לילדים פריניר 240 גרם,ח.כהן סוכנות מזון ומשקאות בע,,רוטב פסטה לילדים פרי,גרמים,240.00,100 גרם,false,,5.90,0.0246,true,1,132627
7290013284510,true,מפעל-מלפפון קוביות ב,,,מפעל-מלפפון קוביות ב,קילוגרמים,1.00,"ק""ג",true,,2999.90,2999.9000,true,1,135800
7290013284662,false,רוטב פיצה פיתה לילדים 240 ג' פריניר,ח.כהן סוכנות מזון ומשקאות בע,,רוטב פיצה פיתה פריני,גרמים,240.00,100 גרם,false,,5.90,0.0246,true,1,132628
7290013302236,false,פסטה בילאג'יו פרפלה 500 גרם טעמן,מוצרי יסוד - טעמן,,פסטה בילאג'יו פרפלה,גרמים,500.00,100 גרם,false,,4.90,0.0098,true,1,154422
7290013316554,true,"קרוקנט בוטנים 1 ק""ג",,,"קרוקנט בוטנים 1 ק""ג",,0.00,,false,,2999.90,0.0000,true,1,135763
7290013358363,false,מאסטר שף פרורי לחם פנקו עבים בסגנון יפני 300 גר,קריניציה ויטמינה אס,,פירורי לחם בסגנון יפ,גרמים,300.00,100 גרם,false,,11.90,0.0397,true,1,149128
7290013358530,false,מאסטר שף אסייאתי רוטב צ'ילי מתוק 700 מל כשלפ,קריניציה ויטמינה אס,,רוטב צ'ילי מתוק מאסט,מיליליטרים,700.00,"100 מ""ל",false,,13.90,0.0199,true,1,149158
7290013382740,true,טוסטר להכנה בחנות,,,טוסטר להכנה בחנות,,0.00,,false,,0.00,0.0000,true,1,135100
7290013472199,false,ערמונים קלופים וקלויים 105 גרם,ג.וילי-פוד אינטרנשיונל בעמ,,ערמונים קלופים וקלוי,גרמים,100.00,100 גרם,false,,5.90,0.0590,true,1,133020
7290013472311,true,מקרלים בשמן זית 120,,,מקרלים בשמן זית 120,,0.00,,false,,5.00,0.0000,true,1,133094
7290013472892,false,בולגריה קוביות במי מלח - מרכיבי חלב ושומן צמחי,ג.וילי-פוד אינטרנשיונל **גבינו,,הבולגריה בקוביות 200,גרמים,200.00,100 גרם,false,,11.90,0.0595,true,1,135033
7290013535221,true,ג'ל למדיח מג'יק 1 לי,,,ג'ל למדיח מג'יק 1 לי,,0.00,,false,,13.00,0.0000,true,1,134176
7290013540867,true,מפעל -נתחי טונה בהיר,,,מפעל -נתחי טונה בהיר,קילוגרמים,1.00,"ק""ג",true,,2999.90,2999.9000,true,1,134177
7290013584311,true,ארגז פיקדון של טובור,,,ארגז פיקדון של טובור,,0.00,,false,,0.00,0.0000,true,1,135398
7290013584496,true,ארגז פיקדון טובורג2,,,ארגז פיקדון טובורג2,,0.00,,false,,0.00,0.0000,true,1,135412
7290013608017,true,100% מ.הדרים 2 ליטר,,,100% מ.הדרים 2 ליטר,,0.00,,false,,23.90,0.0000,true,1,141898
7290013608260,false,מיץ רימונים 100%מיץ סחוט טרי מצונן 1ליט,שטראוס גרופ בעמ/מצונן,,מיץ רימונים 100% סחו,מיליליטרים,1000.00,"100 מ""ל",false,,22.90,0.0229,true,1,141159
7290013702036,true,שוופס WATER אפרסק 50,,,שוופס WATER אפרסק 50,,0.00,,false,,0.00,0.0000,true,1,136128
7290013702050,true,שוופס WATER ענבים 50,,,שוופס WATER ענבים 50,,0.00,,false,,0.00,0.0000,true,1,136129
7290013843050,false,כוסות שתיה קרה 100 י,כוסות שתיה קרה 4 ב 1,,כוסות שתיה קרה 100 י,Unknown,100.00,יחידה,false,,7.90,0.0790,true,1,144509
7290013847225,true,מפעל-ס.ק פאוצ נתחי ט,,,מפעל-ס.ק פאוצ נתחי ט,קילוגרמים,1.00,"ק""ג",true,,0.00,0.0000,true,1,136493
7290013847645,false,סטארקיסט שלישיות טונה בשמן זית 80 גר`,סטארקיסט דיפלומט היינץ,,טונה בהירה בשמן זית,גרמים,240.00,100 גרם,false,,19.90,0.0829,true,1,146457
7290013849205,false,כוס קר שקוף קלאסי מצוין - 100 יחידות,כוסות שתיה קרה 4 ב 1,,כוסות שתיה קרה 100 י,Unknown,100.00,יחידה,false,,7.90,0.0790,true,1,149393
<<<<<<< HEAD
7290013906052,false,נקניקיות פרגיות טירת צבי 300 גרם,הנסיך- מפעל לייצור ט,,נקניקיות פרגיות 300,גרמים,300.00,100 גרם,false,,13.90,0.0463,true,1,147677
7290014083806,false,עוגיות בטעם חמאה 350 גרם בפח,וילי פוד,,עוגיות בטעם חמאה 350,גרמים,350.00,100 גרם,false,,12.90,0.0369,true,1,142846
7290014083813,false,וילי פוד מריגה שפרוטים מעושנים בשמן 190ג,הנסיך- מפעל לייצור ט,,שפרוטים מעושנים בשמן,גרמים,190.00,100 גרם,false,,8.90,0.0468,true,1,149846
7290014094864,false,פיסטוק קלוי 170 גר עם קליפה ששון הקולה,"דין שיווק וקלייה בע""",,פיסטוק קלוי 170 גר',גרמים,170.00,100 גרם,false,,19.90,0.1171,true,1,152004
=======
7290014083806,false,עוגיות בטעם חמאה 350 גרם בפח,ג. וילי-פוד אינטרנשיונל בע`מ,,עוגיות בטעם חמאה 350,גרמים,350.00,100 גרם,false,,12.90,0.0369,true,1,142846
7290014083813,false,וילי פוד מריגה שפרוטים מעושנים בשמן 190ג,ג. וילי-פוד אינטרנשיונל בע`מ,,שפרוטים מעושנים בשמן,גרמים,190.00,100 גרם,false,,8.90,0.0468,true,1,149846
7290014094864,false,פיסטוק קלוי 170 גר עם קליפה ששון הקולה,דין שיווק וקליה 2021 בעמ,,פיסטוק קלוי 170 גר',גרמים,170.00,100 גרם,false,,19.90,0.1171,true,1,152004
>>>>>>> d048ac2f4f281c9d788043ab4e81b61b0dbe3743
7290014126145,true,מואי גליליות שוקולד,,,מואי גליליות שוקולד,,0.00,,false,,5.00,0.0000,true,1,133159
7290014126152,true,מואי שכבות ביסקוויט,,,מואי שכבות ביסקוויט,,0.00,,false,,5.00,0.0000,true,1,133482
7290014126725,true,מואי-עוגיות קוקוס עם,,,מואי-עוגיות קוקוס עם,,0.00,,false,,5.00,0.0000,true,1,134189
7290014217188,true,פלפל שחור טחון 25 גר,,,פלפל שחור טחון 25 גר,,0.00,,false,,5.00,0.0000,true,1,132667
7290014236189,true,סבון אסלה כחול בודד,,,סבון אסלה כחול בודד,,0.00,,false,,5.00,0.0000,true,1,132585
7290014356146,true,מפעל-פסטה מסולסלת 5,,,מפעל-פסטה מסולסלת 5,,0.00,,false,,0.00,0.0000,true,1,135911
7290014356245,true,מפעל-שמן קנולה 1 ליט,,,מפעל-שמן קנולה 1 ליט,קילוגרמים,1.00,"ק""ג",true,,0.00,0.0000,true,1,136375
7290014356269,true,מפעל-שמן קנולה 3 ליט,,,מפעל-שמן קנולה 3 ליט,,0.00,,false,,0.00,0.0000,true,1,135892
7290014459281,true,תפוגן 150 גרם,,,תפוגן 150 גרם,,0.00,,false,,5.00,0.0000,true,1,132410
7290014525023,true,מרבה סלים פרוט בטעם,,,מרבה סלים פרוט בטעם,,0.00,,false,,10.90,0.0000,true,1,140950
7290014603028,false,שלגון סולרו שרבט תות-חלבי,"מיוצר ע""י גלידת שטרא",,סולרו תות יחידתי,Unknown,1.00,יחידה,false,,9.90,9.9000,true,1,150684
7290014639560,true,דאודורנט גרנייה מיני,,,דאודורנט גרנייה מיני,,0.00,,false,,5.00,0.0000,true,1,132922
7290014673038,false,תערובת תיבול טוסקנה מימון 120 גרם,א.ל ייצור ושיווק תבלינים בעמ,,תערובת תיבול טוסקנה,גרמים,120.00,100 גרם,false,,11.90,0.0992,true,1,153473
7290014692541,false,צהובה מגורדת גולדן 500 גרם ויליפוד,ג.וילי-פוד אינטרנשיונל **גבינו,,אמה מגורדת 500 גרם E,גרמים,500.00,100 גרם,false,,22.90,0.0458,true,1,142300
7290014692626,true,עוגיות איטלקיות מובח,,,עוגיות איטלקיות מובח,,0.00,,false,,5.00,0.0000,true,1,133069
7290014692749,false,"שמן זית כתית מעולה ויליפוד 750 מ""ל",ג. וילי-פוד אינטרנשיונל בע`מ,,שמן זית כתית מעולה ו,גרמים,750.00,100 גרם,false,,32.90,0.0439,true,1,155585
7290014731486,true,בוחשן כפית 6 000 יח,,,בוחשן כפית 6 000 יח,,0.00,,false,,2999.90,0.0000,true,1,134896
7290014747043,true,עוף טוב פסטרמה חזה ע,,,עוף טוב פסטרמה חזה ע,,0.00,,false,,0.00,0.0000,true,1,137203
7290014748101,true,עוף טוב דלי סלמי איט,,,עוף טוב דלי סלמי איט,,0.00,,false,,0.00,0.0000,true,1,137208
7290014759084,false,גבינת שמנת נפוליאון 16% מופחת שומן תנובה 225 גרם,תנובה מרכז שיתופי לש,,נפוליאון גבינת שמנת,גרמים,225.00,100 גרם,false,,14.90,0.0662,true,1,137287
7290014759497,true,"קוטג 125 5% ""גרם",,,"קוטג 125 5% ""גרם",,0.00,,false,,5.00,0.0000,true,1,133007
<<<<<<< HEAD
7290014759909,false,פטה עיזים 5% פיראוס גביע 250 גרם,"תנובה, מחלבת טנא נוג",,פטה עיזים 5% פיראוס,גרמים,250.00,100 גרם,false,,29.90,0.1196,true,1,154035
7290014759978,false,גבינת קצקבל גלעד 27% תנובה 200 גרם,תנובה חלב,,קצקבל גלעד 27% פלח 2,גרמים,200.00,100 גרם,false,,25.90,0.1295,true,1,144981
7290014760134,false,"מעדן סויה בטעם וניל תנובה 125 מ""ל",תנובה Alternative,,מאגדת מעדן סויה וניל,גרמים,250.00,100 גרם,false,,4.70,0.0188,true,1,144619
7290014760141,false,משקה שקדים תנובה E אלטרנטיב,תנובה Alternative,,משקה שקדים טרי 1 ליט,מיליליטרים,1000.00,"100 מ""ל",false,,14.80,0.0148,true,1,144984
=======
7290014759909,false,פטה עיזים 5% 250 גר`גביע פיראוס תנובה,"תנובה, מחלבת טנא נוג",,פטה עיזים 5% פיראוס,גרמים,250.00,100 גרם,false,,29.90,0.1196,true,1,154035
7290014759978,false,קצ`קאבל פלח גלעד 200 גר`קולקשיין תנובה,"תנובה בע""מ ***",,קצקבל גלעד 27% פלח 2,גרמים,200.00,100 גרם,false,,25.90,0.1295,true,1,144981
7290014760134,false,"מעדן סויה בטעם וניל תנובה 125 מ""ל","תנובה בע""מ ***",,מאגדת מעדן סויה וניל,גרמים,250.00,100 גרם,false,,4.70,0.0188,true,1,144619
7290014760141,false,משקה שקדים טרי תנובה (1 ליטר),"תנובה בע""מ ***",,משקה שקדים טרי 1 ליט,מיליליטרים,1000.00,"100 מ""ל",false,,14.80,0.0148,true,1,144984
>>>>>>> d048ac2f4f281c9d788043ab4e81b61b0dbe3743
7290014761056,false,מעדן שוקולד חלב יולו תנובה 123 גרם,מיוצר עי קונדיטוריית,,מעדן חלב עם שוקולד ח,גרמים,123.00,100 גרם,false,,5.00,0.0407,true,1,134193
7290014761070,false,מעדן שוקולד לבן יולו תנובה 123 גרם,מיוצר עי קונדיטוריית,,מעדן חלב עם שוקולד ל,גרמים,123.00,100 גרם,false,,5.00,0.0407,true,1,134194
7290014761193,false,יוגורט עם פירות יער 1.5% שומן 125 ג' פרילי,תנובה מרכז שיתופי לש,,פרילי פירות יער 1.5%,מיליליטרים,125.00,"100 מ""ל",false,,3.50,0.0280,true,1,155951
7290014761612,false,מעדן שכבות שוקולד מריר ולבן יולו 122 גרם,מיוצר עי קונדיטוריית,,מעדן שכבות שוקולד לב,גרמים,123.00,100 גרם,false,,5.00,0.0407,true,1,135887
7290014761841,true,שטוזים בטעם תות 100,,,שטוזים בטעם תות 100,,0.00,,false,,5.00,0.0000,true,1,132751
7290014761872,true,"חלב קרטון 800 3% מ""ל",,,"חלב קרטון 800 3% מ""ל",,0.00,,false,,5.00,0.0000,true,1,132752
7290014761896,true,לאבנה גלילית פיראוס,,,לאבנה גלילית פיראוס,,0.00,,false,,5.00,0.0000,true,1,132753
7290014762473,true,משקה אורז מועשר 1 לי,,,משקה אורז מועשר 1 לי,,0.00,,false,,5.00,0.0000,true,1,134196
7290014762756,false,גבינת שמנת נפוליאון 16% עם בצל תנובה 225 גרם,תנובה - חלב,,נפוליאון גבינת שמנת,גרמים,225.00,100 גרם,false,,14.90,0.0662,true,1,147034
7290014762800,false,מעדן סויה שוקולד גביע 125 גרם אלטרנטיב,תנובה מרכז שיתופי לש,,מעדן סויה שוקולד גבי,גרמים,125.00,100 גרם,false,,4.70,0.0376,true,1,144623
7290014762817,true,גבינת שמנת נפוליאון,,,גבינת שמנת נפוליאון,,0.00,,false,,5.00,0.0000,true,1,134197
7290014787476,true,מפעל-רוטב סויה קיקומ,,,מפעל-רוטב סויה קיקומ,,0.00,,false,,0.00,0.0000,true,1,136511
7290014855854,true,מגבון בייבי בייסיק מ,,,מגבון בייבי בייסיק מ,,0.00,,false,,9.90,0.0000,true,1,141338
7290014860315,true,מפעל-שומשום שחור קלו,,,מפעל-שומשום שחור קלו,,0.00,,false,,0.00,0.0000,true,1,133801
7290014940901,false,לחם פשוט מלא לילדים פרוס אנג`ל (750 גרם),מאפיית שלמה א. אנג'\ל בע,,לחם פשוט מלא 750 גרם,גרמים,750.00,100 גרם,false,,13.90,0.0185,true,1,144907
7290014945265,true,3 מטליות מיקרופייבר,,,3 מטליות מיקרופייבר,,0.00,,false,,5.00,0.0000,true,1,134199
7290015009034,true,עלי טורטיה מקמח לבן,,,עלי טורטיה מקמח לבן,,0.00,,false,,5.00,0.0000,true,1,132692
7290015033619,true,שקדי מרק 1 ק''ג,,,שקדי מרק 1 ק''ג,,0.00,,false,,2999.90,0.0000,true,1,144708
7290015039222,true,שלישיית נתחי טונה בה,,,שלישיית נתחי טונה בה,,0.00,,false,,5.00,0.0000,true,1,133169
7290015039246,false,נתחי טונה בשמן צמחי רביעיה * 160 ג' וילי פוד,ג.וילי-פוד אינטרנשיונל בעמ,,נתחי טונה בהירה בשמן,גרמים,640.00,100 גרם,false,,21.90,0.0342,true,1,138240
7290015039338,false,נתחי טונה במי מלח רביעיה * 160 ג' וילי פוד,ג.וילי-פוד אינטרנשיונל בעמ,,נתחי טונה במי מלח וי,גרמים,640.00,100 גרם,false,,21.90,0.0342,true,1,138241
7290015039925,true,מיץ לימון משומר 200,,,מיץ לימון משומר 200,,0.00,,false,,5.00,0.0000,true,1,132947
7290015042291,true,"רוטב צ""ימיצ""ורי",,,"רוטב צ""ימיצ""ורי",,0.00,,false,,5.00,0.0000,true,1,134205
7290015057516,true,עוגיות עם מילוי שוקו,,,עוגיות עם מילוי שוקו,,0.00,,false,,5.00,0.0000,true,1,134206
7290015057523,true,עוגיות עם מילוי וניל,,,עוגיות עם מילוי וניל,,0.00,,false,,5.00,0.0000,true,1,134207
7290015139462,true,מיקסים בייגלה מצופה,,,מיקסים בייגלה מצופה,,0.00,,false,,5.00,0.0000,true,1,133844
7290015139479,true,מיקסים שוקולד חלב וא,,,מיקסים שוקולד חלב וא,,0.00,,false,,0.00,0.0000,true,1,133845
7290015139557,true,וופל שוקולד לא מצופה,,,וופל שוקולד לא מצופה,,0.00,,false,,5.00,0.0000,true,1,137892
7290015139731,true,שלשות שוקולד מריר 85,,,שלשות שוקולד מריר85,,0.00,,false,,0.00,0.0000,true,1,137926
7290015139748,true,שלשות שוקולד חלב כשל,,,שלשות שוקולד חלב כשל,,0.00,,false,,0.00,0.0000,true,1,137927
7290015139762,true,שלשות שוקולד מריר עם,,,שלשות שוקולד מריר עם,,0.00,,false,,0.00,0.0000,true,1,134211
7290015193559,false,מעדני המלך אובלטים מלוחים 300 גרם,אם החיטה,,אובלטים מלוחים מעדני,גרמים,300.00,100 גרם,false,,9.90,0.0330,true,1,153465
<<<<<<< HEAD
7290015193832,false,קרקר עם שומשום ארומה 300 גרם,פפושדו,,ארומה קרקר שומשום 30,גרמים,300.00,100 גרם,false,,7.50,0.0250,true,1,143850
7290015193849,false,קרקר עם מלח ארומה 300 גרם,פפושדו,,ארומה קרקר מלח 300גר,גרמים,300.00,100 גרם,false,,7.50,0.0250,true,1,143851
=======
7290015193832,false,קרקר עם שומשום ארומה 300 גרם,רזיט שיווק בעמ,,ארומה קרקר שומשום 30,גרמים,300.00,100 גרם,false,,7.50,0.0250,true,1,143850
7290015193849,false,קרקר עם מלח ארומה 300 גרם,רזיט שיווק בעמ,,ארומה קרקר מלח 300גר,גרמים,300.00,100 גרם,false,,7.50,0.0250,true,1,143851
>>>>>>> d048ac2f4f281c9d788043ab4e81b61b0dbe3743
7290015339360,true,חצאי אפרסק 410 גרם,,,חצאי אפרסק 410 גרם,,0.00,,false,,5.00,0.0000,true,1,132621
7290015339872,true,נתחי טונה טעים בשמן,,,נתחי טונה טעים בשמן,,0.00,,false,,5.00,0.0000,true,1,134217
7290015339889,true,נתחי טונה טעים במים,,,נתחי טונה טעים במים,,0.00,,false,,5.00,0.0000,true,1,134218
7290015395939,false,חטיף אורז בטעם מתוק מלוח 120 גרם,דין שיווק,,חטיף יפני 150 גרם-שש,גרמים,150.00,100 גרם,false,,15.90,0.1060,true,1,147704
7290015437554,true,נתחי טונה בשמן 80 גר,,,נתחי טונה בשמן 80 גר,,0.00,,false,,5.00,0.0000,true,1,133361
7290015470063,true,"קרם גוף 200 מ""ל",,,"קרם גוף 200 מ""ל",,0.00,,false,,5.00,0.0000,true,1,133200
7290015530828,true,חלה מתוקה 250 גרם,,,חלה מתוקה 250 גרם,,0.00,,false,,5.00,0.0000,true,1,132414
7290015553858,true,"מפעל-שומשום בד""ץ 1 ק",,,"מפעל-שומשום בד""ץ 1 ק",,0.00,,false,,0.00,0.0000,true,1,134757
7290015640695,true,"ג""ל לכביסה ירוק 500",,,"ג""ל לכביסה ירוק 500",,0.00,,false,,5.00,0.0000,true,1,132482
7290015640725,true,"תחליב רחצה 500 מ""ל",,,"תחליב רחצה 500 מ""ל",,0.00,,false,,5.00,0.0000,true,1,132464
7290015640732,true,שמפו לכל סוגי השיער,,,שמפו לכל סוגי השיער,,0.00,,false,,5.00,0.0000,true,1,132465
7290015642279,true,חומוס אבו גוש 400 גר,,,חומוס אבו גוש 400 גר,,0.00,,false,,7.70,0.0000,true,1,138450
7290015642712,true,חומוס מסעדות רמי לוי,,,חומוס מסעדות רמי לוי,,0.00,,false,,5.90,0.0000,true,1,144078
7290015642736,true,חציל בטעם כבד רמי לו,,,חציל בטעם כבד רמי לו,,0.00,,false,,5.90,0.0000,true,1,144080
7290015644297,false,שישיית לחמניות פשוט מלא אנג'ל 450 גרם,מאפיית שלמה א. אנג'\ל בע,,לחמניות פשוט מלא אנג,Unknown,6.00,יחידה,false,,11.90,1.9833,true,1,144908
7290015664714,true,תבנית אלומיניום אינג,,,תבנית אלומיניום אינג,,0.00,,false,,8.00,0.0000,true,1,138147
7290015681131,false,שניצלוני גן חיות רמי לוי 600 גרם,רמי לוי,,שניצלוני גן חיות רמי,גרמים,600.00,100 גרם,false,,24.90,0.0415,true,1,145700
7290015835077,false,ברזלית צילינדר רמי לוי 4 יח רמי לוי,פלסטו פוליש,,ברזלית 4 יח במארז,Unknown,4.00,יחידה,false,,7.90,1.9750,true,1,151761
7290015835084,false,ספוג פלא לניקוי רמי לוי 6 יח,רמי לוי,,ספוג פלא לניקוי רמי,Unknown,6.00,יחידה,false,,7.90,1.3167,true,1,138260
7290015835114,false,צמר פלדה רמי לוי 100 גרם,רמי לוי,,צמר פלדה 100 גרם,גרמים,100.00,100 גרם,false,,4.50,0.0450,true,1,147706
7290015835121,false,מטליות רמי לוי 9 יח,רמי לוי,,מטליות רמי לוי 9 יח,Unknown,9.00,יחידה,false,,8.90,0.9889,true,1,138261
7290015858106,false,"ממרח פסטו ביתי 180 גרם ""עללחם""",שטראוס גרופ בעמ/מצונן,,ממרח פסטו ביתי עללחם,גרמים,180.00,100 גרם,false,,16.90,0.0939,true,1,150873
7290015858175,false,ממרח פלפלים קלויים עללחם 180 גרם,שטראוס גרופ בעמ/מצונן,,ממרח פלפלים קלויים ע,גרמים,180.00,100 גרם,false,,16.90,0.0939,true,1,151939
7290015858229,false,"טפנד זיתי קלמטה 180 גרם ""עללחם""",שטראוס גרופ בעמ/מצונן,,טפנד זיתי קלמטה עללח,גרמים,180.00,100 גרם,false,,16.90,0.0939,true,1,151940
7290015858687,false,עללחם ממרח איולי שום 295 גרם,"מדשא תעשיות מזון בע""\מ",,איולי שום עללחם 295,גרמים,295.00,100 גרם,false,,16.90,0.0573,true,1,157733
7290015979641,true,ברוקולי זנזורי,,,ברוקולי זנזורי,,0.00,,false,,0.00,0.0000,true,1,137006
7290016087055,true,רסק עגבניות 100 גרם,,,רסק עגבניות 100 גרם,,0.00,,false,,5.00,0.0000,true,1,134224
<<<<<<< HEAD
7290016087499,false,פריניר עגבניות חתוכות דק שלישיה 3 * 400 גרם,פריניר ) הדס (1987 בעמ,,עגבניות חתוכות דק פר,גרמים,400.00,100 גרם,false,,12.90,0.0323,true,1,140273
=======
7290016087499,false,פריניר עגבניות חתוכות דק שלישיה 3 * 400 גרם,ח.כהן סוכנות מזון ומשקאות בע,,עגבניות חתוכות דק פר,גרמים,400.00,100 גרם,false,,12.90,0.0323,true,1,140273
>>>>>>> d048ac2f4f281c9d788043ab4e81b61b0dbe3743
7290016106107,true,קרקר עגבניות ובזיליק,,,קרקר עגבניות ובזיליק,,0.00,,false,,5.00,0.0000,true,1,134726
7290016155006,true,פילה אמנון,,,פילה אמנון,,0.00,,false,,0.00,0.0000,true,1,134228
7290016188608,false,GIACOBAZZI למברוסקו לבן חצי יבש יקבי כרמל,אגודת הכורמים -כרמל מזרחי,,יין לבן חצי יבש למבר,מיליליטרים,750.00,"100 מ""ל",false,,26.90,0.0359,true,1,140835
7290016197020,true,חיתולים מידה 3 רמי ל,,,חיתולים מידה 3 רמי ל,,0.00,,false,,29.90,0.0000,true,1,142041
7290016197068,true,חיתולים מידה 6 רמי ל,,,חיתולים מידה 6 רמי ל,,0.00,,false,,29.90,0.0000,true,1,142044
7290016197150,true,תבניות לעוגות אישיות,,,תבניות לעוגות אישיות,,0.00,,false,,5.00,0.0000,true,1,136377
7290016233773,true,רוטב טריאקי כשלפ 300,,,רוטב טריאקי כשלפ 300,,0.00,,false,,5.00,0.0000,true,1,135345
7290016246445,false,בארכה טחינה גולמית מעודנת שומשום מלא 310 גם,קבוצת אוסם סחר שותפות מוגבלת,,בארכה טחינה גולמית מ,גרמים,310.00,100 גרם,false,,12.90,0.0416,true,1,140309
7290016272796,false,נייר טואלט רמי לוי 30 יח,,,נייר טואלט רמי לוי 3,Unknown,30.00,יחידה,false,,29.90,0.9967,true,1,142114
7290016272802,false,מגבות נייר רמי לוי 6,,,מגבות נייר רמי לוי 6,Unknown,6.00,יחידה,false,,10.90,1.8167,true,1,142118
7290016272819,false,צמר גפן רמי לוי 100,,,צמר גפן רמי לוי 100,גרמים,100.00,100 גרם,false,,5.90,0.0590,true,1,145074
7290016273106,true,רמי לוי - שוקולד ברו,,,רמי לוי - שוקולד ברו,,0.00,,false,,7.90,0.0000,true,1,138778
7290016304442,true,חצי לחם 100% קמח מלא,,,חצי לחם 100% קמח מלא,,0.00,,false,,5.90,0.0000,true,1,143103
7290016304596,false,לחמניות לסנדביץ 75 גרם,מאפית דוידוביץ ובניו,,לחמניות רגילות דוידו,גרמים,750.00,100 גרם,false,,14.90,0.0199,true,1,147300
7290016437188,true,מטליות לחות לניקוי כ,,,מטליות לחות לניקוי כ,,0.00,,false,,5.00,0.0000,true,1,133835
7290016437355,true,מארז מטלית רב שימושי,,,מארז מטלית רב שימושי,,0.00,,false,,5.00,0.0000,true,1,134663
7290016437362,true,שקית רב שימושית XL 5,,,שקית רב שימושית XL 5,,0.00,,false,,5.00,0.0000,true,1,134664
7290016510683,false,הוואי אל סבון נוזלי בלו סקיי 1 ליטר,טרופיקל דגיל קוסמטיק,,הוואי סבון נוזלי ליד,מיליליטרים,1000.00,"100 מ""ל",false,,10.90,0.0109,true,1,142153
7290016530605,true,מטלית בעירה 5 יחידות,,,מטלית בעירה 5 יחידות,,0.00,,false,,10.90,0.0000,true,1,139814
7290016542516,false,"טוסקניה שיכר תפוחים מוגז חצי יבש 750 מ""ל",קבוצת וקסמן קרקוב פולין,,שיכר תפוחים מוגז 10%,מיליליטרים,750.00,"100 מ""ל",false,,12.90,0.0172,true,1,138041
7290016542530,true,בירה וקסמן בקבוק 500,,,בירה וקסמן בקבוק 500,,0.00,,false,,5.00,0.0000,true,1,135877
7290016542547,true,בירה וקסמן בקבוק 500,,,בירה וקסמן בקבוק 500,,0.00,,false,,0.00,0.0000,true,1,135881
7290016542813,true,סיידר תפוחים -אס 33,,,סיידר תפוחים- אס33,,0.00,,false,,5.00,0.0000,true,1,135182
7290016542844,true,סיידר אגסים - נסיך 3,,,סיידר אגסים - נסיך 3,,0.00,,false,,0.00,0.0000,true,1,134971
7290016553000,true,צנונית,,,צנונית,,0.00,,false,,0.00,0.0000,true,1,134242
7290016609172,false,שעועית לבנה ברוטב עגבניות 335 גר,,,שעועית לבנה אפויה בר,גרמים,580.00,100 גרם,false,,6.90,0.0119,true,1,138896
7290016609189,false,גרעיני תירס 335 גר רמי לוי,,,גרעיני תירס מתוק רמי,גרמים,550.00,100 גרם,false,,6.50,0.0118,true,1,138897
<<<<<<< HEAD
7290016682038,false,"מיץ תפוזים 400 מ""ל ""פריניב""",פרי ניב,,מיץ תפוזים סחוט 100%,מיליליטרים,400.00,"100 מ""ל",false,,9.20,0.0230,true,1,139999
7290016682052,false,"מיץ לימונענע 400 מ""ל ""פריניב""",פרי ניב,,משקה קל לימונענע פרי,מיליליטרים,400.00,"100 מ""ל",false,,9.20,0.0230,true,1,140000
7290016682083,false,"פריניב נקטר תות בננה 400 מ""ל",פרי ניב,,שייק תות בננה 40% פר,מיליליטרים,400.00,"100 מ""ל",false,,9.20,0.0230,true,1,140077
=======
7290016682038,false,"מיץ תפוזים 400 מ""ל ""פריניב""",תנובה - פריניב,,מיץ תפוזים סחוט 100%,מיליליטרים,400.00,"100 מ""ל",false,,9.20,0.0230,true,1,139999
7290016682052,false,"מיץ לימונענע 400 מ""ל ""פריניב""",פריניב תנובה,,משקה קל לימונענע פרי,מיליליטרים,400.00,"100 מ""ל",false,,9.20,0.0230,true,1,140000
7290016682083,false,"פריניב נקטר תות בננה 400 מ""ל",תנובה - פריניב,,שייק תות בננה 40% פר,מיליליטרים,400.00,"100 מ""ל",false,,9.20,0.0230,true,1,140077
>>>>>>> d048ac2f4f281c9d788043ab4e81b61b0dbe3743
7290016733044,false,מטליות ריצפה מיקרופייבר שלישייה רמי לוי,,,סחבת רצפה מיקרופייבר,Unknown,3.00,יחידה,false,,15.90,5.3000,true,1,138254
7290016733686,true,רמי לוי - עוגיות בטע,,,רמי לוי - עוגיות בטע,,0.00,,false,,10.00,0.0000,true,1,142868
7290016823714,true,מנגו,,,מנגו,,0.00,,false,,7.90,0.0000,true,1,142589
7290016967074,false,לחם חיטה מלאה עם גרעינים ודגנים,מאפיית שלמה א. אנג'\ל בע,,לחם חיטה מלאה אנג'ל,גרמים,750.00,100 גרם,false,,14.90,0.0199,true,1,144910
<<<<<<< HEAD
7290017023953,false,"ספרינג אגס תפוח סברס 250 מ""ל",יפאורה שותפות מובגלת לשי,,ספרינג אגס סברס תפוח,מיליליטרים,250.00,"100 מ""ל",false,,3.30,0.0132,true,1,154442
7290017023960,false,"ספרינג פירות טרופים 250 מ""ל בודד",יפאורה שותפות מובגלת לשי,,ספרינג  פירות טרופיי,מיליליטרים,250.00,"100 מ""ל",false,,3.30,0.0132,true,1,154443
=======
7290017023953,false,"ספרינג אגס סברס תפוח 250מ""ל בודד",יפאורה שותפות מוגבלת לשיווק,,ספרינג אגס סברס תפוח,מיליליטרים,250.00,"100 מ""ל",false,,3.30,0.0132,true,1,154442
7290017023960,false,"ספרינג פירות טרופיים 250מ""ל בודד",יפאורה שותפות מוגבלת לשיווק,,ספרינג  פירות טרופיי,מיליליטרים,250.00,"100 מ""ל",false,,3.30,0.0132,true,1,154443
>>>>>>> d048ac2f4f281c9d788043ab4e81b61b0dbe3743
7290017129037,true,אגו שוקולד חלב עם פצ,,,אגו שוקולד חלב עם פצ,,0.00,,false,,3.00,0.0000,true,1,137793
7290017129044,true,חטיף אגו שוקולד חלב,,,חטיף אגו שוקולד חלב,,0.00,,false,,3.00,0.0000,true,1,137794
7290017129112,true,אגו מיקס חטיף תירס מ,,,אגו מיקס חטיף תירס מ,,0.00,,false,,3.90,0.0000,true,1,139864
7290017129167,true,שלשות שוקולד חלב עם,,,שלשות שוקולד חלב עם,,0.00,,false,,0.00,0.0000,true,1,137929
7290017129331,true,פניני טוסטונים צנימי,,,פניני טוסטונים צנימי,,0.00,,false,,6.00,0.0000,true,1,138104
7290017129501,false,אגו מיקס כדורי תירס מצופים שוקולד לבן כרמית 55 גרם,כרמית תעשיות ממתקים בעמ,,אגו מיקס כדורי תירס,גרמים,55.00,100 גרם,false,,3.90,0.0709,true,1,137894
7290017129815,true,מרשמלו מסטיק 100 גרם,,,מרשמלו מסטיק 100 גרם,,0.00,,false,,2.90,0.0000,true,1,139247
7290017252377,true,מאפין במילוי בטעם שו,,,מאפין במילוי בטעם שו,,0.00,,false,,9.90,0.0000,true,1,140708
7290017266527,false,וופל קראנץ' בטעם אגוז עלמה 150 גרם,ח.כהן סוכנות מזון ומשקאות בע,,וופל טבעוני קראנצ' ב,גרמים,150.00,100 גרם,false,,3.50,0.0233,true,1,144879
7290017304885,false,לחם שיפון מחיטה מלאה ללא תוספת סוכר 750 ג' אנג'ל,מאפיית שלמה א. אנג'\ל בע,,לחם שיפון וחיטה מלאה,גרמים,750.00,100 גרם,false,,15.90,0.0212,true,1,144912
7290017513041,true,תה ירוק לימונית לואי,,,תה ירוק לימונית לואי,,0.00,,false,,19.90,0.0000,true,1,143895
7290017513058,true,תה ירוק סיני 20 שקיק,,,תה ירוק סיני 20 שקיק,,0.00,,false,,19.90,0.0000,true,1,143896
7290017516295,false,חטיף חלבון פרוטאין אגוז לוז שוקולד 50 גר,י.איטליאנו אחזקות בעמ,,חטיף חלבון שוקולד עם,גרמים,60.00,100 גרם,false,,10.00,0.1667,true,1,153717
7290017516318,false,חטיפ בריאות פרוטאין שוקולד 50 גר`פנגיאה,י.איטליאנו אחזקות בעמ,,חטיף חלבון בטעם שוקו,גרמים,60.00,100 גרם,false,,10.00,0.1667,true,1,153718
7290017516332,false,חטיפ בריאות פרוטאין חמאת בוטנים 50 גר`פ,י.איטליאנו אחזקות בעמ,,חטיף חלבון עם חמאת ב,גרמים,60.00,100 גרם,false,,10.00,0.1667,true,1,153719
7290017516479,false,חטיפ בריאות וניל קפה 50 גר`פרוטאין פנגי,י.איטליאנו אחזקות בעמ,,חטיף חלבון בטעם וניל,גרמים,60.00,100 גרם,false,,10.00,0.1667,true,1,153720
7290017516509,false,חטיפ בריאות קרמל מלוח 50 גר`פרוטאין פנג,י.איטליאנו אחזקות בעמ,,חטיף חלבון בטעם קרמל,גרמים,60.00,100 גרם,false,,10.00,0.1667,true,1,153721
7290017516547,false,חטיף ליד הקפה טוב הארץ,,,חטיף בטעם שוקולד עם,גרמים,25.00,100 גרם,false,,5.00,0.2000,true,1,153722
7290017516639,false,חטיף חלבון שוקולד חמ,,,חטיף חלבון שוקולד חמ,גרמים,30.00,100 גרם,false,,6.00,0.2000,true,1,153724
7290017589633,false,"רזרב גולד אדישיין קברנה סוביניון 750 מ""ל",טמפו משקאות בעמ,,יין אדום יבש רזרב גו,מיליליטרים,750.00,"100 מ""ל",false,,50.20,0.0669,true,1,142181
7290017599700,true,פמלה קלופה,,,פמלה קלופה,,0.00,,false,,12.00,0.0000,true,1,138234
7290017641621,true,פרוטיז סוכריות חמוצו,,,פרוטיז סוכריות חמוצו,,0.00,,false,,1.50,0.0000,true,1,145989
7290017668086,false,סושי צמחוני,,,סושי צמחוני,Unknown,8.00,יחידה,false,,18.00,2.2500,true,1,152657
7290017696928,true,שזיף צהוב,,,שזיף צהוב,,0.00,,false,,10.00,0.0000,true,1,144388
7290017746128,false,מיני פיתות קלאסי50*10 גר,מאפיית דוידוביץ ובני,,פיתות ביס 10 יחידות,Unknown,10.00,יחידה,false,,13.90,1.3900,true,1,149624
7290017746197,false,לחמניות המבורגר 6יחידות,מאפיית דוידוביץ ובניו בע,,מארז 6 לחמניות המבור,Unknown,6.00,יחידה,false,,16.90,2.8167,true,1,150339
7290017871363,false,פמילי יהלום- פמלי סבון ידיים מועשר בשמן מקדמיה לניקוי וטיפוח עור הידיים,המאפיה של הרמן,,סבון ידיים עם שמן מק,מיליליטרים,500.00,"100 מ""ל",false,,10.90,0.0218,true,1,149245
7290017872919,false,מרמולייט סטיביה לבישול ואפיה במרקם סוכר,"י. כהן בע""מ",,סטיביה לבישול ואפייה,גרמים,200.00,100 גרם,false,,28.90,0.1445,true,1,152034
7290017888026,false,"משקה אננס תפוח גזר פרות & ווג 350 מ""ל",יפאורה שותפות מוגבלת לשיווק,,פרוט & וג' אננס תפוח,מיליליטרים,330.00,"100 מ""ל",false,,7.80,0.0236,true,1,144339
7290017928098,false,בייגלה שטוח מלח 330 גר` מאיר בייגל,מאיר את בייגל,,שטוחלה מלח מאיר בייג,גרמים,330.00,100 גרם,false,,11.90,0.0361,true,1,153029
7290017947105,false,לחם אנג'ל בסגנון אמריקה 500 גרם,מאפיית שלמה א. אנג'\ל בע,,לחם סגנון אמריקה אנג,גרמים,500.00,100 גרם,false,,13.90,0.0278,true,1,146967
7290017947464,false,שמיניית פיתות כוסמין אנג'ל 8*50 גרם,מאפיית שלמה א.אנג'\ל בע\,,פיתות כוסמין אנג'ל 4,Unknown,8.00,יחידה,false,,14.90,1.8625,true,1,151395
<<<<<<< HEAD
7290017947495,false,6 לחמניות כוסמין 450 גרם אנג'ל,מאפיית שלמה א.אנג'\ל,,לחמניות כוסמין 6 יחי,Unknown,6.00,יחידה,false,,14.90,2.4833,true,1,151725
7290017947891,false,לחם אנג'ל כוסמין וחיטה מלאה 750 גרם,מאפיית שלמה א. אנג'\ל בע,,לחם כוסמין וחיטה מלא,גרמים,750.00,100 גרם,false,,14.90,0.0199,true,1,149778
7290017947921,false,לחמניות המבורגר בסגנון אמריקאי מארז 6 יח',מאפיית שלמה א. אנג'\ל בע,,שישיית לחמניות המבור,גרמים,450.00,100 גרם,false,,12.90,0.0287,true,1,146968
7290017947938,false,מיני לחמניות המבורגר בסגנון אמריקה 400 ג' אנג'ל,מאפיית שלמה א. אנג'\ל בע,,8 לחמניות המבורגר בס,גרמים,400.00,100 גרם,false,,13.90,0.0348,true,1,153323
7290018045497,false,בון בון דגנים במילוי קרם שוקולד 480 גרם,monday,,בון בון דגנים 480 גר,גרמים,480.00,100 גרם,false,,22.90,0.0477,true,1,154196
7290018045893,false,בון בון דגנים במילוי קרם נוגט 480 גרם,monday,,בון בון דגנים 480 גר,גרמים,480.00,100 גרם,false,,22.90,0.0477,true,1,154194
=======
7290017947495,false,לחמניות כוסמין 6 יח(450 גר`)אנג`ל,מאפיית שלמה א.אנג'\ל,,לחמניות כוסמין 6 יחי,Unknown,6.00,יחידה,false,,14.90,2.4833,true,1,151725
7290017947891,false,לחם אנג'ל כוסמין וחיטה מלאה 750 גרם,מאפיית שלמה א. אנג'\ל בע,,לחם כוסמין וחיטה מלא,גרמים,750.00,100 גרם,false,,14.90,0.0199,true,1,149778
7290017947921,false,לחמניות המבורגר בסגנון אמריקאי מארז 6 יח',מאפיית שלמה א. אנג'\ל בע,,שישיית לחמניות המבור,גרמים,450.00,100 גרם,false,,12.90,0.0287,true,1,146968
7290017947938,false,מיני לחמניות המבורגר בסגנון אמריקה 400 ג' אנג'ל,מאפיית שלמה א. אנג'\ל בע,,8 לחמניות המבורגר בס,גרמים,400.00,100 גרם,false,,13.90,0.0348,true,1,153323
7290018045893,false,דגני בוקר בון בון במילוי קרם נוגט 480 גר,ר.ב. מוצרי דגנים בעמ,,בון בון דגנים 480 גר,גרמים,480.00,100 גרם,false,,22.90,0.0477,true,1,154194
>>>>>>> d048ac2f4f281c9d788043ab4e81b61b0dbe3743
7290018296202,true,לחם אחיד פלוס כוסמין,,,לחם אחיד פלוס כוסמין,,0.00,,false,,15.90,0.0000,true,1,145970
7290018333112,false,טופי אצבעות מיקס פירות כרמית 402 גרם,כרמית תעשיות ממתקים בעמ,,אריזת טופי אצבעות מי,גרמים,402.00,100 גרם,false,,9.90,0.0246,true,1,150945
7290018440438,false,Calvo טונה בשמן זית פתיחה קלה 3 * 65 גרם,תה ויסוצקי (ישראל) בעמ,,טונה איזי פליפ בשמן,גרמים,195.00,100 גרם,false,,26.90,0.1379,true,1,155695
7290018468425,false,נקניק טבעוני בטעם פיקנטי 100 גרם טירת צבי,תנובה מרכז שיתופי לשיווק תוצרת,,נקניק טבעוני בטעם פי,גרמים,100.00,100 גרם,false,,19.90,0.1990,true,1,157438
7290018471180,false,משקה פרוט& ווג' אננס תפוח גזר 1 ליטר,יפאורה שותפות מוגבלת לשיווק,,פרוט & ווג' אננס תפו,מיליליטרים,1000.00,"100 מ""ל",false,,14.20,0.0142,true,1,151871
7290018471913,false,משקה מוגז פירות תפוחים שוופס 1.5 ליטר,יפאורה - שותפות מוגבלת לשיווק,,שוופס מוגז תפוחים 1.,מיליליטרים,1500.00,"100 מ""ל",false,,9.30,0.0062,true,1,153726
7290018471937,false,שוופס מוגז פירות תות ליים 1.5 ליטר פיקדון,יפאורה - שותפות מוגבלת לשיווק,,שוופס מוגז פירות תות,מיליליטרים,1500.00,"100 מ""ל",false,,9.60,0.0064,true,1,153727
7290018564042,false,שעועית צהובה חתוכה 8,,,שעועית צהובה חתוכה 8,גרמים,800.00,100 גרם,false,,9.90,0.0124,true,1,151667
7290018720011,false,ביסקוויט קרנבל חיות בטעם וניל 250 ג' מעדני מלך,הגביע מוצרי וופלים,,מעדני מלך- קרנבל חיו,גרמים,250.00,100 גרם,false,,6.90,0.0276,true,1,151481
7290018720189,false,מעדני מלך-ביסקוויט קסטה בטעם שוקו 200 גרם,הגביע,,ביסקוויט קסטה מעדני,גרמים,200.00,100 גרם,false,,6.90,0.0345,true,1,156922
7290018720219,false,פצפוצי אורז ללא סוכר מעדני מלך 250 גרם,אשבל מזון פונקציונלי,,פצפוצי אורז ללא סוכר,גרמים,250.00,100 גרם,false,,12.90,0.0516,true,1,156923
<<<<<<< HEAD
7290018835005,false,אקסטרה צ'יפס אורז חום מלא מלח פלפל שמן זית 60 גרם,נוהלס ג'י אס סי.,,אקסטרה צ'יפס אורז חו,גרמים,60.00,100 גרם,false,,7.20,0.1200,true,1,153107
7290018893005,false,"חטיפי בייגלה אפוי בטעם חרדל ודבש, 160 גרם",צ'וקטה Chocketa,,צ'וקטה בייגלה שטוח ח,גרמים,160.00,100 גרם,false,,6.90,0.0431,true,1,153535
7290018893098,false,צ'וקטה עוגויות ביסקוויט מצופה שוקולד חלב 100 גרם,דיסטרופר אוליבייר,,ביסקוויט מצופה שוקול,גרמים,100.00,100 גרם,false,,6.90,0.0690,true,1,154203
7290018893654,false,חטיפי בייגלה דקיקים ופריכים מלח צ'וקטה 200 ג',צ'וקטה Chocketa,,צ'וקטה בייגלה בתוספת,גרמים,200.00,100 גרם,false,,6.90,0.0345,true,1,153489
7290018925416,false,"מיץ לימון ופסיפלורה 400 מ""ל פרימור",קריות זול,,מיץ לימון ופסיפלורה,מיליליטרים,400.00,"100 מ""ל",false,,8.30,0.0208,true,1,156928
7290019056065,false,שוופס מוגז עדין פירות יער 1.5 ליטר פיקדון,"יפאורה תבורי בע""\מ",,שוופס מוגז עדין פירו,מיליליטרים,1500.00,"100 מ""ל",false,,9.00,0.0060,true,1,153730
7290019056072,false,שוופס מוגז עדין אננס 1.5 ליטר פיקדון,מיוצר עי קונדיטוריית,,שוופס מוגז עדין אננס,מיליליטרים,1500.00,"100 מ""ל",false,,9.00,0.0060,true,1,153731
7290019056096,false,שוופס מוגז עדין אפרסק 1.5 ליטר פיקדון,"יפאורה תבורי בע""\מ",,שוופס מוגז עדין אפרס,מיליליטרים,1500.00,"100 מ""ל",false,,9.00,0.0060,true,1,153732
7290019056485,false,ספריג תה ירוק לימון לואיזה 1.5 ליטר פיקדון,"יפאורה תבורי בע""\מ",,ספרינג תה ירוק לימון,מיליליטרים,1500.00,"100 מ""ל",false,,8.80,0.0059,true,1,153748
7290019056546,false,פרוט ווטר אבטיח 1.5 ליטר פיקדון,"יפאורה תבורי בע""\מ",,משקה בטעם אבטיח פרוט,מיליליטרים,1500.00,"100 מ""ל",false,,9.20,0.0061,true,1,153751
7290019056553,false,שישיית מים מינרלים עין גדי 2 ליטר,עין גדי מים מינרליים,,מים מינרלים עין גדי,קילוגרמים,12.00,ליטר,false,,13.80,1.1500,true,1,153752
7290019056560,false,עין גדי 2 ליטר בק' בודד פיקדון,עין גדי מיים מינרלים,,עין גדי 2 ליטר בקבוק,מיליליטרים,2000.00,"100 מ""ל",false,,4.20,0.0021,true,1,154389
7290019056577,false,משקה קל מנגו ספרינג 1.5 ליטר,"יפאורה תבורי בע""\מ",,ספרינג מנגו 1.5 ליטר,מיליליטרים,1500.00,"100 מ""ל",false,,9.80,0.0065,true,1,153716
7290019056584,false,משקה קל תפוזים ספרינג 1.5 ליטר,"יפאורה תבורי בע""\מ",,משקה קל תפוזים ספרינ,מיליליטרים,1500.00,"100 מ""ל",false,,9.80,0.0065,true,1,153753
7290019056591,false,משקה קל ענבים ספרינג 1.5 ליטר,"יפאורה תבורי בע""\מ",,ספרינג ענבים 1.5 ליט,מיליליטרים,1500.00,"100 מ""ל",false,,9.80,0.0065,true,1,153754
7290019056621,false,משקה קל פירות טרופיים ספרינג 1.5 ליטר,"יפאורה תבורי בע""\מ",,ספרינג פירות טרופיים,מיליליטרים,1500.00,"100 מ""ל",false,,9.80,0.0065,true,1,153756
7290019056638,false,משקה קל תות בננה ספרינג 1.5 ליטר,"יפאורה תבורי בע""\מ",,ספרינג תות בננה 1.5,מיליליטרים,1500.00,"100 מ""ל",false,,9.80,0.0065,true,1,153757
7290019056645,false,משקה קל אגס תפוח סברס ספרינג 1.5 ליטר,"יפאורה תבורי בע""\מ",,ספרינג אגס סברס תפוח,מיליליטרים,1500.00,"100 מ""ל",false,,9.80,0.0065,true,1,153758
=======
7290018835005,false,אקסטרה צ'יפס אורז חום מלא מלח פלפל שמן זית 60 גרם,א.ל.ייצור ושיווק תבלינים בעמ,,אקסטרה צ'יפס אורז חו,גרמים,60.00,100 גרם,false,,7.20,0.1200,true,1,153107
7290018893005,false,"חטיפי בייגלה אפוי בטעם חרדל ודבש, 160 גרם",ש.שסטוביץ בעמ,,צ'וקטה בייגלה שטוח ח,גרמים,160.00,100 גרם,false,,6.90,0.0431,true,1,153535
7290018893098,false,צ'וקטה עוגויות ביסקוויט מצופה שוקולד חלב 100 גרם,דיסטרופר אוליבייר,,ביסקוויט מצופה שוקול,גרמים,100.00,100 גרם,false,,6.90,0.0690,true,1,154203
7290018893654,false,חטיפי בייגלה דקיקים ופריכים מלח צ'וקטה 200 ג',ש.שסטוביץ בעמ,,צ'וקטה בייגלה בתוספת,גרמים,200.00,100 גרם,false,,6.90,0.0345,true,1,153489
7290018925416,false,פרימור סחוט לימון ופסיפלורה 400 מל,שטראוס גרופ בעמ/מצונן,,מיץ לימון ופסיפלורה,מיליליטרים,400.00,"100 מ""ל",false,,8.30,0.0208,true,1,156928
7290019056065,false,שוופס מוגז עדין פירות יער 1.5 ליטר פיקדון,יפאורה - שותפות מוגבלת לשיווק,,שוופס מוגז עדין פירו,מיליליטרים,1500.00,"100 מ""ל",false,,9.00,0.0060,true,1,153730
7290019056096,false,שוופס מוגז עדין אפרסק 1.5 ליטר פיקדון,יפאורה - שותפות מוגבלת לשיווק,,שוופס מוגז עדין אפרס,מיליליטרים,1500.00,"100 מ""ל",false,,9.00,0.0060,true,1,153732
7290019056485,false,ספריג תה ירוק לימון לואיזה 1.5 ליטר פיקדון,יפאורה - שותפות מוגבלת לשיווק,,ספרינג תה ירוק לימון,מיליליטרים,1500.00,"100 מ""ל",false,,8.80,0.0059,true,1,153748
7290019056546,false,פרוט ווטר אבטיח 1.5 ליטר פיקדון,יפאורה - שותפות מוגבלת לשיווק,,משקה בטעם אבטיח פרוט,מיליליטרים,1500.00,"100 מ""ל",false,,9.20,0.0061,true,1,153751
7290019056553,false,שישיית מים מינרלים עין גדי 2 ליטר,יפאורה - שותפות מוגבלת לשיווק,,מים מינרלים עין גדי,קילוגרמים,12.00,ליטר,false,,13.80,1.1500,true,1,153752
7290019056560,false,עין גדי מים מינרלים בקבוק 2 ליטר,יפאורה שותפות מוגבלת לשיווק,,עין גדי 2 ליטר בקבוק,מיליליטרים,2000.00,"100 מ""ל",false,,4.20,0.0021,true,1,154389
7290019056577,false,ספרינג קל מנגו 1.5 ליטר פיקדון,יפאורה - שותפות מוגבלת לשיווק,,ספרינג מנגו 1.5 ליטר,מיליליטרים,1500.00,"100 מ""ל",false,,9.80,0.0065,true,1,153716
7290019056584,false,משקה קל תפוזים ספרינג 1.5 ליטר,יפאורה - שותפות מוגבלת לשיווק,,משקה קל תפוזים ספרינ,מיליליטרים,1500.00,"100 מ""ל",false,,9.80,0.0065,true,1,153753
7290019056591,false,משקה קל ענבים ספרינג 1.5 ליטר,יפאורה - שותפות מוגבלת לשיווק,,ספרינג ענבים 1.5 ליט,מיליליטרים,1500.00,"100 מ""ל",false,,9.80,0.0065,true,1,153754
7290019056621,false,משקה קל פירות טרופיים ספרינג 1.5 ליטר,יפאורה - שותפות מוגבלת לשיווק,,ספרינג פירות טרופיים,מיליליטרים,1500.00,"100 מ""ל",false,,9.80,0.0065,true,1,153756
7290019056638,false,משקה קל תות בננה ספרינג 1.5 ליטר,יפאורה - שותפות מוגבלת לשיווק,,ספרינג תות בננה 1.5,מיליליטרים,1500.00,"100 מ""ל",false,,9.80,0.0065,true,1,153757
7290019056645,false,משקה קל ספרינג 1.5 ליטר אגס תפוח סברס,יפאורה - שותפות מוגבלת לשיווק,,ספרינג אגס סברס תפוח,מיליליטרים,1500.00,"100 מ""ל",false,,9.80,0.0065,true,1,153758
>>>>>>> d048ac2f4f281c9d788043ab4e81b61b0dbe3743
7290019056942,false,מים מינרליים טבעיים,יפאורה,,עין גדי 2 ליטר בקבוק,מיליליטרים,2000.00,"100 מ""ל",false,,4.20,0.0021,true,1,154390
7290019056959,false,מי עדן בקבוק מתכווץ שקט 1.5 מ``ל,יפאורה - שותפות מוגבלת לשיווק,,מי עדן 1.5 ליטר,מיליליטרים,1500.00,"100 מ""ל",false,,4.50,0.0030,true,1,154391
7290019056966,false,מי עדן בקבוק פיקדון 1.5 ליטר,תבורי-שותפות מוגבלת לשיווק,,מי עדן 1.5 ליטר,מיליליטרים,1500.00,"100 מ""ל",false,,4.50,0.0030,true,1,154392
7290019056973,false,מי עדן שישיה בק `1.5ליטר פיקדון,יפאורה - שותפות מוגבלת לשיווק,,מים מינרליים מי עדן,מיליליטרים,9000.00,"100 מ""ל",false,,14.70,0.0016,true,1,153761
7290019167020,false,עוגת גבינה עם פירות יער לייט עדן קינוחים 82 גרם,"תנובה בע""מ ***",,עוגת גבינה עם פירות,גרמים,80.00,100 גרם,false,,7.00,0.0875,true,1,157607
7290022005326,true,רמי לוי- ג'לי בטעם ל,,,רמי לוי- ג'לי בטעם ל,,0.00,,false,,4.20,0.0000,true,1,138466
7290055090863,true,סביבון מטבעות שוקולד,,,סביבון מטבעות שוקולד,,0.00,,false,,5.00,0.0000,true,1,139860
7290100240656,false,"פתית שיפון בד""צ חדש 300X24 גר'",יוניליוור ישראל שיווק בע`מ,,פתית שיפון 300 גרם,גרמים,300.00,100 גרם,false,,15.90,0.0530,true,1,144253
7290100246368,true,מפעל-רוטב אלף האיים,,,מפעל-רוטב אלף האיים,,0.00,,false,,2999.90,0.0000,true,1,136161
7290100249512,true,קנור פירה ביתי 260 ג,,,קנור פירה ביתי 260 ג,,0.00,,false,,11.90,0.0000,true,1,144256
7290100410868,true,ליסטרין קולמינט 95 מ,,,ליסטרין קולמינט 95 מ,,0.00,,false,,5.00,0.0000,true,1,133101
7290100681138,false,מארז אפרופו חטיף תירס 3 יחידות,קבוצת אוסם סחר שותפות מוגבלת,,מארז 3 אפרופו 50 גרם,גרמים,150.00,100 גרם,false,,12.90,0.0860,true,1,135332
7290100683392,true,"טייסטרס צ""ויס 50 גרם",,,"טייסטרס צ""ויס 50 גרם",,0.00,,false,,5.00,0.0000,true,1,134246
<<<<<<< HEAD
7290100685341,false,אבקת מרק טעם עוף זך רכיבים טבעיים אסם 400 גרם,"אסם השקעות בע""\מ",,מרק בטעם עוף זך מרכי,גרמים,400.00,100 גרם,false,,16.90,0.0422,true,1,140124
7290100687109,false,במבה במילוי קרם נוגט 60ג' אסם,"אסם השקעות בע""\מ",,במבה במילוי קרם נוגט,גרמים,60.00,100 גרם,false,,4.90,0.0817,true,1,138162
7290100700075,false,פירורי לחם מוזהבים סוגת 200 גרם,"סוגת תעשיות בע""\מ",,פירורי לחם מוזהבים ס,גרמים,200.00,100 גרם,false,,4.90,0.0245,true,1,142725
7290100700396,false,"סוגת אורז יסמין קלאסי 1 ק""ג",האי נאם סי או אל.טי.,,אורז יסמין קלאסי סוג,גרמים,1000.00,100 גרם,false,,12.30,0.0123,true,1,136158
7290100700587,false,"בורגול ""סוגת"" 500 גרם",האי נאם סי או אל.טי.,,בורגול סוגת 500 גרם,גרמים,500.00,100 גרם,false,,6.50,0.0130,true,1,132485
=======
7290100685341,false,אבקת מרק טעם עוף זך רכיבים טבעיים אסם 400 גרם,קבוצת אוסם סחר שותפות מוגבלת,,מרק בטעם עוף זך מרכי,גרמים,400.00,100 גרם,false,,16.90,0.0422,true,1,140124
7290100687109,false,במבה במילוי קרם נוגט 60ג' אסם,קבוצת אוסם סחר-שות.מוגבלת,,במבה במילוי קרם נוגט,גרמים,60.00,100 גרם,false,,4.90,0.0817,true,1,138162
7290100700075,false,פירורי לחם מוזהבים סוגת (200 גרם),"סוגת תעשיות בע""\מ",,פירורי לחם מוזהבים ס,גרמים,200.00,100 גרם,false,,4.90,0.0245,true,1,142725
7290100700396,false,"סוגת אורז יסמין קלאסי 1 ק""ג",האי נאם סי או אל.טי.,,אורז יסמין קלאסי סוג,גרמים,1000.00,100 גרם,false,,12.30,0.0123,true,1,136158
7290100700587,false,בורגול סוגת (500 גרם),האי נאם סי או אל.טי.,,בורגול סוגת 500 גרם,גרמים,500.00,100 גרם,false,,6.50,0.0130,true,1,132485
>>>>>>> d048ac2f4f281c9d788043ab4e81b61b0dbe3743
7290100808503,true,"תמר מג""עול 200 גרם",,,"תמר מג""עול 200 גרם",,0.00,,false,,5.00,0.0000,true,1,133070
7290100822531,true,פלסטרים 100 יחידות,,,פלסטרים 100 יחידות,,0.00,,false,,5.00,0.0000,true,1,132520
7290100924723,true,"ג""ל נתלה לאסלה 50 מ""",,,"ג""ל נתלה לאסלה 50 מ""",,0.00,,false,,5.00,0.0000,true,1,134681
7290100924730,true,"ג""ל נתלה לאסלה 50 מ""",,,"ג""ל נתלה לאסלה 50 מ""",,0.00,,false,,5.00,0.0000,true,1,134682
7290101112723,true,מנבו 3 יחידות,,,מנבו 3 יחידות,,0.00,,false,,5.00,0.0000,true,1,134656
7290101482208,true,משקה אורז אורגני 1 ל,,,משקה אורז אורגני 1 ל,,0.00,,false,,5.00,0.0000,true,1,134247
7290101484080,true,משקה אורז בטעם וניל,,,משקה אורז בטעם וניל,,0.00,,false,,5.00,0.0000,true,1,134248
7290101488316,false,ליידי ספיד סטיק - דאודורנט סטיק לאישה ללא סימן ורוד סטיק 65 גרם,ליידי ספיד סטיק Lady Speed Stick,,דאודורנט סטיק ורוד ל,גרמים,65.00,100 גרם,false,,24.90,0.3831,true,1,140953
7290101551300,false,סילאן טבעי ללא תוספת סוכר בקבוק לחיץ,מכוורת יד מרדכי שטראוס ב,,סילאן טבעי לחיץ 380,גרמים,380.00,100 גרם,false,,14.90,0.0392,true,1,140996
<<<<<<< HEAD
=======
7290101551539,false,יוגורט PRO בטעם אפרסק 0% 20 גרם חלבון בגביע,שטראוס גרופ בעמ/מצונן,,דנונה פרו 20 גר אפרס,גרמים,200.00,100 גרם,false,,6.20,0.0310,true,1,141164
>>>>>>> d048ac2f4f281c9d788043ab4e81b61b0dbe3743
7290101551584,false,תפוצ'יפס קידס מארז 10 יח' * 20 ג',"שטראוס פריטו ליי בע""מ )פ",,מארז תפוצ'יפס קידס 1,גרמים,200.00,100 גרם,false,,15.90,0.0795,true,1,142352
7290101552673,true,גמדים רבעייה טעם בננ,,,גמדים רבעייה טעם בננ,,0.00,,false,,10.80,0.0000,true,1,141907
7290101920038,true,מפעל-סולו אקונומיקה,,,מפעל-סולו אקונומיקה,,0.00,,false,,2999.90,0.0000,true,1,136629
7290101920359,true,אשפתון 75/90 שחור50,,,אשפתון 75/90 שחור50,,0.00,,false,,0.00,0.0000,true,1,133537
7290101921226,true,קופיקס - כפפות ניילו,,,קופיקס - כפפות ניילו,,0.00,,false,,0.00,0.0000,true,1,133543
7290102030330,false,תפוצ`יפס אקסטרא מקסיקני 200 גרם +20 תו,"שטראוס פריטו ליי בע""\מ )",,תפוצ'פס קראנצ מקסיקנ,גרמים,200.00,100 גרם,false,,10.90,0.0545,true,1,139660
7290102138260,true,צילון מתקפל לרכב,,,צילון מתקפל לרכב,,0.00,,false,,5.00,0.0000,true,1,136353
7290102391301,true,יוגורט מולר 1.7% 150,,,יוגורט מולר 1.7% 150,,0.00,,false,,5.00,0.0000,true,1,135105
7290102391325,true,יוגורט מולר 2.8% 150,,,יוגורט מולר 2.8% 150,,0.00,,false,,5.00,0.0000,true,1,135106
7290102393770,true,יוגורט פרי מיני תות,,,יוגורט פרי מיני תות,,0.00,,false,,2.90,0.0000,true,1,135110
7290102394487,true,גבינה צהובה נעם 50 ג,,,גבינה צהובה נעם 50 ג,,0.00,,false,,5.00,0.0000,true,1,135112
7290102397150,true,מולר סיפ אפרסק פסיפל,,,מולר סיפ אפרסק פסיפל,,0.00,,false,,5.00,0.0000,true,1,135122
7290102397532,true,גבינה לבנה 9% טרה 25,,,גבינה לבנה 9% טרה 25,,0.00,,false,,4.70,0.0000,true,1,144341
7290102399154,true,מולר רייס בטעם שוקול,,,מולר רייס בטעם שוקול,,0.00,,false,,5.00,0.0000,true,1,144343
7290102399161,true,מולר רייס בטעם שוקול,,,מולר רייס בטעם שוקול,,0.00,,false,,5.00,0.0000,true,1,144344
7290103681180,false,"יין הר מרלו מיתוג תנשמת 750 מ""ל",החברה המרכזית טלהפצת משקאות בע,,יין אדום יבש הר מרלו,מיליליטרים,750.00,"100 מ""ל",false,,38.90,0.0519,true,1,145926
7290104008955,true,חומץ בלסמי 0.5 ליטר,,,חומץ בלסמי 0.5 ליטר,,0.00,,false,,5.00,0.0000,true,1,133059
<<<<<<< HEAD
7290104061424,false,סלט חומוס עם זעתר אחלה 400 גרם,מיוצר עי קונדיטוריית,,סלט חומוס וזעתר אחלה,גרמים,400.00,100 גרם,false,,11.90,0.0298,true,1,141167
7290104061431,false,סלט חומוס עם צנובר אחלה 400 גרם,"שטראוס גרופ בע""\מ",,חומוס עם צנובר אחלה,גרמים,400.00,100 גרם,false,,11.90,0.0298,true,1,141915
7290104061448,false,סלט חומוס עם חריף אחלה 400 גרם,מיוצר עי קונדיטוריית,,סלט חומוס וחריף אחלה,גרמים,400.00,100 גרם,false,,11.90,0.0298,true,1,141916
7290104066566,false,טחינה שומשום מלא אחלה 500 גר',מיוצר עי קונדיטוריית,,טחינה 500 גרם,גרמים,500.00,100 גרם,false,,14.90,0.0298,true,1,141168
7290104067693,false,אחלה חומוס עם חריף 150 גרם,מיוצר עי קונדיטוריית,,חומוס חריף אחלה 150,גרמים,150.00,100 גרם,false,,5.50,0.0367,true,1,141169
7290104068546,false,גומי מאסט בטעם לימון קולה ללא סוכר 28 ג' עלית,"שטראוס גרופ בע""מ",,מאסט קולה לימון ללא,גרמים,28.00,100 גרם,false,,4.60,0.1643,true,1,134254
=======
7290104061424,false,סלט חומוס עם זעתר אחלה 400 גרם,שטראוס גרופ בעמ/מצונן,,סלט חומוס וזעתר אחלה,גרמים,400.00,100 גרם,false,,11.90,0.0298,true,1,141167
7290104061431,false,סלט חומוס עם צנובר אחלה 400 גרם,שטראוס גרופ בעמ/מצונן,,חומוס עם צנובר אחלה,גרמים,400.00,100 גרם,false,,11.90,0.0298,true,1,141915
7290104061448,false,סלט חומוס עם חריף אחלה 400 גרם,שטראוס גרופ בעמ/מצונן,,סלט חומוס וחריף אחלה,גרמים,400.00,100 גרם,false,,11.90,0.0298,true,1,141916
7290104066566,false,סלט טחינה שומשום מלא 500גר אחלה,שטראוס גרופ בעמ/מצונן,,טחינה 500 גרם,גרמים,500.00,100 גרם,false,,14.90,0.0298,true,1,141168
7290104067693,false,חומוס אחלה עם תוספת חריף 150 גר,שטראוס גרופ בעמ/מצונן,,חומוס חריף אחלה 150,גרמים,150.00,100 גרם,false,,5.50,0.0367,true,1,141169
7290104068546,false,גומי מאסט בטעם לימון קולה ללא סוכר 28 ג' עלית,שטראוס גרופ בע`מ,,מאסט קולה לימון ללא,גרמים,28.00,100 גרם,false,,4.60,0.1643,true,1,134254
>>>>>>> d048ac2f4f281c9d788043ab4e81b61b0dbe3743
7290104721793,true,סקי 5% 50 גרם,,,סקי 5% 50 גרם,,0.00,,false,,5.00,0.0000,true,1,134256
7290104722530,false,תפוצ'יפס בטעם שמנת בצל עלית 200 גרם,"שטראוס פריטו ליי בע""\מ )",,תפוציפס שמנת בצל 200,גרמים,200.00,100 גרם,false,,10.90,0.0545,true,1,139661
7290104930478,true,"אבקת כביסה 1 ק""ג",,,"אבקת כביסה 1 ק""ג",,0.00,,false,,5.00,0.0000,true,1,132461
7290104932304,true,"מסיר אבנית 500 מ""ל T",,,"מסיר אבנית 500 מ""ל T",,0.00,,false,,5.00,0.0000,true,1,138106
7290104932397,true,"מנקה אסלות 500 מ""ל",,,"מנקה אסלות 500 מ""ל",,0.00,,false,,5.00,0.0000,true,1,142058
7290105360878,false,תפוציפס טבעי 50 גרם מארז רביעייה,"שטראוס פריטו ליי בע""\מ )",,תפוצ'יפס טבעי עלית 4,גרמים,200.00,100 גרם,false,,12.50,0.0625,true,1,139851
7290105363602,false,מקלות כיף כף קלאסי עלית (40 גרם),שולן צ'\יקולטה גידה סאן.,,כיף כף מקלות קלאסי 4,גרמים,40.00,100 גרם,false,,5.20,0.1300,true,1,137255
7290105364289,false,מקלות כיף כף פצפוצים עלית 40 גרם,שולן צ'\יקולטה גידה סאן.,,כיף כף מקלות פצפוצים,גרמים,40.00,100 גרם,false,,5.20,0.1300,true,1,137256
7290105364302,false,"עלית חטיף שוקולד כיף כף מקלות אגוזים, 40 גרם",שולן צ'\יקולטה גידה סאן.,,כיף כף מקלות אגוזים,גרמים,40.00,100 גרם,false,,5.20,0.1300,true,1,137257
7290105364678,false,"אקטיביה משקה יוגורט בטעם אפרסק שטראוס 250 מ""ל",שטראוס גרופ בעמ/מצונן,,משקה אקטיביה אפרסק 1,מיליליטרים,250.00,"100 מ""ל",false,,5.10,0.0204,true,1,132819
7290105366047,false,טחינה לבנה אחלה (400 גרם),שטראוס גרופ בעמ/מצונן,,טחינה לבנה 400 גר,גרמים,400.00,100 גרם,false,,15.90,0.0398,true,1,141919
7290105366993,false,סימפוניה גבינת שמנת פלפל שיפקה 5% שטראוס 200 גרם,שטראוס גרופ בעמ/מצונן,,גבינת סימפוניה פילפל,גרמים,200.00,100 גרם,false,,12.40,0.0620,true,1,141177
7290105369451,false,צ'יטוס דולפינים בטעם גבינה 55 גרם,שטראוס פריטו ליי בעמ,,ציטוס דולפינים 55 גר,גרמים,55.00,100 גרם,false,,3.60,0.0655,true,1,146081
7290105439499,false,מאסטר שף מאסטר שף מיונז 480 גר כשלפ,רמיה סי.וי. הולנד,,מאסטר שף מיונז הולנד,גרמים,483.00,100 גרם,false,,11.90,0.0246,true,1,136186
7290105500625,true,"ג""ין בומביי ספייר70",,,"ג""ין בומביי ספייר70",,0.00,,false,,0.00,0.0000,true,1,137731
7290105690456,true,אסם זוג מרק נמס סוף,,,אסם זוג מרק נמס סוף,,0.00,,false,,4.90,0.0000,true,1,140139
7290105690739,true,מרק נמס עגבניות עם א,,,מרק נמס עגבניות עם א,,0.00,,false,,5.00,0.0000,true,1,132416
7290105694775,true,טריקס דגני פירות 480,,,טריקס דגני פירות 480,,0.00,,false,,22.90,0.0000,true,1,140313
<<<<<<< HEAD
7290105694928,false,אבקת מרק בצל רכיבים טבעיים אסם 220 גרם,"אסם השקעות בע""\מ",,אסם אב.מרק בצל ר.טבע,גרמים,220.00,100 גרם,false,,16.90,0.0768,true,1,140128
7290105695024,false,פתיתים אפויים אורז עם אטריות אסם 500 גרם,"אסם השקעות בע""\מ",,אסם פתיתים אפויים או,גרמים,500.00,100 גרם,false,,7.50,0.0150,true,1,142785
=======
7290105694928,false,אבקת מרק בצל רכיבים טבעיים אסם 220 גרם,קבוצת אוסם סחר שותפות מוגבלת,,אסם אב.מרק בצל ר.טבע,גרמים,220.00,100 גרם,false,,16.90,0.0768,true,1,140128
7290105695024,false,פתיתים אפויים אורז עם אטריות אסם 500 גרם,קבוצת אוסם סחר שותפות מוגבלת,,אסם פתיתים אפויים או,גרמים,500.00,100 גרם,false,,7.50,0.0150,true,1,142785
>>>>>>> d048ac2f4f281c9d788043ab4e81b61b0dbe3743
7290105962478,true,מגדים קופיקס -חטיף פ,,,מגדים קופיקס -חטיף פ,,0.00,,false,,5.00,0.0000,true,1,134266
7290105964564,false,חומוס אחלה 400 גרם. שטראוס,שטראוס גרופ בעמ/מצונן,,סלט חומוס אחלה 400 ג,גרמים,400.00,100 גרם,false,,8.90,0.0223,true,1,141923
7290105965738,false,יוגורט לשתיה בטעם תות בננה267 ג' דנונה,שטראוס גרופ בעמ/מצונן,,יוגורט לשתיה 1.5 תות,מיליליטרים,267.00,"100 מ""ל",false,,5.30,0.0199,true,1,134268
7290105968098,false,סלט קולסלאו אחלה (500 גרם),שטראוס גרופ בעמ/מצונן,,קולסלאו 500 גרם,גרמים,500.00,100 גרם,false,,15.90,0.0318,true,1,141184
7290106410251,true,"ג""לי בינס 100 גרם",,,"ג""לי בינס 100 גרם",,0.00,,false,,5.00,0.0000,true,1,132388
7290106411524,true,ממתק חמוץ ומסוכר בטע,,,ממתק חמוץ ומסוכר בטע,,0.00,,false,,5.00,0.0000,true,1,132391
7290106411890,true,ממתק שטיח בטעם קולה,,,ממתק שטיח בטעם קולה,,0.00,,false,,5.00,0.0000,true,1,134273
7290106411913,true,ממתק חמוץ ומסוכר בטע,,,ממתק חמוץ ומסוכר בטע,,0.00,,false,,5.00,0.0000,true,1,132392
7290106411937,true,ממתק חמוץ ומסוכר בטע,,,ממתק חמוץ ומסוכר בטע,,0.00,,false,,5.00,0.0000,true,1,132393
7290106411999,true,ממתק חמוץ ומסוכר בטע,,,ממתק חמוץ ומסוכר בטע,,0.00,,false,,5.00,0.0000,true,1,134275
7290106414051,true,סוכריות גומי דובונים,,,סוכריות גומי דובונים,,0.00,,false,,5.00,0.0000,true,1,132556
7290106415508,true,מטבעות שוקולד,,,מטבעות שוקולד,,0.00,,false,,5.00,0.0000,true,1,133433
7290106520066,false,"רבע לשבע שוקולד חלב במילוי אגוזים עלית 160 גרם בד""צ","הגביע מוצרי וופלים בע""\מ",,רבע לשבע קרם אגוזים,גרמים,160.00,100 גרם,false,,12.90,0.0806,true,1,143044
7290106524439,false,"תפוצ'יפס פופס 60 גרם ""עלית""","שטראוס פריטו ליי בע""\מ )",,תפוצ'יפס פופס 60 גרם,גרמים,60.00,100 גרם,false,,4.30,0.0717,true,1,138144
7290106524682,true,יוגורט אקטיביה 0% או,,,יוגורט אקטיביה 0% או,,0.00,,false,,5.00,0.0000,true,1,132821
7290106525368,false,גלילי וופל רבע לשבע אין סייד אוט 125 גר,"הגביע מוצרי וופלים בע""\מ",,רבע שבע טבעוני שחור,גרמים,125.00,100 גרם,false,,12.90,0.1032,true,1,156438
7290106525382,false,קפה טורקי עלית 125 גר,עלית,,קפה טורקי עלית 125 ג,גרמים,125.00,100 גרם,false,,9.90,0.0792,true,1,140080
7290106528567,false,חטיף תירס גריל דוריטוס (185 גרם),"שטראוס פריטו ליי בע""\מ )",,דוריטוס גריל 185 גרם,גרמים,185.00,100 גרם,false,,8.50,0.0459,true,1,139696
7290106572027,false,קרקר לחמית חמישה דגנים אסם (190 גרם),קבוצת אוסם סחר-שות.מוגבלת,,לחמית חמישה דגנים 19,גרמים,190.00,100 גרם,false,,9.90,0.0521,true,1,143650
7290106574083,true,בובספוג,,,בובספוג,,0.00,,false,,5.00,0.0000,true,1,132933
<<<<<<< HEAD
7290106578692,false,ביסלי במבה מיקס מהדורת אליפות אסם 80 גרם,פרו מן יו פתרונות אר,,במבה ביסלי מיקס 80 ג,גרמים,80.00,100 גרם,false,,4.90,0.0613,true,1,147594
=======
7290106574977,false,בייגלה שטוחים טבעות עם מלח אסם (300 גרם),קבוצת אוסם סחר שותפות מוגבלת,,בייגלה כעכים שטוחים,גרמים,300.00,100 גרם,false,,10.90,0.0363,true,1,138839
7290106578692,false,ביסלי במבה מיקס מהדורת אליפות אסם 80 גרם,קבוצת אוסם סחר שותפות מוגבלת,,במבה ביסלי מיקס 80 ג,גרמים,80.00,100 גרם,false,,4.90,0.0613,true,1,147594
>>>>>>> d048ac2f4f281c9d788043ab4e81b61b0dbe3743
7290106652484,true,בפלות שוקולד ארוכות,,,בפלות שוקולד ארוכות,,0.00,,false,,5.00,0.0000,true,1,143046
7290106656352,true,מאסט תות מגדים 28 גר,,,מאסט תות מגדים 28 גר,,0.00,,false,,4.50,0.0000,true,1,135167
7290106658707,true,מארז 4 אקטיביה 0% או,,,מארז 4 אקטיביה 0% או,,0.00,,false,,0.00,0.0000,true,1,137272
7290106662025,false,תפוציפס טבעי מלח ופלפל 50 גרם,שטראוס פריטו ליי בע`מ,,תפוצ'יפס מלח פלפל 50,גרמים,50.00,100 גרם,false,,4.30,0.0860,true,1,144935
7290106662612,true,Joy מעדן בטעם וניל 3,,,Joy מעדן בטעם וניל 3,,0.00,,false,,5.00,0.0000,true,1,134280
7290106663121,false,"עוגה אישית במילוי קרם חלב ""מילקי קייק"" שטראוס",בובארד איטליה אס.פי.איי,,מילקי קייק 34 גרם,גרמים,34.00,100 גרם,false,,3.10,0.0912,true,1,134281
7290106663183,false,צ'יטוס חטיף טעם גבינה 65ג,שטראוס פריטו ליי בעמ,,ציטוס קראצ בטעם גבינ,גרמים,65.00,100 גרם,false,,3.60,0.0554,true,1,138142
7290106664067,false,לאבנה עם שמן זית וזעתר 10% שטראוס 400 ג',שטראוס גרופ בעמ/מצונן,,לאבנה שמן זית וזעתר,גרמים,400.00,100 גרם,false,,15.60,0.0390,true,1,141190
7290106664548,true,רוטב שמנת עם 4 גבינו,,,רוטב שמנת עם 4 גבינו,,0.00,,false,,10.10,0.0000,true,1,141191
7290106667266,false,חטיף תירס חמוץ חריף דוריטוס (185 גרם),"שטראוס פריטו ליי בע""\מ )",,דוריטוס חמוץ חריף 18,גרמים,185.00,100 גרם,false,,8.50,0.0459,true,1,139662
7290106668577,false,"מיץ לימון טיבעי 250 מ""ל יד מרדכי",האי נאם סי או אל.טי.,,מיץ לימון טבעי 250 מ,מיליליטרים,250.00,"100 מ""ל",false,,8.80,0.0352,true,1,139542
7290106668713,false,יוגורט עם פירות יער 3% שומן 150 ג' דנונה,שטראוס גרופ בעמ/מצונן,,דנונה פירות יער 3% 1,גרמים,150.00,100 גרם,false,,3.90,0.0260,true,1,141194
7290106721920,false,צנצנת מסטיק מאסט בטעם ספירמינט עדין 66 ג' עלית,"שטראוס גרופ בע""\מ.",,"צנצנת ספירמינט לל""ס",גרמים,66.00,100 גרם,false,,10.90,0.1652,true,1,137028
7290106727984,false,"כיף כף פצפצים בגביע 135 גרם ""עלית""",שולן צ'\יקולטה גידה סאן.,,גביע פצפצים 135 גרם,גרמים,135.00,100 גרם,false,,10.60,0.0785,true,1,139104
7290106811775,true,"ג""ל גילוח אדם פריימי",,,"ג""ל גילוח אדם פריימי",,0.00,,false,,5.00,0.0000,true,1,133396
7290106811782,true,"ג""ל גילוח אדם בייסיק",,,"ג""ל גילוח אדם בייסיק",,0.00,,false,,5.00,0.0000,true,1,133397
7290107020084,true,וודקה טרופי 700 מל,,,וודקה טרופי 700 מל,,0.00,,false,,0.00,0.0000,true,1,134745
7290107020763,true,וודקה תיאו אסאי 700,,,וודקה תיאו אסאי 700,,0.00,,false,,0.00,0.0000,true,1,134282
7290107020930,true,"וודקה תיאו ג""בוטיקבה",,,"וודקה תיאו ג""בוטיקבה",,0.00,,false,,0.00,0.0000,true,1,134283
7290107020947,true,"וודקה תיאו ג""בוטיקבה",,,"וודקה תיאו ג""בוטיקבה",,0.00,,false,,0.00,0.0000,true,1,134284
7290107021241,true,וודקה ענבים 700 מל,,,וודקה ענבים 700 מל,,0.00,,false,,0.00,0.0000,true,1,134795
7290107021296,true,וודקה פסח ענבים 1 לי,,,וודקה פסח ענבים 1 לי,,0.00,,false,,0.00,0.0000,true,1,134285
7290107280020,false,שלישיית מטליות לחות לניקוי כללי סנו סושי 50 יחידות,החברה הדרומית לשיווק בעמ,,מטליות לחות לניקוי כ,Unknown,3.00,יחידה,false,,17.90,5.9667,true,1,146175
7290107280792,true,מילוי נוזל כלים ספאר,,,מילוי נוזל כלים ספאר,,0.00,,false,,5.00,0.0000,true,1,133231
7290107305778,true,מזרק משפריץ מים,,,מזרק משפריץ מים,,0.00,,false,,5.00,0.0000,true,1,133167
7290107594455,true,מטען רכב VIMAX גלקסי,,,מטען רכב VIMAX גלקסי,,0.00,,false,,24.90,0.0000,true,1,138482
7290107642439,true,קליק אצבעות וניל שקד,,,קליק אצבעות וניל שקד,,0.00,,false,,5.00,0.0000,true,1,136981
7290107644174,true,נשנושים מיקס 200 גרם,,,נשנושים מיקס 200 גרם,,0.00,,false,,5.00,0.0000,true,1,134286
7290107644723,true,פינוק מרכך שמן קוקוס,,,פינוק מרכך שמן קוקוס,,0.00,,false,,11.90,0.0000,true,1,144262
7290107646154,false,"חטיף קוקומן פצפוצים תלמה 126 גרם מארז 6 יחידות בד""צ",יוניליוור ישראל שיווק בע`מ,,מאגדת חטיף קוקומן פצ,Unknown,6.00,יחידה,false,,13.90,2.3167,true,1,139441
7290107647724,true,קוקומן חום לבן 750 ג,,,קוקומן חום לבן 750 ג,,0.00,,false,,0.00,0.0000,true,1,137667
7290107647786,true,קורנפלקס דבש 500 גרם,,,קורנפלקס דבש 500 גרם,,0.00,,false,,18.90,0.0000,true,1,139531
7290107648523,true,קורנפלקס של כוכבים3,,,קורנפלקס של כוכבים3,,0.00,,false,,0.00,0.0000,true,1,138285
7290107649605,false,קליק אקסטרא לארג שוקולד חלב עם פתיתי תירס ודגנים,יוניליוור ישראל שיווק בע`מ,,קליק טבלה קורנפלקס 8,גרמים,85.00,100 גרם,false,,6.30,0.0741,true,1,139453
7290107649780,false,שלגון שוקובו שוקו 85,"מיוצר ע""\י גלידת שטראוס",,שוקובו שוקולד,Unknown,1.00,יחידה,false,,10.00,10.0000,true,1,145159
7290107649858,false,טילון סופר מגנום וניל ושוקלד לבן,"מיוצר ע""\י גלידת שטראוס",,טילון מגנום לבן,Unknown,1.00,יחידה,false,,11.00,11.0000,true,1,145163
7290107871990,false,פסטה צינורות מהדרין אסם (500 גרם),קבוצת אוסם סחר שותפות מוגבלת,,אסם פסטה צינורות איט,גרמים,500.00,100 גרם,false,,6.50,0.0130,true,1,142792
7290107874632,true,מאגדת שלגון חלבי אימ,,,מאגדת שלגון חלבי אימ,,0.00,,false,,0.00,0.0000,true,1,134302
7290107876889,false,אוסם - במבה במילוי קרם נוגט 45 גרם,קבוצת אוסם סחר שותפות מוגבלת,,במבה במילוי קרם נוגט,גרמים,45.00,100 גרם,false,,4.50,0.1000,true,1,134303
7290107879842,true,ג'ויה שוקולד אגוז,,,ג'ויה שוקולד אגוז,,0.00,,false,,6.00,0.0000,true,1,135528
7290107932080,false,חלב מועשר יוטבתה בבקבוק 3% 1 ליטר,שטראוס גרופ בעמ/מצונן,,חלב מועשר בקבוק 3% י,מיליליטרים,1000.00,"100 מ""ל",false,,7.90,0.0079,true,1,141926
7290107936309,false,דנונה יוגורט 7% יווני לבן 130 ג',שטראוס גרופ בעמ/מצונן,,יוגורט דנונה יווני ל,גרמים,130.00,100 גרם,false,,3.50,0.0269,true,1,141931
7290107936958,false,עד חצות ביסקוויט אצבעות שוקולד 125 גרם,ביסקוויטס טור ד'\אלבון,,עד חצות אצבעות 125 ג,גרמים,125.00,100 גרם,false,,10.90,0.0872,true,1,157141
7290107936965,false,עיגולים עד חצות עם שוקולד חלב 225 גר,ביסקווטרי עוגיות סנט,,עד חצות עיגולים 225,גרמים,225.00,100 גרם,false,,14.80,0.0658,true,1,141015
7290107937542,false,משקה יוגורט אקטיביה עם תות 1.2% שומן,שטראוס גרופ בעמ/מצונן,,משקה אקטיביה תות 1.2,מיליליטרים,250.00,"100 מ""ל",false,,5.10,0.0204,true,1,137289
7290107937627,false,מסטיק מאסט Must קוביות ללא סוכר בטעם מנטה עדינה,שטראוס גרופ בע`מ,,צנצנת קוביות מנטה עד,גרמים,58.00,100 גרם,false,,10.90,0.1879,true,1,137029
7290107938396,false,שמיניית אקטימל תות דיסני בנים 108 גרם,שטראוס גרופ בעמ/מצונן,,אקטימל תות דיסני 8*1,מיליליטרים,800.00,"100 מ""ל",false,,22.70,0.0284,true,1,141202
7290107940467,false,אקטיביה יוגורט קרמי 1.5% דנונה (200 גרם),שטראוס גרופ בעמ/מצונן,,יוגורט 1.5% דנונה אק,גרמים,200.00,100 גרם,false,,4.20,0.0210,true,1,141206
7290107943192,false,"שמנת חמוצה מהערבה 27% שומן 200 מ""ל יטבתה",שטראוס גרופ בעמ/מצונן,,שמנת חמוצה מהערבה 27,מיליליטרים,200.00,"100 מ""ל",false,,4.20,0.0210,true,1,141211
7290107944472,false,סימפוניה גבינה במרקם שמנת 5% שום שמיר,שטראוס גרופ בעמ/מצונן,,סימפוניה שום שמיר 5%,גרמים,200.00,100 גרם,false,,12.40,0.0620,true,1,139881
7290107945165,false,קונפיטורת משמש יד מרדכי 340 גרם,אף.סי תבליני בגליל ב,,קונפיטורת משמש 340 ג,גרמים,340.00,100 גרם,false,,13.90,0.0409,true,1,141021
7290107947565,true,תפוציפס פופס 30 גרם,,,תפוציפס פופס 30 גרם,,0.00,,false,,5.00,0.0000,true,1,138107
<<<<<<< HEAD
=======
7290107950206,false,מעדן דיאט שוקולד שטראוס 130 גרם,שטראוס גרופ בעמ/מצונן,,מעדן שטראוס דיאט שוק,גרמים,130.00,100 גרם,false,,3.40,0.0262,true,1,134960
>>>>>>> d048ac2f4f281c9d788043ab4e81b61b0dbe3743
7290107950510,true,סימפוניה זיתים 9% 20,,,סימפוניה זיתים 9% 20,,0.00,,false,,10.90,0.0000,true,1,141225
7290107951104,false,בפלות ופלים ארוכים בטעם שוקולד,"שטראוס גרופ בע""\מ",,בפלות שוקולד 200 גרם,Unknown,0.00,יחידה,false,,5.50,0.0000,true,1,156456
7290107954709,false,"קונפיטורת פירות יער ""יד מרדכי"" 340 גר'",שטראוס גרופ בע`מ,,קונפיטורת פירות יער,גרמים,340.00,100 גרם,false,,13.90,0.0409,true,1,141025
7290107954976,false,משקה חלב PRO עם קפה 1.5% 25 גרם חלבון בבקבוק,שטראוס גרופ בעמ/מצונן,,יטבתה פרו קפה 350 יט,מיליליטרים,350.00,"100 מ""ל",false,,6.90,0.0197,true,1,141230
7290107957069,false,"מסטיק ע""למה ""בטעם אוכניות 66 גרם צנצנת ""עלית""","שטראוס גרופ בע""\מ",,צנצנת עלמה בטעם אוכמ,גרמים,66.00,100 גרם,false,,10.90,0.1652,true,1,147617
7290107957076,false,"מסטיק ""עלמה"" בטעם ספירמנט 66 גרם צנצנת ""עלית""","שטראוס גרופ בע""\מ",,צנצנת עלמה בטעם ספיר,גרמים,66.00,100 גרם,false,,10.90,0.1652,true,1,147618
7290107957786,true,דנונה עוגת גבינה ותו,,,דנונה עוגת גבינה ותו,,0.00,,false,,3.90,0.0000,true,1,141236
7290107957991,false,מילקי CAKE מיניס קרם חלב בציפוי שוקולד חלב שקית 16X9ג',בובארד איטליה אס.פי.איי,,מילקי מינייס עוגה אי,גרמים,144.00,100 גרם,false,,15.50,0.1076,true,1,141242
7290107974066,false,"עלי טורטיה קמח מלא 20ס""מ 8יח' מאסטר שף 320ג'",אלקאטי קורביישיסי גי,,עלי טורטייה 5 דגנים,גרמים,320.00,100 גרם,false,,10.90,0.0341,true,1,144047
7290107974820,false,ממרח בטעם ספייסי מיונז מאסטר שף 250 גרם,רמיה סי.וי.הולנד,,מנה ממרח ספייסי מתוב,גרמים,252.00,100 גרם,false,,8.90,0.0353,true,1,149163
7290107975346,false,ספיד סטיק - דאודורנט ג'ל לגבר כוח הטבע 85 גרם,קולגייט-פלמוליב,,דאודורנט סטיק ג'ל כח,גרמים,65.00,100 גרם,false,,19.90,0.3062,true,1,144049
7290107979573,true,קוקי ניילון נצמד זוג,,,קוקי ניילון נצמד זוג,,0.00,,false,,10.90,0.0000,true,1,139340
7290108271171,false,מגשית אלומיניום גדול עם מכסה R2 (3 יח'),חגיגית,,מגשית אלומיניום עם מ,Unknown,3.00,יחידה,false,,7.90,2.6333,true,1,138969
7290108271324,true,כוס נייר כתום 50 יחי,,,כוס נייר כתום 50 יחי,,0.00,,false,,8.00,0.0000,true,1,141481
7290108272000,false,כוסות שתיה קרה 100 יחידות,חגיגית,,כוסות שתיה קרה 100 י,Unknown,100.00,יחידה,false,,7.90,0.0790,true,1,138981
7290108272130,false,נייר סנדויץ 25*35 רמי לוי 100 יח,רמי לוי,,נייר סנדויץ 25*35 רמ,Unknown,100.00,יחידה,false,,8.90,0.0890,true,1,138982
7290108272154,false,מרקיות רמי לוי 25 יח,רמי לוי,,מרקיות רמי לוי 25 יח,Unknown,25.00,יחידה,false,,7.90,0.3160,true,1,138984
7290108272185,false,צלחת בינוני רמי לוי 50 יח,רמי לוי,,צלחת בינוני רמי לוי,Unknown,50.00,יחידה,false,,13.90,0.2780,true,1,138987
7290108272192,false,חגיגית - זוג מפות אלבד לבן,רמי לוי,,זוג מפות לבן חלק רמי,Unknown,2.00,יחידה,false,,9.90,4.9500,true,1,138988
7290108273663,false,מגשיות אלומיניום גדולות (5 יח') R33 רמי,רמי לוי,,מגשיות אלומיניום גדו,Unknown,5.00,יחידה,false,,7.30,1.4600,true,1,139001
7290108274059,false,מגשיות אלומיניום קטנות (8 יח') R29 רמי ל,,,מגשיות אלומיניום קטנ,Unknown,8.00,יחידה,false,,7.90,0.9875,true,1,139010
7290108274127,false,שקיות גדולות 100 יח רמי לוי,,,שקיות אשפה 52/65 (10,Unknown,100.00,יחידה,false,,19.90,0.1990,true,1,146379
7290108274608,false,לפתניה 25 יח לבן,,,לפתניה 25 יח לבן,Unknown,25.00,יחידה,false,,3.90,0.1560,true,1,144695
7290108274622,false,לבן מרקיה (25 יח') בסט וליו,,,מרקיות רמי לוי 25 יח,Unknown,25.00,יחידה,false,,7.90,0.3160,true,1,146444
7290108274639,false,צלחות קטנות לבן 50 יחידות-רמי,,,צלחת בינוני רמי לוי,Unknown,50.00,יחידה,false,,13.90,0.2780,true,1,146445
7290108275407,false,כוס שתייה קרה 100 יח-חגיגית,כוסות שתיה קרה 4 ב 1,,כוסות שתיה קרה 100 י,Unknown,100.00,יחידה,false,,7.90,0.0790,true,1,140183
7290108351149,false,ג'ל ניקוי כללי בתוספת אבקת סודה ריח כביסה סנו ג'ט 1.5 ליטר,החברה הדרומית לשיווק בעמ,,גיט ניקוי כללי 1.5 ל,מיליליטרים,1500.00,"100 מ""ל",false,,14.90,0.0099,true,1,142518
7290108351583,false,"סנו - ג'ט פלוס חומץ ג'ל לניקוי אסלות לבנדר 750 מ""ל",החברה הדרומית לשיווק בעמ,,ג'ט לאסלה בתוספת חומ,מיליליטרים,750.00,"100 מ""ל",false,,11.90,0.0159,true,1,139727
7290108351699,false,סנו - ג'ט מטליות לחות לניקוי כללי בתוספת חומץ לבנדר שלישיה,החברה הדרומית לשיווק בעמ,,מארז שלישייה מגבונים,Unknown,50.00,יחידה,false,,20.90,0.4180,true,1,145117
7290108502329,false,רביעיית טונה בשמן זית ויליפוד 4*160 גרם,ג. וילי-פוד אינטרנשיונל בע`מ,,נתחי טונה בהירה בשמן,גרמים,640.00,100 גרם,false,,29.90,0.0467,true,1,156797
7290108502602,true,גבינת שמנת פיקנטית 2,,,גבינת שמנת פיקנטית 2,,0.00,,false,,13.90,0.0000,true,1,139812
7290108502619,true,גבינת שמנת לייט פיקנ,,,גבינת שמנת לייט פיקנ,,0.00,,false,,13.90,0.0000,true,1,139813
7290108502862,false,מלפפונים כבושים במלח 18-25 קטנים ויליפוד 600 גרם,ג. וילי-פוד אינטרנשיונל בע`מ,,מלפפונים כבושים במלח,גרמים,600.00,100 גרם,false,,12.90,0.0215,true,1,145261
7290108503999,false,פרוסות גבינה בטעם גאודה לכריכים וטוסטים ויליפוד 150 גרם,ג.וילי-פוד אינטרנשיונל **גבינו,,פרוסות גבינה בטעם גא,גרמים,150.00,100 גרם,false,,11.90,0.0793,true,1,144172
7290108504378,false,גבינת שמנת עם זיתים ויליפוד 200 גרם,ג.וילי-פוד אינטרנשיונל **גבינו,,גבינת שמנת עם זיתים,גרמים,200.00,100 גרם,false,,13.90,0.0695,true,1,145279
7290108504385,false,גבינת שמנת עם חלפיניו ויליפוד 200 גרם,ג.וילי-פוד אינטרנשיונל **גבינו,,גבינת שמנת עם חלפיני,גרמים,200.00,100 גרם,false,,13.90,0.0695,true,1,145280
7290108504699,false,רביעיית טונה בשמן קנולה פתח קל ויליפוד 4*160 גרם,ג.וילי-פוד אינטרנשיונל בעמ,,נתחי טונה בהירה בשמן,גרמים,640.00,100 גרם,false,,21.90,0.0342,true,1,151376
7290108505375,false,גולדן צהובה פרוסה ויליפוד 400 גרם,ג.וילי-פוד אינטרנשיונל **גבינו,,גבינה צהובה פרוסה גו,גרמים,400.00,100 גרם,false,,21.90,0.0547,true,1,157385
7290108507492,false,קרקרים עם שומשום 105ג רמילוי,,,קרקרים עם שומשום רמי,גרמים,105.00,100 גרם,false,,5.90,0.0562,true,1,150953
7290108507508,false,קרקרים עם תרד ושמיר 105ג רמילוי,,,קרקרים עם תרד ושמיר,גרמים,105.00,100 גרם,false,,5.90,0.0562,true,1,150954
7290108507607,false,גבינת פרמז'ן קשה 27% רמילוי 200גר,,,גבינת פרמז'ן משולשים,גרמים,200.00,100 גרם,false,,23.90,0.1195,true,1,150955
7290108507720,false,מאפה יווני במילוי גבינת פטה 400 גר,,,מאפה יווני במילוי גב,גרמים,400.00,100 גרם,false,,14.90,0.0373,true,1,150958
7290108508451,false,"משקה יוגורט טבעי 3.2% שומן יורו 200 מ""ל",ג.וילי-פוד אינטרנשיונל **גבינו,,משקה יוגורט בטעם טבע,מיליליטרים,200.00,"100 מ""ל",false,,4.90,0.0245,true,1,151459
7290108508765,false,קונכיות פתיתים 400 גרם וילי פוד,ג. וילי-פוד אינטרנשיונל בע`מ,,קונכיות פתיתים ויליפ,גרמים,400.00,100 גרם,false,,6.90,0.0173,true,1,151867
7290108509762,false,חמאת בוטנים 340 גרם בית יוסף,ג. וילי-פוד אינטרנשיונל בע`מ,,חמאת בוטנים ויליפוד,גרמים,340.00,100 גרם,false,,9.90,0.0291,true,1,153506
7290108509939,false,פרוסות פילה טונה בשמן זית כתית מעולה,ג. וילי-פוד אינטרנשיונל בע`מ,,פרוסות פילה טונה 120,גרמים,120.00,100 גרם,false,,13.90,0.1158,true,1,154156
7290108530032,true,כפפת סיליקון,,,כפפת סיליקון,,0.00,,false,,5.00,0.0000,true,1,133350
7290108530100,true,מסטיק מנטה cofix,,,מסטיק מנטה cofix,,0.00,,false,,5.00,0.0000,true,1,132354
7290108530131,true,"מים מינרליים 500 מ""ל",,,"מים מינרליים 500 מ""ל",,0.00,,false,,5.00,0.0000,true,1,132501
7290108530285,true,לחמניית דגנים צפתית,,,לחמניית דגנים צפתית,,0.00,,false,,5.00,0.0000,true,1,132978
7290108530292,true,לחמניית סביח,,,לחמניית סביח,,0.00,,false,,5.00,0.0000,true,1,132979
7290108530315,true,לחמניית אבוקדו,,,לחמניית אבוקדו,,0.00,,false,,5.00,0.0000,true,1,132981
7290108530346,true,כריך מיקס גבינות,,,כריך מיקס גבינות,,0.00,,false,,5.00,0.0000,true,1,132983
7290108530360,true,מוס שוקולד וקצפת,,,מוס שוקולד וקצפת,,0.00,,false,,5.00,0.0000,true,1,132985
7290108530469,true,סט כלי ששת,,,סט כלי ששת,,0.00,,false,,5.00,0.0000,true,1,132563
7290108530513,true,"תפו""א וירקות סגנון ה",,,"תפו""א וירקות סגנון ה",,0.00,,false,,5.00,0.0000,true,1,132951
7290108530537,true,חטיף מוזלי פירות 33,,,חטיף מוזלי פירות,,0.00,,false,,5.00,0.0000,true,1,132632
7290108530759,true,סלט פסטה קר,,,סלט פסטה קר,,0.00,,false,,5.00,0.0000,true,1,133106
7290108530766,true,מסטיק אפרסק cofix,,,מסטיק אפרסק cofix,,0.00,,false,,5.00,0.0000,true,1,132663
7290108530858,true,צידנית,,,צידנית,,0.00,,false,,15.00,0.0000,true,1,133165
7290108530940,true,לחמניית טונה,,,לחמניית טונה,,0.00,,false,,5.00,0.0000,true,1,132993
7290108531046,true,זוג קופסאות פלסטיק ל,,,זוג קופסאות פלסטיק ל,,0.00,,false,,5.00,0.0000,true,1,133211
7290108531053,true,מעמד לנייר מגבת מעץ,,,מעמד לנייר מגבת מעץ,,0.00,,false,,5.00,0.0000,true,1,133181
7290108531060,true,מערוך מעץ,,,מערוך מעץ,,0.00,,false,,5.00,0.0000,true,1,133182
7290108531145,true,מטריה,,,מטריה,,0.00,,false,,5.00,0.0000,true,1,133337
7290108531251,true,עוגת ביסקוויטים,,,עוגת ביסקוויטים,,0.00,,false,,5.00,0.0000,true,1,133251
7290108531282,true,מסטיק באבל גאם cofix,,,מסטיק באבל גאם cofix,,0.00,,false,,5.00,0.0000,true,1,133327
7290108531312,true,סכומון פלסטיק,,,סכומון פלסטיק,,0.00,,false,,5.00,0.0000,true,1,133212
7290108531411,true,פדים קוסמטיים 100 יח,,,פדים קוסמטיים 100 יח,,0.00,,false,,5.00,0.0000,true,1,133221
7290108531497,true,מנגו,,,מנגו,,0.00,,false,,7.90,0.0000,true,1,133279
7290108531633,true,עוגת גבינה עם שוקולד,,,עוגת גבינה עם תוספת,,0.00,,false,,5.00,0.0000,true,1,133328
7290108531671,true,צלוחית נייר,,,צלוחית נייר,,0.00,,false,,2999.90,0.0000,true,1,133452
7290108531688,true,כדורי שוקולד זוג,,,כדורי שוקולד זוג,,0.00,,false,,5.00,0.0000,true,1,133654
7290108531749,true,תבשיל תאילנדי עם אור,,,תבשיל תאילנדי עם אור,,0.00,,false,,5.00,0.0000,true,1,133402
7290108531756,true,תירס מארז,,,תירס מארז,,0.00,,false,,5.00,0.0000,true,1,133417
7290108531763,true,תבשיל מקסיקני,,,תבשיל מקסיקני,,0.00,,false,,5.00,0.0000,true,1,133418
7290108531817,true,"סמבוסק טונה 20 יח ""ב",,,סמבוסק טונה,,0.00,,false,,5.00,0.0000,true,1,133450
7290108531848,true,קופיקס- קפה נטול 1 ק,,,קופיקס- קפה נטול 1 ק,,0.00,,false,,2999.90,0.0000,true,1,133474
7290108531862,true,קופיקס -קינמון טחון,,,קופיקס -קינמון טחון,,0.00,,false,,2999.90,0.0000,true,1,133476
7290108531879,true,קופיקס - משקה שוקול,,,קופיקס - משקה שוקול,,0.00,,false,,0.00,0.0000,true,1,133483
7290108531909,true,מרק אפונה 2.5 ליטר4,,,מרק אפונה 2.5 ליטר4,,0.00,,false,,0.00,0.0000,true,1,133486
7290108531916,true,כוס מרק,,,כוס מרק,,0.00,,false,,0.00,0.0000,true,1,133487
7290108531947,true,מרק עגבניות 2.5 ליטר,,,מרק עגבניות 2.5 ליטר,,0.00,,false,,0.00,0.0000,true,1,133490
7290108532005,true,פלזית -קופיקס- כוס פ,,,פלזית -קופיקס- כוס פ,קילוגרמים,1.00,"ק""ג",true,,0.00,0.0000,true,1,133496
7290108532050,true,ארגז פריטי סושי 5 צמ,,,ארגז סושי 10 אינסייד,,0.00,,false,,5.00,0.0000,true,1,133341
7290108532074,true,כפית פלסטיק,,,כפית פלסטיק,,0.00,,false,,0.00,0.0000,true,1,133503
7290108532081,true,מזלג פלסטיק,,,מזלג פלסטיק,,0.00,,false,,0.00,0.0000,true,1,133504
7290108532098,true,כף פלסטיק,,,כף פלסטיק,,0.00,,false,,0.00,0.0000,true,1,133505
7290108532159,true,סלט ירקות,,,סלט ירוק,,0.00,,false,,5.00,0.0000,true,1,133519
7290108532203,true,ארגז - K משולש חביתה,,,ארגז - K משולש חביתה,,0.00,,false,,0.00,0.0000,true,1,133544
7290108532258,true,"כוס 250 מ""ל 1000 בקר",,,"כוס 250 מ""ל 1000 בקר",,0.00,,false,,2999.90,0.0000,true,1,133704
7290108532296,true,"חמין 5.5 ק""ג 2 יחידו",,,"חמין 5.5 ק""ג 2 יחידו",,0.00,,false,,0.00,0.0000,true,1,133569
7290108532333,true,ארד - קופיקס - ארגז,,,ארגז - C משולש מיקס,,0.00,,false,,0.00,0.0000,true,1,133513
7290108532340,true,ארגז - F לחמניית צפת,,,ארגז - F לחמניית צפת,,0.00,,false,,0.00,0.0000,true,1,133514
7290108532357,true,ארגז - H לחמניית טונ,,,ארגז - H לחמניית טונ,,0.00,,false,,0.00,0.0000,true,1,133515
7290108532388,true,ארד - קופיקס - ארגז,,,ארגז - D משולש מיקס,,0.00,,false,,0.00,0.0000,true,1,133526
7290108532548,true,"פוקצ""ה זעתר",,,"פוקצ""ה זעתר",,0.00,,false,,5.00,0.0000,true,1,133462
7290108532555,true,"פוקצ""ה עגבניות 10 בק",,,"פוקצ""ה עגבניות",,0.00,,false,,5.00,0.0000,true,1,133463
7290108532609,true,גלון תפוזים 4 ליטר,,,גלון תפוזים 4 ליטר,,0.00,,false,,0.00,0.0000,true,1,133570
7290108532661,true,"שני ק""ג עוגיות אלפחו",,,"שני ק""ג עוגיות אלפחו",,0.00,,false,,0.00,0.0000,true,1,133573
7290108532678,true,"זיתים 13 ק""ג דלי",,,"זיתים 13 ק""ג דלי",,0.00,,false,,0.00,0.0000,true,1,133574
7290108532692,true,כוס 8OZ קופיקס,,,כוס 8OZ קופיקס,,0.00,,false,,0.00,0.0000,true,1,133576
7290108532708,true,כוס פלסטיק 330 קופיק,,,כוס פלסטיק 330 קופיק,,0.00,,false,,0.00,0.0000,true,1,133577
7290108532715,true,מכסה לכוס 330 קופיקס,,,מכסה לכוס 330 קופיקס,,0.00,,false,,0.00,0.0000,true,1,133578
7290108532753,true,שקית נייר מאפים,,,שקית נייר מאפים,,0.00,,false,,0.00,0.0000,true,1,133582
7290108533217,true,קופיקס -מקלות קינמון,,,קופיקס -מקלות קינמון,,0.00,,false,,2999.90,0.0000,true,1,133628
7290108533255,true,נס קפה בדלי 500 גרם,,,נס קפה בדלי 500 גרם,,0.00,,false,,2999.90,0.0000,true,1,133632
7290108533279,true,תמצית לשייק טעם בננה,,,תמצית לשייק טעם בננה,,0.00,,false,,2999.90,0.0000,true,1,133634
7290108533323,true,מקל מטאטא שימוש עצמי,,,מקל מטאטא שימוש עצמי,,0.00,,false,,0.00,0.0000,true,1,133639
7290108533330,true,מטליות תפזורת 250 יח,,,מטליות תפזורת 250 יח,,0.00,,false,,0.00,0.0000,true,1,133640
7290108533347,true,קופיקס-מ א - סחבה60,,,קופיקס-מ א - סחבה60,,0.00,,false,,0.00,0.0000,true,1,133641
7290108533361,true,גליל נייר תעשייתי12,,,גליל נייר תעשייתי12,,0.00,,false,,0.00,0.0000,true,1,133643
7290108533378,true,"נייר אפיה 60*40 ס""מ",,,"נייר אפיה 60*40 ס""מ",,0.00,,false,,2999.90,0.0000,true,1,133644
7290108533514,true,כלי עזר להכנת חמין-,,,כלי עזר להכנת חמין-,,0.00,,false,,0.00,0.0000,true,1,133679
7290108533521,true,קולפן מחדד,,,קולפן מחדד,,0.00,,false,,5.00,0.0000,true,1,133680
7290108533545,true,מוס שוקולד,,,מוס שוקולד,,0.00,,false,,0.00,0.0000,true,1,134319
7290108533552,true,מנת קוסקוס,,,מנת קוסקוס,,0.00,,false,,5.00,0.0000,true,1,133693
7290108533569,true,ירקות למנת קוסקוס,,,ירקות למנת קוסקוס,,0.00,,false,,5.00,0.0000,true,1,133694
7290108533576,true,סושי אינסייד אאוט,,,סושי אינסייד אאוט,,0.00,,false,,5.00,0.0000,true,1,133706
7290108533590,true,ארגז סלטים א 10 -בור,,,ארגז סלטים א 10 -בור,,0.00,,false,,5.00,0.0000,true,1,133708
7290108533606,true,ארד - קופיקס - ארגז,,,ארגז סלטים ב 15 - סל,,0.00,,false,,5.00,0.0000,true,1,133709
7290108533637,true,גלון תפוזים 2 ליטר,,,גלון תפוזים 2 ליטר,,0.00,,false,,0.00,0.0000,true,1,133712
7290108533705,true,משפריץ מים,,,משפריץ מים,,0.00,,false,,5.00,0.0000,true,1,133728
7290108533712,true,פנס לד,,,פנס לד,,0.00,,false,,5.00,0.0000,true,1,133729
7290108533774,true,שוקולטה 1 קילו מהדרי,,,שוקולטה 1 קילו מהדרי,,0.00,,false,,0.00,0.0000,true,1,133753
7290108533781,true,משקה קרמל בוטנים 1 ק,,,קרמל וחמאת בוטנים 1,,0.00,,false,,0.00,0.0000,true,1,133754
7290108533804,true,מרק כתום 2.5 ליטר 4,,,מרק כתום 2.5 ליטר 4,,0.00,,false,,0.00,0.0000,true,1,135211
7290108534269,true,אייס פסיפלורה כשלפ,,,אייס פסיפלורה כשלפ,,0.00,,false,,0.00,0.0000,true,1,135538
7290108534283,true,"שוקו כשלפ 1 ק""ג",,,"שוקו כשלפ 1 ק""ג",,0.00,,false,,0.00,0.0000,true,1,135461
7290108534290,true,תמצית לשייק תות כשלפ,,,תמצית לשייק תות כשלפ,,0.00,,false,,0.00,0.0000,true,1,135462
7290108534382,true,גפילטע פיש 160 גרם,,,גפילטע פיש 160 גרם,,0.00,,false,,5.00,0.0000,true,1,134352
7290108534429,true,פאי אגוזים כשלפ,,,פאי אגוזים כשלפ,,0.00,,false,,5.00,0.0000,true,1,134355
7290108534467,true,בקבוק ספורט סופרקופי,,,בקבוק ספורט סופרקופי,,0.00,,false,,5.00,0.0000,true,1,134358
7290108534726,true,מסננת 17*22 סופרקופי,,,מסננת 17*22 סופרקופי,,0.00,,false,,5.00,0.0000,true,1,134372
7290108534764,true,אייס לימונענע 12 יחי,,,אייס לימונענע 12 יחי,,0.00,,false,,2999.90,0.0000,true,1,134373
7290108534856,true,עוגיות וניל עוגיות2,,,עוגיות וניל עוגיות2,,0.00,,false,,0.00,0.0000,true,1,133815
7290108534894,true,כרטיס נטען,,,כרטיס נטען,,0.00,,false,,0.00,0.0000,true,1,134381
7290108534986,true,סטנד אבזרי מטבח מסיל,,,סטנד אבזרי מטבח מסיל,,0.00,,false,,0.00,0.0000,true,1,136883
7290108535006,true,מרית,,,מרית,,0.00,,false,,5.00,0.0000,true,1,134387
7290108535235,true,סטנד כלי כתיבה,,,סטנד כלי כתיבה,,0.00,,false,,0.00,0.0000,true,1,134402
7290108536836,true,כפפות צמר,,,כפפות צמר,,0.00,,false,,5.00,0.0000,true,1,134760
7290108536935,true,קוצץ בצל,,,קוצץ בצל,,0.00,,false,,5.00,0.0000,true,1,134430
7290108537680,true,כבל לטעינה אייפון,,,כבל לטעינה אייפון,,0.00,,false,,5.00,0.0000,true,1,134652
7290108537918,true,סטנד משקפי קריאה,,,סטנד משקפי קריאה,,0.00,,false,,0.00,0.0000,true,1,136884
7290108538182,true,סכין גילוח כחול 5 יח,,,סכין גילוח כחול 5 יח,,0.00,,false,,5.00,0.0000,true,1,134481
7290108538366,true,מארז כפיות 100 יחידו,,,מארז כפיות 100 יחידו,,0.00,,false,,5.00,0.0000,true,1,135503
7290108538519,true,"כוסות ח""פ לשתייה חמה",,,"כוסות ח""פ לשתייה חמה",,0.00,,false,,5.00,0.0000,true,1,134497
7290108538694,true,סלט פסטה פסטו עם גבי,,,סלט פסטה פסטו עם גבי,,0.00,,false,,5.00,0.0000,true,1,133830
7290108539615,true,לחמניית סלט ביצים Cf,,,לחמניית סלט ביציםCf,,0.00,,false,,5.00,0.0000,true,1,135003
7290108539660,true,חמין העדה החרדית5.,,,חמין העדה החרדית5.,,0.00,,false,,0.00,0.0000,true,1,135096
7290108539844,true,מרק קיטניות 2.5 ליטר,,,מרק קיטניות 2.5 ליטר,,0.00,,false,,2999.00,0.0000,true,1,135219
7290109351186,true,אטריות דקיקות 500 גר,,,אטריות דקיקות 500 גר,,0.00,,false,,5.00,0.0000,true,1,134538
7290109353456,true,מפעל-עסיס חומץ טבעי,,,מפעל-עסיס חומץ טבעי,,0.00,,false,,2999.90,0.0000,true,1,135931
7290109354101,false,קרקר לחמית ללא גלוטן 200 גר אסם,קבוצת אוסם סחר שותפות מוגבלת,,לחמית ללא גלוטן 200,גרמים,200.00,100 גרם,false,,10.90,0.0545,true,1,143676
7290109356082,true,מפעל-עסיס מיץ לימון,,,מפעל-עסיס מיץ לימון,,0.00,,false,,2999.90,0.0000,true,1,135435
7290109356297,true,טחינה צבר 200 גרם,,,טחינה צבר 200 גרם,,0.00,,false,,5.00,0.0000,true,1,135381
7290109580098,false,קבנוס בטעם סרירצ'ה זוגלובק 135 גרם,נקניק זוגלובק נהריה,,קבנוס בטעם סרירצ'ה ז,גרמים,135.00,100 גרם,false,,11.90,0.0881,true,1,155223
7290110111045,true,בירה קרלסברג 6*330 מ,,,בירה קרלסברג 6*330 מ,,0.00,,false,,29.90,0.0000,true,1,138602
7290110111656,true,פריגת ענבים פחית 250,,,פריגת ענבים פחית 250,,0.00,,false,,5.00,0.0000,true,1,142151
7290110111755,true,פריגת תות בננה פחית,,,פריגת תות בננה פחית,,0.00,,false,,5.00,0.0000,true,1,142152
7290110114961,false,משקה קל בטעם תפוזים פריגת (1.5 ליטר),החברה המרכזית להפצת משקאות בעמ,,פריגת תפוזים 1.5 ליט,מיליליטרים,1500.00,"100 מ""ל",false,,10.20,0.0068,true,1,153767
7290110114985,false,משקה קל בטעם אשכוליות פריגת (1.5 ליטר),החברה המרכזית להפצת משקאות בעמ,,פריגת אשכוליות 1.5 ל,מיליליטרים,1500.00,"100 מ""ל",false,,10.20,0.0068,true,1,153769
7290110115029,false,משקה קל בטעם תפוחים פריגת (1.5 ליטר),החברה המרכזית להפצת משקאות בעמ,,פריגת תפוחים 1.5 ליט,מיליליטרים,1500.00,"100 מ""ל",false,,10.20,0.0068,true,1,153772
7290110115081,false,פריגת צלול ענבים 1.5 ליטר פיקדון,החברה המרכזית להפצת משקאות בעמ,,פריגת צלול בטעם ענבי,מיליליטרים,1500.00,"100 מ""ל",false,,8.80,0.0059,true,1,153777
7290110115272,false,ZERO ספרייט 1.5 ליטר פיקדון,החברה המרכזית להפצת משקאות בעמ,,ספרייט זירו בקבוק 1.,מיליליטרים,1500.00,"100 מ""ל",false,,8.60,0.0057,true,1,153792
7290110116552,false,ספרייט לימון היט 1.5 ליטר LIME פיקדון,החברה המרכזית להפצת משקאות בעמ,,ספרייט למון היט 1.5,מיליליטרים,1500.00,"100 מ""ל",false,,9.50,0.0063,true,1,157724
7290110116569,false,ספרייט זירו 1.5 ליטר LEMON HIT פיקדון,החברה המרכזית להפצת משקאות בעמ,,ספרייט זירו למון היט,מיליליטרים,1500.00,"100 מ""ל",false,,8.60,0.0057,true,1,157723
7290110320140,true,גבינת סויה בטעם טבעי,,,גבינת סויה בטעם טבעי,,0.00,,false,,9.70,0.0000,true,1,140002
7290110320164,true,גבינת סויה עם שום שמ,,,גבינת סויה עם שום שמ,,0.00,,false,,9.70,0.0000,true,1,140003
7290110320850,false,פתיתים גבינה חצי קשה מגורדת 28% שומן,תנובה מרכז שיתופי לש,,גבינת עמק 28% שומן פ,גרמים,200.00,100 גרם,false,,15.90,0.0795,true,1,137570
7290110320867,false,פתיתים גבינה חצי קשה מגורדת 28% שומן,תנובה מרכז שיתופי לש,,פתיתי עמק 28% שומן,גרמים,500.00,100 גרם,false,,29.90,0.0598,true,1,147190
7290110320935,false,פרוסות מוצרלה 150 גר`קולקשיין תנובה,תנובה מרכז שיתופי לש,,פרוסות מוצרלה מחלב ב,גרמים,150.00,100 גרם,false,,18.90,0.1260,true,1,144985
7290110321031,false,מעדן חלב GO יוגורט מועשר בחלבון טבעי 200 ג' יופלה,"תנובה, מחלבת אלון תב",,יופלה GO יוגורט מועש,גרמים,200.00,100 גרם,false,,6.30,0.0315,true,1,140004
7290110321680,false,יוגורט GO בטעם תות 20 גרם חלבון בגביע,מיוצר עי קונדיטוריית,,יוגורט 2.9% תות גו 2,גרמים,200.00,100 גרם,false,,5.90,0.0295,true,1,140007
7290110321697,false,יוגורט GO בטעם אפרסק 20 גרם חלבון בגביע,מיוצר עי קונדיטוריית,,יוגורט 2.9% אפרסק גו,גרמים,200.00,100 גרם,false,,5.90,0.0295,true,1,140008
7290110321703,false,יוגורט עם פירות יער בתוספת חלבוני חלב 2% שומן,מיוצר עי קונדיטוריית,,יוגורט 2.9% פירות יע,גרמים,200.00,100 גרם,false,,5.90,0.0295,true,1,140009
<<<<<<< HEAD
7290110323301,false,טל העמק בסגנון אמנטל 32% שומן 200 גרם,פ.פ.ח. שאביט,,גבינת טל העמק 32% שו,גרמים,200.00,100 גרם,false,,19.90,0.0995,true,1,144634
7290110323592,false,יופלה יוגורט עם אפרסק מופחת קלוריות 200 ג' GO,יופלה Yoplait,,יוגורט לייט 0.5% מוע,גרמים,200.00,100 גרם,false,,5.90,0.0295,true,1,144637
=======
7290110323301,false,טל העמק בסגנון אמנטל 32% שומן 200 גרם,"תנובה בע""מ ***",,גבינת טל העמק 32% שו,גרמים,200.00,100 גרם,false,,19.90,0.0995,true,1,144634
7290110323592,false,יופלה יוגורט עם אפרסק מופחת קלוריות 200 ג' GO,תנובה בעמ ***,,יוגורט לייט 0.5% מוע,גרמים,200.00,100 גרם,false,,5.90,0.0295,true,1,144637
>>>>>>> d048ac2f4f281c9d788043ab4e81b61b0dbe3743
7290110324841,false,מעדן שקדים עם שוקולד מריר תנובה 125 גרם,מיוצר עי קונדיטוריית,,מעדן שקדים שוקולד מר,גרמים,125.00,100 גרם,false,,4.50,0.0360,true,1,150893
7290110324858,false,מעדן שקדים בטעם אגוזי לוז תנובה 125 גרם,מיוצר עי קונדיטוריית,,מעדן שקדים אגוזי לוז,גרמים,125.00,100 גרם,false,,4.50,0.0360,true,1,150894
7290110324926,false,משקה סויה ללא תוספת סוכר E אלטרנטיב,תנובה מרכז שיתופי לש,,משקה סויה ללא תוספת,מיליליטרים,1000.00,"100 מ""ל",false,,11.90,0.0119,true,1,144657
7290110325305,false,יופלה GO סויה 20 גרם חלבון במתיקות מעודנת תנובה 200 גרם,מיוצר עי קונדיטוריית,,מעדן סויה גו מועשר ב,גרמים,200.00,100 גרם,false,,5.90,0.0295,true,1,150895
7290110325619,false,משקה שיבולת שועל תנובה E אלטרנטיב,מיוצר עי קונדיטוריית,,משקה שיבולת שועל 1 ל,מיליליטרים,1000.00,"100 מ""ל",false,,14.80,0.0148,true,1,149288
7290110326210,false,יופלה און טופ פצפוצים תנובה 157 גרם,מיוצר עי קונדיטוריית,,יופלה און טופ פצפוצי,גרמים,157.00,100 גרם,false,,5.50,0.0350,true,1,146935
7290110326227,false,יופלה און טופ קורנפלקס תנובה 157 גרם,מיוצר עי קונדיטוריית,,יופלה און טופ קורנפל,גרמים,157.00,100 גרם,false,,5.50,0.0350,true,1,146936
<<<<<<< HEAD
7290110326982,false,משקה חלב עם שוקולד קלאסי YOLO 1 ליטר,תנובה מרכז שיתופי לש,,משקה חלב עם שוקולד ק,מיליליטרים,1000.00,"100 מ""ל",false,,13.90,0.0139,true,1,149921
=======
7290110326982,false,משקה חלב עם שוקולד קלאסי יולו 1 ליטר,תנובה מרכז שיתופי לש,,משקה חלב עם שוקולד ק,מיליליטרים,1000.00,"100 מ""ל",false,,13.90,0.0139,true,1,149921
>>>>>>> d048ac2f4f281c9d788043ab4e81b61b0dbe3743
7290110327033,false,משקה סויה תנובה גו מועשר בחלבון במתיקות מופחתת,מיוצר עי קונדיטוריית,,משקה סויה מועשר בחלב,מיליליטרים,1000.00,"100 מ""ל",false,,14.80,0.0148,true,1,149922
7290110327064,false,משקה אייס קפה שיבולת שועל בטעם קרמל 1 ל' ALTERNATIVE,תנובה מרכז שיתופי לש,,"אייס קפה ש""ש קרמל 1",מיליליטרים,1000.00,"100 מ""ל",false,,11.90,0.0119,true,1,155847
7290110327408,false,יוגורט יופלה גו לייט,מיוצר עי קונדיטוריית,,יוגורט 1% מועשר קוקו,גרמים,200.00,100 גרם,false,,5.90,0.0295,true,1,150878
7290110327514,false,alternative משקה שיבולת שועל בטעם אגוזי לוז תנובה 1 ליטר,תנובה מרכז שיתופי לש,,משקה שיבולת שועל אגו,מיליליטרים,1000.00,"100 מ""ל",false,,14.80,0.0148,true,1,152847
7290110328016,false,משקה סויה מועשר בחלבון בטעם אגוזי לוז 250 גרם,תנובה מרכז שיתופי לש,,משקה סויה מועשר בחלב,מיליליטרים,250.00,"100 מ""ל",false,,6.90,0.0276,true,1,150882
7290110328627,false,יוגורט יופלה GO במרקם סמיך בטעם בננה קרמל 0%,מיוצר עי קונדיטוריית,,יוגורט גו סמיך בננה,גרמים,200.00,100 גרם,false,,5.90,0.0295,true,1,153417
7290110328764,false,יוגורט יופלה GO במרקם סמיך עם תות 0%,מיוצר עי קונדיטוריית,,יוגורט גו סמיך תות י,גרמים,200.00,100 גרם,false,,5.90,0.0295,true,1,153418
7290110328771,false,יוגורט יופלה GO במרקם סמיך עם פירות יער 0%,מיוצר עי קונדיטוריית,,יוגורט גו סמיך 0% פי,גרמים,200.00,100 גרם,false,,5.90,0.0295,true,1,153419
7290110328788,false,יוגורט יופלה GO במרקם סמיך בטעם אפרסק 0%,תנובה מרכז שיתופי לש,,יוגורט גו סמיך אפרסק,גרמים,200.00,100 גרם,false,,5.90,0.0295,true,1,153420
7290110329143,false,מעדן חלב מעושר בחלבון בטעם וניל גביע 120 ג' GO,תנובה מרכז שיתופי לש,,מעדן חלב גו בטעם וני,גרמים,120.00,100 גרם,false,,5.30,0.0442,true,1,153587
7290110329716,false,משקה חלב קר בטעם קפוצ'ינו 230 גרם תנובה,תנובה מרכז שיתופי לש,,משקה קפה קר בטעם קפו,גרמים,230.00,100 גרם,false,,8.90,0.0387,true,1,155848
7290110329730,false,"משקה חלב עם שוקולד וקפה בסגנון לאטה 2.7%  230 מ""ל תנובה",תנובה מרכז שיתופי לש,,משקה חלב עם שוקולד ו,גרמים,230.00,100 גרם,false,,8.90,0.0387,true,1,155850
7290110329808,false,יוגורט סויה BIO Alternative תות 150 ג' תנובה,מיוצר עי קונדיטוריית,,מעדן סויה ביו תות אל,גרמים,150.00,100 גרם,false,,5.40,0.0360,true,1,154170
7290110476410,false,ארבע סוללות אלקליין,,,ארבע סוללות אלקליין,Unknown,1.00,יחידה,false,,6.90,6.9000,true,1,154960
7290110476601,false,כבל מטאל טייפ סי,Unknown,,כבל METAL CHARGE טיי,Unknown,1.00,יחידה,false,,29.90,29.9000,true,1,154965
7290110476649,false,כבל IN CHARGE טיפ סי,Unknown,,כבל IN CHARGE טייפ ס,Unknown,1.00,יחידה,false,,29.90,29.9000,true,1,154969
<<<<<<< HEAD
7290110552220,false,יוגורט PRO בטעם תות 0% סוכר לבן 20 גרם חלבון בגביע,"שטראוס בריאות בע""\מ",,דנונה פרו 20 גרם ללא,גרמים,200.00,100 גרם,false,,6.20,0.0310,true,1,154311
7290110552237,false,יוגורט פרו בטעם אפרסק מנגו ללא סוכר 200 ג' דנונה,"שטראוס בריאות בע""\מ",,דנונה פרו 20 גרם ללא,גרמים,200.00,100 גרם,false,,6.20,0.0310,true,1,154312
7290110553029,false,"אנרג'י קריספס-פריכיות חומוס, עדשים ואפונה עם קייל וסלק","פרח תעשיו מזון בע""מ",,פריכיות חלבון קייל ח,גרמים,60.00,100 גרם,false,,9.90,0.1650,true,1,154580
7290110553104,false,נסקפה קפוצ'ינו סטיק קלאסי 130 ג' עלית,מוקטה אס.פי,,קפוצ'ינו סטיק קלאסי,גרמים,130.00,100 גרם,false,,13.90,0.1069,true,1,157736
7290110553135,false,נסקפה קפוצ'ינו סטיק וניל 130 ג' עלית,מוקטה אס.פי,,קפוצ'ינו סטיק וניל ע,גרמים,130.00,100 גרם,false,,13.90,0.1069,true,1,157737
7290110553173,false,אנרגי פריכיות אורז בטעם קרמל 50 גרם,סאנורייס בלגיום,,פריכיות קרמל אנרגי 4,גרמים,40.00,100 גרם,false,,5.90,0.1475,true,1,157443
7290110553180,false,אנרגי פריכיות אורז בטעם תפוח קינמון 50 ג,סאנורייס בלגיום,,פריכיות תפוח קינמון,גרמים,40.00,100 גרם,false,,5.90,0.1475,true,1,157444
7290110554460,false,ציטוס קראנץ צ'דר חלפיניו 65 ג' עלית,עלית,,ציטוס קראנץ צ'דר חלפ,גרמים,65.00,100 גרם,false,,3.60,0.0554,true,1,155991
=======
7290110552220,false,יוגורט PRO בטעם תות 0% סוכר לבן 20 גרם חלבון בגביע,שטראוס גרופ בעמ/מצונן,,דנונה פרו 20 גרם ללא,גרמים,200.00,100 גרם,false,,6.20,0.0310,true,1,154311
7290110552237,false,יוגורט פרו בטעם אפרסק מנגו ללא סוכר 200 ג' דנונה,שטראוס גרופ בעמ/מצונן,,דנונה פרו 20 גרם ללא,גרמים,200.00,100 גרם,false,,6.20,0.0310,true,1,154312
7290110553029,false,"אנרג'י קריספס-פריכיות חומוס, עדשים ואפונה עם קייל וסלק","פרח תעשיו מזון בע""מ",,פריכיות חלבון קייל ח,גרמים,60.00,100 גרם,false,,9.90,0.1650,true,1,154580
7290110553104,false,נסקפה קפוצ'ינו סטיק קלאסי 130 ג' עלית,שטראוס גרופ בע`מ,,קפוצ'ינו סטיק קלאסי,גרמים,130.00,100 גרם,false,,13.90,0.1069,true,1,157736
7290110553135,false,נסקפה קפוצ'ינו סטיק וניל 130 ג' עלית,שטראוס גרופ בע`מ,,קפוצ'ינו סטיק וניל ע,גרמים,130.00,100 גרם,false,,13.90,0.1069,true,1,157737
7290110553173,false,אנרגי פריכיות אורז בטעם קרמל 50 גרם,שטראוס גרופ בע`מ,,פריכיות קרמל אנרגי 4,גרמים,40.00,100 גרם,false,,5.90,0.1475,true,1,157443
7290110554460,false,ציטוס קראנץ צ'דר חלפיניו 65 ג' עלית,שטראוס פריטו ליי בעמ,,ציטוס קראנץ צ'דר חלפ,גרמים,65.00,100 גרם,false,,3.60,0.0554,true,1,155991
>>>>>>> d048ac2f4f281c9d788043ab4e81b61b0dbe3743
7290110554699,false,"קפה עולה קפסולות אספרסו קלייה איטית וכהה מאוד, 10 * 50 ג'",שטראוס קפה בי.וי.,,קפסולות קפה עולה נספ,גרמים,50.00,100 גרם,false,,19.90,0.3980,true,1,157445
7290110554712,false,"קפסולות קפה אספרסו קלייה איטית ובהירה, 10 * 50 ג'",שטראוס קפה בי.וי.,,קפסולות קפה נחת נספר,גרמים,50.00,100 גרם,false,,19.90,0.3980,true,1,157447
7290110555603,false,ספלנדיד אבקה להכנת משקה בטעם שוקולטה,שטראוס גרופ בע`מ,,שוקולוטה ספלנדיד 360,גרמים,360.00,100 גרם,false,,20.90,0.0581,true,1,157738
7290110556242,false,"שוקולד מריר פרווה 100 גר' בד""ץ תוצרת חוץ","שטראוס גרופ בע""מ.",,שוקולד מריר פרווה על,גרמים,100.00,100 גרם,false,,5.90,0.0590,true,1,157453
7290110557102,false,מעדן חלב עם שוקולד מועשר בחלבון 150 ג' שטראוס,שטראוס גרופ בעמ/מצונן,,מעדן פרו חלב עם שוקו,גרמים,150.00,100 גרם,false,,4.90,0.0327,true,1,155549
7290110557133,false,מעדן הגולן וניל 125 ג' שטראוס,שטראוס גרופ בעמ/מצונן,,מעדן הגולן וניל 125,גרמים,125.00,100 גרם,false,,2.90,0.0232,true,1,153392
7290110557478,false,חומוס גלילי במרקם מעודן 600 גרם,שטראוס גרופ בעמ/מצונן,,חומוס גלילי אחלה 600,גרמים,600.00,100 גרם,false,,13.90,0.0232,true,1,155210
7290110558284,false,דנונה ביו מולטי שטראוס 200 גרם,שטראוס גרופ בעמ/מצונן,,דנונה ביו מולטי 200,גרמים,200.00,100 גרם,false,,4.90,0.0245,true,1,156415
7290110558314,false,דנונה פרו 20 גרם חלבון ללא סוכר פיסטוק 200 גרם,שטראוס גרופ בעמ/מצונן,,דנונה פרו ללא סוכר פ,גרמים,200.00,100 גרם,false,,6.20,0.0310,true,1,156935
7290110558666,false,מעדן גבינה בטעם תפוח 88 ג' דניאלה,שטראוס גרופ בעמ/מצונן,,דניאלה בטעם תפוח 88,גרמים,88.00,100 גרם,false,,4.30,0.0489,true,1,157659
7290110560317,false,"הפריכיות הטעימות חומוס, עדשים שחורות, קינואה ומלח ים","פרח תעשיו מזון בע""מ",,פריכיות משולשות מלח,גרמים,30.00,100 גרם,false,,4.90,0.1633,true,1,150251
7290110561338,true,משקה דנונה איירן 260,,,משקה דנונה איירן 260,,0.00,,false,,4.60,0.0000,true,1,141257
7290110563448,false,"משקה קפה קר בסגנון מעודן 230 מ""ל 1.6% יוטבתה",שטראוס גרופ בעמ/מצונן,,משקה קפה קר מעודן 1.,מיליליטרים,230.00,"100 מ""ל",false,,7.90,0.0343,true,1,143223
7290110563462,false,חלב 2% דל לקטוז בבקבוק יטבתה 1 ליטר.,שטראוס גרופ בעמ/מצונן,,חלב בבקבוק נטול לקטו,מיליליטרים,1000.00,"100 מ""ל",false,,8.20,0.0082,true,1,143224
7290110564742,false,"משקה קפה קר בסגנון חזק 230 מ""ל 1.2% יוטבתה",שטראוס גרופ בעמ/מצונן,,משקה קפה קר בסגנון ח,מיליליטרים,230.00,"100 מ""ל",false,,7.90,0.0343,true,1,143226
7290110565527,false,יוגורט PRO פרו 1.5% 20 גרם חלבון בגביע,שטראוס גרופ בעמ/מצונן,,יוגורט פרו 20 גרם חל,גרמים,200.00,100 גרם,false,,6.20,0.0310,true,1,139885
7290110566647,true,אקטיביה בר גרנולה לל,,,אקטיביה בר גרנולה לל,,0.00,,false,,4.90,0.0000,true,1,141277
7290110566975,false,דנונה פרו יוגורט 0% תות עשיר בחלבון 200ג',שטראוס גרופ בעמ/מצונן,,יוגורט דנונה פרו 20,גרמים,200.00,100 גרם,false,,6.20,0.0310,true,1,141278
7290110567750,true,דנונה פרו טריפל זירו,,,דנונה פרו טריפל זירו,,0.00,,false,,4.90,0.0000,true,1,141281
7290110568276,false,"משקה יוטבתה פרו וניל לשתיה 350מ""ל",שטראוס גרופ בעמ/מצונן,,יטבתה פרו וניל 350 מ,מיליליטרים,350.00,"100 מ""ל",false,,6.90,0.0197,true,1,141286
7290110570224,false,משקה קפה קר בטעם עוגיות (230 גר`) יטבתה,שטראוס גרופ בעמ/מצונן,,משקה קפה קר בטעם עוג,מיליליטרים,230.00,"100 מ""ל",false,,7.90,0.0343,true,1,156936
7290110571375,false,"אנרג'י מיקס תערובת צימוקים, תמרים, טופי ושברי פקאן",אנרג'י Energy - שטראוס,,אנרג'י מיקס צימוקים,גרמים,100.00,100 גרם,false,,15.90,0.1590,true,1,156817
7290110571382,false,מעדן חלב בטעם וניל מעושר בחלבון 150 ג' שטראוס,שטראוס גרופ בעמ/מצונן,,מעדן חלב בטעם וניל מ,גרמים,150.00,100 גרם,false,,4.90,0.0327,true,1,155214
7290110571405,false,עלית - מיני פינוקיות בגביע פסק זמן 180 גרם,שטראוס גרופ בע`מ,,מיני פינוקיות בגביע,גרמים,180.00,100 גרם,false,,11.90,0.0661,true,1,157742
7290110571474,false,אצבעות רבע לשבע טבעוני פופקורן 125גר`,"הגביע מוצרי וופלים בע""\מ",,רבע לשבע טבעוני פופק,גרמים,125.00,100 גרם,false,,12.90,0.1032,true,1,156443
7290110572129,false,כיף כף מקלות שוקולד לבן 40 ג' עלית,סולן בעבור שטראוס,,כיף כף מקלות שוקולד,גרמים,40.00,100 גרם,false,,5.20,0.1300,true,1,157744
7290110572884,false,"קפסולות קפה מספר 20 למכונת אספרס אספרסו, 50 גרם",שטראוס קפה בי.וי.,,קפסולות 20 למכונות נ,גרמים,50.00,100 גרם,false,,18.90,0.3780,true,1,157745
7290110576752,false,טבלאות שוקולד ספלנדיד מריר 70% 100 ג' עלית,שטראוס גרופ בע`מ,,שוקולד ספלנדיד מריר,גרמים,100.00,100 גרם,false,,11.90,0.1190,true,1,157748
7290110576776,false,טבלאות שוקולד ספלנדיד מריר 85% 100 ג' עלית,שטראוס גרופ בע`מ,,שוקולד ספלנדיד מריר,גרמים,100.00,100 גרם,false,,11.90,0.1190,true,1,157749
7290110630027,true,מכסה לכוס למרק,,,מכסה לכוס למרק,,0.00,,false,,2999.90,0.0000,true,1,134940
7290110631581,true,מסכה לפנים שחורה פור,,,מסכה לפנים שחורה פור,,0.00,,false,,5.00,0.0000,true,1,135500
7290110632083,true,מארז 25 בלונים ליומו,,,מארז 25 בלונים ליומו,,0.00,,false,,5.00,0.0000,true,1,135596
7290110632090,true,נרות happy birthday,,,נרות happy birthday,,0.00,,false,,5.00,0.0000,true,1,135597
7290110632687,true,סט צבעי מים,,,סט צבעי מים,,0.00,,false,,5.00,0.0000,true,1,136076
7290110633196,true,תבנית אלומיניום לטוס,,,תבנית אלומיניום לטוס,,0.00,,false,,5.00,0.0000,true,1,135386
7290110633493,true,תמצית לשייק טופי קרמ,,,תמצית לשייק טופי קרמ,,0.00,,false,,2999.90,0.0000,true,1,135545
7290110633578,true,בוחשנים מעץ 1000 יחי,,,בוחשנים מעץ 1000 יחי,,0.00,,false,,2999.90,0.0000,true,1,135667
7290110633592,true,קופיקס- כשלפ - מלח מ,,,קופיקס- כשלפ - מלח מ,,0.00,,false,,2999.90,0.0000,true,1,143259
7290110633837,true,אבקה לאייס שוקו 1 קי,,,אבקה לאייס שוקו 1 קי,,0.00,,false,,2999.90,0.0000,true,1,135754
7290110633868,true,ספינר 200,,,ספינר 200,,0.00,,false,,6.00,0.0000,true,1,135799
7290110634032,true,קוץ לקיר תליה,,,קוץ לקיר תליה,,0.00,,false,,0.00,0.0000,true,1,135831
7290110635343,true,דוגמאות מאפה רוחלה,,,דוגמאות מאפה רוחלה,,0.00,,false,,0.00,0.0000,true,1,136314
7290110635381,true,דוגמאות מאפה אנטקובי,,,דוגמאות מאפה אנטקובי,,0.00,,false,,0.00,0.0000,true,1,136333
7290110635466,true,פסטה פוזילי רוזהcff,,,פסטה פוזילי רוזהcff,,0.00,,false,,6.00,0.0000,true,1,136347
7290110635510,true,"דוגמאות מאפה אנג""ל",,,"דוגמאות מאפה אנג""ל",,0.00,,false,,0.00,0.0000,true,1,136357
7290110635527,true,"גרעיני תירס 3 ק""ג עד",,,"גרעיני תירס 3 ק""ג עד",,0.00,,false,,0.00,0.0000,true,1,136364
7290110638146,true,לחמנייה כפרית אבוקדו,,,לחמנייה כפרית אבוקדו,,0.00,,false,,6.00,0.0000,true,1,143010
7290110638603,true,טופינג ליוגורט אגוז,,,טופינג ליוגורט אגוז,,0.00,,false,,2999.90,0.0000,true,1,136548
7290110638634,true,סירופ שוקולד 1 ליטר,,,סירופ שוקולד 1 ליטר,,0.00,,false,,2999.90,0.0000,true,1,136533
7290110638641,true,סירופ מייפל 1 ליטר,,,סירופ מייפל 1 ליטר,,0.00,,false,,2999.90,0.0000,true,1,136534
7290110638900,true,כריך חביתת ירק cff,,,כריך חביתת ירק cff,,0.00,,false,,6.00,0.0000,true,1,136997
7290110639204,true,קופסא לעוגה,,,קופסא לעוגה,,0.00,,false,,2999.00,0.0000,true,1,137518
7290110639433,true,מארז 8 קפסולות קפה ס,,,מארז 8 קפסולות קפה ס,,0.00,,false,,10.00,0.0000,true,1,137448
7290110639648,true,"תפוח יבש 1 ק""ג",,,"תפוח יבש 1 ק""ג",,0.00,,false,,2999.90,0.0000,true,1,137572
7290110639785,true,משאבה לבלונים,,,משאבה לבלונים,,0.00,,false,,0.00,0.0000,true,1,137702
7290110639792,true,בלונים ממותגים + מקל,,,בלונים ממותגים + מקל,,0.00,,false,,0.00,0.0000,true,1,137703
7290110894337,true,נרתיק ריצה יוקרתי VI,,,נרתיק ריצה יוקרתי VI,,0.00,,false,,29.90,0.0000,true,1,140065
7290111533167,true,עוגיות כתר ריבה מיני,,,עוגיות כתר ריבה מיני,,0.00,,false,,12.90,0.0000,true,1,141974
7290111533174,true,עוגיות כתר ריבה מיני,,,עוגיות כתר ריבה מיני,,0.00,,false,,12.90,0.0000,true,1,142336
7290111533181,true,עוגיות סנדוויץ' שוקו,,,עוגיות סנדוויץ' שוקו,,0.00,,false,,12.90,0.0000,true,1,142337
7290111533259,true,עוגיות סנדוויץ' שוקו,,,עוגיות סנדוויץ' שוקו,,0.00,,false,,12.90,0.0000,true,1,141980
7290111533303,false,עוגיות מלוחות עגול ר,,,עוגיות מלוחות עגול ר,גרמים,600.00,100 גרם,false,,14.90,0.0248,true,1,150742
7290111562761,true,אסם קרטון עסקה מרקי,,,אסם קרטון עסקה מרקי,,0.00,,false,,0.00,0.0000,true,1,136732
<<<<<<< HEAD
7290111567759,false,עוגת הבית דבש קלאסית 400 גרם,"אסם תעשיות בע""מ",,עוגת הבית דבש קלאסית,גרמים,400.00,100 גרם,false,,12.90,0.0323,true,1,144472
7290111568206,false,ביסלי פארטי מיקס אסם 150 גר',פרו מן יו פתרונות אר,,ביסלי פארטי מיקס 150,גרמים,150.00,100 גרם,false,,8.90,0.0593,true,1,147679
7290111568961,false,בייגלה טבעות מלח אסם 400 גרם,אסם,,אסם בייגלה טבעות מלח,גרמים,400.00,100 גרם,false,,11.90,0.0298,true,1,141537
7290111870897,false,מרשמלו מסולסל ארוך בשקית 18 גר'-LOL,,,מרשמלו מסולסל ארוך ב,גרמים,18.00,100 גרם,false,,29.90,1.6611,true,1,153554
7290111870910,false,מרשמלו מסולסל ארוך 18 גר'- כוח פי גיי,,,מרשמלו מסולסל ארוך 1,גרמים,18.00,גרם,false,,29.90,1.6611,true,1,153556
7290111938481,false,"רוטב סויה בהירה מאסטר שף 300 מ""ל",מאסטר שף,,רוטב סויה בהיר מאסטר,מיליליטרים,300.00,"100 מ""ל",false,,10.90,0.0363,true,1,149143
=======
7290111567759,false,עוגת הבית דבש קלאסית (400 גרם)אסם.,קבוצת אוסם סחר-שות.מוגבלת,,עוגת הבית דבש קלאסית,גרמים,400.00,100 גרם,false,,12.90,0.0323,true,1,144472
7290111568206,false,ביסלי פארטי מיקס אסם 150 גר',קבוצת אוסם סחר שותפות מוגבלת,,ביסלי פארטי מיקס 150,גרמים,150.00,100 גרם,false,,8.90,0.0593,true,1,147679
7290111568961,false,אסם בייגלה טבעות מלוח 400 גר`,קבוצת אוסם סחר שותפות מוגבלת,,אסם בייגלה טבעות מלח,גרמים,400.00,100 גרם,false,,11.90,0.0298,true,1,141537
7290111870897,false,מרשמלו מסולסל ארוך בשקית 18 גר'-LOL,שמחה זה אנחנו,,מרשמלו מסולסל ארוך ב,גרמים,18.00,100 גרם,false,,29.90,1.6611,true,1,153554
7290111870910,false,מרשמלו מסולסל ארוך 18 גר'- כוח פי גיי,שמחה זה אנחנו,,מרשמלו מסולסל ארוך 1,גרמים,18.00,גרם,false,,29.90,1.6611,true,1,153556
7290111938481,false,"רוטב סויה בהירה מאסטר שף 300 מ""ל",ש. שסטוביץ בע`מ,,רוטב סויה בהיר מאסטר,מיליליטרים,300.00,"100 מ""ל",false,,10.90,0.0363,true,1,149143
>>>>>>> d048ac2f4f281c9d788043ab4e81b61b0dbe3743
7290112013729,true,קופיקס-רוטב אריסה50,,,קופיקס-רוטב אריסה50,,0.00,,false,,0.00,0.0000,true,1,137002
7290112190109,true,"עוגיות קרמל ""רמי לוי",,,"עוגיות קרמל ""רמי לוי",,0.00,,false,,10.60,0.0000,true,1,143031
7290112190444,true,מים 1.5 מינרליים שי,,,מים 1.5 מינרליים שי,,0.00,,false,,10.90,0.0000,true,1,142651
7290112190772,true,פסטה ספגטיני 500 גרם,,,פסטה ספגטיני 500 גרם,,0.00,,false,,4.80,0.0000,true,1,141446
7290112276056,true,כוס מחולקת,,,כוס מחולקת,,0.00,,false,,2999.00,0.0000,true,1,138164
7290112290038,false,זוג כדורי שוקולד קוק,,,זוג כדורי שוקולד קוק,Unknown,1.00,יחידה,false,,7.00,7.0000,true,1,137969
7290112290113,true,עוגה בחושה שוקולד כש,,,עוגה בחושה שוקולד כש,,0.00,,false,,0.00,0.0000,true,1,137979
7290112290151,true,מארז 4 סלטים בורגול,,,מארז 4 סלטים בורגול,,0.00,,false,,60.00,0.0000,true,1,138013
7290112290366,true,לחמניית סביח כשלפ,,,לחמניית סביח כשלפ,,0.00,,false,,15.00,0.0000,true,1,138109
7290112290427,true,מעטפות פרסום פסח מהד,,,מעטפות פרסום פסח מהד,,0.00,,false,,0.00,0.0000,true,1,138156
7290112290434,true,מעטפות פרסום פסח רגי,,,מעטפות פרסום פסח רגי,,0.00,,false,,0.00,0.0000,true,1,138157
7290112290496,true,"גביע ליוגורט 200 מ""ל",,,"גביע ליוגורט 200 מ""ל",,0.00,,false,,0.00,0.0000,true,1,138179
7290112290564,true,קרמבל תפוחים,,,קרמבל תפוחים,,0.00,,false,,0.00,0.0000,true,1,138494
7290112290571,false,זוג כדורי שוקולד צבע,,,זוג כדורי שוקולד צבע,Unknown,1.00,יחידה,false,,7.00,7.0000,true,1,138272
7290112290588,true,"גביע ליוגורט 200 מ""ל",,,"גביע ליוגורט 200 מ""ל",,0.00,,false,,0.00,0.0000,true,1,138495
7290112290656,true,תחמיץ לסלט קופיקס 2,,,תחמיץ לסלט קופיקס 2,,0.00,,false,,0.00,0.0000,true,1,138648
7290112290755,true,מחמצת ג'בטה,,,מחמצת ג'בטה,,0.00,,false,,5.00,0.0000,true,1,138323
7290112290830,true,"בורקס תפו""א גדול",,,"בורקס תפו""א גדול",,0.00,,false,,5.00,0.0000,true,1,138331
7290112290885,true,פוקצ'ה עגבניות ובצל,,,פוקצ'ה עגבניות ובצל,,0.00,,false,,8.00,0.0000,true,1,138336
7290112291011,true,חלה מחמצת,,,חלה מחמצת,,0.00,,false,,18.00,0.0000,true,1,138349
7290112291271,true,חמין גדול+ לחמניה,,,חמין גדול+ לחמניה,,0.00,,false,,0.00,0.0000,true,1,138375
7290112291288,true,קוגל חצי מנה + מלפפו,,,קוגל חצי מנה + מלפפו,,0.00,,false,,0.00,0.0000,true,1,138376
7290112291332,true,מאפה קינמון לא אפוי,,,מאפה קינמון לא אפוי,,0.00,,false,,0.00,0.0000,true,1,138534
7290112291387,true,באן מאודה במילוי בטע,,,באן מאודה במילוי בטע,,0.00,,false,,0.00,0.0000,true,1,138642
7290112291394,true,באן מאודה במילוי בטע,,,באן מאודה במילוי בטע,,0.00,,false,,0.00,0.0000,true,1,138643
7290112291400,true,כריך כפול פטה-פלפלc,,,כריך כפול פטה-פלפלc,,0.00,,false,,12.00,0.0000,true,1,138649
7290112291417,true,כריך כפול גווקאמולי,,,כריך כפול גווקאמולי,,0.00,,false,,12.00,0.0000,true,1,138650
7290112291431,true,טורטיה מסאחן cff,,,טורטיה מסאחן cff,,0.00,,false,,10.00,0.0000,true,1,138652
7290112291479,true,"כוס פלסטיק 330 מ""ל",,,"כוס פלסטיק 330 מ""ל",,0.00,,false,,0.00,0.0000,true,1,138705
7290112291486,true,"כוס פלסטיק 500 מ""ל",,,"כוס פלסטיק 500 מ""ל",,0.00,,false,,0.00,0.0000,true,1,138706
7290112291493,true,"מכסה לכוס 250+330 מ""",,,"מכסה לכוס 250+330 מ""",,0.00,,false,,0.00,0.0000,true,1,138707
7290112291585,true,מוס תות (חלבי),,,מוס תות (חלבי),,0.00,,false,,8.00,0.0000,true,1,139034
7290112291707,true,"כוס נייר 370 מ""ל",,,"כוס נייר 370 מ""ל",,0.00,,false,,2999.90,0.0000,true,1,139135
7290112291776,true,פיתה-טוסט עם בצל cff,,,פיתה-טוסט עם בצל cff,,0.00,,false,,10.00,0.0000,true,1,139301
7290112291783,true,פיתה-טוסט עם תירס cf,,,פיתה-טוסט עם תירס cf,,0.00,,false,,10.00,0.0000,true,1,139302
7290112292001,true,עוגה בחושה תפוז,,,עוגה בחושה תפוז,,0.00,,false,,8.00,0.0000,true,1,139671
7290112292018,true,עוגה בחושה שוקולד,,,עוגה בחושה שוקולד,,0.00,,false,,8.00,0.0000,true,1,139672
7290112292049,true,פסטה קארי בסגנון הוד,,,פסטה קארי בסגנון הוד,,0.00,,false,,15.00,0.0000,true,1,139713
7290112292087,true,מיקס סופגניות,,,מיקס סופגניות,,0.00,,false,,7.00,0.0000,true,1,140366
7290112292728,true,עוגת גבינה בראוניז כ,,,עוגת גבינה בראוניז כ,,0.00,,false,,8.00,0.0000,true,1,142322
7290112292988,true,מחמצת גדולה רוסט טונ,,,מחמצת גדולה רוסט טונ,,0.00,,false,,22.00,0.0000,true,1,143463
7290112293022,true,מיני דונאטס,,,מיני דונאטס,,0.00,,false,,6.00,0.0000,true,1,143982
7290112293039,true,קאפקייקס אייסינג,,,קאפקייקס אייסינג,,0.00,,false,,8.00,0.0000,true,1,143983
7290112293077,true,ארגז מיקס קינוחי כוס,,,ארגז מיקס קינוחי כוס,,0.00,,false,,2999.90,0.0000,true,1,144844
7290112295897,false,כריך ביס סביח cff,,,כריך ביס סביח cff,Unknown,1.00,יחידה,false,,12.00,12.0000,true,1,154826
7290112330352,false,"יוגורט PRO בטעם וניל 0% , 20 גרם חלבון בגביע",שטראוס גרופ בעמ/מצונן,,דנונה פרו 20 גר וניל,גרמים,200.00,100 גרם,false,,6.20,0.0310,true,1,145497
7290112330994,false,שייק חלבון פרו אפרסק350מ,מחלבת יטבתה,,שייק חלבון אפרסק דאב,מיליליטרים,350.00,"100 מ""ל",false,,7.90,0.0226,true,1,147746
7290112332417,true,חגיגה מתוקה גדולה 15,,,חגיגה מתוקה גדולה 15,,0.00,,false,,14.90,0.0000,true,1,144942
7290112332899,false,עלית - צנצנת בזוקה פופים קלאסי 58 גרם,שטראוס גרופ בע`מ,,בזוקה פופים קלאסי 58,גרמים,58.00,100 גרם,false,,10.90,0.1879,true,1,144386
7290112335296,true,משקה פרו 18 טריפל זי,,,משקה פרו 18 טריפל זי,,0.00,,false,,6.90,0.0000,true,1,143238
7290112335487,false,הפריכיות הטעימות קצח ודגנים אנרג'י 135 גרם,אנרג'י Energy - שטראוס,,פריכיות 3 דגנים עם ק,גרמים,135.00,100 גרם,false,,10.90,0.0807,true,1,150255
7290112335494,false,הפריכיות הטעימות תפוחי אדמה בטעם פוטטוס,"פרח תעשיות מזון בע""\מ",,פריכיות תפוח אדמה 3,גרמים,135.00,100 גרם,false,,10.90,0.0807,true,1,150256
7290112335500,false,"פרכיות אנרג'י חומוס,אורז,עדשים שחורות וקינואה 135 גרם","פרח תעשיות מזון בע""\מ",,פריכיות חומוס אורז ע,גרמים,135.00,100 גרם,false,,10.90,0.0807,true,1,150257
7290112336613,false,עד חצות עוגיות סנדוויץ במילוי שוקולד חלב,שטראוס גרופ בע`מ,,עד חצות סנדוויץ 135,גרמים,135.00,100 גרם,false,,10.90,0.0807,true,1,157368
7290112336644,false,סוכריות מאסט ללא סוכר לימון 80 ג' עלית,שטראוס גרופ בע`מ,,"סוכריות לל""ס לימון 8",גרמים,80.00,100 גרם,false,,8.90,0.1113,true,1,147636
7290112336651,false,סוכריות מאסט ללא סוכר ריבת חלב 80 ג' עלית,שטראוס גרופ בע`מ,,"סוכריות לל""ס ריבת חל",גרמים,80.00,100 גרם,false,,8.90,0.1113,true,1,147637
7290112336712,false,יוגורט PRO לבן 0% 21 גרם חלבון בגביע,שטראוס גרופ בעמ/מצונן,,דנונה פרו 21 גר 0% ש,גרמים,200.00,100 גרם,false,,6.20,0.0310,true,1,143239
7290112337474,false,סוכריות מאסט ללא סוכר פטל לימון 80 ג' עלית,שטראוס גרופ בע`מ,,"סוכריות לל""ס פטל לימ",גרמים,80.00,100 גרם,false,,8.90,0.1113,true,1,147638
7290112337481,false,סוכריות מאסט ללא סוכר קפצ''ינו 80 ג' עלית,שטראוס גרופ בע`מ,,"סוכריות לל""ס קפוצינו",גרמים,80.00,100 גרם,false,,8.90,0.1113,true,1,147514
7290112339089,true,משקה פרו 18 אפרסק 26,,,משקה פרו 18 אפרסק 26,,0.00,,false,,6.90,0.0000,true,1,143240
7290112339171,false,מעדן מוס שוקולד 81 גר`מילקי,שטראוס גרופ בעמ/מצונן,,מילקי מוס עם שוקולד,גרמים,81.00,100 גרם,false,,3.50,0.0432,true,1,152616
7290112339867,false,גמדים לדרך גבינה לבנה עם מחית תות,שטראוס גרופ בעמ/מצונן,,גמדים סקוויז בודד תו,גרמים,100.00,100 גרם,false,,5.90,0.0590,true,1,143244
7290112339874,false,גמדים לדרך גבינה לבנה עם מחיות תות ובננה,שטראוס גרופ בעמ/מצונן,,גמדים סקוויז בודד תו,גרמים,100.00,100 גרם,false,,5.90,0.0590,true,1,143245
7290112340122,false,הפריכיות הטעימות 3 דגנים אנרג'י 135 גרם,"פרח תעשיות מזון בע""\מ",,פריכיות 3 דגנים אנרג,גרמים,135.00,100 גרם,false,,10.90,0.0807,true,1,150258
7290112340245,false,מסטיק מאסט צנצנת בטעם דובדבן 66 גר` מגדי,"שטראוס גרופ בע""\מ",,צנצנת MUST בטעם דובד,גרמים,66.00,100 גרם,false,,9.90,0.1500,true,1,147619
7290112340252,false,צנצנת מסטיק מאסט בטעם אבטיח מלון 66 ג' עלית,"שטראוס גרופ בע""\מ",,צנצנת מאסט בטעם אבטי,גרמים,66.00,100 גרם,false,,10.90,0.1652,true,1,147620
7290112340276,false,פינוקיות עוגיית קרם קפה נמס 200 גרם,"הגביע מוצרי וופלים בע""\מ",,פינוקיות קרם קפה נמס,גרמים,200.00,100 גרם,false,,11.90,0.0595,true,1,144378
7290112341105,false,באגט קראנצ' בטעם שום300ג,פלזנסקי,,באגט קראנצ שום 300 ג,גרמים,300.00,100 גרם,false,,14.50,0.0483,true,1,144482
7290112342515,false,דוריטוס צ'יזי טוויסט 55 גרם,STRAUSS-ISRAEL,,דוריטוס קול ראנצ' 55,גרמים,55.00,100 גרם,false,,3.60,0.0655,true,1,145188
7290112343420,false,"משקה חלב עם דגנים מלאים ובננה פרו יטבתה 350מ""ל",שטראוס גרופ בעמ/מצונן,,יטבתה פרו ארוחת בוקר,מיליליטרים,350.00,"100 מ""ל",false,,7.90,0.0226,true,1,145518
7290112343499,false,חטיף צ'יטוס פאפס אפוי בטעם גבינה,"שטראוס פריטו ליי בע""\מ )",,צ'יטוס פאפס 55 גרם,גרמים,55.00,100 גרם,false,,3.60,0.0655,true,1,153022
7290112343512,false,צ'יטוס puffs בטעם גבינה 180 גרם,"שטראוס פריטו ליי בע""\מ )",,צ'יטוס פאפס 160 גרם,גרמים,160.00,100 גרם,false,,8.50,0.0531,true,1,153023
7290112344755,false,מילקי עם 26% פחות סוכר 135 גר}שטראוס{,שטראוס גרופ בעמ/מצונן,,מילקי עם 26% פחות סו,גרמים,133.00,100 גרם,false,,2.90,0.0218,true,1,150470
7290112344786,false,קפה פלטינום קלאסיק עלית 200 גרם,הנסיך- מפעל לייצור ט,,פלטינום קלאסיק 200 ג,גרמים,200.00,100 גרם,false,,26.90,0.1345,true,1,146978
7290112344953,false,סימפוניה חציל קלוי גבינה במקרם שמנת 5%,שטראוס גרופ בעמ/מצונן,,סימפוניה חציל קלוי 2,גרמים,200.00,100 גרם,false,,12.40,0.0620,true,1,150921
7290112346827,false,שמיניית אקטימל ויטמין C פטל 108 גרם,שטראוס גרופ בעמ/מצונן,,אקטימל ויטמין C פטל,מיליליטרים,864.00,"100 מ""ל",false,,22.70,0.0263,true,1,149733
7290112347008,false,גמדים לדרך גבינה לבנה עם מחית תות ושיבולת שועל,שטראוס גרופ בעמ/מצונן,,גמדים ארוחת בוקר תות,גרמים,100.00,100 גרם,false,,5.90,0.0590,true,1,145540
7290112348999,false,הפריכיות הטעימות תירס דקות אנרג'י 135 גרם,שטראוס גרופ בע`מ,,פריכיות תירס דקות א,גרמים,135.00,100 גרם,false,,10.90,0.0807,true,1,151044
7290112349347,false,מאסט סוכריות FRESH בטעם מנטה,שטראוס גרופ,,סוכריות FRESH בטעם מ,גרמים,15.00,100 גרם,false,,3.90,0.2600,true,1,150268
<<<<<<< HEAD
7290112349354,false,סוכריות פרש בטעם פטל לימון 15 גרם,שטראוס גרופ,,סוכריות FRESH בטעם פ,גרמים,15.00,100 גרם,false,,3.90,0.2600,true,1,150269
7290112349378,false,מאסט סוכריות FRESH בטעם תות רימון,"הליקון גידה בע""מ",,סוכריות FRESH בטעם ר,גרמים,15.00,100 גרם,false,,3.90,0.2600,true,1,150270
7290112349606,false,מעדן גבינה ויוגורט תות בננה 88 ג' דניאלה,"שטראוס בריאות בע""\מ",,דניאלה תות בננה 88 ג,גרמים,88.00,100 גרם,false,,4.30,0.0489,true,1,154320
7290112349897,false,מסטיק מאסט Must קוביות בטעם מנטה ללא סוכר,אסקום קונפקשיין,,מאסט קוביות מנטה  86,גרמים,86.00,100 גרם,false,,12.90,0.1500,true,1,146984
=======
7290112349354,false,סוכריות פרש בטעם פטל לימון 15 גרם,שטראוס גרופ בע`מ,,סוכריות FRESH בטעם פ,גרמים,15.00,100 גרם,false,,3.90,0.2600,true,1,150269
7290112349378,false,מאסט סוכריות FRESH בטעם תות רימון,"הליקון גידה בע""מ",,סוכריות FRESH בטעם ר,גרמים,15.00,100 גרם,false,,3.90,0.2600,true,1,150270
7290112349606,false,מעדן גבינה ויוגורט תות בננה 88 ג' דניאלה,שטראוס גרופ בעמ/מצונן,,דניאלה תות בננה 88 ג,גרמים,88.00,100 גרם,false,,4.30,0.0489,true,1,154320
7290112349897,false,מסטיק מאסט Must קוביות בטעם מנטה ללא סוכר,שטראוס גרופ בע`מ,,מאסט קוביות מנטה  86,גרמים,86.00,100 גרם,false,,12.90,0.1500,true,1,146984
>>>>>>> d048ac2f4f281c9d788043ab4e81b61b0dbe3743
7290112351258,false,עוגיית קקאו פינוקיות שחור לבן 200 גר,"הגביע מוצרי ופלים בע""\מ",,פינוקיות שחור לבן 20,גרמים,200.00,100 גרם,false,,11.90,0.0595,true,1,149536
7290112353887,false,"משקה קפה קר בטעם אגוזים יטבתה 230 מ""ל",האי נאם סי או אל.טי.,,משקה קפה קר בטעם אגו,מיליליטרים,230.00,"100 מ""ל",false,,7.90,0.0343,true,1,148084
7290112354945,false,תפוצ'יפס WAVY בטעם טבעי 50 גרם,שטראוס פריטו ליי בע”,,תפוציפס wavy טבעי 5,גרמים,50.00,100 גרם,false,,4.30,0.0860,true,1,157725
7290112354952,false,תפוצ`יפס פפריקה (50 גרם)היתר מכירה,שטראוס פריטו ליי בע”,,תפוציפס wavy פפריקה,גרמים,50.00,100 גרם,false,,4.30,0.0860,true,1,157726
7290112355102,false,גמדים סקוויז 100 גרם פאוץ סלט פירות 100 גרם,שטראוס גרופ בעמ/מצונן,,גמדים פאוץ סלט פירות,גרמים,100.00,100 גרם,false,,5.90,0.0590,true,1,150925
7290112355812,false,מילקי טופ קורנפלקס 141 ג' שטראוס,שטראוס גרופ בעמ/מצונן,,מילקי טופ קורנפלקס 1,גרמים,141.00,100 גרם,false,,5.00,0.0355,true,1,156190
7290112358004,false,פסק זמן חטיף קראנץ עלית( 32 גר`),שולן צ'\יקולטה גידה סאן.,,פסק זמן קראנץ' 32 גר,גרמים,32.00,100 גרם,false,,5.50,0.1719,true,1,150285
7290112358127,false,דנונה פרו חלבון+מגנזיום- וניל ועוגיות 200 גרם,שטראוס גרופ בעמ/מצונן,,דנונה פרו 20 גר' עם,גרמים,200.00,100 גרם,false,,6.80,0.0340,true,1,149745
7290112358561,false,קפה נמס פלטינום קלאסי 47 ג' עלית,שטראוס גרופ בע`מ,,פלטינום קלאסיק 47 גר,גרמים,47.00,100 גרם,false,,5.90,0.1255,true,1,154584
7290112490049,true,נמס בכוס ועוד טעם עו,,,נמס בכוס ועוד טעם עו,,0.00,,false,,5.00,0.0000,true,1,140917
<<<<<<< HEAD
7290112490117,false,קליק אקסטרא לארג שוקולד חלב עם וופל ואגוזים,יוניליוור ישראל מזון בעמ,,קליק XL שוקולד חלב ע,גרמים,85.00,100 גרם,false,,5.30,0.0624,true,1,139637
7290112492593,false,תחליב רחצה פינוק בניחוח פינוק קלאסי 700,יוניליוור ישראל טיפוח אי,,פינוק תח.רחצה קלאסי,מיליליטרים,700.00,"100 מ""ל",false,,11.90,0.0170,true,1,144877
7290112492968,false,"אבקת מרק בצל קנור כשל""פ 400 גר'","יונליוור ישראל מזון בע""\",,מרק בצל קנור כשר לפס,גרמים,400.00,100 גרם,false,,21.90,0.0547,true,1,146280
7290112494238,false,קליק - כדורים חלב תפזורת 65 גרם,יוניליוור ישראל מזון בע\,,קליק כדורים חלב תפזו,גרמים,65.00,100 גרם,false,,6.40,0.0985,true,1,144867
7290112494801,false,בדין-ג'ל לכביסה לבנה וצבעונית בניחוח עדין ורוד 2.5 ליטר,יוניליוור פארם,,ג'ל לכביסה לבנה וצבע,מיליליטרים,2500.00,"100 מ""ל",false,,29.90,0.0120,true,1,145100
7290112495105,false,נשנושים טעם שמנת בצל בייגל בייגל 260 גרם,בייגל את בייגל מזון 198),,נשנושים שמנת בצל 260,גרמים,260.00,100 גרם,false,,12.90,0.0496,true,1,144874
7290112495143,false,נשנושי קרקר קוקטייל מלוח בייגל בייגל 300 גרם,בייגל את בייגל מזון 198),,קוקטייל מלוח 300 גרם,גרמים,300.00,100 גרם,false,,12.90,0.0430,true,1,146849
7290112495150,false,נשנושי קרקר עיגולים מלח בייגל בייגל 300 גרם,בייגל את בייגל מזון 198),,נשנושי קרקר עיגולים,גרמים,300.00,100 גרם,false,,12.90,0.0430,true,1,146852
7290112495167,false,נשנושי קרקר משולשי שומשום בייגל בייגל 300 גרם,בייגל את בייגל מזון 198),,נשנושים משולש שומשום,גרמים,300.00,100 גרם,false,,12.90,0.0430,true,1,146853
7290112495174,false,נשנושי קרקר קוקטייל שומשום בייגל בייגל 300 גרם,בייגל את בייגל מזון 198),,נשנושי קרקר קוקטייל,גרמים,300.00,100 גרם,false,,17.90,0.0597,true,1,155928
7290112495228,false,קורנפלקס נגיעות דבש תלמה 448 גרם,"יוניליוור שפע ישראל בע""\",,קורנפלקס דבש 448 גרם,גרמים,448.00,100 גרם,false,,18.90,0.0422,true,1,144875
7290112495433,false,דגני דליפקאן תוספת אגוזי פקאן ושקדים 400 גר,"יוניליור שפע ישראל בע""\מ",,דליפקאן 400 גרם,גרמים,400.00,100 גרם,false,,20.90,0.0522,true,1,144406
7290112496270,false,"פתית צ'יפס תפו""א בתוספת עגבניות ועשבי תיבול 22 גרם",JLM גלובל פודסn37\ דרך א,,"פתית צ'יפס תפו""א עם",גרמים,21.00,100 גרם,false,,5.50,0.2619,true,1,149451
7290112496287,false,פתית - צ'יפס בטטה בטעם טבעי 21 גרם,JLM גלובל פודסn37\ דרך א,,פתית צ'יפס בטטה בטעם,גרמים,21.00,100 גרם,false,,5.50,0.2619,true,1,149452
=======
7290112490117,false,קליק אקסטרא לארג שוקולד חלב עם וופל ואגוזים,יוניליוור ישראל שיווק בע`מ,,קליק XL שוקולד חלב ע,גרמים,85.00,100 גרם,false,,5.30,0.0624,true,1,139637
7290112492456,false,"שמפו פינוק לשיער יבש/פגום 700 מ""ל",יוניליוור ישראל שיווק בע`מ,,פינוק שמפו שיער יבש,גרמים,700.00,100 גרם,false,,11.90,0.0170,true,1,147025
7290112492593,false,תחליב רחצה פינוק בניחוח פינוק קלאסי 700,יוניליוור ישראל שיווק בע`מ,,פינוק תח.רחצה קלאסי,מיליליטרים,700.00,"100 מ""ל",false,,11.90,0.0170,true,1,144877
7290112492968,false,"אבקת מרק בצל קנור כשל""פ 400 גר'",יוניליוור ישראל שיווק בע`מ,,מרק בצל קנור כשר לפס,גרמים,400.00,100 גרם,false,,21.90,0.0547,true,1,146280
7290112494238,false,חטיף כדורים שוקולד חלב קליק (65 גרם),יוניליוור ישראל שיווק בע`מ,,קליק כדורים חלב תפזו,גרמים,65.00,100 גרם,false,,6.40,0.0985,true,1,144867
7290112494801,false,בדין-ג'ל לכביסה לבנה וצבעונית בניחוח עדין ורוד 2.5 ליטר,יוניליוור ישראל שיווק בע`מ,,ג'ל לכביסה לבנה וצבע,מיליליטרים,2500.00,"100 מ""ל",false,,29.90,0.0120,true,1,145100
7290112495105,false,נשנושים טעם שמנת בצל בייגל בייגל 260 גרם,יוניליוור ישראל שיווק בע`מ,,נשנושים שמנת בצל 260,גרמים,260.00,100 גרם,false,,12.90,0.0496,true,1,144874
7290112495143,false,נשנושי קרקר קוקטייל מלוח בייגל בייגל 300 גרם,יוניליוור ישראל שיווק בע`מ,,קוקטייל מלוח 300 גרם,גרמים,300.00,100 גרם,false,,12.90,0.0430,true,1,146849
7290112495150,false,נשנושי קרקר עיגולים מלח בייגל בייגל 300 גרם,יוניליוור ישראל שיווק בע`מ,,נשנושי קרקר עיגולים,גרמים,300.00,100 גרם,false,,12.90,0.0430,true,1,146852
7290112495167,false,נשנושי קרקר משולשי שומשום בייגל בייגל 300 גרם,יוניליוור ישראל שיווק בע`מ,,נשנושים משולש שומשום,גרמים,300.00,100 גרם,false,,12.90,0.0430,true,1,146853
7290112495174,false,נשנושי קרקר קוקטייל שומשום בייגל בייגל 300 גרם,יוניליוור ישראל שיווק בע`מ,,נשנושי קרקר קוקטייל,גרמים,300.00,100 גרם,false,,17.90,0.0597,true,1,155928
7290112495228,false,קורנפלקס נגיעות דבש תלמה 448 גרם,יוניליוור ישראל שיווק בע`מ,,קורנפלקס דבש 448 גרם,גרמים,448.00,100 גרם,false,,18.90,0.0422,true,1,144875
7290112495433,false,דגני דליפקאן תוספת אגוזי פקאן ושקדים 400 גר,יוניליוור ישראל שיווק בע`מ,,דליפקאן 400 גרם,גרמים,400.00,100 גרם,false,,20.90,0.0522,true,1,144406
7290112495761,false,רוטב לסלט אלף האיים לייט הלמנס (305 מל),יוניליוור ישראל שיווק בע`מ,,הלמנס לסלט אלף איים,מיליליטרים,305.00,"100 מ""ל",false,,12.80,0.0420,true,1,146074
7290112495785,false,רוטב לסלט שום (300 גרם)הלמנס,יוניליוור ישראל שיווק בע`מ,,הלמנ'ס לסלט שום 300,גרמים,300.00,100 גרם,false,,12.80,0.0427,true,1,145895
7290112496270,false,"פתית צ'יפס תפו""א בתוספת עגבניות ועשבי תיבול 22 גרם",יוניליוור ישראל שיווק בע`מ,,"פתית צ'יפס תפו""א עם",גרמים,21.00,100 גרם,false,,5.50,0.2619,true,1,149451
7290112496287,false,פתית - צ'יפס בטטה בטעם טבעי 21 גרם,יוניליוור ישראל שיווק בע`מ,,פתית צ'יפס בטטה בטעם,גרמים,21.00,100 גרם,false,,5.50,0.2619,true,1,149452
>>>>>>> d048ac2f4f281c9d788043ab4e81b61b0dbe3743
7290112498922,false,מאגדת מיני מגנום לבן שטראוס 250 גרם,"מיוצר ע""\י גלידת שטראוס",,מאגדת מיני מגנום שוק,גרמים,250.00,100 גרם,false,,25.90,0.1036,true,1,151566
7290112498939,false,שלגון בומבה בטעם וניל 80 גרם,"מיוצר ע""\י גלידת שטראוס",,בומבה,Unknown,1.00,יחידה,false,,10.00,10.0000,true,1,151473
7290112499127,false,שלגון גלידה שוקולד לבן ותות 77 גרם,"מיוצר ע""\י גלידת שטראוס",,מגנום שוקולד לבן תות,Unknown,1.00,יחידה,false,,11.00,11.0000,true,1,154807
7290112499257,false,שלגון שוקובו שטראוס,שטראוס גרופ גלידות,,שוקובו לבן,Unknown,1.00,יחידה,false,,10.00,10.0000,true,1,158573
7290112499639,false,טילון סופר מגנום וניל צ'יפ שוקולד 110 גרם,"מיוצר ע""\י גלידת שטראוס",,טילון סופר מגנום וני,Unknown,1.00,יחידה,false,,11.00,11.0000,true,1,145952
7290112499646,false,"מעדן קפוא בטעם וניל עם וופל 108 גרם ""קורנטו""","מיוצר ע""\י גלידת שטראוס",,קורנטו סופר פקאנים,Unknown,1.00,יחידה,false,,11.00,11.0000,true,1,145953
7290112499677,false,מגנום וניל בציפוי שוקולד לבן,"מיוצר ע""\י גלידת שטראוס",,מגנום שוקiלד לבן,Unknown,1.00,יחידה,false,,11.00,11.0000,true,1,145948
7290112499813,false,קרחון שרבט בטעם אבטיח פרווה 75 גרם,"גלידת שטראוס בע""\מ, רח'",,אסקימו אבטיח,Unknown,1.00,יחידה,false,,2.90,2.9000,true,1,146823
7290112499837,false,מגנום דואט שוקו לד עם נוגט שטראוס,"מיוצר ע""\י גלידת שטראוס",,מגנום-דואט שוקולד עם,Unknown,1.00,יחידה,false,,11.00,11.0000,true,1,145949
7290112499844,false,מאגדת מיני מגנום דואט שוקולד עם נוגט שטראוס 310 גרם,"מיוצר ע""\י גלידת שטראוס",,מיני מגנום דואט שוקו,Unknown,5.00,יחידה,false,,25.90,5.1800,true,1,145955
7290112499929,false,מגנום שוקולד אימפלס פסח 120מל,"מיוצר ע""\י גלידת שטראוס",,מגנום שוקולד,Unknown,1.00,יחידה,false,,11.00,11.0000,true,1,145950
7290112499936,false,מגנום שקדים אימפלס פסח 125מל,"מיוצר ע""\י גלידת שטראוס",,מגנום שקדים מובחרים,Unknown,1.00,יחידה,false,,11.00,11.0000,true,1,145951
7290112499943,false,מיני מאגדת מיני מגנום טעמים שונים וניל+שוקו,"מיוצר ע""\י גלידת שטראוס",,מיני מגנום קלאסיק חו,Unknown,5.00,יחידה,false,,25.90,5.1800,true,1,145956
7290112707420,true,קופסת אוכל מחולקת –,,,קופסת אוכל מחולקת –,,0.00,,false,,19.90,0.0000,true,1,139523
7290112961624,true,ביסלי וואסבי 60 גרם,,,ביסלי וואסבי 60 גרם,,0.00,,false,,3.90,0.0000,true,1,143714
<<<<<<< HEAD
7290112963918,false,פיטנס חטיפי קרקר דק רוזמרין 140 גרם,נסטלה Nestle,,פיטנס קרקר THIN רוזמ,גרמים,140.00,100 גרם,false,,11.90,0.0850,true,1,148000
7290112967848,false,ג'לי תות שדה מופחת סוכר אסם 90 גרם,מיוצר עי קונדיטוריית,,אסם ג'לי תות שדה מופ,גרמים,90.00,100 גרם,false,,5.90,0.0656,true,1,147849
7290113192171,false,מיקס אגוזים שקדים וחמוציות 150 גרם,דין שיווק,,מיקס אגוזים שקדים וח,גרמים,150.00,100 גרם,false,,12.90,0.0860,true,1,152018
7290113192546,false,"מלפפונים בחומץ רכיבים טבעיים 7-9 ""בית השיטה""",בית-השיטה עסיס תעשיות מז,,בית השיטה מלפפון בחו,גרמים,560.00,100 גרם,false,,7.90,0.0141,true,1,147758
7290113192560,false,בית השיטה פלפל שיפקה חריף כבוש 230 גרם,בית-השיטה עסיס תעשיות מז,,בית השיטה פלפל שיפקה,גרמים,230.00,100 גרם,false,,8.60,0.0374,true,1,149220
7290113194649,false,מלפפונים במלח קוביות בית השיטה 320 גרם,בית-השיטה עסיס תעשיו,,מלפפונים במלח קוביות,גרמים,320.00,100 גרם,false,,10.50,0.0328,true,1,155598
=======
7290112963918,false,פיטנס חטיפי קרקר דק רוזמרין 140 גרם,קבוצת אוסם סחר שותפות מוגבלת,,פיטנס קרקר THIN רוזמ,גרמים,140.00,100 גרם,false,,11.90,0.0850,true,1,148000
7290112967848,false,אבקה להכנת ג`לי בטעם תות אסם (90 גרם) מו,קבוצת אוסם סחר שותפות מוגבלת,,אסם ג'לי תות שדה מופ,גרמים,90.00,100 גרם,false,,5.90,0.0656,true,1,147849
7290113192171,false,מיקס אגוזים שקדים וחמוציות 150 גר`ששון,דין שיווק וקליה 2021 בעמ,,מיקס אגוזים שקדים וח,גרמים,150.00,100 גרם,false,,12.90,0.0860,true,1,152018
7290113192546,false,"מלפפונים בחומץ רכיבים טבעיים 7-9 ""בית השיטה""",קבוצת אוסם סחר שותפות מוגבלת,,בית השיטה מלפפון בחו,גרמים,560.00,100 גרם,false,,7.90,0.0141,true,1,147758
7290113192560,false,פלפל חריף כבוש שיפקה בית השיטה (430 גר`),קבוצת אוסם סחר שותפות מוגבלת,,בית השיטה פלפל שיפקה,גרמים,230.00,100 גרם,false,,8.60,0.0374,true,1,149220
7290113194649,false,מלפפונים במלח קוביות בית השיטה 320 גרם,קבוצת אוסם סחר שותפות מוגבלת,,מלפפונים במלח קוביות,גרמים,320.00,100 גרם,false,,10.50,0.0328,true,1,155598
>>>>>>> d048ac2f4f281c9d788043ab4e81b61b0dbe3743
7290113241190,true,"מסיר לק 100 מ""ל",,,"מסיר לק 100 מ""ל",,0.00,,false,,3.20,0.0000,true,1,140785
7290113470798,false,ניו יורק כפית לבן (1,,,ניו יורק כפית לבן (1,Unknown,10.00,יחידה,false,,4.90,0.4900,true,1,146397
7290113470828,false,ניו יורק כף שקוף (10יח'),,,ניו יורק כף שקוף (10,Unknown,10.00,יחידה,false,,4.90,0.4900,true,1,147483
7290113470941,false,כפפות ניטרל S שחור(100 יחידות ),,,כפפות ניטריל S שחור,Unknown,100.00,יחידה,false,,25.90,0.2590,true,1,146422
7290113474475,false,10' לוקסור שקוף (10,,,10' לוקסור שקוף (10,Unknown,10.00,יחידה,false,,14.90,1.4900,true,1,147501
<<<<<<< HEAD
7290114600927,false,עלי טורטייה חיטה מלאה מאסטר שף 320 גרם,אלקאטי קורביישיסי גי,,עלי טורטיה מחיטה מלא,גרמים,320.00,100 גרם,false,,9.90,0.0309,true,1,149708
7290114600996,false,"רוטב שום מאסטר שף 250 מ""ל",קפה לנדוור,,רוטב שום מאסטר שף 25,מיליליטרים,250.00,"100 מ""ל",false,,9.90,0.0396,true,1,149149
7290114603591,false,PLAY חטיף פוף בטעם קטשופ 40 גרם,מנה,,חטיף תפוח אדמה בטעם,גרמים,40.00,100 גרם,false,,4.40,0.1100,true,1,150569
7290114606578,false,שקדי מרק מאסטר שף 400 גרם,שסטוביץ,,שקדי מרק מאסטר שף 40,גרמים,400.00,100 גרם,false,,10.90,0.0273,true,1,153531
7290114606653,false,פוף כדורים בטעם גריל40ג,מנה,,חטיף תפוח אדמה בטעם,גרמים,40.00,100 גרם,false,,4.40,0.1100,true,1,151073
7290115203172,false,במבה PRO מכיל 18 גרם חלבון בשקית,"אסם השקעות בע""\מ",,במבה פרו 80 גרם,גרמים,80.00,100 גרם,false,,5.20,0.0650,true,1,157048
7290115203486,false,פירורית בטעם ביסלי גריל אסם 200 גרם,עינת תעשיות מזון אגו,,פירורית בטעם ביסלי ג,גרמים,200.00,100 גרם,false,,7.50,0.0375,true,1,151769
7290115205176,false,פיטנס - קרקר דק כפרי פיטנס 140 גרם,נסטלה Nestle,,פיטנס חטיפי קרקר טינ,גרמים,140.00,100 גרם,false,,11.90,0.0850,true,1,154369
7290115207620,false,"רוטב בסגנון סויה קלאסי 290 מ""ל אסם","אסם השקעות בע""\מ",,רוטב בסגנון סויה קלא,מיליליטרים,290.00,"100 מ""ל",false,,12.90,0.0445,true,1,155913
7290115207965,false,סירופ מנגו אפרסק ויטמינצ'יק 1 ליטר,בית-השיטה עסיס תעשיות מז,,ויטמינצ'יק מנגו אפרס,מיליליטרים,1000.00,"100 מ""ל",false,,22.90,0.0229,true,1,154657
7290115208009,false,סירופ ענבים ויטמינצ'יק 1 ליטר,בית-השיטה עסיס תעשיות מז,,ויטמינצ'יק ענבים 1 ל,מיליליטרים,1000.00,"100 מ""ל",false,,22.90,0.0229,true,1,154659
7290115208047,false,סירופ פטל ויטמינצ'יק 1 ליטר,בית-השיטה עסיס תעשיות מז,,ויטמינצ'יק פטל 1 ליט,מיליליטרים,1000.00,"100 מ""ל",false,,22.90,0.0229,true,1,154660
7290115208801,false,לחמית דבש ואגוזים אסם 190 גרם,לחמית,,לחמית דבש ואגוזים 19,גרמים,190.00,100 גרם,false,,10.90,0.0574,true,1,157052
7290115209358,false,במבה במילוי בראוניז אסם 60 גרם,"אסם השקעות בע""\מ",,במבה במילוי בראוניז,גרמים,60.00,100 גרם,false,,4.90,0.0817,true,1,157762
7290115209372,false,במבה במילוי בראוניז 150ג' אסם,"אסם השקעות בע""\מ",,במבה במילוי בראוניז,גרמים,150.00,100 גרם,false,,10.90,0.0727,true,1,157763
=======
7290113476295,false,50 להבונים בשקית,,,50 להבונים בשקית,Unknown,50.00,יחידה,false,,11.90,0.2380,true,1,150168
7290114600927,false,עלי טורטייה חיטה מלאה מאסטר שף 320 גרם,אלקאטי קורביישיסי גי,,עלי טורטיה מחיטה מלא,גרמים,320.00,100 גרם,false,,9.90,0.0309,true,1,149708
7290114600996,false,מאסטר שף רוטב שום 256 גרם,ש. שסטוביץ בע`מ,,רוטב שום מאסטר שף 25,מיליליטרים,250.00,"100 מ""ל",false,,9.90,0.0396,true,1,149149
7290114603591,false,PLAY חטיף פוף בטעם קטשופ 40 גרם,ש. שסטוביץ בע`מ,,חטיף תפוח אדמה בטעם,גרמים,40.00,100 גרם,false,,4.40,0.1100,true,1,150569
7290114606578,false,שקדי מרק מאסטר שף 400 גרם,ש. שסטוביץ בע`מ,,שקדי מרק מאסטר שף 40,גרמים,400.00,100 גרם,false,,10.90,0.0273,true,1,153531
7290114606653,false,"פוף כדורים בטעם גריל 40גר כשל""פ",ש.שסטוביץ בעמ,,חטיף תפוח אדמה בטעם,גרמים,40.00,100 גרם,false,,4.40,0.1100,true,1,151073
7290115203172,false,במבה PRO מכיל 18 גרם חלבון בשקית,קבוצת אוסם סחר שותפות מוגבלת,,במבה פרו 80 גרם,גרמים,80.00,100 גרם,false,,5.20,0.0650,true,1,157048
7290115203486,false,פירורית טעם ביסלי גריל אסם (200 גרם),קבוצת אוסם סחר שותפות מוגבלת,,פירורית בטעם ביסלי ג,גרמים,200.00,100 גרם,false,,7.50,0.0375,true,1,151769
7290115205176,false,729001032825פיטנס חטיפי קרקר כפרי 140גר.,קבוצת אוסם סחר שותפות מוגבלת,,פיטנס חטיפי קרקר טינ,גרמים,140.00,100 גרם,false,,11.90,0.0850,true,1,154369
7290115207620,false,"רוטב בסגנון סויה קלאסי 290 מ""ל אסם",קבוצת אוסם סחר שותפות מוגבלת,,רוטב בסגנון סויה קלא,מיליליטרים,290.00,"100 מ""ל",false,,12.90,0.0445,true,1,155913
7290115207965,false,סירופ מנגו אפרסק ויטמינצ'יק 1 ליטר,קבוצת אוסם סחר שותפות מוגבלת,,ויטמינצ'יק מנגו אפרס,מיליליטרים,1000.00,"100 מ""ל",false,,22.90,0.0229,true,1,154657
7290115208009,false,סירופ ענבים ויטמינצ'יק 1 ליטר,קבוצת אוסם סחר שותפות מוגבלת,,ויטמינצ'יק ענבים 1 ל,מיליליטרים,1000.00,"100 מ""ל",false,,22.90,0.0229,true,1,154659
7290115208047,false,סירופ פטל ויטמינצ`יק (1 ליטר),קבוצת אוסם סחר שותפות מוגבלת,,ויטמינצ'יק פטל 1 ליט,מיליליטרים,1000.00,"100 מ""ל",false,,22.90,0.0229,true,1,154660
7290115208801,false,קרקר לחמית דבש ואגוזים אסם (190 גרם),קבוצת אוסם סחר שותפות מוגבלת,,לחמית דבש ואגוזים 19,גרמים,190.00,100 גרם,false,,10.90,0.0574,true,1,157052
7290115209358,false,במבה במילוי בראוניז אסם (60 גרם),קבוצת אוסם סחר שותפות מוגבלת,,במבה במילוי בראוניז,גרמים,60.00,100 גרם,false,,4.90,0.0817,true,1,157762
7290115209372,false,במבה במילוי בראוניז 150 גרם אוסם,קבוצת אוסם סחר שותפות מוגבלת,,במבה במילוי בראוניז,גרמים,150.00,100 גרם,false,,10.90,0.0727,true,1,157763
>>>>>>> d048ac2f4f281c9d788043ab4e81b61b0dbe3743
7290115400847,false,עוגיות פרפריות רמי לוי 500 גרם,,,עוגיות פרפריות רמי ל,גרמים,500.00,100 גרם,false,,14.90,0.0298,true,1,155856
7290115400885,false,עוגיות עינוגי שוקולד רמי לוי 500 גרם,,,עוגיות עינוגי שוקולד,גרמים,500.00,100 גרם,false,,14.90,0.0298,true,1,155860
7290115401110,false,עוגיות מיני מרוקאי רמי לוי 500 גרם,,,עוגיות בסגנון מרוקאי,גרמים,500.00,100 גרם,false,,14.90,0.0298,true,1,155864
7290115401196,false,עוגיות קוואקר פריכות רמי לוי 500 גרם,,,עוגיות קוואקר פריכות,גרמים,500.00,100 גרם,false,,14.90,0.0298,true,1,155867
7290115675559,false,מארז קפה טורקי לדרך 10 יחידות,שטראוס קפה בי.וי.,,מארז טורקי לדרך 70 ג,גרמים,70.00,100 גרם,false,,8.70,0.1243,true,1,154586
7290115675986,false,דנונה יוגורט בר עם אגוזים מקורמלים 173 גרם,שטראוס גרופ בעמ/מצונן,,דנונה בר עם אגוזים מ,גרמים,173.00,100 גרם,false,,4.80,0.0277,true,1,150929
7290115676082,false,משקה דנונה פרו 20 יוגורט תות 255 ג' רבנות,שטראוס גרופ בעמ/מצונן,,משקה דנונה פרו 20 תו,גרמים,250.00,100 גרם,false,,7.50,0.0300,true,1,152510
7290115676099,false,משקה דנונה פרו 20 יוגורט וניל 255 ג' רבנות,שטראוס גרופ בעמ/מצונן,,משקה דנונה פרו 20 ונ,גרמים,255.00,100 גרם,false,,7.50,0.0294,true,1,152511
7290115678376,false,מעדן הגולן שוקולד 125 גרם,שטראוס גרופ בעמ/מצונן,,מעדן הגולן שוקולד 12,גרמים,125.00,100 גרם,false,,2.90,0.0232,true,1,152798
7290115678383,false,מעדן הגולן שוקולד מריר בודד 125גר,שטראוס גרופ בעמ/מצונן,,מעדן הגולן שוקולד מר,גרמים,125.00,100 גרם,false,,2.90,0.0232,true,1,152799
7290116052717,false,כפית שקוף רמי לוי 40,,,כפית שקוף רמי לוי 40,100 יחידה,40.00,100 יחידה,false,,7.90,0.1975,true,1,156630
7290116055657,false,כוסות חד פעמי לשתייה חמה 40 יח,,,כוס חם 8 (40 יח') רמ,100 יחידה,40.00,100 יחידה,false,,9.90,0.2475,true,1,156303
7290116055664,false,כוסות שתיה חמה 40 יחידות,,,כוס חם 10 רמי לוי,Unknown,40.00,יחידה,false,,17.90,0.4475,true,1,155559
7290116242408,false,מיני פופ סוכריה על מקל עם כדור 8 גר' ריינבוקורן,Unknown,,מיני פופ סוכריה על מ,גרמים,8.00,100 גרם,false,,10.90,1.3625,true,1,155217
7290116247045,false,LOLשוקולד חלב על מקל 30 גרם כוח פי גיי,שמחה זה אנחנו בעמ,,שוקולד חלב לול 30 גר,גרמים,30.00,100 גרם,false,,5.90,0.1967,true,1,155218
7290116247076,false,שוקולד חלב על מקל 30 גרם סמי הכבאי,שמחה זה אנחנו,,שוקולד חלב סמי הכבאי,גרמים,30.00,100 גרם,false,,5.90,0.1967,true,1,155221
7290116530185,false,"קורנפלקס דלישקד קרמל מלוח 400 גרם בד""ץ",יוניליוור ישראל שיווק בע`מ,,דלישקד 400 גרם תלמה,גרמים,400.00,100 גרם,false,,20.90,0.0522,true,1,153284
7290116530482,false,תלמה מארז קורנפלקס אלופים 30 גרם*5 יחידו,יוניליוור ישראל שיווק בע`מ,,מאגדת קורנפלקס של אל,גרמים,150.00,100 גרם,false,,13.90,0.0927,true,1,152859
7290116530871,false,נשנושים מיקס בייגל בייגל 240 גרם,יוניליוור ישראל שיווק בע`מ,,נשנושים מיקס 240 גרם,גרמים,240.00,100 גרם,false,,12.90,0.0538,true,1,156088
7290116531885,false,"מיונז הלמנס טיבעוני בד""ץ 500 גר",יוניליוור ישראל שיווק בע`מ,,ממרח טבעוני ויגן תלמ,גרמים,500.00,100 גרם,false,,13.90,0.0278,true,1,156372
7290116532011,false,קליק אוקיי נוגט בציפוי שוקולד חלב 35 גרם,יוניליוור ישראל שיווק בע`מ,,חטיף נוגט קליק 35 גר,גרמים,35.00,100 גרם,false,,4.90,0.1400,true,1,155238
7290116532219,false,קורנפלקס תות תלמה אלופים 448 גרם,"יוניליוור ישראל שיווק בע""מ",,קורנפלקס תות דגני בו,גרמים,448.00,100 גרם,false,,18.90,0.0422,true,1,156092
7290116532400,false,בייגל בייגל בייגלה מקלות עם מלח 235ג,"יוניליוור ישראל שיווק בע""מ",,בייגלה עם מלח אחד אח,גרמים,235.00,100 גרם,false,,6.90,0.0294,true,1,156373
7290116930282,false,ארוחה בקטנה לאבנה עם קרקרים 150ג' תנובה,"תנובה בע""מ ***",,ארוחה בקטנה לאבנה עם,גרמים,150.00,100 גרם,false,,8.90,0.0593,true,1,156952
7290116930435,false,יופלה גו במרקם סמיך עם דובדבן 0% 200מל,תנובה מרכז שיתופי לש,,יוגורט יופלה גו סמיך,גרמים,200.00,100 גרם,false,,5.90,0.0295,true,1,155852
7290116930459,false,"יופלה שייק מנגו בננה אננס וקוקוס 230 מ""ל",קבוצת המזון אקטשלאר,,יופלה שייק בננה אננ,מיליליטרים,230.00,"100 מ""ל",false,,7.90,0.0343,true,1,156313
7290116930466,false,"משקה SHAKE בננה מנגן פסיפלורה והל 230 מ""ל יופלה",קבוצת המזון אקטשלאר,,יופלה שייק מנגו בננ,מיליליטרים,230.00,"100 מ""ל",false,,7.90,0.0343,true,1,156314
7290116930480,false,"משקה SHAKE בננה קיווי תפוח 230 מ""ל יופלה",קבוצת המזון אקטשלאר,,יופלה שייק בננה קיו,מיליליטרים,230.00,"100 מ""ל",false,,7.90,0.0343,true,1,156315
7290116930626,false,ארוחה בקטנה ציזיקי עם קרקרים 150ג' תנובה,"תנובה בע""מ ***",,ארוחה בקטנה ציזיקי ע,גרמים,150.00,100 גרם,false,,8.90,0.0593,true,1,156953
7290116930657,false,"משקה חלב גו בטעם בננה תמר בתוספת שיבולת שועל במרקם חלק 340 מ""ל",תנובה מרכז שיתופי לש,,משקה חלב גו בננה תמר,גרמים,340.00,100 גרם,false,,7.90,0.0232,true,1,157770
7290116930701,false,מעדן חלב GO מועשר בחלבון בטעם קרמל מלוח,תנובה מרכז שיתופי לש,,מעדן חלב גו בטעם קרמ,גרמים,120.00,100 גרם,false,,5.30,0.0442,true,1,156321
7290116931081,false,מעדן סויה - טופי קרמל 125 גרם אלטרנטיב,תנובה מרכז שיתופי לש,,מעדן סויה בטעם טופי,גרמים,125.00,100 גרם,false,,4.50,0.0360,true,1,156955
<<<<<<< HEAD
7290116931104,false,יופלה GO במרקם סמיך עם אננס 0% תנובה 200 גרם,תנובה חלב,,יופלה גו במרקם סמיך,גרמים,200.00,100 גרם,false,,5.90,0.0295,true,1,156956
=======
7290116931104,false,יופלה GO במרקם סמיך עם אננס 0% תנובה 200 גרם,"תנובה בע""מ ***",,יופלה גו במרקם סמיך,גרמים,200.00,100 גרם,false,,5.90,0.0295,true,1,156956
>>>>>>> d048ac2f4f281c9d788043ab4e81b61b0dbe3743
7290117260340,false,גבינת שמנת טבעי 22% 200ג רמילוי,,,גבינת שמנת טבעי 22%,גרמים,200.00,100 גרם,false,,10.90,0.0545,true,1,155903
7290117260432,false,פטריות שמפניון חתוכות 400ג רמילוי,,,פטריות חתוכות רמי לו,גרמים,400.00,100 גרם,false,,4.90,0.0123,true,1,155962
7290117260814,false,תן בו בציפוי בטעם שוקולד מריר ושבבי קוקוס 300 גרם,ג.וילי-פוד אינטרנשיונל בעמ,,תן בו בטעם וניל בציפ,גרמים,300.00,100 גרם,false,,20.90,0.0697,true,1,154166
7290117261354,false,גבינת ריקוטה 200 גרם 5%שומן מחלבת אירופה,ג.וילי-פוד אינטרנשיונל **גבינו,,גבינת ריקוטה יורו 20,גרמים,200.00,100 גרם,false,,10.90,0.0545,true,1,157427
7290117261606,false,פרוסות צהובה בטעם טבעי טבעוני 140 גרם,ג.וילי פוד אינטרנשיונל בעמ,,פרוסות צהובה טבעונית,גרמים,140.00,100 גרם,false,,17.90,0.1279,true,1,157460
7290117262030,false,רגע-וופל במילוי קרם טעם שוקולד 200 גרם ויליפוד,ג.וילי פוד אינטרנשיונל בעמ,,וופל במילוי קרם בטעם,גרמים,200.00,100 גרם,false,,14.90,0.0745,true,1,156431
7290117262061,false,רגע-וופל במילוי טעם קקאו ואגוזי לוז 200 גרם ויליפוד,ג.וילי פוד אינטרנשיונל בעמ,,וופל במילוי קרם בטעם,גרמים,200.00,100 גרם,false,,14.90,0.0745,true,1,156434
7290117262238,false,"משקה יוגורט פרוביוטי עם תות שדה 200מ""ל 2.3%שומן יורו",ג.וילי-פוד אינטרנשיונל **גבינו,,משקה יוגורט עם תות ש,מיליליטרים,200.00,"100 מ""ל",false,,4.90,0.0245,true,1,157096
7290117262245,false,"משקה יוגורט פרוביוטי עם אפרסק ומשמש 200מ""ל 2.3%שומן יורו",ג.וילי-פוד אינטרנשיונל **גבינו,,משקה יוגורט עם אפרסק,100 0,200.00,100 0,false,,4.90,0.0245,true,1,157098
7290117821459,false,ביצת הפתעה עם סוכ.דינוזא,שמחה,,ביצת הפתעה עם סוכריו,גרמים,20.00,100 גרם,false,,7.90,0.3950,true,1,157628
7290117900932,false,גרעיני אבטיח קלויים 130 גרם,דין שיווק וקליה 2021 בעמ,,גרעיני אבטיח קלויים,גרמים,130.00,100 גרם,false,,10.90,0.0838,true,1,156462
7290117901007,false,פיסטוקים קלויים ששון הקולה 130 גרם,דין שיווק וקליה 2021 בעמ,,פיסטוקים קלויים ששון,גרמים,130.00,100 גרם,false,,15.90,0.1223,true,1,156469
7290117901021,false,קבוקים בוטנים מצופים עם שומשום 220 גרם,דין שיווק וקליה 2021 בעמ,,קבוקים בוטנים מצופים,גרמים,220.00,100 גרם,false,,10.90,0.0495,true,1,156471
7290117901045,false,בוטן רביולי ששון הקולה 200 גרם,דין שיווק וקליה 2021 בעמ,,בוטן רביולי ששון הקו,גרמים,200.00,100 גרם,false,,15.90,0.0795,true,1,156473
7291008085035,true,"תמר מג""הול 200 גרם",,,"תמר מג""הול 200 גרם",,0.00,,false,,5.00,0.0000,true,1,133075
7293110630409,true,סט יופי - צעצוע,,,סט יופי - צעצוע,,0.00,,false,,5.00,0.0000,true,1,134918
7293110630416,true,סט כלי עבודה - צעצוע,,,סט כלי עבודה - צעצוע,,0.00,,false,,5.00,0.0000,true,1,134919
7293110630423,true,סט רופא - צעצוע,,,סט רופא - צעצוע,,0.00,,false,,5.00,0.0000,true,1,134920
7293110630430,true,משחק דגים - צעצוע,,,משחק דגים - צעצוע,,0.00,,false,,5.00,0.0000,true,1,134921
7293110630447,true,חיות בשקית - צעצוע,,,חיות בשקית - צעצוע,,0.00,,false,,5.00,0.0000,true,1,134922
7293110630454,true,סט שוטר,,,סט שוטר,,0.00,,false,,5.00,0.0000,true,1,134923
7297535004488,true,זוג ציפיות,,,זוג ציפיות,,0.00,,false,,10.00,0.0000,true,1,133115
7299916670042,true,קופיקס קרוטונים 1 ק',,,קופיקס קרוטונים 1 ק',,0.00,,false,,2999.90,0.0000,true,1,144721
7312040017683,false,מארז אבסולוט רגיל(וודקה {}{700 עם כוס,טמפו משקאות בע`מ,,"וודקה אבסולוט 700 מ""",מיליליטרים,700.00,"100 מ""ל",false,,67.90,0.0970,true,1,136223
7350022390386,true,קקאו הולנדי ואן הוטן,,,קקאו הולנדי ואן הוטן,,0.00,,false,,11.90,0.0000,true,1,140194
7501013101348,false,"ג'ומקס מנגו בקבוק 473 מ""ל תריסר",חומקס קומר קומרסאליזדורה,,ג'ומקס נקטר מנגו 473,מיליליטרים,473.00,"100 מ""ל",false,,8.80,0.0186,true,1,144550
7501013101355,false,"נקטר בטעם אפרסק 500 מ""ל JUMEX",חומקס קומר קומרסאליזדורה,,ג'ומקס נקטר אפרסק 47,מיליליטרים,473.00,"100 מ""ל",false,,8.80,0.0186,true,1,144551
7501013101393,false,"ג'ומקס אננס בקבוק 473 מ""ל תריסר",חומקס קומר קומרסאליזדורה,,ג'ומקס משקה אננס 473,מיליליטרים,473.00,"100 מ""ל",false,,8.80,0.0186,true,1,144553
7501013132052,true,ג'ומקס נקטר אפרסק בק,,,ג'ומקס נקטר אפרסק בק,,0.00,,false,,10.00,0.0000,true,1,140075
7501035010109,true,טקילה קוורבו אספסיאל,,,טקילה קוורבו אספסיאל,,0.00,,false,,0.00,0.0000,true,1,134548
7501035042155,true,טקילה קוורבו גולד 1,,,טקילה קוורבו גולד 1,,0.00,,false,,0.00,0.0000,true,1,134549
7502004507132,false,כוסות אספרסו רמי לוי,רמי לוי,,כוס שתיה חמה אספרסו,Unknown,40.00,יחידה,false,,8.90,0.2225,true,1,145088
7502004507149,false,כוסות שתיה חמה רמי לוי 50 יח,רמי לוי,,כוסות נייר שתיה חמה,Unknown,50.00,יחידה,false,,9.90,0.1980,true,1,139020
7613032202149,true,סוכריות סמרטיז 38 גר,,,סוכריות סמרטיז 38 גר,,0.00,,false,,0.00,0.0000,true,1,137248
7613033692383,true,מטרנה מחית תפוחי עץ,,,מטרנה מחית תפוחי עץ,,0.00,,false,,5.00,0.0000,true,1,141547
7613037693041,true,ליון דגני בוקר שוקול,,,ליון דגני בוקר שוקול,,0.00,,false,,0.01,0.0000,true,1,144662
7613287525758,false,"פרייה מים מוגזים 500 מ""ל",סן-פלגרינו,,פרייה מים מינרליים 5,מיליליטרים,500.00,"100 מ""ל",false,,4.90,0.0098,true,1,157468
7622200006472,true,מילקה - שוקולד מריר,,,מילקה - שוקולד מריר,,0.00,,false,,5.00,0.0000,true,1,133311
7622210007469,true,מילקה - שוקולד חלב ע,,,מילקה - שוקולד חלב ע,,0.00,,false,,5.00,0.0000,true,1,133313
7622210007476,true,מילקה - שוקולד חלב ע,,,מילקה - שוקולד חלב ע,,0.00,,false,,5.00,0.0000,true,1,133314
7622210463289,true,מילקה חטיף אוראו 41,,,מילקה חטיף אוראו 41,,0.00,,false,,5.00,0.0000,true,1,135530
7622210723666,true,מילקה חטיף אוראו 37,,,מילקה חטיף אוראו 37,,0.00,,false,,0.00,0.0000,true,1,136513
7622300291785,true,מילקה - שוקולד חלב ב,,,מילקה - שוקולד חלב ב,,0.00,,false,,5.00,0.0000,true,1,133318
7622400719066,true,מילקה - שוקולד חלב ב,,,מילקה - שוקולד חלב ב,,0.00,,false,,5.00,0.0000,true,1,133321
7622400806612,true,מילקה - שוקולד חלב ב,,,מילקה - שוקולד חלב ב,,0.00,,false,,5.00,0.0000,true,1,133322
7630477891714,false,סטארבקס קפסולות קפה אספרסו 10 יחידות,קבוצת אוסם סחר שותפות מוגבלת,,קפסולות קפה אספרסו ר,גרמים,57.00,100 גרם,false,,22.90,0.4018,true,1,149675
7777555507843,false,"מסננת ידית ברזל 20 ס""מ",ד.ג.ש ייבוא ושיווק בעמ,,מסננת ידית ברזל 20 ס,Unknown,1.00,יחידה,false,,16.00,16.0000,true,1,148531
7777555515497,false,קרש חיתוך במבוק איכותי,,,קרש חיתוך במבוק איכו,Unknown,1.00,יחידה,false,,19.90,19.9000,true,1,150518
7777555515862,false,סט 6 כוסות לשתיה קרה,,,סט 6 כוסות שתייה,Unknown,1.00,יחידה,false,,15.90,15.9000,true,1,156810
7777886600084,false,שישיית מזלגות,ד.ג.ש ייבוא ושיווק בעמ,,שישיית מזלגות,Unknown,1.00,יחידה,false,,9.90,9.9000,true,1,147251
7777886600732,false,קליפסים ארוכים לשקיות,ד.ג.ש ייבוא ושיווק בעמ,,קליפסים ארוכים לשקיו,Unknown,1.00,יחידה,false,,6.90,6.9000,true,1,147549
7920005431364,true,"עוגת גבינה כלש""פ",,,"עוגת גבינה כלש""פ",,0.00,,false,,6.00,0.0000,true,1,138247
8000380007264,false,וופל לואקר ממולא קרם קקאו 175 גרם,קריניציה ויטמינה אס,,ופלים שוקולד קרם קקא,גרמים,175.00,100 גרם,false,,11.90,0.0680,true,1,150903
8000380153442,false,וופל קלאסיק בטעם אגוזים לואקר 90 גרם,ליימן שליסל,,לואקר בטעם אגוז 90 ג,גרמים,90.00,100 גרם,false,,5.00,0.0556,true,1,142926
8000380153466,false,וופל קלאסיק בטעם קקאו לואקר 90 גרם,קריניציה ויטמינה אס,,לואקר בטעם קקאו 90 ג,גרמים,90.00,100 גרם,false,,5.00,0.0556,true,1,142927
8000380192588,false,וופלים קואדרטיני דאבל שוקולד לואקר 250 גרם,קריניציה ויטמינה אס,,קואדרטיני דאבל שוקול,גרמים,250.00,100 גרם,false,,14.90,0.0596,true,1,146785
8000380205400,false,וופלים קואדרטיני חמאת בוטנים לואקר 250 גרם,ליימן שליסל בע`מ,,וופל קואדרטיני חמאת,גרמים,250.00,100 גרם,false,,14.90,0.0596,true,1,155591
8000500039106,true,קינדר ביצת הפתעה 20,,,קינדר ביצת הפתעה 20,,0.00,,false,,5.00,0.0000,true,1,134562
8000500073698,true,קינדר בואנו חלב 43 ג,,,קינדר בואנו חלב 43 ג,,0.00,,false,,3.70,0.0000,true,1,134563
8000500267103,false,קינדר דליס עוגת ספוג קקאו במילוי חלבי*10,פרימיום-חברה לדברי מתיקה ולמסח,,קינדר עוגיות אישיות,גרמים,390.00,100 גרם,false,,20.00,0.0513,true,1,141361
8000798000161,true,ראש מטאטא,,,ראש מטאטא,,0.00,,false,,5.00,0.0000,true,1,132385
8001090810205,true,פנטן שמפו נוסחה קלאס,,,פנטן שמפו נוסחה קלאס,,0.00,,false,,15.90,0.0000,true,1,140859
8001090988843,true,פנטן מרכך לחות מוגבר,,,פנטן מרכך לחות מוגבר,,0.00,,false,,15.90,0.0000,true,1,140864
8001160000888,false,"גטורייד משקה ספורט תפוז 500 מ""ל",אקווה מינרלה סאן בנדטו,,גטורייד ספורט תפוז 5,מיליליטרים,500.00,"100 מ""ל",false,,10.40,0.0208,true,1,147568
8001160001786,false,"משקה אנרגיה גטורייד ספורט כחול 500מ""ל",אקווה מינרלה סאן בנדטו,,גטורייד ספורט כחול 5,מיליליטרים,500.00,"100 מ""ל",false,,10.40,0.0208,true,1,147569
8001160001892,false,"משקה אנרגיה גטורייד ספורט תפוז אדום 500מ""ל",אקווה מינרלה סאן בנדטו,,גטורייד ספורט תפוז א,מיליליטרים,500.00,"100 מ""ל",false,,10.40,0.0208,true,1,147570
8001250003652,true,רדיאטורי 500 גרם,,,רדיאטורי 500 גרם,,0.00,,false,,11.90,0.0000,true,1,143411
8001250009999,true,ניוקי 500 גרם DE CEC,,,ניוקי 500 גרם DE CEC,,0.00,,false,,9.90,0.0000,true,1,141050
8001250120069,true,פטוצ'לה 500 גרם 6 D,,,פטוצ'לה 500 גרם 6 D,,0.00,,false,,10.90,0.0000,true,1,143412
8001250120120,true,ספגטי 500 גרם 12 DE,,,ספגטי 500 גרם 12 DE,,0.00,,false,,10.90,0.0000,true,1,143413
8001620015612,false,"משקה פירות פרוטה-גזר תפוז לימון 400 מ""ל סאן בנדטו",אקווה מינרלה סאן בנדטו ב,,סן בנדטו גזר תפוז לי,מיליליטרים,400.00,"100 מ""ל",false,,7.30,0.0182,true,1,151699
8001620015636,false,"משקה פירות פרוטה-מיקס פירות 400 מ""ל סאן בנדטו",אקווה מינרלה סאן בנדטו ב,,סן בנדטו מיקס פירות,מיליליטרים,400.00,"100 מ""ל",false,,7.30,0.0182,true,1,151700
8001620018408,false,"משקה פירות בטעם מנגו תפוח 400 מ""ל פרוטה",אקווה מינרלה סאן בנדטו ב,,סן בנדטו מנגו תפוח 4,מיליליטרים,400.00,"100 מ""ל",false,,7.30,0.0182,true,1,153956
8001620019160,false,"סן בנדטו מים מינרלים בטעם אפרסק 500 מ""ל",אקווה מינרלה סאן בנדטו ב,,סן בנדטו אפרסק 400 מ,מיליליטרים,400.00,"100 מ""ל",false,,6.90,0.0172,true,1,156079
8001620019177,false,"סן בנדטו מים מינרלים בטעם ענבים 500 מ""ל",אקווה מינרלה סאן בנדטו ב,,סן בנדטו ענבים 400 מ,מיליליטרים,400.00,"100 מ""ל",false,,6.90,0.0172,true,1,156080
8002267002270,false,"מאגדת פולרטי חטיפי קרח בטעמי פירות 10*40מ""ל",שסטוביץ,,פולרטי חטיפי קרח 400,גרמים,400.00,100 גרם,false,,8.90,0.0223,true,1,143781
<<<<<<< HEAD
8002270846472,false,סן פלגרינו מים מינרליים טבעיים מוגזים,סן-פלגרינו,,מים מינרליים סן פלגר,מיליליטרים,500.00,"100 מ""ל",false,,4.90,0.0098,true,1,157549
8003440997710,false,מסטיק ביג באבול בטעם קולה לימון צ'ופה צ'ופס 27.6 גרם,מותגים,,גומי לעיסה ביג באבול,גרמים,27.60,100 גרם,false,,2.90,0.1051,true,1,153182
=======
8002270846472,false,סן פלגרינו מים מינרליים טבעיים מוגזים,טמפו משקאות בעמ,,מים מינרליים סן פלגר,מיליליטרים,500.00,"100 מ""ל",false,,4.90,0.0098,true,1,157549
8003440997710,false,מסטיק ביג באבול בטעם קולה לימון צ'ופה צ'ופס 27.6 גרם,ליימן שליסל בעמ,,גומי לעיסה ביג באבול,גרמים,27.60,100 גרם,false,,2.90,0.1051,true,1,153182
>>>>>>> d048ac2f4f281c9d788043ab4e81b61b0dbe3743
8004030026018,false,"מקסיקני עם טונה ריו מרה אינסלטיסימי, 160 ג'","בולטון אלימנטרי בע""\מ",,סלט ירקות שעועית ותי,גרמים,160.00,100 גרם,false,,15.90,0.0994,true,1,144065
8004030044005,false,נתחי טונה בהירה בשמן זית ריו מרה 112גרם,"בולטון אלימנטרי בע""\מ",,טונה בהירה בשמן זית,גרמים,160.00,100 גרם,false,,16.90,0.1056,true,1,140676
8004030344938,false,"ריו מרה טונה בשמן זית 3X80 גרם מתכון חדש כשל""פ","בולטון אלימנטרי בע""\מ",,נתתי טונה בהירה בשמן,גרמים,240.00,100 גרם,false,,24.90,0.1037,true,1,140677
8005200256587,false,נסטי - תה קר בטעם אפרסק 1.5 ליטר,מפעל סאנפלגרינו S.P.A,,נסטי אפרסק 1.5 ליטר,מיליליטרים,1500.00,"100 מ""ל",false,,8.90,0.0059,true,1,153876
<<<<<<< HEAD
8005200286584,false,נסטי- תה קר - בטעם מנגו אננס 1.5 ליטר,מפעל סאנפלגרינו S.P.A,,נסטי מנגו אננס 1.5 ל,מיליליטרים,1500.00,"100 מ""ל",false,,9.20,0.0061,true,1,153877
8006423162556,false,מטבעות שוקולד ברשת 50 גרם SORINI,סוריני,,שוק' סוריני מטבעות 5,גרמים,50.00,100 גרם,false,,4.00,0.0800,true,1,151201
=======
8005200286584,false,תה קר נסטי מנגו אננס 1.5 ליטר פיקדון,מפעל סאנפלגרינו S.P.A,,נסטי מנגו אננס 1.5 ל,מיליליטרים,1500.00,"100 מ""ל",false,,9.20,0.0061,true,1,153877
8005200316588,false,תה קר נסטי אפרסק דיאט 1.5 ליטר פיקדון,מפעל סאנפלגרינו s.p.a,,נסטי דיאט אפרסק 1.5,מיליליטרים,1500.00,"100 מ""ל",false,,8.90,0.0059,true,1,153878
>>>>>>> d048ac2f4f281c9d788043ab4e81b61b0dbe3743
8006423461055,false,בונבוניירה בקבוק 280 גר FUEGO SORINI,SORINI-Holding Dolci,,שוק' בונ' בקבוק פואג,גרמים,280.00,100 גרם,false,,40.00,0.1429,true,1,151211
8006423461987,false,בונבוניירה סילין 300 גרם SORINI,הולדינג דולסיירה,,סוריני סילין שוקולד,גרמים,300.00,100 גרם,false,,35.00,0.1167,true,1,151215
8006423468801,false,בונבוניירה סוריני טיפי כדור 30 גר,HDI SORINI,,בונ' סוריני משושה 34,גרמים,340.00,100 גרם,false,,30.00,0.0882,true,1,151230
8008912010423,false,פסטה פנה ריגטה מס (42 500 גר`)ליגורי,תה ויסוצקי (ישראל) בעמ,,פסטה ריגטה 42 ליגורי,גרמים,500.00,100 גרם,false,,7.90,0.0158,true,1,154043
8013108003547,false,בונבוניירה נוציולאטו 165 גר CAFFAREL,CAFFAREL,,בונ' קורנט נוציולאטו,גרמים,165.00,100 גרם,false,,29.90,0.1812,true,1,151237
8022470253566,false,MAX פארטי עדשים 250 ג PRISCO BICIOCO,,,MAX פארטי עדשים 250,גרמים,250.00,100 גרם,false,,13.90,0.0556,true,1,151252
8023492000091,false,סטיק שוקולד גינדויה חלב עם אגוז 150 DG 3,די.גי 3 דולצאריה ס.ר,,שוקולד ג'נדויה חלב ע,גרמים,150.00,100 גרם,false,,14.90,0.0993,true,1,151257
8023492000336,false,סטיק שוקולד מריר עם אגוזים 150 גר DG 3,די.גי 3 דולצאריה ס.ר,,שוקולד מריר עם אגוזי,גרמים,150.00,100 גרם,false,,14.90,0.0993,true,1,151259
8023492004518,false,טבלת שוקולד מריר שקדים 225 גר DJ3,Dg3 dolciaria,,שוקולד מריר עם שקדים,גרמים,228.00,100 גרם,false,,14.90,0.0654,true,1,155203
8033413430708,true,בקבוק ספורט מעוצב 2.,,,"לימונצ""אלו 700 מ""ל",,0.00,,false,,0.00,0.0000,true,1,134570
8076800195057,false,ברילה - צ.א ספגטי מס5 חדש 500 גרם,ברילה גי.אי.אר פרטלי ס.פ,,פסטה ספגטי מספר 5 בר,גרמים,500.00,100 גרם,false,,8.50,0.0170,true,1,142959
8076809513692,false,רוטב עגבניות נפולטנה בתוספת ירקות,ברילה גי.אי.אר פרטלי ס.פ,,רוטב עגבניות לפסטה ע,גרמים,400.00,100 גרם,false,,14.90,0.0373,true,1,136188
8076809523561,false,ברילה - רוטב פסטה בטעם טוסקנה 400 גרם,ברילה גי.אי.אר פרטלי ס.פ,,רוטב עגבניות לפסטה ע,גרמים,400.00,100 גרם,false,,14.90,0.0373,true,1,142964
8076809537100,true,ברילה סלנטיני 500 גר,,,ברילה סלנטיני 500 גר,,0.00,,false,,5.00,0.0000,true,1,142968
8410793481931,true,אסטרייה שנדי דאורה -,,,אסטרייה שנדי דאורה -,,0.00,,false,,8.90,0.0000,true,1,139677
8420241132445,true,שוקולד מריר 100 70%,,,שוקולד מריר 100 70%,,0.00,,false,,5.00,0.0000,true,1,132709
8423207206488,false,סלים דליס חטיף דגנים מצופה שוקולד חלב מרבה 6*20 גרם,אף.סי תבליני בגליל ב,,חטיף דגנים מלאים מצו,Unknown,5.00,יחידה,false,,10.90,2.1800,true,1,136191
8535233233205,true,בלנדר-שייקר נטען BEN,,,בלנדר-שייקר נטען BEN,,0.00,,false,,99.00,0.0000,true,1,142530
8535263343325,true,בלנדר-שייקר נטען BEN,,,בלנדר-שייקר נטען BEN,,0.00,,false,,99.00,0.0000,true,1,142531
8593838987831,true,רקסונה ספריי כותנה 1,,,רקסונה ספריי כותנה 1,,0.00,,false,,11.90,0.0000,true,1,144294
8593893007499,true,סיני מיניס בר דגנים,,,סיני מיניס בר דגנים,,0.00,,false,,5.00,0.0000,true,1,132839
8594011530141,true,"בירה רוהוזתס 500 מ""ל",,,"בירה רוהוזתס 500 מ""ל",,0.00,,false,,5.00,0.0000,true,1,132687
8690504153733,true,גודייבה חלב קרם קרמל,,,גודייבה חלב קרם קרמל,,0.00,,false,,14.90,0.0000,true,1,142463
8690521017124,false,"מרכך דאב דמג תרפי לשיער רגיל 400 מ""ל",יוניליוור ישראל שיווק בעמ,,דאב מרכך לטיפוח יום,מיליליטרים,400.00,"100 מ""ל",false,,15.90,0.0398,true,1,144296
8690526009254,false,מיני עוגה אישית מצופה במילוי קרם קקאו 144ג',"GIDA ETI , טורקיה n\",,מיני עוגה אישית מצופ,גרמים,144.00,100 גרם,false,,9.90,0.0688,true,1,147782
8690632054469,true,וופל קראנץ 30 גרם,,,וופל קראנץ 30 גרם,,0.00,,false,,5.00,0.0000,true,1,134582
8690637007705,false,מסטיגם וניל מסטיק על מקל ללא סוכר,"מיוצר ע""י יוניליוור",,מסטיגם,Unknown,1.00,יחידה,false,,6.50,6.5000,true,1,145164
8690637842382,false,מגנום דאבל פרי יער שטראוס 82 גר,"מיוצר ע""\י יונילוור סנאי",,מגנום דאבל פרי יער,Unknown,1.00,יחידה,false,,11.00,11.0000,true,1,145167
8690637871245,false,הלמנס מיונז אמיתי 395 גר' בקבוק לחיץ.,יוניליוור ישראל שיווק בע`מ,,הלמנס מיונז לחיץ 395,גרמים,395.00,100 גרם,false,,14.90,0.0377,true,1,144301
8690637989629,false,מגנום דאבל דולצ'ה גולד בטעם וניל עם ריפל בטעם שוקולד 246 גרם,יונילוור סנאיי וי טיג'\,,מגנום דאבל דולצ'ה גו,Unknown,1.00,יחידה,false,,11.00,11.0000,true,1,151474
8690758962402,true,פדים קוסמטיים לאיפור,,,פדים קוסמטיים לאיפור,,0.00,,false,,8.50,0.0000,true,1,140364
8690784511223,true,סבון לניקוי אסלה ר .,,,סבון לניקוי אסלה ר .,,0.00,,false,,5.00,0.0000,true,1,134825
8690946240053,true,פסטה פוזילי 400 גרם,,,פסטה פוזילי 400 גרם,,0.00,,false,,5.00,0.0000,true,1,132368
8690946240190,true,פסטה פנה 400 גרם,,,פסטה פנה 400 גרם,,0.00,,false,,5.00,0.0000,true,1,132369
8691257500393,true,צלחת חד פעמי עמוקה5,,,צלחת חד פעמי עמוקה5,,0.00,,false,,0.00,0.0000,true,1,138658
8693495050333,false,"פלמוליב סבון נוזלי לגבר לימון ירוק 500 מ""ל",קולגייט-פלמוליב,,ג'ל רחצה לגבר 2 ב 1,מיליליטרים,500.00,"100 מ""ל",false,,17.90,0.0358,true,1,150102
8693495051002,true,קולגייט מברשת ילדים,,,קולגייט מברשת ילדים,,0.00,,false,,11.90,0.0000,true,1,140965
8696276540221,true,שקיות צלייה 10 יחידו,,,שקיות צלייה 10 יחידו,,0.00,,false,,0.00,0.0000,true,1,134583
8697434520499,true,שישייה GOOD אננס,,,שישייה GOOD אננס,,0.00,,false,,10.90,0.0000,true,1,143174
8697704011009,true,משחת נעליים+ספוג שחו,,,משחת נעליים+ספוג שחו,,0.00,,false,,5.00,0.0000,true,1,132524
8697704011023,true,משחת נעליים+ספוג חום,,,משחת נעליים+ספוג חום,,0.00,,false,,5.00,0.0000,true,1,132525
8710448530176,true,"רוטב ברבקיו 250 מ""ל",,,"רוטב ברבקיו 250 מ""ל",,0.00,,false,,9.90,0.0000,true,1,140195
8710448530312,true,מיונז לחיץ קטן 300 מ,,,מיונז לחיץ קטן 300 מ,,0.00,,false,,10.90,0.0000,true,1,140196
8710496976940,true,פיצפוצי שוקולד מריר,,,פיצפוצי שוקולד מריר,,0.00,,false,,19.90,0.0000,true,1,140199
8710496976964,true,פיצפוצי שוקולד חלב א,,,פיצפוצי שוקולד חלב א,,0.00,,false,,19.90,0.0000,true,1,140200
8710502279010,false,מרבה עוגיות שוקולד צ'יפס מצופות שוקולד 175 גרם,"י.מרבה ישראל בע""מ",,עוגיות שוקולד צ'יפס,גרמים,175.00,100 גרם,false,,9.90,0.0566,true,1,150103
8710800961310,true,מנטוס תות 1/4,,,מנטוס תות 1/4,,0.00,,false,,10.90,0.0000,true,1,139075
8710908250996,true,רקסונה מן ספריי אקסט,,,רקסונה מן ספריי אקסט,,0.00,,false,,11.90,0.0000,true,1,144304
8711281023344,true,חרדל הולנדי חלק 335,,,חרדל הולנדי חלק 335,,0.00,,false,,12.90,0.0000,true,1,140202
8711327475618,false,מגנום פיינט וניל קלאסיק 260 גר`,"מפעל גלידות בווספרם, רחו",,מגנום פיינט וניל קלא,גרמים,260.00,100 גרם,false,,20.90,0.0804,true,1,150689
8715700416021,true,ממרח סנדויץ מלפפונים,,,ממרח סנדויץ מלפפונים,,0.00,,false,,16.90,0.0000,true,1,140205
8715700421056,true,ממרח סנדביץ פיקנטי 3,,,ממרח סנדביץ פיקנטי 3,,0.00,,false,,16.90,0.0000,true,1,140206
<<<<<<< HEAD
8717163647226,false,"אקס דאודורנט ספריי גוף בלאק 150 מ""ל",ארנסט. רחוב קומבינצק,,דאודורנט ספריי גוף ל,מיליליטרים,150.00,"100 מ""ל",false,,15.90,0.1060,true,1,143532
8717677336593,false,טוניס שוקולד חלב 180 גרם רבנות - נוכרי,טוניס/שוקולונלי,,שוקולד חלב טוניס 180,גרמים,180.00,100 גרם,false,,19.90,0.1106,true,1,154180
8717677336654,false,טוניס - שוקולד חלב מעולה עם שברי קרמל מלוח,טוניס/שוקולונלי,,שוקולד חלב מעולה עם,גרמים,180.00,100 גרם,false,,19.90,0.1106,true,1,156970
8718951190160,true,אג'קס ניקוי כללי בוס,,,אג'קס ניקוי כללי בוס,,0.00,,false,,10.90,0.0000,true,1,140973
8723400756552,true,מנטוס ריינבואו 1/4,,,מנטוס ריינבואו 1/4,,0.00,,false,,10.90,0.0000,true,1,139076
8801055707966,false,קפה טייסטר צו'יס נס קפה בריסטה 180ג',נסטלה קוריאה - קפה,,טייסטרס צ'וייס בריסט,גרמים,180.00,100 גרם,false,,31.90,0.1772,true,1,143728
=======
8717677336593,false,טוניס שוקולד חלב 180 גרם רבנות - נוכרי,ליימן שליסל בע`מ,,שוקולד חלב טוניס 180,גרמים,180.00,100 גרם,false,,19.90,0.1106,true,1,154180
8717677336654,false,טוניס - שוקולד חלב מעולה עם שברי קרמל מלוח,ליימן שליסל בע`מ,,שוקולד חלב מעולה עם,גרמים,180.00,100 גרם,false,,19.90,0.1106,true,1,156970
8718951190160,true,אג'קס ניקוי כללי בוס,,,אג'קס ניקוי כללי בוס,,0.00,,false,,10.90,0.0000,true,1,140973
8723400756552,true,מנטוס ריינבואו 1/4,,,מנטוס ריינבואו 1/4,,0.00,,false,,10.90,0.0000,true,1,139076
8801055707966,false,קפה טייסטרס צ`ויס בריסטה נסקפה (180 גרם),קבוצת אוסם סחר שותפות מוגבלת,,טייסטרס צ'וייס בריסט,גרמים,180.00,100 גרם,false,,31.90,0.1772,true,1,143728
>>>>>>> d048ac2f4f281c9d788043ab4e81b61b0dbe3743
8850006332405,true,קולגייט מברשת סלים ס,,,קולגייט מברשת סלים ס,,0.00,,false,,21.90,0.0000,true,1,140975
8850389103111,false,סאפי משקה אלוורה בטעם ענבים 300מל,פארייפאבה אגרואינדוס,,סאפה אלוורה בטעם ענב,מיליליטרים,300.00,"100 מ""ל",false,,9.00,0.0300,true,1,137595
8850389105825,false,משקה אלוורה בטעם ענבים סאפה 1 ליטר,סאפה פובליק קומפני לימיט,,סאפה אלוורה ענבים 1,מיליליטרים,1000.00,"100 מ""ל",false,,14.40,0.0144,true,1,136611
8850389105832,false,סאפה משקה אלוורה בטעם תפוח עם קוביות אלוורה 1 ליטר,סאפה פובליק קומפני לימיט,,סאפה אלוורה תפוחים 1,מיליליטרים,1000.00,"100 מ""ל",false,,14.40,0.0144,true,1,136612
8850389105849,false,סאפה משקה אלוורה מופחת קלוריות בטעם אפרסק 1 ליטר,סאפה פובליק קומפני לימיט,,סאפה אלוורה בטעם אפר,מיליליטרים,1000.00,"100 מ""ל",false,,14.40,0.0144,true,1,139364
8850389115312,false,"סאפה אלוורה מלון בקבוק 300 מ""ל",סאפה פובליק קומפני ל,,סאפה מלון בקבוק 300,מיליליטרים,300.00,"100 מ""ל",false,,9.00,0.0300,true,1,138906
8850632604259,false,"יוגטה, חיספוסים, ממתק חמוץ בצורת מקלות בטעם תות שדה,50 גרם",ליימן שליסל בע`מ,,חיספוסים מקלות בטעם,גרמים,50.00,100 גרם,false,,5.30,0.1060,true,1,134816
8850632604266,false,"יוגטה, ממתק חמוץ בצורת מקלות בטעם קולה, 50 גרם",ליימן שליסל בע`מ,,חיספוסים מקלות בטעם,גרמים,50.00,100 גרם,false,,5.30,0.1060,true,1,134817
8850632604372,false,"יוגטה, חיספוסים בצורת שטיח בטעם תות שדה 50 גרם",ליימן שליסל בע`מ,,חיספוסים רצועות תות,גרמים,50.00,100 גרם,false,,5.30,0.1060,true,1,139268
8850632604402,false,יוגטה חיספוסים בטעם מעורב תות שדה אבטיח ענבים בננה 50 גרם,ליימן שליסל בע`מ,,חיספוסים רצועות בטעם,גרמים,50.00,100 גרם,false,,5.30,0.1060,true,1,134818
8850632605201,false,"יוגטה, חיספוסים, ממתק חמוץ בצורת שטיח, בטעם מעורב- תות בננה, תפוח, תפוז, 50 גרם",הדקלאים אגודת שיתופי,,חיספוסים רצועות בטעם,גרמים,50.00,100 גרם,false,,4.90,0.0980,true,1,139269
8850632606390,false,"יוגטה, חיספוסים, ממתק חמוץ בצורת שטיח בטעם אבטיח, 50 גרם",ליימן שליסל בע`מ,,חיספוסים ממתק חמוץ ב,גרמים,50.00,100 גרם,false,,4.90,0.0980,true,1,139271
8858671530027,true,מפעל-פנקו פירורי לחם,,,מפעל-פנקו פירורי לחם,,0.00,,false,,0.00,0.0000,true,1,134901
8888021200126,true,סוללות,,,סוללות,,0.00,,false,,13.00,0.0000,true,1,140422
8888021200164,true,סוללות אנרגייזר אלקל,,,סוללות אנרגייזר אלקל,,0.00,,false,,13.00,0.0000,true,1,140423
8888111555017,true,"מיץ אננס 240 100% מ""",,,"מיץ אננס 240 100% מ""",,0.00,,false,,6.00,0.0000,true,1,134609
8908004415184,true,חמאת בוטנים 227 גרם,,,חמאת בוטנים 227 גרם,,0.00,,false,,5.00,0.0000,true,1,132371
8935236000031,true,מברשת שיניים קולגייט,,,מברשת שיניים קולגייט,,0.00,,false,,2.90,0.0000,true,1,142180
9002975393812,false,סוכריות גילי הריבו האפי צירי 70 גרם,"האריבו , ג'\י.אם.בי.אייץ",,סוכריות הריבו האפי צ,גרמים,70.00,100 גרם,false,,6.90,0.0986,true,1,155427
9002975393836,false,סוכריות גילי הריבו האפי קולה 70 גרם,"האריבו , ג'\י.אם.בי.אייץ",,סוכריות הריבו קולה 7,גרמים,70.00,100 גרם,false,,6.90,0.0986,true,1,153706
9002975393843,false,סוכריות גילי הריבו גולדברס 70 גרם,"האריבו , ג'\י.אם.בי.אייץ",,סוכריות הריבו גולדבר,גרמים,70.00,100 גרם,false,,6.90,0.0986,true,1,153707
<<<<<<< HEAD
9120097310583,false,חטיף שוקו בננה מיניונים מצונן 108 גרם,בובארד איטליה אס.פי.,,חטיף שוקו בננה מיניו,גרמים,108.00,100 גרם,false,,15.90,0.1472,true,1,157371
=======
9120097310583,false,חטיף שוקו בננה מיניונים מצונן 108 גרם,ג.וילי-פוד אינטרנשיונל **גבינו,,חטיף שוקו בננה מיניו,גרמים,108.00,100 גרם,false,,15.90,0.1472,true,1,157371
>>>>>>> d048ac2f4f281c9d788043ab4e81b61b0dbe3743
9999999999999,true,פריט כללי קובץ 100,,,פריט כללי קובץ 100,,0.00,,false,,0.00,0.0000,true,1,134625
